1929 3056
189 151 240 181 351

777 153 806 180 S.
827 150 1059 180 ATHANASIUS.
1077 165 1112 171 —-
1130 149 1244 177 DUBIA.

1759 147 1816 176 552

190 218 310 246 namque
326 210 452 238 voluntas
469 209 518 238 Dei
533 213 594 244 est;
623 209 762 246 prophetis
785 214 813 238 et
839 209 966 238 universa

1023 208 1071 234 τοῦ
1086 207 1154 233 Θεοῦ
1170 207 1227 233 ἐστι
1243 215 1248 220 ·
1263 207 1319 236 τοῖς
1335 214 1363 232 τε
1379 205 1529 241 προφήταις
1549 204 1596 231 καὶ
1610 205 1683 241 πάσῃ
1696 206 1728 240 τῇ
1749 205 1813 240 θείᾳ.

189 255 290 284 divinae
309 255 469 291 Scriptura,
492 256 560 284 illud
588 257 762 292 potissimum
782 260 841 284 erat
867 264 974 283 annun-

188 302 323 329 tiandum.
335 302 404 330 Huic
419 306 510 330 autem
520 303 620 330 divinae
631 303 793 335 narrationi,
805 310 974 337 consequen-

189 355 230 377 ter
245 349 374 378 addidere
388 358 531 378 sermones
547 351 582 379 de
606 351 733 386 gentibus
748 350 905 385 Babylonis.
922 349 974 376 Da-

189 396 286 429 masci,
303 395 393 430 Moab.
412 397 593 432 aliorumque.
609 397 697 431 Atque
718 397 745 423 in
765 396 880 431 singulis
898 394 972 422 Scri-

189 442 276 477 pturis
295 446 442 476 peccantes
465 443 620 478 increpant,
643 447 802 477 peccatores
827 442 972 468 hortantur

187 487 222 514 ad
239 488 438 523 pmnitentiam,
453 489 653 517 comminantes
671 489 792 519 futurum
814 488 885 523 ignis
898 487 970 522 judi-

187 534 269 562 cium.
284 535 351 562 Aliae
362 535 445 571 igitur
456 536 604 570 Scriptura:
617 536 809 570 praenuntiant,
826 539 854 562 ut
866 535 972 570 Moyses

187 587 250 607 cum
275 581 338 608 ait:
359 589 368 606 ε
385 580 548 617 Prophetam
579 582 657 609 vobis
685 583 816 609 excitabit
839 581 970 609 Dominus

186 623 258 652 Deus
287 629 382 653 noster
405 634 438 653 ex
468 625 599 654 fratribus
616 628 729 659 nostris,
749 628 820 655 sicut
841 635 884 655 me
903 627 938 655 ’°.
957 637 967 654 ι

187 669 354 698 lsaias‘vero
368 679 374 695 :
395 680 404 696 ι
425 671 496 699 Ecce
511 671 593 708 Virgo
610 673 638 699 in
662 676 740 700 utero
756 673 866 700 habebit
879 677 906 700 et
920 681 969 708 pa-

187 715 240 742 riet
253 715 337 742 ﬁlium
348 716 380 744 ³¹.
397 727 406 743 ι
423 717 547 745 lilichazas
561 724 650 745 autem
667 728 673 746 ε
692 728 702 743 ι
725 718 782 746 Erit
806 719 833 745 in
852 718 970 746 novissi-

186 761 239 788 mis
251 761 347 789 diehus
362 763 477 790 illustris
494 771 573 791 mons
588 764 692 791 Domini
702 765 736 792 υ.
753 774 762 790 ι
781 764 813 791 Et
825 765 896 791 alius
915 764 969 791 alio

186 807 278 837 modo.
296 809 447 836 secundum
478 809 596 844 Spiritus
622 811 748 845 gratiam,
770 811 902 846 praedicit.
920 810 968 837 llis

186 857 277 880 autem
290 855 417 882 omnibus
441 855 624 890 loquentibus,
643 857 853 891 exspectabatur
879 857 968 884 adhuc

187 898 234 932 qui
250 900 449 934 prmnuntiatus
466 902 516 928 fuit
543 902 686 930 Dominus.
702 903 874 938 Quapropter
890 904 969 931 multi

187 952 249 971 eum
266 947 506 980 praenuntiabant:
523 952 551 975 et
575 949 661 976 donec
673 950 756 980 venit.
775 951 969 985 prophetantes

185 998 239 1017 non
256 999 408 1020 cessavere.
425 993 455 1020 Et
471 994 527 1022 haec
541 995 632 1022 omnia
650 1000 714 1022 sunt
735 998 852 1023 cantica.
877 997 970 1023 Cauti—

184 1045 246 1065 cum
266 1047 329 1066 vero
347 1040 528 1074 canticorum,
555 1050 642 1076 neque
664 1043 856 1077 prophetaudi,
882 1051 969 1078 neque

183 1087 385 1119 prmnuntiandi
414 1087 494 1114 tnodo
523 1089 656 1123 scriptum
673 1093 714 1116 est
730 1097 737 1115 :
752 1090 801 1117 sed
825 1098 905 1124 quem
923 1090 968 1117 alii

184 1132 414 1166 przenuntiarunt,
443 1141 505 1160 eum
535 1135 613 1168 quasi
638 1135 694 1169 jam
724 1136 840 1168 venerit,
857 1140 883 1163 et
911 1136 968 1171 jam

184 1184 294 1204 carnem
312 1180 502 1213 assumpserit,
514 1180 642 1207 ostendit.
656 1180 746 1213 Quare
760 1183 838 1216 quasi
854 1182 881 1209 in
903 1190 969 1210 con-

180 1222 258 1258 jugio
281 1223 362 1250 Verbi
388 1228 415 1251 ct
440 1225 542 1257 carnis,
563 1227 768 1261 epithalamium
798 1229 870 1255 canit
898 1229 969 1256 Can-

182 1269 267 1296 ticum
289 1270 471 1298 canticorum.
488 1271 520 1297 Et
547 1272 606 1299 alite
622 1273 731 1307 quidem
761 1273 909 1310 Scripturte
935 1278 968 1303 de

184 1315 326 1343 Salvatore
363 1317 529 1352 loquuntur,
555 1323 583 1345 et
621 1320 724 1347 interea
755 1322 808 1348 alia
843 1323 969 1357 quredam'

183 1363 368 1390 annuntiant:
388 1364 432 1391 hic
466 1372 531 1392 vero
562 1365 631 1393 liber
664 1367 819 1403 conjugium
859 1373 966 1396 tantum

181 1405 264 1435 Verbi
289 1413 315 1436 et
339 1410 431 1438 carnis
455 1412 539 1438 canit.
557 1411 738 1444 Quamobrem
765 1415 792 1441 in
830 1416 891 1443 aliis
906 1417 967 1451 qui-

181 1454 242 1481 dem
259 1454 421 1490 Scripturis,
446 1458 509 1491 quia
534 1458 587 1484 alia
614 1459 737 1494 quaedam
768 1461 965 1496 signiﬁcantur,

181 1501 378 1536 indignationis
393 1507 420 1530 et
435 1504 481 1531 iraa
493 1512 634 1533 sermones
647 1513 678 1533 ac
690 1506 874 1535 formidabiles
887 1509 967 1536 minax

178 1547 275 1574 insunt
293 1556 299 1573 :
319 1556 439 1584 prazsens
466 1559 530 1578 vero
554 1552 634 1584 liber,
648 1553 776 1587 quoniam
792 1554 859 1581 nihil
880 1555 964 1588 aliud,

180 1599 261 1626 quam
293 1592 374 1620 Verbi
406 1596 579 1629 praesentiam
611 1598 757 1632 signiﬁcat,
786 1599 965 1633 jucunditatis

181 1640 297 1669 tantum,
311 1639 404 1673 gaudii
425 1647 456 1666 ac
480 1641 581 1668 laetitiae
596 1649 738 1670 sermones
754 1644 842 1671 habet.
859 1644 967 1680 Sponso

179 1683 315 1717 siquidem
327 1690 472 1719 praesente,
485 1695 580 1715 omnes
591 1688 674 1715 laetari
691 1690 829 1723 convenit,
844 1699 894 1718 nec
908 1692 966 1718 cui-

180 1737 261 1764 quam
282 1730 428 1764 lugentium
442 1737 484 1759 est
499 1741 505 1758 :
523 1734 595 1760 sicut
609 1739 636 1762 et
656 1735 713 1769 ipse
741 1736 872 1765 Dominus
887 1738 964 1766 dixit.

180 1773 285 1801 Etenim
302 1776 360 1810 ipse
380 1785 500 1811 praesens
522 1778 695 1808 inﬁrmitates
713 1787 820 1810 nostras
836 1785 964 1818 portavit,

181 1825 208 1848 et
227 1823 373 1850 moestitias
397 1825 480 1851 vertit
509 1826 538 1852 iu
566 1827 706 1860 gaudium.
732 1828 965 1861 Quemadmodum

184 1867 266 1902 igitur
281 1872 341 1903 post
354 1868 504 1897 Salvatoris
515 1870 759 1906 dispensationem,
774 1875 877 1902 nullum
905 1884 965 1903 am-

182 1913 255 1948 plius
269 1914 428 1949 prophetam
443 1920 644 1950 exspectamus,
657 1918 694 1944 ita
709 1923 771 1953 post
785 1919 842 1954 illa,
859 1929 918 1955 quae
937 1922 965 1949 in

181 1959 234 1987 hoc
248 1960 417 1987 canticorum
446 1962 560 1989 Cantico
577 1963 730 1998 signiﬁcata
756 1970 830 1999 sunt,
848 1975 903 1994 non
921 1972 965 1995 est

182 2004 266 2036 aliud.
280 2005 352 2040 quod
365 2007 502 2034 recentius
518 2008 619 2043 aliquid
634 2010 780 2045 signiﬁcet,
803 2017 965 2047 exspectan-

179 2051 254 2078 dum.
270 2051 376 2079 Etenim
397 2060 458 2088 quae
480 2053 508 2080 in
541 2055 592 2082 hoc
619 2055 734 2083 Cautico
765 2058 963 2094 signiﬁcantur,

180 2098 273 2125 eadem
289 2103 316 2125 et
328 2099 355 2125 in
374 2099 513 2134 prophetis
529 2105 556 2127 et
575 2101 636 2129 aliis
657 2101 807 2138 Scripturis
825 2105 965 2139 periuter—

985 890 1005 917 Β

179 2144 249 2171 valla
265 2145 336 2172 dicta
347 2145 600 2180 deprehenduntur.
614 2147 720 2176 Rursus
735 2151 964 2185 quemadmodum

179 2190 285 2226 Agnum
300 2191 346 2219 Dei
357 2191 478 2221 Joannes
493 2194 622 2226 ostendit,
633 2199 715 2229 atque
731 2196 763 2223 ad
773 2196 905 2225 Joannem
914 2207 963 2227 us-

178 2245 231 2273 que
246 2238 287 2264 lex
311 2244 352 2266 est
364 2243 394 2294 et
413 2239 567 2294 prophetae;
581 2241 618 2267 ita
633 2249 693 2276 quae
720 2244 747 2270 in
771 2243 884 2273 Cantico
897 2254 962 2274 can-
979 2250 1000 2277 D

177 2283 294 2310 ticorum
317 2284 394 2319 123
411 2285 611 2320 significantur,
627 2287 690 2315 linis
705 2294 768 2315 sunt
784 2291 904 2318 omnium
917 2300 962 2319 eo-

177 2336 250 2361 rum,
264 2338 324 2365 qute
339 2331 365 2357 in
382 2332 509 2359 universa
526 2331 668 2368 Scriptura
681 2334 879 2370 signiﬁcantur.
892 2338 962 2371 Quid

178 2377 250 2403 enim
267 2377 339 2404 aliud
365 2382 426 2413 post
451 2378 553 2407 Christi
583 2379 730 2408 adventum
749 2385 961 2418 exspectandum

177 2426 230 2454 est,
246 2431 326 2458 quam
345 2424 477 2458 judicium
493 2431 519 2452 et
533 2426 693 2454 retributio?
717 2427 863 2464 Propterea
880 2431 962 2458 Cata-

178 2467 294 2503 phryges
319 2470 464 2504 prophetas
495 2475 558 2505 post
585 2470 729 2499 Dominum
757 2475 962 2504 introducentes

179 2514 318 2548 falluntur,
332 2519 413 2550 atque
429 2516 490 2543 ideo
505 2521 634 2552 tanquam
650 2519 769 2547 haretici
788 2522 961 2549 condemnati

178 2565 250 2587 sunt.
267 2561 410 2588 Canticum
428 2562 511 2597 igitur
532 2568 574 2590 est
602 2565 770 2592 canticorum
785 2576 792 2593 :
813 2567 876 2601 quia
894 2569 962 2596 nihil

179 2607 251 2634 aliud
266 2611 329 2641 post
339 2615 380 2639 ea,
393 2616 453 2643 quin
465 2609 509 2637 hic
523 2614 668 2643 canuntur,
679 2613 891 2646 exspectandum
907 2619 958 2642 est.

178 2651 212 2679 Et
221 2653 292 2680 sicut
307 2654 335 2680 in
348 2654 414 2690 lege,
427 2655 526 2682 Sancta
537 2661 625 2690 erant,
643 2663 670 2684 et
682 2662 743 2692 post
762 2658 872 2692 Sancta,
890 2660 960 2688 San-

179 2703 223 2725 cta
239 2703 408 2732 sanctorum,
429 2707 490 2735 post
506 2701 604 2729 Sancta
623 2711 687 2731 vero
713 2709 881 2739 sanctorum,
900 2707 961 2733 uul~

178 2743 223 2772 lus
245 2745 315 2772 alius
339 2745 452 2773 interior
477 2747 552 2775 locus
572 2748 789 2784 habebatur;ita
810 2755 872 2786 post
887 2752 959 2780 Can—

179 2789 243 2823 tica,
274 2790 417 2820 Canticum
444 2798 486 2821 est
510 2795 698 2830 canticorum,
729 2802 791 2832 post
816 2799 960 2826 Canticum

217 2871 240 2889 ³⁸
259 2876 338 2902 Deut.
355 2875 487 2911 “111,15.
526 2876 547 2892 ³¹
568 2876 619 2906 lsa.
637 2887 684 2913 vu,
705 2879 747 2907 M.
786 2880 808 2897 "
828 2880 909 2909 Mich.
928 2889 965 2915 ιν,
985 2882 1008 2910 i.

1025 253 1120 288 Γραφῇ
1135 251 1214 278 τοῦτο
1230 250 1434 287 προηγούμενον
1451 248 1484 285 ἦν
1507 250 1697 284 ἀπαγγέλλειν.
1714 251 1812 286 Παρα-

1025 299 1216 334 κολουθήματα
1233 297 1260 323 δὲ
1275 297 1313 332 τῷ
1330 296 1393 332 Θείῳ
1407 297 1555 331 διηγήματι
1570 297 1656 331 τούτῳ
1671 296 1811 323 ποιοῦνται

1024 345 1119 379 λόγους
1138 344 1200 380 περὶ
1215 343 1269 370 τῶν
1292 342 1375 370 ἐθνῶν
1392 342 1560 374 Βαϐυλῶνος,
1583 342 1631 377 τῆς
1650 341 1810 376 Δαμασκοῦ,

1024 389 1121 421 Μωὰϐ,
1139 389 1186 416 καὶ
1199 389 1254 415 τῶν
1269 387 1365 414 ἄλλων.
1380 388 1434 414 Καὶ
1447 387 1480 414 δι’
1495 387 1612 422 ἑκάστης
1628 387 1736 422 Γραφῆς
1752 388 1809 418 τοῖς

1025 435 1073 470 μὲν
1087 435 1289 470 ἁμαρτάνουσιν
1305 432 1450 468 ἐπιτιμῶσι
1459 441 1465 448 ’
1483 433 1546 464 τοὺς
1559 432 1588 459 δὲ
1602 431 1809 468 προληφθέντας

1023 481 1220 516 προτρέπονται
1239 481 1388 516 μετανοεῖν,
1402 477 1575 510 ἀπειλοῦντες
1590 478 1638 513 τὴν
1659 477 1808 513 μέλλουσαν

1022 527 1067 554 τοῦ
1091 527 1176 563 πυρὸς
1191 527 1291 562 κρίσιν.
1314 527 1346 553 At
1365 526 1412 561 μὲν
1425 524 1471 552 οὖν
1487 525 1564 552 ἄλλαι
1582 525 1688 560 Γραφαὶ
1708 525 1809 560 προλέ-

1021 581 1124 607 γουσιν,
1144 570 1199 598 οἷον
1214 571 1314 606 Μωσῆς
1330 571 1394 606 μέν·
1416 581 1423 596 ι
1441 571 1585 606 Προφήτην
1604 570 1667 605 ὑμῖν
1688 570 1808 605 ἀναστή-

1022 625 1073 647 σει.
1090 627 1098 642 ι
1115 617 1211 650 λέγων,
1231 627 1239 642 t
1255 617 1356 652 Κύριος
1368 617 1382 642 ό
1401 616 1464 647 Θεὸς
1479 615 1555 650 ἡμῶν
1571 616 1604 642 ὲκ
1615 615 1668 642 τῶν
1684 615 1808 650 ἀδελφῶν

1021 663 1107 698 ἡμῶν,
1121 663 1158 694 ὼς
1174 663 1236 697 ἐμέ·
1259 672 1268 688 ι
1289 662 1401 693 Ἡσαΐας
1415 661 1459 688 δέ·
1480 670 1488 687 t
1508 661 1604 696 Ίδοὺὴ
1625 661 1807 704 Παρθένοςήὲν

1020 709 1117 744 γαστρὶ
1133 708 1197 741 ἕξει,
1212 708 1258 734 καὶ
1272 707 1377 739 τέξεται
1394 707 1449 733 υῐόν
1460 715 1466 721 ·
1489 717 1497 732 ι
1513 707 1527 732 ὀ
1543 706 1571 732 δὲ
1583 707 1718 741 Μιχαίας·
1740 716 1749 732 ι
1761 707 1807 733 Ἑν

1020 755 1079 785 ταῖς
1102 754 1230 789 ἐσχάταις
1252 753 1370 789 ἡμέραις
1390 752 1510 788 ἐμφανὲς
1534 753 1609 779 ἔσται
1626 753 1656 779 τὸ
1669 753 1730 788 ὗρος
1746 753 1806 778 Κυ-

1021 799 1095 834 ρίοψ
1118 809 1127 824 ι
1153 800 1199 826 καὶ
1217 799 1295 831 ἄλλος
1321 799 1407 830 ἄλλως
1432 799 1567 833 προλέγει,
1591 798 1662 825 κατὰ
1685 799 1734 834 τὴν
1756 799 1805 825 τοῦ

1020 845 1088 871 Πνεύ
1093 853 1177 880 ματος
1189 846 1278 881 χάριν.
1292 845 1400 871 Τούτων
1413 845 1440 871 δὲ
1458 846 1563 872 πάντων
1575 845 1706 878 λεγόντων
1719 853 1805 880 προσ-

1020 889 1130 915 εδοκᾶτο
1141 891 1154 915 ό
1165 889 1399 925 ἁπαγγελλόμενος
1413 890 1523 925 Κύριος.
1536 890 1584 916 Διὰ
1597 889 1674 915 τοῦτο
1687 889 1732 916 καὶ
1743 889 1807 915 πολ-

1022 934 1062 961 λοὶ
1084 935 1270 970 ἀπήγγελλον
1296 936 1341 961 καὶ
1362 936 1413 967 ἕως
1439 933 1530 970 ἦλθεν,
1553 935 1602 961 οὐκ
1624 934 1754 961 ἐπαύοντο
1779 935 1805 961 οἱ

1021 981 1248 1016 προφητεύοντες.
1270 981 1325 1008 Καὶ
1340 980 1397 1007 ἔστι
1417 980 1505 1007 ταῦτα
1527 981 1616 1008 πάντα
1629 980 1748 1016 ᾄσματα.
1767 980 1805 1006 Τὸ

1019 1026 1047 1052 δὲ
1066 1025 1163 1062 τᾼσμα
1186 1027 1238 1053 τῶν
1253 1027 1380 1062 ᾀσμάτων
1397 1027 1446 1062 οὐχ
1467 1027 1503 1059 ὡς
1527 1026 1694 1062 προερητεῦόν
1718 1027 1804 1059 ἐστιν,

1019 1072 1079 1098 οὐδὲ
1097 1073 1135 1103 ὡς
1158 1074 1361 1108 προσημαῖνον·
1384 1072 1452 1099 ἀλλὰ
1473 1073 1501 1098 ὃν
1519 1073 1590 1099 ἄλλοι
1613 1072 1806 1108 προαπὴγγελ-

1019 1116 1074 1147 λον,
1092 1116 1185 1143 τοῦτον
1204 1116 1241 1148 ὡς
1257 1117 1309 1152 ἤδη
1330 1117 1440 1143 ἐλθόντα
1455 1117 1584 1148 δείκνυσι,
1605 1117 1652 1143 καὶ
1668 1117 1718 1152 ἠδη
1737 1117 1805 1142 ἁνα-

1018 1162 1131 1188 λαόόντα
1148 1162 1197 1197 τὴν
1213 1163 1300 1199 σάρκα
1310 1171 1316 1177 ·
1334 1163 1373 1189 διὸ
1387 1163 1433 1189 καὶ
1448 1162 1484 1194 ὡς
1501 1163 1546 1189 ἐπὶ
1566 1162 1679 1197 συζυγίᾳ
1692 1161 1738 1188 τοῦ
1752 1162 1804 1188 Λό-

1018 1217 1066 1242 γου
1084 1209 1130 1234 καὶ
1144 1209 1193 1244 τῆς
1215 1209 1314 1245 σαρκὸς
1330 1209 1508 1244 ἐπιθαλάμιον
1526 1209 1583 1244 ᾄδει
1598 1208 1629 1234 τὸ
1641 1206 1734 1244 *ᾼσμα
1749 1208 1804 1234 τῶν

1019 1254 1158 1289 ᾀσμάτων.
1173 1255 1227 1282 Καὶ
1241 1256 1268 1282 αἱ
1287 1256 1335 1290 μὲν
1350 1255 1426 1282 ἄλλαι
1436 1255 1543 1291 Γραφαὶ
1557 1255 1664 1289 λέγουσι
1681 1254 1804 1290 περὶτοῦ

1018 1300 1154 1335 Σωτῆρος,
1175 1301 1275 1335 μεταξὺ
1294 1301 1322 1328 δὲ
1339 1302 1385 1328 καὶ
1399 1302 1470 1337 περὶ
1477 1301 1562 1328 ἄλλων
1577 1301 1656 1328 τινῶν
1671 1301 1806 1335 ἀπαγγέλ-

1018 1345 1092 1371 λουσι
1103 1354 1109 1360 ·
1123 1345 1153 1371 τὸ
1163 1345 1190 1371 δὲ
1207 1345 1307 1380 βιϐλίον
1320 1346 1399 1373 τοῦτο
1415 1346 1499 1381 μόνην
1514 1346 1561 1381 τὴν
1575 1346 1621 1372 τοῦ
1638 1346 1723 1380 Λόγου
1735 1345 1804 1381 πρὸς

1017 1390 1048 1415 τὸ
1063 1390 1141 1425 σῶμα
1162 1391 1289 1425 συζυγίαν
1309 1391 1376 1426 ᾄδει.
1393 1392 1437 1418 Διὸ
1457 1392 1503 1418 xui.
1519 1392 1547 1417 ὲν
1571 1391 1620 1427 μὲν
1637 1393 1695 1423 ταῖς
1711 1391 1805 1424 ἄλλαις

1018 1436 1139 1471 Γραφαῐς
1157 1436 1200 1463 διὰ
1221 1437 1255 1463 τὰ
1279 1437 1380 1472 μεταξὺ
1401 1437 1552 1472 δηλούμενα
1577 1437 1630 1463 εἰσὶ
1655 1438 1701 1463 καὶ
1717 1436 1804 1472 Θυμοῦ

1019 1481 1065 1507 καὶ
1082 1481 1166 1517 όργῆς
1187 1481 1270 1516 λόγοι,
1293 1483 1338 1508 καὶ
1362 1482 1451 1516 φόὸων
1470 1481 1596 1508 ἀπειλαί·
1623 1483 1638 1517 ἡ
1662 1482 1690 1508 δὲ
1714 1482 1805 1517 βίϐλος

1019 1527 1097 1563 αὕτη,
1115 1527 1208 1564 ἐπειδὴ
1225 1527 1298 1554 οὐδὲν
1319 1528 1410 1564 ἕτερον
1433 1528 1448 1563 ἢ
1473 1528 1522 1562 τὴν
1546 1528 1696 1563 παρουσίαν
1720 1528 1805 1564 μόνην

979 1578 1000 1606 C
1017 1574 1063 1601 τοῦ
1085 1575 1170 1609 Λόγου
1196 1575 1332 1611 σημαίνει,
1356 1575 1489 1610 Ουμηδίας
1510 1575 1557 1601 καὶ
1580 1576 1677 1611 χαρᾶς,
1694 1576 1741 1602 καὶ.
1760 1575 1805 1601 εὗ-

1018 1620 1154 1656 φροσύνης
1171 1621 1253 1656 μόνης
1266 1621 1321 1656 ἔχει
1336 1621 1439 1655 λόγους.
1451 1621 1576 1656 Νυμφίου
1590 1621 1644 1656 γὰρ
1660 1620 1802 1656 παρόντος,

1018 1667 1121 1698 πάντας
1140 1667 1244 1702 χαίρειν
1270 1667 1413 1703 προσήκει,
1435 1667 1482 1694 καὶ
1501 1667 1602 1702 μηδένα
1626 1666 1746 1698 πενθεῖν,
1765 1666 1804 1698 ὡς

1017 1710 1096 1742 αὐτὸς
1108 1711 1121 1737 ὁ
1133 1710 1234 1746 Κύριος
1251 1711 1371 1747 εἴρηκεν.
1385 1712 1470 1743 Αὐτὸς
1485 1711 1538 1747 γὰρ
1556 1710 1650 1747 παρὼν
1665 1711 1712 1743 τὰς
1726 1711 1805 1738 ἀσθεε

1016 1756 1090 1788 νείας
1108 1757 1187 1792 ήμῶν
1206 1757 1351 1789 ἐϐάστασε,
1369 1758 1415 1784 καὶ
1436 1757 1484 1789 τὰς
1501 1757 1589 1788 λύπας
1609 1757 1739 1793 ἔστρεψεν
1763 1758 1804 1788 εἰς

1016 1802 1111 1837 χαράν.
1127 1803 1231 1838 ’Ὠσπερ
1243 1800 1288 1830 οὖν
1307 1804 1375 1838 μετὰ
1392 1803 1440 1838 τὴν
1455 1803 1609 1838 οἰκονομίαν
1626 1802 1673 1838 τὴν
1687 1803 1733 1829 τοῦ
1747 1803 1804 1829 Σω-

1016 1848 1096 1883 τῆρος
1109 1849 1158 1875 οὐκ
1176 1848 1215 1875 ἔτι,
1241 1850 1384 1884 προφήτην
1407 1848 1608 1885 προσδοκῶμεν,
1625 1848 1710 1879 οὕτως
1734 1849 1804 1884 μετὰ

1015 1893 1049 1920 τὰ
1072 1894 1101 1920 ὲν
1123 1893 1161 1929 τῷ
1176 1894 1296 1930 ’ᾼσματι
1315 1894 1369 1921 τῶν
1393 1895 1520 1931 ᾀσμάτων
1542 1895 1728 1930 σημαινόμενα
1752 1895 1803 1922 οὐκ

1015 1938 1086 1965 ἔστιν
1110 1939 1173 1966 ἄλλο
1197 1949 1221 1967 τι
1245 1941 1401 1976 καινότερον
1425 1941 1576 1978 προσδοκᾷν
1593 1941 1801 1976 σημαινόμενον.

1015 1986 1069 2012 Καὶ
1085 1985 1138 2022 γὰρ
1153 1986 1187 2013 τὰ
1201 1987 1228 2013 ἐν
1244 1987 1282 2022 τῷ
1295 1988 1414 2022 ᾋσματι
1431 1987 1627 2022 σημαινόμενα,
1645 1987 1731 2014 ταῦτα
1755 1988 1803 2014 καὶ

1015 2029 1044 2056 ὲν
1058 2032 1112 2061 τοῖς
1125 2031 1277 2066 προφήταις
1289 2031 1335 2057 καὶ
1348 2032 1376 2057 ὲν
1395 2031 1454 2062 ταῖς
1468 2031 1560 2062 ἄλλαις
1572 2032 1692 2068 Γραφαῖς
1703 2032 1734 2058 ἐκ
1748 2031 1803 2058 δια-

1016 2076 1158 2111 στημάτων
1174 2076 1306 2111 λεγόμενα
1322 2077 1487 2112 εὑρίσκεται.
1503 2077 1587 2104 Πάλιν
1599 2086 1629 2103 τε
1645 2077 1737 2112 ὥσπερ
1752 2077 1803 2103 δει-

1015 2120 1125 2153 κνύντος
1135 2121 1181 2147 τοῦ
1191 2121 1312 2148 Ἰωάννου
1327 2122 1371 2148 τὸν
1383 2121 1489 2156 ’Λμνὺν,
1501 2121 1680 2153 ἓωςἽωάννου
1693 2124 1707 2148 ό
1720 2122 1801 2157 νόμος

1015 2166 1061 2192 καὶ
1077 2167 1100 2192 οἱ
1113 2168 1249 2203 προφῆται
1261 2167 1328 2194 εἰσίν
1339 2176 1346 2182 ·
1360 2167 1444 2199 οὕτως
1465 2168 1499 2194 τὰ
1519 2168 1548 2193 ὲν
1560 2167 1599 2203 τῷ
1613 2168 1730 2203 ’ᾼσματι
1746 2167 1801 2194 τῶν

1015 2213 1143 2247 ᾀσμάτων
1156 2214 1341 2249 σημαινόμενα
1353 2213 1426 2245 τέλος
1437 2214 1494 2240 ἐστὶ
1510 2214 1617 2241 πάντων
1632 2215 1659 2240 ὲν
1675 2213 1747 2248 πάσῃ
1765 2214 1799 2248 τῇ

1233 2259 1411 2295 μαινομένων.
1427 2259 1459 2285 Τί
1474 2259 1527 2295 γὰρ
1539 2260 1601 2287 ἄλλο
1612 2259 1680 2295 μετὰ
1693 2260 1742 2295 τὴν
1752 2259 1808 2286 τοῦ,

1014 2302 1132 2337 Χριστοῦ
1158 2304 1308 2338 παρουσίαν
1333 2305 1487 2340 προσδοχᾷν
1502 2304 1540 2330 δεῖ
1553 2304 1568 2339 ἣ
1586 2305 1675 2340 κρίσιν
1690 2304 1737 2330 καὶ
1753 2303 1800 2330 ἀν-

1014 2348 1171 2382 ταπόδοσιν;
1193 2350 1247 2376 Καὶ
1273 2349 1316 2376 διὰ
1335 2349 1413 2376 τοῦτο
1426 2351 1450 2376 οἱ
1467 2350 1536 2376 κατὰ
1551 2349 1658 2385 Φρύγας
1687 2358 1807 2385 παραυ--

1016 2393 1126 2427 άγοντες
1144 2395 1283 2430 προφήτας
1294 2395 1362 2430 μετὰ
1377 2395 1422 2422 τὸν
1434 2395 1545 2430 Κύριον,
1563 2394 1733 2430 σφάλλονται,
1751 2395 1806 2422 καὶ·

1015 2438 1051 2470 ὡς
1064 2439 1196 2474 αίρετικοὶ
1211 2440 1420 2476 κατεκρίθησαν.
1436 2438 1531 2475 ’ᾋσμα
1543 2438 1588 2467 οὖν
1603 2440 1741 2476 ᾀσμάτων,
1755 2439 1799 2466 διὰ

1015 2484 1044 2510 τὸ
1061 2484 1129 2519 μετὰ
1144 2485 1178 2511 τὰ
1191 2486 1222 2512 ἐκ
1235 2486 1328 2512 τούτου
1346 2486 1427 2522 μηδὲν
1444 2487 1535 2522 ἓτερον
1555 2486 1713 2521 προσδοκᾷν.
1743 2486 1800 2512 Καὶ

1017 2530 1110 2566 ὥσπερ
1124 2531 1193 2557 κατὰ
1209 2531 1254 2558 τὸν
1269 2532 1349 2567 νόμον
1370 2533 1451 2567 ’Ἅγια
1467 2530 1518 2568 ἦν,
1534 2533 1579 2559 καὶ
1592 2531 1659 2566 μετὰ
1671 2532 1704 2558 τὰ
1715 2531 1798 2565 Ἂγα

1016 2575 1097 2609 Ἅγια
1109 2577 1203 2610 ἁγίων,
1220 2578 1288 2612 μετὰ
1300 2578 1328 2604 δὲ
1342 2579 1375 2605 τὰ
1392 2579 1473 2612 ’Λγια
1485 2579 1537 2604 τῶν
1553 2578 1637 2612 ἁγίων
1648 2578 1697 2604 οὐχ
1707 2578 1746 2603 ἑτι
1763 2575 1798 2612 ἦν

1014 2620 1144 2656 tato-rapo;
1155 2622 1250 2653 τόπος·
1264 2623 1349 2654 οὕτως
1363 2624 1430 2658 μετὰ
1440 2623 1473 2649 τὰ
1485 2623 1593 2658 ᾄσματα
1600 2628 1630 2649 το
1638 2621 1731 2658 ’ᾉσμα
1743 2623 1798 2649 τῶν

1014 2667 1142 2701 ᾀσμάτων
1154 2687 1161 2698 ,
1181 2668 1250 2702 μετὰ
1265 2668 1293 2694 δὲ
1309 2669 1340 2694 τὸ
1356 2667 1449 2704 τᾼσμα
1464 2668 1516 2695 τῶν
1533 2669 1661 2705 ᾀσμάτων
1684 2669 1734 2695 οὐκ
1757 2668 1797 2695 ἔτι

1014 2712 1164 2747 προσδοκᾷν
1184 2713 1256 2739 ἔστιν
1279 2714 1414 2749 ἐσωτέραν
1431 2714 1478 2740 καὶ
1499 2714 1656 2749 καινοτέραν
1679 2714 1798 2748 ἐπάγγε-

1013 2755 1083 2782 λίαν.
1094 2756 1182 2789 Ἀπαξ
1193 2757 1246 2794 γὰρ
1256 2758 1271 2784 ὸ
1283 2759 1367 2792 Λόγος
1377 2758 1483 2792 ἐγένετο
1493 2758 1571 2794 σὰρξ,
1583 2761 1629 2786 καὶ
1638 2759 1797 2786 τετελείωκε

1014 2801 1044 2828 τὸ
1068 2801 1156 2836 ἔργον.
1184 2804 1260 2830 Ἔστι
1283 2803 1311 2830 δὲ
1335 2803 1393 2830 ὅλον
1407 2803 1437 2830 τὸ
1461 2803 1560 2838 βιϐλίον
1573 2804 1651 2831 τοῦτο
1666 2804 1796 2838 διαλόγων
