1929 3056
111 117 167 145 553

643 116 811 146 SVNOPSIS
833 118 1039 148 SCRIPTURA‘J
1056 121 1192 150 SACBE.

1684 125 1737 154 554

112 176 217 211 πλῆρες
229 175 276 202 τοῦ
293 174 407 202 παλαιοῦ
417 177 425 185 “
434 175 501 211 πρὸς
515 176 560 202 τὸν
576 176 721 211 Λόγον,καὶ
733 177 845 204 καθόλου
855 178 893 204 τοί

955 188 1019 208 vero
1046 183 1226 212 canticorum,
1245 189 1299 208 non
1327 186 1369 209 cst
1394 182 1506 210 interior
1530 182 1618 218 aliqua
1641 187 1667 210 et
1693 191 1736 212 re-

110 220 283 255 ἀνθρωπίνου
295 220 389 253 γένους
402 220 468 254 πρὸς
479 220 525 247 τὸν
539 221 633 255 Λόγον,
649 221 696 247 καὶ
709 222 760 256 τῆς
777 221 806 254 ἐξ
817 221 901 249 ἐθνῶν

117 265 282 301 Ἐκκλησίας
295 266 362 301 πρὸς
382 266 480 297 αὑτὸν,
502 265 550 292 καὶ
569 266 616 292 τοῦ
634 267 719 301 Λόγου
737 267 816 294 πάλιν
833 268 901 303 πρὸς

111 312 196 347 αὐτὴν
210 311 257 338 καὶ
271 311 338 347 πρὸς
350 311 381 337 τὸ
390 311 558 344 ἀνθρώπινον
572 312 650 346 γένος
660 321 668 328 ·
680 310 740 338 εἶτα
751 313 805 339 τῶν
816 313 900 340 ἐθνῶν

111 357 181 392 πρὸς
197 357 245 391 τὴν
268 357 461 392 Ἰερουσαλὴμ,
491 358 538 384 καὶ
562 358 610 393 τῆς
641 358 816 394 Ἰερουσαλὴμ
836 360 900 395 περὶ

109 403 161 434 τῆς
178 403 207 435 ἐξ
220 403 304 429 ἐθνῶν
324 403 371 429 καὶ
384 404 448 439 περὶ
462 404 545 439 αὐτῆς
559 404 680 439 διάλογος
693 413 701 419 ·
715 403 773 431 εἶτα
787 406 832 432 καὶ
846 406 899 432 τῶν

109 448 302 475 διακονούντων
323 449 446 483 ἀγγέλων
468 449 535 485 πρὸς
551 450 614 482 τοὺς
630 450 777 486 κληθέντας
793 451 898 487 ἀνθρώ-

109 503 176 526 πους
191 495 221 521 το
237 495 376 531 κήρυγμα.
395 495 447 522 Τοῦ
465 495 514 530 μὲν
525 494 572 522 οὖν
587 496 701 522 παλαιοῦ
716 497 780 523 λαοῦ
795 496 900 530 ἀξιοῦν-

107 551 155 574 τος
169 542 249 568 αὐτὴν
264 541 400 568 κατελθεῖν
416 543 462 568 καὶ
475 542 644 578 συναφθῆναι
656 544 689 578 τῇ
704 544 784 578 σαρκὶ
795 544 880 570 ταῦτα
890 552 896 559 ·

111 598 121 613 ‹
133 588 274 623 Φιλησάτω
291 596 325 622 με
340 588 393 614 ἀπὸ
412 588 572 624 φιλημάτων
596 588 729 623 στόματος
742 588 824 616 αὑτοῦ
834 598 841 604 ”
858 590 898 616 ὅτι

109 634 206 668 ἁγαθοὶ
225 634 322 668 μαστοι
338 642 384 660 σου
400 634 469 669 ὑπὲρ
483 632 562 660 οἶνον.
578 644 587 660 ι
615 635 669 661 Καὶ
683 635 762 662 πάλιν
779 635 822 661 διὰ
835 635 895 661 τού-

108 689 160 706 των
178 679 379 715 προτρέπεται·
398 689 406 704 ι
420 679 477 706 Νέα
493 681 559 716 πρὸς
582 680 684 707 παλαιὰ
701 681 822 717 ἐτήρησα
845 690 896 714 σοι,

108 726 229 761 ἀδελφιδέ
246 734 307 761 μου.
322 735 331 752 ι
347 726 401 752 Καὶ
412 727 488 761 κοινῇ
504 726 532 752 δὲ
545 726 652 753 πάντων
664 727 731 762 προς
742 726 789 753 τὸν
799 728 895 761 Λόγον,

109 773 150 798 ἴνα
164 772 198 801 τὸ,
210 771 288 808 ἡμῶν
304 771 425 807 ἀναλάϐῃ
439 771 532 806 σῶμαο
551 781 560 797 ι
575 772 622 803 Τίς
637 771 691 807 δῴη
709 781 738 798 σε
749 793 756 804 ,
773 772 896 807 ἀδελφιδέ

109 826 175 852 μου,
197 817 348 852 θηλάζοντα
377 818 496 852 μαστοὺς
521 818 622 852 μητρός
645 826 711 853 μους
733 817 851 853 εὑροῦσα
866 827 895 845 σε

105 864 168 896 ἔξω,
184 864 289 899 φιλήσω
304 872 344 895 σε,
359 864 405 890 καὶ
419 863 469 890 οῦκ
481 863 682 899 ἐξουδενήσουσῑ
698 873 741 899 με.
770 865 897 901 Παραλή-

105 909 192 945 ψομαί
206 918 246 941 σε,
258 910 357 941 εἰσάξω
375 918 403 935 σε
419 910 458 940 εἰς
472 907 546 936 οἶκον
562 910 665 946 μητρός
679 918 740 945 μου,
758 911 804 937 καὶ
816 912 855 942 εἰς
866 914 896 938 τὸ

105 954 216 990 ταμεῖον
232 955 280 990 τῆς
301 953 484 990 συλλαϐούσης
496 963 539 988 με.
552 964 561 980 ι
587 955 624 981 Οὺ
642 955 693 990 γὰρ
708 955 821 988 ἔξωθεν,
838 955 894 982 ἀλλ’

105 1001 152 1034 ἀφ’
164 997 198 1035 ἦς
213 999 395 1036 ἐγεννήθημεν
411 1000 516 1035 μήτρας
526 1020 533 1031 ,
549 1000 692 1027 ἁναλαὸεἴν
706 1002 788 1028 αὐτὸν
803 1001 895 1037 ἠξίουν

104 1046 135 1072 τὸ
149 1045 238 1080 σῶμα,
253 1047 276 1072 εἰ
292 1046 338 1072 καὶ
351 1045 388 1082 μὴ
403 1046 440 1078 ὡς
455 1047 534 1081 ἡμεῖς
545 1046 574 1079 ἐξ
585 1047 679 1082 ἀνδρὸς
695 1047 741 1074 καὶ
754 1047 892 1081 γυναικός.

111 1092 159 1119 Ἐκ
169 1092 224 1127 γὰρ
241 1091 323 1127 μόνης
333 1092 471 1128 Παρθένου
483 1113 490 1124 ,
503 1092 541 1124 ὡς
555 1092 677 1128 πλάστης
687 1112 694 1123 ,
711 1092 799 1128 ἐαυτῷ
816 1093 894 1120 ἔλαϐε

103 1139 134 1165 τὺ
159 1138 238 1173 σῶμα
249 1158 256 1170 ,
275 1137 344 1173 πλὴν
363 1139 402 1165 ὅτι
419 1138 448 1170 ἐξ
467 1138 610 1174 ἀνθρώπου
622 1147 628 1153 ·
652 1138 794 1174 ἄνθρωπος
809 1139 862 1174 γὰρ
876 1140 892 1174 ἡ

102 1184 233 1216 Θεοτόκος
247 1184 350 1219 Μαρία.
381 1185 435 1212 Καὶ
448 1185 494 1211 τοῦ
511 1185 598 1218 Λόγου
612 1185 640 1211 δὲ
654 1184 721 1220 πρὸς
734 1185 797 1216 τοὺς
811 1184 893 1217 ἀξιώ-

106 1239 218 1262 σαντας,
232 1231 465 1266 ἀναλαμϐάνοντος
481 1231 531 1267 ήδη
545 1231 593 1267 τὴν
609 1231 698 1266 σάρκα
714 1232 746 1257 ἐκ
758 1231 807 1266 τῆς
821 1232 894 1267 Παρ-

104 1276 192 1308 Θένου,
206 1276 309 1304 ταῦτα’
329 1287 339 1302 ι
350 1277 481 1312 Εἰσῆλθον
495 1278 534 1309 εἰς
549 1277 636 1312 κῆπόν
654 1285 714 1313 μου,
728 1277 827 1313 ἀδελφή
841 1286 892 1313 μου

104 1323 206 1358 νύμφη,
221 1322 358 1359 ἐτρύγησα
374 1323 495 1358 σμύρναν
514 1332 564 1358 μου
584 1323 652 1358 μετὰ
666 1323 819 1359 ἀρωμάτων
831 1332 891 1359 μου,

103 1369 203 1404 ἔφαγον
217 1370 297 1405 ἄρτον
312 1378 362 1404 μου
379 1370 447 1403 μετὰ
461 1369 566 1405 μέλιτός
584 1378 646 1404 μου,
664 1369 740 1396 ἔπιον
751 1367 821 1396 οἶνόν
840 1378 891 1405 μου

105 1416 173 1450 μετὰ
183 1416 315 1450 γάλακτός
333 1424 395 1451 μου.
408 1425 417 1441 ›
434 1416 481 1448 Εἰς
494 1416 548 1452 γὰρ
561 1416 606 1442 τὸν
625 1416 689 1443 ἴδιον
706 1416 793 1451 κῆπον
806 1416 892 1442 εῑσελ-

102 1461 172 1493 θὼν,
189 1461 238 1497 τὴν
258 1462 362 1494 κτίσιν,
379 1461 473 1489 ἐλαῧεν
493 1461 581 1497 ἐαυτῷ
592 1463 625 1488 ἐκ
638 1462 688 1497 τῆς
707 1462 845 1498 Παρθένου
862 1461 892 1488 τὸ

105 1507 192 1542 σῶμα,
210 1508 256 1534 καὶ
271 1508 381 1542 γέγονεν
395 1507 545 1543 ἄνθρωπος.
571 1508 672 1543 Θνητὸν
689 1508 737 1543 μὲν
751 1506 784 1543 ἦν
796 1508 827 1534 τὺ
841 1507 892 1534 σῶ-

105 1562 151 1587 μα,
169 1553 236 1579 ἀλλὰ
249 1553 317 1588 μετὰ
332 1553 445 1586 εὐωδίας
458 1554 505 1580 τοῦ
516 1554 649 1589 παναγίου
662 1554 748 1588 Λόγου
762 1554 890 1589 συνῆπτο.

103 1599 158 1625 Καὶ
175 1600 198 1625 εἰ
218 1599 305 1633 γάλα,
321 1599 358 1631 ὡς
375 1598 532 1634 ἄνθρωπος,
554 1599 628 1634 ἠφίει
645 1598 675 1625 τὸ
690 1599 768 1634 σῶμα
785 1599 890 1633 φαγεῖν,

102 1645 172 1672 ἀλλὰ
186 1646 321 1680 μετεδίδου
336 1645 409 1681 αὐτῷ
427 1646 474 1672 καὶ
494 1646 564 1672 οἴνου
578 1646 627 1681 τῆς
642 1645 738 1672 ἑαυτοῦ
757 1644 891 1680 τελειότη-

102 1699 158 1722 τος.
177 1692 230 1718 Καὶ
246 1692 300 1727 γὰρ
316 1691 410 1727 ὥσπερ
425 1691 502 1726 ἤσθιε
519 1692 603 1725 γάλα,
618 1691 704 1723 οὕτως
722 1692 750 1718 ἐν
767 1687 841 1727 αὺτῷ
857 1691 892 1718 τὰ

103 1737 153 1772 τῆς
169 1737 293 1773 θεότητος
303 1737 388 1764 ἐποίει
404 1737 481 1773 ἔργα.
506 1736 570 1765 Εἶτα
585 1739 598 1764 ὁ
614 1737 700 1771 Λόγος
711 1737 803 1764 λοιπὸν
815 1738 891 1764 ἐνδυ-

104 1784 219 1818 σάμενος
230 1784 259 1810 τὸ
276 1783 354 1818 σῶμα
368 1784 561 1819 προσκαλεῖται
577 1784 621 1810 τὸν
636 1783 748 1810 παλαιὸν
766 1783 838 1815 λαὸν,
853 1783 890 1816 ὡς

104 1829 211 1864 πρῶτον
224 1829 399 1856 πιστευθέντα
412 1829 445 1856 τὰ
454 1829 541 1863 λόγια,
555 1828 598 1855 διὰ
610 1829 711 1856 τούτων
720 1838 726 1844 ³
742 1839 751 1855 ι
763 1829 888 1862 Ἀνάστα,

103 1875 163 1901 ἐλθέ
190 1874 300 1910 πλησίον
315 1884 376 1910 μου,
390 1875 457 1911 καλή
473 1884 534 1910 μου,
544 1874 693 1911 περιστερά
706 1884 755 1910 μου
764 1883 771 1890 ·
784 1875 824 1901 ὅτι
837 1875 890 1902 ἰδοὺ

102 1922 116 1947 ὁ
132 1921 235 1956 χειμὼν
249 1921 395 1956 παρῆλθεν,
411 1923 425 1947 ὁ
441 1921 517 1953 ὑετὸς
531 1920 653 1956 ἀπῆλθεν
664 1941 670 1953 ,
682 1920 817 1956 ἐπορεύθη
829 1921 891 1947 ἑαυ-

173 1968 214 1994 Τὰ
230 1968 296 2004 ἄνθη
322 1968 399 2004 ὤφθη
426 1969 454 1995 ἐν
482 1970 514 2004 τῇ
533 1969 586 2003 γῇ,
610 1967 706 2004 καιρὸς
728 1968 778 2002 τῆς
802 1968 891 2003 τομῆς

102 2012 214 2047 ἔφθακε,
226 2014 300 2048 φωνὴ
316 2013 362 2040 τοῦ
375 2013 503 2050 τρυγόνος
512 2013 631 2048 ἠκούσθη
646 2014 673 2039 ἐν
681 2014 712 2048 τῇ
726 2014 760 2048 γῇ
776 2013 863 2048 ἡμῶν,

104 2060 173 2094 συκῆ
196 2060 341 2095 ἐξήνεγκεν
360 2059 485 2091 ὀλύνθους
503 2060 605 2095 αὐτῆς,
631 2060 658 2086 αἱ
674 2059 789 2094 ἄμπελοι
813 2059 890 2094 ἡμῶν

103 2104 290 2140 κυπρίζουσιν.
306 2115 315 2131 ι
351 2105 394 2136 Ὦς
415 2105 468 2141 γὰρ
488 2105 616 2136 λαϐόντος
630 2105 676 2131 τοῦ
698 2104 806 2140 πρώτου
825 2105 889 2131 λαοῦ

103 2150 155 2182 ἓως
169 2151 264 2185 καιροῦ
279 2151 327 2187 τὴν
341 2151 418 2178 σκιὰν
431 2151 479 2187 τὴν
494 2152 523 2178 ἐν
537 2152 611 2187 νόμῳ
623 2172 630 2184 ,
642 2151 779 2183 διδάσκει,
797 2152 843 2178 καὶ
852 2152 889 2183 ὡς

103 2195 190 2221 εἰδότα
203 2195 251 2231 τὴν
261 2196 352 2231 φωνὴν
362 2196 408 2222 τοῦ
425 2197 563 2232 τρυγόνος,
575 2197 788 2231 ὑπομιμνήσκει.
805 2197 890 2232 Προσ-
906 2208 928 2236 D

105 2241 288 2276 καλεσάμενος
303 2242 331 2268 δὲ
354 2243 368 2268 ὀ
389 2242 474 2276 Λόγος
486 2243 536 2278 τὴν
559 2241 748 2277 Ἰερουσαλὴμ,
767 2250 889 2277 προσκα-

104 2285 188 2313 λεῖται
201 2287 292 2313 λοιπὸν
307 2287 432 2318 καὶτοὺς
453 2287 506 2313 ἀπὸ
527 2286 581 2313 τῶν
601 2286 684 2312 ἐθνῶν
705 2286 749 2312 διὰ
770 2285 888 2312 τούτων·

105 2330 154 2366 (εἷς
162 2333 215 2368 γάρ
227 2334 284 2359 ἐστι
292 2333 392 2368 Κύριος
403 2332 450 2358 καὶ
465 2332 597 2359 Ἰουδαίων
608 2332 655 2358 καὶ
666 2332 750 2358 ἐθνῶν
761 2331 779 2367 ’)
791 2330 891 2367 «Δεῦρο

105 2378 159 2405 ἀπὸ
172 2378 288 2405 Λιϐάνου
299 2398 306 2410 ,
323 2378 425 2414 νύμφη.
446 2377 511 2404 Ἀπὸ
525 2377 642 2404 Λιϐάνου
662 2376 760 2413 ἐλεύσῃ
770 2396 776 2408 ,
790 2377 838 2403 καὶ
851 2376 891 2402 δι-

105 2423 202 2459 ελεύσῃ
215 2425 262 2450 ἀπ’
273 2424 360 2460 ἀρχῆς
376 2425 503 2455 πίστεως,
527 2423 583 2449 ἀπὸ
597 2422 717 2457 κεφαλῆς
729 2422 826 2457 Σανεὶρ
845 2421 891 2448 καὶ

111 2470 244 2505 Ἂερμὼν,
259 2470 313 2496 ἀπὸ
328 2469 452 2505 μανόρῶν
467 2469 582 2496 λεόντων
592 2488 600 2500 ,
621 2468 676 2494 ἀπὸ
689 2467 774 2503 ὀρέων
786 2467 892 2502 παρδά-

102 2516 181 2543 λεων.
195 2526 204 2542 ι
234 2516 299 2542 ’Λπὺ
311 2516 364 2552 γὰρ
377 2515 595 2550 εἰδωλολατρείας
610 2514 657 2540 καὶ
671 2512 819 2549 θηριώδους
833 2513 892 2548 τρό-

102 2572 155 2589 που
169 2562 361 2598 προσκαλεῖται
382 2562 483 2597 ταύτην
504 2563 542 2593 εἰς
561 2562 611 2597 τὴν
627 2561 727 2587 πίστιν.
755 2558 892 2595 κληθεῖσα

101 2609 192 2636 ’τοίνυν
207 2609 236 2641 ἐξ
248 2608 333 2636 ἐθνῶν
347 2610 394 2636 καὶ
405 2609 454 2644 ἤδη
467 2608 649 2642 κατανυγεῖσα
658 2627 665 2640 ,
681 2606 754 2640 λέγει
765 2606 832 2641 πρὸς
846 2605 892 2632 τὸν

102 2654 190 2688 Λόγον
202 2654 301 2682 ταῦτα·
322 2663 332 2681 ι
348 2654 525 2689 Ἀπάγγειλόν
541 2662 596 2689 μοι,
610 2653 639 2679 ὃν
654 2653 795 2688 ἠγάπησεν
811 2652 827 2686 ὴ
840 2650 891 2686 ψυ-

103 2702 139 2736 χή
153 2709 202 2736 μου
213 2709 219 2716 ·
231 2700 283 2728 ποῦ
298 2701 460 2736 ποιμαίνεις,
470 2700 521 2727 ποῦ
533 2699 666 2731 κοιτάζεις
677 2699 706 2726 ἐν
716 2697 888 2734 μεσημϐρίᾳ·

104 2747 211 2782 μήποτε
224 2747 345 2783 γένωμαι
361 2747 398 2779 ὡς
415 2746 630 2782 περιϐαλλομένη
640 2745 683 2772 ἐπ’
696 2744 807 2779 ἀγέλαις
818 2743 891 2770 ἐται-

142 2807 164 2822 ³³
183 2807 325 2839 Cant.i,t.
363 2806 386 2821 “
405 2805 482 2834 Cant.
495 2805 597 2838 vu,15.
635 2804 658 2820 ³⁸
671 2800 892 2835 Cant.vut,i,2.

944 2800 954 2816 ⁸
972 2799 1051 2828 Cant.
1072 2808 1097 2834 v,
1116 2798 1142 2827 1.
1171 2786 1202 2815 ⁷³⁷
1222 2799 1302 2827 Cant.
1320 2805 1358 2830 u,
1377 2795 1469 2824 10-15.

141 2856 150 2865 ‘
170 2853 281 2888 Supple,
296 2851 370 2879 λαοῦ.

951 226 1057 253 centior
1077 227 1259 260 exspectanda
1279 227 1435 261 promissio.
1463 227 1552 256 Semel
1577 229 1648 256 enim
1668 228 1736 256 Ver-

950 271 1013 299 bum
1029 280 1093 300 caro
1115 273 1214 300 factum
1238 277 1290 305 est,
1307 281 1431 308 opusque
1456 275 1665 302 consummavit.
1688 274 1735 301 Est

951 322 1039 345 autem
1055 322 1128 345 totus
1155 318 1198 345 hic
1221 318 1290 346 liber
1319 319 1415 353 plenus
1442 319 1609 354 dialogorqu
1635 319 1735 347 veteris

949 365 1041 399 populi
1054 364 1087 391 ad
1101 364 1229 396 Verbum,
1246 369 1273 391 et
1290 365 1445 392 summatim
1459 365 1568 392 humani
1581 366 1688 400 generis
1700 365 1734 393 ad

950 409 1078 440 Verbum,
1093 414 1119 436 et
1133 409 1260 436 Ecclesiae
1274 417 1306 436 ex
1320 410 1446 444 gentibus
1463 413 1566 437 coacta:
1585 410 1619 436 ad
1644 410 1714 437 idem
1725 430 1733 442 ,

949 459 975 482 ct
989 463 1085 482 rursus
1096 455 1176 482 Verbi
1192 455 1225 482 ad
1241 455 1375 487 eamdem,
1387 459 1414 482 ct
1426 455 1459 482 ad
1475 463 1560 490 genus
1572 455 1732 482 humanum.

949 499 1050 527 Deinde
1065 500 1185 535 gentium
1211 499 1245 526 ad
1272 499 1440 531 Jerusalem,
1461 503 1488 527 et
1504 500 1673 532 Jerusalem,
1700 500 1734 528 de

950 545 1069 573 Ecclesia
1085 553 1118 572 ex
1133 545 1260 580 gentibus
1274 549 1368 572 coacta
1383 549 1410 572 et
1425 545 1458 572 de
1478 545 1579 580 seipsa,
1597 545 1730 580 dialogus.

949 591 1045 619 Postea
1059 596 1085 619 et
1103 592 1313 619 ministrantium
1331 592 1487 626 angelorum
1500 592 1533 618 ad
1551 591 1675 619 homines
1684 599 1733 618 v0<

948 641 1023 664 catos
1039 637 1204 672 pnedicatio.
1230 637 1333 664 Veteris
1358 638 1449 671 itaque
1474 637 1566 671 populi
1596 637 1732 671 precantis

948 683 1037 717 ipsum
1055 682 1196 718 (Verbum)
1211 688 1240 710 ut
1257 683 1444 714 descenderet,
1458 687 1484 710 et
1496 682 1570 709 carni
1584 683 1733 717 conjunge-

947 725 1033 759 rétur,
1051 727 1108 755 haec
1121 731 1186 754 sunt
1200 737 1206 754 :
1225 737 1236 754 ι
1249 727 1395 755 Osculetur
1413 734 1456 754 me
1477 727 1580 754 osculis
1596 728 1652 755 oris
1668 728 1730 761 sui;

947 773 1074 808 quoniam
1089 774 1201 800 meliora
1218 776 1282 800 sunt
1297 773 1380 800 ubera
1396 776 1443 800 tua
1462 773 1526 800 vino
1548 773 1581 800 ³³.
1600 781 1610 799 ›
1636 772 1668 799 Ει
1682 772 1733 800 ite-

948 825 1008 844 rum
1022 818 1145 845 hortatur
1160 819 1203 845 his
1219 818 1330 846 verbis:
1346 826 1358 844 ι
1384 817 1459 845 Nova
1475 821 1502 845 et
1517 821 1609 844 vetera
1625 816 1733 845 servavi

913 859 1008 897 Btibi,
1024 864 1122 891 dilecte
1138 864 1175 891 mi
1198 864 1231 890 “.
1256 873 1266 890 ›
1289 864 1319 891 In
1347 871 1492 891 commune
1516 871 1580 891 vero
1607 863 1730 890 omnium

946 917 997 936 vox
1016 912 1058 936 est
1070 909 1102 936 ad
1118 907 1246 940 Verbum,
1263 913 1293 936 ut
1311 916 1421 936 carnem
1446 913 1568 936 nostram
1583 912 1705 935 assumat
1722 915 1730 935 :

949 964 958 981 ‹
975 955 1043 988 Quis
1057 956 1102 982 det
1120 959 1157 987 te,
1170 955 1334 982 consobrine
1349 956 1396 987 mi,
1412 960 1554 990 sugentem
1574 955 1657 982 ubera
1674 962 1730 982 ma-

946 1003 995 1030 tris
1012 1002 1094 1029 mea?
1108 1001 1241 1029 inveniam
1254 1003 1282 1028 te
1296 1001 1373 1033 foris,
1390 1001 1537 1028 osculabor
1548 1004 1585 1033 te,
1603 1009 1653 1028 nec
1665 1008 1729 1028 con-

946 1052 1065 1076 temnent
1077 1055 1130 1074 me.
1149 1047 1356 1082 Apprchendam
1369 1050 1406 1079 te,
1421 1047 1518 1074 ducam
1531 1050 1557 1073 te
1574 1046 1600 1073 in
1617 1046 1728 1073 domum

944 1092 1039 1119 matris
1059 1099 1140 1124 meae,
1163 1095 1189 1119 et
1205 1091 1234 1118 in
1251 1091 1407 1118 cubiculum
1421 1091 1483 1125 ejus
1496 1091 1543 1126 qui
1569 1099 1612 1118 me
1627 1098 1729 1117 conce-

944 1137 983 1172 pit
991 1137 1022 1163 ³⁵.
1038 1147 1047 1163 ι
1063 1136 1169 1165 Precati
1180 1141 1245 1165 sunt
1257 1138 1340 1168 enim.
1353 1141 1382 1164 ut
1392 1144 1503 1164 carnem
1513 1141 1664 1164 assumeret
1673 1143 1729 1164 non

944 1184 1062 1216 aliunde,
1080 1183 1127 1211 sed
1142 1191 1175 1211 ex
1189 1191 1220 1211 ea
1232 1183 1289 1218 ipsa
1300 1183 1423 1214 matrice,
1434 1190 1467 1210 ex
1479 1190 1533 1217 qua
1549 1183 1607 1209 nati
1621 1189 1728 1214 sumus,

943 1230 1005 1257 licet
1019 1238 1074 1257 non
1088 1230 1193 1262 eodem,
1206 1237 1274 1265 quos
1284 1236 1345 1261 nos,
1362 1228 1454 1260 modo,
1470 1236 1568 1263 nempe
1578 1236 1611 1255 ex
1625 1227 1685 1255 viro
1702 1233 1730 1255 et

942 1275 1066 1303 muliere.
1078 1275 1182 1311 Corpus
1194 1276 1265 1302 enim
1281 1275 1344 1307 sibi,
1365 1277 1459 1310 utpote
1483 1274 1606 1307 Creator,
1621 1282 1654 1301 ex
1669 1274 1728 1302 sola

945 1319 1053 1356 Virgine
1084 1321 1250 1356 assumpsit:
1278 1324 1398 1347 attamen
1428 1327 1462 1347 ex
1485 1319 1616 1347 homine:
1645 1319 1728 1346 homo

943 1367 1014 1395 enim
1032 1367 1082 1394 fuit
1103 1367 1219 1402 genitrix
1233 1365 1280 1393 Dei
1300 1364 1396 1394 Maria.
1412 1365 1491 1393 Verbi
1509 1373 1589 1399 vero,
1615 1373 1647 1392 ex
1666 1364 1727 1392 Vir-

942 1412 1004 1448 ginc
1014 1412 1070 1446 jam
1085 1419 1193 1438 carnem
1209 1411 1389 1443 assumcntis,
1400 1410 1434 1437 ad
1450 1414 1593 1445 precantes
1608 1418 1646 1443 se,
1664 1415 1728 1438 sunt

942 1458 995 1485 ista
1009 1467 1015 1485 :
1030 1467 1039 1483 ι
1059 1457 1200 1492 Ingressus
1213 1464 1273 1485 sum
1290 1456 1318 1483 in
1338 1457 1447 1483 hortum
1463 1463 1563 1489 meum,
1577 1464 1655 1484 soror
1667 1464 1727 1484 mea

942 1510 1052 1538 sponsa,
1064 1502 1226 1535 vindemiavi
1251 1501 1388 1536 myrrham
1405 1508 1492 1528 meam
1515 1509 1576 1528 cum
1600 1502 1729 1528 aromati-

942 1549 993 1577 bus
1006 1549 1084 1581 meis,
1097 1548 1201 1576 comedi
1213 1555 1310 1582 panem
1322 1555 1411 1574 meum
1423 1555 1485 1574 cum
1501 1547 1581 1574 melle
1591 1547 1726 1580 meo,bibi

942 1596 1034 1623 vinum
1046 1602 1136 1622 meum
1148 1602 1209 1621 cum
1224 1594 1293 1621 lacte
1309 1601 1368 1620 meo
1382 1593 1414 1620 ".
1433 1602 1443 1620 ι
1460 1592 1490 1620 In
1503 1593 1642 1628 proprium
1654 1593 1727 1620 enim

942 1641 1062 1673 hortum,
1074 1646 1226 1668 creaturam
1240 1639 1375 1672 videlicet,
1389 1641 1541 1674 ingressus,
1549 1646 1659 1666 carnem
1673 1639 1725 1668 sibi

942 1695 975 1714 ex
992 1687 1100 1722 Virgine
1115 1686 1272 1720 assumpsit,
1287 1690 1314 1713 et
1340 1686 1421 1713 homo
1437 1685 1527 1712 factus
1543 1689 1594 1713 est.
1612 1684 1727 1714 Mortale

942 1734 1051 1770 quidem
1066 1741 1165 1769 corpus
1187 1736 1256 1764 erat,
1270 1740 1363 1759 verum
1379 1740 1441 1759 cum
1465 1732 1541 1759 suavi
1557 1732 1640 1759 odore
1665 1739 1728 1759 san-

942 1780 1057 1807 ctissimi
1071 1778 1152 1806 Verbi
1168 1777 1353 1813 conjunctum.
1370 1777 1402 1804 Et
1424 1778 1486 1805 licet
1500 1781 1530 1804 ut
1552 1777 1634 1805 homo
1649 1777 1728 1806 lactis

941 1826 1033 1854 cibum
1052 1825 1159 1860 corpori
1176 1832 1225 1851 suo
1245 1823 1402 1856 admiserit,
1424 1828 1513 1850 tamen
1537 1827 1563 1850 et
1580 1823 1672 1850 vinum
1687 1823 1727 1850 illi

942 1871 1116 1907 perfectionis
1133 1877 1189 1897 sua:
1204 1869 1344 1904 impertiit.
1377 1869 1482 1896 Etenim
1498 1869 1726 1904 quemadmodum

942 1918 985 1945 lac
1000 1917 1128 1949 comedit,
1145 1916 1182 1943 ita
1197 1920 1224 1943 et
1239 1915 1392 1943 divinitatis
1408 1923 1490 1950 opera
1513 1915 1542 1942 in
1561 1914 1621 1950 ipso
1636 1914 1726 1950 perfe-

942 1964 988 1992 cit.
1004 1963 1105 1991 Deinde
1115 1961 1244 1994 Verbum,
1262 1969 1371 1989 carnem
1396 1961 1531 1994 indutum,
1544 1965 1661 1988 veterem
1678 1968 1727 1996 po-

942 2011 1047 2046 pulum,
1062 2013 1092 2037 ut
1108 2009 1150 2036 cui
1166 2008 1284 2044 primum
1299 2008 1410 2035 oracula
1426 2007 1473 2034 Dei
1488 2007 1644 2034 concredita
1667 2006 1726 2033 fuc-

941 2060 1014 2088 rant,
1028 2055 1062 2082 ad
1076 2062 1106 2083 se
1122 2058 1211 2085 vocat,
1227 2054 1270 2081 his
1290 2053 1397 2080 verbis:
1420 2061 1428 2078 ι
1448 2051 1534 2088 Surge
1545 2072 1552 2084 ,
1570 2051 1667 2080 accede
1691 2052 1725 2078 ad

942 2111 995 2135 me,
1011 2103 1098 2129 amica
1111 2109 1181 2134 mea,
1197 2101 1316 2128 formosa
1334 2107 1410 2132 mea,
1426 2099 1552 2126 columba
1568 2105 1637 2130 mea,
1654 2105 1724 2133 quo-

942 2147 1014 2174 niam
1029 2154 1093 2174 ecce
1110 2146 1196 2173 hiems
1211 2145 1330 2177 transiit,
1346 2144 1432 2170 imber
1452 2143 1528 2175 abiit,
1540 2149 1572 2169 ac
1586 2141 1724 2177 profectus

942 2196 983 2221 est
994 2192 1054 2219 sibi.
1070 2190 1163 2218 Flores
1178 2192 1363 2224 apparuerunt
1378 2188 1406 2215 in
1419 2191 1503 2220 terra,
1517 2192 1623 2221 tempus
1645 2189 1724 2221 puta-

943 2239 1024 2266 tionis
1036 2237 1159 2269 advenit,
1177 2243 1229 2263 vox
1240 2236 1353 2263 turturis
1370 2234 1461 2261 audita
1475 2237 1517 2261 est
1539 2233 1568 2260 in
1588 2237 1661 2259 terra
1675 2239 1725 2258 no-

942 2288 1008 2316 stra,
1022 2283 1089 2311 ﬁcus
1105 2281 1218 2317 protulit
1226 2287 1337 2316 grossos
1360 2286 1424 2307 suos
1434 2298 1442 2311 ,
1458 2278 1545 2306 vinea:
1557 2281 1658 2304 nostra:
1674 2275 1724 2303 ﬂo-

942 2333 1002 2356 rent
1021 2329 1052 2355 ".
1076 2337 1086 2354 ι
1109 2327 1149 2355 lta
1171 2327 1241 2355 enim
1259 2325 1355 2358 docet,
1374 2324 1453 2360 quasi
1477 2323 1582 2359 primus
1609 2323 1725 2357 populus

942 2375 1067 2402 umbram
1084 2381 1144 2410 quae
1167 2374 1194 2401 in
1217 2374 1274 2408 lege
1282 2376 1334 2403 est,
1350 2371 1382 2398 ad
1397 2375 1503 2404 tempus
1526 2369 1678 2403 acceperit:
1698 2371 1726 2395 et

942 2419 1021 2454 quasi
1037 2426 1130 2446 vocem
1147 2418 1264 2445 turturis
1280 2419 1471 2452 agnoscentem
1486 2413 1630 2441 ‘admonet.
1646 2413 1726 2441 Post-

943 2472 1025 2500 quam
1039 2468 1129 2491 autem
1139 2463 1290 2491 Jerusalem
1307 2461 1459 2493 advocavit,
1471 2459 1586 2488 advocat
1598 2459 1729 2495 deinceps

942 2514 970 2538 et
985 2518 1042 2543 eos,
1060 2510 1106 2545 qui
1119 2513 1184 2537 sunt
1197 2516 1230 2537 ex
1243 2508 1369 2544 gentibus
1385 2508 1467 2542 (unus
1490 2508 1533 2534 est
1552 2505 1626 2533 enim
1638 2510 1665 2533 et
1677 2504 1727 2533 .lu-

942 2556 1062 2583 deorum
1073 2560 1100 2583 et
1113 2556 1232 2591 gentium
1255 2553 1395 2588 Dominus)
1408 2573 1416 2585 ,
1441 2553 1484 2581 his
1498 2553 1608 2581 verbis:
1629 2561 1638 2578 ι
1656 2551 1725 2580 Veni

942 2603 976 2630 de
987 2602 1101 2636 Libano,
1116 2610 1226 2637 sponsa.
1239 2601 1275 2628 De
1282 2600 1386 2627 Libano
1399 2599 1501 2631 venias,
1513 2603 1540 2627 et
1552 2603 1676 2626 transeas
1691 2599 1724 2626 ab

943 2649 1021 2677 initio
1035 2649 1106 2676 ﬁdei.
1128 2648 1166 2676 De
1184 2648 1285 2675 vertice
1296 2646 1376 2673 Sanir
1391 2650 1417 2673 et
1431 2645 1560 2677 Aermon,
1577 2645 1611 2672 de
1629 2644 1726 2672 cubili-

942 2695 994 2723 bus
1011 2695 1118 2723 leonum
1135 2715 1143 2728 ,
1171 2694 1205 2722 de
1231 2693 1369 2721 montibus
1393 2691 1540 2728 pardorum
1559 2691 1591 2718 ³⁸.
1612 2700 1622 2717 ι
1649 2690 1726 2719 Hanc

942 2742 1014 2770 enim
1039 2742 1073 2769 ab
1096 2741 1249 2769 idololatria
1274 2740 1449 2774 moribusque
1474 2738 1568 2766 ferinis
1591 2737 1623 2764 ad
1643 2737 1724 2765 ﬁdem

1524 2795 1548 2811 "
1561 2794 1640 2823 Cant.
1649 2802 1686 2830 Iv,
1695 2794 1724 2822 8.
