1929 3056
220 111 275 140 355

767 106 798 135 S.
818 105 1050 135 ATHANASJUS.
1070 122 1105 127 —
1122 106 1238 135 DUBIA.

1784 108 1844 136 556

214 170 303 194 vocat.
318 165 366 193 Illa
379 165 462 201 igitur
478 172 512 192 ex
534 165 661 200 gentibus
687 168 782 191 vocata
804 169 832 191 et
853 164 910 198 jam
925 171 994 191 com-

1052 173 1105 200 ρων
1130 172 1186 190 σου.
1203 173 1212 190 ›
1237 163 1338 199 Πείραν
1354 163 1409 199 γὰρ
1427 163 1524 199 ἔχουσα
1538 163 1588 199 τῆς
1603 163 1642 196 είς
1657 163 1741 190 πολλὰ
1754 173 1844 200 μετα·

215 217 326 247 puncta,
338 211 427 239 Verbo
443 211 475 238 ad
492 211 564 238 hunc
584 211 693 238 modum
714 210 854 245 loquitur:
873 220 882 235 ι
908 211 1001 238 Indica

214 257 292 288 inihi,
305 265 384 292 quem
401 256 489 291 diligit
500 256 589 283 anima
605 263 675 287 mea,
688 255 734 283 ubi
754 263 862 290 pascas,
884 255 928 283 ubi
953 263 1002 282 cu-

214 303 262 330 bes
278 304 305 330 in
323 303 450 334 meridie,
475 310 509 328 ne
533 301 595 328 ﬁam
616 306 745 337 tanquam
773 302 906 329 oberrans
931 302 1002 329 inter

214 355 308 383 greges
321 347 453 374 sodalium
469 350 580 373 tuorum
594 346 628 372 ³⁹.
656 356 665 372 ι
698 346 804 374 Etenim
819 355 880 374 cum
891 347 1001 381 experi-

214 396 306 420 mento
322 392 471 425 didicisset,
484 399 566 427 quam
581 399 666 426 prona
681 397 754 419 esset
771 392 804 419 ad
828 392 920 420 varias
945 399 1001 418 mu-

213 438 340 469 tationes,
359 437 471 472 rogabat
495 440 525 463 ut
547 436 755 464 conﬁrmaretur
768 441 795 464 et
809 437 1000 464 corroborare-

214 485 275 514 tur;
291 489 325 509 ne
336 482 453 516 idipsum
466 485 559 516 postea
572 481 624 508 sibi
636 481 780 508 accideret.
797 480 1000 516 Exoratumque

214 527 342 560 Veritum,
361 527 441 563 124
457 528 537 555 docet
559 527 630 554 illam
656 527 700 555 his
721 527 810 555 verbis
826 537 832 554 ε
851 537 861 552 ‹
880 527 908 554 Si
923 528 1000 562 igno-

212 582 258 600 ras
273 577 310 606 te,
326 582 342 600 o
362 575 474 608 pulchra
490 574 562 600 inter
575 573 713 605 mulieres,
724 573 851 608 egredere
869 573 902 600 ad
918 574 1000 601 vesti-

213 622 256 655 gia
273 628 394 656 gregum,
411 625 437 648 et
450 628 530 655 pasce
548 620 639 648 hzedos
655 624 716 647 tuos
736 620 814 654 juxta
825 620 999 647 tabernacula

213 673 350 702 pastorum
371 667 404 694 ‘°.
423 677 432 693 ι
456 666 541 694 Nemo
556 667 656 701 quippe
671 665 754 693 Deum
769 673 933 701 cognoscere
949 673 998 700 po-

212 717 284 744 test,
311 713 364 741 nisi
380 713 496 748 primum
514 715 661 747 cognoscat
676 712 805 746 seipsum.
831 711 896 738 Nam
913 711 998 746 pietas

212 766 276 794 erga
290 759 385 790 Deum,
397 763 437 786 est
451 758 612 793 principium
629 765 744 786 sensus:
762 765 862 785 sensus
872 765 936 784 vero
945 761 997 789 est,

212 811 267 832 non
281 809 409 832 externus
435 804 495 835 ille,
522 803 570 831 sed
585 803 737 831 intellectus
751 803 848 830 animae
862 810 923 830 cum
948 802 999 830 ﬁde

211 851 385 886 coniunctus.
397 849 550 878 Jerusalem
573 850 669 877 videns
683 850 804 885 gentium
827 849 997 876 vocationem
1012 844 1033 871 Β

213 895 312 923 factam
331 896 357 923 in
373 897 503 931 praeputio
530 895 614 929 ﬁdei,
639 903 702 922 cuin
733 894 912 922 admiratione
936 886 994 921 ait:

215 951 225 968 ι
248 942 318 975 Quid
341 943 467 970 videbitis
497 942 524 969 in
546 941 731 973 Sunamitide.
749 949 809 976 quae
833 941 905 968 venit
926 940 998 967 sicut

210 987 287 1014 chori
303 991 456 1014 castrorum
480 987 522 1013 “?
540 996 550 1012 ι
567 985 626 1014 Non
641 986 713 1013 enim
728 993 761 1013 ex
776 993 830 1012 una
847 990 935 1020 gente,
949 984 996 1012 sed

209 1039 244 1058 ex
258 1031 384 1058 omnibus
398 1035 539 1062 venerunt,
559 1031 662 1057 relictis
676 1030 794 1064 propriis
809 1030 917 1060 castris,
931 1037 998 1056 con-

211 1076 358 1111 tractisque
369 1076 476 1112 gladiis.
489 1077 619 1111 deinceps
631 1084 691 1111 qua:
706 1075 780 1110 pacis
805 1080 869 1103 sunt
889 1076 996 1111 sapien-

209 1127 261 1150 tes.
285 1122 407 1150 Ecclesia
423 1130 487 1150 vero
501 1130 533 1150 ex
548 1122 686 1157 gentibus,
707 1121 803 1149 videns
824 1121 973 1149 Jerusalem
987 1143 996 1156 ,

210 1166 289 1202 quasi
305 1174 335 1194 se
350 1169 520 1201 arguentem,
535 1174 596 1194 sese
610 1166 740 1198 defendit,
755 1166 848 1193 dicens
869 1174 923 1194 non
939 1167 997 1193 ina-

211 1220 274 1240 nem
289 1212 374 1240 fuisse
385 1213 555 1239 vocationem
568 1219 646 1240 suam
660 1221 667 1239 :
686 1221 696 1237 ι
717 1211 799 1247 Nigra
816 1220 877 1239 sum
901 1217 928 1240 et
943 1213 998 1240 lor-

211 1265 298 1290 mosa,
316 1257 377 1284 ﬁliae
404 1257 573 1290 Jerusalem,
604 1258 675 1285 sicut
697 1258 871 1285 tabernacula
897 1258 995 1291 Cedar,

211 1303 283 1330 sicut
296 1303 380 1338 pelles
396 1302 561 1331 Salomonis.
579 1302 668 1331 Nolite
681 1311 723 1331 me
731 1304 996 1340 considerare,quod

211 1348 288 1376 fusca
312 1349 451 1384 sim,quia
478 1349 600 1376 obluitus
616 1353 657 1377 est
674 1357 716 1377 me
742 1349 793 1377 sol.
819 1349 878 1376 Filii
902 1351 996 1378 matris

210 1402 277 1422 nea:
290 1399 477 1430 pugnaverunt
499 1398 595 1422 contra
619 1403 663 1422 me
687 1404 695 1422 ἴ
721 1399 870 1430 posuerunt
890 1403 933 1423 me
951 1403 997 1423 cu-

211 1440 315 1468 stodem
332 1441 359 1467 in
373 1440 470 1468 vineis.
490 1439 602 1468 Vineam
616 1448 704 1468 meam
715 1449 770 1468 non
784 1442 917 1469 custodivi
934 1442 965 1470 “.
982 1452 992 1468 ι

194 1516 197 1518 _
210 1485 292 1522 Nigra
308 1495 379 1520 sum,
393 1488 439 1515 sed
454 1488 505 1515 sub
528 1488 588 1522 ipso
601 1487 658 1515 sole
671 1495 741 1515 sum.
756 1487 836 1523 Licet.
843 1489 915 1515 enim
932 1497 993 1516 cum

210 1535 340 1568 praeputio
355 1534 416 1565 sim,
432 1537 459 1560 at
477 1533 556 1561 idolis
575 1534 738 1566 renuntiavi,
754 1537 781 1561 et
797 1542 907 1569 egressa
932 1543 991 1562 sum
1006 1534 1026 1562 C

209 1586 226 1606 e
243 1578 323 1606 domo
338 1579 434 1607 matris
446 1587 522 1611 mea,
549 1580 620 1606 sicut
643 1584 670 1607 et
694 1579 830 1606 Abraham
847 1590 853 1607 :
871 1580 992 1615 ejusdem

209 1627 281 1653 enim
300 1634 359 1654 sum
377 1626 447 1654 ﬁdei.
471 1625 652 1659 Quamobrem
679 1633 756 1661 rogo.
773 1635 782 1652 ι
803 1626 930 1654 introduc
951 1635 994 1654 me

210 1671 239 1698 in
253 1672 350 1699 cellam
368 1672 499 1699 vinariam
513 1690 522 1702 ,
547 1671 672 1698 ordinate
702 1671 729 1698 in
755 1679 798 1699 me
821 1672 992 1702 eharitatem,

211 1721 316 1744 servate
329 1724 372 1744 me
389 1717 534 1752 unguentis
545 1737 553 1749 ,
571 1717 669 1752 stipate
686 1725 729 1744 me
744 1718 832 1749 malis,
849 1719 912 1753 quia
927 1719 995 1746 dile-

211 1762 299 1789 ctione
313 1762 455 1789 vulnerata
472 1770 533 1789 sum
547 1761 580 1789 ⁸³.
600 1771 609 1788 ι
625 1761 712 1789 Nolite
732 1763 892 1797 praeputium
906 1768 994 1791 atten-

211 1809 286 1840 dere,
298 1808 345 1836 sed
362 1809 388 1835 in
405 1809 538 1835 cliaritate
555 1809 663 1843 suscipe
682 1816 734 1841 me,
749 1816 765 1836 o
780 1810 820 1836 lex
834 1814 857 1836 et
875 1809 993 1844 prophe-

211 1857 254 1882 tat.
271 1853 381 1881 Etiamsi
397 1853 502 1880 feritate
514 1853 606 1888 putida
625 1853 688 1884 sim,
701 1853 750 1880 sed
767 1857 795 1880 tn
813 1861 857 1881 me
869 1854 992 1887 institue,

211 1905 238 1928 et
252 1900 328 1927 suavi
345 1904 390 1926 tuo
407 1900 489 1926 odore
503 1899 652 1932 conﬁrma;
668 1907 730 1926 nam
745 1898 888 1927 dilectione
900 1900 993 1928 vulne-

211 1949 271 1972 rata
290 1953 359 1972 sum.
383 1944 456 1977 Ideo,
473 1953 482 1970 ι
503 1945 606 1980 Adjuro
621 1953 682 1977 vos,
708 1945 768 1972 lilia:
781 1945 948 1978 Jerusalem,
965 1947 993 1974 in

210 1991 357 2019 virtutibus
372 1995 398 2018 et
419 1991 624 2019 fortitudinibus
649 1991 724 2026 agri,
748 2000 782 2019 ne
807 1992 938 2027 evigiletis
966 1997 992 2020 et

211 2036 335 2064 excitetis
347 2036 532 2068 dilectionem,
551 2037 638 2063 donec
660 2037 718 2070 ipsa
733 2036 798 2063 velit
812 2036 843 2062 “.
867 2047 876 2062 ι
889 2037 993 2071 Adjuro

210 2089 269 2113 vos,
281 2089 298 2108 ο
310 2081 414 2113 Patres,
430 2089 484 2108 non
498 2089 545 2116 per
558 2081 704 2116 potentias,
716 2081 742 2108 id
759 2081 831 2109 enim
844 2089 898 2108 non
913 2083 991 2116 licet;

211 2127 258 2155 sed
269 2128 296 2154 in
309 2127 456 2155 virtutibus
471 2127 600 2162 paradisi,
613 2132 643 2154 ut
665 2128 693 2154 in
709 2127 783 2154 illum
797 2128 991 2163 respicientes,

211 2174 282 2201 sicut
293 2173 437 2204 Adamum,
447 2173 483 2200 ita
492 2178 518 2200 et
531 2181 573 2200 me
588 2173 753 2208 suscipiatis.
763 2173 829 2200 Nam
844 2179 871 2201 et
887 2174 923 2200 ibi
937 2182 991 2202 non

209 2223 268 2247 erat
295 2219 478 2247 circumcisio.
505 2219 584 2246 Nunc
599 2220 663 2247 Adae
689 2220 808 2247 conditio
832 2224 988 2248 renovatur.
1005 2212 1028 2240 υ

209 2265 328 2292 Verbum
342 2273 417 2297 vero,
432 2266 552 2300 gentium
577 2265 629 2293 ﬁde
644 2271 791 2301 conspecta
809 2270 836 2294 et
858 2267 970 2301 probata
980 2286 987 2297 ,

209 2312 286 2344 dicit,
302 2321 311 2338 ι
332 2311 448 2339 Pulchra
463 2320 503 2345 es,
515 2313 600 2339 amica
611 2320 681 2345 mea,
695 2313 765 2339 sicut
779 2313 988 2347 beneplacitum,

209 2362 236 2385 et
252 2358 371 2385 formosa
386 2357 458 2385 sicut
473 2357 634 2391 Jerusalem,
651 2358 782 2385 terribilis
803 2358 874 2385 sicut
887 2364 990 2386 castro-

208 2411 269 2431 rum
288 2404 360 2430 acies
378 2403 502 2431 ordinata
517 2404 549 2430 “.
573 2413 582 2429 I
605 2403 718 2439 Oportet
735 2404 806 2431 enim
822 2411 880 2434 eos,
896 2404 943 2438 qui
954 2411 988 2431 ex

207 2449 334 2484 gentibus
348 2452 422 2479 sunt,
437 2457 491 2476 non
504 2457 565 2477 esse
575 2449 722 2477 dissimiles
735 2449 944 2485 Hierosolyma},
960 2453 990 2476 ut

209 2494 255 2521 ﬁat
271 2502 342 2522 unus
361 2496 486 2530 populus.
504 2495 560 2522 Hoc
575 2500 665 2522 autem
689 2495 728 2527 ﬁt,
745 2495 854 2530 quando
866 2495 947 2522 simul
962 2500 990 2523 ot

209 2540 294 2576 legem
311 2541 494 2574 honoramus,
519 2547 546 2569 et
563 2542 590 2568 in
605 2541 743 2568 Christum
763 2541 911 2568 credimus.
941 2541 990 2568 Est

209 2587 281 2613 enim
293 2594 364 2614 unus
380 2587 459 2618 Deus,
476 2591 503 2615 et
520 2587 586 2622 legis
605 2591 632 2615 et
646 2586 862 2622 Evangeliorum.
893 2587 925 2613 Et
941 2588 988 2621 qui

208 2629 357 2658 Jerusalem
372 2632 539 2660 assimilatus
553 2640 606 2659 non
619 2632 710 2664 fuerit,
722 2640 776 2659 non
792 2632 906 2660 edicitur
918 2631 987 2659 Ver-

209 2675 236 2702 bi
252 2677 364 2704 amicus.
394 2677 543 2706 Jerusalem
571 2679 650 2706 ﬁdem
679 2678 796 2705 ﬁliorum
824 2678 936 2710 videns,
961 2681 988 2705 et.

211 2719 291 2749 Verbi
306 2723 509 2756 humanitatem,
524 2724 610 2751 dicit:
641 2734 649 2750 ι
669 2724 800 2752 Descendi
823 2724 853 2751 in
877 2724 986 2751 hortum

209 2809 233 2827 u
252 2778 374 2827 :ngant;
389 2781 459 2827 I,-6.
511 2782 533 2798 “
552 2782 619 2810 ibid.
654 2783 679 2810 7.
729 2783 752 2799 “
771 2783 850 2811 Cant.
872 2792 925 2818 vn,
944 2785 970 2812 l.

252 2812 331 2845 Cant.
349 2819 374 2842 v'I
385 2835 392 2847 ,
410 2817 436 2844 5.

1051 210 1148 245 ϐολῆς,
1165 209 1240 245 ἠξίου
1261 209 1436 246 στηριχθῆναι
1457 209 1549 236 λοιπὸν
1568 209 1614 236 καὶ
1636 209 1841 246 βεϐαιωθῆναι·

1053 256 1156 291 μήποτε
1167 255 1240 291 πάθῃ
1254 255 1333 281 πάλιν
1344 255 1374 281 τὸ
1384 255 1458 283 αὐτό.
1469 254 1657 290 Παρακληθεὶς
1666 256 1680 281 ὸ
1690 255 1785 289 Λόγος,
1798 255 1844 282 δι-

1051 300 1144 327 δάσκει
1165 300 1257 326 λοιπὸν
1278 300 1362 335 αὐτὴν
1386 299 1429 326 διὰ
1445 299 1562 326 τούτων·
1597 309 1606 325 ι
1626 300 1686 326 Ἐὰν
1710 300 1746 336 μὴ
1762 300 1842 336 γνῷς

1050 346 1149 381 ἑαυτὴν
1162 365 1169 378 ,
1184 347 1200 381 ἡ
1217 346 1286 380 καλὴ
1299 346 1327 371 ὲν
1340 344 1475 379 γυναιξίν,
1493 345 1582 378 ἔξελθε
1598 345 1627 371 ὲν
1641 345 1766 380 πτέρναις
1781 346 1843 373 τῶν

1051 392 1198 427 ποιμνίων,
1213 392 1259 418 καὶ
1274 391 1399 426 ποίμαινε
1413 391 1461 422 τὰς
1475 391 1583 426 ἐρίφους
1601 400 1646 418 σου
1668 392 1714 417 ἐπὶ
1728 391 1840 427 σκηνώι

1052 447 1116 473 μασι
1126 438 1180 464 τῶν
1191 437 1337 474 ποιμένων.
1348 447 1357 463 ι
1368 437 1404 464 Οὐ
1413 437 1522 464 δύναται
1533 439 1587 473 γάρ
1594 446 1635 469 τις
1648 438 1747 472 γνῶναι
1755 438 1838 469 Θεὸν,

1052 484 1089 519 μὴ
1100 484 1229 519 πρότερον
1242 483 1322 517 γνοὺς
1329 483 1436 510 ἑαυτόν.
1449 484 1580 510 Εὑσέϐεια
1594 483 1647 519 γὰρ
1659 485 1699 515 εἰς
1711 484 1778 510 Θεὸν
1790 485 1841 519 ἀρ-

1050 531 1084 565 χὴ
1096 530 1247 565 αἰσθήσεως
1256 538 1263 545 ⁸
1280 530 1404 566 αἴσθησις
1415 531 1443 557 δὲ
1455 531 1503 565 οὐχ
1517 531 1533 565 ἡ
1548 529 1656 563 ἔξωθεν,
1669 530 1724 556 ἀλλ’
1737 530 1840 565 ἠκατᾶ

1049 576 1136 612 ψυχὴν
1152 577 1253 610 διάνοια
1270 577 1337 612 μετά
1350 577 1474 608 πίστεως.
1494 577 1526 602 Ἡ
1540 576 1725 611 Ἰερουσαλὴμ,
1741 576 1839 612 ὁρῶσα

1049 623 1098 658 τὴν
1113 623 1208 658 κλῆσιν
1222 622 1275 649 τῶν
1296 622 1379 650 ἐθνῶν
1395 623 1540 657 γινομένην
1558 623 1586 648 ὲν
1605 622 1771 657 ἀκροϐυστίᾳ
1789 623 1839 648 πί-

1050 678 1144 701 στεως,
1159 669 1334 704 θαυμάζουσα
1349 669 1436 703 λέγει’
1458 679 1467 694 ι
1480 669 1511 695 Τί
1524 667 1621 703 ὄψεσθε
1641 669 1668 694 ὲν
1684 670 1717 703 τῇ
1730 668 1837 694 Σούνα-

1051 715 1132 750 μίτιδι
1142 735 1149 746 ,
1166 715 1182 750 ἡ
1197 715 1328 750 ἐρχομένη
1345 714 1382 745 ὼς
1395 714 1469 749 χοροὶ
1483 713 1536 740 τῶν
1551 713 1744 749 παρεμῦολῶν;
1757 722 1767 739 ι
1796 713 1836 739 οὐ

1049 762 1102 796 γὰρ
1115 760 1144 792 ἐξ
1161 761 1228 792 ἑνὸς,
1243 760 1299 787 ἀλλ’
1313 761 1344 786 ὲκ
1358 760 1456 792 παντὸς
1472 760 1563 791 ἔθνους
1576 760 1688 795 ἤρχοντο
1698 779 1705 790 ,
1718 759 1837 793 ἀφέντες

1048 807 1097 838 τὰς
1116 807 1182 839 ἰδίας
1197 807 1385 843 παρεμϐολὰς,
1401 807 1447 833 καὶ
1461 807 1652 842 συντρίψαντες
1667 806 1717 837 τὰς
1733 805 1837 840 μαχαί-

1049 862 1113 889 ρας,
1135 854 1182 880 καὶ
1203 853 1294 880 λοιπὸν
1311 852 1435 888 εἰρηνικὰ
1449 852 1619 888 φρονοῦντες.
1651 852 1683 878 Ἦ
1699 851 1728 884 ἐξ
1745 851 1834 878 ἐθνῶν

1047 899 1136 934 ὁρῶσα
1149 900 1196 936 τὴν
1214 899 1404 935 Ἰερουσαλὴμ,
1421 899 1514 934 ὥσπερ
1531 898 1717 934 μεμφομένην,
1730 897 1833 925 ἀπολο-

1047 948 1134 980 γεῖται
1145 946 1208 981 περὶ
1218 946 1326 981 ἑαυτῆς·
1338 946 1378 972 ὅτι
1390 945 1427 981 μὴ
1437 945 1508 981 ἀργὴ
1518 945 1601 980 αὐτῆς
1609 945 1681 970 ἐστιν
1693 945 1708 978 ἠ
1719 943 1815 976 κλῆσις
1823 952 1831 958 ·

1050 1001 1059 1017 ι
1072 993 1192 1019 Μέλαινα
1207 993 1262 1028 είμι
1277 992 1324 1019 καὶ
1336 991 1416 1027 καλὴ,
1427 991 1574 1027 θυγατέρες
1593 989 1781 1026 Ἰερουσαλὴμ,
1794 989 1833 1021 ὡς

1048 1038 1213 1074 σκηνώματα
1225 1038 1328 1074 Κηδὰρ,
1341 1038 1378 1070 ὡς
1390 1038 1496 1074 δέρρεις
1503 1036 1641 1072 Σαλομῶν.
1655 1037 1701 1072 Μὴ
1715 1035 1833 1071 βλέψητέ

1048 1093 1097 1120 με,
1112 1085 1152 1111 ὅτι
1166 1084 1221 1118 ἐγὼ
1242 1084 1456 1120 μεμελανωμένη
1473 1083 1531 1119 εἰμὶ
1543 1103 1550 1115 ,
1571 1083 1612 1109 ὅτι
1628 1082 1780 1117 παρέωεψέ
1796 1090 1832 1118 με

1046 1131 1060 1156 6
1074 1130 1158 1164 ἦλιος.
1173 1130 1231 1157 Υἱοὶ
1244 1131 1345 1166 μητρός
1359 1139 1409 1166 μου
1426 1130 1592 1166 ἐμαχέσαντο
1605 1130 1633 1156 ἑν
1649 1129 1724 1164 ἐμοί·
1739 1128 1832 1155 ἓθεντό

1048 1184 1081 1210 με
1092 1175 1260 1210 φυλάκισσαν
1274 1177 1303 1202 ὲν
1314 1176 1482 1211 ἁμπελῶσιν.
1517 1175 1677 1212 ’Δμπελῶνα
1697 1175 1762 1210 ὲμὺν
1781 1175 1832 1201 οὐκ

1046 1219 1176 1254 ἐφύλαξα.
1187 1230 1196 1246 ι
1223 1220 1345 1247 Μέλαινα
1359 1222 1430 1256 είμι·
1459 1221 1517 1248 ἀλλ’
1534 1221 1580 1247 ὑπ’
1593 1219 1673 1247 αὑτὸν
1687 1220 1732 1246 τὸν
1753 1219 1831 1254 ἥλιόν

1046 1267 1112 1301 εἰμι.
1125 1266 1156 1292 Et
1169 1265 1222 1301 γὰρ
1236 1266 1281 1292 καὶ
1295 1267 1460 1302 ἀκρόῦυστός
1470 1268 1540 1302 εἰμι,
1554 1267 1645 1301 φησὶν,
1659 1266 1715 1292 ἀλλ’
1727 1266 1832 1292 ἀπετα-

1047 1312 1134 1348 ξὰμην
1153 1311 1280 1343 εἰδώλοις,
1294 1313 1339 1339 καὶ
1352 1312 1461 1348 ἐξῆλθον
1476 1313 1507 1339 ἐκ
1519 1312 1566 1339 τοῦ
1582 1313 1656 1339 οἴκου
1668 1312 1718 1347 τῆς
1727 1311 1831 1348 μητρός

1047 1367 1115 1394 μου,
1139 1357 1231 1394 ὥσπερ
1246 1358 1292 1385 καὶ
1307 1355 1330 1384 6⁸
1345 1359 1482 1395 Ἀϐραάμ·
1500 1360 1604 1394 ἐκείνης
1627 1359 1680 1395 γάρ
1701 1359 1759 1394 εὶμι
1779 1359 1830 1394 τῆς

1046 1405 1171 1436 πίστεως.
1184 1405 1238 1432 Καὶ
1253 1404 1295 1431 διὰ
1304 1405 1381 1431 τοῦτο
1394 1405 1474 1438 ἀξιῶ,
1491 1415 1500 1431 ι
1512 1406 1648 1440 Εἰσάγαγέ
1661 1414 1694 1441 με
1705 1406 1744 1437 είς
1754 1403 1830 1432 οἶκον

1045 1451 1091 1477 τοῦ
1104 1450 1190 1483 οἴνου,
1212 1451 1308 1484 τάξατε
1330 1452 1372 1477 ἐπ’
1387 1451 1436 1487 ἐμὲ
1449 1452 1558 1487 ἀγάπην
1569 1472 1576 1484 ,
1593 1451 1730 1487 τηρήσατέ
1749 1460 1783 1486 με
1799 1451 1829 1477 ἐν

1047 1496 1152 1532 μύροις,
1164 1496 1322 1523 στοιῆάςατέ
1335 1505 1368 1532 με
1380 1497 1409 1524 ἐν
1423 1497 1517 1533 μήλοις
1527 1507 1533 1513 ·
1545 1498 1585 1524 ὃτι
1596 1498 1751 1533 τετρωμένη
1762 1496 1830 1531 ἁγά-

1044 1550 1096 1576 πης
1108 1542 1171 1576 ἐγώ.
1182 1552 1191 1568 ι
1208 1543 1253 1577 Μὴ
1264 1543 1296 1577 τῇ
1309 1543 1474 1580 ἀκροϐυστίᾳ
1485 1543 1645 1580 προσέχητε,
1658 1543 1714 1570 ἀλλ’
1723 1544 1750 1569 ἐν
1761 1542 1828 1578 ἀγά-

1100 1586 1250 1622 προσλάϐου
1269 1596 1301 1622 με
1311 1608 1318 1619 ,
1334 1585 1356 1614 ὦ
1366 1588 1430 1624 νὸμε
1447 1589 1494 1615 καὶ
1507 1590 1654 1624 προφῆται.
1667 1589 1720 1615 Καὶ
1732 1589 1756 1615 εἰ
1766 1589 1828 1615 δυσ-

1043 1632 1113 1667 ώδης
1132 1633 1190 1668 εἰμὶ
1210 1635 1242 1668 τῇ
1275 1634 1432 1669 ἀγριότητι,
1455 1635 1522 1661 ἀλλὰ
1537 1634 1568 1662 σύ
1585 1643 1618 1670 με
1634 1635 1758 1666 παίδευε,
1779 1635 1827 1661 καὶ

1043 1679 1141 1713 εὐωδίᾳ
1157 1686 1203 1704 σου
1224 1679 1365 1714 στήριξον·
1380 1680 1517 1717 τέτρωμαι
1534 1681 1588 1716 γὰρ
1599 1682 1632 1716 τῇ
1649 1680 1754 1716 ἀγάπῃ.
1772 1680 1827 1706 Καὶ

1043 1723 1087 1750 διὰ
1098 1723 1185 1755 τοῦτο,
1199 1733 1208 1749 ι
1221 1725 1338 1760 Ὥρκισα
1350 1726 1432 1761 ὑμᾶς,
1445 1726 1784 1762 θυγατέρεςῚερουσαλὴμ,
1797 1727 1825 1752 ὲν

1043 1770 1102 1800 ταῖς
1122 1769 1251 1805 δυνάμεσι
1267 1771 1312 1797 καὶ
1328 1773 1388 1803 ταῖς
1406 1773 1494 1808 ἰσχύσι
1508 1773 1554 1799 τοῦ
1570 1772 1654 1808 ἀγροῦ
1664 1793 1672 1804 ,
1689 1772 1736 1798 ἐὰν
1753 1773 1825 1806 ἐγεί-

1044 1823 1123 1850 ρητε,
1139 1816 1185 1842 καὶ
1201 1816 1354 1852 ἐξεγείρητε
1367 1818 1415 1854 τὴν
1428 1818 1536 1853 ἀγάπην
1548 1839 1555 1850 ,
1578 1818 1629 1849 ἕως
1643 1815 1673 1844 οὗ
1689 1817 1800 1852 θελήσῃ.
1813 1827 1822 1843 ι

1049 1861 1163 1897 Ὁρκίζω
1173 1863 1254 1898 ὑμᾶς,
1265 1860 1287 1890 ὦ
1296 1864 1421 1900 πατέρες,
1435 1865 1466 1890 οὺ
1476 1865 1546 1892 κατὰ
1553 1865 1606 1891 τῶν
1614 1865 1763 1899 δυνάμεων.
1775 1865 1824 1891 οὐκ

1043 1906 1130 1940 ἔξεστι
1143 1908 1207 1944 γὰρ,
1223 1909 1278 1935 ἀλλ’
1295 1911 1323 1936 ὲν
1337 1910 1465 1945 δυνάμεσι
1478 1910 1524 1937 τοῦ
1541 1911 1714 1947 παραδείσου,
1730 1911 1772 1943 ἵν’,
1785 1912 1824 1942 εἰς

1042 1954 1144 1980 ἐκεῖνον
1162 1954 1314 1989 βλέποντες,
1331 1957 1368 1989 ὡς
1381 1957 1426 1984 τὸν
1447 1957 1543 1992 Ἀδὰμ,
1558 1957 1643 1988 οὕτως
1662 1965 1694 1992 με
1709 1957 1823 1992 προσδέ-

1042 1997 1134 2033 ξησθε.
1156 2000 1210 2026 Καὶ
1226 2000 1278 2036 γὰρ
1297 2002 1377 2028 κάκεῖ
1392 2002 1441 2028 οὐκ
1453 1999 1487 2038 ἦν
1503 2002 1655 2037 περιτομή·
1671 2001 1732 2036 ἄρτι
1748 2001 1775 2027 δὲ
1790 2001 1823 2027 τὰ

1042 2043 1087 2069 τοῦ
1108 2044 1191 2080 Ἀδὰμ
1206 2046 1414 2079 ἀνακαινίζεται.
1437 2048 1466 2074 '0
1488 2048 1573 2081 Λόγος
1586 2047 1656 2083 ὁρῶν
1669 2048 1718 2082 τὴν
1734 2047 1823 2074 πίστιν

1041 2089 1095 2116 τῶν
1110 2090 1193 2117 ἐθνῶν
1203 2111 1210 2123 ,
1226 2092 1273 2118 καὶ
1287 2093 1481 2128 ἀποδεχόμενος
1494 2093 1567 2127 λέγει
1577 2101 1583 2107 ·
1598 2102 1608 2118 ι
1620 2093 1708 2128 Καλὴ,
1724 2094 1740 2128 ἡ
1755 2093 1823 2128 πλη-

1043 2135 1098 2162 σίον
1116 2145 1177 2171 μου,
1192 2138 1229 2169 ὡς
1241 2138 1360 2171 εὐδοκία,
1385 2139 1473 2175 ὡραία
1491 2140 1528 2171 ὡς
1549 2139 1738 2175 Ἰερουσαλὴμ,
1754 2139 1824 2174 θάμ-

1043 2180 1088 2212 6ος
1110 2181 1147 2213 ὡς
1162 2184 1332 2219 τεταγμέναι.
1348 2195 1357 2210 i
1377 2185 1413 2211 Οὺ
1429 2185 1482 2220 γὰρ
1498 2185 1600 2216 ἄλλως,
1617 2185 1633 2220 ἢ
1650 2185 1686 2216 ὡς
1702 2185 1752 2220 τὴν
1773 2185 1820 2211 Ἱε-

1043 2228 1182 2263 ρουσαλὴμ
1195 2229 1233 2255 δεῖ
1246 2228 1314 2256 εἶναι
1326 2231 1388 2262 τοὺς
1401 2231 1454 2257 ἀπὸ
1464 2231 1517 2258 τῶν
1533 2231 1633 2264 ἐθνῶν,
1649 2231 1691 2258 ἵνα
1705 2228 1745 2262 εἷς
1758 2230 1821 2262 λαὸς

1042 2273 1163 2307 γένηται.
1191 2275 1274 2302 Τοῦτο
1287 2276 1316 2302 δὲ
1330 2276 1432 2311 γίνεται
1444 2296 1452 2308 ,
1467 2277 1529 2303 ὅταν
1544 2277 1612 2312 μετὰ
1625 2277 1672 2304 τοῦ
1684 2277 1765 2312 τιμᾷν
1777 2277 1822 2303 τὸν

1041 2319 1120 2354 νόμον
1138 2321 1307 2357 πιστεύωμεν
1321 2323 1366 2350 τὸν
1381 2324 1508 2359 Χριστόν.
1537 2321 1583 2355 Εἷς
1599 2323 1652 2359 γὰρ
1666 2325 1680 2350 ὁ
1695 2323 1760 2354 Θεὸς
1775 2323 1820 2350 τοῦ

1041 2366 1120 2401 νόμον
1132 2368 1177 2394 καὶ
1190 2369 1243 2394 τῶν
1255 2369 1435 2405 Εὑαγγελίων.
1453 2372 1507 2397 Καὶ
1519 2371 1533 2397 ὁ
1548 2371 1583 2407 μὴ
1593 2371 1631 2403 ὠς
1647 2370 1822 2406 Ἰερουσαλὴμ

1040 2412 1182 2447 γενόμενος
1197 2415 1227 2440 ού
1241 2416 1343 2448 γίνεται
1359 2417 1470 2451 πλησίον
1483 2416 1528 2444 τοῦ
1545 2418 1642 2451 Λόγου.
1675 2417 1708 2443 Ἦ
1724 2417 1820 2452 Ἰερου-

1041 2457 1145 2491 σαλὴμ,
1159 2459 1249 2493 ὁρῶσα
1265 2461 1318 2486 τῶν
1338 2461 1439 2487 τέκνων
1458 2462 1508 2497 τὴν
1523 2462 1627 2494 πίστιν,
1650 2462 1696 2488 καὶ
1711 2461 1758 2497 τὴν
1773 2461 1818 2488 τοῦ

1039 2501 1124 2535 Λόγου
1133 2503 1345 2539 φιλανθρωπίαν,
1359 2505 1431 2540 λέγει
1440 2515 1447 2521 ι
1465 2517 1473 2532 1
1487 2508 1533 2538 Εἰς
1542 2507 1628 2541 κῆπον
1643 2507 1745 2541 καρύας
1756 2515 1818 2534 κατ-

1038 2545 1104 2581 έὸην
1123 2548 1186 2575 ίδεῖν
1213 2550 1242 2575 ἐν
1256 2551 1403 2587 γεννήματι
1417 2552 1464 2578 τοῦ
1476 2553 1626 2589 χειμάρρου
1638 2572 1645 2584 ,
1660 2554 1684 2579 εἰ
1698 2552 1818 2587 ἤνθησαν

1038 2592 1066 2618 αἱ
1087 2594 1158 2628 ῥοιαί
1167 2603 1173 2609 ·
1202 2596 1259 2622 ἐκεῖ
1272 2596 1349 2624 δώσω
1364 2599 1426 2630 τοὺς
1439 2599 1555 2634 μαστούς
1569 2607 1630 2633 μου.
1647 2599 1703 2625 Οὐκ
1718 2598 1814 2634 ἔγνωή

1040 2636 1111 2674 ψυχή
1130 2647 1179 2674 μου
1189 2660 1196 2672 ,
1218 2641 1294 2668 ἔθετό
1310 2651 1342 2677 με
1360 2644 1469 2679 ἅρματα
1495 2645 1649 2680 Ἀμιναδά6.
1663 2654 1672 2670 ι
1686 2638 1692 2646 ’
1706 2645 1752 2675 Εἰς
1765 2645 1817 2680 γὰρ

1039 2682 1084 2710 τὸν
1097 2685 1184 2719 κῆπον
1205 2687 1254 2722 τῆς
1270 2689 1382 2724 καρύας,
1402 2689 1474 2716 τοῦτ’
1489 2689 1561 2716 ἐστιν
1575 2691 1615 2721 εἰς
1639 2689 1688 2721 τὰς
1698 2689 1815 2724 Γραφὰς,

1038 2728 1180 2766 ἐγενόμην,
1195 2733 1294 2766 αἵτινες
1307 2734 1344 2766 ὡς
1356 2734 1455 2771 καρύαι
1471 2736 1549 2767 εἰσὶν,
1564 2735 1661 2768 ἔξωθεν
1679 2735 1726 2770 μὲν
1742 2734 1816 2770 σκλης

1024 2785 1047 2803 ⁵³
1066 2789 1143 2817 Cant.
1165 2798 1189 2824 ι,
1221 2791 1248 2824 ι,
1265 2792 1291 2820 5.
1344 2793 1366 2809 ⁸³
1384 2792 1463 2820 Cant.
1483 2801 1520 2827 ιι,
1539 2794 1566 2827 4,
1585 2794 1611 2821 5.
1662 2793 1685 2809 ⁵⁵
1703 2793 1770 2821 ibid.
1789 2792 1814 2821 7.
