1929 3056
105 124 159 152 557

639 116 805 146 SYNOPSIS
821 115 1031 144 SCRIPTURJE
1052 114 1187 144 SACRE.

1683 113 1735 143 558

105 182 162 219 ραὶ,
180 181 283 208 ἔσωθεν
294 180 323 206 δὲ
340 177 528 215 πνευματικαί.
543 174 630 209 Εἶδον,
646 177 686 204 ὃτι
699 176 844 211 ζευχθῆναί
859 184 891 210 με

945 183 1056 209 nucum,
1069 180 1099 202 ιιι
1111 174 1231 202 viderem
1246 172 1368 209 germina
1383 171 1518 200 torrentis
1531 182 1537 199 :
1556 180 1620 199 num
1635 171 1735 200 ﬂorue-

102 228 145 254 δεῖ
162 227 200 258 ὡς
222 227 253 252 ἐν
270 226 373 260 ἅρματι
390 225 422 259 τῇ
444 223 472 256 ἐξ
491 223 575 250 ἐθνῶν
597 222 702 258 κλήσει.
726 221 894 256 Ζευχοέντων

103 274 193 300 τοίνυν
209 272 374 308 ἀμφοτέρων
389 271 442 298 τῶν
452 271 534 303 λαῶν,
547 271 639 297 λοιπὸν
653 270 789 304 πανταχοῦ
803 269 833 295 τὸ
846 269 895 304 κή-

105 327 198 354 ρυγμα
207 317 356 352 ἀπεστάλη,
366 317 412 343 καὶ
421 316 514 343 τούτου
525 316 642 350 γίνονται
652 315 769 341 διάκονοι
779 315 803 340 οἱ
814 314 895 348 ἄγγε-

103 365 155 397 λοι,
169 365 308 398 λέγοντες·
330 373 339 389 ι
358 363 493 395 Ἐξέλθετε
510 363 556 390 καὶ
576 362 642 388 ἴδετε
659 363 687 387 ἐν
703 361 740 396 τῷ
766 359 894 395 Σαλομὼν

102 412 133 437 ἐν
148 410 186 446 τῷ
201 410 334 444 στεφάνῳ,
345 405 367 442 ᾧ
382 408 567 443 ἐστεφάνωσεν
583 407 690 442 αὑτονή
705 408 795 442 μήτηρ
812 406 892 432 αὐτοῦ

102 457 134 482 ἐν
148 455 239 490 ἡμέρᾳ
257 454 433 490 νυμφεύσεως
450 453 530 480 αὑτοῦ
541 473 548 483 ,
577 452 623 479 καὶ
639 453 667 478 ἐν
682 451 772 487 ἡμέρᾳ
793 451 892 486 εὐφρο-

103 502 187 536 σύνης
208 501 319 536 καρδίας
335 500 427 526 αὐτοῦ.
441 509 449 525 ι
475 500 504 525 Ὅ
518 499 572 534 γὰρ
587 497 763 533 ἐξερχόμενος
777 497 831 523 ἀπὸ
844 496 893 531 τῆς

101 548 202 579 κακίας
216 547 309 582 ἅψεται
324 548 370 574 καὶ
377 546 425 582 τὴν
439 546 484 572 τοῦ
494 546 580 580 Λόγου
595 545 662 580 πρὸς
674 545 703 571 τὸ
718 543 797 578 σῶμα
811 543 893 579 ἄτρε-

101 601 170 620 πτον
185 592 290 619 ἕνωσιν.
321 593 385 618 Ὅτε
402 592 456 626 γὰρ
472 592 566 625 γέγονε
578 590 727 625 νύμφευσις
744 589 790 615 τοῦ
808 589 891 623 Λόγου

102 640 172 675 πρὸς
194 640 267 674 ἡμᾶς
280 639 324 665 διὰ
343 638 392 673 τῆς
406 637 453 664 τοῦ
476 637 601 672 σώματος
616 635 737 666 ἑνώσεως
749 655 755 666 ,
769 635 829 661 τότε
847 635 892 660 καὶ

101 688 151 722 τὴν
165 685 235 712 κατὰ
246 684 292 711 τοῦ
305 684 420 711 θανάτου
431 684 508 718 νίκην
519 682 660 717 πεποίηκε,
673 682 706 708 δι’
715 682 747 716 ἦν
761 679 892 716 εὐφροσύ-

102 741 151 767 νης
169 732 256 758 πάντα
274 730 448 766 πεπλήρωκε.
470 728 587 755 Τοιαῦτα
605 730 632 755 ἐν
649 727 688 762 τῷ
706 728 825 763 ’ᾼσματι
838 726 892 754 τῶν

101 777 232 813 ᾀσμάτων
247 776 280 803 τὰ
296 777 350 802 τῶν
364 776 493 810 διαλόγων
508 775 597 801 ἐστίν·
614 773 644 806 ἐξ
659 770 696 800 ὧν
710 773 836 808 ἀφορμήν
850 781 892 803 τις

101 822 191 849 λαϐὼν
202 842 209 854 ,
221 821 332 849 δύναται
349 822 397 848 ἀπ’
413 821 495 848 αὑτοῦ
512 821 557 847 τοῦ
575 819 677 856 βιϐλίου
691 820 726 846 τὰ
741 820 820 854 ὅμοια
835 820 892 850 τοῖς

102 869 203 904 ὁμοίοις
218 869 362 895 συνάπτειν
377 868 447 895 κατὰ
463 867 508 895 τὸν
524 867 596 894 νοῦν.

945 222 1000 248 rint
1011 221 1081 248 mala
1098 220 1198 256 punica
1213 229 1219 247 :
1240 219 1277 246 ibi
1291 218 1361 246 dabo
1377 218 1461 245 ubera
1477 225 1547 244 mea.
1559 217 1619 245 Non
1635 225 1736 252 cogno-

945 269 983 295 vit
995 268 1084 294 anima
1100 275 1177 299 mea,
1205 265 1296 301 posuit
1319 272 1361 292 me
1378 271 1477 291 currus
1500 263 1652 291 Aminadab
1664 263 1698 292 “.
1721 273 1733 290 ι

945 314 973 341 ln
987 313 1094 340 hortum
1108 313 1181 340 enim
1197 319 1309 343 nucum,
1323 310 1374 337 hoc
1385 314 1437 342 est,
1451 311 1477 336 in
1495 309 1651 344 Scripturas
1662 310 1734 343 veni,

944 367 1004 394 quae
1015 360 1102 386 instar
1117 366 1218 385 nucum
1235 360 1310 388 sunt,
1326 356 1392 383 foris
1407 356 1491 387 dune.
1509 356 1585 383 intus
1600 356 1734 390 spiritua-

945 407 993 433 les.
1017 405 1087 438 Vidi,
1103 405 1176 439 quod
1194 403 1332 438 jungenda
1347 410 1421 436 sum,
1436 402 1509 430 velut
1525 402 1551 428 in
1567 410 1734 437 curru,gen-

944 451 1012 478 tium
1028 449 1175 477 vocationi.
1191 448 1352 483 Conjunctis
1369 448 1452 482 igitur
1475 447 1599 482 utrisque
1613 447 1732 482 populis,

944 495 972 522 in
987 495 1078 522 orbem
1101 499 1235 522 terrarum
1250 494 1350 522 emissa
1367 497 1408 521 est
1423 493 1590 528 praedicatio,
1608 497 1635 519 et
1649 492 1733 527 hujus

943 539 1062 567 ministri
1077 542 1140 567 su'nt
1156 539 1257 574 angeli,
1273 538 1395 566 dicentes
1409 547 1416 565 :
1431 547 1441 563 ι
1459 537 1636 573 Egredimini,
1655 542 1683 565 et
1697 538 1734 566 vi-

943 587 1004 614 dete
1017 585 1189 613 Salomonem
1199 586 1226 612 in
1240 592 1412 619 corona,qua
1422 584 1562 611 coronavit
1570 585 1658 619 ipsum
1672 592 1732 612 ma-

943 636 985 659 ter
999 631 1069 666 ejus,
1085 632 1112 658 in
1130 632 1174 658 die
1189 631 1410 665 desponsationis
1431 630 1501 665 ejus,
1514 633 1540 657 et
1559 630 1586 656 in
1601 630 1645 658 die
1661 631 1731 658 laeti-

944 678 989 705 tiae
1007 677 1099 705 cordis
1110 677 1170 712 ejus
1182 677 1215 703 ⁸⁷.
1231 686 1241 702 ›
1258 676 1310 708 Qui
1326 684 1443 710 namque
1463 683 1478 703 e
1504 675 1607 702 malitia
1623 676 1731 711 egredi-

943 727 997 755 tur,
1015 723 1211 750 immutabilem
1229 721 1310 749 Verbi
1326 725 1352 748 et
1367 721 1458 748 carnis
1473 721 1604 747 unitatem
1619 721 1730 749 videbit.

943 769 1058 803 Quando
1074 769 1146 795 enim
1164 767 1246 795 Verbi
1260 767 1405 794 nobiscum
1418 787 1425 799 ,
1451 774 1499 802 per
1514 766 1639 801 corporis
1653 767 1732 793 unio-

943 823 1016 848 nem,
1030 814 1102 842 l'acta
1117 818 1158 842 est
1173 813 1359 849 desponsatio,
1372 817 1439 840 tunc
1452 817 1480 840 et
1495 812 1528 840 de
1543 816 1631 840 morte
1645 812 1728 840 vieto-

905 861 927 888 B
943 862 1011 903 ria_m
1027 861 1128 892 retulit,
1142 863 1251 894 propter
1261 866 1343 894 quam
1352 862 1380 887 et
1394 858 1484 886 omnia
1497 858 1588 886 laetitia
1601 858 1732 893 adimple—

101 914 151 942 vit.
172 914 331 949 Hujusmodi
349 914 571 949 suntdialogi,in
585 913 699 941 Cantico
710 913 890 943 canticorum,
909 918 943 938 ex
969 909 1068 944 quibus
1100 907 1245 934 occasione
1273 909 1382 940 sumpta
1409 905 1510 940 poterit
1531 905 1593 940 quis
1615 905 1644 932 in
1670 904 1730 939 ipsa

102 961 188 989 libelli
201 962 327 993 lectione,
336 961 435 989 similia
447 961 583 988 similibus
595 960 725 996 adaptare
738 960 890 988 secundum
907 956 1082 985 sententiam.

367 1018 488 1044 Βιόἷῖίον
501 1017 549 1049 ιζ’,
575 1017 642 1044 Ἰὼϐ.

137 1075 184 1102 25.
214 1075 274 1101 Ἰὼϐ
301 1075 504 1110 ἐπιγέγραπται
528 1074 558 1100 τὸ
583 1073 701 1109 βιϐλίον,
727 1072 819 1108 ἐπειδὴ
844 1073 892 1108 τὴν

68 1148 76 1155 ,
101 1122 163 1150 κατ’
180 1122 258 1149 αὑτὸν
274 1121 394 1157 ἱστορίαν
410 1121 541 1156 περιέχει,
559 1120 618 1152 πῶς
635 1129 663 1146 τε
690 1119 816 1151 πέπονθε,
835 1127 893 1145 πει-

103 1167 214 1203 ρασϐεὶς
225 1167 276 1193 ὑπὸ
285 1166 333 1192 τοῦ
344 1166 467 1193 διαϐόλου
478 1174 484 1180 ”
497 1167 544 1193 καὶ
556 1166 671 1201 νικήσας
684 1166 730 1192 καὶ
744 1164 893 1200 ὑπομείνας

102 1213 221 1245 εὐσεϐῶς
249 1213 298 1244 τὰς
334 1212 525 1247 ἐπενεχθείσας
561 1211 636 1247 αὑτῷ
665 1210 787 1245 πληγὰς,
812 1210 893 1236 διπλᾶ

98 1259 185 1285 πάλιν
201 1258 288 1285 πάντα
303 1257 433 1287 ἀπέλαϐε,
451 1257 498 1283 καὶ
512 1256 621 1290 γέγονεν
636 1255 802 1290 ἐνδοξότερος
820 1254 890 1291 ὑπὲρ

100 1304 116 1330 ὃ
129 1302 175 1340 ἦν,
192 1304 238 1330 καὶ
255 1303 317 1338 ἔσχε
337 1302 417 1329 πάλιν
437 1302 519 1328 τέκνα
539 1302 613 1328 δέκα.
636 1300 757 1328 nemo:
779 1300 806 1326 δὲ
823 1300 890 1327 ἐτῶν

96 1350 140 1376 ὣν
156 1353 187 1381 o'.
206 1349 244 1380 ὡς
259 1347 329 1375 εἶναι
352 1347 440 1374 πάντα
461 1347 496 1374 τὰ
515 1347 561 1382 ἔτη
581 1348 630 1382 τῆς
649 1345 720 1380 ζωῆς
734 1344 815 1371 αὐτοῦ
834 1347 887 1380 σμ’.

101 1396 180 1423 Μετὰ
191 1395 244 1430 γὰρ
256 1396 306 1427 τὰς
320 1394 426 1429 πληγὰς
442 1393 539 1429 ἔζησεν
563 1393 644 1428 ἕτερα
661 1392 707 1428 ἐτη
726 1395 772 1428 ρο¹.
791 1391 889 1425 Γέγονε

101 1442 131 1468 δὲ
152 1441 212 1468 Ἰὼϐ
228 1441 280 1476 πρὸ
296 1441 435 1472 Μωῡσέως
446 1449 452 1455 ·
469 1440 523 1467 ἀπὸ
539 1439 592 1475 γὰρ
617 1438 741 1474 Ἀϐραὰμ
767 1438 890 1473 πέμπτος

99 1485 146 1524 ἦν,
171 1487 280 1521 ἔκγονος
308 1486 354 1513 τοῦ
393 1485 488 1512 Ἠσαῦ.
511 1485 565 1516 ,Διὰ
586 1485 634 1520 τὴν
656 1483 804 1519 γενομένην
829 1482 889 1510 κατ’

1149 1011 1226 1046 125
1249 1010 1326 1037 Liber
1343 1009 1441 1042 XVII,
1459 1009 1520 1037 Job.

979 1068 1023 1095 25.
1042 1067 1092 1094 Job
1108 1067 1257 1101 inscriptus
1282 1070 1323 1093 est
1339 1065 1384 1092 hic
1399 1065 1478 1098 liber,
1494 1065 1623 1100 quoniam
1639 1065 1728 1094 histo-

943 1113 1010 1140 riam
1026 1111 1099 1139 illius
1116 1110 1307 1146 complectitur
1319 1119 1325 1137 :
1335 1117 1435 1145 nempe
1446 1110 1510 1145 quid
1524 1118 1669 1145 perpessus
1682 1111 1729 1143 sit,

944 1162 1064 1186 tentatus
1080 1165 1095 1184 a
1111 1157 1230 1188 diabolo,
1256 1160 1283 1183 et
1305 1155 1442 1190 quomodo
1457 1155 1563 1188 vicerit,
1582 1163 1614 1183 ac
1640 1156 1730 1184 illatas

942 1203 1036 1238 plagas
1047 1202 1088 1237 pie
1102 1201 1258 1229 toleraverit
1274 1209 1280 1226 :
1296 1208 1392 1227 rursus
1406 1200 1497 1227 omnia
1509 1200 1645 1236 duplicata
1656 1210 1731 1230 receo

943 1249 1023 1284 perit,
1045 1248 1242 1281 illustriorque,
1258 1253 1340 1281 quam
1355 1245 1444 1272 fuerat
1463 1249 1553 1278 antea,
1567 1245 1668 1280 factus,
1682 1247 1732 1275 ite-

942 1301 1003 1320 rum
1018 1293 1110 1321 decem
1136 1292 1235 1319 liberos
1253 1290 1414 1325 susceperit.
1438 1289 1541 1318 Passus
1561 1295 1603 1318 est
1628 1296 1730 1324 autem,

943 1346 1004 1366 cum
1020 1346 1106 1366 annos
1130 1337 1301 1373 septuaginta
1325 1342 1405 1364 natus
1424 1340 1507 1370 esset,
1527 1337 1565 1364 ita
1592 1341 1621 1364 ut
1637 1346 1732 1367 omnes

943 1385 1030 1420 ipsius
1046 1384 1110 1412 anni
1131 1384 1231 1411 fuerint
1242 1382 1306 1410 240.
1324 1382 1389 1410 Post
1407 1387 1535 1417 acceptas
1551 1383 1623 1410 enim
1636 1384 1732 1419 plagas

943 1439 1029 1458 annos
1053 1430 1143 1457 adhuc
1171 1429 1238 1456 vixit
1269 1427 1331 1455 170.
1364 1427 1439 1454 Vixit
1463 1431 1554 1455 autem
1580 1427 1633 1456 Job
1669 1433 1731 1456 ante

943 1476 1061 1512 Moysem
1074 1484 1080 1501 ε
1098 1481 1156 1503 erat
1170 1475 1242 1502 enim
1257 1473 1369 1509 quintus
1383 1473 1416 1500 ab
1440 1473 1576 1500 Abraham
1592 1481 1625 1500 ex
1639 1478 1731 1508 poste—

101 1534 184 1561 αὐτοῦ
198 1534 303 1569 πληγὴν
322 1531 402 1568 ἦλθον
420 1533 495 1567 τρεῖς
518 1530 600 1558 αὑτοῦ
614 1530 684 1564 φίλοι
701 1528 891 1565 παρακαλέσαι

945 1523 982 1549 ris
997 1521 1079 1549 Esau.
1091 1520 1230 1548 Venerunt
1245 1520 1279 1547 ad
1298 1527 1360 1547 eum
1376 1518 1536 1545 consolandi
1551 1519 1648 1553 gratia,
1668 1526 1731 1553 pro-

101 1579 194 1611 αὑτὺν,
209 1577 323 1612 Ἐλιφὰζ
339 1578 353 1603 ὁ
367 1576 513 1612 Θαιμανῶν
531 1575 666 1611 βασιλεὺς,
682 1574 783 1600 Βαλδὰδ
796 1574 809 1599 ὁ
825 1574 892 1600 Σαυ-

99 1625 188 1660 χαίων
213 1624 355 1659 τύραννος,
382 1622 473 1658 Σοφὰρ
498 1623 512 1648 ὁ
539 1621 659 1648 Μιναίων
686 1619 822 1655 βασιλεύς.
838 1619 893 1646 Καὶ

102 1669 262 1704 φιλονείκως
297 1670 346 1705 μὲν
370 1669 416 1695 καὶ
445 1667 632 1702 ἀνελεημόνως
655 1666 731 1692 αὐτοὶ
759 1665 892 1701 ἐλάλησαν

100 1716 189 1752 αὐτῷ,
223 1715 393 1750 ἐναλλόμενοι
411 1715 469 1741 κατ’
487 1714 583 1740 αὐτοῦ·
600 1713 669 1740 ὥστε
690 1712 737 1739 καὶ
756 1711 892 1747 ἁμαρτίαν

102 1763 196 1794 αὐτοῖς
210 1763 242 1789 ἐκ
254 1762 348 1788 τούτου
364 1761 530 1796 λογισθῆναι.
548 1761 576 1786 '0
589 1760 618 1786 δὲ
635 1758 694 1786 Ἰὼϐ
708 1758 892 1795 παρεκάλεσεν

103 1810 175 1845 ὑπὲρ
188 1805 276 1835 αὐτῶν
291 1808 336 1834 τὸν
349 1807 425 1840 Θεὸν,
444 1808 491 1834 καὶ
505 1806 679 1842 συνεχωρήθη
694 1806 794 1837 αὐτοῖς.
815 1804 892 1831 Εἰσὶν

101 1855 149 1883 οὖν
162 1856 208 1883 τοῦ
225 1856 273 1890 μὲν
293 1855 352 1882 Ἰὼϐ
375 1854 492 1888 διάλογοι
517 1853 585 1889 πρὸς
606 1853 667 1884 τοὺς
683 1853 775 1887 φίλους
797 1851 890 1879 ἐννέα·

102 1902 150 1929 τοῦ
167 1902 196 1928 δὲ
210 1901 322 1935 Ἐλιφὰζ
335 1901 403 1936 πρὸς
420 1899 500 1927 αὑτὸν
513 1901 604 1935 τρεῖς,
615 1898 662 1926 τοῦ
679 1899 706 1925 δέ
720 1898 811 1933 Σοφὰρ
825 1897 892 1933 πρὸς

103 1949 186 1975 αὑτὸν
202 1948 258 1980 δύο,
280 1948 326 1974 καὶ
347 1947 394 1973 τοῦ
417 1946 520 1973 Βαλδὰδ
538 1947 621 1981 τρεῖς.
642 1945 718 1971 Ἔστι
738 1944 767 1970 δὲ
785 1943 830 1970 καὶ
844 1943 891 1969 τοῦ

109 1993 214 2025 Ἐλεοῦς
225 1992 272 2019 τοῦ
288 1991 438 2027 Βαραχιὴλ,
450 1990 497 2017 τοῦ
513 1990 652 2021 Βουςίτου,
671 1992 705 2015 α’.
722 1987 776 2014 Καὶ
800 1986 891 2013 λοιπὸν

102 2036 119 2067 ὁ
145 2040 247 2075 Κύριος
275 2036 439 2073 χρηματίζει
467 2035 506 2071 τῷ
541 2034 600 2062 Ἰὼϐ
622 2035 666 2061 διὰ
693 2033 820 2064 λαίλαπος
845 2032 893 2060 καὶ

103 2086 203 2120 νεφῶν.
223 2084 409 2119 Ἀποκρίνεται
424 2083 452 2109 δὲ
469 2082 516 2109 καὶ
535 2081 594 2108 Ἰὼϐ
609 2081 647 2117 τῷ
664 2081 758 2116 Κυρίῳ
779 2079 823 2106 διὰ
849 2080 893 2106 λό-

105 2141 161 2167 γων
177 2130 313 2166 δεύτερον.
865 2122 869 2127 ’

183 2189 305 2216 Βιϐλίων
322 2191 370 2221 ιη’,
388 2188 419 2213 οι
436 2187 472 2218 ιβ’
484 2185 643 2220 προφῆται.
665 2183 764 2218 Ὠσηὲ,
779 2186 814 2209 α’.

141 2246 186 2273 26.
205 2245 334 2279 Γεγόνασι
359 2243 407 2279 μὲν
424 2243 471 2269 καὶ
486 2242 538 2277 πρὸ
551 2235 649 2267 ’τούτου
671 2239 825 2275 προφῆται·
847 2236 892 2264 ἐπὶ

108 2292 158 2328 μὲν
179 2290 226 2317 τοῦ
254 2289 346 2321 Δαϐὶδ,
364 2288 501 2324 Σαμουὴλ,
521 2287 568 2313 καὶ
585 2285 687 2316 Ναϐὰν,
701 2285 749 2311 καὶ
762 2284 830 2310 Γάδ“
846 2282 893 2308 ἐπὶ

106 2326 135 2362 δὲ
149 2335 196 2362 τοῦ
218 2334 336 2368 Ῥοϐοὰμ
359 2333 406 2359 καὶ
431 2331 509 2358 Ἀϐιᾶ
532 2331 579 2357 καὶ
604 2330 679 2359 Ἀσᾶ,
707 2327 798 2362 Ἀχίας
814 2326 828 2352 ὁ
842 2326 894 2360 Ση-

106 2382 232 2416 λωνίτης,
243 2381 290 2407 καὶ
307 2379 440 2414 Σαμαίας,
451 2377 499 2403 καὶ
516 2375 607 2406 ’Δδδὼ,
623 2375 669 2401 καὶ
691 2373 830 2408 Ἀζαρίας,
848 2370 895 2397 καὶ

114 2427 214 2462 Ἀνεμῆ
227 2435 234 2441 ·
250 2425 296 2452 ἐπὶ
307 2425 334 2451 δε
346 2423 392 2450 τοῦ
415 2422 549 2456 Ἰωσαφὰτ
561 2421 608 2447 καὶ
621 2419 667 2446 τοῦ
684 2417 785 2454 ’Λχαὰϐ
802 2416 894 2448 Ἠλίας

106 2474 155 2500 καὶ
171 2473 329 2503 Ἐλισσαῖος,
345 2471 392 2496 καὶ
408 2470 422 2496 ὁ
438 2467 628 2504 προφητεύσας
647 2465 686 2500 τῷ
711 2463 812 2499 Ἀχαὰϐ
830 2462 893 2498 περὶ

106 2521 157 2555 τῆς
183 2518 282 2554 Συρίας
309 2517 356 2544 καὶ
381 2517 396 2543 ὁ
415 2514 538 2546 πατάξας
561 2512 655 2539 ἑαυτὸν
679 2510 826 2546 τραύματι,
848 2509 894 2535 καὶ

107 2553 276 2600 ἐλέγξαςντδν
297 2562 466 2598 ’Λχαὰϐ,καὶ
484 2559 534 2587 Ἰοῦ
549 2561 562 2586 ὁ
574 2558 620 2585 τοῦ
638 2557 718 2592 Ἀμῆ,
728 2556 775 2583 καὶ
792 2553 892 2589 Ὀζιὴλ,

107 2613 156 2639 καὶ
175 2610 291 2637 Ἰλιάδα.
313 2608 381 2635 Ἀλλ’
397 2608 426 2634 σὺ
445 2606 556 2642 φέρεται
568 2605 669 2631 τούτων
682 2603 736 2629 ἴδια
751 2601 893 2637 συγγράμ-

109 2668 193 2695 ματα,
211 2658 236 2684 εἰ
249 2657 286 2692 μὴ
299 2656 378 2691 μόνον
391 2656 415 2681 dt
429 2653 505 2687 λόγοι
519 2651 608 2679 αὐτῶν
621 2651 649 2676 ἐν
663 2650 724 2680 ταῖς
739 2646 894 2677 Βασιλείαις

107 2692 157 2731 καὶ
171 2705 231 2734 ταῖς
246 2699 508 2737 Παραλειπομέναις.
526 2697 570 2724 Ἐν
584 2696 611 2722 δὲ
626 2697 681 2726 τοῖς
696 2692 892 2728 συγγράψασιν,

109 2747 148 2777 ὢν
163 2748 255 2776 καὶτὰ
273 2747 474 2783 συγγράμματα
495 2745 617 2780 φέρεται,
633 2741 735 2778 πρῶτοι
752 2739 894 2774 γεγόνασιν

165 2843 188 2858 ⁸⁸
207 2842 286 2870 Cant.
305 2849 342 2875 vr,
364 2839 412 2872 l0,
430 2838 474 2865 Η.
512 2837 532 2853 ’τ
552 2835 630 2863 Cant.
649 2841 698 2866 tu,
716 2832 760 2860 Μ.

944 1574 1003 1604 pter
1018 1569 1123 1603 plagam
1141 1574 1221 1602 quam
1239 1566 1352 1598 ferebat,
1369 1569 1424 1593 tres
1438 1565 1517 1592 amici
1531 1565 1601 1599 ejus,
1619 1564 1730 1600 Eliphaz

944 1614 1152 1641 'l'lncmanorum
1170 1620 1228 1644 rex,
1245 1611 1348 1639 Baldad
1375 1611 1568 1638 Sauchzeorum
1585 1614 1730 1646 tyrannus,

942 1665 969 1688 et
980 1660 1086 1694 Sophar
1108 1666 1154 1686 rex
1176 1657 1347 1684 Minaeorum.
1363 1656 1516 1691 Locutique
1531 1659 1595 1683 sunt
1608 1656 1647 1682 illi
1664 1663 1730 1683 con-

943 1706 1088 1734 tentiosius
1109 1708 1136 1732 et
1168 1704 1227 1731 sine
1241 1703 1489 1735 commiseratione,
1507 1702 1669 1730 insultantes
1690 1701 1731 1729 af-

942 1752 1026 1784 ﬂicto,
1043 1751 1115 1787 quod
1137 1751 1165 1778 in
1182 1753 1323 1785 peccatum
1347 1749 1401 1776 illis
1425 1752 1467 1776 est
1491 1749 1663 1783 imputatum.
1679 1747 1731 1776 Job

942 1806 1006 1827 vero
1020 1798 1103 1826 Deum
1115 1805 1164 1832 pro
1180 1797 1235 1823 illis
1248 1800 1373 1832 precatus
1386 1799 1438 1829 est,
1451 1798 1477 1822 et
1493 1794 1677 1821 condonatum
1688 1799 1731 1822 est

942 1846 982 1873 eis
1009 1849 1160 1880 peccatum.
1178 1843 1250 1870 Sunt
1271 1846 1361 1869 autem
1387 1841 1488 1877 dialogi
1503 1840 1564 1873 Job,
1582 1848 1651 1876 quos
1667 1849 1730 1868 cum

943 1892 1038 1919 amicis
1059 1890 1166 1922 habuit,
1183 1897 1279 1916 novem
1294 1897 1300 1914 :
1321 1888 1432 1923 Eliphaz
1450 1894 1514 1914 vero
1533 1886 1567 1913 ad
1588 1885 1640 1913 Job
1654 1890 1730 1919 tres;

944 1938 1050 1972 Sophar
1066 1937 1130 1968 duo,
1145 1941 1172 1963 et
1197 1935 1298 1962 Baldad
1320 1938 1386 1962 tres.
1403 1933 1436 1960 Et
1460 1933 1535 1960 Elius
1559 1940 1667 1968 quoque
1682 1932 1729 1959 ﬁlii

941 1982 1095 2013 Barachiel,
1113 1981 1209 2012 Buziti,
1226 1988 1298 2008 unus
1321 1983 1363 2006 est
1377 1978 1512 2014 dialogus.
1529 1977 1649 2005 Tandem
1664 1984 1731 2004 vero

942 2028 1073 2055 Dominus
1098 2027 1173 2054 illum
1198 2034 1247 2061 per
1272 2026 1408 2053 turbinem
1441 2032 1473 2052 ac
1500 2024 1587 2051 nubes
1615 2023 1732 2058 appella-

942 2075 994 2107 vit;
1008 2078 1035 2100 et
1053 2072 1103 2100 Job
1119 2072 1234 2099 Domino
1267 2071 1387 2099 secundo
1409 2078 1470 2098 cum
1495 2070 1543 2097 illo
1560 2070 1667 2097 locutus
1686 2076 1731 2096 re—

899 2157 903 2162 .
943 2119 1063 2155 spondit.

943 2177 1019 2204 Liber
1042 2174 1158 2208 XVIII,
1174 2173 1319 2201 Duodecim
1344 2174 1485 2208 prophetat.
1516 2172 1591 2204 Osee,
1615 2171 1727 2206 primus.

979 2235 1023 2264 ‘26.
1039 2234 1126 2261 Etiam
1135 2237 1198 2260 ante
1211 2233 1283 2260 hunc
1296 2232 1405 2259 fuerunt
1420 2230 1568 2266 prophetae.
1581 2229 1648 2256 Nam
1660 2234 1731 2256 tem-

943 2289 1010 2316 pore
1026 2280 1134 2307 Davidis
1149 2278 1258 2306 fuerunt
1274 2277 1395 2308 Samuel,
1413 2275 1518 2303 Nathan
1540 2279 1567 2302 et
1590 2274 1657 2302 Gad.
1671 2273 1728 2301 Ro-

944 2327 1035 2359 boam,
1059 2325 1126 2353 Abia
1148 2329 1174 2352 et
1190 2325 1244 2351 Asa
1260 2322 1447 2358 regnantibus,
1464 2321 1564 2348 Achias
1589 2319 1729 2356 Silonites,

947 2372 1069 2404 Sameas,
1093 2370 1180 2401 Addo,
1196 2368 1308 2396 Azarias
1325 2371 1352 2395 et
1368 2367 1474 2394 Anemi.
1491 2365 1547 2392 Sub
1559 2364 1689 2399 Josaphat
1702 2368 1730 2391 et

945 2418 1049 2449 Achab,
1069 2416 1141 2444 Elias
1158 2420 1186 2443 et
1212 2415 1335 2446 Elisaeus,
1358 2417 1385 2440 et
1407 2412 1454 2447 qui
1478 2411 1648 2446 prophetavit
1672 2410 1729 2444 regi

946 2462 1058 2490 Achaab
1070 2462 1103 2488 de
1117 2456 1205 2496 Syria,
1223 2465 1249 2487 et
1266 2460 1312 2494 qui
1328 2459 1446 2492 seipsum
1458 2455 1596 2484 vulnerari
1613 2455 1688 2486 fecit,
1703 2459 1730 2481 et

947 2517 1038 2544 regem
1054 2507 1164 2534 Achaab
1174 2506 1316 2540 corripuit,
1331 2508 1357 2532 et
1371 2503 1440 2531 Jehu
1453 2502 1524 2530 ﬁlius
1536 2501 1603 2528 Amo
1617 2505 1644 2528 et
1656 2500 1731 2528 Oziel

948 2560 976 2582 et
995 2553 1097 2581 Eliada.
1116 2551 1217 2580 Verum
1241 2551 1316 2578 nulla
1333 2550 1467 2576 habentur
1483 2549 1597 2575 istorum
1616 2546 1729 2581 scripta,

949 2600 1002 2627 nisi
1020 2603 1126 2626 tantum
1149 2605 1209 2633 quae
1226 2597 1253 2624 in
1279 2595 1434 2630 Regnorum
1457 2593 1579 2621 historiis
1600 2596 1628 2620 et
1653 2590 1730 2618 libris

948 2645 1175 2680 Paralipomenon
1190 2642 1291 2671 dixisse
1306 2641 1441 2676 leguntur.
1460 2639 1532 2666 Inter
1546 2645 1594 2665 eos
1608 2643 1673 2664 vero
1684 2636 1730 2671 qui

949 2691 1137 2726 scripserunt,
1163 2695 1280 2723 quorum
1306 2689 1333 2714 et
1357 2686 1455 2720 scripta
1478 2682 1730 2712 circumferuntur,

948 2737 1030 2774 primi
1058 2736 1167 2764 fuerunt
1189 2734 1258 2762 Osee
1290 2737 1316 2762 et
1340 2732 1435 2760 Isaias.
1460 2729 1517 2758 Sub
1540 2728 1636 2757 iisdem
1658 2727 1732 2755 enim
