1929 3056
198 120 250 148 359

782 113 815 140 S.
837 108 1072 139 ATHANASIUS.
1091 124 1126 129 —
1147 107 1260 135 DUBIA.

1777 104 1826 133 560

199 176 320 212 regibus,
347 175 429 206 Oziaa,
443 172 579 204 Joatham,
596 171 688 199 Achaz
702 174 729 198 α
746 169 870 197 Ezechiae
894 174 989 203 regum

1052 162 1123 198 ιῦτοι,
1148 166 1238 201 Ὠσηὲ,
1252 164 1300 192 καὶ
1316 163 1439 195 Ἡσαΐας.
1463 163 1524 189 Ἐπὶ
1537 162 1590 198 γὰρ
1603 163 1658 190 τῶν
1675 162 1764 190 αὐτῶν
1779 162 1825 198 βα-

199 222 292 256 Iudae;
309 225 336 249 et
352 220 495 248 Jeroboam
514 218 562 246 ﬁlii
581 217 646 245 Joas
663 217 737 252 regis
751 216 861 244 lsraelis
874 214 990 250 prophe-

200 271 302 294 tarunt.
315 265 426 292 Factum
434 267 476 292 est
488 267 580 291 autem
594 262 707 290 verbum
720 260 850 297 (Domini)
862 260 894 287 ad
908 258 988 292 Osee,

200 317 226 340 et
242 311 414 347 prophetavit
435 314 531 337 contra
549 307 707 337 sacerdotes
721 310 749 334 et
768 305 907 336 lsraelem,
924 311 991 330 con-

200 363 243 385 tra
258 357 367 385 domum
384 357 464 391 regis,
480 359 508 382 et
518 355 551 382 de
565 354 676 382 interitu
688 351 828 380 Samaria.
842 350 990 384 Postquam

200 411 265 431 vero
290 403 352 431 illos
377 403 501 437 coarguit
516 405 543 429 et
566 401 595 428 in
622 399 814 427 incredulitate
843 395 989 427 conclusit,

200 448 338 485 signiﬁcat
365 447 516 474 Ecclesiam
547 454 580 474 ex
608 445 751 481 gentibus,
777 451 824 479 per
849 442 990 469 mulierem

202 495 373 523 meretricem
389 501 470 529 quam
483 492 600 527 accepit,
617 495 812 526 acceptamque
828 487 991 522 resipiscere

203 542 275 574 fecit,
291 545 318 570 et
334 541 368 568 ad
382 549 411 568 se
424 539 550 567 adduxit.
561 537 709 573 Prophetat
720 537 803 564 etiam
824 535 857 562 de
870 533 993 561 Salvato-

203 589 242 616 ris
258 588 386 616 adventu.

473 718 566 750 Απιοε,
582 716 723 744 secundus.

236 769 282 796 2‘1.
296 767 329 794 Et
340 767 397 799 hic,
417 765 491 801 quod
507 765 540 792 ad
556 762 735 800 prophetandi
750 761 914 797 principium
930 761 995 788 atti-

205 820 261 847 nel,
277 814 371 842 eodem
386 820 441 848 quo
460 810 529 839 Osee
547 813 575 838 et
596 809 682 837 Isaias
697 808 765 836 vixit
783 811 905 842 tempore
920 817 927 834 :
944 807 994 834 fuit

1042 213 1148 244 σιλέων,
1160 211 1206 238 τοῦ
1213 220 1242 238 τε
1255 210 1348 243 Ἰούδα,
1366 209 1464 242 Ὀζίου,
1473 210 1518 236 καὶ
1533 209 1663 244 Ἱωαθὰμ,
1675 209 1721 236 καὶ
1737 209 1825 244 Ἀχάς,

1040 259 1088 286 καὶ
1109 258 1230 291 Ἐζεκίου
1247 257 1378 293 βασιλέως
1396 255 1496 283 Ἰούδαο
1511 255 1559 282 καὶ
1571 256 1599 282 έν
1613 254 1732 290 ἡμέραις
1752 255 1826 290 Ἱερο-

1041 304 1114 340 ϐοὰμ
1129 303 1188 330 υἱοῦ
1219 304 1305 335 Ἰωᾶς,
1330 301 1460 337 βασιλέως
1488 300 1596 336 Ἰσραὴλ
1614 300 1825 335 προεφήτευσαν.

1047 351 1172 385 Ἐγένετο
1199 350 1229 376 δὲ
1250 349 1329 383 λόγος
1343 348 1410 384 πρὸς
1429 347 1474 374 τδν
1499 346 1588 382 Ὠσηὲ,
1603 346 1651 372 καὶ
1667 345 1828 381 προφητεύει

1041 395 1118 428 οὗτος
1131 399 1140 406 ⁹
1150 396 1213 427 τοὺς
1230 394 1330 430 ἱερέας,
1345 394 1392 420 καὶ
1408 393 1454 420 ἐπὶ
1468 392 1513 419 τὸν
1534 391 1654 428 Ἰσραὴλ,
1670 391 1717 417 καὶ¹
1731 391 1775 416 ἐπὶ
1786 397 1828 416 τον

1042 441 1115 470 οἶκον
1130 442 1176 469 τοῦ
1191 440 1334 477 βασιλέως,
1356 439 1404 466 καὶ
1423 439 1547 474 περὶτῆς
1566 437 1707 469 ἀπωλείας
1719 437 1768 471 τῆς
1781 437 1828 462 Σα-

1045 489 1171 525 μαρείας.
1197 487 1252 515 Καὶ
1279 486 1392 521 ἐλέγξας
1419 486 1466 512 καὶ
1494 484 1657 519 συγκλείσας
1680 484 1778 515 αὐτοὺς
1794 483 1830 514 είς

1043 535 1194 566 ἀπείθειαν,
1208 533 1335 569 σημαίνει
1351 531 1399 567 τὴν
1416 531 1446 564 ὲξ
1463 530 1547 558 ὲθνῶν
1569 529 1743 565 Ἐκκλησίαν,
1757 528 1788 554 δι’
1799 525 1831 563 ἦς

1043 581 1123 613 αὐτὸς
1132 580 1210 607 έλαϐε
1229 580 1331 616 πόρνης
1344 578 1484 613 γυναικὸς,
1500 577 1534 613 ἣν
1550 577 1597 603 καὶ
1612 575 1703 602 λαϐὼν
1716 574 1830 610 suum.

1043 636 1128 660 νισεν,
1141 626 1251 660 ἀνάγων
1265 625 1350 660 αὐτὴν
1367 624 1437 660 πρὸς
1450 623 1555 650 ἑαυτόν.
1567 621 1740 658 Προφητεύει
1749 621 1777 648 δὲ
1789 621 1832 648 καὶ

1044 675 1109 711 περὶ
1122 674 1173 710 τῆς
1186 672 1232 700 τοῦ
1247 671 1374 707 Σωτῆρος
1389 670 1549 707 παρουσίας.

1369 717 1467 752 Ὰμὼς,
1478 717 1518 749 β’.

1078 767 1125 795 27.
1141 762 1297 801 Καὶ-οὗτος
1326 763 1499 799 συνεχρόνισε
1524 762 1595 789 κατὰ
1621 761 1672 798 τὴν
1693 762 1779 798 ἀρχὴν
1797 761 1833 796 τῷ

1050 815 1130 849 Ὠιι-ηε
1137 814 1184 839 καὶ
1194 815 1232 847 τῷ
1248 810 1362 846 Ἡσαΐα-
1378 810 1425 837 ὲπὶ
1433 810 1486 844 γὰρ
1506 808 1593 840 ὐζίου
1606 807 1740 843 βασιλέως
1754 807 1832 834 Ἰούδα

205 862 278 890 enim
289 860 340 888 sub
354 858 421 887 Ozia
442 865 506 893 rege
519 856 602 889 Iuda,
624 860 652 883 et
670 855 698 882 in
720 853 817 882 diebus
835 852 992 895 Jeroboain,

1052 859 1093 887 ιαὶ
1111 848 1155 886 γὲν
1180 858 1298 894 ἡμέραις
1330 855 1471 892 Ἱεροϐοὰμ
1509 854 1557 882 τοῦ
1587 855 1681 886 Ἰωᾶς,
1709 853 1833 888 βασιλέως

205 908 254 936 ﬁlii
269 907 346 939 Joas,
368 905 441 941 regis
461 904 557 937 Israel.
571 901 684 931 biennio
700 905 763 929 ante
776 904 856 928 terrae
879 904 994 928 motum.

205 953 280 981 Vidit
291 957 382 980 autem
395 951 532 987 quadam,
549 953 577 978 et
588 948 762 985 prophetarit
776 951 873 974 contra
885 946 995 974 Jerusa-

204 1000 257 1027 lem
272 1003 299 1027 et
315 1002 412 1026 contra
427 997 556 1025 lsraelem
574 995 715 1028 Samaria,
733 997 761 1021 et
782 997 877 1020 contra
901 996 996 1028 gentes

205 1044 341 1077 Damasci,
357 1043 446 1076 Gaza,
461 1041 619 1073 Ascalonis,
637 1041 726 1073 Azoti,
742 1039 902 1070 Accaronis,
919 1038 994 1074 Tyri,

204 1092 338 1123 Idumam,
361 1090 503 1122 Thatman,
530 1088 648 1115 ﬁliorum
664 1087 780 1114 Ammon
796 1089 824 1113 et
840 1085 927 1113 Moab.
945 1086 997 1112 Ar-

205 1138 263 1174 guit
273 1144 370 1165 omnes
380 1140 407 1164 et
419 1136 447 1163 in
460 1133 653 1163 incredulitate
665 1131 812 1160 conclusit.
822 1130 907 1158 Porro
916 1131 997 1158 Ama-

206 1184 247 1212 sia
261 1182 404 1211 sacerdote
422 1181 526 1213 Bethel,
540 1178 614 1214 apud
626 1185 716 1218 regem
729 1176 887 1210 Jeroboam,
906 1177 996 1212 ipsum

206 1232 363 1261 accusante,
376 1226 456 1262 quasi
469 1229 565 1254 contra
581 1225 671 1260 ipsum
688 1228 715 1251 et
732 1227 828 1251 contra
844 1222 996 1250 Samariam

205 1279 233 1304 et
256 1278 352 1302 contra
373 1273 505 1309 populum
532 1272 691 1307 loqueretur
713 1279 719 1297 :
746 1277 801 1297 non
822 1273 913 1297 tamen
936 1269 998 1297 ideo

206 1321 324 1349 cessavit
353 1319 399 1347 ille
413 1338 421 1350 ,
451 1318 500 1346 sed
532 1317 702 1345 conﬁdenter
729 1315 840 1343 oracula
872 1314 919 1342 Dei
947 1314 997 1341 de-

206 1367 361 1396 nuntiabat.
386 1364 565 1400 Prophetavit
592 1363 676 1392 etiam
702 1362 736 1389 de
767 1361 918 1390 Salvaturis
949 1359 997 1387 ad-

207 1417 300 1442 ventu.

421 1454 502 1490 126
526 1453 665 1486 Michazas,
682 1453 784 1481 tertius.

241 1499 288 1527 28.
303 1497 358 1527 Iste
375 1499 514 1528 secundus
528 1497 638 1533 quidem
649 1505 683 1525 ex
695 1497 833 1532 praedictis
848 1496 899 1524 fuit
915 1505 922 1523 :
935 1503 998 1523 nam

206 1551 270 1583 post
285 1545 357 1574 Ozie
373 1550 481 1581 tempus
502 1545 687 1581 prophetarit.
706 1543 807 1571 Verum
824 1543 918 1571 eodem
946 1551 998 1578 quo

208 1592 248 1619 illi
265 1595 388 1627 tempore
413 1591 501 1619 vixit:
524 1597 589 1618 nam
613 1595 640 1618 et
664 1591 724 1625 ipse
747 1589 799 1618 sub
820 1588 946 1616 Joatham
972 1595 999 1617 et

209 1636 300 1664 Achaz
323 1641 351 1664 et
374 1635 491 1664 Ezechia
510 1635 675 1671 prophetare
700 1635 794 1670 coepit.
818 1634 931 1670 Factum
957 1639 1000 1662 est

209 1687 300 1710 autem
313 1682 348 1709 ad
359 1690 420 1710 eum
439 1682 553 1709 verbum
570 1681 689 1713 Domini,
702 1685 729 1708 et
746 1681 919 1716 prophetavit
934 1688 1000 1708 con-

208 1733 252 1756 tra
268 1728 432 1760 Jerusalem,
453 1733 481 1754 et
498 1726 663 1760 Samariam,
687 1730 715 1754 et
737 1732 834 1754 contra
852 1727 1000 1761 prophetas

209 1775 302 1810 populi
315 1774 486 1806 seductores,
503 1777 530 1801 et
544 1777 641 1800 contra
657 1773 778 1800 Achaab.
803 1772 1000 1800 Prmnuntiavit

210 1821 293 1848 etiam
310 1821 456 1847 adventum
480 1819 643 1852 Salvatoris,
659 1820 753 1847 dicens
770 1829 776 1846 :
796 1828 806 1844 ι
830 1819 888 1846 Erit
903 1820 931 1846 in
949 1828 1000 1846 no-

212 1866 335 1895 vissimis
345 1865 444 1894 diebus
455 1866 572 1893 illustris
586 1872 666 1892 mons
679 1864 788 1891 Domini
801 1865 834 1891 ⁸⁸.
851 1873 860 1890 ι

385 1952 445 1980 Jael
463 1953 535 1988 ﬁlius
552 1952 676 1986 Bal/mel,
698 1957 820 1988 quartus.

247 1998 293 2026 29.
309 1999 350 2026 Ad
372 1999 445 2027 hunc
456 2007 565 2035 quoque
580 1999 681 2027 factum
694 2003 737 2027 est
750 2000 862 2027 verbum
878 1999 998 2033 Domini,

212 2048 239 2070 et
254 2043 398 2078 prophetat
415 2044 581 2077 senioribus,
597 2048 624 2071 et
647 2044 775 2071 omnibus
798 2044 999 2073 habitatoribus

214 2095 302 2122 terrae,
330 2089 364 2117 de
386 2090 546 2125 captivitate
572 2095 660 2125 terrae,
677 2095 704 2118 et
728 2099 822 2118 eorum
838 2091 887 2126 qui
902 2091 929 2119 in
953 2091 999 2118 illa

212 2140 300 2163 erant.
318 2135 467 2171 Prophetat
490 2136 571 2163 etiam
595 2137 629 2164 de
654 2137 742 2172 gratia
763 2137 883 2172 Spiritus
899 2138 998 2171 sancti,

1052 905 1170 943 Ἰσραὴλ,
1181 905 1277 940 γέγονε
1293 903 1346 940 πρὸ
1355 902 1401 929 δύο
1412 901 1480 928 ὲτῶν
1490 901 1536 928 τοῦ
1553 900 1679 936 σεισμοῦ.
1696 899 1795 934 Λόγους
1806 898 1832 925 δὲ

1046 951 1109 985 εἶδε,
1117 952 1165 979 καὶ
1177 949 1344 987 προφητεύει
1353 948 1425 976 κατὰ
1435 947 1486 982 τῆς
1502 946 1692 983 Ἰερουσαλὴμ,
1708 946 1754 972 καὶ
1766 943 1833 971 κατὰ

1045 998 1093 1025 τοῦ
1116 997 1222 1033 Ἰσραὴλ
1235 997 1284 1032 τῆς
1298 994 1465 1031 Σαμαρείας,
1481 994 1527 1020 καὶ
1541 992 1612 1020 κατὰ
1624 992 1679 1019 τῶν
1695 991 1777 1019 ἐθνῶν
1787 992 1834 1017 Δα-

1048 1044 1166 1081 μασκοῦ,
1191 1043 1291 1078 Γάζης,
1316 1041 1496 1074 Ἀσκάλωνος,
1530 1039 1660 1071 ’Λζώτου,
1687 1037 1832 1072 Ἀκκάρων,

1047 1091 1146 1127 Τύρου,
1162 1088 1324 1124 Ἰδουμαίας,
1338 1087 1457 1122 Θαιμὰν,
1470 1086 1537 1112 υἱῶν
1555 1084 1671 1120 ’Λμμὼν
1681 1085 1728 1111 καὶ
1741 1083 1830 1111 Μωάϐ.

1047 1137 1102 1164 Καὶ
1129 1132 1206 1167 οὗτος
1223 1134 1330 1169 ἐλέγχει
1345 1133 1393 1160 καλ⁸
1417 1132 1553 1167 συγκλείει
1576 1131 1682 1162 πάντας
1701 1131 1740 1162 εἰς
1762 1129 1834 1156 ἀπεί-

1048 1183 1134 1209 Θειαν.
1157 1180 1236 1207 Ἀλλὰ
1262 1180 1311 1206 καὶ
1334 1178 1464 1214 Ἀμασίου
1479 1176 1527 1204 τοῦ
1546 1177 1642 1212 ἱερέως
1662 1174 1770 1211 Bmth
1782 1174 1834 1200 δια-

1048 1228 1189 1259 ϐάλλοντος
1212 1226 1295 1254 αὑτὸν
1320 1224 1359 1260 τῷ
1382 1223 1488 1258 βασιλεῖ
1505 1221 1659 1258 Ἱεροϐοὰμ,
1673 1221 1711 1252 ὡς
1726 1220 1833 1254 λέγοντα

1048 1273 1108 1299 κατ’
1127 1270 1209 1299 αὐτοῦ
1240 1270 1287 1297 καὶ
1308 1268 1378 1296 κατὰ
1398 1269 1446 1303 τῆς
1462 1266 1630 1303 Σαμαρείας,
1645 1265 1693 1293 καὶ
1711 1264 1779 1292 κατὰ
1792 1262 1833 1290 τοῦ

1048 1318 1123 1351 λαοῦ,
1141 1317 1222 1348 αὐτὸς
1237 1316 1312 1343 οὐδὲν
1331 1312 1413 1350 ἧττον
1426 1314 1477 1340 οὐκ
1497 1313 1636 1339 ἐπαύσατο
1654 1309 1834 1348 παρρησιαζό-

1050 1373 1139 1401 μενος,
1154 1363 1201 1389 καὶ
1216 1362 1303 1396 λέγων
1317 1360 1351 1387 τὰ
1368 1360 1461 1394 λόγια,
1478 1358 1525 1386 καὶ
1542 1358 1608 1393 περὶ
1624 1358 1674 1393 τῆς
1691 1354 1834 1391 παρουσίας

1048 1411 1094 1438 τοῦ
1108 1409 1243 1445 Σωτῆρος.

1350 1452 1488 1488 Μιχαίας,
1505 1454 1539 1486 τ’.

1084 1503 1129 1531 28.
1145 1498 1229 1533 Οὗτος
1250 1500 1374 1535 δεύτερος
1400 1498 1450 1534 μὲν
1471 1497 1525 1524 τῶν
1541 1494 1748 1532 προειρημένων
1762 1491 1835 1526 γέγο-

1051 1558 1095 1577 νεν
1107 1558 1114 1564 ⁸
1131 1549 1172 1575 ὅτι
1191 1546 1262 1584 μετὰ
1282 1545 1372 1578 Ὀζίαν
1402 1543 1590 1580 προεφήτευσε
1601 1550 1608 1556 ·
1629 1536 1834 1576 συνεχρόνισεδὲ

1051 1597 1154 1628 αὐτοῖς,
1168 1583 1229 1621 ἐπεὶ
1246 1593 1293 1619 καὶ
1308 1591 1390 1623 αὐτὸς
1406 1590 1453 1617 ἐπὶ
1475 1588 1605 1624 Ίωαθὰμ,
1620 1588 1667 1615 καὶ
1688 1585 1777 1628 male;
1792 1583 1834 1611 καὶ

1056 1624 1187 1673 Ἐζεκίου.
1218 1638 1319 1675 ἤρξατο
1350 1636 1541 1673 προφητεύειν.
1576 1634 1700 1669 Ἐγένετο
1714 1624 1744 1659 δὲ
1762 1630 1833 1664 λόγος

1050 1689 1118 1723 πρὸς
1135 1686 1214 1714 αὑτὸν
1231 1685 1278 1712 τοῦ
1296 1684 1411 1720 Κυρίου,
1429 1683 1476 1710 καὶ
1492 1680 1659 1717 προφητεύει
1676 1679 1721 1705 ἐπὶ
1743 1678 1832 1712 Ἰερου-

1052 1721 1152 1769 σαλὴμ,
1170 1732 1217 1759 καὶ
1230 1731 1399 1766 Σαμάρειαν,
1416 1729 1463 1755 καὶ
1477 1728 1523 1754 ἐπὶ
1541 1727 1604 1758 τοὺς
1620 1725 1762 1761 προφήτας
1777 1721 1833 1752 τοὺς

1050 1779 1207 1809 πλανῶντας
1222 1777 1266 1804 τὸν
1279 1777 1352 1809 λαὸν,
1380 1774 1428 1802 καὶ
1444 1773 1513 1800 κατὰ
1532 1773 1580 1799 τοῦ
1603 1770 1715 1807 ’Λχαά6.
1734 1769 1832 1803 Προση-

1052 1827 1141 1862 μαίνει
1164 1825 1192 1851 δὲ
1221 1825 1267 1850 καὶ
1284 1823 1332 1859 τὴν
1352 1821 1503 1857 παρουσίαν
1516 1819 1563 1846 τοῦ
1582 1819 1718 1853 Σωτῆρος,
1733 1815 1828 1847 λέγων’

1053 1859 1062 1898 ὶ
1089 1872 1132 1898 Ἐν
1146 1872 1205 1902 ταῖς
1227 1870 1355 1905 ἐσχάταις
1378 1868 1494 1903 ἡμέραις
1508 1865 1629 1901 ἐμφανὲς
1650 1861 1764 1890 ἕσταιτὺ
1776 1859 1832 1895 ὅρος

1051 1918 1165 1953 Κυρίου.
1188 1926 1197 1942 ι

1253 1961 1335 1995 Ἰωὴλ
1361 1961 1376 1987 ό
1388 1959 1440 1986 τοῦ
1459 1957 1611 1991 Βαθουὴλ,
1624 1957 1659 1983 δ’.

1084 2010 1130 2037 ‘29.
1148 2009 1234 2042 Λόγος
1247 2007 1350 2042 Κυρίου
1366 2005 1475 2039 ἐγένετο
1488 2003 1555 2038 πρὸς
1566 2002 1669 2034 τοῦτον,
1682 1999 1727 2027 καὶ
1736 2004 1831 2034 προφη-

1050 2057 1123 2084 τεύει
1150 2057 1206 2087 τοῖς
1225 2052 1421 2090 πρεσϐυτέροις
1449 2050 1495 2077 καὶ
1518 2050 1585 2076 πᾶσι
1606 2050 1664 2080 τοῖς
1685 2042 1831 2074 κατοικοῦσι

1050 2103 1100 2140 τὴν
1111 2103 1163 2138 γῆν
1177 2088 1306 2136 περὶτῆς
1320 2098 1446 2129 ἁλώσεως
1456 2098 1505 2132 τῆς
1520 2096 1572 2131 γῆς
1588 2095 1636 2122 καὶ
1649 2094 1702 2120 τῶν
1719 2088 1829 2140 ἑνᾼαὺτῇι

1052 2137 1221 2187 Προφητεύει
1241 2148 1269 2174 δὲ
1295 2147 1343 2173 καὶ
1365 2146 1429 2182 περὶ
1451 2144 1500 2179 τῆς
1522 2142 1568 2169 τοῦ
1589 2142 1666 2176 ἁγίου
1685 2137 1831 2187 Πνεύματος

213 2185 240 2233 Et
256 2188 299 2212 ea.
321 2189 382 2216 quae
398 2189 445 2216 per
460 2180 628 2209 Salvatorem
646 2182 675 2209 in
698 2190 793 2210 omnes
814 2182 907 2210 futura
929 2188 996 2211 erat.

1052 2178 1173 2232 χόιριτός,
1199 2193 1246 2220 καὶ
1275 2192 1324 2227 τῆς
1347 2191 1387 2222 εἰς
1403 2178 1515 2219 ’πάντας
1528 2186 1712 2222 γενησομένης
1727 2182 1776 2210 ὑπὸ
1789 2178 1829 2206 τῡῦ

213 2225 347 2254 Prmdicat
373 2227 437 2254 item
469 2226 503 2254 de
526 2227 632 2262 jejunio
661 2231 689 2255 et
715 2228 886 2264 poenitentia,
912 2228 1000 2264 deque

214 2271 366 2300 Salvatoris
380 2272 509 2308 adventu,
520 2278 547 2302 et
559 2273 593 2302 de
605 2274 692 2310 signis
702 2281 764 2309 qua
775 2275 802 2302 in
812 2281 895 2302 cruce
909 2274 1001 2302 futura

213 2322 303 2348 erant.

478 2378 590 2412 Abdias,
616 2380 733 2415 quintus.

249 2424 294 2452 50.
308 2423 447 2453 Visionem
465 2425 518 2453 iste
532 2427 677 2453 annuntiat
691 2429 787 2453 contra
799 2425 956 2458 ldummam,
974 2429 1002 2453 et

216 2468 295 2497 ﬁnem
318 2470 388 2505 ejus,
401 2475 428 2498 et
452 2475 548 2498 contra
565 2476 669 2507 gentes,
683 2479 744 2507 quae
767 2471 859 2500 lsraeli
883 2472 1001 2499 insulta-

216 2518 287 2543 raut.
307 2515 433 2544 Praedicit
454 2517 528 2545 enim
557 2517 691 2553 futurum,
712 2522 741 2545 ut
766 2517 864 2546 domus
887 2517 959 2545 Esau
985 2524 1002 2545 a

214 2561 300 2590 Jacob
315 2562 449 2591 deleatur.

508 2609 601 2642 Jonas.
617 2617 715 2639 textus.

251 2664 295 2692 51.
311 2664 351 2693 Ad
368 2665 442 2694 hunc
459 2667 560 2695 factum
578 2674 620 2696 est
636 2670 749 2698 verbum
767 2670 886 2704 Domini,
907 2674 937 2698 ut
952 2670 1000 2698 ab-

216 2709 268 2736 iret
284 2710 311 2736 in
334 2709 463 2745 Niniven,
481 2713 574 2748 ibique
598 2715 759 2750 pradicant
779 2726 786 2744 :
807 2726 816 2743 ι
835 2716 932 2745 Adhuc
945 2721 1001 2744 tres

208 2780 214 2785 ’
251 2786 275 2803 ⁸⁸
293 2786 374 2815 Mich.
394 2797 430 2820 Iv,
449 2790 474 2816 L

253 2852 263 2864 ⁵
282 2851 353 2888 Lege
363 2852 409 2879 ini.
420 2853 483 2884 τούς

1053 2229 1188 2277 Σωτῆρος.
1205 2238 1344 2273 Κηρύττει
1364 2237 1392 2263 δὲ
1407 2236 1454 2263 καὶ
1471 2235 1536 2270 ’περλ⁹
1550 2233 1676 2269 νηστείας
1692 2229 1736 2257 καὶ
1755 2233 1831 2277 μετα-

1052 2270 1137 2319 νοίας,
1153 2270 1201 2312 καὶ
1214 2270 1278 2321 περὶ
1289 2283 1338 2319 τῆς
1349 2282 1394 2310 τοῦ
1408 2282 1533 2317 Σωτῆρος
1550 2278 1709 2316 παρουσίας,
1723 2273 1767 2302 καὶ
1782 2270 1830 2298 τῶν

1053 2335 1099 2363 ἐπὶ
1113 2335 1160 2361 τοῦ
1177 2332 1294 2369 σταυροῦ
1307 2331 1460 2367 γενομένων
1473 2328 1604 2366 σημείων.

1373 2376 1494 2409 Ἀϐδιοῦ,
1511 2379 1543 2402 ε’.

1069 2429 1130 2465 ,50.
1150 2429 1263 2464 Ὄρασιν
1275 2424 1438 2459 ἀπαγγέλλει
1450 2419 1525 2454 οὗτος
1541 2420 1610 2448 κατὰ
1623 2419 1672 2453 τῆς
1692 2410 1830 2465 Ἰδορμαξας

1054 2466 1100 2504 καὶ
1116 2475 1162 2502 τοῦ
1179 2475 1272 2506 τέλους
1290 2472 1384 2508 αὐτῆς,
1402 2471 1448 2498 καὶ
1465 2468 1534 2496 κατὰ
1549 2467 1603 2494 τῶν
1616 2464 1698 2492 ἐθνῶν
1715 2460 1766 2488 τῶν
1785 2458 1830 2508 ἑμ-

1054 2502 1276 2558 παροινησάντων
1287 2519 1326 2555 τῷ
1345 2502 1463 2553 ’ίσραήλ
1481 2509 1712 2548 ’Λναλωθήσεσθαι
1723 2505 1774 2541 γὰρ
1789 2502 1829 2529 τὸν

1055 2568 1129 2597 οἶκον
1150 2567 1234 2595 Ἡσαῦ
1251 2566 1302 2593 ὑπὸ
1322 2564 1368 2592 τοῦ
1388 2562 1485 2591 Ἰακὼϐ
1498 2559 1687 2598 προσημαίνει.

1371 2609 1482 2642 Ἰωνᾶς,
1502 2611 1538 2641 ς’.

1092 2663 1136 2692 3i.
1149 2661 1234 2696 Λόγος
1248 2658 1351 2695 Κυρίου
1367 2657 1475 2692 ἐγένετο
1492 2655 1559 2693 πρὸς
1575 2653 1654 2681 αὑτὸν
1666 2642 1828 2696 datam-sika

1057 2689 1160 2745 Νινευῒ,
1175 2689 1354 2743 καὶνκηρύξαι
1369 2689 1397 2731 ἐν
1411 2703 1490 2738 αὐτῇ,
1505 2689 1546 2728 ότι
1559 2710 1568 2726 ι
1583 2700 1642 2727 Ἐτι
1656 2697 1726 2733 τρεῖς
1737 2689 1827 2728 ἡμέραι

1898 949 1900 971 Ι

1898 998 1900 1038 l

1899 1507 1901 1563 l

1899 1575 1902 1663 Ξ

1899 1665 1902 1738 ξ

1900 1747 1903 1808 1
