1929 3056
110 90 161 118 361

650 89 816 118 ΞῩΝΟΡΞΙΞ
836 88 1045 118 SCRIPTURE
1066 89 1201 119 SACRE.

1684 92 1737 122 55!

107 150 158 177 καὶ
180 150 435 185 χαταστραφήσεται
464 148 567 176 Νινευῖ.
592 157 601 175 ι
625 148 695 175 Ἀλλ’
718 149 819 181 Ἰωνᾶς,
835 148 900 183 φεύ-

958 149 1009 177 Iies
1024 154 1051 177 et
1065 149 1161 178 Ninive
1181 150 1356 178 subvertetur
1371 151 1404 177 ⁸·-
1425 160 1434 176 ι
1463 149 1515 178 Sed
1531 150 1615 178 Jonas
1637 151 1734 185 praedi-

108 203 166 229 γων
192 194 222 220 τὸ
249 195 389 230 κήρυγμα,
418 193 499 229 ἀνέϐη
526 195 566 225 εἰς
597 193 698 225 πλοῖον,
719 193 852 229 χειμῶνός
870 202 900 219 τε

109 241 270 276 γενομένου.
298 240 440 275 ἐξεϐλήθη,
455 240 502 266 καὶ
520 239 657 274 κατεπόθη
671 240 723 266 ὑπὸ
737 240 836 274 κήτους
853 239 901 266 θα-

108 287 232 314 λασσίου.
265 285 332 313 Εἶτα
361 286 429 321 μετὰ
447 287 522 321 τρεῖς
536 286 642 321 ἡμέρας
656 286 766 318 ἐξέϐαλε
776 286 807 312 τὸ
820 286 902 321 κῆτος

107 332 155 359 τὸν
172 332 264 358 Ἰωνᾶν
272 331 369 364 ζῶντα.
383 332 436 358 Καὶ
445 332 524 358 πάλιν
537 334 568 359 ἐκ
577 332 700 367 δευτέρου
714 331 790 365 λόγος
799 332 900 366 Κυρίου

109 377 220 411 ἐγένετο
233 377 298 413 πρὸς
317 378 409 408 αὑτὸν,
437 379 483 404 καὶ
506 377 628 405 ἀπελθὼν
645 377 777 413 ἐκήρυξεν
794 377 834 408 εἰς
852 377 900 412 τὴν

108 424 214 450 Νινειιΐ.
237 424 349 450 Ἐκεῖνοί
371 432 413 453 τε,
444 424 620 456 ἀκούσαντες,
647 424 826 459 μετενόησαν,
854 423 901 450 καὶ

108 469 256 504 παρήγαγε
282 468 384 504 Κύριος
398 469 447 504 τὴν
463 469 547 506 ὀργὴν
562 470 608 497 ἀπ’
620 469 718 496 αὐτῶν.
738 469 792 504 Τῆς
810 469 901 504 μέντοι

108 515 260 552 παρουσίας
272 514 318 541 τοῦ
334 515 457 550 Stat-7190;
466 517 579 551 σημεῖον
597 516 678 548 αὐτὸς
691 515 720 549 ἐξ
738 515 825 550 ἔργων
841 515 901 549 ὲγέω

109 570 180 593 νετο,
205 560 369 593 καταποθεὶς
397 561 448 587 ὑπὸ
475 561 523 587 τοῦ
547 563 657 598 κήτους,
677 562 724 588 καὶ
740 561 809 597 μετὰ
825 561 901 597 τρεῖς

108 607 218 643 ἡμέρας
233 607 301 638 σῶος
314 607 395 634 πάλιν
413 607 542 639 ἐκδοθείς.

271 664 372 699 Ναοὺμ
392 666 409 691 ὁ
432 665 485 691 τοῦ
509 665 694 697 Ἐλκεσαίου,
710 664 740 695 ζ’.

146 721 191 748 52.
209 721 314 757 Λῆμμα
342 721 406 757 περὶ
435 722 484 757 τῆς
514 722 652 755 ἀπωλείας
666 722 779 756 ξΝινευῖ,
801 722 901 757 βιῦλίον

110 768 233 804 ὁράσεως
260 768 426 803 προφητεύει
452 769 466 794 ὁ
488 768 623 800 τοιοῦτος·
644 769 692 796 καὶ
708 768 837 804 κηρύττει
851 770 901 804 μὲν

110 815 158 841 καὶ
174 814 240 850 περὶ
258 814 370 849 ἑορτῆς·
387 815 569 850 προσημαίνει
586 815 614 841 δὲ
631 815 659 841 ἐν
675 815 743 850 αὐτῇ
768 815 832 850 περὶ
853 814 900 840 τοῦ

110 861 245 896 Σωτῆρος.
270 861 325 887 Καὶ
341 860 375 887 τὰ
388 860 469 887 λοιπὰ
488 862 575 887 πάντα
591 861 661 888 κατὰ
676 861 725 896 τῆς
740 861 764 887 Ν
768 860 833 886 ινευῒ
853 861 900 887 καὶ

110 903 157 930 τοῦ
174 904 266 935 τέλους
276 904 360 939 αὐτῆς
374 904 420 930 καὶ
434 904 488 931 τῶν
504 905 608 941 ἐχθρῶν
622 906 668 932 τοῦ
691 905 799 941 Ἰσραὴλ
812 906 900 940 ἀπαγ-

111 950 212 984 γέλλει.

395 1007 571 1043 Ἅμϐακοὺμ,
589 1010 626 1042 η’.

147 1064 193 1092 33.
213 1065 318 1101 Λῆμμα
330 1065 378 1093 καὶ
390 1066 472 1098 αὐτὸς
484 1064 548 1099 εἶδε,
563 1066 610 1093 καὶ
622 1066 797 1102 προφητεύει,
811 1066 903 1102 δεόμε-

111 1120 157 1143 νος
171 1111 220 1147 μὲν
234 1112 298 1147 περὶ
322 1112 372 1147 τῆς
398 1111 525 1144 ἁλώσεως
545 1113 595 1147 τῆς
627 1112 817 1148 Ἰερουσαλήμ·
838 1120 902 1147 προ-

113 1157 253 1191 σημαίνων
267 1156 296 1183 δὲ
310 1157 374 1192 περὶ
387 1159 436 1193 τῆς
448 1158 598 1194 παρουσίας
612 1157 658 1185 τοῦ
673 1159 807 1194 Σωτῆρος.
821 1159 902 1192 Λέγει

111 1201 141 1228 δὲ
163 1202 209 1228 καὶ
229 1203 395 1238 προφητεύει
420 1203 490 1230 κατὰ
518 1205 572 1231 τῶν
595 1205 817 1241 καταφρονητῶν.
836 1202 903 1231 Εἶτα

113 1247 215 1282 μεταξύ
233 1248 291 1274 ἐστι
307 1249 445 1284 προσευχὴ
462 1249 508 1275 τοῦ
527 1250 666 1285 προφήτου
685 1250 743 1284 μετ’
757 1249 838 1284 ᾠδῆς,
856 1249 903 1275 καὶ

111 1292 176 1328 τρία
188 1292 361 1328 διαψάλματά
378 1295 452 1321 ἐστιν
468 1295 497 1321 ὲν
509 1296 543 1330 τῇ
558 1294 694 1331 λεγομένῃ
715 1294 780 1330 ᾠδῇ.
795 1295 903 1330 ᾅδοντος

112 1337 195 1365 αὐτοῦ
210 1339 273 1374 περὶ
289 1339 338 1374 τῆς
352 1340 503 1375 παρουσίας
517 1340 563 1367 τοῦ
576 1340 767 1375 Σωτῆρος,καὶ
775 1340 822 1375 τῆς
833 1339 904 1366 κατὰ

112 1383 160 1411 τοῦ
171 1384 285 1412 θανάτου
306 1385 395 1421 νίκης.

297 1443 445 1476 Σοφονίας
463 1444 480 1469 ὁ
496 1443 549 1469 τοῦ
564 1442 668 1475 Χουσὶ,
681 1444 716 1470 θ’.

951 197 1086 223 cationem
1109 196 1180 223 hanc
1196 196 1313 231 fugiens,
1329 203 1425 224 navem
1447 197 1616 228 conscendit,
1634 204 1667 223 ex
1682 205 1735 224 una

951 245 1057 276 postea.
1076 242 1172 268 oborta
1184 246 1344 277 tempestate
1360 242 1473 277 ejectus,
1488 246 1514 269 et
1529 250 1544 269 ιι
1559 246 1619 269 ceto
1629 243 1736 269 marino

951 287 1098 316 devoratus
1111 293 1161 316 est.
1176 288 1240 316 Post
1256 293 1310 317 tres
1324 293 1414 317 autem
1430 290 1489 317 dies
1506 290 1585 324 ejecit
1600 295 1677 317 cetus
1692 289 1736 317 Jo-

951 335 1174 363 namvivcntem.
1198 336 1286 371 Atque
1311 337 1347 364 ita
1371 337 1493 364 secundo
1518 337 1618 364 factum
1640 341 1682 365 est
1702 338 1735 364 ad

952 388 1013 408 eum
1035 383 1144 408 verbum
1167 381 1285 415 Demini,
1304 388 1329 410 et
1345 384 1410 410 abiit
1430 387 1456 410 et
1472 383 1629 418 praedicavit
1646 384 1674 411 in
1689 383 1736 410 Ni-

952 427 1022 454 nive.
1048 426 1099 459 Illi,
1114 427 1207 454 audita
1235 429 1286 455 hac
1307 428 1499 463 pt'zcdicatione
1514 450 1521 462 ,
1537 430 1735 464 paenitentiam

953 478 1078 504 egerunt,
1095 477 1122 501 et
1147 474 1248 501 amovit
1269 475 1303 501 ab
1326 475 1380 502 illis
1405 475 1536 503 Dominus
1553 476 1621 502 iram
1645 483 1735 504 suam.

953 519 1093 547 Adventus
1112 519 1218 546 Domini
1240 521 1347 556 signum
1364 521 1423 556 ipse
1442 530 1475 548 ex
1496 522 1577 549 rebus
1599 522 1666 557 ipsis
1696 522 1737 549 fa-

953 570 1015 592 ctus
1033 570 1086 597 est,
1104 566 1250 594 devoratus
1267 575 1281 593 a
1303 573 1373 599 ceto,
1391 571 1417 595 et
1433 571 1494 602 post
1510 568 1630 596 triduum
1645 569 1737 597 salvus

952 612 1083 639 redditus.

1146 668 1254 696 Nahum
1273 668 1393 702 Elceswi,
1409 671 1543 704 septimus.

987 727 1032 754 59..
1048 726 1124 754 Onus
1146 727 1179 754 de
1201 727 1355 762 perditione
1376 727 1482 758 Ninive,
1501 728 1600 755 librum
1622 729 1737 757 visionis

952 774 1096 808 prophetat
1119 774 1171 801 iste
1184 783 1190 800 :
1205 779 1231 801 et
1251 774 1381 808 praedicat
1400 774 1508 809 quidem
1523 775 1556 802 de
1574 774 1644 802 festo
1661 784 1667 802 :
1690 783 1738 803 ve-

917 833 937 860 Β
953 827 1014 847 rum
1027 820 1108 846 simul
1121 821 1147 846 in
1165 820 1221 854 ipsa
1236 819 1269 847 de
1286 819 1426 847 Salvatore
1437 821 1610 856 praenuntiat.
1627 821 1660 848 Et
1673 822 1737 848 reli-

953 873 1007 902 qua
1024 866 1114 892 omnia
1136 869 1230 892 contra
1244 865 1360 892 Niniven
1383 869 1458 900 sunt,
1474 869 1500 893 et
1513 866 1594 894 finem
1609 866 1696 902 ipsius
1710 871 1739 895 et

953 910 1127 938 inimicorum
1145 910 1254 939 Israclis
1267 911 1421 939 denuntiat.

1200 997 1356 1032 Ambacum,
1377 1004 1490 1027 octavus.

989 1058 1033 1087 5'5.
1047 1058 1123 1086 Onus
1140 1063 1167 1085 et
1180 1058 1225 1085 hic
1241 1058 1309 1085 vidit
1322 1062 1349 1084 et
1361 1057 1515 1093 prophetat,
1535 1057 1569 1084 de
1580 1057 1739 1092 captivitate

955 1105 1064 1140 quidem
1080 1104 1256 1139 Jerosolymaz
1274 1108 1412 1139 precatus,
1428 1103 1460 1130 de
1473 1103 1592 1131 adventu
1604 1103 1666 1130 item
1679 1102 1741 1130 Sal-

954 1150 1057 1178 vatoris
1080 1148 1282 1184 praenuntiavit.
1297 1147 1434 1175 Invehitur
1450 1151 1540 1175 autem
1557 1151 1584 1175 et
1596 1148 1740 1182 prophetat

955 1199 1050 1223 contra
1067 1198 1278 1229 contemptores.
1294 1192 1397 1221 Deinde
1411 1193 1525 1221 habetur
1540 1193 1662 1228 precatio
1676 1200 1740 1228 pro-

955 1242 1043 1277 pheta;
1060 1249 1122 1268 cum
1138 1241 1259 1271 cantico,
1282 1241 1310 1267 in
1328 1247 1382 1275 quo
1402 1240 1455 1266 tria
1471 1244 1534 1268 sunt
1549 1240 1737 1275 diapsalmata.

955 1291 1068 1314 canente
1081 1286 1213 1321 propheta
1222 1286 1256 1313 de
1271 1286 1386 1313 adventu
1399 1284 1560 1319 Salvatoris,
1572 1289 1599 1314 et
1611 1286 1644 1316 de
1655 1287 1741 1313 victo-

955 1333 996 1360 ria
1008 1333 1041 1360 de
1059 1338 1145 1360 morte
1160 1331 1334 1367 rcportanda.

1125 1444 1272 1479 Sophonias
1288 1445 1359 1479 ﬁlius
1374 1443 1465 1477 Chusi,
1480 1452 1573 1471 nomn.

148 1499 194 1526 34.
213 1496 298 1532 Οὗτος
324 1500 371 1527 καὶ
395 1499 530 1536 Ἱερεμίας
557 1500 747 1536 συνεχρόνισαν
767 1499 901 1534 ἀλλήλοις.

992 1501 1038 1528 54.
1053 1500 1103 1529 Hic
1113 1505 1140 1529 et
1153 1501 1304 1529 Hieremias
1314 1501 1533 1535 contemporanei
1542 1500 1662 1527 fuerunt.
1674 1499 1740 1528 Nam

119 1545 282 1582 ’Δμφὸτεροι
309 1545 364 1582 γὰρ
383 1546 429 1572 ἐπὶ
455 1545 502 1572 τοῦ
535 1546 636 1572 Ἰωσίου
659 1545 790 1580 βασιλέως
821 1545 906 1572 Ἰούδα

113 1591 331 1627 ὶπροφήτευπαν.
351 1591 436 1624 Λόγος
452 1590 480 1616 δὲ
494 1590 597 1626 Κυρίου
613 1589 719 1623 ἐγένετο
732 1588 800 1625 πρὸς
814 1589 905 1621 αὐτὸν,

113 1638 163 1664 καὶ
177 1637 343 1673 προφητεύει
357 1637 386 1663 ἐν
397 1638 430 1672 τῇ
445 1635 620 1671 Ἰερουσαλὴμ
631 1655 637 1666 ,
648 1635 695 1661 καὶ
708 1635 789 1661 παντὶ
801 1634 886 1670 Ἰούδᾳ
897 1642 904 1649 ·

114 1681 163 1708 καὶ
179 1681 306 1717 προλέγει
322 1681 387 1716 περὶ
399 1680 506 1716 ἡμέρας
520 1679 662 1714 ἐσομένης,
676 1679 747 1705 ὥστε
761 1678 906 1715 ἐξαρίιῆναι

114 1728 205 1754 πάντα
227 1727 262 1753 τὰ
288 1726 395 1758 εἴδωλα,
415 1727 461 1753 καὶ
478 1726 511 1752 τὰ
524 1725 604 1761 ἄλση,
623 1725 670 1752 καὶ
689 1725 771 1751 πολὺν
797 1725 905 1760 θρῆνον,

114 1774 163 1800 καὶ
188 1773 302 1800 κοπετὸν
324 1771 456 1806 γίνεσθαι.
474 1770 644 1808 Προφητεύει
657 1771 686 1797 δὲ
705 1771 752 1798 καὶ
779 1771 843 1806 περὶ
859 1770 906 1797 τοῦ

115 1818 252 1853 Σωτῆρος,
283 1817 330 1844 καὶ
356 1817 406 1852 τῆς
427 1816 611 1848 ἀναστάσεως,
630 1817 662 1852 ἢν
681 1816 715 1843 δι’
732 1817 806 1852 ἡμᾶς
822 1817 905 1843 ποιεῖ.

115 1863 285 1899 Προφητεύει
306 1862 334 1889 δὲ
360 1862 407 1889 καὶ
433 1862 502 1888 κατὰ
526 1861 626 1896 Γάζης,
653 1862 701 1888 καὶ
726 1861 905 1893 Ἀσκάλωνος,

115 1910 163 1936 καὶ
195 1908 323 1941 Ἀζώτου,
349 1909 396 1935 καί
419 1909 468 1944 τῆς
485 1908 638 1944 Ἀκκαρὼν,
661 1908 707 1934 καὶ
723 1908 792 1934 κατὰ
806 1907 905 1940 Μωάσ,

115 1955 164 1982 καὶ
185 1954 309 1990 Ἀμμὼν,
325 1955 372 1981 καὶ
388 1953 458 1981 κατὰ
473 1954 631 1990 Δαμασκοῦ,
646 1955 693 1980 καὶ
707 1953 778 1981 κατὰ
801 1952 905 1987 Νινευτ,

116 2001 244 2028 καὶκατὰ
258 2001 312 2028 τῶν
326 2001 475 2028 Αἰθιόπων.

403 2058 533 2093 Ἀγγαῖος
540 2079 547 2092 ,
576 2061 604 2084 ι’.

149 2116 196 2144 55.
212 2114 296 2147 Οὗτος
318 2115 387 2151 μετὰ
410 2116 458 2152 τὴν
483 2115 671 2151 αἰχμαλωσίαν
689 2115 718 2140 ὲν
737 2114 770 2148 τῇ
786 2112 906 2148 ὲπανόδῳ

958 1553 1072 1583 uterque
1087 1547 1139 1575 sub
1154 1547 1228 1575 Josia
1249 1554 1312 1580 rege
1332 1545 1402 1574 Juda
1423 1546 1605 1581 prophetavit.
1628 1545 1741 1573 Factum

957 1600 999 1624 est
1015 1600 1105 1623 autem
1121 1596 1155 1623 ad
1173 1603 1233 1623 eum
1254 1596 1365 1623 verbum
1380 1594 1499 1627 Domini,
1522 1598 1549 1621 et
1570 1594 1742 1629 prophetnvit

957 1643 985 1671 in
1001 1642 1162 1673 Jerusalem,
1178 1646 1205 1670 et
1220 1641 1293 1669 onmi
1306 1639 1375 1668 Juda
1391 1650 1398 1667 :
1415 1640 1593 1676 praedixitque
1614 1639 1697 1670 diem,
1714 1639 1742 1666 in

957 1697 1011 1724 quo
1028 1688 1146 1715 tollenda
1163 1691 1256 1715 essent
1269 1687 1361 1714 omnia
1384 1687 1466 1715 idola.
1488 1690 1515 1713 et
1529 1692 1651 1717 nemora,
1669 1684 1742 1711 futu-

957 1742 1060 1769 rusque
1074 1739 1147 1761 esset
1169 1732 1248 1761 ﬂetus
1264 1733 1365 1760 multus
1378 1740 1410 1759 ac
1427 1732 1505 1766 127
1520 1732 1654 1766 planctus.
1673 1730 1741 1756 Pro-

957 1781 1050 1816 phelat
1063 1783 1153 1807 autem
1168 1783 1195 1807 et
1210 1779 1242 1807 de
1264 1778 1418 1809 Salvatore,
1434 1781 1460 1804 et
1479 1777 1513 1804 de
1527 1777 1740 1807 resurrectione,

957 1834 1010 1861 qua
1027 1825 1113 1854 nostri
1139 1825 1226 1861 gratia
1247 1826 1408 1853 resurrexit.
1430 1824 1531 1852 Deinde
1554 1824 1698 1859 prophetat
1716 1829 1743 1851 et

957 1876 1052 1899 contra
1066 1871 1177 1903 Gazam,
1196 1875 1222 1898 et
1238 1871 1410 1902 Ascalonem,
1431 1874 1458 1898 et
1473 1870 1598 1902 Azotum,
1615 1873 1642 1897 et
1654 1871 1742 1897 Acca-

957 1925 1062 1950 r0nem,
1074 1922 1101 1945 et
1111 1922 1207 1944 contra
1218 1918 1305 1950 Moab,
1317 1921 1344 1945 et
1355 1918 1479 1950 Ammon,
1489 1921 1516 1946 et
1525 1917 1700 1950 Damascum,
1715 1921 1743 1945 et

957 1963 1082 1997 Niniven,
1096 1968 1120 1991 et
1136 1963 1289 1998 Ethiopas.

1221 2050 1345 2086 Agga'us,
1357 2050 1483 2080 decimus.

992 2110 1036 2138 35.
1061 2108 1111 2137 Hic
1138 2114 1200 2145 post
1233 2109 1417 2144 captivitatem
1448 2109 1566 2136 solutam
1594 2107 1622 2134 in
1651 2107 1742 2134 reditu

116 2162 283 2198 προφητεύει
295 2163 323 2189 ἐν
337 2163 369 2198 τῇ
391 2161 569 2197 Ἰερουσαλὴμ
584 2161 630 2188 ἐπὶ
645 2159 756 2196 Δαρείου
775 2158 903 2194 βασιλέως

958 2156 1129 2192 prophetarit
1139 2155 1328 2191 let-asolymis,
1345 2155 1397 2182 sub
1413 2153 1494 2181 Dario
1507 2161 1569 2189 rege
1583 2153 1741 2184 Persarum,

116 2210 241 2246 Περσῶν,
261 2209 283 2244 β’
299 2208 376 2241 ἔτους
393 2208 486 2242 αὑτοῦ,
507 2208 547 2244 τῷ
569 2208 640 2243 ἕκτῳ
662 2206 738 2242 μηνὶ,
755 2204 833 2238 λόγος
849 2204 905 2230 Κυ-

118 2257 177 2293 ρίου
191 2257 300 2290 ὲγένετο
315 2258 343 2282 ὲν
359 2257 430 2292 χειρὶ
444 2255 537 2286 αὑτοῦ,
559 2254 606 2281 καὶ
622 2251 787 2288 προφητεύει
806 2250 844 2286 τῷ
857 2251 905 2277 Ζο-

119 2302 244 2338 ροδάὸελ,
268 2302 315 2328 καὶ
335 2302 374 2337 τῷ
393 2300 480 2337 Ἰησοῦ
500 2300 540 2336 τῷ
559 2299 691 2332 Ἰωσεδὲκ,
711 2299 758 2326 καὶ
779 2297 818 2333 τῷ
837 2297 904 2333 λαῷ,

119 2350 182 2385 περὶ
199 2348 248 2384 τῆς
267 2348 410 2384 οἰκοδομῆς
426 2348 476 2383 τῆς
492 2346 680 2383 Ἰερουσαλήμ.
697 2343 867 2381 Προφήτεύει
878 2344 906 2370 δὲ

119 2396 165 2422 καὶ
180 2396 244 2431 περὶ
260 2395 309 2430 τῆς
321 2394 512 2431 παρελεύσεως
522 2393 576 2421 τῶν
590 2392 708 2422 οἰκείων,
723 2391 770 2418 καὶ
782 2390 846 2426 περὶ
857 2389 907 2425 τῆς

120 2441 240 2477 κλήσεως
256 2441 310 2469 τῶν
327 2441 419 2468 ἐθνῶν.

310 2497 460 2533 Ζαχαρίας
470 2497 535 2530 υίὸς
554 2495 652 2528 Ἀδὸὼ,
669 2497 716 2522 ια’.

154 2554 198 2582 56.
215 2555 271 2582 Καὶ
290 2552 366 2586 οὗτος
391 2554 429 2589 τῷ
449 2553 567 2589 δευτέρῳ
581 2552 636 2579 ἔτει
664 2551 777 2587 Δαρείου
801 2557 907 2586 προφη-

119 2599 208 2627 τεύει·
231 2599 298 2626 ἀλλὰ
312 2599 350 2635 τῷ
372 2598 458 2634 ὀγδόῳ
481 2598 545 2633 μηνὶ
568 2597 646 2632 λόγος
669 2595 773 2631 Κυρίου
800 2593 907 2628 ἐγένετο

119 2646 189 2684 πρὸς
203 2646 282 2673 αὐτον
297 2646 344 2673 καὶ
359 2645 472 2680 ἄγγελος
490 2643 590 2680 Κυρίου
613 2642 744 2678 ἐλάλησεν
759 2639 844 2675 αὐτῷ,
859 2639 906 2666 καὶ

120 2692 286 2728 προφητεύει
310 2692 378 2727 πρὸς
401 2692 464 2722 τοὺς
487 2690 609 2725 πατέρας
632 2689 678 2715 καὶ
702 2688 752 2724 τὴν
774 2687 907 2722 Ἰερουσα-

120 2738 187 2775 λήμ.
210 2738 315 2769 Πολλὰς
336 2737 364 2764 δὲ
386 2738 433 2763 καὶ
452 2735 577 2767 ποικίλας
598 2735 708 2770 ὁράσεις
731 2733 834 2768 βλέπει,
858 2731 906 2758 καὶ

158 2828 182 2845 ⁸⁸
199 2827 263 2855 Jon.
282 2834 332 2859 ιιι,
348 2826 375 2854 ι.

283 2872 417 2902 ΡΑτιιοι..
433 2871 492 2901 Gl.
510 2867 657 2900 XXVIII.

959 2209 1030 2229 anno
1046 2202 1123 2237 regni
1139 2202 1213 2229 illius
1224 2201 1355 2230 secundo,
1371 2207 1464 2227 mense
1479 2203 1567 2230 sexto,
1586 2198 1685 2226 factum
1700 2201 1743 2225 est

957 2249 986 2275 in
1007 2256 1092 2275 manu
1112 2247 1172 2282 ejus
1187 2247 1299 2275 verbum
1323 2246 1440 2279 Domini,
1458 2249 1485 2272 et
1501 2245 1673 2280 prophetavit
1689 2243 1743 2270 Zo-

957 2294 1092 2326 robabeli,
1112 2293 1188 2325 Iesu,
1219 2297 1246 2320 et
1270 2291 1386 2319 Josedec
1410 2299 1442 2319 ac
1466 2291 1577 2327 populo,
1598 2291 1631 2318 de
1657 2289 1743 2317 aedili-

958 2341 1045 2368 canda
1067 2340 1264 2375 Hierosolyma.
1285 2338 1462 2374 Prophetavit
1487 2338 1570 2365 etiam
1588 2337 1622 2364 de
1645 2336 1741 2364 dereli-

957 2388 1048 2415 ctione
1062 2385 1288 2416 domesticorum,
1303 2388 1330 2412 et
1353 2383 1387 2412 de
1397 2383 1542 2411 vocatione
1556 2383 1688 2418 gentium.

1095 2483 1241 2511 Zacharias
1255 2483 1327 2518 ﬁlius
1338 2481 1425 2514 Addo,
1441 2481 1601 2508 undecimus.

993 2544 1037 2572 36.
1060 2542 1092 2569 Et
1109 2543 1153 2569 hic
1173 2541 1202 2569 in
1219 2540 1340 2569 secundo
1355 2547 1427 2567 anno
1450 2538 1524 2565 Darii
1549 2536 1741 2573 prophetavit:

958 2594 985 2618 at
1007 2590 1036 2617 in
1062 2597 1156 2616 mense
1174 2592 1271 2616 octavo
1295 2587 1396 2614 factum
1422 2589 1464 2612 est
1486 2583 1519 2611 ad
1540 2591 1601 2611 eum
1630 2582 1744 2609 verbum

958 2635 1076 2667 Domini,
1092 2639 1120 2662 et
1134 2635 1243 2661 locutus
1256 2636 1299 2661 est
1316 2633 1355 2659 illi
1371 2632 1486 2666 angelus
1502 2628 1622 2662 Domini,
1637 2631 1664 2655 et
1678 2634 1744 2663 pro-

957 2681 1080 2718 phetavit
1101 2680 1134 2708 ad
1149 2683 1241 2714 patres
1257 2682 1285 2706 et
1304 2678 1338 2706 ad
1352 2676 1514 2705 Jerusalem.
1530 2675 1629 2702 Multas
1653 2681 1743 2701 autem

957 2735 991 2756 ac
1003 2727 1095 2756 varias
1104 2725 1227 2754 visiones
1236 2723 1305 2752 vidit
1330 2728 1356 2751 et
1371 2722 1406 2751 de
1417 2721 1559 2750 Salvatore
1572 2720 1667 2749 multis
1679 2726 1743 2756 pro-

1550 2854 1589 2886 ﬂ
