1929 3056
182 98 243 128 363

191 162 323 198 phetavtt,
341 160 558 196 signiﬁcavitque
581 158 653 194 quod
678 166 760 194 super
774 159 852 186 asino
865 163 893 186 et
903 158 1013 208 pullo'A

192 206 343 244 subjugalis
354 210 486 235 venturus
498 209 582 232 esset.

400 313 561 345 Malachias,
586 313 766 341 duodecinms.

225 361 271 390 57.
292 360 342 388 Hic
354 369 464 396 quoque
480 365 541 396 post
556 361 742 396 captivitatem
756 360 807 388 sub
819 359 900 386 Dario
913 359 975 388 fuit.

191 407 266 436 Onus
281 410 372 434 autem
390 406 466 434 verbi
491 406 597 433 Domini
615 406 642 433 in
657 413 739 433 manu
756 405 843 440 angeli
861 405 933 440 ejus,
949 407 977 432 et

190 453 335 490 prophetat
350 458 444 480 contra
457 452 594 480 lsraelem.
609 452 763 488 Exprobrat
775 455 865 478 autem
883 450 975 478 lsraeli

190 499 425 535 transgressiones
452 499 532 534 ejus,
553 502 665 526 accusat
689 498 766 525 illum
789 497 975 533 neglecturum

190 545 370 577 decimarum.
385 549 411 572 et
426 545 536 573 omissa:
552 544 810 572 communicationis
831 551 894 570 cum
907 550 976 578 pau-

189 592 312 627 peribus.
336 591 484 626 Prophetat
511 591 592 618 etiam
615 590 650 618 de
678 590 722 618 die
744 589 860 625 judicii,
888 593 915 615 et
943 587 977 616 de

189 638 336 674 splendore
362 637 535 669 Salvatoris,
560 636 702 672 Eliamque
736 641 800 663 ante
828 634 975 662 adventum

190 683 341 713 Salvatoris
357 684 519 712 mittendum
533 683 708 720 prmnumiat.

345 793 428 822 Liber
440 793 522 825 XIX,
540 793 628 821 Isaias
646 794 718 829 ﬁlius
735 794 825 821 Amos.

220 841 270 869 '38.
292 841 389 881 llic-et
412 840 491 874 Osee,
517 842 588 869 sicut
614 849 696 877 supra
725 841 856 873 diximus,
879 840 974 868 eodem

186 893 313 924 tempore
332 889 468 916 vixerunt.
485 888 552 915 Nam
579 893 605 916 et
629 889 680 916 iste
704 888 756 916 sub
777 887 853 920 Ozia,
871 891 898 915 et
913 886 976 914 Joa-

190 936 276 968 tham,
293 940 320 963 et
334 935 436 966 Achaz,
453 939 481 962 et
496 934 611 962 Ezechia
633 935 744 970 regibus
755 933 826 961 Juda
839 933 901 961 fuit.
923 933 976 960 Ac-

190 986 267 1017 cepta
293 985 384 1009 autem
407 981 512 1009 visione
534 981 707 1016 prophetavit
735 984 832 1007 contra
854 979 976 1007 Judzcam

188 1033 216 1056 et
228 1028 392 1056 Jerusalem.
408 1027 441 1054 Et
464 1028 566 1055 factum
584 1031 626 1055 est
645 1028 678 1055 ad
700 1035 762 1055 eum
790 1027 904 1055 verbum
920 1025 976 1053 Do-

189 1073 267 1101 mini.
284 1073 317 1100 Et
331 1073 449 1100 maxima
461 1081 524 1108 pars
544 1072 692 1108 prophetiae
711 1072 782 1107 ejus,
805 1071 975 1106 evangelium

189 1124 231 1148 est
245 1120 278 1147 de
291 1120 408 1147 adventu
416 1118 498 1146 Verbi
514 1118 562 1146 Dei
578 1119 606 1146 in
618 1126 739 1150 carnem,
752 1122 780 1146 et
793 1118 826 1145 de
840 1117 976 1153 passioni-

188 1167 252 1199 bus,
271 1175 340 1202 quas
357 1166 444 1194 nostri
468 1166 556 1201 gratia
578 1166 708 1200 suscepit.
727 1164 874 1200 Prophetat
891 1165 974 1192 etiam

187 1215 263 1241 circa
277 1218 381 1248 gentes,
399 1212 525 1240 videlicet
544 1216 640 1239 contra
660 1211 838 1247 Babylonem,
866 1211 894 1238 in
909 1211 974 1238 Phi-

188 1258 322 1292 listhzeos,
344 1262 371 1285 et
387 1261 481 1285 contra
498 1257 671 1285 Damascum.
689 1256 829 1285 Visionem
853 1256 973 1292 Egypti,

188 1305 322 1332 visionem
339 1304 474 1337 Idumam,
487 1304 622 1332 visionem
636 1303 779 1339 phalangis
798 1303 875 1336 Sion,
891 1304 975 1331 visio-

188 1359 253 1380 nem
275 1351 350 1388 Tyri,
371 1351 504 1379 visionem
519 1350 737 1386 quadrupedium
763 1351 791 1377 in
815 1351 973 1380 solitudine.

188 1399 307 1426 Euarrat
319 1398 401 1425 etiam
422 1404 564 1433 egressum
583 1396 771 1429 Senacherim,
787 1398 974 1433 arrogantiam

187 1444 331 1480 Rapsacis,
346 1448 373 1472 et
389 1444 532 1479 utriusque
542 1451 636 1471 casum
653 1451 685 1471 ac
700 1444 889 1479 perditionem.
900 1445 975 1471 Prm-

188 1496 262 1520 terea
278 1491 346 1519 dicit
369 1490 525 1523 Ezechiam,
544 1498 607 1518 cum
630 1491 658 1518 in
670 1491 797 1519 morbum
819 1490 973 1524 incidisset,

187 1544 215 1565 et
229 1539 379 1565 moriturus
399 1542 483 1570 esset,
500 1538 623 1565 oratione
638 1545 687 1565 sua
703 1545 838 1565 annorum
862 1537 974 1573 quinde
987 1536 1008 1566 C

188 1584 241 1611 cim
256 1583 523 1611 vitm-accessionem
538 1583 708 1618 impetrasse.
729 1582 878 1618 Prophetat
890 1583 973 1611 etiam

187 1629 322 1658 eunuchis
336 1633 363 1657 et
378 1629 515 1665 gentibus,
531 1632 558 1657 et
571 1629 599 1657 in
614 1630 667 1657 ﬁne
680 1629 713 1657 de
726 1629 769 1658 die
779 1629 889 1664 judieii.

183 1713 266 1742 liber
278 1713 343 1746 XX,
367 1714 513 1742 Hieremias
533 1715 604 1750 ﬁlius
621 1714 720 1743 Hclcice
734 1715 766 1743 de
782 1714 972 1743 sacerdotibus.

222 1761 267 1788 30.
298 1760 346 1788 llic
371 1765 399 1788 et
424 1761 598 1796 Sophonias,
626 1761 856 1796 quemadmodum
890 1768 973 1796 supra

184 1806 318 1838 diximus,
344 1807 566 1842 contemporanei
592 1807 712 1834 fuerunt.
729 1807 857 1835 Pervenit
882 1811 974 1835 autem

186 1851 338 1879 Hieremias
363 1859 450 1886 usque
474 1852 507 1878 ad
532 1857 638 1887 tempus
661 1851 777 1884 Joakim,
802 1856 829 1880 et
861 1852 974 1880 undeci-

188 1903 262 1923 mum
278 1903 379 1923 annum
396 1896 516 1925 Sedecize
530 1898 601 1933 regis
615 1897 702 1929 Judm,
725 1902 753 1925 et
769 1905 856 1932 usque
870 1897 904 1924 ad
925 1905 973 1924 ca-

188 1940 342 1976 ptivitatem
358 1942 461 1977 populi.
482 1941 600 1969 Verbum
615 1950 681 1970 vero
699 1941 747 1969 Dei
765 1941 865 1969 factum
881 1946 924 1970 est
939 1941 973 1969 ad

187 1993 262 2018 eum,
286 1987 332 2014 ubi
348 1995 440 2014 sermo
454 1986 564 2014 Domini
580 1987 614 2015 ad
632 1988 721 2022 ipsqu
740 1987 828 2015 factus
852 1993 904 2015 est.
925 1987 974 2015 Est

188 2035 279 2059 autem
296 2039 484 2067 saepenumero
501 2032 534 2060 ad
559 2040 622 2060 eum
639 2032 738 2061 factus.
762 2032 792 2060 Et
818 2033 910 2060 multis
930 2041 974 2060 re-

188 2077 332 2113 prehendit
359 2078 508 2113 iujustitias
535 2078 716 2106 Hierusalem.
742 2078 918 2114 Prophetavit
945 2080 973 2106 in

187 2123 371 2156 Hierusalem,
388 2124 422 2152 de
447 2123 538 2151 futura
563 2125 697 2156 siccitate,
720 2130 747 2152 et
769 2129 864 2152 contra
878 2128 973 2161 gentes

187 2169 302 2202 Aeilem,
317 2173 344 2197 et
359 2170 393 2197 de
410 2170 528 2197 adventu
545 2171 618 2205 regis
630 2169 773 2206 Babylonii
791 2170 824 2198 ad
841 2171 973 2198 exciden-

745 95 774 126 S.
793 94 1021 124 ATHANASIUS.

1042 111 1079 117 —-
1096 93 1209 124 DUBIA.
1769 95 1832 124 δοι

1028 156 1194 194 προφητεύει
1214 157 1278 193 περὶ
1295 156 1341 184 τοῦ
1362 157 1489 193 Σωτῆρος
1512 157 1557 185 διὰ
1576 158 1690 190 πολλῶν,
1705 158 1753 186 καὶ
1773 167 1832 195 ση-

1031 205 1120 240 μαίνει
1144 204 1225 232 αύτδν
1240 203 1400 240 ἐξέρχεσθαι
1423 204 1471 231 ἐπὶ
1493 205 1553 232 ὄνον
1572 205 1619 232 καὶ
1641 205 1732 232 πῶλον
1753 206 1832 233 ὑπο-

1029 249 1133 285 ζυγίου.

1308 308 1476 343 Μαλαχίας,
1500 309 1551 341 ιβ’.

1063 354 1107 381 57.
1123 353 1177 380 Καὶ
1194 350 1271 386 οὗτος
1288 353 1357 389 μετὰ
1371 354 1420 390 τὴν
1434 354 1623 390 αἰχμαλωσίαν
1644 355 1756 390 γέγονεν
1774 354 1830 382 ἐπὶ

1027 399 1150 435 Δαρείου.
1167 399 1271 434 Λῆμμα
1289 399 1317 425 δὲ
1338 399 1419 434 λόγου
1441 399 1544 435 Κυρίου
1562 400 1590 426 ὲν
1610 399 1682 435 χειρὶ
1702 399 1827 434 ἀγγέλου

1028 445 1122 476 αὐτοῦ,
1143 446 1190 472 καὶ
1212 444 1379 481 προφητεύει
1397 445 1442 471 ἐπὶ
1467 446 1513 471 τὸν
1539 445 1656 481 Ἰσραήλ.
1680 445 1828 478 Ὀνειδίζει

1027 491 1055 518 δὲ
1071 491 1115 517 τὸν
1137 491 1246 527 Ἰσραὴλ
1261 491 1308 518 ἐπὶ
1329 492 1389 523 ταῖς
1406 490 1589 527 παραϐάσεσι,
1613 492 1660 518 καὶ
1681 493 1826 526 μέμφεται

1027 537 1073 564 ἐπὶ
1094 539 1126 573 τῇ
1148 537 1263 573 ἀμελείᾳ
1286 537 1340 564 τῶν
1365 537 1496 568 δεκάτων,
1523 537 1571 564 καὶ
1593 537 1643 571 τῆς
1665 538 1732 572 πρὸς
1755 538 1828 570 τοὺς

1027 585 1152 619 πτωχοὺς
1172 584 1323 616 κοινωνίας.
1340 584 1510 620 Προφητεύει
1527 583 1555 610 δὲ
1571 584 1695 619 περὶτῆς
1712 585 1828 620 ἡμέρας

1027 630 1076 665 τῆς
1090 631 1216 666 κρίσεως,
1232 630 1280 657 κα)⁵
1294 630 1343 665 τῆς
1357 629 1405 656 τοῦ
1425 630 1550 665 Σωτῆρος
1569 629 1755 665 ἑπιλάμψεως,
1772 630 1828 657 καὶ

1028 677 1081 713 πρὸ
1099 677 1149 712 τῆς
1164 677 1316 713 παρουσίας
1335 677 1382 703 τοῦ
1396 677 1522 712 Σωτῆρος
1541 676 1756 703 ἀποστέλλεσθαι
1775 677 1828 704 τὸν

1034 724 1127 751 Ἠλίαν
1146 723 1282 759 σημαίνει.

1167 781 1288 808 Βιϐλίων
1303 782 1345 807 ιϐ’.
1365 780 1484 813 Ἡσαΐας
1493 779 1558 813 υίὸς
1574 779 1676 815 Ἀμώς.

1062 827 1106 855 38.
1123 824 1206 859 Οὗτος
1223 827 1271 854 καὶ
1291 826 1381 862 Ὠσηὲ,
1397 825 1468 853 καθὰ
1491 826 1670 862 προείπομεν,
1690 825 1824 860 συνεχρό-

991 864 1012 892 Β
1027 882 1102 901 νισαν
1123 873 1256 909 ἀλλήλοις.
1279 874 1334 900 Καὶ
1357 873 1411 909 γὰρ
1429 873 1475 900 καὶ
1498 870 1576 904 οὗτος
1593 873 1638 898 ἐπὶ
1654 871 1754 904 Ὀζίου,
1772 871 1825 899 καὶ

1034 919 1161 955 Ἰωάθαμ,
1181 920 1228 946 καὶ
1247 919 1340 955 ’Λχὰζ,
1355 920 1403 946 καὶ
1420 918 1552 951 Ἐζεκίου,
1569 918 1701 953 βασιλέων
1720 918 1821 950 Ἰούδα,

1027 965 1147 1000 γέγονεν.
1165 965 1277 1001 ’Ὁρασιν
1300 965 1328 992 δὲ
1342 964 1482 1001 ἑωρακὼς,
1497 963 1664 1000 προφητεύει
1684 963 1754 991 κατὰ
1768 963 1824 999 τῆς

1033 1011 1163 1043 Ἰουδαίας
1177 1011 1224 1038 καὶ
1240 1011 1311 1038 κατὰ
1330 1012 1518 1048 Ἰερουσαλήμ.
1538 1012 1593 1039 Καὶ
1616 1011 1694 1046 λόγος
1713 1011 1742 1038 δὲ
1763 1012 1824 1039 Κυ-

1027 1057 1085 1092 ρίου
1107 1057 1175 1093 πρὸς
1190 1057 1271 1084 αὑτὸν
1292 1057 1398 1092 γέγονε.
1421 1058 1476 1085 Καὶ
1491 1057 1522 1084 τὸ
1537 1057 1662 1084 πλεῖστον
1683 1057 1733 1092 τῆς
1749 1065 1822 1093 προ-

1026 1102 1140 1137 φητείας
1161 1103 1243 1129 αὐτοῦ
1265 1104 1338 1130 ἐστιν
1362 1103 1509 1138 εὐαγγέλια
1529 1104 1594 1140 περὶ
1611 1104 1662 1139 τῆς
1684 1103 1823 1139 ὲνσάρκου

1025 1149 1177 1184 παρουσίας
1199 1148 1246 1175 τοῦ
1271 1150 1358 1184 Λόγου
1384 1149 1430 1176 τοῦ
1447 1149 1525 1181 Θεοῦ,
1547 1150 1594 1176 καὶ
1618 1147 1655 1176 ὧν
1675 1149 1822 1182 ἀνεδέξατο

1025 1194 1058 1221 δι’
1071 1195 1145 1230 ἡμᾶς
1163 1195 1268 1223 παθῶν.
1287 1195 1458 1231 Προφητεύει
1473 1195 1502 1222 δὲ
1517 1196 1564 1222 καὶ
1579 1196 1626 1222 ἐπὶ
1642 1195 1705 1231 Εθνη
1719 1195 1819 1228 ταῦτα,

1024 1240 1097 1268 κατά
1113 1241 1282 1274 Βαϐυλῶνος,
1300 1241 1348 1268 ἐπὶ
1364 1242 1428 1273 τοὺς
1444 1241 1620 1276 ἀλλοφύλους,
1636 1241 1706 1268 κατά
1722 1243 1820 1277 Δαμα-

1027 1286 1091 1313 ο·κοῦ
1102 1296 1108 1302 ”
1120 1287 1213 1323 ὅρασιν
1223 1287 1372 1321 Αἰγύπτου,
1384 1288 1475 1323 ὅραμα
1485 1287 1535 1323 τῆς
1549 1287 1710 1323 Ἰδουμαίας,
1724 1288 1820 1324 ὅραμα

1024 1333 1074 1368 τῆς
1089 1333 1226 1368 φάλαγγος
1250 1333 1330 1366 Σιὼν,
1345 1334 1436 1369 ὅραμα
1459 1333 1559 1369 Τύρου,
1576 1333 1672 1368 ὅρασιν
1695 1332 1750 1360 τῶν
1772 1342 1821 1360 τε-

1024 1380 1166 1416 τραπόδων
1182 1380 1236 1407 τῶν
1254 1382 1284 1408 ὲν
1299 1382 1332 1417 τῇ
1355 1381 1461 1417 ἐρήμῳ.
1486 1382 1625 1417 Διηγεῖται
1646 1381 1675 1407 δὲ
1697 1381 1745 1408 καὶ
1765 1381 1820 1417 τὴν

1025 1426 1114 1459 ἔξοδον
1134 1426 1315 1462 Σεναχηρεὶμ,
1337 1427 1384 1453 καὶ
1410 1426 1549 1462 Ῥαψάκου
1572 1427 1623 1462 τὴν
1644 1426 1816 1459 ἀλαζονείαν,

1024 1473 1074 1507 τήν
1090 1481 1119 1499 τε
1135 1472 1236 1500 πτῶσιν
1247 1473 1294 1499 καὶ
1309 1471 1445 1499 ἀπώλειαν
1462 1471 1561 1499 αὐτῶν.
1575 1472 1629 1499 Καὶ
1640 1473 1681 1499 ὅτι
1697 1473 1818 1508 νοσήσας

1031 1516 1164 1549 Ἐζεκίας,
1177 1517 1223 1544 καί
1236 1517 1340 1552 μέλλων
1356 1516 1550 1552 ἀποθνήσκειν,
1565 1517 1721 1553 εὐξάμενος,
1735 1526 1817 1554 προσ-

1026 1564 1113 1600 θήκην
1128 1564 1191 1600 ἔσχε
1206 1564 1277 1599 ζωῆς
1291 1563 1359 1590 ἐτῶν
1373 1567 1412 1591 ιε’.
1427 1563 1597 1600 Προςρητεύει
1612 1564 1641 1590 δὲ
1658 1564 1704 1590 καὶ
1720 1563 1815 1590 εὐνού-

1025 1617 1092 1645 χοις,
1106 1609 1153 1636 καὶ
1165 1610 1222 1641 τοῖς
1237 1609 1336 1641 ἔθνεσι,
1356 1609 1403 1636 καὶ
1421 1609 1451 1636 ὲν
1466 1608 1505 1644 τῷ
1518 1609 1589 1635 τέλει
1608 1609 1672 1645 περῖ⁹
1684 1609 1732 1645 τῆς
1745 1609 1817 1645 ὴμέ-

1026 1663 1075 1691 ρας
1087 1655 1137 1690 τῆς
1155 1655 1282 1690 κρίσεως.

1025 1713 1146 1740 Βιϐλίαν
1160 1714 1195 1739 κ¹.
1218 1711 1354 1747 Ἱερεμίας
1378 1713 1395 1739 ὁ
1418 1712 1547 1740 Χελκίου
1567 1712 1602 1739 ἐκ
1622 1711 1681 1740 τῶν
1701 1712 1814 1748 ἱερέων.

1060 1759 1103 1787 59.
1121 1755 1205 1790 Οὗτος
1219 1759 1300 1785 πάλιν
1320 1759 1368 1785 καὶ
1388 1759 1528 1793 Σοφονίας,
1546 1759 1618 1786 καθὰ
1634 1759 1814 1795 προείπομεν,

1025 1804 1215 1840 συνεχρόνισαν
1231 1804 1365 1841 ἀλλήλοις.
1382 1805 1537 1841 Παρέμεινε
1558 1805 1587 1832 δὲ
1603 1805 1738 1841 Ἱερεμίας
1759 1806 1814 1838 ἕως

1031 1851 1167 1886 Ἰωακεὶμ,
1184 1850 1231 1877 καὶ
1252 1850 1305 1882 ἓως
1328 1851 1472 1878 ἑνδεκάτου
1493 1851 1571 1883 ἔτους
1593 1851 1716 1878 Σεδεκίω
1733 1850 1815 1886 βασι-

1024 1895 1092 1928 λέως
1108 1896 1202 1928 Ἰούδα,
1221 1896 1274 1928 ἕως
1289 1896 1341 1931 τῆς
1356 1897 1543 1932 αἰχμαλωσίας
1557 1897 1604 1924 τοῦ
1627 1896 1701 1924 λαοῦ.
1723 1896 1814 1932 Ῥῆμα

1024 1942 1052 1969 δὲ
1065 1942 1133 1970 Θεοῦ
1155 1943 1263 1977 ἐγένετο
1284 1943 1352 1978 πρὸς
1366 1943 1457 1974 αὑτὸν,
1475 1943 1504 1974 ὃς
1527 1942 1642 1979 ἐγενήθη
1659 1943 1738 1977 λόγος
1754 1943 1812 1970 Κυ-

1026 1988 1083 2024 ρίου
1098 1987 1166 2023 πρὸς
1181 1987 1271 2014 αὐτόν.
1294 1988 1349 2014 Καὶ
1365 1987 1495 2020 πολλάκις
1505 1987 1534 2014 δὲ
1550 1988 1657 2022 ἐγένετο
1669 1988 1748 2023 λόγος
1760 1989 1814 2015 Κυ-

1027 2034 1084 2070 ρίου
1106 2034 1175 2070 πρὸς
1195 2033 1286 2065 αὐτὸν,
1307 2034 1353 2060 καὶ
1372 2033 1477 2068 ἐλέγχει
1497 2033 1547 2065 τὰς
1567 2033 1673 2065 ἀδικίας
1696 2033 1746 2069 τῆς
1763 2035 1811 2061 Ἰε-

1027 2079 1168 2115 ρουσαλὴμ
1182 2078 1226 2105 διὰ
1243 2077 1358 2105 πολλῶν.
1375 2077 1546 2114 Προφητεύει
1563 2077 1591 2104 δὲ
1614 2078 1660 2104 ἐπὶ
1679 2078 1813 2114 Ἰερουσα-

1024 2125 1089 2161 λὴμ,
1111 2125 1158 2152 καὶ
1174 2125 1238 2160 περὶ
1252 2125 1301 2160 τῆς
1315 2124 1457 2160 ἁϐροχίας,
1477 2123 1524 2150 καὶ
1540 2123 1587 2150 ἐπὶ
1604 2124 1638 2151 τὰ
1659 2124 1723 2160 ἔθνη
1744 2125 1812 2151 Ἀει-

1025 2171 1089 2207 λὴμ,
1105 2171 1152 2198 καὶ
1166 2170 1214 2197 τοῦ
1229 2169 1314 2197 ἐλθεῖν
1330 2169 1441 2205 βασιλέα
1457 2169 1615 2202 Βαϐυλῶνος
1630 2169 1676 2196 τοῦ
1698 2171 1813 2206 ἐκκόψαι

187 2215 249 2242 dam
265 2219 365 2242 terram
379 2213 499 2250 Egypti,
511 2219 538 2242 et
550 2215 681 2243 adversus
699 2216 780 2251 128
794 2215 971 2251 Babylonem.

1028 2216 1072 2252 τὴν
1089 2216 1140 2251 γῆν
1159 2214 1308 2250 Αἰγύπτου,
1323 2216 1369 2242 καὶ
1386 2214 1439 2241 ὲπΥ
1450 2214 1608 2242 Βαϐυλῶνα.
1632 2215 1686 2242 Καὶ
1702 2216 1716 2242 ό
1733 2215 1811 2250 λόγος

187 2260 236 2288 Est
259 2261 340 2288 etiam
365 2261 393 2288 in
419 2261 470 2288 hoc
496 2262 566 2288 libro
592 2262 716 2294 verbum,
745 2263 820 2298 quod
841 2263 974 2291 Dominus

187 2306 331 2335 Hieremiae
347 2307 497 2340 mandavit,
516 2311 546 2334 ut
564 2308 667 2336 diceret
685 2309 783 2336 Sancte
799 2309 853 2337 lilio
875 2309 972 2342 Nerim,

186 2359 214 2381 et
238 2354 377 2386 Idumaeae,
401 2358 429 2382 et
454 2354 517 2382 [iliis
543 2354 679 2387 Ammon,
704 2360 730 2382 et
755 2356 843 2383 Cedar
872 2357 974 2391 regina:

185 2401 272 2433 Aulaa,
289 2409 370 2436 quam
387 2401 524 2436 percussit
545 2401 798 2430 Nabuchodonosor
813 2411 860 2430 rex
883 2403 973 2439 Baby-

186 2448 268 2479 lonis,
284 2453 311 2475 et
326 2447 470 2480 Damasco,
487 2453 514 2475 et
527 2447 616 2480 Moab,
629 2451 657 2476 et
674 2448 700 2476 in
714 2448 865 2476 Jerusalem
881 2455 907 2476 et
924 2448 974 2476 Ju-

185 2492 260 2524 dam,
281 2495 309 2520 et
327 2492 437 2520 donuun
455 2492 589 2526 Achabin,
606 2497 632 2521 et
648 2493 682 2520 de
702 2493 765 2521 [iliis
780 2493 868 2525 Adab.
886 2498 912 2522 et
925 2493 975 2521 Ju-

186 2539 252 2566 daeis
278 2538 465 2567 habitantibus
484 2540 511 2567 in
535 2543 609 2567 terra
625 2539 746 2575 Egypti,
765 2544 792 2568 et
815 2540 973 2568 sedentibus

185 2585 212 2611 in
227 2583 361 2619 Magdolo,
381 2590 408 2612 et
430 2586 457 2612 in
473 2584 606 2621 Taphnis,
633 2590 660 2613 et
685 2586 713 2613 in
728 2591 800 2613 terra
821 2585 949 2614 Pathurce
966 2597 972 2614 :

185 2635 212 2657 et
227 2631 259 2657 ad
274 2630 391 2664 Baruch,
405 2639 468 2658 cum
483 2639 624 2659 sermones
642 2632 709 2660 istos
725 2633 753 2659 in
767 2633 867 2659 librum
882 2640 915 2660 ex
927 2641 974 2660 ore

185 2674 329 2703 Hieremiae.
354 2677 551 2704 conscriberet.
578 2676 707 2704 Continet
721 2677 803 2704 etiam
825 2677 870 2704 hic
893 2677 972 2709 liber,

186 2722 260 2749 circa
287 2722 385 2756 ﬁnem,
410 2724 547 2758 quomodo
568 2722 655 2751 Judaei
679 2724 795 2752 insidias
823 2725 975 2752 struxerint

186 2768 336 2802 prophetae,
353 2773 379 2796 et
400 2769 427 2796 iu
452 2770 540 2797 lacum
556 2770 628 2797 omni
645 2778 707 2798 eum
732 2770 882 2805 abjeceriut
897 2781 903 2798 :
920 2771 974 2799 Ab-

186 2812 325 2841 drmelech
339 2821 405 2842 vero
420 2813 546 2850 IEtbiops
564 2815 639 2842 illum
657 2815 792 2844 eduxerit.

1024 2262 1054 2289 ὃν
1068 2262 1218 2289 ἐνετείλατο
1233 2261 1333 2297 Κύριος
1352 2261 1392 2297 τῷ
1413 2261 1532 2297 Ἱερεμίᾳ
1549 2262 1636 2288 εἰπεῖν
1649 2261 1688 2297 τῷ
1710 2261 1813 2297 Σαραίᾳ

1025 2308 1075 2344 υἱῷ
1096 2309 1211 2345 Νηρίου,
1235 2309 1281 2335 καὶ
1303 2309 1336 2344 τῇ
1358 2308 1504 2344 Ἰδουμαίᾳ,
1524 2308 1642 2339 καὶτοῖς
1661 2308 1729 2339 υἱοῖς
1748 2308 1812 2343 Ἀμ-

1026 2355 1094 2391 μὼν,
1114 2356 1160 2382 καὶ
1181 2356 1214 2391 τῇ
1232 2355 1329 2391 Κηδὰρ
1346 2354 1489 2390 βασιλίσσῃ
1505 2355 1555 2389 τῆς
1568 2355 1667 2389 Αὐλῆς,
1688 2354 1722 2389 ἥν
1743 2354 1810 2381 ἐπά-

1023 2401 1088 2434 ταξε
1110 2401 1343 2437 Ναϐουχοδονόσορ
1367 2400 1492 2435 βασιλεὺς
1515 2399 1684 2432 Βαϐυλῶνος,
1709 2400 1755 2426 καὶ
1777 2401 1810 2436 τῇ

1024 2448 1171 2484 Δαμασκῷ,
1195 2448 1241 2475 καὶ
1261 2449 1294 2484 τῇ
1316 2447 1412 2479 Μωὰϐ,
1435 2447 1483 2473 καὶ
1505 2447 1550 2473 ἐπὶ
1567 2446 1812 2482 Ἱερουσαλὴμ¹καὶ

1031 2494 1140 2525 Ἰούδαν,
1154 2494 1201 2520 καὶ
1214 2495 1254 2526 είς
1265 2492 1338 2521 οἶκον
1358 2493 1478 2529 Ἀχαϐὶν,
1494 2494 1558 2529 περὶ
1573 2493 1627 2520 τῶν
1639 2493 1705 2520 υίῶν
1720 2493 1809 2525 ’Δδὰϐ,

1023 2542 1080 2572 τοῖς
1094 2549 1124 2566 τε
1142 2539 1281 2572 Ἰουδαίοις
1294 2541 1351 2572 τοῖς
1359 2539 1541 2572 ,κατοικοῦσιν
1557 2539 1586 2566 ὲν
1605 2540 1640 2575 γῇ
1662 2538 1810 2573 Δίγύπτου,

1024 2586 1070 2612 καί¹
1089 2587 1145 2618 τοῖς
1168 2585 1332 2622 καθημένοις
1351 2587 1379 2612 ὲν
1402 2586 1554 2621 Μαγδωλῷ,
1574 2587 1620 2613 καὶ
1639 2587 1668 2613 ἐν
1681 2587 1810 2621 Τάφναις,

1024 2632 1071 2658 καὶ
1081 2632 1109 2659 ἐν
1120 2633 1155 2668 γῇ
1169 2631 1312 2668 Παθούρης
1321 2640 1328 2647 ⁴
1341 2633 1409 2668 πρός
1422 2641 1450 2659 τε
1467 2632 1511 2658 τὸν
1526 2632 1642 2668 Βαροὺχ,
1653 2633 1697 2658 ὅτε
1709 2632 1811 2668 ἔγραφε

1024 2677 1087 2709 τοὺς
1101 2677 1196 2712 λόγους
1210 2677 1321 2709 τούτους
1336 2678 1365 2704 ὲν
1380 2677 1420 2712 τῷ
1434 2677 1527 2713 βιϐλίῳ
1541 2677 1596 2704 ἀπὸ
1612 2678 1745 2713 στόματος
1762 2678 1811 2705 Ἰε-

1026 2722 1130 2758 ρεμίου.
1154 2723 1279 2759 Περιέχει
1302 2722 1330 2749 δὲ
1354 2723 1385 2749 τὸ
1408 2723 1509 2758 βιϐλίον
1531 2723 1578 2750 ἐπὶ
1597 2723 1701 2755 τέλους,
1722 2723 1762 2750 ὅτι
1786 2724 1810 2751 οί

1030 2771 1162 2803 Ἰουδαῖοι,
1182 2770 1403 2802 ἐπιϐουλεύοντες
1420 2780 1459 2807 τῳ
1479 2772 1616 2807 προφήτῃ,
1633 2771 1748 2808 ἔρριψαν
1764 2772 1810 2798 αὐ-

1024 2816 1068 2843 τὸν
1093 2817 1132 2848 εἰς
1159 2816 1261 2844 λάκκον
1287 2816 1428 2853 βορϐόρου,
1456 2818 1503 2844 καὶ
1530 2817 1690 2854 ’Δϐδεμέλεχ
1717 2816 1810 2853 Αἰθίοψ

1024 2863 1160 2899 ἀνήγαγεν
1172 2863 1262 2890 αὐτόν.
