1929 3056
124 138 178 166 365

662 131 829 160 SYNOPSIS
851 132 1058 161 SCRIPTURE
1078 129 1212 160 SACRzE.

1697 132 1750 161 366

160 196 268 232 Βαροὺχ
291 195 318 222 δὲ
341 195 488 229 ἐπιγράφει
511 193 541 220 τδ
565 193 678 228 βιϐλίον,
707 192 800 228 ἐπειδὴ
825 189 914 224 οὗτος,

1002 192 1119 223 Baruch,
1138 192 1236 219 librum
1259 191 1410 227 inscripsit,
1423 192 1487 226 quia
1504 192 1549 220 ille
1564 200 1625 220 cum
1644 201 1750 222 sermo.

124 243 234 279 γράψας
253 242 308 268 ἀπὸ
323 241 455 276 στόματος
473 240 606 276 Ἱερεμίου
627 239 691 270 τοὺς
712 239 742 265 ὲν
762 238 802 273 τῷ
825 238 918 273 βιόλίῳ

124 289 232 323 λόγους,
245 288 350 321 ἀνέγνω
360 289 416 318 τοῖς
427 288 455 313 ὲν
468 287 502 322 τῇ
511 286 652 313 Βαϐυλῶνι
665 285 917 320 αἰχμαλωτισθεῖσι,

124 334 372 370 παραμυθούμενος
388 334 496 366 αὐτοὺς,
510 334 556 360 καὶ
567 332 799 367 ἐπαγγελλόμενος
814 330 918 362 τούτοις

124 382 175 417 τὴν
193 381 269 417 παρὰ
284 381 352 407 Θεοῦ
368 380 471 406 ἐλπίδα.

162 427 269 461 Θρῆνυι
284 426 428 461 ἐπιγράφει
445 425 475 452 τὸ
492 424 601 460 βιϐλίον,
618 423 712 458 ἐπειδὴ
726 422 836 453 τούτους
853 421 917 452 τοὺς

124 473 222 508 λόγους
242 473 391 508 ὲορήνηςεν
414 471 548 507 Ἱερεμίας
571 470 634 506 περὶ
654 470 703 505 τῆς
726 467 914 503 Ἰερουσαλὴμ,

125 519 171 545 ὅτε
189 519 261 546 ἑάλω
278 518 324 544 xal
341 516 532 553 ᾐχμαλωτίσθη
548 516 562 542 ὁ
579 516 651 547 λαός.

167 609 311 644 Ἐπιστολὴ
329 607 458 644 Ἱερεμίου
472 607 604 638 καλεῖται,
618 605 710 640 ἐπειδὴ
723 604 823 640 ταύτην
835 604 916 640 ἐγρα-

127 664 177 691 φεν
200 655 333 691 Ἱερεμίας
356 656 413 684 τοῖς
435 654 464 679 ἐν
488 655 521 689 τῇ
547 651 737 687 αἰχμαλωσίᾳ,
763 650 834 677 κατὰ
860 650 915 676 τῶν

125 702 242 729 εἰδώλων
265 700 479 736 ἀσφαλιζόμενος
504 699 613 730 αὐτοὺς,
638 698 683 724 ἴνα
710 697 747 733 μὴ
772 696 916 732 βλέποντες

126 747 196 775 αὐτὰ
213 746 404 782 συναπαχοῶσι
424 747 481 776 τοῖς
496 745 649 780 σεϐομένοις
661 743 756 770 ταῦτα.

197 803 320 831 Βιϐλίων
335 806 389 829 aut.
408 801 539 836 Ἐζεκιὶιλ
554 802 618 834 υἱὸς
639 801 725 831 Βουζὶ
738 801 843 835 ιερεύς.

162 850 207 878 40.
232 846 316 881 Οὗτος
340 849 368 876 ἐν
384 850 417 884 τῇ
442 848 613 883 αἰχμαλωσίᾳ
635 847 728 882 γέγονε
752 849 819 882 μετὰ
836 848 916 883 Ἱερε-

969 245 1018 264 nes
1031 237 1099 265 istos
1110 245 1143 265 ex
1155 245 1202 264 ore
1216 236 1358 264 Hieremias
1369 238 1527 273 scripsisset
1540 238 1576 267 iis
1589 239 1636 274 qui
1653 240 1681 266 in
1696 239 1749 266 Ba-

969 283 1068 317 bylone
1084 282 1186 317 captivi
1209 286 1297 313 erant,
1325 283 1400 318 legit,
1421 288 1451 310 ut
1470 284 1660 312 consolaretur
1676 285 1749 317 illos,

968 333 995 356 et
1011 336 1087 364 spem
1101 329 1129 356 in
1146 328 1230 356 Deum
1247 330 1431 357 annuntiaret.

1002 415 1213 442 Lamentationes
1234 416 1332 443 librum
1355 417 1505 453 inscripsit,
1521 420 1584 454 quia
1605 420 1666 448 istis
1688 427 1750 448 ser-

966 463 1093 489 monibus
1108 461 1142 489 dc
1163 461 1312 490 Jerusalem
1337 464 1501 492 lamentatus
1525 470 1566 493 est
1582 465 1747 500 Hieremias,

966 509 1076 543 quando
1096 515 1174 545 capta
1194 514 1245 541 est,
1268 514 1295 537 et
1316 511 1434 546 populus
1457 512 1484 538 in
1500 512 1684 547 captivitatem
1702 513 1751 540 ab-

966 555 1075 582 ductus.

1001 600 1121 636 Epistola
1138 600 1293 633 Hieremiae,
1310 600 1349 628 sic
1362 602 1434 629 dicta
1447 606 1499 635 est,
1515 603 1587 637 quod
1603 603 1672 631 hanc
1685 591 1760 632 Hie:

966 646 1066 673 remias
1090 646 1231 681 scripserit
1257 647 1284 674 in
1310 648 1488 681 captivitate,
1510 653 1655 676 Iit-contra
1677 649 1749 677 idola

967 696 1062 719 cautos
1086 692 1221 725 redderet,
1250 700 1294 724 ne,
1318 694 1471 727 conspectis
1495 693 1562 727 illis,
1590 695 1623 721 ad
1645 696 1749 722 cultum

966 737 1087 773 ipsorum
1104 746 1165 765 cum
1186 738 1339 766 idololatris
1356 739 1564 767 abducerentur.

1053 794 1130 821 Liber
1140 794 1221 828 XXI,
1238 795 1355 823 Ezechiel
1367 796 1438 830 ﬁlius
1453 795 1518 822 Buzi
1528 797 1662 825 sacerdos.

1001 841 1048 868 40.
1069 841 1118 868 Hic
1140 845 1200 876 post
1225 840 1388 869 Hieremiam
1413 843 1441 869 in
1464 843 1619 877 captivitate
1644 843 1705 875 fuit,
1723 847 1751 871 et

129 897 204 932 μίαν,
216 897 263 923 καὶ
276 895 316 930 τῷ
331 895 448 930 πέμπτῳ
463 894 516 920 ἔτει
527 894 576 929 τῆς
588 893 775 928 αίχμαλωσίας
791 894 916 928 Ἰωακεὶμ

974 888 1063 923 quinto
1081 895 1151 915 anno
1164 887 1329 921 captivitatis
1341 886 1446 914 Joakim
1471 889 1635 923 prophetare
1652 889 1747 924 coepit.

127 943 229 980 ἤρξατο
243 941 435 978 προφητεύειν.
451 941 536 974 Λόγος
555 940 583 966 δὲ
606 940 707 975 Κυρίου
724 939 832 973 ἐγένετο
849 939 917 974 πρὸς

127 989 218 1019 αὑτὸν,
233 988 281 1013 καὶ
295 987 356 1022 χεὶρ
373 986 476 1020 Κυρίου
497 985 605 1018 ἐγένετο
622 986 665 1011 ἐπ’
680 985 769 1011 αὐτόν.
786 985 840 1011 Kal
853 986 917 1020 ὅρα-

129 1041 171 1060 σιν
188 1033 236 1068 μὲν
251 1032 281 1064 ἐξ
297 1031 385 1066 ἀρχῆς
407 1030 476 1062 ζὼου
497 1029 726 1065 τετραπροσώπου
747 1029 916 1065 θαυμαστὴν,

127 1079 175 1106 καὶ
191 1077 463 1113 ὲκπληκτικωτάτην,
482 1076 528 1103 καὶ
541 1076 755 1111 δυσερμήνευτον
771 1075 838 1110 ὁρᾷο
855 1083 918 1110 προ-

128 1124 240 1161 φητεύει
258 1124 287 1151 δὲ
304 1124 350 1150 ἐπὶ
360 1125 423 1155 τοὺς
439 1123 582 1158 προφήτας
598 1121 645 1148 τοῦ
665 1121 783 1157 Ἰσραὴλ,
796 1121 918 1156 καὶπερὶ

128 1171 174 1198 τοῦ
188 1171 267 1204 ξύλου
283 1171 333 1205 τῆς
346 1170 480 1205 ἀμπέλου,
494 1169 541 1195 καὶ
554 1169 676 1204 διήγημα
690 1168 753 1203 περὶ
766 1167 812 1194 τοῦ
824 1167 916 1199 ἀετοῦ,

130 1219 175 1244 καὶ
191 1217 408 1253 διαμαρτύρεται
423 1217 456 1251 τῇ
477 1215 654 1252 Ἰερουσαλὴμ
674 1213 725 1245 τὰς
743 1213 857 1248 ἀνομίας
872 1213 918 1239 καὶ

128 1264 178 1295 τὰς
192 1263 327 1299 ἁμαρτίας
341 1263 436 1297 αὐτῆς,
449 1262 512 1298 περί
528 1270 559 1287 τε
573 1261 623 1296 τῆς
638 1259 804 1295 παραϐολῆς,
820 1256 853 1294 ἦς
866 1259 920 1284 ἕλε-

132 1319 181 1344 γον
192 1318 198 1324 ·
219 1319 228 1334 ι
247 1309 278 1336 Οἱ
295 1309 412 1344 πατέρες
433 1308 532 1342 ἔφαγον
546 1307 667 1343 ὄμφακα,
683 1306 730 1332 καὶ
748 1305 852 1337 ὀδόντες
865 1304 920 1331 τῶν

130 1356 236 1383 τέκνων
261 1355 414 1390 ὲμωδίασαν
432 1353 497 1389 (19).
524 1363 533 1378 ι
559 1353 614 1380 Kal
635 1353 691 1383 τοῖς
711 1352 776 1382 υἱοῖς
796 1350 918 1386 Ἀμμὼν,

129 1401 176 1428 καὶ
195 1401 324 1437 περὶτῆς
343 1400 448 1431 Ὀολᾶς,
463 1400 509 1426 καὶ
522 1399 571 1434 τῆς
589 1397 706 1429 Ὀλιϐἇς,
728 1397 775 1423 καὶ
790 1397 836 1423 ἐπὶ
851 1397 920 1432 Σοῦρ

130 1443 238 1484 Θρῆνον,
257 1448 304 1474 καὶ
326 1447 372 1473 ἐπὶ
391 1446 504 1476 Σιδῶνα,
527 1445 574 1471 καὶ
591 1445 654 1480 περὶ
670 1445 719 1480 τῆς
739 1444 844 1480 ἡμέρας
865 1444 921 1469 Κυ-

131 1495 200 1531 ρίου,
217 1495 265 1521 καὶ
279 1493 318 1528 τῷ
339 1492 438 1529 Φαραὼ
460 1492 566 1528 βασιλεῖ
581 1491 730 1524 Αἰγύπτου,
751 1490 798 1516 καὶ
820 1489 919 1525 θρῆνον

129 1540 176 1566 ἐπὶ
191 1538 292 1575 Φαραὼ
314 1538 360 1564 καὶ¹
380 1537 429 1573 τὴν
451 1538 597 1571 Αἴγυπτον,
617 1535 663 1562 καὶ
683 1535 728 1561 ἐπὶ
743 1535 806 1570 ὅρος
827 1534 918 1570 Σηεὶρ,

968 934 1068 962 Factus
1085 939 1127 961 est
1148 939 1238 961 autem
1254 941 1343 962 sermo
1365 933 1471 961 Domini
1490 934 1523 961 ad
1539 942 1612 967 eum,
1627 938 1654 962 et
1669 943 1752 970 super

967 987 1029 1008 eum
1045 980 1096 1007 fuit
1117 988 1214 1007 manus
1232 980 1349 1012 Domini,
1370 984 1398 1008 et
1417 980 1550 1008 visionem
1569 981 1602 1007 ab
1619 981 1697 1009 initio
1711 981 1752 1009 vi-

967 1026 1007 1054 dit
1022 1026 1169 1054 animantis
1185 1030 1303 1061 quatuor
1323 1026 1466 1058 l‘aeierum,
1489 1026 1687 1058 admirabilem,
1703 1035 1752 1054 su-

967 1080 1017 1107 pra
1041 1072 1151 1099 modum
1176 1072 1336 1107 stupendam
1358 1076 1384 1099 et
1405 1073 1584 1107 interpretatu
1605 1072 1751 1100 diﬁicilem.

967 1117 1142 1153 Prophetavit
1156 1122 1252 1145 contra
1268 1117 1415 1152 prophetas
1437 1117 1556 1149 lsraelis,
1573 1118 1606 1145 de
1622 1117 1696 1153 ligno
1710 1118 1753 1146 vi-

968 1164 1014 1196 tis,
1032 1168 1058 1192 et
1072 1164 1210 1191 enarratio
1224 1164 1257 1190 de
1281 1163 1382 1199 aquila,
1396 1167 1423 1191 et
1443 1167 1614 1190 contestatus
1629 1167 1672 1190 est
1690 1162 1754 1191 Hie‘

968 1211 1087 1238 rusalem
1107 1211 1141 1238 de
1160 1210 1352 1245 iniquitatibus
1377 1213 1404 1237 et
1423 1209 1544 1245 peccatis
1566 1210 1663 1244 ipsius,
1679 1213 1706 1236 et
1720 1209 1754 1236 de

968 1257 1108 1291 parabole,
1129 1264 1211 1292 quam
1227 1257 1254 1283 in
1271 1264 1319 1284 ore
1341 1255 1488 1288 habebant,
1508 1262 1615 1290 nempe,
1633 1264 1643 1280 ε
1657 1254 1753 1282 Patres

969 1303 1147 1330 comederunt
1165 1311 1245 1330 uvam
1266 1303 1453 1334 immaturam,
1468 1306 1495 1329 et
1524 1301 1620 1329 dentes
1638 1302 1755 1329 ﬁliorum

969 1349 1181 1384 obstupuerunt.
1197 1358 1206 1375 ι
1229 1348 1262 1375 Ει
1284 1349 1348 1376 ﬁliis
1373 1348 1499 1379 Ammon,
1525 1351 1553 1375 et
1574 1347 1608 1375 de
1634 1347 1701 1375 Oola
1727 1353 1754 1376 et

969 1394 1057 1428 Oliba,
1070 1398 1096 1422 et
1113 1395 1321 1422 lamentationes
1341 1395 1367 1421 in
1391 1393 1454 1427 Sur,
1475 1398 1502 1421 et
1517 1400 1611 1421 contra
1633 1393 1749 1427 Sidona,

969 1446 996 1469 et
1011 1442 1045 1469 de
1060 1441 1104 1469 die
1121 1441 1238 1473 Domini,
1252 1441 1385 1469 Pharaoni
1407 1441 1463 1475 regi
1477 1439 1598 1476 Egypti,
1613 1445 1640 1468 et
1653 1441 1753 1469 lamen-

970 1488 1100 1514 tationem
1114 1488 1141 1514 in
1155 1487 1324 1514 Pharaonem
1340 1490 1366 1514 et
1379 1485 1537 1522 IEgyptum,
1555 1490 1582 1514 et
1593 1486 1620 1512 in
1633 1490 1753 1514 montem

972 1531 1043 1564 Seir,
1063 1537 1090 1560 et
1114 1532 1147 1560 de
1172 1533 1280 1560 ossibus
1297 1539 1403 1563 eorum,
1425 1531 1472 1566 qui
1490 1531 1521 1558 ad
1543 1531 1624 1558 vitam
1640 1531 1754 1558 redituri

130 1585 177 1611 καί
205 1584 270 1619 περὶ
296 1584 350 1610 τῶν
373 1583 474 1610 ὀστέων
495 1582 550 1609 τῶν
573 1581 777 1616 ἁναζησάντων,
805 1581 852 1607 καὶ
875 1581 920 1606 ὲπὶ

974 1578 1037 1609 sint.
1060 1581 1087 1605 et
1108 1578 1135 1604 in
1157 1577 1226 1612 Gog.
1245 1585 1276 1604 ac
1298 1581 1399 1604 terram
1426 1576 1531 1611 Magog.
1549 1576 1615 1603 item
1636 1575 1755 1611 principi

130 1631 202 1666 Γὼγ,
219 1631 267 1658 καὶ
278 1632 327 1666 τὴν
339 1631 391 1665 γῆν
403 1630 449 1657 τοῦ
464 1629 579 1664 Μαγώγ.
594 1628 640 1664 Τῷ
653 1637 683 1654 τε
698 1628 808 1664 ἄρχοντι
820 1627 918 1663 Τύρου,

131 1678 178 1704 καὶ
198 1676 296 1712 θρῆνον
311 1677 371 1703 κατ’
384 1676 478 1707 αὑτοῦ,
497 1675 544 1701 καὶ
564 1675 620 1705 τοῖς
638 1674 706 1704 υἱοῖς
722 1672 769 1699 τοῦ
789 1672 853 1699 λαοῦ
870 1673 920 1698 αὐ-

130 1723 189 1755 τοῦ,
205 1723 251 1750 καὶ
267 1723 312 1749 ἐπὶ
329 1722 391 1754 τοὺς
407 1721 539 1757 ποιμένας
560 1719 605 1746 τοῦ
624 1718 741 1754 Ἰσραήλ.
758 1718 814 1745 Καὶ
831 1718 862 1744 τὸ
877 1726 921 1744 τε-

130 1770 253 1796 λευταῖον
271 1769 320 1804 τὴν
336 1769 480 1804 οἰκοδομὴν
494 1766 540 1794 τοῦ
563 1765 640 1798 ναοῦ,
652 1765 699 1792 καὶ
716 1765 767 1800 τῆς
788 1765 922 1800 Ἰερουσα-

131 1816 189 1851 λὴμ
203 1815 372 1851 διαγράφων,
394 1813 570 1850 προφητεύει.

361 1860 483 1887 Βιϐλίων
498 1859 555 1891 κβ.
569 1857 691 1892 Δανιὴλ.

169 1908 213 1934 Η.
227 1907 282 1934 Kal
298 1903 375 1938 οὗτος
391 1907 420 1932 ἐν
434 1907 467 1941 τῇ
491 1904 663 1940 αίχμαλωσίᾳ
679 1903 789 1937 γέγονεν
807 1902 860 1933 ἓως
876 1900 922 1927 τοῦ

134 1953 265 1989 βασιλέως
287 1952 378 1988 Κύρου
396 1952 511 1987 Πέρσου.
528 1950 583 1977 Kal
606 1949 640 1976 τὰ
657 1949 705 1984 μὲν
721 1947 790 1975 κατὰ
807 1947 924 1974 Σουσάν-

132 2009 182 2027 ναν
194 1999 281 2035 κρίνει
295 1998 385 2030 αὐτὸς,
406 1997 453 2024 καὶ
465 1996 625 2032 κατακρίνει
637 1995 699 2026 τοὺς
712 1994 922 2030 πρεσὸυτέρους,

132 2045 172 2077 ὡς
194 2044 366 2078 συκοφάντας
377 2052 384 2058 ·
402 2043 436 2069 τὰ
450 2042 478 2069 δὲ
502 2041 549 2068 τοῦ
570 2041 703 2076 βασιλέως
719 2040 831 2066 ἐνύπνια
843 2038 924 2070 αὐτὸς

133 2090 301 2125 ἀπαγγέλλει
319 2098 349 2116 τε
364 2089 411 2116 καὶ
422 2087 578 2124 ὲρμηνεύει.
594 2086 693 2113 Βλέπει
706 2086 735 2113 δὲ
750 2086 797 2112 καὶ
814 2085 924 2121 ὁράσεις

133 2137 239 2168 τελείας
254 2137 317 2172 περὶ
330 2135 379 2170 μὲν
392 2135 446 2161 τῶν
461 2133 604 2169 βασιλειῶν
619 2132 675 2164 δύο,
687 2133 752 2167 περὶ
767 2131 795 2158 δὲ
812 2131 862 2166 τῆς
877 2129 923 2156 τοῦ

135 2183 261 2219 Σωτῆρος
287 2182 448 2217 παρουσίας,
471 2181 518 2207 καὶ
534 2179 733 2210 καταπαύσεως
753 2178 804 2213 τῆς
826 2177 924 2213 Ἰερου-

137 2229 237 2264 σαλὴμ,
262 2229 309 2256 καὶ
333 2228 382 2263 τῆς
407 2226 454 2254 τοῦ
478 2226 650 2261 ἀντιχρίστου
678 2223 841 2259 παρουσίας,
862 2222 921 2250 δύο.

136 2276 274 2310 Διηγεῖται
298 2274 326 2301 δὲ
353 2273 416 2309 περὶ
441 2273 487 2299 τοῦ
511 2271 659 2308 μαρτυρίου
683 2270 797 2305 Σεδρὰχ,
818 2269 922 2304 Μισὰχ,

137 2322 186 2348 καὶ
204 2320 365 2355 Ἀὃὸεναγὼ,
383 2320 430 2347 καὶ
445 2319 510 2355 περὶ
522 2318 570 2345 τοῦ
590 2318 675 2353 ὕμνου
690 2317 779 2343 αὐτῶν
791 2325 798 2331 ·
821 2316 867 2342 καὶ
883 2315 923 2342 ὃτι

137 2367 213 2394 αὐτοὶ
237 2368 284 2403 μὲν
306 2366 485 2401 διεσώθησαν,
503 2365 528 2391 οἱ
549 2365 578 2392 δὲ
594 2363 770 2394 ὑποκαίοντες
792 2361 924 2396 κατεφλέ-

138 2413 251 2449 χθησαν,
269 2414 315 2440 uel
331 2412 452 2446 μετέγνω
472 2412 486 2438 ὁ
507 2409 631 2446 βασιλεύς
641 2418 648 2425 υ
672 2409 719 2435 καὶ
732 2410 773 2435 ὅτι
789 2408 870 2438 αὐτὸς
885 2407 926 2439 δὶς

138 2456 238 2495 ὲὸἳιήθη
250 2460 290 2490 εἰς
303 2459 349 2485 τὸν
364 2458 463 2485 λάκκον
474 2457 529 2485 τῶν
547 2456 660 2483 λεόντων
670 2464 676 2470 ·
694 2455 724 2482 τὸ
743 2454 792 2490 μὲν
806 2453 925 2489 πρῶτον,

137 2506 230 2541 ἐπειδὴ
248 2505 302 2531 τῶν
319 2504 498 2531 Βαϐυλωνίων
518 2501 744 2539 προσευχομένων
763 2499 869 2535 Δαρείῳ
886 2498 926 2534 τῷ

138 2552 243 2587 βασιλεί
265 2551 344 2586 μόνος
359 2550 440 2582 αὐτος
454 2549 515 2584 Θεῷ
537 2547 707 2583 προσηύχετο
720 2555 726 2561 ·
744 2545 775 2572 τὸ
791 2545 819 2572 δὲ
835 2544 927 2571 δεύτε-

139 2606 197 2633 ρον,
219 2597 286 2624 διότι
307 2596 352 2624 τὸν
376 2596 431 2632 Βὴλ
454 2594 633 2631 κατέστρεψε,
654 2592 701 2619 καὶ
723 2591 770 2618 τὸν
791 2590 927 2626 δράκοντα

137 2642 242 2669 ἀνεῖλεν
267 2642 313 2669 ἐπὶ
335 2641 427 2678 Κύρου
452 2639 499 2667 τοῦ
528 2639 672 2676 βασιλέως·
699 2637 746 2664 καὶ
772 2636 852 2667 αὐτὸς
877 2635 926 2669 μὲν

137 2689 264 2724 διεσώθη,
281 2689 329 2716 καὶ
345 2689 398 2715 ἀπὸ
417 2687 471 2714 τῶν
483 2681 597 2713 λεόντων
610 2683 724 2720 ἀνῆλθεν
742 2683 774 2709 ἐκ
794 2681 841 2708 τοῦ
861 2681 928 2707 λάκ-

971 1623 1046 1659 Tyri,
1061 1627 1088 1651 et
1103 1623 1325 1651 lamentationem
1346 1627 1441 1649 contra
1455 1622 1543 1656 ipsum
1557 1631 1563 1648 :
1578 1625 1605 1648 et
1627 1621 1689 1649 ﬁliis
1704 1629 1755 1656 po-

970 1670 1027 1705 puli
1050 1664 1169 1704 ejus':et
1198 1673 1292 1695 contra
1315 1672 1439 1703 pastores
1466 1667 1585 1695 lsraelis.
1612 1665 1755 1694 Postremo

971 1715 1178 1744 aediﬁcationem
1191 1715 1283 1751 templi
1296 1712 1486 1742 et‘Jerusalem
1499 1713 1630 1742 describit
1642 1720 1674 1740 ac
1689 1721 1756 1749 pro-

970 1761 1073 1797 phetat.

1206 1848 1284 1875 Liber
1299 1846 1397 1880 XXII,
1416 1846 1518 1874 Daniel.

1007 1897 1052 1924 ιι.
1073 1895 1107 1922 Ει
1121 1895 1172 1922 istc
1183 1895 1210 1922 in
1222 1894 1378 1930 captivitate
1393 1892 1444 1920 fuit
1456 1899 1542 1927 usque
1555 1891 1587 1918 ad
1600 1898 1691 1926 regem
1704 1889 1757 1926 Cy-

971 1950 1034 1970 rum
1056 1941 1178 1969 Persam.
1203 1940 1321 1968 Causam
1345 1939 1479 1966 Susanme
1495 1938 1553 1973 ipse
1571 1936 1714 1971 judicavit,
1729 1939 1757 1963 et

973 1988 1094 2016 seniores
1107 1992 1236 2022 tanquam
1248 1985 1431 2022 sycophantas
1442 1983 1643 2012 Condemnavit.
1656 1981 1758 2009 Deinde

973 2035 1080 2064 somnia
1102 2034 1175 2068 regis
1191 2032 1320 2068 patefecit
1337 2035 1363 2059 ct
1380 2031 1576 2065 interpretatus
1597 2032 1650 2056 est.
1667 2026 1759 2055 Visio-

973 2089 1022 2109 nes
1039 2087 1148 2116 quoque
1169 2079 1306 2115 perfectas
1321 2077 1398 2110 vidit,
1417 2077 1451 2104 de
1475 2076 1565 2111 regnis
1589 2075 1669 2106 duas,
1685 2077 1712 2101 et
1726 2073 1760 2100 de

974 2127 1094 2154 adventu
1110 2125 1260 2152 Salvatoris
1272 2129 1299 2152 et
1312 2124 1465 2151 cessatione
1475 2121 1640 2152 Jerusalem,
1658 2119 1760 2146 adven-

974 2178 1056 2209 tuque
1071 2172 1232 2200 Antichristi
1249 2172 1328 2199 duas.
1353 2170 1452 2197 Narrat
1469 2169 1550 2196 etiam
1574 2167 1608 2194 de
1627 2165 1759 2201 martyrio

976 2219 1115 2251 Sedrach,
1143 2219 1245 2246 lllisach
1275 2221 1302 2245 et
1330 2217 1493 2251 Abdenago,
1530 2214 1617 2248 deque
1649 2212 1757 2239 illorum

976 2267 1077 2302 hymno
1092 2275 1097 2292 :
1114 2269 1141 2293 ct
1155 2265 1227 2300 quod
1245 2264 1298 2299 ipsi
1314 2263 1423 2298 quidem
1444 2261 1543 2289 servati
1560 2260 1599 2294 (in
1613 2258 1696 2294 igne),
1711 2257 1758 2291 qui

977 2312 1176 2341 succenderant
1201 2319 1266 2339 vero
1292 2318 1307 2337 a
1331 2310 1439 2336 ﬁamma
1462 2305 1617 2340 consumpti
1638 2305 1711 2334 sint,
1732 2307 1760 2330 et

977 2359 1049 2394 quod
1073 2365 1164 2393 regem
1190 2356 1255 2384 laeti
1279 2355 1447 2391 ptenituerit.
1466 2352 1507 2379 Ad
1531 2351 1598 2382 haec,
1624 2347 1762 2384 quomodo

976 2406 1036 2440 ipse
1052 2405 1094 2432 bis
1118 2404 1153 2431 sit
1179 2403 1206 2430 in
1234 2402 1323 2429 lacum
1341 2401 1449 2428 leonum
1473 2394 1760 2432 abiectuszprimum,

978 2451 1050 2486 quod
1069 2458 1130 2478 eum
1156 2448 1295 2484 Babylonii
1320 2455 1410 2483 regem
1434 2445 1545 2472 Darium
1569 2444 1689 2471 orarent,
1705 2440 1764 2475 ipse

978 2498 1054 2524 solus
1070 2495 1154 2522 Deum
1172 2498 1290 2522 orasset.
1307 2492 1444 2522 Secundo.
1460 2489 1532 2525 quod
1548 2487 1600 2516 sub
1614 2486 1685 2521 Cyro
1701 2492 1764 2520 rege

977 2542 1025 2569 Bel
1059 2541 1258 2571 dcstruxisset.
1285 2542 1312 2566 et
1343 2538 1490 2564 draconem
1520 2532 1764 2561 interemissetzet

978 2587 1115 2623 quomodo
1130 2587 1188 2621 ipse
1208 2589 1333 2613 servatus
1357 2591 1372 2610 a
1397 2582 1531 2613 leonibus,
1548 2585 1574 2608 et
1590 2587 1606 2607 e
1620 2579 1680 2605 lacu
1699 2575 1765 2604 sub-

979 2634 1090 2665 ductus,
1106 2633 1283 2660 insidiatores
1299 2638 1363 2658 vero
1379 2629 1466 2664 ipsius
1487 2628 1515 2655 in
1535 2625 1660 2654 eumdem
1675 2623 1765 2654 laeum

979 2680 1089 2711 leonum
1104 2678 1202 2713 dejecti
1218 2676 1363 2704 confestim
1385 2675 1420 2702 ab
1435 2674 1503 2709 ipsis
1521 2670 1645 2699 devorati
1663 2669 1729 2696 sint.

139 2744 204 2763 κου·
221 2712 541 2764 οῖ’ἒςὲξζτιξξᾷλέιᾶσᾴνὲέξ
559 2730 634 2766 αὐτῷ
651 2712 803 2764 ἐϐλήθησαν
822 2727 862 2758 είς
881 2726 926 2753 τὸν
949 2725 1049 2753 λάκκον
1081 2712 1143 2750 τῶν
1154 2723 1278 2756 λεόντων,
1300 2721 1348 2748 καὶ
1366 2720 1447 2751 εὐθὺς
1487 2716 1699 2753 κατεῦρώθησαν
1720 2712 1767 2740 ὑπ’

141 2776 238 2812 αὐτῶν.

178 2842 233 2876 (I9)
251 2841 372 2876 Isidorus
387 2839 444 2867 Pel.
467 2839 492 2876 1.Δ
505 2847 542 2867 ιν,
558 2838 639 2876 epist:
667 2835 712 2866 Η,
732 2833 919 2876 legit'plurics

974 2831 1121 2867 μοδίασαν·
1146 2828 1270 2865 ηΗὶοιιειη.
1297 2833 1373 2860 xxxt,
1392 2824 1438 2858 ‘29,
1457 2824 1553 2861 legitur
1584 2821 1763 2858 ᾑμωδίασαν;

143 2870 240 2907 Bacch.
258 2884 335 2904 xvni.
351 2875 379 2904 2.
395 2870 681 2905 tvoueiasavjeadem
695 2870 839 2899 sententia.
