1929 3056
175 115 226 143 367

754 109 782 137 S.
802 108 1034 137 ATHANASIUS.
1054 123 1089 129 -
1107 107 1222 137 DUBIA.

1757 107 1820 136 368

213 173 292 208 129
300 172 374 200 Finis
385 172 517 200 librorum
533 170 731 199 canouieorum
743 168 853 197 Veteris
864 169 963 197 Testa-

1051 168 1133 200 Τέλος
1159 168 1213 195 τῶν
1238 167 1453 203 κανονιζομένων
1479 167 1590 203 βιϐλίων
1612 167 1662 202 τῆς
1684 166 1820 199 Παλαιᾱς

175 221 272 251 menti,
287 225 400 246 numero
411 217 506 253 viginti
523 218 589 249 duo,
606 217 639 244 ad
647 223 793 243 numerum
808 215 962 243 litterarum

175 265 350 293 Hebrwarum
367 264 530 298 computati.
551 263 675 290 Totidem
696 270 814 298 namque
830 262 901 297 apud
916 269 964 290 eos

175 315 240 340 sunt
259 312 413 337 litterarum
429 310 576 340 elementa.
596 309 668 337 sicut
682 309 813 336 diximus.
832 308 964 335 Similiter

176 359 210 386 de
234 358 296 384 aliis
323 356 429 384 Veteris
453 356 622 383 Testamenti
645 355 723 383 libris
743 354 890 382 dicendum
911 359 964 386 est,

177 405 223 440 qui
238 404 266 430 in
282 410 387 430 canone
405 401 515 437 quidem
528 410 582 428 non
604 405 676 431 sunt.
695 401 742 428 sed
761 401 888 436 leguntur
904 405 965 427 tan-

177 454 245 482 tum,
263 449 334 477 sicut
345 455 427 483 supra
443 447 545 475 dictum
566 451 618 475 est.

469 504 546 531 Liber
563 504 666 531 Est/ter.

170 570 179 582 .
212 553 255 580 4‘2.
273 552 318 580 Sic
329 555 442 579 vocatur
466 551 511 578 hic
528 551 606 583 liber,
623 551 685 586 quia
709 550 851 577 historiam
869 548 967 576 Esthe-

177 601 217 627 ris
233 599 434 634 complectitur,
453 597 590 632 quomodo
605 605 652 632 per
669 597 742 623 illam
768 596 839 624 Deus
855 595 966 622 univer-

177 654 236 675 sam
252 645 408 673 Judaeorum
423 649 530 679 gentem
541 644 654 679 jamjam
667 645 818 678 perituram
838 649 966 669 servave-

177 694 225 724 rit,
241 696 267 718 et
278 692 375 723 Aman,
394 691 440 725 qui
457 690 573 718 insidias
589 690 806 720 machinahatur,
820 695 965 724 percusse-

178 739 224 766 rit.
247 738 328 765 Gesta
351 741 415 764 sunt
436 741 526 764 autem
547 737 598 764 ista
623 737 648 763 in
681 735 770 767 Susis,
795 736 848 761 hoc
874 734 966 761 modo.

178 784 343 811 Artaxerxes
356 790 414 815 rex,
428 783 570 818 repudiata
583 790 668 809 uxore
677 790 738 814 sua,
749 782 830 808 aliam
845 781 872 807 in
884 787 968 815 regno

179 838 241 862 suo,
259 837 320 864 quae
340 831 462 857 omnium
482 833 555 856 esset
577 828 761 863 pulcherrima
777 831 803 854 et
824 826 967 854 formosis-

1014 213 1152 250 Διαθήκης
1170 214 1209 246 είς
1231 213 1317 240 εἴκοσι
1340 213 1388 240 καὶ
1409 213 1456 240 δύο
1478 213 1720 249 συμποσουμένων,
1737 213 1819 239 κατά

1013 259 1060 286 τὸν
1087 259 1203 295 ἀριθμὸν
1225 259 1279 285 τῶν
1299 259 1366 294 παρ’
1387 258 1524 294 Ἑϐραίοις
1539 259 1721 295 γραμμάτων.
1738 259 1820 284 Τοσκ

1015 304 1084 332 αὕτα
1103 305 1157 340 γάρ
1186 306 1244 331 ἐστι
1262 305 1326 340 παρ’
1352 306 1443 336 αὐτοῖς
1457 304 1490 332 τὰ
1510 306 1646 340 στοιχεῖα,
1665 304 1703 336 ὡς
1719 305 1819 340 προεί-

1016 360 1111 386 πομεν.
1134 350 1243 386 Ῥητέον
1261 350 1290 377 δὲ
1311 351 1412 386 ὁμοίως
1429 350 1475 377 καὶ
1491 350 1555 386 περὶ
1571 350 1625 377 τῶν
1642 351 1742 386 ἑτέρων
1761 351 1818 386 τῆς

1016 397 1137 429 Παλαιᾶς
1154 396 1262 432 βίϐλων.
1280 397 1335 423 τῶν
1353 397 1391 432 μὴ
1406 396 1621 432 κανονιζομένων
1639 397 1699 432 μὲν,
1714 398 1818 432 ἀναγι-

1016 443 1197 479 νωσκομένων
1210 443 1237 470 δὲ
1253 443 1343 479 μόνον,
1358 443 1396 476 ὡς
1408 444 1621 480 προδεδήλωται.

1281 500 1404 526 Βιϐλιόν
1425 499 1544 533 Ἐσθήρ.

1052 544 1097 572 42.
1112 545 1190 571 Οῡτω
1204 544 1325 571 καλεῖται
1338 544 1368 569 τὸ
1380 543 1491 578 βιϐλίον,
1509 543 1603 579 ἐπειδὴ
1619 544 1666 570 καὶ
1680 544 1731 579 τὴν
1746 543 1818 579 περὶ

1017 591 1067 626 τῆς
1082 590 1182 626 Ἐσθὴρ
1199 590 1318 626 ἱστορίαν
1336 590 1467 625 περιέχει,
1488 589 1546 621 πῶς
1563 591 1576 616 ὁ
1589 590 1653 621 Θεὸς
1667 590 1699 616 δι’
1713 590 1816 625 αὐτῆς,

1020 637 1164 672 μέλλοντας
1180 636 1345 662 ἀπόλλυσθαι
1366 636 1499 670 παγγενεὶ
1514 636 1576 667 τοὺς
1595 636 1747 668 Ἰουδαίους,
1762 637 1818 662 αὺ-

1018 684 1081 715 τοὺς
1097 683 1145 718 μὲν
1160 683 1284 715 διέσωσε,
1298 683 1344 708 ’τὸν
1359 682 1386 709 δὲ
1405 682 1500 717 Ἀμὰν,
1518 682 1563 708 τὸν
1582 682 1732 717 Θελήσαντα
1749 682 1817 709 ἑπι-

1020 729 1176 761 ϐουλεῦσαι,
1191 729 1335 761 ἐπάταξεν.
1354 729 1386 755 Ἦ
1406 729 1433 755 δὲ
1456 728 1558 764 ἱστορία
1574 728 1684 762 γέγονεν
1703 729 1731 754 ἐν
1746 728 1818 754 Σού-

1021 784 1088 807 σοις,
1096 775 1144 802 καὶ
1152 775 1224 801 ἐστιν
1233 774 1314 809 αὕτη.
1323 774 1502 810 Ἀρταξέρξης
1517 775 1531 800 ὁ
1542 773 1676 808 βασιλεὺς,
1689 773 1816 800 ἐκϐαλὼν

1019 822 1067 857 τὴν
1089 821 1156 848 ἰδίαν
1178 822 1304 856 γυναῖκα,
1328 821 1458 856 ἐζήτησεν
1480 821 1508 846 ἐν
1529 821 1562 855 τῇ
1584 819 1705 855 βασιλείᾳ
1728 819 1816 846 αὐτοῦ

180 875 259 906 sima,
276 882 356 909 quam
380 875 407 901 in
423 882 535 901 uxorem
560 862 713 907 acciperet,
729 871 863 906 qumsivit.
882 870 913 897 Et
926 871 968 898 in-

1022 865 1067 901 τὴν
1084 865 1194 892 πάντων
1211 864 1439 892 καλλιστεύουσαν
1462 865 1508 891 καὶ
1527 864 1693 900 ὼραιοτέραν
1717 863 1814 891 λαϐεῖν

179 924 259 947 venta
277 924 319 947 est
341 919 440 947 Esther
457 919 567 946 natione
583 918 686 945 Judaaa.
706 917 746 944 Illi
759 922 894 952 cognatus
908 921 967 944 erat

180 967 293 994 nomine
322 965 520 998 Mardochzeus,
538 969 566 992 et
586 965 643 1000 ipse
658 973 691 991 ex
709 964 877 999 captivitate,
907 970 969 998 qua:

180 1013 231 1041 sub
253 1012 367 1040 Sedeeia
384 1012 455 1039 facta
481 1012 581 1043 fuerat,
604 1012 631 1038 in
651 1011 745 1038 eadem
769 1011 889 1045 regione.
909 1009 968 1037 Rex

180 1061 269 1085 autem
281 1065 344 1085 cum
360 1057 452 1092 magni
465 1055 565 1083 faceret
582 1055 733 1082 aulicorum
747 1061 859 1081 suorum
875 1060 969 1088 quem-

179 1103 242 1129 dam
258 1102 369 1129 nomine
382 1101 479 1132 Aman,
489 1101 611 1134 jusserat
624 1099 699 1126 illum
715 1098 749 1125 ab
762 1098 889 1125 omnibus
904 1097 969 1124 ado-

180 1148 247 1175 rari.
270 1147 322 1175 Sed
334 1155 396 1174 cum
411 1146 609 1177 Mardochaaus,
626 1145 662 1172 ob
671 1144 718 1171 Dei
732 1143 775 1171 sui
788 1143 903 1175 cultum,
913 1149 969 1169 non

141 1214 143 1216 .
181 1193 307 1220 adoraret
328 1193 402 1219 illum
415 1212 422 1224 ,
438 1200 494 1219 rem
521 1191 631 1225 indigne
649 1190 713 1216 tulit
734 1189 833 1220 Aman,
856 1193 883 1216 et
907 1196 969 1216 cum

181 1238 354 1274 cognovisset
364 1237 436 1272 quod
451 1236 561 1264 Judzeus
576 1240 660 1268 esset,
678 1235 734 1270 regi
747 1235 892 1262 Artaxerxi
907 1242 970 1269 per-

182 1284 269 1312 suasit
292 1288 320 1310 ut
351 1283 455 1318 scripto
475 1283 585 1317 juberet
607 1281 752 1309 universos
775 1281 803 1308 in
820 1289 904 1316 regno
920 1288 970 1309 suo

180 1330 289 1358 Judzeos
305 1336 360 1356 uno
373 1329 418 1356 dic
433 1328 535 1356 mensis
550 1327 706 1355 duodecimi
724 1328 832 1362 penitus
849 1334 881 1354 ac
907 1327 969 1354 fun-

181 1376 256 1403 ditus
271 1375 365 1402 deleri.
381 1374 420 1401 Re
434 1377 584 1408 comperta,
603 1372 790 1400 Mardochaeus
806 1373 873 1400 luxit
892 1377 918 1400 et
929 1372 971 1408 je-

180 1421 297 1457 junavit,
311 1425 392 1455 atque
407 1424 470 1446 ante
483 1419 582 1446 Esther
596 1419 768 1454 provolutus,
776 1422 805 1446 ut
820 1419 878 1453 ipsa
890 1426 969 1454 opem

182 1467 275 1498 ferret,
295 1470 424 1501 precatus
442 1469 495 1493 est.
514 1466 614 1493 Esther
636 1466 738 1500 itaque,
758 1464 907 1499 praemissis
928 1464 971 1499 je—

180 1512 260 1548 junio
276 1517 303 1540 et
326 1513 532 1548 precationibus
550 1512 584 1539 ad
602 1511 699 1544 Deum,
716 1512 800 1546 regali
819 1519 849 1539 se
868 1510 970 1539 mundo

182 1560 300 1588 ornavit.
318 1567 368 1586 nec
385 1563 480 1586 vocata
498 1558 566 1592 (erat
584 1563 675 1585 autem
694 1558 817 1584 illicitum
840 1564 896 1584 non
921 1563 968 1584 v0-

183 1605 252 1632 catis
268 1605 343 1632 adire
364 1604 466 1640 regem)
482 1608 559 1631 extra
586 1603 717 1639 temporis
740 1603 971 1638 opportunitatem

184 1650 218 1678 ad
231 1658 319 1685 regem
334 1651 457 1686 ingressa
467 1653 519 1681 est,
536 1657 651 1684 sperans
675 1649 860 1684 precationem
874 1655 972 1683 oppor-

183 1697 310 1724 tunitatis
330 1697 390 1722 loco
413 1696 530 1722 futuram
545 1705 551 1722 :
568 1703 629 1722 eum
645 1696 816 1723 insolentiam
834 1694 897 1721 facti
923 1693 970 1720 ad-

184 1744 298 1770 miratus
313 1746 386 1769 esset
399 1741 466 1774 Rex,
485 1742 529 1768 illa
541 1742 566 1768 in
580 1746 679 1768 terram
695 1749 750 1776 pra:
764 1744 837 1768 metu
851 1740 972 1774 collapsa

184 1793 235 1816 est.
253 1788 287 1814 At
302 1788 372 1822 regis
391 1787 560 1814 iracundiam
574 1787 645 1814 Deus
665 1787 693 1813 in
709 1794 820 1814 suavem
843 1785 971 1813 allectum

184 1840 210 1862 et
232 1833 469 1861 mansuetudinem
494 1833 658 1863 immutavil,
680 1833 717 1859 ita
736 1837 764 1859 ut
785 1840 799 1859 e
816 1832 884 1859 solio
909 1839 971 1859 sur-

184 1887 251 1912 gens
269 1879 411 1913 conjugcm
424 1881 589 1912 prostratam
605 1881 733 1912 erigeret,
749 1880 775 1903 et
803 1881 904 1903 metum
923 1884 972 1911 p0-

186 1934 249 1953 nerc
267 1925 433 1956 hortaretur,
451 1925 505 1951 imo
521 1924 658 1958 optionem
678 1924 755 1950 daret
767 1922 877 1958 petendi
892 1923 972 1958 quid-

185 1971 249 2006 quid
270 1971 359 1998 vellet.
377 1969 434 2001 llla,
453 1973 483 1996 ut
500 1977 547 1996 rex
568 1976 631 1996 cum
655 1969 743 1996 Aman
765 1969 799 1995 ad
816 1968 971 1996 convivium

185 2024 265 2044 suum
278 2016 372 2043 venire
399 2015 567 2051 dignaretur,
591 2023 647 2042 non
671 2015 764 2046 semel,
786 2015 833 2042 sed
851 2014 971 2042 secundo

186 2070 293 2099 quoque
304 2063 392 2097 petiit.
401 2064 486 2089 Aman
502 2070 557 2097 prae
570 2062 669 2097 gaudio
678 2061 780 2089 ellusus
793 2069 825 2088 ac
838 2062 970 2097 gestiens,

185 2110 257 2144 quod
283 2109 381 2144 dignus
397 2109 543 2136 haberetur
559 2116 575 2135 a
597 2109 689 2143 regina
706 2109 798 2135 vocari
817 2108 850 2134 ad
877 2109 972 2135 convi-

185 2156 270 2188 vium,
282 2155 372 2182 adhuc
390 2155 507 2190 amplius
521 2154 653 2181 adversus
668 2153 867 2182 Mardochzeum
884 2155 971 2190 erige-

1019 911 1108 947 ὲαυτῷ
1123 913 1249 946 γυναῖκα.
1265 913 1321 938 Καὶ
1336 911 1433 946 εὑρέθη
1450 911 1467 946 ή
1487 911 1597 947 Ἑσθὴρ,
1611 911 1642 938 τὺ
1653 911 1728 946 γένος
1745 910 1816 938 Ἰου-

1019 958 1081 985 δαία
1096 958 1279 993 τυγχάνουσα.
1294 956 1348 984 Ἦν
1370 957 1397 984 δὲ
1423 958 1469 984 καὶ
1483 957 1654 993 Μαρδοχαῖος
1677 958 1813 994 συγγενὴς

1019 1006 1105 1041 αὐτῆς
1121 1006 1174 1032 ἀπὸ
1189 1006 1239 1040 τῆς
1248 1005 1436 1041 αἰχμαλωσίας
1449 1005 1498 1039 τῆς
1512 1005 1660 1040 γενομένης
1673 1005 1719 1031 ἐπὶ
1731 1005 1814 1032 Σεδε-

1019 1052 1079 1078 κίου
1092 1053 1121 1078 ὲν
1133 1052 1201 1087 αὐτῇ
1216 1053 1248 1087 τῇ
1261 1051 1347 1087 χώρᾳ.
1363 1051 1391 1078 '0
1403 1049 1448 1078 οὖν
1461 1051 1596 1086 βασιλεὺς,
1611 1051 1681 1086 μέγα
1694 1052 1814 1087 ποιήσας

1019 1096 1080 1123 τινὰ
1093 1097 1146 1123 τῶν
1161 1097 1269 1129 ἑαυτοῦ,
1285 1097 1430 1132 λεγόμενον
1451 1096 1545 1132 Ἀμὰν,
1562 1097 1688 1123 ἐκέλευσε
1707 1098 1814 1130 πάντας

1019 1143 1100 1169 αὑτὸν
1124 1144 1299 1179 προσκυνεῖν.
1327 1143 1407 1169 Ἀλλὰ
1428 1142 1476 1169 τοῦ
1498 1143 1669 1178 Μαρδοχαίου
1695 1143 1739 1170 διὰ
1762 1144 1814 1180 τὴν

1020 1189 1089 1224 πρὸς
1101 1189 1147 1216 τὸν
1159 1189 1224 1216 Θεὸν
1235 1189 1361 1225 λατρείαν
1377 1189 1414 1225 μὴ
1427 1189 1642 1224 προσκυνοῦντος
1658 1189 1748 1222 αὐτὸν,
1758 1190 1815 1226 ὠρ-

1020 1233 1101 1269 γίσθη
1122 1235 1136 1261 ὁ
1156 1235 1256 1269 ’Λμάψ
1277 1235 1324 1261 καὶ
1342 1234 1445 1270 μαθὼν.
1461 1235 1501 1261 ὅτι
1521 1234 1643 1266 Ἰουδαῖός
1660 1236 1729 1267 ἐστι,
1753 1236 1816 1263 πεί-

1021 1279 1062 1306 θει
1078 1280 1123 1306 τὸν
1138 1280 1251 1316 βασιλέα
1268 1279 1459 1316 Ἀρταξέρξην,
1476 1281 1523 1307 καὶ
1539 1281 1649 1316 γράφει,
1662 1280 1733 1307 ὥστε
1747 1281 1815 1308 πάν-

1019 1334 1069 1358 τας
1085 1327 1147 1358 τοὺς
1161 1328 1190 1353 ὲν
1205 1328 1238 1362 τῇ
1262 1326 1385 1362 βασιλεία
1402 1326 1485 1353 αὑτοῦ
1500 1327 1642 1358 Ἰουδαίους
1657 1327 1815 1362 ὁλορρίζους

1020 1372 1169 1400 ἀπολέσθαι
1189 1374 1218 1399 ὲν
1234 1373 1283 1408 μιᾷ
1306 1373 1398 1408 ἡμέρᾳ
1409 1371 1448 1408 τῷ
1469 1372 1502 1407 ιβ’
1525 1373 1600 1408 μηνί.
1625 1372 1710 1399 Τοῦτο
1724 1374 1816 1400 τοίνυν

1023 1418 1118 1454 μαθὼν
1134 1419 1152 1445 τό
1172 1419 1354 1455 Μαρδοχαῖος,
1372 1418 1490 1451 ἐπένθει,
1505 1419 1552 1446 καὶ
1575 1419 1712 1455 νηστεύων
1729 1428 1816 1455 προσ-

1021 1465 1103 1492 έπεσε
1118 1467 1150 1501 τῇ
1168 1465 1277 1501 Ἐσοὴρ,
1298 1465 1380 1497 ἀξιῶν
1396 1467 1462 1501 παρ’
1485 1466 1570 1500 αὐτῆς
1593 1465 1720 1501 βοήθειαν
1735 1467 1815 1500 γενέ-

1023 1511 1094 1538 σθαι.
1115 1512 1147 1538 Ἠ
1162 1512 1252 1538 τοίνυν
1271 1512 1381 1547 Ἑσοὴρ,
1402 1511 1584 1546 νηστεύσασα,
1606 1512 1654 1539 καὶ
1677 1512 1814 1550 εὐξαμένη

1021 1558 1060 1594 τῷ
1079 1558 1148 1594 Θεῷ,
1170 1558 1322 1594 ἐκόσμησεν
1336 1559 1435 1594 ἑαυτὴν
1452 1558 1489 1593 τῷ
1505 1559 1635 1594 βασιλικῷ
1650 1560 1753 1595 κόσμῳ,
1764 1561 1815 1588 καὶ

1024 1604 1060 1640 μὴ
1083 1604 1212 1640 κληθεῖσα
1234 1604 1294 1639 (οὑκ
1317 1603 1350 1640 ἦν
1367 1604 1421 1640 γὰρ
1444 1605 1504 1636 ἐξὸν
1535 1605 1664 1632 εἰσελθεῖν
1686 1606 1814 1642 ἀκλητί),

1021 1651 1097 1685 ὅμως
1122 1650 1229 1686 εἰσῆλθε
1254 1651 1330 1686 παρὰ
1353 1651 1398 1677 τὸν
1422 1652 1517 1686 καιρὸν
1538 1652 1606 1687 πρὸς
1628 1652 1814 1689 τὸνβασιλέα,

1022 1697 1082 1723 ἀντὶ
1104 1696 1150 1723 τοῦ
1168 1697 1264 1732 καιροῦ
1282 1696 1422 1732 οαρῤοῦσα
1437 1699 1469 1732 τῇ
1489 1698 1571 1733 εὐχῇ·
1595 1695 1654 1724 εἶτα
1676 1699 1722 1726 τοῦ
1742 1700 1816 1735 βασι-

1022 1743 1090 1775 λέως
1110 1743 1295 1779 Θαυμάζοντος
1311 1744 1342 1770 τὸ
1359 1744 1443 1777 ξένον,
1462 1744 1558 1771 ἔπεσεν
1578 1745 1668 1780 ἐκείνη
1691 1746 1745 1772 ἀπὸ
1764 1747 1813 1773 τοῦ

1023 1789 1114 1823 φόϐου.
1135 1790 1163 1815 '0
1175 1789 1203 1815 δὲ
1223 1790 1289 1821 Θεὸς
1306 1790 1437 1825 μετέϐαλε
1452 1791 1495 1817 τὸν
1514 1790 1599 1825 θυμὸν
1618 1792 1665 1818 τοῦ
1681 1792 1814 1826 βασιλέως

1023 1836 1063 1867 είς
1084 1836 1203 1863 διάθεσιν
1225 1836 1273 1862 καὶ
1298 1837 1450 1873 πρᾳότητα,
1471 1837 1518 1864 καὶ
1540 1838 1658 1869 ἀναστὰς
1680 1838 1814 1865 ἐϐάστασε

1021 1883 1071 1918 τὴν
1091 1884 1218 1917 γυναῖκα,
1241 1883 1289 1913 καὶ
1311 1884 1461 1919 παρεκάλει
1483 1884 1568 1919 αὐτὴν
1595 1885 1632 1920 μὴ
1654 1884 1811 1918 φοϐεῖσθαι·

1022 1929 1090 1955 ἀλλὰ
1107 1930 1152 1956 καὶ
1169 1929 1285 1964 ἠξίωσεν
1302 1930 1386 1966 αὐτὴν
1403 1930 1578 1966 αἰτήσασθαι,
1592 1930 1619 1956 εί
1635 1939 1661 1957 τι
1680 1931 1811 1966 βούλοιτο.

1028 1974 1061 2001 Ἡ
1073 1974 1101 2001 δὲ
1116 1975 1162 2001 ἐπὶ
1176 1975 1282 2002 δεῖπνον
1295 1975 1412 2010 ἠξίωσεν
1431 1976 1518 2002 ἐλθεῖν
1534 1976 1616 2003 αὐτόν
1628 1985 1657 2002 τε
1670 1976 1715 2003 τὸν
1733 1976 1812 2011 βασι-

1022 2020 1069 2047 λέα
1087 2021 1134 2048 καὶ
1156 2022 1202 2048 τὸν
1221 2022 1317 2057 Ἀμὰν,
1341 2022 1390 2058 οὐχ
1409 2022 1492 2055 ἅπαξ,
1517 2022 1585 2049 ἀλλὰ
1605 2023 1652 2049 καὶ
1673 2023 1812 2058 δεύτερον.

1028 2066 1057 2092 '0
1072 2067 1121 2101 μὲν
1135 2064 1181 2093 οὖν
1196 2066 1291 2102 ’Δμὰν,
1307 2067 1455 2103 διαχυθεὶς,
1470 2068 1516 2094 καὶ
1530 2068 1671 2102 γανωοεὶς,
1684 2068 1721 2100 ὡς
1733 2069 1813 2101 ἀξιω-

1023 2111 1080 2143 θεὶς
1096 2112 1149 2139 ὑπὸ
1165 2113 1214 2147 τῆς
1230 2113 1390 2149 βασιλίσσης
1405 2114 1547 2150 κληθῆναι,
1567 2114 1608 2141 ἔτι
1630 2114 1729 2149 μᾶλλον
1746 2115 1814 2150 ἐπή-

1024 2166 1086 2194 ρετο
1109 2158 1179 2185 κατὰ
1202 2159 1249 2186 τοῦ
1272 2159 1456 2195 Μαρδοχαίου,
1479 2160 1527 2187 καὶ
1551 2161 1664 2196 ποιήσας
1694 2160 1812 2195 κοπῆναι

185 2202 265 2229 batur
280 2211 287 2230 :
304 2201 463 2236 curavitque
486 2201 588 2235 lignum
615 2200 731 2228 sublime
754 2200 855 2231 excidi,
876 2201 969 2228 volens

1024 2204 1100 2236 ξύλον
1120 2205 1202 2240 μέγα,
1229 2205 1355 2232 ἐϐούλετο
1375 2206 1421 2232 τὸν
1443 2206 1616 2242 Μαρδοχαῖον
1635 2207 1675 2239 είς
1697 2206 1763 2233 αὐτὸ
1778 2208 1811 2241 τῇ

186 2248 213 2274 in
229 2255 262 2275 eo
279 2251 409 2282 sequente
426 2247 470 2274 die
496 2246 664 2282 suspendere
685 2245 895 2274 Mardocba-um.
913 2245 970 2273 Rex

185 2301 260 2326 vero,
276 2293 348 2320 bona
361 2293 478 2328 quadam
495 2291 673 2328 providentia,
687 2295 794 2318 noctem
807 2292 880 2318 illam
894 2291 972 2318 duxit

186 2340 351 2371 insomnem,
373 2344 398 2366 et
423 2346 485 2365 eum
508 2338 627 2366 dormire
655 2338 792 2373 nequiret,
809 2338 893 2373 jussit
920 2337 971 2365 sibi

186 2385 397 2412 commentarios
413 2390 536 2411 actorum
556 2391 667 2411 suorum
682 2384 746 2418 legi.
762 2384 885 2418 Cumque
901 2383 972 2418 lege-

186 2435 291 2462 rentur,
304 2434 415 2457 vcntum
429 2434 471 2457 est
491 2430 524 2457 ad
539 2437 600 2457 eum
614 2430 714 2461 locum,
730 2430 758 2456 in
771 2437 826 2464 quo
839 2429 971 2463 scriptum

186 2481 245 2504 erat
260 2476 422 2504 beneﬁcium
439 2476 494 2510 regi
511 2484 525 2502 a
549 2475 718 2503 Mardochmo
740 2475 881 2502 collatum.
898 2475 971 2502 Duos

187 2522 258 2549 enim
284 2521 425 2548 eunuchos
450 2521 506 2556 regi
531 2520 703 2552 insidiantes,
719 2520 777 2555 regi
803 2520 970 2554 prodiderat,

187 2571 214 2593 et
227 2567 393 2594 convicerat.
413 2565 463 2592 Hic
477 2573 525 2592 rex
539 2566 575 2592 ob
591 2565 752 2592 Mardochaai
765 2565 883 2592 ollicium
895 2571 972 2600 grato

179 2612 299 2639 .atTectus
311 2612 413 2643 animo,
431 2612 569 2646 quaarebat
579 2619 697 2646 quonam
715 2612 791 2638 illum
804 2612 908 2639 honore
922 2619 971 2646 pro

188 2658 238 2684 hoc
253 2658 386 2685 beneficio
399 2658 521 2685 donaret.
537 2657 604 2685 Cum
621 2663 711 2686 autem
727 2666 806 2686 mane
830 2659 863 2686 ad
889 2666 918 2686 se
934 2659 973 2685 in-

188 2703 346 2738 grederetur
370 2704 468 2735 Aman,
484 2705 580 2738 quaerit
602 2704 636 2731 ab
654 2705 701 2731 illo
726 2713 784 2737 rex,
801 2712 920 2740 quonam
945 2708 972 2731 et

188 2748 262 2783 quali
279 2748 381 2776 honore
393 2750 493 2784 dignus
507 2751 542 2776 sit
557 2751 591 2782 is,
611 2751 658 2786 qui
674 2759 764 2786 regem
781 2751 915 2779 beneﬁcio
931 2751 973 2778 al»

189 2792 309 2821 fecisset.
328 2794 367 2821 Ad
393 2795 446 2822 hoc
460 2795 559 2827 Aman,
581 2803 643 2823 cum
668 2804 697 2824 se
711 2798 894 2825 arbitraretur
909 2806 970 2826 cum

188 2849 251 2870 esse
267 2841 300 2869 de
317 2849 371 2877 quo
389 2850 434 2870 rex
457 2844 605 2877 qumrebat,
620 2844 732 2879 dignum
757 2853 819 2873 esse
838 2846 904 2873 dixit
926 2847 972 2882 qui

1024 2249 1190 2288 ἑξῆς-ἡμέρᾳ
1201 2251 1352 2286 κρεμάσαι·
1367 2253 1381 2278 ὁ
1394 2252 1422 2278 δὲ
1441 2252 1576 2287 βασιλεὺς,
1589 2253 1660 2280 κατά
1673 2261 1732 2279 τινα
1745 2252 1812 2288 πρό-

1023 2286 1099 2322 νοιαν
1120 2295 1225 2331 ἀγαθὴν
1249 2297 1428 2332 ἀγρυπνήσας
1441 2286 1554 2332 εκείνην
1574 2297 1623 2333 τὴν
1645 2297 1740 2330 νύκτα,
1764 2286 1811 2324 καὶ

1024 2341 1062 2377 μὴ
1084 2342 1231 2377 δυνάμενος
1252 2343 1392 2375 ὑπνῶσαι,
1415 2343 1556 2370 ἐκέλευσεν
1578 2344 1811 2378 ἀναγινώσκεσθαι

1023 2388 1098 2423 αὑτῷ
1114 2388 1169 2415 τῶν
1191 2388 1316 2425 πράξεων
1330 2390 1412 2416 αὐτοῦ
1425 2389 1460 2417 τὰ
1472 2390 1665 2426 ὑπομνήματα.
1679 2391 1733 2418 Καὶ
1746 2392 1812 2418 ἀνα-

1022 2435 1230 2470 γινωσκομένων
1247 2435 1348 2467 αὑτῶν,
1361 2433 1424 2471 εὗρε
1440 2436 1540 2472 πρᾶξιν
1557 2436 1661 2472 ἀγαθὴν
1673 2437 1712 2468 είς
1730 2434 1812 2464 αΰτδν

1022 2481 1171 2516 γενομένην
1189 2482 1242 2508 ὑπὸ
1259 2481 1308 2508 τοῦ
1322 2482 1505 2518 Μαρδοχαίου.
1523 2482 1574 2509 Δύο
1587 2482 1641 2518 γὰρ
1657 2484 1808 2519 εὐνούχους,

1024 2526 1169 2561 μέλλοντας
1196 2527 1381 2554 ἐπιϐουλεύειν
1408 2527 1448 2563 τῷ
1474 2528 1586 2563 βασιλεῖ,
1613 2529 1811 2564 προσήγγειλεν

1023 2572 1096 2607 αὐτῴ
1111 2572 1149 2607 τῷ
1172 2573 1287 2608 βασιλεῖ,
1302 2575 1349 2601 καὶ
1369 2573 1491 2608 ἤλεγξεν.
1511 2575 1540 2601 '0
1560 2574 1650 2601 τοίνυν
1672 2575 1810 2609 βασιλεὺς,

1023 2617 1222 2653 ἀποδεξάμενος
1235 2620 1284 2655 τὴν
1295 2621 1454 2656 προαίρεσιν
1463 2621 1510 2647 τοῦ
1526 2621 1707 2656 Μαρδοχαίου,
1720 2622 1810 2657 ἐζήτει

1022 2663 1104 2698 τιμὴν
1121 2664 1199 2697 ἀξίαν
1220 2667 1371 2701 παρασχεῖν
1389 2666 1428 2701 τῷ
1443 2666 1568 2702 τοιούτῳ.
1593 2667 1636 2698 Ὠς
1655 2667 1683 2694 δὲ
1702 2667 1809 2702 εἰσῆλθε

1024 2710 1129 2745 πρωῖας
1150 2711 1218 2745 πρὸς
1239 2712 1319 2738 αὑτὸν
1337 2713 1350 2738 ὀ
1369 2711 1463 2746 Ἀμὰν,
1483 2712 1646 2739 ἐπυνθάνετο
1658 2713 1673 2739 ὁ
1686 2713 1810 2747 βασιλεὺς

1024 2755 1116 2788 αὑτοῦ,
1131 2757 1226 2788 ὁποίας
1241 2757 1288 2784 καὶ
1301 2757 1420 2792 πηλίκης
1435 2757 1516 2792 τιμῆς
1535 2757 1610 2790 ἄξιός
1630 2759 1715 2790 ἐστιν,
1733 2759 1748 2784 ὁ
1763 2758 1810 2794 βαρ

1025 2801 1099 2829 σιλέα
1116 2803 1308 2838 εὐεργετήσας.
1336 2804 1364 2830 '0
1387 2803 1414 2829 δὲ
1431 2803 1527 2838 Ἀμὰν,
1549 2803 1667 2839 νομίζων
1682 2804 1745 2840 περὶ
1760 2804 1810 2831 α’)-

1024 2848 1070 2876 106
1091 2848 1272 2876 πυνθάνεσθαι
1285 2849 1330 2876 τὸν
1348 2848 1471 2884 βασιλέα,
1487 2847 1574 2883 εἶπεν,
1591 2850 1665 2883 ἄξιον
1682 2848 1749 2877 εἶναι
1762 2849 1809 2879 τ’)’ν
