1929 3056
118 163 172 191 369

652 161 818 190 SYNOPSIS
839 159 1047 189 SCIHPTURZE.
1069 160 1203 188 SACRE.

1699 159 1751 187 370

117 218 239 247 τοιοῦτον
258 218 386 255 δεύτερον
400 218 511 254 βασιλέα
525 217 675 246 καλεῖσθαι.
697 219 725 246 '0
743 219 792 254 μὲν
806 216 851 246 οὖν
866 218 913 254 βα-

966 219 1034 246 alter
1049 227 1096 246 rex
1124 220 1280 245 vocaretur.
1298 215 1354 243 Rex
1382 215 1465 251 igitur
1486 215 1686 244 Mardochaaum
1706 216 1752 244 illo

119 266 210 297 σιλεὺς
225 265 331 292 κελεύει
353 266 399 292 τὸν
423 265 594 301 Μαρδοχαῖον
610 266 658 300 τῆς
682 265 809 300 τοιαύτης
832 265 914 300 τιμῆς

119 311 281 346 ἀξιωθῆναι,
299 311 402 338 καὶτὸν
426 311 512 347 Ἀμαν
529 311 683 347 ἔμπροσθεν
700 311 784 338 αὑτοῦ
801 320 916 347 περιπα-

118 360 187 386 τεῖν.
210 358 242 384 ’11
254 358 283 384 δὲ
301 357 412 394 Ἑσθὴρ,
434 358 569 394 πρόφασιν
584 357 712 393 εὑροῦσα,
733 357 833 392 ἡξίωσε
851 358 915 392 περὶ

117 404 173 431 τῶν
193 403 337 431 Ἰουδαίων.
351 401 418 430 Εἶτα
429 404 476 430 τοῦ
494 404 625 439 βασιλέως
636 403 802 439 λυπηθέντος
815 404 861 430 ἐπὶ
875 403 914 439 τῷ

118 451 271 487 παρανόμῳ
288 451 478 486 προστάγματι
493 450 532 485 τῷ
549 451 619 477 κατὰ
636 450 690 477 τῶν
708 451 852 483 Ἰουδαίων,
867 451 914 477 καὶ

117 497 291 532 ὀργισθέντος
304 496 374 523 κατὰ
387 496 434 522 τοῦ
454 496 551 531 ’Ᾱμὰν,
565 496 646 527 αὐτὸς
657 497 671 522 ὁ
691 496 778 531 Ἀμαν
792 495 914 531 παρεκά-

118 542 160 569 λει
181 542 230 578 τὴν
252 541 361 578 Ἐσθὴρ,
382 541 498 574 ἀπόντος
520 542 567 569 τοῦ
590 542 732 577 βασιλέως,
754 542 912 569 ἐπικόπτων

118 589 167 615 καὶ
183 589 344 624 προσκυνῶν
356 589 390 616 τὰ
402 589 503 623 γόνατα
514 589 610 624 αὐτῆς.
628 590 655 616 ’0
669 589 696 616 δὲ
711 589 845 624 βασιλεὺς.
861 589 914 615 εἰσ-

119 636 214 668 ελθὼν,
229 636 277 662 καὶ
295 635 425 671 ἑωρακὼς
437 635 482 662 τὸν
496 635 584 671 Ἀμὰν
595 636 748 671 ἁπτόμενον
763 635 817 661 τῶν
833 635 913 669 γονά-

117 691 172 709 των
186 683 234 718 τῆς
248 682 419 718 βασιλίσσης,
435 683 588 718 ὑπονοήσας
607 683 727 718 αἰσχρῶς
739 682 819 709 αὐτὸν
834 682 913 708 τοῦτο

118 730 215 762 ποιεῖν,
236 729 363 755 ἐκέλευσε
384 729 430 755 τὸν
452 729 501 764 μὲν
521 729 606 764 Ἀμὰν
625 729 665 760 εἰς
686 729 715 755 τὸ
738 728 824 761 ξύλον,
844 729 912 764 ὅπερ

116 772 150 810 ἦν
166 774 314 809 ἑτοιμάσας
331 773 369 808 τῷ
392 773 566 809 Μαρδοχαίῳ,
585 773 793 810 κρεμασθῆναι·
811 775 912 810 γράφει

117 820 146 846 δὲ
162 820 255 847 ἄνεσιν
274 821 324 855 μὲν
341 820 413 855 ἔχειν
433 820 538 852 πάντας
553 821 615 852 τοὺς
635 820 788 853 Ἰουδαίους,
806 822 868 853 τοὺς
884 821 912 848 δὲ

119 867 236 903 ἐχθροὺς
259 866 349 893 αὐτῶν
365 867 540 903 ἀναιρεθῆναι
561 868 625 903 παρ’
638 867 738 894 αὐτῶν.
753 869 807 894 Καὶ
823 869 847 894 οἱ
863 868 912 903 μὲν

117 913 308 950 ἀναιρεθέντες
327 913 402 949 παρὰ
427 913 480 940 τῶν
501 913 636 940 Ἰουδαίων
661 913 713 940 εἰσὶ
736 913 828 949 μύριοι
850 922 914 940 πεν-

115 959 296 994 τακισχίλιοιθ
312 959 406 994 γέγονε
420 959 448 986 δὲ
469 960 549 995 ἑορτὴ
564 959 608 986 διὰ
621 959 699 986 τοῦτο
713 959 815 991 αὐτοῖς,
827 961 859 996 τῇ
883 960 912 986 ιδ’

117 1005 164 1032 καὶ
190 1009 218 1031 ιε’
245 1006 274 1031 ὲν
296 1005 335 1041 τῷ
361 1006 426 1041 μηνὶ
447 1005 486 1041 τῷ
508 1005 551 1041 ιβ’,
576 1006 651 1036 ὅστις
676 1006 798 1033 καλεῖται
821 1006 911 1042 Ἄδερ.

123 1051 302 1087 Ὀνομάζεται
319 1052 346 1079 δὲ
362 1053 377 1088 ὴ
393 1052 485 1088 ἡμέρα
502 1052 570 1088 αὕτη
592 1053 624 1088 τῇ
650 1052 702 1088 ἰδίᾳ
716 1053 847 1088 διαλέκτῳ
866 1053 914 1079 αὑ-

117 1097 171 1124 τῶν
194 1098 310 1134 Φρονρὲ.
339 1099 389 1125 Διὰ
413 1099 460 1125 τοῦ
478 1107 492 1125 ο
514 1098 585 1126 κατὰ
603 1099 653 1135 τὴν
680 1099 787 1135 ἡμέραν
812 1099 913 1135 ταύτην

117 1143 240 1170 καίουσιν
251 1145 277 1171 οἱ
289 1144 410 1171 Ἰουδαῖοι
423 1145 464 1171 τὸν.
484 1145 580 1181 Ἀμὰν,
596 1145 642 1172 καὶ
657 1146 827 1182 ἑορτάζουσι,
845 1155 913 1182 μνη-

118 1190 235 1226 μόσυνον
249 1188 331 1218 οὖσαν
344 1191 480 1227 σωτηρίας
494 1192 595 1219 αὐτῶν.

288 1281 291 1284 ⁴
392 1248 514 1274 Βιϐλίων
530 1247 646 1275 Ἰουδίο.

154 1294 200 1321 45.
214 1294 331 1328 Λέγεται
344 1294 374 1320 τὸ
388 1293 491 1329 βιϐλίον
508 1293 604 1326 οὕτως,
621 1295 714 1330 ἐπειδὴ
729 1295 775 1322 καὶ
787 1295 836 1331 τὴν
849 1295 913 1331 περὶ

118 1340 170 1375 Διῆς
184 1339 279 1367 male
304 1340 425 1376 ἱστορίαν
447 1341 585 1376 περιέχει·
600 1341 659 1373 πῶς
674 1343 687 1367 ό
702 1341 768 1373 Θεὸς
785 1341 914 1377 πολεμου-

120 1386 218 1422 μένους
234 1386 281 1412 καὶ
293 1385 539 1421 πολιορκουμένους
549 1385 602 1412 ὐπδ
612 1386 658 1413 τοῦ
677 1387 836 1422 Ὀλοφέρνου
850 1388 913 1418 τοὺς

119 1432 196 1464 υἱοὺς
210 1431 319 1468 Ἰσραὴλ
333 1432 366 1458 δι’
381 1432 490 1468 ἐκείνης
503 1432 588 1459 ἔσωσε
608 1432 658 1468 μὲν
681 1433 745 1465 τοὺς
760 1433 851 1464 λαοὺς,
866 1433 912 1460 τὸν

119 1478 147 1506 δὲ
163 1478 330 1513 ὐλοφέρνην
341 1478 485 1512 ἐπάταξεν.
504 1479 535 1505 'Il
550 1479 578 1505 δὲ
593 1478 696 1514 ἱστορία
706 1478 786 1514 αὕτη.
803 1479 912 1506 Ναϐου-

120 1525 263 1561 χοδονόσορ
279 1525 294 1550 ὁ
317 1525 442 1559 βασιλεὺς
464 1524 519 1551 τῶν
534 1525 696 1560 Ἀσσυρίων,
713 1525 830 1561 πόλεμον
844 1525 912 1561 ἔχων

967 265 1070 291 honore
1096 263 1241 294 celebrari,
1257 267 1283 290 et
1300 262 1386 289 Aman
1410 266 1473 290 ante
1501 263 1577 290 illum
1603 262 1762 298 procedere'

963 310 1056 345 jussit.
1078 309 1178 336 Esther
1192 316 1256 335 vero
1282 308 1514 343 opportunitatem
1541 312 1621 335 nacta
1643 316 1692 344 pro
1705 307 1754 335 Ju-

966 356 1031 383 daeis
1048 355 1146 382 oravit.
1160 353 1262 382 Deinde
1275 362 1336 380 cum
1354 362 1401 381 rex
1417 361 1534 381 maerore
1548 354 1670 386 all‘cetus,
1688 362 1751 389 pro-

965 407 1024 438 pter
1040 401 1182 437 indignum
1199 405 1294 427 contra
1308 399 1417 427 Judzeos
1431 400 1564 432 edictum,
1580 404 1607 427 et
1620 401 1752 427 adversus

965 450 1052 476 Aman
1073 449 1113 475 ira
1140 451 1295 475 commotus
1317 452 1400 480 esset,
1423 447 1482 482 ipse
1502 447 1598 478 Aman,
1615 455 1677 482 rege
1705 446 1752 472 ab-

964 499 1052 528 sente,
1069 495 1170 530 reginae
1185 493 1358 528 supplicavit,
1376 494 1409 520 ad
1423 501 1511 528 genua
1535 494 1608 520 illius
1624 501 1752 529 procum-

964 541 1033 569 bens
1057 544 1139 575 atque
1161 540 1290 566 adorans.
1308 538 1365 566 Rex
1391 546 1452 566 cum
1479 547 1620 574 regressus
1648 539 1752 566 videret

963 587 1051 613 Aman
1066 593 1154 621 genua
1178 585 1278 620 regina:
1297 584 1472 619 contingere,
1505 585 1661 619 suspicatus
1679 584 1751 619 quod

964 631 1146 668 turpitudinis
1160 638 1245 658 causa
1262 630 1288 657 id
1302 630 1414 662 faceret,
1428 630 1511 664 jussit
1525 629 1611 656 Aman
1629 630 1656 657 in
1667 630 1750 665 ligno,

964 677 1225 714 quod‘Mardochzeo
1240 679 1395 712 paraverat,
1415 676 1567 710 suspendi:
1584 677 1695 711 scripsit
1703 683 1752 703 au-

963 729 1018 754 tem
1043 730 1073 752 ut
1099 724 1185 752 Judaei
1207 724 1286 758 130
1313 723 1423 758 quidem
1447 729 1542 750 onmes
1566 722 1752 749 incolumitate

964 772 1133 802 fruerentur,
1147 771 1240 798 hostes
1249 778 1314 797 vero
1329 776 1423 796 eorum
1438 768 1471 795 ab
1480 768 1546 803 ipsis
1564 768 1752 795 interimeren-

963 824 1018 846 tur.
1037 817 1175 845 Numerus
1197 821 1287 844 autem
1314 823 1419 847 eorum,
1441 815 1488 850 qui
1506 823 1520 842 a
1544 813 1644 841 Iudaeis
1667 814 1752 841 occisi

964 869 1037 897 sunt,
1064 864 1115 891 fuit
1137 863 1291 899 quindecim
1312 862 1446 889 millium:
1462 861 1576 895 ideoque
1604 860 1667 887 festi
1692 859 1749 887 illis

966 911 1042 939 fuere
1068 910 1127 938 dies
1144 914 1258 945 quartus
1279 909 1413 940 decimus,
1439 911 1467 935 et
1491 907 1604 942 quintus
1628 906 1752 934 decimus

965 957 1069 986 mensis
1086 956 1250 988 duodecimi,
1263 955 1310 990 qui
1321 954 1523 981 vocaturAder.
1542 953 1646 980 Dicitur
1660 956 1751 980 autem

965 1003 1010 1030 illa
1032 1003 1090 1030 dies
1108 1003 1231 1037 ipsorum
1255 1001 1346 1035 lingua
1368 999 1475 1026 Pbrure
1493 998 1559 1033 (20).
1581 997 1752 1032 Quapropter

964 1053 992 1077 et
1006 1048 1092 1076 Judaei
1115 1049 1142 1075 in
1157 1048 1202 1074 illa
1216 1048 1303 1074 Aman
1320 1045 1496 1078 comburunt,
1510 1049 1537 1072 et
1561 1044 1659 1072 festum
1679 1043 1751 1071 diem

964 1099 1048 1131 agunt
1063 1094 1160 1122 salutis
1177 1094 1298 1128 ipsorum
1316 1092 1511 1121 memorialem.

1255 1239 1334 1266 Liber
1344 1237 1448 1265 Iudith.

999 1290 1045 1317 45.
1062 1288 1121 1316 Hoc
1145 1287 1256 1316 nomine
1272 1289 1388 1313 vocatur
1402 1284 1455 1311 iste
1472 1283 1558 1314 liber,
1576 1281 1641 1316 quia
1665 1279 1753 1307 histo-

964 1338 1033 1365 riam
1048 1335 1142 1364 Judith
1160 1335 1294 1365 continet,
1310 1330 1448 1367 quomodo
1472 1329 1578 1357 scilicet
1590 1327 1662 1356 Deus
1682 1326 1752 1353 ﬁlios

963 1382 1047 1412 Israel
1067 1381 1101 1408 ab
1118 1379 1290 1414 ilolopherue
1310 1376 1482 1411 impugnatos
1496 1379 1522 1401 et
1535 1374 1675 1404 obsessos,
1691 1372 1752 1406 ejus

963 1435 1048 1464 opera
1063 1425 1229 1456 liberaverit,
1247 1422 1504 1458 llolophernemque
1518 1418 1695 1454 percusserit.
1705 1416 1752 1443 Est

964 1479 1056 1502 autem
1072 1472 1189 1500 historia
1213 1470 1286 1497 talis.
1306 1467 1557 1495 Nabuchodonosor
1576 1463 1752 1499 Assyriorum

964 1528 1023 1551 rex,
1039 1526 1102 1546 cum
1114 1517 1214 1545 bellum
1230 1519 1337 1550 gereret
1353 1513 1485 1540 adversus
1499 1509 1645 1546 Arphaxad
1661 1517 1752 1544 regem

120 1556 190 1608 πρὸς
213 1556 352 1607 Ἀρφαξαδ
379 1571 491 1606 βασιλέα
511 1556 626 1606 Μήδων,
644 1556 729 1606 ﬁtque
754 1556 912 1607 συμμαχίαν

965 1565 1117 1596 Medorum,
1134 1563 1169 1590 ab
1189 1561 1317 1590 omnibus
1336 1559 1462 1593 gentibus
1484 1557 1516 1584 ad
1541 1556 1688 1591 {Egyptum
1705 1563 1753 1582 us-

121 1618 198 1654 παρὰ
214 1618 268 1645 τῶν
283 1619 369 1645 ἐθνῶν
384 1619 494 1646 πάντων
509 1619 561 1651 ἓως
575 1618 723 1653 Αἰγύπτου.
739 1618 785 1654 Μὴ
801 1619 913 1646 δεδωκό-

119 1673 176 1692 των
193 1665 222 1692 δὲ
244 1665 329 1700 αὐτῷ,
346 1665 415 1692 ἀλλὰ
435 1665 636 1701 ἀντειρηκότων
653 1665 772 1698 πάντων,
795 1665 863 1701 μετὰ
883 1666 913 1692 τὸ

119 1711 232 1746 νικῆσαι
249 1713 296 1738 καὶ
312 1711 504 1747 περιγενέσθαι
519 1711 566 1738 τοῦ
584 1711 732 1746 ’Δρφαξὰδ,
750 1711 826 1738 ἔθετο
842 1712 913 1739 κατὰ

120 1757 176 1784 τῶν
195 1757 232 1793 μὴ
247 1757 401 1784 δεδωκότων
414 1757 542 1793 πόλεμον,
555 1758 601 1785 καὶ
617 1757 760 1784 ἀπέστειλε
776 1757 822 1784 τὸν
839 1758 913 1784 Ὀλο-

121 1804 225 1839 φέρνην
248 1804 317 1839 μετὰ
337 1804 477 1839 δυνάμεως
496 1803 596 1838 πολλῆς
618 1805 678 1831 κατ’
689 1804 789 1831 αὐτῶν.
805 1803 845 1830 Τὰ
864 1805 913 1839 μὲν

121 1848 167 1877 οὖν
190 1849 259 1876 ἄλλα
280 1850 369 1877 πάντα
392 1849 455 1885 ἔθνη
471 1850 562 1882 ἔλαϐε,
587 1850 633 1876 καὶ
650 1850 684 1877 τὰ
704 1849 801 1877 εἴδωλα
824 1850 913 1876 αὐτῶν

122 1897 282 1932 συνέτριψεν
292 1906 299 1912 ·
318 1898 342 1924 οἱ
356 1897 384 1924 δὲ
401 1897 454 1924 υἱοὶ
467 1897 575 1932 Ἰσραὴλ
588 1896 774 1931 ἠσφαλίσαντο
788 1897 912 1928 ἑαυτοὺς,

121 1945 169 1972 καὶ
183 1945 233 1980 οὐχ
254 1945 412 1979 ὑπήκουσαν
429 1943 468 1978 τῷ
485 1942 644 1978 Ὀλοφέρνῃ,
660 1941 722 1968 οὕτε
742 1942 914 1977 ὲψοὸήθησαν

121 1990 205 2016 αὑτοῦ
217 1990 265 2025 τὴν
281 1989 406 2025 ἀπειλήν.
420 1989 449 2016 Ὀ
461 1989 550 2015 τοίνυν
566 1989 656 2023 ἱερεὺς
671 1987 799 2022 Ἰωακεὶμ
811 1987 913 2023 ἔγραψε

121 2038 177 2068 τοῖς
194 2037 224 2062 ὲν
237 2035 371 2071 Βετυλούᾳ
383 2034 483 2071 φράξαι
496 2034 546 2069 τὴν
558 2033 616 2060 ὁδὸν
633 2033 804 2068 ὐλοιρέρνου,
820 2033 913 2068 ἐπειδὴ

123 2083 228 2109 ἐκεῖθεν
249 2080 283 2118 ἦν
297 2081 379 2108 αὐτοῦ
402 2082 418 2116 ὴ
435 2081 504 2112 ὁδός.
528 2080 583 2106 Καὶ
603 2079 730 2115 ἔφραξεν.
756 2079 810 2105 Καὶ⁴
831 2079 846 2104 ὁ
866 2079 914 2114 μὲν

129 2128 293 2164 ὀλοφέρνης
312 2127 498 2163 παρετάσσετο
519 2127 559 2157 εἰς
581 2125 714 2160 πόλεμον·
734 2124 833 2160 Ἀχιὼρ
850 2124 879 2151 δὲ
901 2125 915 2151 ὁ

123 2174 276 2210 ἡγούμενος
291 2173 346 2199 τῶν
365 2172 429 2199 υἱῶν
445 2171 559 2207 Ἀμμὼν
577 2169 769 2197 συνεϐούλευσε
785 2170 824 2210 τῷ
842 2170 915 2197 Ὀλο-

235 2219 273 2255 μὴ
287 2219 416 2254 πολεμεῖν
436 2206 483 2253 τῷν
495 2216 567 2244 ἔθνει
589 2216 642 2243 τῶν
662 2206 804 2253 Ἐὃραίων,
822 2216 866 2243 διὰ
885 2216 915 2243 τὸ

963 1620 1017 1648 que
1032 1611 1134 1638 auxilia
1149 1609 1275 1645 petierat.
1289 1606 1358 1634 Cum
1373 1613 1438 1632 vero
1456 1611 1536 1631 nemo
1554 1602 1684 1629 auxilium
1698 1601 1751 1628 mi-

964 1659 1057 1690 sisset,
1069 1656 1117 1684 sed
1126 1655 1283 1683 renuisscnt
1295 1660 1401 1683 omnes,
1417 1654 1593 1686 posteaquam
1608 1649 1751 1676 victoriam

963 1707 1038 1733 esset
1051 1705 1207 1733 assecutus,
1222 1704 1249 1728 et
1263 1698 1409 1735 Arphaxad
1428 1697 1498 1725 bello
1510 1690 1678 1731 superasset,
1695 1695 1752 1722 b31-

964 1750 1020 1777 lum
1036 1748 1128 1776 intulit
1142 1747 1191 1779 iis,”
1204 1746 1250 1781 qui
1272 1745 1340 1773 nihil
1355 1743 1449 1771 auxilii
1467 1742 1609 1773 miserant,
1624 1740 1752 1775 misitque

964 1795 1164 1831 Iiolophernem
1179 1793 1324 1820 adversum
1340 1798 1388 1818 eos
1409 1797 1471 1816 cum
1490 1794 1589 1822 magno
1617 1786 1750 1814 exercitu.

964 1842 1015 1870 Hie
1031 1841 1098 1869 alias
1109 1839 1218 1875 quidem
1232 1841 1326 1873 gentes
1342 1843 1438 1862 omnes
1459 1833 1530 1861 bello
1545 1832 1627 1867 cepit,
1643 1835 1670 1858 et
1681 1830 1751 1857 idola

969 1890 1090 1924 ipsarum
1111 1885 1256 1920 confregit.
1274 1883 1403 1911 Israelita:
1418 1889 1482 1908 vero
1498 1887 1559 1908 sese
1581 1877 1752 1906 communie-

964 1923 1040 1965 runt,
1058 1941 1108 1961 nec
1130 1930 1297 1967 llolopherui
1316 1928 1452 1960 obsecuti,
1474 1934 1563 1963 neque
1583 1924 1665 1952 minis
1678 1923 1752 1950 illitis

964 1979 1103 2017 perterriti
1127 1983 1201 2006 sunt.
1233 1975 1351 2010 Scripsit
1377 1974 1469 2008 itaque
1496 1971 1625 2000 sacerdos
1646 1968 1752 1997 Joaltim

965 2026 1072 2054 civibus
1085 2025 1233 2059 Bethulym,
1252 2027 1283 2050 ut
1298 2022 1369 2049 viam
1382 2018 1550 2054 Ilolopherni
1565 2017 1751 2045 obstruercul,

965 2073 1054 2100 istbac
1067 2072 1140 2099 enim
1164 2071 1216 2098 iter
1233 2069 1355 2096 facturus
1372 2072 1440 2095 erat.
1455 2066 1495 2093 llli
1514 2070 1602 2092 autem
1617 2063 1688 2089 viam
1704 2061 1752 2088 ob—

966 2122 1137 2148 struxerunt.
1158 2116 1346 2151 Holophernes
1368 2114 1450 2148 igitur
1469 2112 1555 2138 aciem
1573 2108 1702 2136 instruxit
1718 2107 1753 2133 ad

965 2173 1096 2202 pugnam.
1109 2163 1211 2191 Achior
1228 2169 1293 2189 vero
1305 2160 1433 2196 princeps
1450 2156 1667 2184 Ammonitarum
1688 2160 1754 2179 con-

967 2197 1058 2240 silium
1074 2209 1150 2238 dedit
1168 2206 1346 2242 llolopherui,
1367 2212 1401 2231 ne
1417 2203 1490 2238 genti
1508 2200 1682 2228 llcbrzeorum
1694 2197 1753 2224 hel-

125 2243 322 2303 ιῖπὲραστζίξειν
335 2243 424 2292 αίιτῶν
496 2263 573 2290 Θεόν.
589 2263 643 2290 Καὶ
657 2243 824 2298 ὀργίσθεὶςό
842 2262 914 2289 Ὀλο-

968 2260 1024 2286 lum
1042 2257 1167 2287 inferret,
1181 2254 1255 2290 quod
1271 2252 1309 2280 illi
1325 2259 1340 2278 a
1357 2250 1412 2277 Deo
1425 2250 1641 2284 protegerentur.
1656 2243 1702 2270 llle
1713 2243 1755 2270 in-

125 2312 226 2348 φέρνης
247 2311 406 2339 ἀπέστειλεν
425 2309 508 2337 αὑτὸν
524 2310 564 2341 εἰς
589 2309 749 2340 Βετυλούαν,
766 2308 915 2344 ἀπειλήσας

125 2349 395 2394 ἀναιρήσεινάῡτὺν,
418 2357 443 2383 sl.
463 2356 633 2392 περιγένοιτο
652 2355 705 2382 τῶν
723 2355 864 2391 Ἐὕραίων.
887 2354 916 2382 '0

127 2405 175 2440 μὲν
192 2403 240 2432 οὖν
259 2404 360 2439 Ἀχιὼρ
375 2402 409 2438 ἦν
432 2405 461 2430 ὲν
478 2405 511 2439 τῇ
535 2402 670 2438 Βετυλούᾳ
695 2401 914 2438 ἀναπαυόμενος·

125 2453 141 2480 ό
152 2451 182 2479 δὲ
194 2451 357 2486 Ὀλοῳέρνης
374 2449 528 2485 ἐπολιόρκει
540 2449 589 2484 τὴν
601 2448 687 2480 πόλιν,
702 2447 916 2484 προκαταλαϐὼν

125 2497 160 2524 τὰ
177 2496 271 2526 ὕδατα.
289 2496 356 2531 Ἤδη
373 2495 401 2522 δὲ
414 2494 541 2522 τοῦ-λαοῦ
556 2493 713 2525 ἐκλυθέντος
726 2493 771 2520 διὰ
785 2494 815 2520 τὸ
829 2493 916 2527 δίψος,

127 2543 174 2570 καὶ
202 2541 353 2578 μελλόντων
376 2541 502 2568 ἐκδοῦναι
523 2541 572 2576 τὴν
592 2539 669 2567 πόλιν
689 2539 745 2566 τῶν
767 2539 916 2575 ἀρχόντων,

125 2591 143 2625 ὴ
167 2588 274 2621 Ἰουὸὶθ,
301 2587 477 2615 ἀποϐαλοῦσα
511 2587 546 2614 τὰ
567 2586 618 2621 τῆς
641 2585 798 2621 χηρεύσεως
824 2585 918 2620 ἱμάτια

127 2635 247 2670 (ἐπένθει
264 2633 319 2670 γὰρ
331 2634 377 2660 τὸν
396 2633 491 2669 ἄνδρα,
509 2632 556 2660 καὶ
570 2632 602 2659 δι’
619 2631 680 2658 ὅλου
695 2631 791 2666 ἔμενεν
810 2630 919 2666 νηστεύ-

126 2681 220 2715 ουσα),
245 2681 399 2716 ἐκόσμησεν
419 2680 517 2714 ὲαυτὴν
543 2678 581 2710 ὡς
610 2678 735 2713 νύμφην·
761 2678 809 2704 καὶ
834 2676 918 2703 πολλὰ

128 2726 343 2763 παρακαλέσασα
358 2725 422 2757 τοὺς
436 2726 580 2761 ἄρχοντας,
597 2724 668 2750 ὥστε
684 2723 721 2759 μὴ
734 2723 858 2750 ὲκδοῦναι
869 2723 918 2758 τὴν

128 2774 204 2801 πόλιν
219 2774 298 2809 ἄχρις
314 2771 425 2808 ἡμερῶν
441 2775 472 2804 ε’,
489 2771 602 2807 ἐξῆλθεν
619 2770 688 2805 αὐτὴ
705 2770 771 2804 πρὸς
784 2769 830 2796 τὸν
847 2769 920 2796 Ὀλο-

128 2819 242 2856 φέρνην,
261 2820 309 2846 καὶ
323 2821 357 2855 τῇ
382 2819 463 2854 σοφίᾳ
482 2817 568 2852 αὐτῆς
586 2817 751 2853 ἀπατήσασα
771 2815 861 2846 αὑτὸν,
885 2816 917 2850 τῇ

968 2307 1100 2342 dignatus
1116 2302 1192 2331 misit
1207 2308 1271 2328 eum
1284 2297 1453 2329 Betltuliam,
1468 2294 1607 2322 interitum
1624 2291 1662 2318 illi
1679 2297 1755 2317 com-

968 2337 1100 2382 minatus,
1118 2350 1141 2377 si
1157 2348 1268 2384 quando
1289 2346 1419 2374 Hebraeos
1434 2343 1564 2370 vinceret.
1581 2338 1682 2366 Achior
1702 2337 1755 2363 ita-

968 2407 1022 2434 que
1033 2383 1172 2432 Bethulyai
1190 2393 1347 2430 quiescebat
1363 2401 1368 2419 :
1381 2389 1566 2424 llolophernes
1579 2393 1644 2413 vero
1658 2383 1755 2411 civita—

970 2433 1025 2473 tem
1049 2443 1203 2474 obsidebat,
1223 2444 1251 2468 et
1274 2440 1330 2474 jam
1359 2444 1446 2472 aquas
1469 2435 1544 2462 illius
1563 2433 1755 2466 occupaverat.

968 2493 1036 2520 Cum
1051 2490 1097 2518 siti
1116 2490 1172 2525 jam
1192 2486 1394 2523 periclitaretur
1417 2481 1545 2516 populus,
1570 2483 1597 2507 et
1618 2477 1757 2525 principes

967 2537 1103 2566 civitatem
1116 2522 1243 2561 tradituri
1258 2535 1359 2560 essent,
1374 2526 1479 2557 Iudith,
1491 2524 1623 2560 depositis
1639 2522 1757 2549 viduita-

968 2583 1004 2610 tis
1020 2581 1140 2609 vestibus
1166 2577 1307 2612 (maritum
1335 2575 1407 2602 enim
1428 2577 1567 2599 mortuum
1593 2569 1713 2604 lugebat,
1730 2571 1758 2595 et

969 2626 1092 2663 quotidie
1107 2622 1272 2660 jejunabat),
1289 2621 1407 2655 seipsam
1418 2618 1505 2659 instar
1516 2623 1624 2651 sponsae
1637 2613 1756 2645 ornavit,

1009 2673 1101 2700 multis
1115 2671 1259 2698 adhortata
1273 2667 1407 2703 primores
1418 2664 1549 2693 civitatis,
1562 2670 1596 2689 ne
1606 2661 1756 2692 civitatem,

969 2719 1092 2753 adusque
1103 2716 1224 2752 quinque
1239 2713 1298 2740 dies
1313 2711 1385 2738 hosti
1398 2709 1547 2741 traderent,
1562 2707 1594 2734 ad
1608 2705 1758 2741 llolopher-

970 2774 1032 2795 nem
1047 2751 1157 2801 egressa
1170 2765 1224 2794 est,
1241 2764 1268 2789 et
1285 2767 1348 2787 cum
1368 2765 1418 2785 sua
1438 2756 1513 2784 illum
1528 2754 1662 2790 sapientia
1676 2751 1757 2779 dece-

971 2798 1163 2848 pisset,'tertia
1180 2811 1243 2844 post
1262 2807 1316 2838 die,
1337 2802 1528 2840 ignorantibus
1543 2801 1596 2828 hoc
1614 2799 1688 2826 illius
1706 2798 1757 2825 mr-

150 2897 205 2934 (20)
216 2896 246 2926 In
262 2897 330 2927 festo
346 2896 458 2926 Phurim
472 2896 559 2924 Aman
572 2895 745 2924 comburitur
767 2901 780 2921 a
792 2893 906 2921 Judzeis.
929 2891 994 2919 Vide
1011 2891 1037 2919 in
1052 2889 1119 2918 Cod.
1137 2886 1329 2916 Theodosiano
1343 2885 1397 2921 leg.
1417 2881 1462 2916 18,
1483 2881 1515 2909 de
1529 2879 1639 2909 Iudaeis.
