1929 3056
183 155 233 180 δτι

749 149 778 178 S.
799 149 1030 177 ATHANASIUS.
1051 164 1086 170 —
1106 148 1214 177 DUBIA.

1747 147 1809 175 571

184 211 287 242 litibus,
306 218 366 238 eum
392 212 481 246 capite
501 211 650 238 truncavit.
669 206 728 243 Quo
748 210 820 237 facto
839 210 964 245 fugerunt

1017 209 1095 245 τρίτῃ
1115 209 1206 244 ἡμέρᾳ
1225 205 1423 242 ἂπεκειᾷᾶλὶιςεν
1448 206 1539 238 αὑτὸν,
1563 205 1728 240 ἀγνοούντων
1746 205 1811 233 τῶν

183 257 312 292 Assyrii:
329 256 456 283 Israelita:
477 264 541 284 vero
564 256 746 291 undequaque
770 259 965 284 concurrentes

182 303 311 338 Assyrios
328 302 512 329 trucidarunt.
536 302 624 337 Atque
644 302 680 328 ita
702 301 809 328 liberati
825 306 899 332 sunt.
917 301 965 328 ho-

182 349 319 383 stiumque
335 348 429 383 spoliis
444 348 569 383 direptis,
587 348 682 375 Judith
697 355 866 383 qmecunque
883 346 965 373 Holo-

187 395 297 429 phernis
314 395 422 422 fuerant
437 395 618 422 tradiderunt.
633 393 693 429 ipsa
704 402 768 422 vero
779 394 871 421 Judith
887 393 965 420 Jero-

182 441 316 476 solymam
331 440 454 476 profecta
471 441 561 467 omnia
581 440 679 467 obtulit
703 439 831 471 Domino,
849 440 965 474 indeque

182 486 292 513 domum
308 494 434 517 reversa,
455 486 525 513 idern
540 486 648 520 pietatis
664 486 824 513 exercitium
841 486 963 517 retinuit,

187 536 214 559 et
228 532 262 559 ad
279 537 392 559 mortem
412 540 497 567 usque
513 532 592 559 vidua
609 532 757 568 permansit
776 541 783 558 :
800 540 878 560 nemo
891 533 964 560 enim

182 578 220 605 illi
240 578 350 612 nuptias
367 578 530 613 persuadere
551 579 648 612 potuit.
676 578 779 605 Mortua
801 583 841 605 est
862 582 963 609 autem,

180 629 324 658 postquam
340 625 367 650 in
381 624 510 651 viduitate
523 624 634 652 honeste
647 624 768 656 vixisset,
784 624 871 652 aetatis
892 631 964 651 anno

181 671 330 698 centesimo
341 671 445 705 quinto.

477 726 555 753 Liber
569 726 654 754 Tobit.

214 772 258 800 44.
273 771 330 800 Hoc
346 773 455 801 nomine
468 777 581 800 vocatur
593 773 637 800 hic
653 773 731 805 liber,
744 773 808 808 quia
823 773 963 801 historiam

180 817 261 845 Tobit
275 818 410 845 continet.
428 818 494 845 Erat
514 822 605 846 autent
625 819 669 845 hic
686 819 719 846 de
736 818 809 846 tribu
825 818 963 853 Nephtha-

180 863 239 896 lim,
255 864 282 891 in
291 864 531 901 captivitatemque
546 864 680 892 adductus
693 865 808 899 degebat
818 865 845 892 in
854 861 963 893 eivitate

178 909 286 942 Ninivc,
298 910 455 938 misericors
467 914 493 938 et
507 911 662 946 religiosus.
674 910 778 937 Etenim
789 918 852 938 cum
870 911 895 937 in
905 918 965 946 cap-

179 955 283 983 tivitate
290 959 372 987 esset,
381 963 553 984 communem
566 964 662 991 panem
676 964 708 983 ex
719 956 846 992 gentibus
857 964 912 984 non
921 965 964 984 eo-

177 1002 274 1034 medit,
292 1002 340 1030 sed
358 994 480 1037 seipsuni
492 1003 650 1030 custodivit.
664 1002 728 1029 Erat
746 1007 836 1030 autem
850 1011 965 1030 annona:

182 1048 328 1082 praefectus
347 1049 418 1083 apud
440 1056 529 1083 regem
553 1048 765 1080 Enemesarum,
788 1052 815 1076 et
838 1049 966 1084 deposuit

178 1093 252 1128 apud
268 1093 425 1121 Gamaelum
448 1094 475 1120 in
491 1094 579 1121 Media
603 1094 696 1121 decem
717 1094 826 1121 talenta.
845 1093 891 1122 Isti
911 1094 965 1121 To-

177 1139 230 1166 biae
255 1139 376 1167 studium
395 1143 454 1167 erat
477 1139 625 1174 sepeliendi
649 1144 773 1167 mortuos
797 1148 830 1167 ex
851 1139 962 1167 Iudaeis.

178 1185 266 1220 Hujus
281 1185 369 1220 gratia
384 1184 492 1212 delatus
507 1184 541 1213 ad
554 1193 644 1219 regem
653 1184 819 1217 Achirelem,
836 1184 899 1220 fuga
912 1185 964 1212 sibi

178 1231 306 1259 consulit.
324 1230 530 1266 Regressusque
546 1239 561 1258 e
587 1230 659 1266 fuga,
675 1239 737 1258 cum
754 1235 891 1258 mortuum
915 1232 963 1258 ali-

178 1285 258 1313 quem
280 1277 431 1313 sepelisset,
452 1281 529 1304 extra
547 1285 640 1305 muros
664 1277 839 1309 obdormivit,
855 1282 882 1304 et
900 1285 962 1304 cum

177 1333 227 1360 pro
248 1332 324 1352 more
341 1332 392 1352 suo
408 1329 517 1359 apertos
539 1324 652 1351 haberet
676 1324 749 1351 inter
772 1324 963 1352 dormiendum

177 1370 284 1403 oculos,
313 1370 468 1406 albuginem
496 1370 550 1398 illis
577 1370 724 1402 contraxit,
751 1378 801 1398 nec
828 1370 898 1397 ultra
923 1371 964 1398 vi-

178 1415 268 1443 debat.
295 1416 371 1451 131
400 1415 465 1442 Erat
494 1420 583 1442 autem
600 1415 746 1443 Ecbatanis
764 1415 817 1442 lilia
836 1415 964 1452 Raguelis

178 1461 287 1496 cognati
304 1461 400 1496 ipsius,
418 1462 527 1489 nomine
544 1461 622 1488 Sara.
642 1461 718 1489 Hanc
739 1462 844 1489 daemon
867 1463 963 1489 ASIllO-

177 1508 253 1535 diuus
265 1516 319 1535 non
335 1507 507 1543 permittebat
519 1509 548 1534 ut
562 1508 705 1542 quisquam
719 1515 829 1534 uxorem
841 1507 962 1534 haberet.

1017 254 1190 289 στρατιωτῶν
1214 254 1306 281 αὑτοῦ.
1323 254 1377 280 Καὶ
1395 252 1465 279 οὕτω
1482 252 1573 279 λοιπὸν
1594 253 1619 278 οι
1642 251 1690 286 μὲν
1709 250 1811 278 Ἀσσύσ

1018 309 1068 337 ριοι
1092 300 1200 334 ἔφυγον,
1216 301 1240 326 οἱ
1257 300 1284 326 δὲ
1301 300 1354 326 υἱοὶ
1373 299 1480 334 Ἰσραὴλ
1504 297 1671 332 πανταχόθεν
1689 297 1810 332 συνδρα-

1018 347 1122 381 μόντες,
1138 345 1290 380 κατέκοψαν
1305 346 1367 376 τοὺς
1379 344 1546 380 Ἀσσυρίους.
1562 342 1640 369 Οὕτω
1656 342 1684 368 δὲ
1700 342 1807 369 σωθέν-

1014 400 1070 422 τες,
1089 392 1136 417 καὶ
1151 391 1346 422 σκυλεύσαντες
1366 391 1428 421 τοὺς
1448 389 1602 424 πολεμίους,
1620 387 1750 414 δεδώκασι
1768 389 1805 422 τῇ

1022 437 1113 463 Ἰουδὶθ
1131 437 1218 463 πάντα
1232 435 1266 462 τὰ
1277 436 1322 462 τοῦ
1338 436 1507 471 Ὀλοφέρνου.
1525 435 1597 470 Αὐτὴ
1616 435 1643 461 δὲ
1659 436 1675 470 ὴ
1697 435 1806 465 Ἰουδὶθ,

1016 483 1168 510 ἀπελθοῦσα
1187 484 1226 514 είς
1241 482 1289 518 τήν
1314 482 1501 518 Ἰερουσαλὴμ,
1527 481 1641 517 ἀνέθηκε
1659 482 1748 508 πάντα
1762 480 1808 516 τῷ

1015 529 1120 564 Κυρίῳ,
1140 529 1186 555 καὶ
1206 528 1398 564 ὑποστρέψασα
1418 529 1457 560 εἰς
1476 528 1522 554 τὸν
1538 526 1610 555 οἷκον
1629 529 1737 563 ἑαυτῆς,
1752 528 1808 562 τὴν

1015 575 1097 610 αὐτὴν
1118 572 1189 609 εἶχεν
1212 575 1338 609 ἄσκησιν,
1365 575 1413 601 καὶ
1439 574 1572 609 διέμεινεν
1603 574 1654 606 ἕως
1684 574 1809 600 θανάτου

1015 622 1097 656 χήρα,
1119 621 1230 656 μηδενὸς
1251 621 1335 656 αὐτὴν
1358 619 1513 655 ἰσχύσαντος
1532 622 1623 646 πεῖσαι
1642 621 1681 652 εἰς
1702 620 1806 655 γάμον,

1015 668 1062 695 καὶ
1078 667 1205 700 ἀπέθανε,
1222 667 1327 702 ζήσασα
1345 666 1434 698 καλῶς
1448 668 1476 693 ἐν
1490 667 1522 702 τῇ
1541 666 1650 702 χηρείᾳ,
1664 665 1732 693 ὲτῶν
1748 669 1805 701 ρε’.

1286 723 1409 749 Βιϐλίον
1426 723 1524 749 Τωϐίτ.

1049 769 1093 796 44.
1113 768 1288 803 Ὀνομάζεται
1304 768 1390 800 οὓτως
1409 768 1438 795 τὸ
1457 768 1567 803 βιὸλίον,
1581 768 1673 803 ἐπειδὴ
1692 768 1739 795 καὶ
1752 768 1806 804 τὴν

1014 815 1078 851 περὶ
1091 814 1172 842 αὑτοῦ
1188 814 1235 841 τοῦ
1251 814 1341 841 Tuam“:
1360 814 1479 850 ίστορίαν
1494 814 1624 850 περιέχει.
1637 812 1691 841 Ἦν
1707 814 1734 841 δὲ
1755 812 1806 842 οὗ-

1014 869 1058 892 τος
1077 861 1136 894 ,ἀπὸ
1161 861 1210 896 μὲν
1233 860 1319 896 φυλῆς
1345 859 1517 894 Νεφθαλείμ·
1542 860 1636 893 γέγονε
1663 859 1690 886 δὲ
1719 861 1747 886 ἐν
1768 862 1804 895 τῇ

1014 906 1196 942 αἰχμαλωσίᾳ,
1210 906 1255 932 καὶ
1266 903 1299 941 ἦν
1315 907 1343 931 ὲν
1354 907 1386 941 τῇ
1399 904 1501 937 Νινευῖ,
1520 904 1641 940 ἐλεήμων
1655 906 1700 931 καὶ
1712 904 1807 931 θεοσε-

1014 952 1074 987 ϐὴς.
1090 951 1144 978 Καὶ
1154 952 1208 987 γὰρ
1221 953 1249 978 ἐν
1264 952 1297 987 τῇ
1313 951 1484 987 αίχμαλωσίᾳ
1498 951 1651 986 γενόμενος,
1663 951 1713 977 οὐκ
1724 951 1806 986 ἤσθιε

1013 999 1101 1025 κοινὸν
1117 998 1196 1034 ἄρτον
1213 998 1266 1024 ἀπὸ
1282 998 1334 1024 τῶν
1350 997 1443 1029 ἐθνῶν,
1459 998 1526 1024 ἀλλὰ
1537 998 1632 1024 ἑαυτὸν
1648 999 1804 1034 συνετήρει.

1013 1042 1067 1070 Ἦν
1089 1044 1117 1071 δὲ
1136 1044 1182 1070 καὶ
1204 1044 1412 1079 προαγοραστὴς
1435 1043 1482 1070 τοῦ
1506 1043 1637 1078 βασιλέως
1656 1045 1806 1079 Ἐνεμειτά-

1015 1100 1072 1127 pou,
1094 1091 1141 1117 καὶ
1158 1091 1289 1126 παρέθετο
1313 1092 1342 1117 ἐν
1368 1092 1400 1126 τῇ
1420 1091 1510 1126 Μηδία
1529 1091 1664 1126 Γαμαήλῳ
1683 1091 1804 1119 τάλαντα

1013 1137 1088 1163 δέκα.
1102 1134 1182 1168 Οὗτος
1195 1137 1208 1162 ὁ
1225 1135 1313 1162 Τωϐὶτ
1331 1136 1446 1171 σπουδὴν
1459 1134 1515 1171 εἶχε
1528 1135 1641 1163 θάπτειν
1657 1138 1720 1169 τοὺς
1734 1138 1805 1164 ἀπο-

1013 1181 1177 1216 θνήσκοντας
1189 1180 1242 1207 τῶν
1263 1180 1407 1207 Ἰουδαίων.
1419 1181 1578 1216 Διαϐληθεὶς
1595 1181 1624 1207 δὲ
1638 1182 1677 1216 τῷ
1697 1182 1805 1217 βασιλεῖ

1020 1227 1139 1263 Ἀχιρὴλ,
1153 1227 1247 1261 ἔφυγε,
1260 1227 1306 1254 καὶ
1328 1227 1481 1253 ἐπανελθὼν
1501 1228 1548 1254 καὶ
1568 1227 1655 1262 θάψας
1674 1228 1734 1255 τινὰ
1747 1228 1804 1254 τῶν

1013 1274 1211 1305 ἀποθανόντων,
1235 1274 1370 1309 ἐκοιμήθη
1393 1273 1445 1307 ἔξω
1472 1273 1518 1300 τοῦ
1542 1274 1657 1310 τείχους,
1685 1275 1742 1306 καὶ,
1762 1275 1803 1306 ὡς

1013 1319 1117 1352 εἴωθεν,
1145 1320 1173 1346 ὲν
1198 1319 1238 1355 τῷ
1263 1319 1410 1355 κοιμᾶσθαι
1429 1320 1619 1355 ἀνεῳγμένους
1644 1321 1712 1356 ἔχων
1739 1321 1805 1352 τοὺς

1013 1366 1167 1401 ὀφθαλμοὺς
1183 1366 1449 1401 αὑτοῦ,λευκώματα
1461 1366 1533 1401 ἔσχε,
1548 1367 1596 1394 καὶ
1611 1367 1660 1393 οὐκ
1674 1367 1713 1393 ἔτι
1727 1367 1805 1394 ἔϐλε-

1013 1420 1073 1438 πεν.
1094 1409 1148 1438 Ἦν
1173 1412 1201 1438 δὲ
1226 1412 1273 1438 καὶ
1286 1411 1314 1438 ἑν
1339 1412 1513 1444 Ἐκϐατάνοις
1537 1412 1659 1448 θυγάτηρ
1671 1412 1718 1438 τοῦ
1737 1413 1803 1439 Ῥα-

1013 1457 1097 1494 γουὴλ
1124 1457 1271 1492 συγγενοῦς
1298 1457 1391 1490 αὑτοῦ,
1423 1458 1516 1493 Σάρρα
1539 1458 1663 1492 ὀνόματι.
1694 1458 1804 1493 Ταύτην

1013 1504 1170 1540 γαμηθῆναι
1195 1505 1245 1531 οὐκ
1272 1504 1448 1540 ἐπέτρεπενό
1475 1504 1578 1540 δαίμων
1595 1506 1609 1531 ό
1633 1505 1801 1540 Ἀσμοδαῖος.

177 1552 322 1581 Occiderat
351 1554 424 1581 enim
450 1553 506 1588 jam
534 1553 711 1588 septem,qui
739 1553 812 1580 illam
834 1561 962 1588 sponsam

1021 1549 1108 1576 Ἑπτὰ
1137 1549 1200 1584 γοῦν
1229 1549 1293 1585 ἑξῆς
1308 1549 1439 1581 λαθόντας
1461 1549 1545 1585 αὐτὴν
1570 1550 1729 1577 ἀπέκτεινε·
1755 1552 1803 1578 καὶ

178 1602 349 1634 acceperant.
364 1598 479 1634 Propter
499 1599 570 1626 hanc
589 1606 700 1626 causam
715 1606 777 1626 cum
790 1599 964 1627 vehementer

177 1645 339 1673 contristata
349 1638 432 1679 esset,
444 1646 541 1677 oravit,
551 1645 681 1680 misitque
689 1645 727 1672 illi
739 1644 810 1673 Deus
819 1645 964 1672 auxiliato-

177 1698 234 1718 rem
263 1689 429 1725 Raphaelem
456 1691 659 1726 archangelum.
688 1691 768 1717 'l'obit
794 1691 876 1725 igitur
901 1699 963 1718 cum

177 1736 233 1764 ﬁlio
249 1743 300 1763 suo
314 1735 406 1764 Tobize
418 1737 585 1769 mandasset,
601 1744 635 1764 ne
647 1736 698 1763 sibi
715 1735 824 1763 aliunde
840 1744 963 1768 uxorem,

177 1789 259 1816 quam
280 1790 314 1809 ex
337 1782 408 1808 tribu
435 1785 462 1809 et
477 1782 639 1817 cognatione
657 1789 706 1809 sua
727 1785 856 1814 sumeret,
871 1782 965 1809 decem

178 1827 218 1853 illi
234 1827 398 1853 talentorum
414 1826 624 1862 chirographum
639 1826 722 1858 dedit,
734 1827 924 1862 praecepitque,
936 1830 966 1854 ut

177 1872 274 1904 abiret,
290 1876 317 1898 et
336 1875 438 1906 peteret
462 1879 504 1899 ea.
523 1872 608 1900 Filius
633 1876 734 1904 autem,
752 1879 813 1898 cum
829 1880 878 1900 nec
894 1873 964 1900 viam

177 1921 282 1949 nosset,
302 1925 352 1945 nec
366 1918 501 1945 hominem
516 1918 550 1944 ad
565 1925 646 1952 quem
658 1922 716 1945 erat
726 1918 964 1953 proﬁciscendum,

177 1971 304 1998 egressus
325 1969 367 1990 est
387 1967 416 1990 ut
440 1964 489 1991 vite
508 1964 559 1990 sibi
584 1964 688 1991 sociutn
706 1968 850 1998 quaereret,
868 1969 895 1991 et
918 1964 964 1992 Dei

177 2009 349 2045 providentia
374 2009 468 2036 incidit
493 2010 519 2036 in
535 2009 711 2044 Raphaelem,
727 2010 774 2045 qui
792 2010 909 2038 hominis
923 2011 965 2037 in-

179 2060 238 2083 star
253 2054 320 2082 foris
331 2055 432 2086 stabat,
449 2055 591 2090 pretioque
610 2055 685 2082 illum
698 2055 837 2088 conduxit,
850 2064 883 2084 eo
893 2057 965 2091 quod

178 2108 208 2129 se
234 2100 283 2127 viae
310 2100 392 2136 hujus
411 2108 526 2135 gnarum
548 2108 609 2128 esse
627 2101 901 2130 diceret.Comitatus
915 2103 966 2128 ita-

177 2154 230 2181 que
247 2146 324 2173 illum
337 2150 380 2173 est
393 2146 513 2181 Angelus
530 2146 557 2173 in
577 2147 668 2182 specie
681 2147 810 2178 hominis.
827 2148 874 2182 qui
889 2148 964 2174 "Ala-

177 2192 233 2219 rias
247 2191 394 2219 diceretur.
412 2191 479 2218 Cum
500 2195 590 2218 autem
607 2191 641 2218 ad
656 2191 793 2226 Tigridem
815 2201 900 2227 usque
914 2192 965 2219 llu-

1015 1600 1084 1626 πάνυ
1097 1599 1270 1634 λυπηθεῖσαὴ
1283 1600 1357 1630 παῖς,
1372 1598 1482 1634 ηὔξατο,
1498 1599 1545 1625 καὶ
1561 1599 1717 1626 ἀπέστειλεν
1732 1599 1802 1634 αὐτῇ

1015 1646 1110 1681 βοηθὸν
1135 1646 1149 1671 δ
1170 1645 1245 1677 Θεὸς,
1269 1645 1315 1671 τὸν
1332 1644 1501 1680 ἀρχάγγελον
1522 1644 1652 1680 Tacet-(1)..
1671 1645 1700 1671 '0
1714 1645 1804 1671 τοίνυν

1015 1692 1115 1723 Τωϐὶτ,
1127 1691 1312 1726 παραγγείλας
1329 1691 1426 1726 τῷυἱῷ
1438 1691 1520 1717 αὑτοῦ
1540 1691 1642 1726 Τωϐία,
1660 1691 1696 1726 μὴ
1710 1690 1804 1718 λαόεῖν

1015 1737 1161 1772 ἀλλαχόθεν
1180 1738 1296 1771 γυναῖκα
1306 1737 1330 1763 εἰ
1349 1737 1385 1772 μὴ
1397 1738 1428 1763 ἐκ
1441 1737 1490 1772 τῆς
1502 1737 1588 1772 φυλῆς
1602 1736 1683 1763 αὑτοῦ
1701 1737 1746 1763 καὶ
1755 1736 1802 1763 τοῦ

1015 1784 1119 1818 γένους,
1144 1783 1250 1809 δίδωσιν
1267 1782 1341 1817 αὐτῷ
1368 1782 1399 1809 τὸ
1417 1783 1598 1818 χειρόγραφον
1609 1782 1663 1809 τῶν
1676 1783 1740 1809 δέκα
1757 1792 1804 1809 τα-

1015 1829 1128 1860 λάντων,
1137 1830 1184 1856 καὶ
1199 1829 1350 1856 ἐντέλλεται
1359 1829 1433 1864 αὐτῷ
1447 1829 1575 1855 ἀπελθεῖν
1585 1829 1631 1856 καὶ
1641 1830 1801 1865 ἀπαιτῆσαι.

1021 1874 1138 1908 Ἀγνοῶν
1152 1875 1180 1900 δὲ
1195 1875 1209 1900 ὀ
1221 1876 1285 1905 παῖς
1294 1874 1343 1909 τὴν
1357 1874 1415 1900 ὁδὸν
1433 1875 1480 1901 καὶ
1496 1874 1542 1901 τὸν
1562 1875 1714 1910 ἄνθρωπον,
1726 1875 1803 1911 ἐξέρ-

1015 1930 1091 1956 χεται
1108 1921 1222 1956 ζητῆσαι
1242 1920 1438 1956 συνοδοιπόρον,
1453 1921 1500 1947 καὶ
1513 1920 1579 1946 Θεοῦ
1601 1921 1713 1956 προνοίᾳ
1727 1921 1803 1956 εὑρί-

1016 1975 1076 1993 σκει
1091 1966 1135 1992 τὸν
1157 1966 1288 2000 Ῥαφαὴλ,
1304 1966 1341 1997 ὡς
1353 1966 1493 2001 ἄνθρωπον
1504 1966 1607 1993 ἑστῶτα
1618 1967 1679 1999 ἔξω,
1691 1967 1738 1993 καὶ
1758 1976 1804 2002 μι-

1016 2013 1125 2039 σθοῦται
1150 2013 1231 2038 αὐτὸν
1259 2012 1370 2046 λέγοντα
1387 2013 1484 2039 εἰδέναι
1510 2013 1558 2048 τὴν
1575 2013 1643 2039 ὀδόν.
1664 2013 1719 2039 Καὶ
1738 2022 1803 2040 συν-

1014 2058 1100 2084 οδεύει
1129 2057 1203 2092 αὐτῷ
1229 2059 1244 2084 ὁ
1266 2057 1390 2091 ἄγγελος,
1420 2057 1458 2088 ὡς
1476 2057 1633 2093 ἄνθρωπος,
1658 2057 1803 2093 λεγόμενος

1022 2103 1160 2139 Ἀζαρίας.
1184 2103 1329 2130 Ἐλθόντων
1344 2103 1373 2129 δὲ
1390 2103 1479 2129 αὐτῶν
1494 2104 1533 2135 είς
1550 2104 1595 2130 τὸν
1607 2104 1702 2139 Τίγριν
1718 2113 1802 2131 ποτα-

1017 2148 1077 2184 μὸν,
1093 2149 1225 2184 ἠθέλησεν
1245 2149 1260 2175 ὁ
1283 2150 1347 2180 παῖς
1362 2149 1402 2180 εἰς
1415 2149 1495 2175 αὑτὸν
1510 2149 1660 2184 καταϐῆναι
1677 2149 1724 2176 καὶ
1741 2149 1802 2176 λού-

1016 2195 1124 2226 σασθαι,
1141 2195 1187 2221 καὶ
1199 2194 1278 2226 εὐθὺς
1293 2194 1367 2230 ἰχθὺς
1382 2195 1536 2230 ὲπεπήδησε
1554 2195 1592 2230 τῷ
1604 2196 1738 2231 παιδαρίῳ
1756 2197 1803 2231 μὲ-

176 2238 251 2265 vium
271 2238 470 2273 pervenissent,
485 2237 592 2265 volebat
609 2237 709 2265 Tobias
734 2238 761 2264 in
786 2238 834 2266 illo
857 2237 964 2266 lavandi

1019 2248 1079 2274 γας.
1106 2240 1134 2266 '0
1159 2239 1188 2266 δὲ
1213 2239 1327 2274 ἄγγελος
1352 2237 1427 2266 εἶπεν
1450 2240 1524 2275 αὐτῷ
1555 2240 1730 2267 ἐπιλαϐέσθαι
1755 2241 1802 2268 τοῦ

177 2284 264 2317 gratia
291 2283 468 2316 descendere,
485 2287 512 2311 et
541 2291 604 2310 mox
629 2284 713 2319 piscis
736 2285 846 2319 quidam
868 2285 963 2320 ingens

177 2332 283 2359 insiluit
306 2332 334 2359 in
354 2339 479 2367 puerum.
499 2331 619 2367 Angelus
637 2340 701 2359 vero
716 2333 799 2366 jussit
816 2332 866 2364 illi,
880 2336 909 2359 ut
923 2333 963 2367 pi-

177 2385 252 2405 scem
283 2378 357 2405 hunc
385 2378 600 2413 apprehenderet
621 2378 687 2405 etin
709 2378 795 2405 frusta
809 2382 922 2410 secaret,
937 2382 964 2406 et

176 2423 250 2456 illius
273 2423 367 2458 hepar,
393 2430 441 2450 cor
455 2427 482 2450 et
496 2423 577 2451 bilem
607 2424 761 2451 desumeret
786 2428 813 2451 et
832 2427 962 2452 servaret.

177 2467 302 2503 Rogante
320 2473 414 2503 postea
441 2476 536 2504 puero,
549 2469 576 2495 in
604 2477 684 2504 quem
700 2470 745 2496 illa
759 2478 838 2496 nsunt
857 2470 962 2504 f0rent;

176 2513 318 2548 respondit
341 2524 347 2541 :
373 2513 461 2548 llepar
475 2518 502 2541 et
519 2521 566 2540 cor
580 2514 692 2542 incensa
710 2515 860 2542 darmonem
885 2515 964 2550 fuga-

176 2559 246 2585 bunt
261 2567 267 2585 :
285 2558 348 2586 bilis
364 2566 428 2585 vero
456 2559 597 2586 oculorum
616 2559 771 2594 albuginem
799 2560 963 2594 repurgabit.

177 2603 265 2638 llujus
281 2612 332 2639 ope
343 2609 369 2631 et
383 2605 500 2632 consilio
512 2604 612 2632 Tobias
632 2605 713 2631 [illam
729 2605 855 2639 Raguelis
869 2605 965 2631 Saram

176 2657 288 2677 uxorem
301 2650 389 2681 duxit,
408 2657 471 2677 cum
488 2650 534 2677 illo
553 2651 645 2678 sul‘litu
661 2651 810 2678 daemonem
833 2651 975 2686 fugasset,-

175 2695 271 2729 quiin
299 2695 488 2730 superioribus
516 2695 624 2730 Egypti
656 2697 778 2730 partibus
805 2697 839 2724 ab
863 2696 966 2731 Angelo

175 2741 276 2775 ligatus
287 2745 338 2768 est.
351 2741 419 2768 Dum
437 2745 529 2769 autetn
544 2749 606 2768 cum
620 2749 703 2768 uxore
720 2747 842 2770 maneret
853 2742 964 2773 Tobias,

176 2786 303 2813 Azariam
318 2790 446 2822 tanquam
464 2787 600 2814 hominem
612 2787 640 2813 in
652 2787 766 2815 Mediam
782 2788 875 2816 misit:
890 2796 966 2815 cum-

177 2840 231 2868 que
256 2840 304 2867 per
325 2833 402 2860 illum
419 2833 513 2860 decem
528 2833 629 2860 talenta
642 2834 800 2868 recepisset,
813 2834 845 2860 ad
862 2837 965 2868 patrem

178 2887 233 2910 una
250 2886 313 2908 cum
340 2878 386 2906 illo
401 2882 428 2907 et
448 2886 532 2907 uxore
554 2887 603 2908 sua
617 2887 744 2909 reversus
762 2885 813 2908 est.
831 2879 966 2908 Reversus

1016 2286 1116 2322 ἰχθύος,
1142 2286 1189 2313 καὶ
1217 2287 1309 2321 τεμεῖν
1335 2286 1426 2318 αὑτὸν,
1442 2286 1490 2313 καὶ
1503 2286 1595 2313 λαϐεῖν
1607 2287 1637 2313 τὸ
1655 2285 1740 2322 ἧπαρ,
1756 2288 1803 2314 καὶ

1014 2332 1062 2368 τὴν
1072 2332 1195 2368 καρδίαν,
1208 2332 1254 2358 καὶ
1269 2332 1318 2367 τὴν
1331 2332 1420 2367 χολὴν,
1440 2333 1486 2358 καὶ
1510 2333 1596 2360 ταῦτα
1611 2334 1716 2368 τηρεῖν.
1736 2331 1803 2360 Εἶτα

1015 2378 1216 2413 πυνθανομένου
1239 2378 1285 2404 τοῦ
1306 2377 1411 2409 παιδὸς,
1430 2378 1477 2409 Εἰς
1499 2378 1524 2404 τί
1554 2379 1677 2414 χρήσιμα
1696 2378 1800 2412 tat-ita;

1015 2424 1117 2455 ἐκεῖνος
1141 2423 1209 2458 ἔφη·
1226 2423 1262 2449 Τὸ
1287 2421 1363 2460 ἧπαρ
1390 2424 1438 2451 καὶ
1457 2425 1472 2460 ἡ
1491 2424 1599 2460 καρδία,
1631 2424 1801 2460 θυμιώμενα,

1014 2468 1103 2502 διώξει
1118 2469 1162 2496 τὸν
1178 2469 1306 2505 δαίμονα·
1324 2471 1339 2505 ή
1358 2470 1386 2496 δὲ
1400 2469 1463 2504 χολὴ
1476 2469 1619 2505 καθαρίσει
1645 2470 1678 2498 τὰ
1699 2469 1802 2496 λευκὼ-

1017 2523 1099 2550 ματα.
1109 2515 1137 2541 Ὀ
1148 2516 1196 2549 μὲν
1204 2513 1249 2542 οὖν
1257 2517 1320 2547 παῖς
1330 2515 1447 2552 [τούτου]
1460 2525 1491 2542 συ
1495 2516 1610 2551 μδοιολίᾳ
1619 2515 1665 2542 καὶ
1675 2516 1803 2552 συνεργίᾳ

1014 2560 1205 2596 λαμϐάνειτὴν
1214 2561 1261 2588 τοῦ
1280 2561 1414 2596 Ῥαγουὴλ
1426 2562 1562 2598 θυγατέρα
1576 2562 1624 2597 τὴν
1636 2562 1744 2597 Σάρραν
1756 2569 1802 2595 γυ-

1015 2607 1105 2639 ναῖκα,
1131 2606 1289 2641 διωχθέντος
1317 2607 1364 2634 τοῦ
1394 2608 1532 2643 δαιμονίου
1546 2609 1575 2634 ἐν
1596 2608 1636 2643 τῷ
1652 2607 1802 2642 θυμιάματι

1015 2651 1112 2684 τούτῳ,
1127 2652 1174 2678 καὶ
1187 2651 1308 2683 δεθέντος
1322 2653 1362 2683 εἰς
1380 2653 1414 2678 τὰ
1433 2652 1557 2688 ἀνώτερα
1577 2652 1647 2688 μέρη
1665 2652 1801 2687 Αίγύπτου

1016 2695 1067 2723 ὑπὸ
1095 2696 1142 2723 τοῦ
1172 2697 1299 2731 ἀγγέλου.
1327 2697 1430 2729 Μείνας
1449 2697 1477 2724 δὲ
1492 2697 1562 2732 μετὰ
1587 2699 1635 2733 τῆς
1648 2698 1775 2732 γυναικὸς
1788 2699 1802 2724 ὁ

1016 2741 1132 2774 Τωίὲίας,
1160 2743 1318 2769 ἀποστέλλει
1351 2743 1396 2769 τὸν
1431 2742 1568 2779 Ἀζαρίαν,
1600 2744 1638 2776 ὡς
1662 2743 1802 2778 ἄνθρωπον

1015 2787 1091 2820 ὄντα,
1108 2789 1148 2820 εἰς
1162 2788 1210 2824 τὴν
1218 2788 1333 2824 Μηδίαν,
1348 2790 1394 2816 καὶ
1407 2790 1562 2824 ἀπαιτήσας
1577 2791 1681 2821 ἐκεῖνος
1693 2788 1727 2815 τὰ
1738 2789 1801 2815 δέκα

1015 2833 1144 2867 τάλαντα,
1176 2835 1340 2871 ὑποστρέφει
1371 2835 1439 2870 μετὰ
1458 2835 1506 2870 τῆς
1519 2836 1646 2869 γυναικὸς
1659 2835 1705 2862 καὶ
1721 2834 1800 2862 αὑτοῦ

1018 2881 1085 2917 πρὸς
1112 2881 1156 2908 τὸν
1180 2882 1296 2918 πατέρα.
1321 2881 1509 2916 Ὑποστρέψας
1525 2881 1553 2909 δὲ
1570 2882 1584 2909 ὁ
1604 2883 1677 2914 παῖς.
1698 2880 1800 2911 ὲνγρίει
