1929 3056
112 178 169 207 575

649 172 815 202 SYNOPSIS
835 171 1041 200 SCRIPTUIUE
1061 171 1195 199 SACRAE.

1685 167 1736 194 576

110 240 146 274 τῇ
162 237 228 273 χολῇ
240 235 288 263 τοῦ
308 235 398 271 ἰχθύος
409 235 471 266 τοὺς
492 234 646 270 οφθαλμοὺς
664 233 711 260 τοῦ
726 233 838 268 πατρὸς,
856 232 898 259 καὶ

954 239 1019 259 vero
1035 239 1111 266 puer.
1134 231 1229 258 oculos
1257 232 1341 265 patris
1367 228 1428 255 felle
1449 227 1533 263 piscis
1554 211 1746 260 obliniit.quo'

111 282 316 310 ἀποπίπτουσιν
343 281 372 307 αι
399 279 516 311 λεπίδες,
540 279 586 306 καὶ
601 278 681 310 εὐθὺς
698 278 819 312 ἔϐλεψεν.
839 278 901 304 Ὅτε

113 329 165 364 μὲν
180 325 229 354 οὖν
241 325 381 361 ἐτυφλώθη
395 327 409 352 6
423 326 522 357 Τωϐὶτ,
536 323 570 360 ἦν
587 325 655 352 ἐτῶν
667 328 707 359 νη¹
720 333 726 338 ·
744 325 787 351 ὅτε
804 324 831 350 δὲ
856 324 903 350 ἀν-

112 372 227 407 έϐλεψεν
250 370 284 408 ἦν
298 371 366 398 ἐτῶν
381 371 434 404 ξς.
460 371 514 398 Καὶ
528 371 619 397 λοιπὸν
641 370 784 406 βλέψαντος
808 369 900 403 αὐτοῦ,

109 418 287 453 ἐφανέρωσεν
301 417 399 444 ἑαυτὸν
411 418 425 443 6
439 416 563 450 ἄγγελος,
582 416 622 442 ὅτι
634 416 683 443 οὒκ
697 415 841 450 ἄνθρωπος
855 413 899 450 ἧν,

109 464 181 491 ἀλλά
194 463 271 499 παρὰ
286 463 320 490 τὰ
345 462 392 489 τοῦ
413 462 479 489 Θεοῦ
503 462 644 497 ἀπεστάλη
661 463 700 493 εἰς
717 461 842 496 βοήθειαν
853 461 902 487 αὐ-

110 511 167 538 τῶν
181 519 213 536 τε
226 510 273 537 καὶ
286 510 335 545 τῆς
346 509 464 545 Σάρρας.
474 508 600 544 Γηράσας
611 507 638 534 δὲ
651 509 665 534 6
684 507 783 539 Τωϐὶτ,
795 508 902 542 παρήγ-

110 556 187 591 γειλε
204 556 242 592 τῷ
258 556 309 591 υἱῷ
323 555 407 582 αὐτοῦ
424 554 516 589 Τωϐία
536 553 662 580 ἀπελθεῖν
673 555 712 584 είς
723 553 771 588 τὴν
784 553 899 588 Μηδίαν,

110 602 157 629 διὰ
183 602 231 638 τὴν
259 601 391 636 ἐσομένην
405 599 596 635 καταστροφὴν
611 599 659 633 τῆς
674 597 767 624 Νινευῒ
788 597 858 624 κατὰ
871 597 901 624 τὸ

113 648 190 683 ῥῆμα
211 647 289 673 Ἰωνᾶ
303 645 350 672 τοῦ
374 645 524 680 προφήτου.
545 644 599 670 Καὶ
612 642 742 674 ἐκλιπὼν,
765 642 900 669 ἀπέθανεν

111 693 181 720 ἐτῶν
196 696 265 728 ρνη⁷.
289 693 318 718 Ὀ
332 691 361 718 δὲ
373 690 429 722 υίδς
439 689 520 717 αὐτοῦ
534 688 638 720 Τωϐίας
656 688 780 715 ἀπελθὼν
793 689 832 720 εἰς
851 687 900 722 τὴν

111 740 230 775 Μηδίαν,
263 739 309 765 καὶ
334 737 421 772 θάψας
450 737 513 767 τοὺς
541 734 690 770 πενθεροὺς
717 734 827 766 ἑαυτοῦ,
853 735 901 761 καὶ

110 785 233 817 ἀκούσας
249 784 313 820 περὶ
327 784 377 819 τῆς
386 781 575 818 καταστροφῆς
589 781 638 816 τῆς
647 779 750 811 Νινευῒ,
767 779 900 807 ἀπέθανεν

111 831 180 858 ἑτῶν
196 830 248 866 ρξ’.

279 894 401 921 Βιϐλιον
415 893 526 928 Σοφίας
539 892 740 927 Σολομῶντος.

148 940 193 968 65.
210 940 296 974 Σοφία
323 938 493 974 Σολομῶντος
510 937 630 965 καλεῖται
653 937 684 964 τὺ
706 936 816 972 βιϐλίον.
845 937 901 963 Καὶ

111 987 168 1022 γὰρ
181 986 228 1012 καὶ
243 984 332 1017 τοῦτο,
346 984 422 1019 φασὶ,
437 983 562 1020 Σολομῶν
579 985 652 1010 ἐστιν
668 984 682 1010 6
695 982 811 1019 γράψας.
824 983 901 1009 Ἐστι

111 1031 141 1058 δὲ
153 1031 181 1057 ἐν
200 1029 273 1065 αὐτῷ
286 1028 445 1056 διδασκαλία
457 1027 640 1062 δικαιοσύνης,
657 1027 704 1054 καὶ
719 1027 749 1053 τὺ
758 1025 900 1063 γνωρίζειν

109 1077 176 1109 τούς
201 1085 231 1103 τε
246 1075 364 1111 φαύλους
390 1075 490 1110 ἄνδρας
516 1075 563 1100 καὶ
586 1074 648 1105 τοὺς
667 1073 837 1104 σπουδαίους,
854 1073 900 1099 καὶ

109 1122 265 1159 προφητεία
282 1121 346 1157 περὶ
373 1120 491 1156 Χριστοῦ
504 1128 510 1135 ·
529 1119 577 1146 καὶ
593 1120 634 1146 ὅτι
652 1118 741 1154 πολλῷ
763 1118 837 1154 πόνῳ
853 1119 900 1145 καὶ

110 1168 188 1204 πόθῳ
200 1166 380 1202 κατορθοῦται
398 1166 478 1200 σοφία
489 1174 497 1181 ·
510 1165 551 1191 ἔτι
577 1165 605 1192 δὲ
619 1165 665 1192 καὶ
683 1164 840 1199 φυσιολογία
854 1173 900 1199 με-

112 1213 176 1248 ρική
189 1220 196 1226 ·
215 1211 262 1237 καὶ
279 1210 350 1237 κατά
366 1210 493 1242 εἰδώλων,
506 1210 554 1236 καὶ
576 1209 630 1236 τῶν
646 1209 716 1236 αὺτά
732 1209 898 1244 γλυφόντων,

111 1258 160 1285 καὶ
175 1259 204 1284 ἐν
213 1258 304 1288 αὐτοῖς
313 1255 486 1288 ἐλπιζόντων,
500 1255 547 1282 κα)⁹
558 1255 749 1291 λατρευόντων,
758 1255 805 1281 καὶ
818 1254 900 1290 ῦμνος

111 1303 161 1330 σὺν
178 1301 370 1337 ἐξομολογήσει
391 1301 446 1327 τῶν
465 1300 656 1335 γεγενημένων
681 1301 738 1332 τοῖς
763 1299 898 1335 Ἰσραηλί-

110 1357 172 1380 ταις
198 1347 356 1383 θαυμασίων
378 1345 493 1374 ἐνώπιον
518 1346 572 1373 τῶν
594 1345 699 1381 ἐχθρῶν
717 1345 806 1372 αὐτῶν
823 1345 899 1381 παρὰ

110 1395 158 1422 τοῦ
173 1394 251 1420 Θεοῦ.
276 1393 309 1420 Ἡ
336 1393 384 1428 μὲν
400 1390 445 1419 οὖν
461 1392 575 1428 περιοχὴ
591 1391 637 1418 τοῦ
655 1391 756 1425 βιϐλίου
781 1391 899 1418 τοιοῦτον

110 1439 166 1475 ἔχει
181 1439 227 1466 τὸν
244 1439 343 1474 τρόπον
353 1447 359 1454 ·
377 1439 393 1474 ἡ
410 1438 438 1464 δὲ
451 1437 686 1472 ἀνακεφαλαίωσίς
702 1438 775 1463 ἐστιν
794 1437 823 1463 ἐν
836 1436 898 1463 τού-

110 1494 175 1517 τοις.
195 1486 238 1512 Ἐν
258 1485 412 1521 προοιμίοις
432 1485 481 1520 μὲν
503 1483 643 1520 προτροπὴ
662 1483 767 1510 δικαίου
784 1485 823 1515 εἰς
842 1483 899 1510 θεο-

111 1530 229 1562 σέϐειαν,
257 1531 304 1557 καὶ
335 1530 444 1565 ἔλεγχος
480 1529 593 1561 ἀσεϐοῦς
621 1528 791 1564 βλασφήμου.
819 1537 828 1554 ι
853 1528 898 1564 Μὴ

111 1577 192 1613 ζήλου
219 1577 284 1612 γὰρ,
318 1577 401 1612 φησὶ,
430 1576 493 1608 τοὺς
514 1576 710 1610 ἀντιχρίστους,
729 1575 826 1606 οἵτινές
850 1576 901 1601 εισι

111 1624 234 1655 θάνατος·
254 1633 262 1649 ι
288 1623 369 1649 πόθεν
396 1623 420 1649 οι
448 1622 556 1653 ἀσεϐεῖς
586 1622 649 1657 περὶ
672 1620 711 1656 τῷ
742 1621 897 1656 σταυρῶσαι

110 1669 156 1696 τὸν
170 1669 272 1704 Κύριον
285 1668 336 1703 τῆς
347 1668 426 1703 δόξης
447 1666 540 1702 ἦλθον,
562 1667 607 1694 τὸν
625 1666 710 1694 αἰῶνα
721 1667 815 1693 τοῦτον
832 1675 898 1702 προ-

111 1714 265 1750 κρίναντεςι
282 1714 322 1741 ὅτι
339 1714 385 1741 καὶ
399 1714 462 1745 τοὺς
478 1713 641 1744 ἀποστόλους
660 1711 771 1745 ἐδίωξαν
784 1713 830 1738 καὶ
847 1712 898 1738 ἀπ-

109 1761 233 1788 έκτειναν
243 1769 249 1776 ·
264 1760 306 1787 ὅτι
325 1760 398 1791 τινὲς
413 1759 520 1786 ἔσονται
533 1760 557 1786 οἱ
573 1758 777 1791 ἐξουθενοῦντες
794 1758 840 1785 τὸν
855 1758 898 1785 νό-

111 1815 161 1843 μον
173 1806 220 1833 τοῦ
236 1806 349 1842 Κυρίου,
365 1805 490 1837 καίτινες
512 1806 535 1832 οἱ
551 1804 734 1839 ὑποταγέντες
756 1804 840 1840 αὐτῷ·
857 1805 898 1830 ὅτι

110 1853 171 1881 οὐδὲ
195 1853 313 1889 πλήθους
340 1853 509 1880 ἀσεϐούντων
537 1853 577 1883 είς
593 1851 709 1887 Χριστὸν
740 1851 861 1886 φείσεται
883 1851 898 1877 6

111 1899 187 1931 Θεός.
210 1899 284 1931 Ἑνὸς
298 1899 353 1935 γὰρ
375 1899 479 1926 δικαίου
506 1898 680 1929 πιστεύοντος
694 1897 805 1933 Χριστῷ
821 1897 899 1933 μέλει

109 1945 150 1982 τῷ
164 1945 234 1980 θεῷ,
252 1945 304 1972 κᾶν
326 1945 385 1977 νέος
400 1945 534 1981 ἀποθάνῃ.
551 1954 560 1970 ι
580 1944 672 1979 Γῆρας
688 1944 742 1979 γὰρ
759 1944 848 1978 τίμιον
866 1944 896 1969 οὐ

109 1992 140 2019 τὸ
170 1991 353 2028 πολυχρόνιον.
369 2001 379 2017 ι
395 1991 427 2017 Εἰ
444 1992 491 2017 καὶ
512 1990 613 2026 ἀσεϐὴς
628 1990 678 2025 τὴν
700 1989 828 2025 τελευτὴν
849 1989 897 2016 τοῦ

111 2036 284 2068 πιστεύοντος
313 2035 424 2072 Χριστῷ
453 2035 644 2068 ὲξουθένωσεν,
663 2034 720 2062 ἀλλ’
741 2034 898 2068 ἐκλέγονται

111 2083 166 2110 ἀπὸ
176 2081 305 2118 Χριστοῦ.
323 2081 356 2109 Οἱ
369 2082 477 2114 ἀσεϐεῖς
493 2082 583 2117 ἀτίμῳ
599 2080 727 2116 πτώματι
746 2079 899 2116 παραδοθή-

112 2137 212 2161 σονται,
220 2129 266 2155 καὶ
276 2128 379 2164 μεγάλῃ
388 2128 476 2164 κρίσει
488 2127 740 2163 καταϐληθήσονται
751 2128 775 2153 οἱ
785 2126 898 2153 διῶκται

111 2174 165 2201 τῶν
190 2173 237 2201 τοῦ
254 2174 372 2210 Χριστοῦ
390 2173 490 2200 δούλων
513 2174 541 2200 ἐν
561 2175 595 2209 τῇ
617 2173 717 2208 κρίσει,
736 2172 835 2204 ἰδόντες
847 2172 898 2207 τὴν

111 2219 188 2252 δόξαν
215 2219 298 2246 αὑτοῦ
326 2219 372 2246 καὶ
399 2219 500 2251 αὐτῶν,
523 2219 570 2246 καὶ
591 2219 704 2250 ἑαυτοὺς
720 2218 760 2249 είς
775 2217 895 2245 κόλασιν.

953 278 1036 309 facto,
1052 276 1212 304 deciderunt
1234 276 1268 303 ab
1285 275 1340 303 illis
1360 281 1489 309 squamae,
1510 277 1536 301 et
1561 280 1625 300 mox
1649 272 1737 300 visum

953 323 1054 358 recepit
1064 330 1157 350 senex.
1171 322 1250 349 Tobit
1261 329 1343 356 porro
1351 328 1412 348 cum
1421 324 1574 347 excaecatus
1586 322 1639 351 est,
1651 326 1738 345 anno-

953 376 1012 395 rum
1023 372 1081 395 erat
1093 375 1158 394 LVIII
1168 376 1174 399 ς
1185 374 1246 394 cum
1256 374 1320 393 vero
1329 366 1418 393 VISUIII
1430 366 1562 400 reciperet
1588 372 1659 390 LXVI.
1668 363 1738 390 Tum

951 414 1060 441 demum
1075 421 1137 440 cum
1154 412 1234 439 Tobit
1253 411 1494 446 videret.Angelus
1510 418 1569 438 sese
1578 409 1739 437 manifesta-

951 460 1001 492 vit,
1017 459 1090 495 quod
1115 467 1170 486 non
1195 459 1278 485 homo
1295 463 1377 491 esset,
1393 458 1442 486 sed
1467 465 1481 484 a
1509 457 1564 485 Deo
1580 457 1692 487 missus,
1708 459 1738 482 ut

952 506 1020 541 ipsis
1039 510 1065 533 et
1084 505 1158 532 Sara:
1186 512 1264 540 opem
1295 505 1386 532 ferret.
1405 503 1456 531 Ubi
1473 511 1536 530 vero
1551 511 1632 530 senex
1648 502 1738 529 factus

952 555 1025 579 esset
1040 550 1130 584 Tohit,
1146 550 1200 577 Iilio
1227 557 1279 578 suo
1303 549 1394 576 Tobiae
1422 548 1571 580 mandavit,
1591 551 1622 574 ut
1639 548 1666 574 in
1683 547 1738 574 Me-

951 597 1023 624 diam
1048 597 1146 628 abiret,
1174 595 1248 630 quod
1263 594 1383 621 futurum
1400 598 1472 621 esset
1485 597 1513 620 ut
1528 592 1624 620 Ninive
1639 600 1738 620 secun-

951 643 1015 670 dum
1031 642 1144 670 verbum
1162 641 1238 668 Iona:
1256 640 1399 675 Propheta:
1411 640 1622 667 subverteretur.
1636 638 1668 664 Et
1690 638 1738 665 de--

951 689 1045 717 ﬁciens
1060 693 1184 716 mortuus
1198 692 1239 715 est
1254 694 1388 714 annorum
1398 693 1491 713 cum.
1504 684 1588 712 Filius
1601 693 1665 712 vero
1677 685 1737 719 ejus

951 734 1052 763 Tobias
1080 735 1108 761 in
1131 733 1245 762 Mediam
1267 732 1403 768 migravit,
1420 732 1466 759 tibi
1493 731 1601 758 tandem
1624 731 1737 766 sepultis

951 789 1046 810 socero
1071 788 1103 808 ac
1131 787 1224 813 socru,
1243 782 1271 806 et
1298 779 1331 806 de
1348 778 1445 805 Ninivc
1473 778 1650 805 subversione
1675 784 1739 812 per.-

950 830 1028 862 cepta
1040 825 1123 858 fama,
1140 828 1265 852 mortuus
1281 828 1323 851 est
1336 830 1469 852 annorum
1487 830 1552 850 cvu.

1136 881 1214 908 Liber
1233 880 1376 916 Sapientia:
1389 879 1552 916 Salomonis.

986 927 1032 955 45.
1045 926 1185 963 Sapientia
1209 924 1364 952 Salomonis
1379 927 1493 951 vocatur
1509 923 1553 950 hic
1571 922 1649 949 liber.
1668 920 1737 948 Nam

951 977 978 1001 et
989 973 1063 1000 hunc
1077 980 1092 999 a
1107 972 1253 999 Salomone
1265 970 1397 1005 scriptum
1414 977 1475 997 esse
1493 968 1597 996 dicunt.
1610 967 1739 995 Continet

951 1024 1042 1047 autem
1057 1022 1084 1046 et
1106 1017 1259 1045 doctrinam
1271 1016 1395 1051 justitize.
1406 1021 1432 1042 et
1446 1022 1499 1050 qua
1515 1014 1620 1041 ratione
1637 1020 1736 1047 cogno-

951 1064 1045 1094 scendi
1062 1068 1202 1092 suntcum
1222 1061 1347 1097 improbi,
1365 1065 1423 1088 tum
1440 1060 1517 1096 probi
1537 1059 1589 1087 viri
1607 1069 1613 1086 τ
1631 1057 1664 1086 ad
1680 1059 1738 1085 haec

950 1116 977 1140 et
1004 1110 1173 1146 prophetiam
1202 1109 1236 1136 de
1259 1107 1377 1136 Christo.
1394 1107 1477 1134 Docet
1497 1106 1579 1133 etiam
1601 1105 1738 1140 quomodo

950 1157 1035 1184 multo
1052 1163 1121 1190 opus
1135 1155 1172 1182 sit
1186 1154 1278 1181 labore
1291 1156 1318 1181 et
1332 1152 1468 1180 desiderio
1481 1151 1515 1178 ad
1525 1150 1737 1185 comparandam

950 1202 1123 1238 sapientiam.
1141 1200 1262 1228 IIabetur
1273 1207 1381 1234 quoque
1396 1198 1440 1225 hic
1453 1197 1486 1225 de
1501 1197 1641 1224 nonnullis
1655 1199 1736 1222 natu-

950 1256 987 1276 ra:
1003 1247 1127 1283 partibus
1141 1245 1300 1281 disputatio.
1313 1244 1377 1271 Item
1394 1248 1490 1270 contra
1504 1242 1575 1269 idola
1586 1245 1613 1269 et
1627 1241 1736 1268 illorum

950 1295 1115 1330 sculptores.
1135 1297 1231 1320 contra
1245 1299 1303 1324 eos,
1315 1290 1362 1326 qui
1377 1297 1453 1324 spem
1468 1289 1496 1316 in
1514 1288 1567 1316 illis
1581 1292 1696 1323 ponunt,
1711 1291 1738 1314 et

949 1350 981 1370 ea
995 1341 1110 1368 adorant
1130 1347 1162 1367 ac
1176 1339 1279 1367 colunt.
1300 1337 1434 1365 Praeterea
1450 1341 1477 1363 et
1497 1336 1615 1371 hymnus
1637 1333 1737 1369 adjun-

949 1391 993 1415 cta
1005 1385 1178 1414 confessione
1190 1384 1355 1411 mirabilium
1367 1382 1568 1418 operationum,
1580 1389 1639 1416 quae
1649 1379 1737 1407 Israe-

949 1431 1005 1458 litis
1021 1437 1113 1457 coram
1130 1430 1251 1464 ipsorum
1268 1427 1387 1454 inimicis
1401 1435 1415 1453 a
1433 1426 1488 1453 Deo
1506 1425 1582 1452 factae
1596 1429 1670 1452 sunt.
1683 1425 1737 1458 Igi-

949 1481 993 1504 tur
1010 1476 1068 1509 ipsa
1082 1473 1192 1509 quidem
1208 1473 1269 1500 libri
1287 1472 1369 1507 hujus
1385 1471 1537 1506 complexio
1551 1470 1624 1497 hunc
1638 1470 1666 1496 in
1678 1477 1736 1495 mu-

949 1522 1014 1549 dum
1024 1521 1106 1548 habet
1119 1529 1125 1546 :
1140 1518 1328 1554 recapitulatio
1343 1525 1407 1545 vero
1424 1518 1450 1544 in
1463 1517 1524 1544 istis
1537 1520 1589 1543 est.
1602 1515 1630 1542 In
1645 1522 1737 1549 prona-

915 1578 936 1607 ο
953 1568 1015 1595 miis
1042 1565 1195 1594 adhortatio
1215 1564 1284 1599 justi
1297 1567 1339 1591 est
1354 1563 1389 1590 ad
1401 1563 1504 1590 cultum
1523 1561 1582 1594 Dei,
1602 1565 1629 1588 et
1645 1567 1737 1595 reprc-

951 1614 1047 1642 bensio
1072 1612 1147 1647 impii
1172 1610 1335 1645 blasphemi.
1351 1619 1360 1635 ι
1379 1609 1417 1637 Ne
1439 1609 1585 1640 aemuleris,
1606 1617 1616 1633 ι
1636 1607 1735 1641 inquit,

954 1670 963 1686 ι
982 1659 1176 1692 Antichristos,
1192 1658 1239 1693 qui
1260 1661 1324 1685 sunt
1339 1656 1397 1692 ipsa
1413 1663 1497 1683 mors.
1519 1665 1528 1681 ι
1546 1653 1622 1681 Unde
1634 1654 1736 1680 factum

950 1706 996 1738 sit,
1011 1705 1083 1740 quod
1100 1705 1175 1739 impii
1197 1711 1229 1731 eo
1245 1702 1419 1734 devenerint,
1435 1705 1465 1728 ut
1485 1700 1628 1728 Dominum
1645 1699 1738 1734 glorias

950 1751 1150 1786 cruciﬁgercnt,
1167 1750 1233 1777 dum
1259 1756 1379 1784 praesens
1408 1747 1539 1775 saeculum
1559 1747 1597 1773 illi
1618 1746 1737 1777 antefer-

950 1801 1026 1829 rent;
1043 1795 1114 1831 quod
1132 1795 1184 1830 ipsi
1211 1794 1357 1830 Apostolos
1382 1793 1517 1828 persecuti
1547 1793 1602 1820 sint
1622 1796 1649 1819 et
1663 1792 1737 1819 occi-

950 1842 1055 1875 derint;
1071 1841 1142 1876 quod
1157 1839 1242 1867 futuri
1259 1839 1314 1867 sint
1325 1839 1447 1874 quidam,
1464 1838 1511 1873 qui
1526 1837 1612 1872 legem
1628 1836 1736 1864 Domini

950 1891 1137 1919 contemnant,
1153 1886 1264 1922 quidam
1287 1893 1352 1912 vero
1372 1885 1430 1916 alii,
1445 1884 1491 1919 qui
1508 1884 1547 1911 illi
1561 1883 1614 1911 sint
1630 1884 1737 1910 obtem—

950 1931 1129 1970 pe'raturi;et
1166 1931 1239 1967 quod
1269 1930 1340 1958 Deus
1368 1938 1402 1957 ne
1428 1928 1597 1957 multitudini
1627 1928 1738 1963 quidem

950 1988 1056 2012 eorum,
1074 1979 1121 2015 qui
1137 1978 1219 2014 impie
1234 1979 1263 2005 in
1277 1977 1415 2005 Christum
1433 1980 1527 2012 agunt,
1541 1976 1577 2003 sit
1593 1983 1737 2011 parsurus.

950 2025 1057 2053 Etenim
1084 2024 1166 2052 unius
1190 2023 1269 2059 justi,
1294 2021 1404 2050 Christo
1429 2022 1576 2054 credentis,
1604 2028 1670 2049 cura
1695 2024 1739 2048 est

954 2072 1032 2107 132
1047 2070 1113 2104 Deo,
1140 2070 1247 2098 etiamsi
1263 2070 1292 2096 in
1306 2069 1491 2096 adolescentia
1507 2068 1652 2095 moriatur.
1668 2075 1677 2092 ι
1693 2065 1738 2094 Se-

951 2123 1048 2146 nectus
1068 2118 1167 2153 quippe
1190 2117 1355 2145 venerabilis
1376 2119 1428 2147 est,
1453 2123 1514 2143 non
1532 2114 1703 2142 diuturna”.
1725 2122 1745 2138 ι.

952 2165 985 2192 Et
1000 2165 1022 2193 si
1038 2165 1138 2200 impius
1154 2167 1270 2191 mortem
1286 2163 1355 2198 ejus,
1368 2163 1414 2197 qui
1433 2161 1543 2189 Christo
1556 2159 1652 2192 credit,
1672 2167 1738 2186 con-

950 2210 1059 2242 temnit,
1086 2217 1101 2236 a
1129 2208 1238 2236 Christo
1271 2211 1361 2234 tamen
1387 2207 1463 2234 tales.
1482 2206 1629 2240 eliguntur.
1659 2203 1739 2239 qupii

114 2249 174 2293 ὀτι
207 2266 320 2297 πλοῦτος
339 2265 408 2301 μετά
434 2249 592 2297 ἀλαζονείας
616 2249 800 2300 συμϐέϐληται
817 2265 893 2299 ἡμῖν.

950 2255 1138 2292 ignominiosae
1148 2254 1235 2282 ruinae
1251 2253 1406 2285 tradentur.
1421 2257 1448 2279 et
1459 2250 1555 2287 grandi
1573 2249 1739 2278 condemna-

113 2312 160 2344 Τίς
176 2312 245 2349 ὀργὴ
265 2311 319 2339 τῶν
338 2311 508 2339 ἀσεϐούντων
533 2312 572 2343 εἰς
597 2311 725 2347 Χριστόν.
750 2310 896 2346 Προτροπὴ

112 2361 167 2391 τοῖς
200 2359 313 2395 ἄρχουσι
330 2357 377 2385 τοῦ
398 2357 516 2393 Ἰσραὴλ,
531 2357 601 2384 ὥστε
627 2357 762 2384 πιστεύειν
774 2356 896 2392 Χριστῷ,

114 2405 211 2440 μᾶλλον
241 2405 269 2432 δὲ
295 2403 444 2440 παράθεσις
457 2405 513 2435 τοῖς
540 2404 654 2439 ἄρχουσι
672 2403 722 2438 τῆς
744 2403 897 2438 Καθολικῆς

118 2451 289 2486 Ἐκκλησίας,
307 2451 366 2482 πῶς
379 2450 472 2486 ἄρχειν
488 2450 529 2477 δεῖ
545 2450 765 2485 ἀποστραφέντος
781 2449 896 2477 ἐκείνου.

111 2498 158 2530 Τίς
183 2500 200 2534 ἡ
230 2499 320 2533 σοφία,
336 2499 350 2525 6
374 2498 438 2530 Υἱὸς
461 2498 507 2525 τοῦ
524 2497 607 2531 Θεοῦ;
625 2498 681 2524 Καὶ
703 2496 761 2528 πῶς
783 2498 797 2523 6
814 2497 899 2531 Λόγος

112 2543 180 2579 σὰρξ
203 2544 309 2579 γέγονε,
338 2545 384 2571 καὶ
396 2545 550 2580 ἐσκήνωσεν
576 2544 604 2570 ἐν
630 2544 706 2578 ἡμῖν.
732 2543 792 2569 Ὅτι
820 2542 898 2576 κάγὼ

110 2588 278 2625 ὁμοιοπαθὴς
293 2589 366 2624 ὑμῖν,
379 2588 415 2615 ὢν
437 2589 590 2625 ἄνθρωπος,
610 2589 642 2614 ἐκ
658 2587 806 2619 κελεύσεως
831 2586 897 2613 Θεοῦ

112 2634 306 2670 πεπαίδευμαι.
317 2635 385 2670 Περὶ
399 2635 527 2671 Χριστοῦ,
542 2635 575 2670 τῇ
592 2633 673 2669 σοφίᾳ
683 2633 729 2659 τοῦ
742 2632 819 2659 Θεοῦ.
836 2633 897 2659 Ὅτι

111 2680 219 2708 πάντων
245 2680 294 2716 τὴν
314 2680 413 2715 γνῶσιν
423 2681 452 2714 ἐξ
472 2680 555 2716 αὐτῆς
579 2680 667 2715 ἔσχον.
696 2680 740 2706 Ἐν
759 2679 812 2715 γὰρ
828 2678 898 2714 χειρὶ

112 2726 193 2753 αὑτοῦ
207 2727 254 2753 καὶ
265 2727 346 2762 ἡμεῖς
357 2727 402 2753 καὶ
417 2728 441 2754 οἱ
455 2727 528 2761 λόγοι
547 2726 635 2762 ήμῶν.
650 2726 698 2757 Τίς
715 2726 731 2761 ὴ
749 2725 839 2759 σοφία,
852 2724 899 2751 καὶ

112 2770 169 2802 πιῖις
184 2771 224 2802 εἰς
240 2770 400 2806 ἀνθρώπους
411 2769 492 2806 ἦλθε·
511 2771 559 2807 μία
571 2770 625 2806 γὰρ
639 2768 706 2797 οὖσα
721 2770 810 2797 πάντα
820 2769 899 2796 δύνα-

111 2823 167 2848 ται,
183 2815 231 2842 καὶ
243 2814 361 2850 μένουσα
378 2815 407 2841 ἐν
419 2815 502 2851 αὐτῇ,
516 2814 550 2842 τὰ
567 2814 654 2842 πάντα
665 2813 789 2846 καινίζει.
814 2821 823 2839 ι
844 2812 898 2848 Τὴν

149 2893 172 2910 ⁵⁸
192 2891 257 2928 Sep.
277 2901 320 2926 iv,
338 2893 365 2919 8.

948 2304 1022 2331 tione
1033 2305 1239 2338 prosternentur
1253 2300 1280 2327 in
1292 2299 1389 2335 judicii
1404 2299 1456 2330 die,
1469 2298 1517 2333 qui
1533 2305 1627 2325 servos
1635 2296 1737 2324 Christi

948 2352 1158 2385 persequuntur,
1174 2346 1298 2374 videntes
1321 2345 1434 2380 gloriam
1450 2344 1550 2371 Christi
1568 2347 1595 2370 et
1612 2350 1735 2374 suorum,

949 2403 978 2423 se
998 2403 1063 2422 vero
1089 2394 1123 2421 ad
1153 2392 1317 2428 supplicium
1346 2391 1416 2426 rapi.
1437 2389 1514 2423 Quod
1539 2389 1640 2416 divitiae
1657 2389 1738 2416 nobis

949 2449 1011 2468 eum
1033 2439 1189 2475 arrogantia
1213 2438 1384 2472 contingant.
1405 2436 1471 2468 Quae
1483 2435 1518 2463 sit
1532 2435 1572 2461 ira
1586 2434 1633 2462 Dei
1656 2442 1738 2469 super

948 2495 1007 2519 eos,
1018 2487 1065 2521 qui
1077 2486 1159 2520 impie
1181 2485 1209 2512 in
1229 2485 1370 2512 Christum
1388 2483 1561 2516 delinquunt.
1576 2481 1738 2508 Adhortatio

949 2534 982 2561 ad
995 2533 1133 2568 principes
1145 2531 1263 2563 Israelis,
1271 2535 1300 2558 ut
1310 2530 1417 2557 Christo
1436 2527 1559 2559 credant,
1574 2526 1628 2553 imo
1645 2525 1737 2561 potius

948 2580 1116 2609 denuntiatio
1125 2577 1293 2614 principibus
1306 2576 1446 2604 catholicae
1455 2573 1592 2605 Ecclesiae,
1600 2572 1747 2608 quomodo.

947 2634 1042 2662 regere
1060 2625 1175 2653 debeant
1193 2627 1255 2659 post
1269 2623 1342 2650 illius
1366 2622 1536 2649 abscessum.
1550 2619 1616 2653 Qua:
1639 2619 1675 2646 sit
1692 2627 1737 2646 sa-

949 2671 1060 2709 pientia,
1093 2677 1190 2705 nempe
1210 2668 1296 2696 Filius
1320 2667 1388 2695 Dei?
1406 2667 1438 2693 Et
1464 2666 1601 2702 quomodo
1617 2664 1735 2692 Verbum

949 2720 985 2747 sit
1003 2726 1073 2746 caro-
1088 2717 1200 2749 factum,
1218 2716 1300 2750 inque
1315 2714 1394 2741 nobis
1413 2713 1585 2740 habitaverit.
1602 2711 1735 2745 Quoniam

948 2769 977 2793 et
997 2771 1059 2799 ego,
1076 2762 1174 2797 inquit,
1191 2761 1286 2788 eadem
1298 2760 1439 2788 vobiscum
1455 2765 1553 2793 passus
1569 2765 1640 2789 sum,
1655 2757 1736 2784 homo

949 2810 1095 2842 exsistens,
1113 2812 1139 2836 et
1152 2808 1230 2843 jussu
1241 2806 1287 2835 Dei
1297 2805 1446 2841 dIScipIiﬂa!
1457 2803 1592 2832 subditus.
1607 2803 1644 2831 De
1659 2802 1737 2830 Chri-
