1929 3056
194 167 248 196 375

761 168 790 197 s.
813 161 1048 198 ATH'ANASIUS.
1067 184 1103 190 —
1122 168 1235 197 eum.

1767 164 1828 193 376

193 231 237 256 sto
250 226 410 261 sapientiam
424 225 469 253 Dei
485 225 611 254 habente.
621 226 760 259 Omnium,
774 228 872 263 inquit,
887 237 919 257 ex
931 229 976 256 illa

1031 227 1139 262 σοφίαν,
1165 238 1175 254 ι
1187 227 1279 263 φησὶν,
1296 236 1305 253 ι
1322 227 1354 253 ὲκ
1369 225 1496 261 νεότητος
1513 226 1640 261 φιλήσας,
1667 225 1757 252 πάντα.
1789 225 1828 252 τὰ

192 273 375 307 cognitionem
401 271 497 299 habeo.
526 270 555 299 In
584 279 666 299 manu
694 272 766 299 enim
789 273 864 301 illius
883 278 910 300 et
931 282 981 301 nos

192 326 288 346 sumus
312 322 338 345 et
366 325 508 345 sermones
534 318 634 345 nostri.
660 318 726 350 Quae
743 319 778 345 sit
795 320 940 354 sapientia.
955 323 982 347 et

191 365 329 401 quomodo
342 365 387 391 illa
398 364 431 391 ad
449 364 573 392 homines
597 365 709 392 venerit.
727 364 795 392 Cum
811 366 884 392 enim
901 367 981 392 unica

191 411 236 443 sit,
249 411 340 437 omnia
357 414 456 444 potest,
470 414 497 437 et
513 418 574 436 cum
593 410 619 437 in
634 418 662 437 se
678 411 735 445 ipsa
755 415 873 441 maneat,
890 412 980 438 omnia

192 462 283 484 tamen
306 457 428 484 innovat.
451 466 459 482 ι
481 457 626 489 Quoniam,
650 466 659 482 ›
677 457 776 491 inquit.
796 465 804 482 I
827 457 861 484 ab
889 458 981 484 adole-

191 504 297 531 scentia
315 504 475 538 sapientiam
491 503 626 534 adamavi,
643 505 734 531 omnia
749 504 818 530 bona
831 512 862 531 ex
878 504 923 531 illa
935 512 980 532 ac-

191 551 249 584 cepi
259 550 292 580 “,
311 560 320 576 ι
336 550 457 576 carnalia
479 555 505 576 et
527 549 690 584 spiritualia.
707 550 820 584 Cognita
836 551 907 577 enim
924 558 980 577 ma—

190 596 332 631 gnitudine
346 595 495 630 sapientia}.
503 595 636 629 postulavi
649 603 663 621 a
683 595 806 626 Domino,
828 599 853 621 ut
870 596 980 622 daretur

191 641 256 668 mihi
273 640 390 676 Spiritus
408 645 530 672 sanctus,
548 640 594 674 qui
610 648 653 667 me
664 640 697 666 de
709 641 753 667 illa
765 641 941 673 illuminaret,
953 645 980 668 et

190 687 293 714 missus
308 691 359 718 est,
377 690 406 713 ut
423 694 528 714 mecum
544 687 690 713 laboraret.
704 686 889 722 Cogitationes
903 695 979 714 nam-

190 741 243 767 que
266 733 420 759 mortalium
446 733 549 759 timida:
573 736 646 759 sunt.
667 732 704 760 De
720 733 849 767 operibus
870 734 979 768 sapien-

190 779 244 805 tizn.
273 777 415 811 Quomodo
446 778 563 813 primum
586 778 723 805 hominem
748 779 938 811 custodiverit,
964 788 979 807 e

191 825 301 859 quantis
317 824 395 851 malis
410 824 483 852 Deus
498 824 640 852 credentes
656 825 707 852 sibi
722 829 823 857 servet,
838 829 864 852 et
877 830 978 860 quanta

191 871 246 899 illis
272 871 343 898 bona
374 875 493 906 praestet,
512 875 542 898 ut
565 871 658 899 videre
673 872 739 898 etin
754 871 810 899 Noe
829 872 976 905 Abraham,

1031 272 1122 307 ἀγαθὰ
1148 272 1177 306 ἐξ
1199 273 1284 307 αὐτῆς
1303 271 1390 307 ἔσχον,
1409 281 1418 297 ι
1438 270 1556 306 σαρκικὰ
1573 270 1618 297 καὶ
1636 270 1826 305 πνευματικά.

1033 317 1104 348 Ὅτι,
1123 316 1154 343 τὺ
1171 316 1284 352 μέγεθος
1298 314 1347 351 τῆς
1365 315 1458 350 σοφίας
1468 314 1595 350 ἐγνωκὼς
1606 335 1614 346 ,
1639 315 1762 349 ἐνέτυχον
1780 314 1826 349 τῷ

1031 363 1137 399 Κυρίῳ,
1155 363 1225 389 ὥστε
1240 371 1284 398 μοι
1298 361 1406 397 δοθῆναι
1419 362 1448 387 τὸ
1461 362 1536 395 ἂγιον
1553 360 1675 400 Πνεῦμα,
1692 360 1722 387 τὸ
1734 360 1824 394 φωτί-

1032 409 1077 440 ζον
1098 418 1131 444 με
1152 409 1215 444 rapi.
1238 409 1332 444 αὐτῆς,
1357 409 1404 434 καὶ
1428 407 1566 442 ἐπέμφθη,
1587 407 1629 432 ἵνα
1647 405 1828 441 συγκοπιάσῃ

1033 463 1087 490 μοι.
1115 455 1248 490 Λογισμοὶ
1273 455 1326 490 γὰρ
1342 453 1445 489 θνητῶν
1469 452 1558 479 δειλοί.
1581 452 1648 488 Περὶ
1661 451 1716 478 τῶν
1731 451 1827 487 ἔργων

1030 501 1081 535 τῆς
1098 501 1204 536 σοφίας.
1224 500 1286 532 Πῶς
1300 500 1346 527 τὸν
1372 499 1582 535 πρωτόπλαστον
1598 497 1766 532 διεφύλαξεν,
1793 497 1827 530 ἐξ

1030 546 1100 572 ὅσων
1123 546 1216 573 κακῶν
1243 545 1322 577 σώζει
1351 546 1413 576 τοὺς
1430 544 1608 575 πιστεύοντας
1628 543 1702 578 αὑτῴ
1714 544 1729 570 ὁ
1741 542 1824 575 Θεὸς,

1031 592 1078 619 καὶ
1093 593 1142 619 ὅσα
1160 592 1250 627 ἀγαθὰ
1263 592 1392 627 παρέχει’
1405 588 1517 618 οἷον-τὸν
1531 591 1603 622 Νῶε,
1616 590 1662 617 τὸν
1681 589 1823 625 Ἀϐραὰμ,

1029 639 1075 665 τὸν
1085 639 1215 670 Λὺθ,τδν
1237 638 1344 670 Ἰακὼϐ,
1357 638 1402 664 τὸν
1425 637 1533 673 Ἰωσὴφ,
1555 637 1617 668 τοὺς
1637 635 1824 671 Ἰσραηλίτας,

1029 684 1075 717 οὒς
1091 685 1123 711 ὲκ
1133 685 1222 720 χειρὸς
1233 684 1285 711 τῶν
1294 684 1449 719 Αἰγυπτίων
1463 683 1598 719 ἐρρύσατο
1611 683 1654 709 διὰ
1668 682 1823 714 Μωῦσέως,

1029 732 1076 758 καὶ
1107 731 1139 757 ἐκ
1168 731 1270 766 πέτρας
1287 730 1439 766 ἀκροτόμου
1469 729 1547 765 ἐδόθη
1565 729 1656 760 αὐτοῖς
1671 728 1752 764 ὕδωρ.
1776 728 1825 759 Ὠς

1028 778 1084 808 τοῖς
1100 776 1121 809 ζ’
1136 776 1239 803 ἔθνεσιν
1259 776 1404 803 ἀπέστειλε
1433 775 1551 811 σφῆκας.
1581 774 1765 810 Μακροθυμίᾳ
1792 773 1824 799 δὲ

1029 824 1179 860 χρώμενος,
1196 824 1243 850 καὶ
1256 823 1361 855 τούτοις
1386 822 1469 849 ἐδίδου
1485 822 1564 848 τόπον
1583 821 1736 857 μετανοίας,
1753 828 1822 846 παι-

1028 870 1113 897 δεύων
1124 870 1167 896 διὰ
1184 870 1286 897 τούτων
1298 870 1342 896 τὸν
1358 869 1421 895 λαὸν
1439 866 1509 895 εἶναι
1525 868 1724 904 φιλάνθρωπον.
1740 866 1824 894 Κατὰ

190 917 253 950 Lot,
269 917 364 948 Jacob.
380 917 490 951 Joseph,
508 917 650 950 lsraelitis,
682 925 750 952 quos
762 925 777 944 e
789 925 871 944 manu
890 917 975 953 [Egy-

1029 916 1260 952 στοιχειολατρῶν,
1273 916 1425 951 βατράχων,
1444 914 1575 949 σκνιφῶν,
1590 913 1675 950 μυῶν,
1690 912 1821 949 ἀκρίδων,

189 960 308 995 ptiorum
324 968 371 995 per
384 959 502 995 Moysen]
520 960 654 992 liberavit,
669 965 697 987 et.
711 969 781 996 aqtta
796 969 828 987 ex
842 967 976 996 praerupta

189 1007 266 1038 petra
283 1002 544 1037 potavit.Quomodo
557 1007 658 1037 septem
673 1004 799 1037 gentibus
815 1011 912 1038 vespas
926 1004 977 1030 mi-

188 1048 267 1075 serit.
277 1047 310 1074 Et
324 1048 434 1075 lenitate
451 1056 518 1076 usus
533 1048 614 1075 etiam
630 1048 684 1076 illis
701 1054 796 1083 postea
810 1049 978 1083 paenitentiae

188 1094 278 1121 locum
303 1093 418 1126 dederit,
432 1102 480 1129 per
498 1094 550 1121 ista
566 1094 694 1128 populant
714 1095 863 1126 instruens,
883 1099 912 1121 ut
931 1095 977 1122 be-

187 1140 288 1174 nignus
314 1143 388 1167 esset
412 1145 439 1166 et
462 1139 608 1166 hutnanus.
640 1139 741 1166 Contra
769 1140 976 1173 elementorum,

187 1191 329 1215 ranarum,
354 1183 696 1218 sciniphorum,murium,
719 1185 896 1216 locustarum.
929 1193 977 1213 ve-

189 1235 312 1263 sparum,
325 1232 496 1262 serpentum,
514 1229 663 1264 imaginum
690 1237 722 1256 ex
752 1236 830 1261 auro,
853 1235 976 1265 argento,

189 1273 335 1309 lapidibus,
347 1278 394 1300 aut
410 1274 484 1309 ligno
498 1274 703 1307 fabricatarum,
714 1275 883 1304 adoratores.
898 1276 977 1309 Quod

188 1327 237 1354 per
260 1319 363 1354 lignum
384 1319 459 1346 salus
473 1319 509 1346 sit
525 1319 711 1348 credentibus.
731 1321 768 1347 De
791 1321 977 1355 sculptoribus

188 1366 229 1392 vel
245 1366 396 1401 pictoribus
411 1365 558 1398 idolorum,
573 1365 660 1401 deque
675 1368 803 1395 omnibus
817 1367 978 1396 idololatria:

187 1411 279 1438 malis.
292 1410 330 1438 De
353 1410 436 1446 impia
456 1411 597 1446 religione,
610 1416 636 1438 et
655 1417 722 1447 qttot
735 1413 774 1440 illi
793 1413 877 1440 insint
893 1414 975 1440 mala.

187 1456 225 1484 De
255 1457 337 1492 ﬁgulo
359 1462 386 1484 et
408 1457 537 1485 ﬁctilibus
555 1457 646 1486 idolis.
677 1458 714 1486 De
740 1460 870 1487 omnibus
885 1460 975 1493 idolis,

187 1511 248 1538 qua:
264 1511 280 1530 a
298 1504 423 1539 gentibus
443 1505 581 1537 coluntur,
598 1504 850 1532 inimicissimarum
875 1505 978 1532 bestia-

186 1557 259 1581 rum,
275 1554 580 1585 serpentum,catorum
596 1555 623 1578 et
633 1550 862 1584 similiuanuod
883 1551 976 1578 lsraeli

1027 964 1150 998 σφηκῶν,
1166 964 1263 998 ὄφεων.
1294 961 1374 988 Κατὰ
1404 961 1615 996 εἰδωλολατρῶν,
1645 961 1677 986 ὲκ
1698 958 1821 994 χρυσῶν,

1028 1009 1074 1036 καὶ
1101 1009 1240 1044 ἀργύρων,
1276 1007 1292 1043 ἢ
1318 1007 1410 1040 λίθων,
1433 1007 1450 1042 ἣ
1473 1006 1584 1038 ξυλίνων
1608 1005 1724 1032 εἰδώλων
1754 1013 1823 1031 κατ-

1027 1055 1245 1090 εσκευασμένων.
1259 1054 1321 1080 Ὀτι
1337 1053 1394 1079 ἔστι
1409 1053 1455 1079 καὶ
1470 1052 1590 1088 σωτηρία
1603 1051 1648 1078 διὰ
1669 1050 1746 1083 ξύλου
1763 1051 1823 1080 τοῖς

1027 1101 1194 1128 πιστεύουσι.
1227 1100 1267 1127 Τὰ
1294 1099 1358 1135 περὶ
1383 1098 1436 1126 τῶν
1470 1097 1648 1125 εἰδωλοποιῶν
1671 1097 1687 1133 ἢ
1713 1097 1823 1132 ζωγρα-

1028 1146 1149 1181 φούντων
1174 1146 1282 1172 εἴδωλα.
1311 1143 1379 1181 Περὶ
1395 1145 1504 1172 πάντων
1531 1144 1585 1171 τῶν
1607 1143 1700 1170 κακῶν
1719 1143 1774 1169 τῶν
1791 1144 1822 1169 ὲν

1027 1192 1241 1228 εἰδωλολατρείᾳ.
1275 1192 1342 1225 Περὶ
1367 1191 1482 1222 ἀσεϐοῦς
1511 1190 1670 1226 θρησκείας,
1697 1189 1744 1216 καὶ
1769 1189 1821 1216 ὅσα

1027 1240 1056 1265 ὲν
1071 1239 1140 1274 αὑτῇ
1156 1238 1239 1266 κακά.
1253 1239 1321 1274 Περὶ
1335 1238 1382 1265 τοῦ
1405 1237 1558 1273 κεραμέως,
1575 1235 1686 1262 καὶτῶν
1702 1243 1821 1270 κεραμι-

1027 1285 1082 1312 κῶν
1111 1284 1227 1311 εἰδώλων
1254 1285 1304 1320 τῆς
1331 1284 1386 1310 τῶν
1406 1283 1490 1310 ἐθνῶν
1514 1282 1651 1318 λατρείας.
1675 1282 1744 1317 Περὶ
1765 1281 1821 1307 τῶν

1027 1329 1157 1365 ἐχθίστων
1187 1329 1274 1361 ζώων,
1291 1329 1390 1363 ὄφεων,
1414 1328 1558 1364 αἰλούρων,
1575 1327 1622 1354 καὶ
1640 1326 1695 1353 τῶν
1707 1326 1820 1362 ὁμοίων.

1027 1375 1089 1402 Ὅτι
1101 1375 1285 1411 εὐηργέτησεν
1299 1375 1314 1401 ὁ
1326 1374 1392 1406 Θεὸς
1405 1374 1451 1400 τὸν
1472 1373 1581 1409 Ἰσραὴλ
1599 1373 1659 1400 ἀντὶ
1677 1373 1822 1408 βατράχων

1028 1423 1243 1458 ὀρτυγομήτραν.
1264 1421 1325 1447 Ὅτι
1347 1421 1397 1447 καὶ
1413 1421 1459 1447 ἐπὶ
1479 1419 1615 1455 δήγματος
1631 1419 1719 1452 ὄφεων
1733 1426 1823 1453 σωτη-

1029 1469 1074 1504 ρία
1087 1467 1134 1494 τοῦ
1149 1467 1213 1494 λαοῦ
1233 1467 1266 1493 δι’
1282 1467 1369 1502 δφεως
1395 1465 1495 1501 χαλκοῦ
1525 1465 1740 1500 ἐσταυρωμένον⁸
1758 1465 1823 1496 τοὺς

1027 1514 1055 1540 δὲ
1072 1513 1186 1550 ἐχθροὺς
1201 1513 1291 1540 αὐτῶν
1307 1513 1340 1539 δι’
1355 1511 1474 1548 ἀκρίδων
1489 1512 1535 1538 καὶ
1552 1510 1626 1546 μυῶν
1650 1510 1821 1537 ἀπέκτεινεν.

1029 1560 1090 1586 Ὅτι
1103 1560 1226 1594 ἀγγέλων
1250 1559 1353 1595 τροφὴν
1368 1557 1490 1592 ὲψώμισε
1503 1557 1549 1584 τὸν
1565 1557 1629 1584 λαὸν
1647 1557 1714 1593 πρὸς
1731 1558 1822 1583 πᾶσαν

186 1595 258 1623 Deus
283 1595 446 1623 beneﬁcium
473 1597 630 1629 contulerit,
657 1604 706 1631 pro
726 1597 801 1624 ranis
825 1597 976 1624 coturnices

1033 1605 1128 1640 ἡδονὴν
1141 1605 1296 1640 ἰσχύουσαν,
1316 1605 1362 1631 καὶ
1385 1604 1455 1638 πρὸς
1465 1604 1555 1630 πᾶσαν
1568 1603 1700 1639 ἁρμονίας
1715 1601 1821 1637 γεῦσιν.

186 1641 306 1669 mittens.
315 1642 392 1675 Quod
401 1647 495 1670 contra
506 1650 626 1670 tnorsutn
635 1648 803 1677 serpentum,
811 1651 859 1677 per
870 1651 975 1671 aeneum

186 1692 340 1723 serpentem
362 1689 390 1715 in
411 1697 494 1716 cruce
518 1696 682 1723 suspensum
700 1689 774 1716 salus
791 1690 891 1725 populo
905 1690 976 1716 facta

186 1735 232 1765 sit,
253 1733 356 1760 inimici
380 1742 445 1761 vero
470 1734 590 1769 ipsorum
617 1742 666 1770 per
694 1735 814 1762 locustas
839 1739 867 1762 et
884 1743 977 1764 mures

186 1779 282 1807 occisi.
312 1779 390 1812 Quod
419 1781 549 1815 populum
581 1781 742 1816 angelorum
773 1781 836 1809 cibo
867 1782 975 1815 aluerit,

186 1833 379 1861 quamcunque
402 1827 568 1862 voluptatem
587 1827 714 1859 habente,
727 1831 754 1855 et
769 1828 803 1854 ad
825 1835 979 1862 quemcun-

185 1881 239 1907 que
265 1877 374 1907 gustum
398 1874 534 1908 apposito.
559 1873 637 1906 Quod
650 1874 811 1908 grandinem
828 1881 890 1901 cum
915 1874 978 1909 igne

186 1918 220 1944 ad
238 1918 454 1953 corrumpendas
469 1918 561 1953 fruges
571 1919 599 1945 in
611 1918 756 1954 Egyptios
771 1919 886 1946 miserit.
899 1919 978 1952 Quod

186 1964 335 1999 palpabiles
353 1963 480 1992 tenebras
497 1964 524 1990 in
546 1964 690 2000 [Egyptios
703 1964 854 1997 demiserit,
870 1969 896 1992 et
918 1973 978 2000 quae

187 2018 214 2035 ιη
231 2017 263 2036 ea
288 2017 318 2036 re
342 2009 450 2036 inerant
469 2010 539 2037 mala
555 2020 561 2038 ε
578 2011 681 2038 sanctis
694 2018 759 2038 vero
775 2011 834 2038 suis
847 2011 934 2038 lucem
950 2012 978 2038 in

185 2055 315 2092 JEgypIO,
327 2061 353 2083 et
373 2057 529 2084 columnam
547 2057 617 2092 ignis
632 2058 659 2084 in
676 2058 835 2091 solitudine,
859 2062 886 2085 et
905 2058 979 2093 quod

187 2105 299 2135 propter
316 2101 425 2129 occisos
440 2101 626 2129 lsraelitarum
638 2103 770 2135 infantes,
788 2103 977 2138 Egyptiorum

187 2147 384 2182 primogenilos
404 2155 490 2180 mors,
507 2153 534 2175 et
549 2149 704 2176 submersit)
721 2150 806 2184 (ipsos
821 2150 978 2186 Egyptios)

186 2192 350 2220 sustulerit:
376 2196 402 2220 et
427 2201 476 2228 pro
502 2198 589 2221 morte
617 2194 871 2229 primogenitorum,
902 2196 979 2223 salus

185 2238 278 2265 lsraeli
308 2246 357 2273 per
386 2241 546 2275 sanguinem
575 2241 638 2275 agni
661 2247 792 2267 concessa
810 2241 854 2268 sit.
875 2240 906 2267 Et
929 2249 979 2276 pro

1028 1651 1088 1678 Ὀτι
1100 1651 1218 1686 χάλαζαν
1226 1650 1384 1683 Αίγυπτίοις
1394 1650 1462 1685 μετὰ
1474 1649 1559 1686 πυρὸς
1566 1649 1672 1684 ἔπεμψε
1681 1649 1751 1684 πρὸς
1761 1649 1822 1675 διας

1027 1697 1129 1732 φθορὰν
1160 1698 1347 1732 γεννημάτων.
1368 1697 1428 1723 Ὅτι
1447 1697 1503 1728 τοῖς
1530 1696 1690 1730 Αἰγυπτίοις
1715 1695 1822 1730 ἔπεμψε

1026 1742 1183 1778 ψηλαφητὸν
1203 1743 1314 1775 σκότος,
1343 1743 1391 1768 καὶ
1416 1741 1451 1768 τὰ
1475 1743 1503 1768 ὲν
1527 1741 1602 1776 αὐτῴ
1625 1740 1823 1772 κακά’τοῖςδὲ

1028 1789 1113 1820 ὁσίοις
1131 1788 1214 1815 αὑτοῦ
1230 1788 1287 1822 φῶς
1303 1789 1331 1814 ἐν
1338 1787 1479 1823 Αἰγύπτῳ,
1489 1787 1537 1813 καὶ
1546 1787 1574 1813 ὲν
1582 1789 1614 1823 τῇ
1624 1787 1720 1823 ἐρήμῳ
1727 1786 1822 1813 στῦλον

1028 1833 1125 1868 πυρός.
1140 1834 1196 1860 Καὶ
1224 1834 1284 1860 ἀντὶ
1299 1833 1348 1868 μὲν
1368 1833 1484 1860 θανάτου
1498 1833 1604 1868 νηπίων
1633 1832 1741 1868 Ἰσραὴλ
1768 1832 1822 1860 τῶν

1029 1878 1186 1911 Αἰγυπτίων
1202 1878 1382 1913 πρωτοτόκων
1393 1877 1507 1909 Θάνατος
1522 1878 1569 1904 καὶ
1586 1876 1820 1911 καταποντισμός·

1028 1924 1089 1951 ἀντὶ
1113 1923 1142 1950 δὲ
1164 1923 1279 1950 Θανάτου
1306 1923 1498 1958 πρωτοτόκων,
1515 1923 1638 1958 σωτηρία
1663 1922 1770 1957 Ἰσραὴλ
1788 1922 1821 1948 δι’

1029 1969 1146 2004 αἵματος
1170 1968 1317 2004 προϐάτου.
1344 1969 1398 1995 Καὶ
1412 1969 1458 1995 ἐπὶ
1475 1969 1522 2004 μὲν
1539 1968 1646 2003 θανάτῳ
1669 1967 1781 1994 δικαίων
1793 1968 1821 1993 ἐν

1029 2015 1125 2050 ἐρήμῳ
1159 2013 1264 2050 Ἀαρὼν
1287 2013 1440 2046 ὲξιλάσατο,
1472 2013 1567 2049 Κυρίῳ
1591 2012 1820 2048 προσευξάμενος,

1029 2061 1077 2088 καὶ
1088 2060 1224 2096 θυμιάσας
1234 2069 1241 2076 ·
1258 2061 1305 2087 ἐπὶ
1325 2060 1353 2087 δὲ
1366 2060 1473 2095 θανάτῳ
1489 2061 1644 2094 Αἰγυπτίων
1657 2059 1685 2085 ὲν
1706 2058 1822 2094 Ἐρυθρᾷ

1030 2106 1153 2142 θαλάσσῃ
1181 2106 1340 2142 ἀνελεήμων
1367 2106 1470 2141 θυμός’
1491 2105 1537 2132 τοῦ
1551 2106 1580 2132 δὲ
1592 2105 1657 2132 λαοῦ
1674 2102 1822 2139 παράδοξος

1029 2152 1180 2188 ὁδοιπορία.
1196 2152 1257 2178 Ὅτι
1277 2151 1320 2178 διὰ
1335 2151 1490 2187 μισοξενίαν
1506 2150 1607 2178 ἔπαθον
1633 2149 1720 2176 ταῦτα
1734 2149 1758 2175 οἱ
1775 2149 1822 2175 Αἰ-

1031 2197 1150 2232 γύπτιοι,
1167 2197 1205 2229 ὡς
1220 2197 1268 2224 καὶ
1277 2198 1301 2223 οἱ
1322 2197 1474 2232 Σοδομῖται.
1492 2197 1554 2223 Ὅτι
1566 2196 1602 2223 τὰ
1621 2196 1740 2231 στοιχεῖα
1756 2195 1822 2221 ὑπό-

1031 2253 1118 2270 κειται
1146 2245 1178 2280 τῇ
1201 2243 1262 2278 θείᾳ
1284 2243 1376 2279 κρίσει
1397 2243 1535 2279 Χριστοῦ,
1565 2242 1634 2279 πρὸς
1656 2242 1670 2268 ὃ
1700 2241 1821 2277 βούλεται

184 2288 272 2311 tuorte
295 2285 435 2319 justorum
463 2286 491 2312 in
522 2286 685 2320 solitudine,
713 2287 804 2314 Aaron
831 2286 975 2315 Dominum

1033 2289 1228 2326 ῥυθμιζόμενα,
1245 2289 1282 2321 ὡς
1305 2289 1400 2325 χορδού¹
1421 2289 1536 2325 κιθάρας
1562 2288 1601 2324 τῷ
1634 2287 1819 2323 κιθαρίζοντι·

182 2331 310 2364 pret-ibus
336 2335 364 2358 et
396 2332 510 2359 incenso
540 2333 657 2367 placarit
685 2341 691 2360 :
720 2341 771 2367 pro
794 2337 882 2360 morte
910 2342 974 2361 vero

1029 2338 1058 2363 ὲν
1071 2333 1111 2367 οἷς
1128 2336 1175 2363 καὶ
1193 2336 1210 2371 ἡ
1231 2336 1306 2362 πᾶσα
1330 2335 1445 2371 δύναμις
1464 2335 1514 2370 τῆς
1532 2335 1634 2370 Σοφίας
1651 2332 1822 2368 Σολομῶντος

181 2374 379 2411 ίΕεγριῑοτιιηι
396 2377 425 2404 in
440 2378 507 2404 mari
522 2377 629 2411 Rubro,
646 2377 728 2406 fuerit.
743 2379 784 2405 ira
809 2378 856 2406 Dei
871 2380 974 2415 abSque

1029 2383 1076 2417 τῆς
1092 2381 1242 2417 λεγομένης
1260 2381 1315 2416 (21)
1329 2381 1496 2416 [Ιαναρέτου.

183 2422 420 2455 Inisericordia,et
446 2425 606 2460 iter.populi
622 2425 754 2452 insolens.
771 2425 848 2458 Quod
866 2418 987 2463 propter'
1006 2429 1233 2456 inhumanitatem
1256 2435 1320 2463 erga
1344 2429 1464 2456 advenas
1499 2427 1569 2456 mala
1594 2427 1645 2454 ista
1670 2425 1745 2461 passi
1768 2425 1822 2453 sint

181 2467 312 2505 Egyptii,
324 2470 554 2504 quemadmodum
569 2475 595 2498 et
608 2470 764 2499 Sodomitas.
782 2472 859 2505 Quod
878 2474 1011 2501 eleuenta
1031 2475 1123 2502 divino
1143 2475 1247 2502 Christi
1261 2474 1365 2509 judicio
1384 2474 1501 2505 subsint,
1521 2474 1555 2501 ad
1573 2473 1647 2500 illius
1668 2470 1812 2507 imperium

182 2523 231 2550 pro
259 2514 372 2541 arbitrio
393 2520 498 2550 parata,
530 2516 602 2544 sicut
621 2516 731 2543 chordaa
764 2517 877 2546 cithara:
894 2519 1027 2547 citharam
1057 2520 1186 2555 pulsanti.
1213 2519 1242 2546 In
1260 2520 1313 2555 gitis
1339 2519 1586 2555 comprehenditur
1617 2517 1708 2545 omnis
1737 2517 1822 2544 virtus

182 2560 330 2597 Sapientiae
350 2561 515 2595 Salomonis,
542 2571 625 2599 quam
646 2563 799 2593 Panareton
827 2571 937 2595 vocant.

271 2644 349 2681 133
364 2643 441 2672 Liber
456 2645 599 2680 Sapientim
614 2646 678 2674 Jesu.
699 2647 750 2682 ﬁlii
772 2647 876 2676 Sirae/1.

216 2689 262 2718 46.
279 2690 329 2718 llic
343 2691 424 2720 Jesus
440 2692 512 2720 ﬁlius
536 2693 646 2728 quidem
672 2693 724 2721 fuit
753 2694 850 2722 Sirach
864 2702 870 2720 :
889 2703 974 2730 nepos

1137 2649 1257 2676 Βιϐλιον
1269 2648 1380 2683 Συρίας
1394 2647 1498 2682 Ἰησοῦ
1515 2647 1582 2674 υἱοῦ
1598 2646 1710 2680 Σηράχ.

1064 2695 1108 2722 ιδ.
1126 2695 1229 2731 Ἰησοῦς
1252 2692 1330 2727 οὗτος
1345 2694 1439 2731 Σηρὰχ
1465 2694 1514 2730 μὲν
1527 2692 1561 2730 ἦν
1581 2693 1649 2727 υίὸς,
1666 2693 1776 2727 ἔγγονος
1793 2691 1821 2718 δὲ

215 2769 238 2786 ⁵¹
261 2768 326 2806 Sap.
350 2778 401 2802 vn,
422 2771 468 2798 Η.

1027 2830 1124 2865 ἀρετον
1147 2829 1242 2864 σοφίαν
1275 2832 1375 2856 vocant
1402 2827 1742 2865 l_ibrum_Proverbiorum.
1765 2827 1818 2865 Alii

1026 2863 1190 2905 it'u_vocant
1208 2865 1375 2901 Sapientiam
1403 2863 1552 2899 Siracidis,
1577 2868 1605 2893 et
1630 2864 1740 2900 quidem
1756 2863 1815 2892 Vlli-

1027 2904 1126 2937 satius.

220 2828 276 2859 (2|)
290 2829 473 2863 Harapétov.
490 2829 534 2857 Sic
562 2831 625 2857 item
644 2835 758 2858 vocatur
785 2831 828 2858 hic
854 2831 924 2857 liber
940 2830 974 2857 ab

180 2863 268 2900 Epiph
299 2865 336 2900 De
346 2865 486 2900 mensuris.
504 2873 530 2899 p.
549 2865 610 2896 162,
626 2871 653 2892 et
669 2867 703 2893 ab
715 2867 785 2892 aliis.
802 2867 836 2892 Αι
850 2866 975 2892 Clemens

182 2899 261 2929 item.
275 2899 356 2935 epist.
373 2899 385 2927 l
402 2900 436 2929 ad
447 2899 559 2932 Cor.,et
569 2900 695 2930 Clemens
708 2901 786 2943 Alc}.
801 2902 893 2935 etalii,
909 2909 975 2928 παν-
