1929 3056
88 173 145 201 5T1

629 172 796 201 SYNOPSIS
816 173 1028 203 SCRIPTURIE
1050 175 1185 204 SACRE.

1678 179 1733 206 378

95 230 191 267 Ἰησοῦ
204 230 358 267 ὁμωνύμως
371 229 455 265 αὐτῷ.
470 227 554 262 Οὗτος
568 227 613 257 οὖν
629 231 658 257 ὲν
672 225 777 266 χρόνοις
793 232 887 266 γέγονε

943 238 1032 260 autem
1057 233 1123 261 Jesu
1139 234 1190 261 sibi
1218 233 1399 269 cognominis.
1418 232 1468 260 Hic
1482 233 1572 269 itaque
1587 234 1613 260 in
1628 239 1734 270 tempo-

90 278 173 305 κάτω
203 277 272 313 μετὰ
296 277 345 312 τὴν
367 276 565 312 αἰχμαλωσίαν,
591 277 638 303 καὶ
661 277 819 312 ἀνάκλησιν,
843 279 889 305 καὶ

74 346 77 347 ,
92 323 169 359 μετὰ
181 323 245 354 τοὺς
259 322 402 357 προφήτας
414 322 546 353 ἅπαντας.
569 322 598 349 ὐ
612 320 658 348 οὖν
681 322 791 354 πάππος
806 323 889 349 αὐτοῦ

90 369 215 405 Ἰησοῦς,
233 368 304 395 καθὰ
318 368 399 400 uoca;
420 369 564 404 μαρτυρεῖ,
581 367 721 402 φιλόπονός
737 377 765 394 τε
780 368 890 403 γέγονεν

91 416 106 442 ὁ
119 415 193 450 ἀνὴρ
207 415 254 441 καὶ
269 414 528 450 φρονιμώτατο;,·ὃς
538 414 568 440 οὑ
581 414 660 448 μόνον
673 414 706 440 τὰ
721 415 820 450 ἐτέρων
837 415 890 441 τῶν

93 461 150 497 πρὸ
165 461 248 487 αὐτοῦ
263 461 380 487 συνετῶν
393 460 498 495 ἀνδρῶν
514 460 713 495 ἀποφθέγματα
727 462 889 495 συνήγαγεν,

93 507 166 534 ἀλλὰ
182 507 230 533 καὶ
249 506 330 538 αὐτὸς
351 506 406 533 ἵδιά
421 514 482 532 τινα
502 505 701 540 ἀπεφθέγξατο,
719 507 820 542 πολλῆς
845 515 890 533 σο-

94 554 164 588 φίας
180 553 228 579 καὶ
255 552 387 583 συνέσεως
413 551 542 586 γέμοντα.
565 552 642 578 Ἐπεὶ
663 550 709 578 οὖν
731 552 780 588 τὴν
801 553 890 587 βίϐλον

93 600 199 636 ταύτην
221 600 234 626 ὁ
258 603 282 626 α’
304 598 408 634 Ἰησοῦς
436 598 491 634 (22)
510 598 666 625 καταλιπὼν
688 599 717 632 ἐξ
740 599 891 634 ἀνθρώπων

95 646 198 681 ᾣχητο,
217 645 310 681 Σηρὰχ
324 645 338 670 ὁ
353 644 409 676 υἱὸς
426 645 484 680 μετ’
497 644 578 671 αὐτὴν
594 644 694 677 λαϐὼν,
708 645 788 672 πάλιν
802 645 841 680 τῷ
854 647 892 672 οἰ-

96 692 164 728 κείῳ
179 692 254 718 παιδὶ
271 691 416 718 κατέλιπεν
433 691 531 726 Ἰησοῦ.
550 692 598 723 Ὃς
612 691 644 727 δὴ
661 691 762 727 ταύτης
775 691 892 728 λαϐόμε-

95 747 150 771 νος,
165 740 204 769 εἱς
219 738 246 764 ἓν
262 738 370 764 ἃπασαν
392 737 553 772 ἐναρμόνιον
570 737 712 772 σύνταγμα
736 738 890 773 ποιησάμε-

95 794 151 817 νος,
177 784 277 819 Σοφξαν
294 785 339 811 ἐπί
354 792 384 810 τε
400 783 439 819 τῷ
457 783 550 816 αὑτοῦ,
573 784 619 810 καὶ
641 784 680 820 τῷ
702 784 748 811 τοῦ
774 784 890 821 Πατρός,

97 831 144 857 καὶ
161 830 201 865 τῷ
217 829 264 856 τοῦ
281 830 393 856 πάππου
413 829 526 864 ὀνόματι
550 830 742 866 ὲπικέκληκεν,
765 830 794 863 ἐξ
808 830 890 857 αὑτοῦ

95 876 143 903 τοῦ
158 877 209 911 τῆς
226 877 322 911 σοφίας
335 875 466 911 ὀνόματος
481 876 632 911 ἀγαπητῶς
648 877 746 912 μᾶλλον
761 878 832 913 ἔχειν
846 878 891 904 τὸν

942 280 1018 306 ribus
1033 280 1099 306 vixit
1113 287 1173 314 quae
1196 280 1343 306 subsecuta
1369 284 1433 307 sunt
1450 280 1644 314 captivitatem.
1669 281 1733 308 red-

942 326 1009 352 itum
1026 331 1052 354 et
1068 327 1214 361 prophetas
1246 333 1352 353 omnes.
1370 326 1444 353 Avus
1456 334 1520 361 ergo
1542 326 1624 360 hujus
1638 326 1729 359 Jesus,

941 372 1170 407 quemadmodum
1188 375 1215 399 et
1230 372 1287 406 ipse
1304 376 1435 405 testatur,
1451 373 1493 399 vir
1509 371 1560 398 fuit
1579 372 1731 402 industrius

941 421 968 445 et
985 418 1259 452 prudentissimus,et
1272 426 1324 445 non
1336 419 1423 446 solum
1439 419 1608 454 superiorum
1625 425 1687 447 ante
1699 429 1730 448 se

942 463 1094 496 sapientum
1118 464 1348 499 apophthegmata
1369 465 1487 499 collegit,
1505 465 1552 492 sed
1568 469 1594 492 et
1621 467 1731 501 propria

941 509 1064 544 quaedam
1081 509 1114 536 de
1125 517 1175 536 suo
1192 510 1303 544 adjecit,
1320 511 1406 537 multa
1418 511 1552 545 sapientia
1564 516 1591 539 et
1612 513 1732 547 pruden-

942 555 979 581 tia
1007 555 1116 582 referta.
1132 555 1200 582 Cum
1221 555 1304 590 igitur
1323 555 1396 582 hunc
1410 556 1508 583 librum
1537 557 1612 593 prior
1621 557 1701 585 Jesus
1715 566 1731 585 ο

941 601 1011 628 vivis
1036 601 1180 629 discedens
1195 605 1257 637 post
1286 609 1316 629 se
1343 603 1510 637 reliquisset,
1544 603 1639 632 Sirach
1659 605 1732 633 ﬁlius

941 647 1002 681 ejus
1022 652 1175 682 acceptum,
1200 647 1265 675 Jesu
1289 648 1345 675 tilio
1373 656 1423 676 suo
1446 649 1568 684 reliquit.
1593 649 1618 677 Is
1638 655 1732 686 postea

942 693 1043 727 scripta
1059 693 1104 720 illa
1118 693 1145 720 in
1164 701 1248 720 unum
1264 701 1382 729 eumque
1400 702 1447 729 per
1464 695 1555 722 omnia
1572 696 1731 724 continuum

942 738 1066 765 ordinem
1079 738 1196 773 digesta,
1210 739 1260 766 sub
1277 748 1327 767 suo
1344 740 1430 775 patris
1447 744 1474 766 et
1493 741 1535 767 avi
1552 741 1661 768 nomine
1680 741 1732 768 Sa-

942 784 1072 819 pientiam
1087 785 1205 817 vocavit,
1232 789 1262 812 ut
1281 786 1342 820 ipso
1361 785 1507 820 Sapientiae
1530 787 1641 814 nomine
1655 787 1733 814 audi-

943 834 1029 857 torem
1059 830 1192 861 alliceret,
1220 834 1246 857 et
1273 831 1306 858 ad
1332 831 1537 859 meditationem
1565 832 1626 859 libri
1651 833 1733 868 huius

944 881 1067 903 amanter
1086 877 1289 912 suscipiendam
1307 882 1478 912 provocaret.
1493 879 1623 906 Continet
1642 886 1732 907 autent

95 923 236 958 ἀκροατὴν
252 923 321 958 πρὸς
343 921 391 957 τὴν
410 922 494 958 αὐτὴν
514 923 563 958 τῆς
586 923 678 958 βίϐλου
701 923 816 959 μελέτην
830 925 890 950 ἐπι-

944 921 988 948 hic
1003 922 1072 949 liber
1098 930 1239 950 sermones
1261 923 1422 958 prudentiae,
1437 924 1580 959 aenigmata
1609 930 1636 952 et
1653 933 1734 960 para-

98 968 252 1004 σπὼμενος.
267 968 370 1002 Λόγους
386 967 432 995 οὖν
447 969 616 1004 φρονήσεως,
637 969 787 1005 αἰνίγματά
798 979 827 995 τε
845 970 892 997 καὶ

97 1015 258 1050 παραϐολὰς
272 1016 404 1051 περιέχει,
419 1016 466 1043 καὶ
485 1016 602 1052 μερικὰς
615 1024 691 1048 τινας
706 1015 824 1047 παλαιὰς
838 1015 893 1042 Ozo-

97 1061 186 1095 φιλεῖς
202 1061 333 1096 ἱστορίας,
350 1062 414 1097 περί
433 1071 462 1087 τε
480 1061 583 1097 ἀνδρῶν
599 1062 840 1097 εὐαρεπησὰντων
853 1061 891 1097 τῷ

96 1108 168 1142 Θεῷ,
181 1107 230 1134 καὶ
245 1108 327 1144 εὐχὴν
342 1108 388 1134 καὶ
403 1108 487 1143 ὕμνον
501 1107 599 1135 αὐτῶν.
613 1108 674 1135 Ἔτι
696 1108 724 1134 δὲ
743 1104 780 1134 ὧν
795 1109 810 1134 ό
826 1108 892 1140 Θεὸς

96 1154 261 1190 εὐεργεσιῶν
283 1154 383 1189 ἠξίωσε
400 1155 445 1181 τὸν
469 1154 533 1181 λαδν
550 1154 644 1186 αὐτοῦ,
664 1155 712 1181 καὶ
732 1151 769 1181 ὧν
790 1154 891 1190 ἔπλησε

97 1200 192 1226 κακῶν
207 1201 270 1232 τοὺς
286 1200 399 1237 ἐχθροὺς
415 1200 516 1228 αὐτῶν.
539 1201 655 1232 Ὀπαδδς
671 1201 761 1227 τοίνυν
774 1200 820 1227 τοῦ
842 1201 891 1227 Σο-

97 1245 236 1281 λομῶντος
250 1243 326 1278 οὗτος
342 1246 356 1272 ὁ
373 1246 479 1281 Ἰησοῦς
494 1246 625 1281 γεγονὼς,
639 1246 715 1272 οὐδὲν
725 1244 806 1282 ἦττον
820 1247 892 1273 ἐκεί-

97 1300 143 1319 νου
163 1292 227 1327 περὶ
242 1291 292 1328 τὴν
309 1292 405 1327 σοφίαν
419 1293 466 1318 καὶ
486 1292 608 1319 παιδείαν
626 1292 782 1328 ἠρίστευσε,
808 1292 890 1318 πολυ-

99 1337 188 1374 μαθὴς
204 1337 313 1374 ἀληθῶς
329 1338 377 1364 καὶ
391 1337 428 1364 ὢν
446 1338 492 1364 καὶ
508 1338 684 1373 καλούμενος.
707 1336 788 1364 Ἀλλὰ
811 1345 889 1372 περι-

98 1384 164 1420 οχὴν
189 1384 249 1420 μὲν,
267 1384 305 1416 ὼς
325 1383 357 1410 ἄν
369 1393 411 1416 τις
424 1384 507 1417 εἴποι,
526 1384 627 1419 ταύτην
649 1383 705 1418 ἔχει
726 1383 757 1409 τὸ
778 1382 889 1418 βιδλίον.

99 1430 153 1466 Τὴν
168 1430 197 1456 δὲ
212 1429 448 1464 ἀνακεφαλαίωσιν
463 1430 550 1457 ἰστέον
563 1429 660 1461 οὕτως.
680 1429 725 1456 Ἐν
739 1429 891 1465 προοιμίοις

100 1476 240 1512 μὲνυπερὶ
263 1476 355 1511 πάσης
377 1477 474 1511 σοφίας
497 1476 600 1512 Κυρίου
622 1476 771 1511 διηγεῖται¹
796 1476 890 1502 ἔπειτα

100 1523 163 1558 περὶ
183 1522 280 1558 θυμοῦ,
299 1523 346 1550 καὶ
363 1522 457 1557 φόϐου,
476 1523 524 1549 καὶ
540 1522 671 1557 ἀφοϐίας·
698 1522 762 1557 περὶ
778 1522 891 1558 ἐπιστή-

102 1575 155 1603 μης
175 1567 286 1601 σοφίαςο
304 1567 368 1602 περὶ
393 1567 547 1602 θεοφοὸίας,
573 1567 637 1603 περὶ
658 1566 706 1593 τοῦ
731 1567 786 1593 δεῖν
805 1567 890 1602 χωρὶς
903 1581 925 1611 c

99 1612 270 1648 ὑποκρίσεως
295 1612 436 1648 προσιέναι
464 1612 540 1648 Θεῷ·
566 1613 630 1649 περὶ
654 1611 816 1648 πειρασμῶν
844 1612 891 1639 καὶ

99 1659 252 1694 ὑπομονῆς·
267 1660 331 1695 περὶ
347 1660 446 1691 δειλίας
467 1660 514 1685 καὶ
531 1659 666 1691 ὲκλύσεως
676 1667 684 1673 ι
703 1659 767 1694 περὶ
781 1659 891 1694 ἀγάπης

98 1705 201 1741 Κυρίου
211 1714 217 1720 ·
236 1707 301 1742 περὶ
315 1707 397 1742 τιμῆς
410 1706 460 1741 τῆς
479 1707 519 1737 εἰς
534 1706 597 1737 τοὺς
608 1706 697 1740 γονεῖς
707 1714 713 1719 ·
729 1705 793 1742 περὶ
805 1706 891 1741 πρᾳό-

97 1760 177 1788 τητος
194 1753 241 1779 καὶ
260 1753 409 1784 ἐπιεικείας
431 1751 579 1779 ταπεινοῦο
605 1752 669 1788 περὶ
678 1752 830 1788 προπετοῦς
845 1752 892 1778 καὶ

97 1798 286 1825 ἅνυποτάκτου
314 1797 455 1834 ζητήσεως
479 1797 535 1824 τῶν
566 1798 605 1833 μὴ
628 1798 889 1834 προστεταγμένων·

99 1845 163 1880 περὶ
187 1844 402 1880 σκληροκαρδίου
425 1844 473 1871 καὶ
489 1844 676 1880 ὑπερηφάνου,
693 1844 757 1879 περὶ
779 1842 890 1870 συνετοῦ

100 1890 147 1917 καὶ
160 1890 296 1925 εῦμαῦοῦς
309 1890 376 1926 (23),
392 1891 439 1917 καὶ
451 1891 595 1926 ὲλεήμονος
609 1891 655 1916 καὶ
678 1891 803 1926 ὀρφανῶν
827 1899 891 1926 προ-

99 1937 213 1964 στάτου·
239 1937 308 1972 πρὸς
327 1937 401 1971 φίλον
422 1937 602 1964 ὑποτακτικὸν
617 1936 664 1963 καὶ
685 1937 813 1972 ἐπιεικῆ·
828 1937 891 1972 περὶ

97 1983 262 2017 ἁνυῴώσεως
274 1983 339 2009 υἱῶν
350 1984 398 2018 τῆς
410 1983 505 2018 σοφίας
515 1991 521 1997 ·
536 1983 600 2018 περὶ¹
611 1981 794 2015 ἀνυποταξίας
809 1990 892 2017 πονη-

99 2031 170 2066 ρῶν·
189 2031 237 2057 καὶ
259 2030 322 2065 περὶ
338 2029 468 2065 αἰσχύνης
489 2029 624 2064 βλαϐερᾶς
647 2029 693 2055 καὶ
715 2028 889 2063 ὲπωφελοῦς·

101 2076 136 2112 μὴ
151 2076 205 2112 πρὸ
220 2075 275 2102 τῶν
297 2075 385 2110 ἔργων
400 2076 463 2106 τοὺς
475 2074 582 2108 λόγους,
603 2073 670 2108 μηδὲ
687 2073 890 2100 ἐθελοδιδάσκα-

99 2122 143 2153 λος
164 2121 250 2156 γίνου.
267 2122 335 2154 Περὶ
355 2121 403 2147 τοῦ
423 2120 459 2156 μὴ
475 2120 530 2146 δεῖν
547 2119 668 2146 δεδέσθαι
687 2118 761 2154 πόθῳ
779 2119 888 2155 χρημά-

99 2176 161 2199 των,
179 2168 247 2204 μηδὲ
263 2167 366 2194 οἴεσθαι
387 2166 542 2202 ἀτιμωρητὶ
562 2166 737 2201 ἁμαρτάνειν,
752 2165 803 2192 κᾶν
819 2174 891 2202 παρ-

100 2214 197 2241 αυτίκα
229 2214 268 2250 μὴ
290 2213 379 2248 δῶμεν
400 2213 449 2248 τὴν
472 2212 607 2248 τιμωρίαν
620 2221 626 2227 ·
646 2211 821 2247 μακρόθυμος
838 2211 892 2247 γάρ

942 966 1030 998 bolas,
1045 967 1077 994 ad
1094 968 1151 995 haec
1173 975 1200 996 et
1224 969 1284 1003 pias
1308 969 1441 1003 quasdam
1455 974 1579 996 veterum
1603 971 1733 1000 historias

942 1013 976 1040 de
992 1013 1059 1040 viris
1075 1013 1130 1040 Deo
1156 1015 1286 1049 acceptis,
1313 1019 1339 1042 et
1365 1015 1447 1042 simul
1469 1015 1577 1043 illorum
1599 1024 1693 1051 preces
1707 1021 1734 1044 et

942 1058 1084 1094 hymnum.
1105 1058 1239 1087 Prazterea
1255 1060 1288 1087 de
1313 1060 1464 1092 beneﬁciis,
1484 1061 1585 1096 quibus
1604 1063 1733 1097 populum

942 1111 1022 1131 suum
1038 1104 1110 1132 Deus
1119 1105 1248 1140 dignatus
1259 1109 1311 1137 est,
1329 1110 1356 1134 et
1365 1106 1400 1134 de
1416 1107 1507 1139 malis,
1524 1108 1624 1142 quibus
1641 1108 1734 1136 hostes

941 1151 1063 1185 ipsorum
1076 1150 1175 1179 aﬁecit.
1194 1151 1244 1179 Hic
1257 1152 1350 1187 itaque
1365 1151 1457 1184 Jesus,
1480 1160 1542 1180 cum
1558 1158 1631 1181 esset
1656 1153 1734 1181 Salo-

941 1197 1030 1224 monis
1046 1201 1175 1230 sectator,
1193 1197 1264 1225 haud
1281 1198 1372 1226 minus
1393 1198 1439 1225 illo
1459 1198 1488 1225 in
1513 1197 1674 1227 illustranda
1687 1208 1734 1227 sa-

941 1242 1046 1277 pientia
1056 1248 1083 1270 et
1100 1243 1211 1278 pietatis
1238 1244 1385 1279 disciplina
1406 1248 1551 1272 strenuum
1578 1253 1608 1273 se
1636 1246 1733 1281 gessit,

940 1297 1005 1317 vere
1016 1289 1171 1317 multiscius
1183 1291 1320 1318 exsistens
1328 1295 1354 1318 et
1370 1291 1406 1317 ita
1418 1291 1518 1319 dictus.
1532 1291 1608 1318 Hanc
1623 1292 1734 1327 quidem

941 1334 1168 1370 complexionem,
1188 1339 1217 1362 ut
1233 1336 1271 1363 ita
1285 1335 1386 1368 dicam,
1404 1336 1487 1363 habet
1514 1336 1567 1363 iste
1587 1336 1656 1363 liber
1671 1346 1678 1364 :
1691 1345 1734 1364 re-

941 1381 1101 1416 capitulatio
1114 1389 1177 1408 vero
1199 1381 1232 1408 ad
1249 1382 1322 1409 hunc
1347 1381 1460 1408 modum
1476 1383 1667 1416 cognoscenda
1680 1386 1732 1410 est.

941 1426 970 1454 In
988 1428 1122 1463 prooemio
1147 1428 1181 1455 de
1207 1429 1281 1454 omni
1306 1427 1448 1463 Sapientia
1476 1427 1584 1456 Domini
1604 1428 1733 1462 disserit;

941 1473 1040 1502 deinde
1056 1474 1089 1502 de
1103 1474 1153 1506 ira,
1169 1474 1202 1501 de
1219 1478 1292 1501 metu
1302 1474 1371 1510 (24),
1384 1475 1470 1509 deque
1486 1475 1578 1501 animo
1593 1475 1735 1509 imperter-

941 1519 1009 1553 rito;
1023 1519 1057 1546 de
1076 1519 1192 1547 scientia
1216 1520 1358 1554 sapientiae
1372 1529 1380 1547 :
1395 1520 1430 1547 de
1456 1520 1554 1548 timore
1584 1520 1642 1551 Dei,
1659 1521 1733 1555 quod

941 1569 1066 1601 oporteat
1077 1566 1180 1601 absque
1203 1565 1341 1601 hypocrisi
1359 1567 1490 1595 accedere
1513 1567 1547 1595 ad
1576 1567 1677 1602 Deum;
1700 1568 1735 1595 de

942 1612 1141 1639 tentationibus
1159 1615 1186 1639 et
1201 1612 1331 1647 patientia
1346 1622 1353 1646 ;
1379 1612 1412 1640 de
1432 1613 1579 1641 timiditate
1602 1618 1629 1641 et
1642 1614 1733 1641 animo

943 1659 1064 1693 dejecto;
1079 1659 1113 1686 de
1135 1659 1282 1687 dilectione
1306 1659 1431 1694 Domini;
1455 1660 1489 1688 de
1504 1660 1673 1688 honorandis
1686 1667 1734 1695 pa-

943 1704 1084 1737 rentibus;
1101 1704 1134 1731 de
1154 1705 1365 1732 mansuetudine
1389 1709 1416 1732 et
1430 1706 1560 1741 aequitate
1584 1706 1667 1732 animi
1682 1706 1734 1733 hu-

942 1750 1033 1782 milis;
1050 1750 1084 1777 de
1099 1754 1227 1784 proterva
1258 1754 1284 1778 et
1313 1752 1457 1778 temeraria
1476 1751 1674 1786 perquisitione
1692 1758 1735 1778 re.

942 1803 1014 1828 rum,
1032 1805 1093 1832 qua:
1104 1801 1246 1832 praecepta:
1262 1805 1317 1824 non
1330 1801 1410 1831 sunt;
1426 1798 1459 1825 de
1474 1799 1619 1832 praefracto
1635 1805 1667 1825 ac
1685 1806 1733 1826 su-

942 1842 1026 1877 perbo
1043 1851 1050 1874 ;
1068 1843 1101 1869 de
1117 1843 1285 1877 intelligente
1296 1847 1322 1870 et
1342 1842 1438 1876 docto;
1456 1843 1490 1870 de
1513 1843 1692 1870 misericorde
1706 1847 1733 1871 et

942 1888 1108 1923 pupillorum
1124 1893 1250 1923 patrono,
1275 1888 1308 1915 ad
1325 1889 1443 1915 amicum
1457 1889 1689 1924 obtemperantem
1705 1893 1733 1916 et

942 1933 1114 1967 modestum;
1142 1933 1176 1961 de
1196 1934 1361 1962 exultatione
1379 1935 1496 1962 ﬁliorum
1524 1935 1684 1970 sapientiae;
1699 1936 1733 1963 de

943 1978 1116 2005 contumacia
1140 1978 1347 2013 improborum;
1368 1978 1401 2006 de
1420 1978 1524 2013 pudore
1551 1983 1606 2005 tam
1637 1979 1732 2012 noxio,

943 2031 1024 2058 quam
1039 2024 1120 2057 utili;
1137 2023 1171 2051 de
1185 2031 1217 2051 eo
1233 2023 1306 2059 quod
1322 2025 1406 2051 verba
1415 2032 1469 2052 non
1477 2024 1592 2052 debeant
1602 2024 1732 2060 operibus

942 2070 1075 2104 praeponi,
1089 2077 1139 2097 nec
1155 2070 1301 2105 quisquam
1323 2070 1421 2097 debeat
1439 2078 1489 2098 sua
1505 2075 1602 2105 sponte
1615 2070 1732 2098 docendi

943 2115 1060 2143 ollicium
1089 2124 1233 2151 usurpare.
1267 2116 1345 2149 Quod
1362 2125 1443 2144 nemo
1471 2117 1567 2144 debeat
1595 2116 1732 2144 desiderio

943 2162 1120 2197 pecuniarum
1138 2162 1238 2189 irretiri
1251 2181 1258 2194 ,
1278 2170 1327 2190 nec
1346 2167 1441 2197 putare
1458 2163 1531 2198 quod
1558 2163 1668 2197 impune
1684 2163 1733 2190 dc-

944 2207 1061 2242 linquat,
1078 2207 1184 2234 etiamsi
1198 2215 1252 2234 non
1265 2207 1357 2234 statim
1373 2215 1469 2242 pmnas
1485 2207 1647 2235 damus.Est
1657 2207 1732 2235 enim

103 2261 172 2287 ἔστιν
197 2262 212 2287 ὁ
231 2260 307 2292 63.6;-
329 2259 384 2286 δεῖν
406 2267 436 2285 τε
459 2257 649 2291 ἐξιλάσκεσθαι
672 2257 764 2289 αὑτὸν,
784 2258 830 2284 καὶ
854 2257 890 2294 μὴ

945 2253 1016 2282 Deus
1030 2254 1210 2289 longanimis;
1227 2254 1299 2288 quod
1324 2255 1474 2281 curandum
1490 2254 1579 2286 nobis,
1598 2259 1627 2281 ut
1642 2255 1732 2290 piare-

102 2305 265 2342 πορευοῆναι
283 2306 311 2336 εν
324 2304 457 2342 ἐπιθυμίᾳ
471 2303 594 2339 καρδίας.
613 2304 681 2339 Περὶ
698 2303 745 2330 τοῦ
763 2303 799 2338 μὴ
814 2311 893 2338 περι-

102 2351 231 2388 φέρεσθαι
247 2351 329 2378 παντὶ
345 2352 448 2386 ἀνέμῳ,
463 2351 510 2377 καὶ
523 2351 586 2386 περὶ
598 2349 733 2386 φλυαρίας
747 2350 794 2376 καὶ
808 2350 893 2385 ὑπερ-

101 2398 232 2432 ηφανίας·
261 2397 326 2433 περὶ
352 2397 512 2433 φιληδόνου·
546 2396 692 2431 δοκιμασία
720 2395 817 2421 πιστοῦ
844 2395 892 2422 καὶ

101 2444 213 2471 ἀπίστου
223 2452 230 2461 ·
246 2444 310 2480 περὶ
322 2443 446 2475 παιδείας
460 2443 574 2478 Κυρίου.
586 2443 626 2468 ὃτι
637 2442 691 2469 ἀπὸ
703 2442 827 2477 νεότητος
839 2441 892 2473 ἕως

101 2489 192 2524 γήρως
208 2488 352 2523 ἐπιθυμεῖν
376 2487 458 2523 αὐτὴν
481 2487 539 2514 δεῖ·
558 2487 622 2522 περὶ
647 2486 805 2521 ἀκροάσεως
825 2486 893 2512 ἀνω-

102 2535 197 2569 φελοῦς
209 2543 215 2549 ·
234 2535 297 2570 περὶ
317 2533 364 2561 τοῦ
387 2533 424 2569 μὴ
445 2532 598 2568 προδιδόναι
622 2532 707 2567 φίλον,
728 2532 796 2568 μηδὲ
812 2533 893 2559 ἀστο-

101 2583 155 2617 χεῖν
173 2581 302 2616 γυναικὸς
318 2581 418 2616 σοφῆς’
431 2579 497 2616 ’περὶ⁹
512 2579 635 2610 οἰκετῶν,
648 2579 712 2614 περὶ
727 2579 888 2614 κτημάτων·

101 2626 164 2662 περὶ
184 2626 305 2652 τέκνων·
329 2625 394 2661 περὶ
415 2624 567 2659 γυναικῶν·
590 2623 654 2659 περ).
680 2623 727 2649 τοῦ
746 2623 783 2659 μὴ
806 2632 887 2650 κακο-

102 2673 196 2705 ποιεῖν,
213 2672 230 2708 ἢ
246 2671 397 2706 φιλαρχεῖν,
412 2671 428 2707 ἢ
442 2672 621 2706 καταφρονεῖν
633 2670 808 2705 ἁμαρτάνειν.
823 2670 891 2706 Περὶ

101 2718 146 2745 τοῦ
165 2719 203 2754 μὴ
221 2718 366 2753 ψεύδεσθαι
389 2717 506 2752 ἀδελφῷ,
527 2717 594 2752 μηδὲ
616 2716 746 2752 φλυαρεῖν
762 2715 808 2742 ἐπὶ
822 2725 891 2752 πρε-

104 2764 253 2800 σϐυτέρων,
271 2763 338 2799 μηδὲ
361 2763 526 2798 δευτερῶσαι
549 2762 643 2797 λόγον·
666 2762 731 2799 περὶ
747 2762 826 2799 δόξης
839 2771 891 2789 πα-

140 2863 194 2900 (2‘2l
212 2864 294 2900 Editi.
312 2863 473 2900 utdgmaie.
491 2861 630 2892 Musculus
645 2863 758 2900 legerat,
776 2863 887 2900 Ἰησοῦς.

141 2899 196 2935 (25)
213 2899 263 2943 §Lc
272 2899 403 2928 Commel.

942 2303 996 2332 tur,
1006 2307 1039 2326 ne
1055 2299 1082 2326 in
1094 2299 1316 2334 concupiscentia
1326 2300 1416 2327 cordis
1428 2300 1642 2335 progrediamur.
1653 2299 1731 2333 Quod

942 2352 997 2372 non
1022 2345 1170 2372 debeamus
1189 2345 1288 2380 quovis
1317 2350 1397 2372 vento
1423 2345 1614 2379 circumferri;
1631 2346 1664 2373 de
1679 2354 1732 2372 nu-

941 2391 1058 2426 gacitate
1087 2396 1113 2418 et
1141 2391 1315 2426 arrogantia;
1341 2391 1375 2419 de
1402 2392 1588 2426 roluptuario;
1607 2392 1732 2427 probatio

941 2439 988 2466 ﬁdi
1014 2442 1041 2466 et
1059 2438 1153 2470 inﬁdi;
1179 2438 1213 2465 de
1229 2438 1373 2474 disciplina
1401 2437 1518 2470 Domini,
1545 2439 1617 2474 quod
1636 2439 1680 2466 illa
1696 2439 1730 2466 ab

941 2485 1126 2513 adolescentia
1142 2484 1175 2511 ad
1188 2489 1357 2512 senectutem
1379 2493 1466 2520 usque
1481 2484 1660 2513 desideranda
1675 2485 1729 2519 sit;

941 2532 975 2559 de
987 2531 1079 2558 auditu
1093 2531 1195 2563 inutili,
1217 2530 1291 2566 quod
1317 2531 1422 2558 amicus
1438 2531 1514 2567 prodi
1544 2539 1597 2558 non
1621 2532 1728 2563 debeat,

941 2585 1031 2612 neque
1056 2577 1250 2604 declinandum
1266 2576 1303 2603 sit
1317 2584 1332 2603 a
1347 2577 1462 2604 muliere
1476 2577 1618 2612 sapiente;
1632 2576 1664 2605 de
1680 2577 1730 2605 do-

941 2624 1075 2656 mesticis,
1092 2624 1125 2650 de
1138 2623 1372 2658 possessionibus,
1401 2623 1435 2650 de
1463 2623 1567 2656 liberis,
1585 2623 1618 2650 de
1636 2623 1730 2650 uxori-

940 2670 1001 2697 bus.
1024 2669 1100 2702 Quod
1116 2668 1229 2707 _nemini
1254 2669 1358 2696 malum
1383 2669 1472 2696 facere
1499 2669 1657 2700 debeamus,
1679 2677 1728 2697 uec

941 2716 1111 2744 dominatum
1139 2715 1255 2748 ambire,
1279 2723 1368 2750 neque
1397 2720 1572 2743 contemnere
1594 2715 1617 2743 si
1634 2723 1727 2751 pecce-

941 2769 1014 2789 mus.
1031 2760 1110 2794 Quod
1124 2767 1176 2788 nec
1197 2759 1329 2788 debemus
1343 2759 1453 2787 mentiri
1469 2759 1557 2793 fratri,
1574 2767 1662 2795 neque
1673 2766 1727 2787 nu-

981 2861 1036 2897 (24)
1054 2861 1193 2889 lliusculus
1219 2859 1309 2894 habet,
1334 2859 1431 2889 Deinde
1446 2859 1478 2889 de
1495 2860 1589 2888 timore
1609 2859 1725 2890 Domini,

942 2897 973 2927 de
989 2899 1041 2932 ira,
1057 2897 1089 2926 ds
1101 2901 1181 2932 metu,
1198 2901 1250 2926 etc.
