1929 3056
185 142 237 171 579

752 137 781 164 Β.
801 134 1036 164 ATHANASIUS.
1057 148 1092 153 —
1109 132 1223 161 DUBIA.

1766 132 1836 161 380

165 211 170 238 ι
186 200 244 235 gari
258 207 350 227 coram
373 196 538 227 senioribus,
562 203 614 223 nec
633 196 734 223 iterare
749 202 921 227 sermonem;
937 195 971 221 de

1022 192 1095 228 τρὺς,
1110 193 1126 228 ἢ
1149 191 1261 227 μητρὸς,
1279 192 1325 218 xui
1345 191 1408 226 περὶ
1426 191 1474 226 τῆς
1493 190 1564 217 κατὰ
1578 190 1644 218 Θεὸν
1656 191 1831 225 εὐλαϐείας,

186 247 272 281 gloria
286 245 370 280 patris
383 247 410 271 et
421 243 519 270 matris
532 250 539 274 ;
555 241 589 269 de
604 241 759 269 reverentia
779 249 810 267 ac
825 245 899 267 metu
911 239 969 272 Dei;

185 292 219 319 de
234 290 399 318 honorandis
414 289 611 320 sacerdotibus,
628 291 655 315 ct
669 288 703 315 de
715 287 844 314 curandis
853 286 969 314 amictis.

185 337 263 372 Quod
278 337 412 371 cujusque
423 336 461 363 rei
478 337 558 362 liuern
575 335 652 370 prius
667 338 790 368 oporteat
802 333 969 368 prospicere,

185 391 268 420 quam
295 383 431 410 actionem
447 382 554 415 ordiri;
579 379 652 416 quod
669 380 802 414 cujusque
824 379 970 409 sermonis,

185 434 232 457 aut
261 429 361 463 negotii
390 427 520 462 postremi
543 430 658 453 eventus
688 424 871 460 prospiciendi
904 424 969 450 sint.

185 474 262 508 Quod
274 478 444 501 vetustorum
457 472 610 507 sapientum
622 471 831 498 dissertationes
847 474 971 497 conteru-

185 520 282 547 nendze
296 528 349 546 non
365 519 431 546 sint.
459 517 536 544 Unde
561 517 666 543 oriatur
682 516 832 548 scortatio;
850 519 970 542 veterem

186 566 304 593 amicum
320 573 374 592 non
390 572 450 591 esse
479 563 671 592 deserendum.
687 570 720 589 eo
737 562 809 597 quod
827 561 924 588 similis
936 561 971 588 sit

185 612 250 639 vino
263 619 333 639 novo
350 618 437 637 novus
465 609 591 636 amicus:
604 609 637 635 de
650 608 754 635 artiﬁce
778 608 909 642 sapiente,
923 607 972 634 do-

186 662 263 684 ctore
291 656 402 687 selecto,
413 659 440 682 et
454 663 517 689 rege
532 654 745 689 imlisciplinato.
755 652 831 685 Quod
845 653 970 679 morbqu

185 703 348 730 diuturnum
367 704 477 735 expetat
500 699 643 727 medicus:
664 699 742 734 134,
756 702 788 726 de
803 698 907 725 semine
923 699 972 725 ho-

185 747 303 776 norabili
317 751 344 774 et
357 747 459 778 inﬁdo;
476 746 510 773 de
539 745 641 772 famulo
657 745 779 779 sapiente
792 748 819 770 et
848 745 972 779 principe

185 794 326 830 opulento.
343 793 421 826 Quod
436 792 545 820 modica
562 800 622 818 cum
639 791 760 818 sitinter
773 790 899 817 volucres
913 790 970 824 api-

185 841 257 869 cula.
279 839 384 866 fructus
406 843 497 865 tamen
527 837 602 864 illius
627 837 730 871 primas
755 836 877 863 obtineat
901 836 972 862 inter

1024 240 1071 265 xui.
1084 240 1134 274 τῆς
1154 239 1194 269 εις
1220 238 1300 273 ἱερεῖς
1317 237 1409 272 τιμῆς,
1434 237 1480 263 xui
1501 237 1552 273 τῆς
1567 238 1607 269 εἰς
1626 239 1834 273 κακουμένους

1023 284 1204 320 ἐπισκέψεως.
1223 284 1283 311 Ὅτι
1300 284 1414 310 ἑκάστου
1439 284 1602 320 πράγματος
1621 284 1651 310 τὸ
1673 284 1752 317 τέλος
1781 285 1835 312 δεῖ

1024 332 1155 367 προορᾷν,
1179 331 1226 357 xui
1249 330 1335 362 οὕτως
1363 330 1511 367 ἄρχεσθαι·
1538 331 1654 358 ἑκάστου
1676 330 1775 365 λόγου,
1809 331 1830 365 ἢ

1023 378 1150 414 πράξεως
1165 379 1276 405 σκοπεῖν
1292 378 1326 405 τὰ
1339 377 1449 413 ἔσχατα.
1470 378 1525 404 Καὶ
1538 378 1602 413 περὶ
1613 377 1660 404 τοῦ
1678 378 1715 413 μὴ
1727 384 1831 414 παρο-

1025 426 1074 461 ρᾷν
1087 425 1207 460 διήγημα
1221 425 1355 459 γερόντων
1369 423 1468 458 σοφῶν,
1484 423 1530 456 Ἐξ
1543 424 1612 450 ὅσων
1625 424 1731 458 γίνεται
1748 433 1830 460 πορ-

1023 471 1097 498 νεία·
1116 471 1180 506 περὶ
1197 470 1242 496 τοῦ
1262 471 1298 505 μὴ
1317 470 1565 505 ἐγκαταλιμπάνειν
1589 470 1663 504 φίλον
1680 471 1825 506 ἀρχαῖον’

1022 517 1036 543 ὁ
1056 516 1109 552 γὰρ
1121 516 1180 548 νέος
1199 514 1268 547 οἶνος
1284 515 1353 550 φίλῳ
1366 515 1418 550 νέῳ
1431 516 1605 550 συγκρίνεται
1617 524 1623 530 ·
1639 516 1702 551 περὶ
1723 515 1827 551 τεχνί-

1022 572 1069 590 του
1099 563 1190 597 σοφοῦ,
1216 563 1263 589 καὶ
1289 561 1381 598 κριτοῦ
1407 561 1576 592 διδασκάλου,
1603 562 1651 588 xui
1678 561 1826 597 βασιλέως

1023 609 1196 636 ἀπαιδεύτου.
1212 609 1272 634 Ὂτι
1302 607 1405 643 μακρὸν
1431 607 1599 643 ἀρρώστημα
1631 609 1728 634 σκοπεί
1755 608 1823 643 (25)

1025 656 1127 690 ἱατρός·
1147 655 1211 691 περὶ
1232 654 1387 690 σπέρματος
1398 655 1506 689 ἐντίμου
1529 655 1576 680 καὶ
1597 654 1728 680 ἀπίστου·
1747 655 1829 690 περὶ

1022 703 1127 729 οἰκέτου
1150 701 1243 736 σοφοῦ,
1258 702 1305 727 καὶ
1324 700 1452 736 ἄρχοντος
1474 700 1610 726 πλουσίου.
1624 700 1686 727 Ὅτι
1711 701 1821 736 μικρὸν

1023 747 1051 773 ὲν
1063 748 1193 778 πετεινοῖς
1205 747 1221 781 ἡ
1234 746 1359 781 μέλισσα,
1372 746 1418 771 xui
1429 745 1500 780 ἀρχὴ
1511 745 1708 780 γλυκασμὰτων
1718 746 1732 771 6
1744 754 1821 781 καρ-

1023 793 1072 825 πὸς
1087 794 1179 828 αὐτῆς.
1196 793 1263 828 Περὶ
1281 792 1327 818 τοῦ
1343 791 1380 827 μὴ
1393 791 1521 827 ἀκρίτως,
1539 791 1613 830 μηδὲ.
1624 790 1818 824 ἀνεξετάστως

1024 838 1189 874 μέμφεσθαι,
1206 837 1273 872 μηδὲ
1292 834 1361 863 εἶναι
1376 836 1600 871 πολυπράγμονα,
1613 835 1680 862 ἀλλὰ
1693 836 1815 869 δίκαιον,

185 885 285 912 dulcia.
297 884 374 918 Quod
389 883 603 919 absquejudicio
614 886 640 910 et
652 890 680 910 re
696 883 815 910 nondum
831 883 971 918 explorata

1022 885 1062 911 ὅτι
1078 884 1144 915 Θεὸς
1168 885 1181 910 6
1205 883 1363 915 πλουτίζων.
1379 882 1440 909 Ὅτι
1459 882 1539 918 μηδὲν
1556 882 1609 909 τῶν
1631 882 1816 918 ἀνθρωπίνων

184 939 241 958 non
255 931 291 959 sit
307 931 487 966 querendum.
505 929 583 963 Quod
604 936 659 955 non
673 932 797 964 oporteat
807 936 867 956 esse
881 929 970 956 curio-

185 985 257 1009 sum.
275 977 322 1005 scd
332 977 447 1012 justum,
459 984 491 1003 eo
508 975 582 1011 quod
600 974 672 1002 Deus
685 979 727 1002 est
743 975 788 1009 qui
804 975 881 1001 ditat.
892 974 970 1007 Quod

185 1024 253 1050 nihil
267 1031 298 1050 cx
313 1023 440 1050 humanis
457 1022 537 1049 bonis
555 1022 592 1048 ita
607 1026 736 1048 constans
751 1021 841 1055 putari
861 1020 968 1047 debeat.

184 1068 263 1102 Quod
279 1076 333 1095 non
345 1068 382 1095 sit
396 1067 568 1094 familiariter
583 1074 643 1093 cum
658 1067 756 1101 quovis
771 1066 880 1093 homine
888 1073 970 1101 agen-

184 1115 261 1146 dum,
280 1114 328 1141 sed
349 1122 412 1140 cum
441 1114 494 1148 piis
508 1117 614 1139 tantum
642 1116 670 1139 et
695 1112 789 1147 justis.
817 1113 893 1145 Quod
905 1112 969 1138 mali

184 1161 299 1189 cavendi
313 1161 385 1193 sint;
400 1159 473 1195 quod
499 1159 568 1186 nihil
593 1159 629 1187 sit
642 1158 796 1186 habendum
813 1159 969 1186 commercii

185 1215 248 1234 cum
261 1206 398 1241 superbis,
427 1209 539 1240 propter
562 1205 789 1240 inquinationcm,
817 1213 877 1240 qua:
891 1214 924 1232 ex
941 1205 971 1232 il-

185 1252 274 1279 lorum
290 1251 496 1279 conversatione
514 1251 619 1284 oritur;
647 1251 720 1286 quod
737 1259 753 1278 a
772 1251 864 1279 multis
878 1252 970 1278 colen-

185 1286 238 1326 dus
251 1299 286 1326 sit
303 1298 443 1333 proximus
475 1303 502 1325 et
528 1298 601 1334 quod
629 1299 843 1334 unumquodque
869 1299 969 1326 animal

184 1343 280 1378 diligat
295 1344 346 1370 sibi
363 1343 462 1371 simile.
472 1343 706 1377 Quemadmodum
721 1346 792 1372 enim
809 1345 884 1372 nulla
892 1353 969 1372 com-

185 1390 279 1416 munio
306 1394 348 1417 est
377 1390 441 1424 lupo
461 1398 524 1416 cum
550 1398 631 1425 agno,
650 1399 737 1426 neque
753 1391 855 1426 hyaenae
867 1399 917 1426 pax
929 1395 970 1418 est

185 1442 248 1462 cum
267 1442 344 1467 cane,
361 1435 397 1462 ita
421 1443 509 1471 neque
525 1437 662 1470 peccatori
679 1445 739 1464 cum
755 1437 815 1471 pio;
830 1437 863 1464 de
879 1437 969 1472 parcis

185 1482 232 1516 qui
248 1482 315 1509 nihil
328 1483 480 1517 largiuntur
488 1483 560 1510 aliis.
575 1483 609 1510 Et
624 1484 696 1518 quod
711 1484 778 1510 nihil
790 1484 887 1510 habeat
903 1491 970 1510 con-

185 1527 273 1559 trarii,
293 1532 348 1554 tam
361 1529 388 1554 in
401 1528 515 1560 divitiis,
544 1537 624 1564 quam
644 1530 927 1564 paupertate,justum
943 1534 970 1557 et

185 1572 260 1607 pium
278 1581 340 1601 esse
356 1582 363 1607 ;
380 1574 489 1601 beatum
518 1575 638 1609 reputari
658 1583 729 1607 eum,
746 1576 792 1610 qui
806 1575 840 1602 ad
855 1580 970 1602 mortem

186 1626 275 1653 usque
287 1620 426 1654 sapienter
444 1627 476 1646 ae
494 1621 644 1654 prudenter
658 1621 742 1653 vivat,
757 1629 812 1649 non
833 1621 880 1656 qui
895 1621 970 1648 dives

186 1664 222 1690 sit
233 1665 261 1691 in
276 1665 327 1692 hoc
343 1666 454 1693 mundo.
470 1665 507 1693 De
523 1667 609 1694 libero
621 1667 735 1694 arbitrio
751 1667 843 1702 :quod
857 1667 890 1694 de
905 1675 972 1702 apo-

187 1708 272 1735 stasia
288 1717 341 1736 non
355 1710 391 1736 sit
420 1711 489 1738 ratio
515 1711 648 1745 exigenda
662 1719 676 1737 a
692 1711 818 1744 Domino,
848 1719 880 1739 eo
898 1712 971 1746 quod

188 1755 280 1781 omnia
306 1755 354 1782 tibi
373 1757 540 1790 opposuerit.
559 1757 636 1790 Quod
657 1757 755 1784 melius
781 1757 818 1784 sit
834 1758 973 1785 carereli-

188 1798 273 1830 beris,
285 1807 366 1834 quam
383 1801 484 1828 liberos
502 1801 602 1828 habere
626 1802 724 1829 malos.
749 1802 826 1835 Quod
838 1803 905 1830 nihil
919 1803 972 1831 Deo

188 1843 288 1876 lateat;
305 1845 338 1872 de
348 1847 502 1880 cognitione
519 1852 545 1874 et
562 1847 667 1881 judicio
693 1848 758 1882 Dei;
781 1853 808 1876 et
830 1849 903 1884 quod
919 1857 972 1876 non

187 1890 338 1925 putandum
355 1892 390 1918 sit
414 1892 523 1926 iniquos
548 1900 653 1927 possea
679 1892 734 1920 Dco
755 1894 896 1927 abscondi,
925 1899 972 1923 aut

186 1935 321 1970 judicium
347 1937 407 1971 ejus
429 1938 556 1973 ell'ugere.
579 1938 616 1966 De
629 1940 728 1967 creatis
753 1940 846 1968 rebus.
863 1941 901 1968 De
916 1941 972 1968 lor-

187 1982 308 2009 mationc
333 1983 464 2016 hominis,
493 1992 547 2020 qua
573 1985 723 2013 honoratus
739 1991 795 2020 est;
822 1987 856 2015 de
872 1987 973 2015 latione

188 2027 276 2063 legis;
294 2028 328 2055 de
344 2029 516 2066 eleemosyna
545 2034 572 2058 et
600 2032 780 2066 paenitentia;
803 2032 838 2059 de
850 2033 972 2061 modesta

188 2074 377 2108 responsione.
395 2075 454 2102 Non
470 2083 531 2103 esse
545 2077 755 2111 vituperandum
774 2078 874 2106 bonum
892 2087 971 2114 opus,

188 2126 277 2154 neque
288 2119 390 2147 donum
406 2121 522 2149 molesto
535 2129 660 2150 sermone
673 2131 679 2148 :
697 2123 768 2157 quod
779 2124 824 2158 qui
837 2124 974 2159 principa-

188 2169 246 2192 tum
257 2166 439 2201 concupiscit,
456 2169 582 2202 petulans
597 2169 647 2202 sit,
664 2173 690 2196 et
705 2169 732 2196 in
750 2169 877 2197 omnibus
890 2170 972 2198 rebus

1021 930 1131 965 ἀγαθῶν
1156 928 1343 965 ἁμετὰκλητον
1367 927 1422 963 (26)
1450 927 1584 964 ἡγεῖσθαι.
1612 928 1680 964 Περὶ
1702 929 1750 955 τοῦ
1772 929 1822 965 μὴ

1020 976 1177 1011 γνησιάζειν
1199 975 1279 1002 παντὶ
1300 973 1444 1010 ἀνθρώπῳ,
1469 974 1536 1001 ἀλλὰ
1559 974 1682 1001 εὐσεϐέσι
1701 976 1749 1002 xui
1769 976 1814 1002 δι-

1020 1024 1125 1054 καίοις’
1151 1023 1196 1048 καὶ
1218 1022 1282 1057 περὶ
1304 1021 1349 1047 τοῦ
1373 1020 1553 1055 φυλάττεσθαι
1575 1021 1638 1053 τοὺς
1662 1022 1812 1056 πονηρούς.

1021 1069 1088 1105 Περὶ
1102 1068 1148 1095 τοῦ
1166 1067 1204 1103 μὴ
1219 1068 1357 1094 κοινωνεῖν
1370 1067 1554 1102 ὑπερηφάνοις
1565 1066 1608 1094 διὰ
1619 1067 1664 1093 τὸν
1679 1067 1709 1099 ἐξ
1724 1067 1812 1094 αὐτοῦ

1022 1115 1169 1151 μολυσμὺν,
1183 1114 1230 1140 xui
1246 1114 1295 1149 τὴν
1311 1112 1466 1149 συντριίὴν,
1479 1113 1526 1139 καὶ
1541 1113 1604 1148 περὶ
1617 1113 1666 1148 τῆς
1679 1112 1724 1139 τοῦ
1737 1113 1816 1149 πλη-

1021 1163 1077 1188 σίον
1104 1161 1250 1197 Θεραπείας
1277 1159 1353 1195 παρὰ
1377 1159 1497 1186 πολλῶν·
1524 1160 1571 1186 xui
1598 1159 1638 1185 ὅτι
1665 1160 1719 1186 πᾶν
1739 1158 1812 1192 ζῶον

1021 1208 1114 1243 ἀγαπᾷ
1139 1207 1168 1234 τὸ
1192 1208 1293 1242 ὅμοιον.
1310 1206 1415 1241 ’Ὠσπερ
1440 1205 1494 1240 γὰρ
1523 1207 1552 1233 οὐ
1579 1207 1702 1232 κοινωνεῖ
1726 1205 1812 1238 λύκος

1020 1254 1108 1290 ἀμνῷ,
1124 1253 1184 1279 οὒτε
1198 1252 1332 1289 εἰρηνεύει
1347 1251 1426 1278 ὓαινα
1439 1251 1506 1287 πρὸς
1523 1251 1607 1278 κύνα·
1620 1251 1706 1283 οὕτως
1721 1252 1818 1287 ἀμαρ-Δ

1019 1301 1102 1332 τωλὸς
1117 1300 1184 1336 πρὶς
1201 1299 1308 1334 εὐσεϐῆ.
1326 1298 1393 1334 Περὶ
1415 1297 1583 1333 μικρολόγων
1601 1298 1655 1324 τῶν
1673 1298 1709 1333 μὴ
1729 1307 1812 1333 μετα-

1020 1347 1143 1374 διδόντων
1157 1345 1271 1380 ὲτέροις,
1288 1345 1334 1372 καὶ
1350 1345 1390 1371 ὅτι
1407 1346 1435 1371 ὲν
1451 1344 1559 1379 πλούτῳ
1570 1345 1617 1370 καὶ
1633 1345 1755 1379 πτωχείᾳ
1769 1344 1811 1371 δί-

1020 1399 1096 1419 καιον
1113 1389 1181 1417 εἶναι
1195 1390 1242 1416 xui
1254 1391 1336 1422 ὅσιον,
1353 1391 1389 1425 μὴ
1402 1389 1566 1416 τούναντίον.
1581 1390 1722 1425 Μακάρων
1736 1391 1812 1425 ἡγεῖ-

1022 1438 1083 1464 σθαι
1096 1437 1141 1464 τὸν
1154 1436 1234 1472 σοφίᾳ
1252 1436 1299 1462 καὶ
1312 1436 1418 1462 συνέσει
1433 1436 1555 1468 συζῶντα
1574 1435 1653 1471 μέχρι
1668 1435 1809 1471 τελευτῆς,

1020 1484 1050 1510 οὗ
1067 1483 1113 1510 τὸν
1137 1482 1263 1509 πλούσιον
1284 1483 1313 1509 ἐν
1338 1482 1442 1517 κόσμῳ.
1471 1482 1538 1517 Περὶ
1561 1482 1744 1514 αὑτεξουσίου,
1767 1483 1810 1509 ὅτι

1022 1530 1085 1566 περὶ
1105 1529 1271 1560 ἀποστασίας
1292 1529 1328 1564 μὴ
1352 1529 1430 1554 αἰτιῶ
1452 1529 1498 1554 τὸν
1513 1529 1627 1564 Κύριον·
1646 1529 1733 1555 πάντα
1753 1529 1809 1565 γάρ

1022 1585 1062 1602 σοι
1079 1575 1222 1612 παρέθετο.
1237 1575 1297 1602 Ὅτι
1319 1577 1444 1610 κρεῖσσον
1458 1575 1558 1602 ἄπαιδα
1575 1573 1644 1602 εἶναι
1664 1576 1680 1610 ἢ
1704 1576 1810 1611 πονηρὰ

1020 1622 1103 1648 τέκνα
1120 1621 1200 1656 ἔχειν.
1222 1621 1283 1647 Ὅτι
1298 1620 1374 1647 οὐδὲν
1394 1620 1520 1647 λανθάνει
1535 1620 1610 1648 Θεόν.
1632 1621 1700 1656 Περὶ
1717 1621 1808 1656 φωρά-

1023 1676 1090 1699 σεως
1115 1666 1183 1693 Θεοῦ
1209 1667 1255 1694 καὶ
1277 1667 1404 1702 κρίσεως,
1427 1667 1473 1693 καὶ
1499 1666 1537 1702 μὴ
1559 1666 1652 1702 νόμιζε
1678 1666 1722 1693 τὸν
1741 1666 1807 1693 Θεὸν

1022 1714 1190 1750 κρύπτεσθαι
1205 1714 1321 1748 ἀνόμους
1339 1712 1355 1747 ἦ
1372 1712 1517 1746 ἐκφεύγειν
1539 1712 1621 1739 αὐτοῦ
1637 1712 1686 1747 τὴν
1707 1712 1806 1748 κρίσιν.

1022 1761 1090 1797 Περὶ
1103 1760 1157 1787 τῶν
1178 1760 1343 1795 κτισμάτων.
1359 1759 1426 1794 Περὶ
1445 1759 1494 1794 τῆς
1509 1758 1555 1785 τοῦ
1578 1758 1720 1794 ἀνθρώπου
1742 1758 1809 1786 πλά-

1024 1815 1102 1838 σεως,
1115 1804 1147 1842 ἧς
1169 1806 1295 1841 ἐτιμήθη.
1311 1805 1379 1840 Περὶ
1400 1805 1448 1840 τῆς
1460 1805 1507 1831 τοῦ
1519 1805 1600 1840 νόμου
1617 1805 1728 1836 δόσεως·
1744 1803 1808 1841 περὶ

1023 1853 1206 1889 ὲλεημοσύνης
1221 1853 1267 1879 καὶ
1284 1851 1441 1885 μετανοίας’
1459 1851 1524 1887 περὶ
1542 1851 1678 1883 ἐπιεικοῦς
1695 1850 1808 1886 ἀποκρί-

1024 1906 1107 1929 σεως·
1121 1899 1185 1933 περὶ
1201 1897 1246 1924 τοῦ
1262 1897 1298 1933 μὴ
1315 1897 1467 1932 μωμεῐσθαι
1482 1896 1512 1923 τὸ
1527 1896 1628 1930 ἀγαθὸν
1639 1896 1727 1932 ἔργον,
1742 1896 1806 1931 μηδὲ

1023 1943 1092 1978 δόμα
1106 1943 1134 1969 ὲν
1148 1943 1262 1979 λυπηρῷ
1276 1944 1363 1979 λόγῳ·
1381 1942 1452 1968 ὥστε
1465 1943 1510 1969 τὸν
1526 1941 1709 1977 ἐπιθυμοῦντα
1723 1942 1806 1977 ἀρχῆς

1023 1989 1247 2025 προπετεύεσθαι,
1269 1991 1316 2016 καὶ
1336 1991 1365 2016 ἐν
1389 1991 1457 2016 πᾶσι
1473 1988 1727 2024 προετοιμάζεσθαι.
1741 1989 1806 2024 Περὶ

1023 2035 1070 2062 τοῦ
1091 2036 1128 2071 μὴ
1150 2035 1343 2067 ὰσωτεύεσῦαι,
1367 2037 1413 2062 xui
1435 2032 1472 2062 ὧν
1496 2035 1536 2072 ᾷεῖ
1560 2033 1719 2070 ἀπέχεσθαι.
1741 2034 1806 2070 Περὶ

1024 2082 1148 2117 φυλακῆς
1164 2082 1329 2118 μυστηρίων1
1348 2082 1396 2109 xui
1412 2082 1476 2117 περὶ
1489 2082 1614 2116 ἄφρονος,
1631 2081 1694 2116 περὶ
1715 2080 1805 2115 σοφίας

1023 2128 1073 2163 τῆς
1093 2127 1137 2154 διὰ
1153 2127 1325 2163 παραϐολῶν,
1348 2128 1396 2155 xui
1411 2127 1474 2162 περὶ
1498 2126 1566 2161 βίου,
1587 2126 1633 2152 xui
1653 2125 1746 2162 ἀρχῆς,
1760 2126 1805 2153 xui

1025 2172 1125 2207 σοφῶν,
1146 2173 1194 2198 καὶ
1213 2172 1322 2208 μωρῶν.
1344 2172 1412 2208 Περὶ
1436 2171 1570 2207 θυγατρὸς
1592 2171 1735 2207 θρασείας’
1760 2171 1809 2200 xui.

189 2218 367 2248 praeparatus.
385 2213 444 2241 Non
471 2222 532 2242 esse
557 2215 733 2242 dilﬂuendum
759 2215 871 2247 luxu,et
888 2216 971 2250 aqui-

1025 2220 1088 2255 περὶ
1103 2218 1267 2255 ἀπροσεξίας
1286 2218 1388 2254 μωροῦ,
1404 2219 1452 2245 xui
1465 2218 1530 2254 περὶ
1549 2218 1668 2249 διανοίας
1683 2218 1802 2252 στερρᾶς,

189 2259 241 2286 bus
264 2259 454 2287 abstinendum
475 2261 533 2288 sit:
555 2261 589 2289 de
614 2262 739 2288 custodia
767 2263 971 2298 mysteriorum.

189 2303 227 2332 Dc
239 2306 334 2338 stulto,
355 2306 389 2333 de
406 2306 541 2341 sapientia
556 2315 604 2342 per
615 2308 758 2342 parabolas
776 2317 782 2334 :
798 2308 832 2335 de
845 2308 898 2335 vita
909 2329 916 2340 ,
940 2308 973 2336 de

188 2352 339 2386 principio;
356 2352 389 2379 de
403 2354 572 2388 sapientibus
583 2359 610 2381 et
624 2355 726 2388 stultis,
742 2354 775 2382 de
789 2355 843 2381 ﬁlia
859 2355 971 2387 audaci;

189 2397 223 2424 de
247 2397 479 2426 inconsiderantia
496 2400 594 2433 stulti;
624 2400 657 2427 de
675 2405 765 2428 mente
791 2402 870 2435 dura,
894 2406 921 2429 et
946 2402 973 2428 in

188 2443 288 2477 quibus
302 2443 469 2472 dissolvatur
483 2446 611 2472 amicitia.
629 2445 689 2473 Non
705 2454 767 2474 esse
785 2447 973 2482 peccatoribus

189 2489 392 2517 inconsiderate
419 2490 584 2525 loquendum
598 2500 604 2516 :
620 2491 653 2519 de
667 2492 821 2526 disciplina.
837 2492 896 2520 Non
912 2500 974 2520 esse

189 2535 382 2569 postulandum
401 2535 586 2570 juramentum
604 2547 610 2565 :
628 2537 661 2565 de
678 2538 803 2565 custodia
823 2541 921 2567 animus
947 2543 974 2566 et

189 2581 313 2616 corporis
330 2589 336 2607 :
352 2581 386 2609 de
401 2581 513 2610 homine
539 2588 703 2611 scortatore.
717 2583 755 2612 De
775 2585 888 2613 muliere
903 2585 973 2612 mala

187 2631 214 2655 et
231 2628 365 2656 adultera.
381 2628 528 2663 Prophetia
554 2630 587 2657 de
601 2629 665 2658 Jesu
679 2630 801 2663 Christo,
815 2632 863 2666 qui
877 2636 919 2659 est
930 2639 974 2659 sa-

187 2675 290 2709 pientia
304 2675 352 2703 Dei
367 2680 394 2703 et
411 2675 508 2708 Filius,
531 2675 621 2705 ﬂuviis
644 2682 828 2713 comparatus.
842 2677 879 2705 De
896 2678 974 2705 addi-

188 2720 261 2748 tione
279 2721 441 2757 disciplinae,
457 2721 491 2749 de
503 2722 596 2750 decem
613 2723 841 2756 heatitudinibus,
853 2724 886 2751 de
904 2724 973 2752 infe-

187 2766 272 2793 renda
292 2767 370 2802 plaga
386 2772 413 2795 et
431 2767 550 2800 ultione,
575 2767 609 2795 de
635 2770 795 2797 mercatoris
818 2770 927 2802 delicto,
940 2770 973 2798 de

225 2857 280 2893 (25)
297 2858 325 2886 In
337 2859 431 2888 Graeco
447 2858 594 2893 Scriptum
619 2864 702 2895 textu,
723 2861 822 2898 legitur
843 2861 970 2889 σκώπτει.

1023 2266 1070 2293 καὶ
1085 2266 1113 2291 ἐν
1132 2266 1188 2292 τίσι
1203 2264 1338 2292 διαλύεται
1352 2265 1426 2299 φιλία
1462 2265 1509 2291 xui
1527 2264 1590 2300 περὶ
1604 2264 1651 2290 τοῦ
1670 2264 1706 2299 μὴ
1722 2264 1802 2299 ἀπρο-

1024 2311 1168 2345 φυλάκτως
1190 2310 1357 2345 φθέγγεσθαι
1376 2311 1432 2342 τοῖς
1458 2311 1643 2346 ἁμαρτήσασι.
1662 2309 1729 2345 Περὶ
1748 2317 1803 2336 παι-

1022 2357 1105 2389 δείας,
1129 2357 1177 2383 καὶ
1199 2356 1246 2383 τοῦ
1269 2356 1306 2392 μὴ
1330 2356 1462 2383 αἰτεῖσθαι
1482 2357 1576 2392 ὅρκον·
1599 2356 1662 2391 περὶ
1686 2355 1802 2390 φυλακῆς

1023 2403 1111 2439 ψυχῆς
1135 2403 1182 2430 xui
1210 2402 1343 2439 σώματος,
1371 2402 1416 2429 xui
1441 2403 1505 2438 περὶ
1529 2401 1672 2437 ἀνθρώπου
1698 2401 1801 2437 πόρνου.

1023 2450 1092 2485 Περὶ
1111 2450 1231 2485 πονηρᾶς
1248 2447 1387 2484 γυναικὸς,
1411 2449 1457 2475 xui
1476 2448 1638 2484 μοιχαλίδος.
1653 2447 1802 2483 Προφητείσ.

1024 2495 1088 2531 περὶ
1104 2495 1191 2531 Ἰησοῦ
1213 2495 1341 2531 Χριστοῦ,
1353 2496 1383 2528 ὃς
1399 2496 1456 2522 ἐστι
1472 2495 1551 2529 σοφία
1564 2495 1610 2521 καὶ
1624 2494 1698 2525 Υἱὸς,
1717 2501 1802 2528 παρει-

1024 2541 1135 2573 κασθεὶς
1155 2543 1295 2576 ποταμοῖς.
1320 2542 1388 2577 Περὶ
1409 2541 1566 2577 προσθήκης
1585 2540 1722 2572 παιδείας·
1744 2540 1802 2575 περὶ

1023 2587 1076 2614 τῶν
1089 2588 1155 2614 δέκα
1177 2587 1359 2623 μακαρισμῶν
1369 2596 1375 2602 ·
1397 2588 1460 2623 περὶ
1474 2588 1579 2623 πληγῆς
1595 2586 1740 2622 ἐπαγωγῆς
1760 2587 1802 2613 xui

1024 2634 1205 2669 ἐκδικήσεως·
1224 2633 1288 2669 περὶ
1311 2632 1498 2668 πλημμελείας
1515 2633 1651 2670 ἐμπόρου’
1670 2633 1734 2667 περὶ
1753 2631 1800 2658 τῶν

1024 2679 1269 2706 ἀποκαλυπτόντων
1287 2679 1453 2715 μυστηρικὸν
1475 2680 1563 2714 λόγον.
1580 2679 1648 2714 Περὶ
1666 2677 1798 2713 ἀνθρώπου

1024 2726 1162 2763 θυμώδους
1172 2735 1180 2743 ι
1198 2728 1262 2763 περὶ
1279 2727 1454 2762 γλωσσώδους
1466 2727 1561 2763 ἀνδρός
1573 2735 1579 2741 ·
1594 2726 1657 2762 περὶ
1676 2724 1722 2752 τοῦ
1734 2723 1798 2751 δανί-

1024 2773 1081 2805 ζειν
1098 2773 1137 2808 τῷ
1149 2773 1273 2808 πλησίον,
1288 2774 1336 2800 xui
1349 2773 1445 2806 τόκους
1466 2773 1502 2809 μὴ
1516 2772 1674 2808 λαμϐάνειν,
1688 2770 1753 2798 ἀλλὰ
1763 2777 1799 2797 κι-

1060 2862 1114 2898 (26)
1133 2862 1151 2890 l.
1177 2861 1367 2899 Ἀμετάϐητον.
