1929 3056
83 145 135 172 381

625 143 792 171 SYNOPSIS
809 142 1018 171 SCRIPTURAE
1040 143 1176 170 SACRE.

1670 143 1724 171 58!

82 204 158 240 χρᾷν
180 202 256 237 αὐτῷ
270 202 404 238 δεομένῳ·
431 202 494 238 περὶ
514 203 673 238 ὲγγυήσεως
693 203 740 230 τοῦ
757 204 871 240 πλησίον

935 203 969 229 iis
982 204 1028 237 qui
1043 210 1098 229 rem
1111 207 1242 230 secretam
1252 203 1382 233 revelant,
1401 203 1435 230 de
1453 203 1562 230 homine
1577 203 1720 235 iracundo,

81 249 133 276 xui.
149 248 219 284 περὶ
235 247 316 283 ζωῆς·
327 247 450 283 περὶτοῦ
466 247 503 284 μὴ
512 247 569 285 (‘37)
580 249 730 285 ἐπιστροφῇ
745 249 882 276 παιδεύειν

80 295 184 327 τέκνα,
198 293 264 330 περὶ
284 293 390 327 ὑγιείας
408 293 543 329 σώματος,
565 295 611 320 καὶ
625 294 762 330 βρώσεως,
775 296 822 322 καὶ
836 295 883 330 ψυ-

81 338 156 373 χῆς·
182 338 248 373 περὶ
262 338 435 370 διδασκαλίας
456 339 615 374 χρημάτων,
635 341 813 374 μεγιστάνων,
835 341 882 368 καὶ

81 383 262 419 ἡγουμένων,
277 383 332 419 (‘28)
347 383 398 418 υἱῷ
413 385 460 410 καὶ
477 386 596 419 γυναικὶ,
614 385 720 421 ἀδελφῷ
734 386 781 412 καὶ
793 386 861 421 φίλῳ
873 395 879 401 ·

82 428 154 464 περὶ
179 429 284 456 οἰκέτου
300 429 463 464 κακούργου,
486 431 553 466 Περὶ
575 432 708 458 ἐνυπνίων
729 433 880 460 ἀσυνέτων·

83 475 154 511 περὶ
169 475 274 511 πλάνης
292 475 339 502 καὶ
353 476 545 512 πολυπειρίας,
563 479 610 504 καὶ
628 480 691 514 περὶ
711 479 765 506 τῶν
786 480 882 514 φοϐου-

84 521 181 556 μένων
200 521 245 547 τὸν
271 521 381 557 Κύριον.
407 523 476 558 Περὶ
499 522 608 555 θυσιῶν,
635 525 681 550 καὶ
707 524 879 560 προσφορῶν,

82 567 142 594 τῶν
160 567 191 600 ἐξ
207 568 324 600 ἀδικίας,
341 568 395 595 τῶν
409 578 439 596 τε
461 570 492 596 ἐκ
510 569 682 606 δικαιοσύνης
700 571 878 607 προσφορῶν·

84 614 154 650 περὶ
179 613 279 640 Θυσιῶν
296 614 349 641 τῶν
370 615 402 641 ἐκ
421 615 609 651 φιλαργυρίας.
626 617 686 643 ’Ότι
705 617 812 653 τρυφῆς
833 617 881 644 καὶ

85 658 206 685 πλούτου
230 659 271 685 δεῖ
298 662 487 694 καταφρονεῖν.
506 661 573 696 Περὶ
594 661 752 697 λαιμάργων
767 663 814 689 καὶ
831 662 880 698 βα-

87 705 208 736 σκάνων,
227 707 274 733 καὶ
289 707 445 742 ὰπλήστων,
464 707 510 733 καὶ
527 708 668 734 ἀτάκτων·
690 708 727 744 μὴ
744 708 879 744 μεθύσκε-

87 751 151 778 σθαι
166 751 241 786 οἴνῳ,
263 751 320 778 ἀλλ’
336 753 480 788 αὐτάρκως
494 753 621 789 χρᾶσθαι.
640 755 708 790 Περὶ
730 755 879 790 ἐπαιρομέ-

86 807 133 824 νου
159 798 309 829 ἑπιεικοῦς,
330 800 375 825 καὶ
393 800 456 835 περὶ
478 799 570 831 λαλιᾶς
599 801 800 837 πρεσϐυτέρων,
832 801 879 828 καὶ

87 845 154 880 περὶ
165 845 261 876 λαλιᾶς
274 845 427 872 νεανίσκου.
443 846 510 881 Περὶ
521 846 633 881 ὲκδοχῆς
648 847 770 879 παιδείας
785 848 878 883 νόμου,

87 891 137 917 καὶ
153 891 277 925 κρίματα
295 892 343 917 καὶ
360 891 542 927 δικαιώματα,
566 894 612 920 καὶ
635 894 773 921 πιστεύειν
793 895 877 930 νόμῳ.

87 937 159 972 Περὶ
185 936 318 972 διαθήκης
341 937 408 964 Θεοῦ
437 939 507 965 κατὰ
531 939 637 972 γενεὰν,
667 940 712 966 καὶ
734 941 774 966 ὃτι
793 941 808 976 ἡ
830 941 879 976 μὲν

88 985 247 1020 κατασκευὴ
273 984 323 1019 τῆς
349 984 456 1019 φύσεως
486 986 542 1016 τοῖς
567 984 719 1020 ἀνθρώποις
750 985 798 1020 μία
814 995 820 1000 ·
849 986 879 1012 τὸ

87 1029 117 1056 δὲ
146 1030 196 1065 τῆς
225 1029 412 1065 προαιρέσεως
435 1029 571 1065 διάφορον,
601 1030 646 1064 ἀφ’
675 1027 709 1065 ἧς
738 1031 801 1063 τοὺς
829 1032 878 1066 μὲν

88 1075 271 1109 εὐλογεῖσθαι,
293 1075 355 1106 τοὺς
381 1075 410 1102 δὲ
434 1075 486 1101 ὑπὸ
508 1075 630 1111 κατάραν
658 1075 780 1111 ἐποίησε.
810 1076 879 1112 Περὶ

88 1121 155 1148 λαοῦ
174 1121 380 1156 ἐκλελεγμένον,
399 1121 446 1148 καὶ
469 1122 510 1148 ὅτι
525 1122 654 1148 ἀπέναντι
668 1123 714 1149 τοῦ
730 1123 832 1156 ἀγαθοῦ
848 1123 879 1150 τὸ

89 1167 186 1198 κακὸν,
201 1167 248 1193 καὶ
259 1168 389 1194 ἀπέναντι
403 1167 450 1194 τοῦ
462 1168 591 1199 εὐσεϐοῦς
607 1168 621 1194 ὁ
632 1168 802 1204 ἁμαρτωλός.
817 1169 877 1196 Τίσι

89 1212 131 1238 δεῖ
150 1214 304 1239 κοινωνεῖν·
321 1213 417 1240 ὁποίαν
439 1213 614 1248 δεῖγυναῖκα
640 1213 748 1241 λαϐεῖν·
768 1215 877 1247 ὁποίους

89 1258 129 1285 δεῖ
147 1259 240 1293 φίλους
257 1259 343 1294 ἔχειν·
369 1259 423 1286 τίσι
448 1259 489 1285 δεῖ
512 1259 673 1295 συμϐούλοις
694 1261 820 1295 χρῆσθαι,
842 1261 878 1288 τί·

89 1312 139 1335 νας
153 1303 331 1335 διδασκάλους
356 1302 454 1339 ὁρίζει·
469 1304 532 1339 περὶ
548 1303 593 1330 τοῦ
615 1304 712 1331 εἰδέναι
730 1305 761 1331 τὸ
775 1306 879 1341 συμφέ-

91 1357 138 1384 ρον
155 1349 281 1376 ἓκαστον.
295 1349 362 1384 Περὶ
381 1349 428 1376 τοῦ
442 1351 524 1385 τιμᾷν
538 1350 601 1382 τοὺς
621 1350 738 1386 ίατρούς.
755 1351 816 1382 Πῶς
832 1352 878 1378 ἐπὶ

90 1395 178 1430 νεκρῷ
201 1395 241 1422 δεῖ
268 1395 386 1422 πενθεῖν.
411 1396 480 1432 Περὶ
515 1397 700 1431 γραμματέως
725 1396 772 1422 καὶ
796 1397 877 1431 σοφοῦ

90 1438 214 1474 γεωργοῦ
224 1447 230 1453 “
243 1439 290 1465 καὶ
306 1439 368 1474 περὶ
379 1440 532 1474 ἀγρυπνίας
544 1440 680 1472 τέκτονος,
689 1441 736 1467 καὶ
743 1441 877 1475 χαλκέως,

90 1483 137 1509 καὶ
159 1484 317 1518 κεραμέως.
335 1485 402 1520 Περὶ
420 1484 543 1520 φυλακῆς
564 1485 652 1521 ψυχῆς
666 1486 818 1521 ἀνθρώπου,
831 1487 878 1514 καὶ

89 1530 139 1565 τῆς
161 1530 374 1566 παραμενούσης
392 1531 496 1565 σοφίας,
515 1531 562 1558 καὶ
574 1531 635 1558 ὅσον
647 1532 785 1566 τυγχάνει.
809 1533 876 1566 Περὶ
889 1550 910 1578 C

90 1575 271 1609 προγνώσεως
283 1575 349 1602 Θεοῦ
363 1575 410 1602 καὶ
422 1576 537 1608 κτίσεως
552 1577 667 1611 κόσμου.
682 1578 743 1604 ’Ότι
758 1579 774 1613 ἡ
789 1579 875 1610 κτίσις

89 1621 144 1652 τοῖς
161 1621 299 1647 εὖσεϐἐσιν
312 1622 352 1653 εἰς
363 1621 488 1656 εὐλογίαν
501 1623 644 1658 τρέπεται·
656 1624 712 1654 τοῖς
727 1623 755 1650 δὲ
765 1625 875 1659 ἀνόμοις

90 1668 129 1699 είς
149 1667 281 1704 κατάραν.
306 1669 367 1694 ’Ότι
394 1668 509 1703 ἀσχολία
529 1669 633 1704 μεγάλη
656 1669 778 1697 ἔκτισται
794 1671 876 1698 παντὶ

88 1712 242 1748 ἀνθρώπῳ,
264 1712 311 1739 καὶ
332 1712 413 1747 ζυγὸς
432 1713 517 1749 βαρὺς
534 1714 580 1740 ἐπὶ
604 1715 680 1747 υἱοὺς
706 1715 800 1750 Ἀδάμ.
814 1716 874 1742 Ὅτι

90 1758 178 1784 πάντα
194 1758 244 1784 ὅσα
274 1758 329 1785 ἀπὸ
353 1758 405 1793 γῆς
420 1759 460 1790 είς
484 1759 536 1795 γῆν
557 1760 731 1795 ἀναστρέφει,
759 1761 805 1787 καὶ
824 1761 874 1788 ὅσα

89 1804 142 1831 ἀπὸ
156 1804 201 1831 τοῦ
214 1804 310 1836 ὓδατος
325 1806 363 1837 είς
382 1804 527 1833 θάλασσαν.
545 1806 612 1841 Περὶ
627 1807 794 1842 συγκρίσεως
807 1808 874 1841 ἁγα-

90 1850 153 1883 θῶν,
168 1851 215 1877 καὶ
229 1851 289 1878 τίνα
310 1851 344 1877 τὰ
367 1851 485 1886 σαρκικὰ
511 1851 601 1886 ἀγαθὰ
628 1852 663 1879 τὰ
682 1853 790 1887 ἥττονα.
806 1854 874 1889 Περὶ

91 1896 136 1923 τοῦ
148 1897 209 1923 τίνα
225 1897 261 1923 τὰ
275 1897 337 1924 ὄντα
353 1897 445 1932 ἀγαθὰ
458 1897 492 1924 τὰ
505 1897 615 1933 μείζονα
625 1898 671 1924 καὶ
689 1899 872 1934 πνευματικά.

89 1944 155 1978 Περὶ
166 1943 240 1978 ζωῆς
261 1944 362 1979 ἀπαιτή
382 1943 449 1979 (29).
464 1944 532 1978 Περὶ
547 1944 661 1970 θανάτου
678 1944 776 1980 πικροῦ
792 1945 872 1971 πλου-

90 1989 145 2016 σίου
155 1999 162 2004 ·
184 1990 250 2025 περὶ
268 1989 383 2017 θανάτου
400 1989 482 2016 καλοῦ
506 1989 624 2025 πτωχοῦ.
637 1991 705 2026 Περὶ
717 1990 763 2017 τοῦ
778 1991 814 2026 μὴ
829 1991 873 2017 εὑ-

88 2035 226 2062 λαὸεῖσθαι
245 2035 274 2061 τὺ
287 2035 441 2062 ἀποθανεῖν.
465 2035 533 2070 Περὶ
556 2035 604 2062 τοῦ
625 2036 814 2066 ἐπονειδίστως
835 2037 872 2071 μὴ

90 2079 146 2115 ζῇν.
159 2079 229 2106 ἀλλὰ
242 2079 392 2114 φροντίζειν
406 2079 535 2114 ὀνόματος
547 2079 659 2113 ἀγαθοῦ.
669 2080 737 2115 Περὶ
751 2079 872 2111 παιδείας

89 2126 236 2162 εἰρηνικῆς.
271 2126 329 2160 Ἀφ’
353 2123 390 2153 ὧν
413 2126 608 2162 ἐντρεπόμενος
628 2125 801 2161 αίσχύνεσθαι
816 2126 869 2152 δεῖ·

90 2173 149 2207 περὶ
165 2169 203 2199 ὧν
218 2172 249 2199 οὐ
267 2172 308 2199 δεῖ
318 2171 503 2208 αίσχύνεσθαι.
520 2172 581 2198 ’Ότι
601 2172 641 2198 δεῖ
656 2172 720 2208 περὶ
738 2171 873 2207 θυγατρὸς

933 249 967 275 de
983 249 1041 275 viro
1058 249 1176 284 loquaci,
1197 248 1232 276 de
1260 248 1366 276 fmnore
1377 257 1391 276 a
1407 249 1532 283 proximo
1556 253 1676 284 sumpto,
1692 253 1720 277 et

933 295 1005 330 quod
1022 302 1105 322 usura
1135 303 1190 322 non
1214 294 1390 329 accipienda,
1417 294 1464 322 sed
1489 299 1585 321 mutuo
1599 294 1721 322 dandum

933 341 968 368 sit
980 341 1080 375 egenti,
1097 340 1131 367 de
1144 340 1320 375 ﬁdejussione
1349 341 1486 375 proximi;
1506 341 1539 368 de
1564 341 1630 373 vita,
1647 340 1722 375 quod

934 386 1013 413 liberi
1032 386 1260 420 castigationibus
1284 387 1339 413 sint
1353 387 1526 419 instituendi,
1543 387 1576 415 dc
1604 388 1722 416 sanitate

932 433 1074 467 corporis;
1087 433 1120 460 de
1135 433 1207 464 cibo,
1229 437 1255 460 et
1277 433 1367 459 anima
1382 441 1389 465 ;
1418 433 1542 460 doctrina
1555 433 1589 460 de
1601 434 1721 467 divitiis;

931 479 965 506 de
981 479 1155 514 magnatibus
1169 483 1194 506 et
1210 479 1342 511 ducibus;
1361 487 1421 514 qua:
1445 479 1517 511 ﬁlio,
1535 480 1624 511 uxori,
1643 481 1721 507 fratri

931 529 958 553 et
975 526 1063 552 amico
1076 525 1231 560 praestanda
1245 525 1318 557 sint;
1334 525 1367 552 de
1396 533 1476 553 servo
1496 526 1667 560 faciuoroso;
1687 527 1723 554 do

931 571 1046 598 somniis
1062 570 1272 605 insipientibus;
1287 570 1320 596 de
1342 570 1501 597 seductione
1524 574 1551 597 et
1576 571 1660 597 multa
1677 578 1722 597 cx-

930 617 1062 652 pericntia
1075 626 1082 650 ;
1095 617 1128 644 de
1142 617 1301 644 timentibus
1314 615 1459 643 Dominum
1472 625 1478 649 ;
1489 616 1522 643 de
1538 615 1681 643 sacriﬁciis
1694 621 1721 643 et.

930 664 1124 694 oblationibus,
1142 671 1203 690 cum
1219 671 1253 690 ex
1270 663 1402 697 injustitia
1415 683 1422 694 ,
1437 667 1492 689 tum
1507 671 1540 690 ex
1556 663 1663 697 justitia
1680 662 1721 689 fa-

930 711 999 742 ctis';
1014 710 1047 737 de
1060 709 1207 737 sacriﬁciis
1223 717 1257 736 ex
1281 709 1413 742 avaritia;
1429 708 1644 736 contemnendas
1658 716 1721 736 esse

930 756 1044 783 delicias
1068 759 1095 782 ct
1121 755 1249 788 divitias;
1269 755 1302 782 dc
1318 755 1505 785 helluonibus,
1525 758 1551 781 et
1570 754 1679 784 invidis.
1692 758 1720 781 et

930 801 1146 834 insatiabilibus,
1168 807 1195 828 et
1222 801 1378 828 inordinate
1402 801 1568 828 viventibus.
1584 800 1643 828 Non
1658 809 1720 828 esse

930 847 1120 874 inebriandum
1133 847 1207 878 vino,
1222 846 1269 874 sed
1283 847 1354 881 quod
1374 847 1442 874 satis
1457 847 1491 874 sit
1507 847 1673 879 bibendum;
1687 848 1721 875 de

929 893 1048 920 cxaltato
1060 892 1169 919 homine
1184 893 1340 923 moderato;
1352 892 1557 926 deloquacitate
1568 893 1719 924 seniorum,

929 941 955 965 ct
971 938 1136 972 loquacitate
1152 938 1348 965 adolescentuli
1362 947 1369 971 ;
1396 937 1429 964 de
1450 937 1625 971 suscipienda
1640 937 1721 964 disci-

930 983 1004 1018 plina
1022 983 1099 1018 legis,
1113 982 1184 1010 etde
1197 983 1309 1017 iudiciis
1323 975 1355 1010 ὀι
1379 982 1644 1016 justilicationibus;
1661 991 1719 1010 cre-

929 1028 1048 1056 dendum
1079 1036 1140 1056 esse
1162 1028 1228 1063 legi;
1259 1028 1293 1055 de
1320 1031 1485 1056 testamento
1506 1029 1551 1055 Dei
1568 1029 1718 1056 secundum

929 1075 1131 1108 generationem
1144 1082 1150 1106 ;
1164 1077 1191 1100 et
1203 1073 1275 1108 quod
1297 1074 1456 1101 hominibus
1472 1078 1576 1101 natura:
1588 1074 1719 1101 constitu-

929 1119 967 1147 tio
981 1119 1076 1147 eadem
1090 1120 1134 1151 sit,
1153 1119 1302 1147 voluntatis
1320 1128 1392 1147 vero
1413 1120 1520 1147 diversa
1533 1130 1539 1148 :
1552 1121 1623 1148 unde
1636 1121 1719 1148 bene-

928 1166 1058 1194 dictionis
1070 1166 1181 1201 quidam
1199 1166 1358 1201 participes,
1374 1167 1557 1194 lnalcdictioni
1574 1175 1638 1194 vero
1651 1175 1719 1193 non-

928 1212 996 1238 nulli
1013 1211 1129 1246 subjecti
1143 1215 1226 1238 sunt:
1243 1211 1276 1238 de
1288 1212 1387 1246 populo
1397 1212 1483 1239 electo
1497 1220 1503 1237 :
1517 1216 1543 1239 et
1558 1212 1629 1247 quod
1645 1212 1718 1239 bono

928 1257 1097 1285 contrarium
1114 1257 1150 1284 sit
1172 1257 1284 1288 malum,
1301 1261 1327 1284 et
1343 1258 1387 1292 pio
1409 1262 1552 1292 peccator:
1565 1259 1665 1293 quibus
1681 1260 1717 1286 sit

928 1302 1186 1330 communicandum
1206 1303 1318 1337 :qualis
1338 1303 1374 1330 sit
1396 1303 1520 1330 ducenda
1544 1312 1633 1330 uxor:
1649 1312 1717 1338 qua-

927 1349 967 1377 les
996 1349 1114 1376 habendi
1147 1349 1356 1384 amicizquihus
1373 1350 1502 1376 utendum
1524 1351 1714 1378 consiliariis:

930 1403 999 1429 quos
1017 1395 1144 1422 doctores
1159 1395 1279 1430 assignet
1291 1404 1296 1422 :
1310 1394 1407 1430 cuique
1422 1395 1562 1422 sciendum
1577 1404 1637 1423 esse
1650 1397 1715 1430 quid

930 1441 1007 1475 135
1024 1441 1174 1474 conducat;
1197 1440 1408 1468 deltonorandis
1423 1441 1553 1474 medicis;
1577 1441 1716 1476 quomodo

929 1485 1078 1519 lugendum
1107 1485 1142 1512 sit
1160 1493 1244 1519 super
1259 1489 1376 1512 mortuo.
1395 1484 1433 1512 De
1451 1486 1541 1512 scriba
1555 1490 1581 1513 et
1595 1487 1714 1521 agricola

928 1531 1062 1566 sapiente.
1091 1531 1129 1559 De
1151 1532 1251 1565 vigiliis
1274 1531 1425 1563 architecti,
1444 1532 1501 1559 sive
1524 1532 1612 1559 aerarii
1627 1552 1635 1564 ,
1655 1533 1712 1560 sive

928 1579 1001 1613 liguli
1017 1588 1025 1612 ;
1044 1578 1078 1606 de
1099 1578 1277 1605 custodienda
1302 1578 1419 1605 hominis
1444 1578 1545 1608 anima.
1568 1581 1595 1604 et
1617 1577 1650 1605 de
1667 1585 1712 1604 sa-

929 1623 1030 1658 pientia
1047 1627 1231 1658 permanente,
1257 1626 1284 1650 et
1308 1622 1401 1657 quanti
1426 1623 1470 1649 illa
1496 1623 1531 1650 sit
1556 1623 1643 1658 pretii.
1671 1622 1710 1651 De

926 1669 1094 1703 praascicnlia
1110 1668 1156 1695 Dei
1181 1674 1207 1696 et
1223 1669 1360 1695 creatione
1375 1668 1478 1695 mundi.
1496 1668 1571 1701 Quod
1589 1673 1713 1696 creatura

925 1714 976 1749 piis
995 1714 1022 1741 in
1038 1714 1265 1746 benedictionem,
1284 1715 1384 1748 iniquis
1404 1722 1469 1742 vero
1491 1715 1519 1741 in
1544 1714 1713 1742 maledictio-

924 1768 985 1788 nem
997 1763 1128 1787 vertatur.
1145 1760 1222 1793 Quod
1241 1761 1384 1794 occupatio
1397 1768 1493 1795 magna
1507 1760 1593 1788 cuivis
1609 1760 1712 1787 homini

925 1806 960 1834 sit
979 1809 1083 1838 creata,
1109 1809 1136 1832 et
1153 1806 1248 1840 jugum
1266 1813 1348 1839 grave
1372 1806 1528 1840 impositum
1550 1805 1611 1832 ﬁliis
1635 1805 1710 1833 Adte.

926 1851 1003 1884 Quod
1021 1851 1153 1886 quidquid
1172 1859 1203 1878 ex
1221 1855 1293 1878 terra
1313 1855 1365 1882 est,
1382 1851 1414 1877 ad
1431 1855 1530 1877 terram
1547 1855 1709 1883 revertatur,

928 1899 955 1923 et
966 1897 1096 1931 quidquid
1109 1905 1141 1923 ex
1155 1904 1234 1931 aqua,
1252 1896 1285 1923 ad
1300 1903 1374 1923 mare
1388 1895 1498 1924 deﬂuat.
1513 1896 1550 1924 De
1566 1898 1712 1925 collatione

923 1942 1068 1975 bonorum,
1086 1946 1113 1969 et
1130 1950 1191 1977 quae
1209 1943 1331 1970 carnalia
1354 1943 1424 1970 bona
1446 1943 1559 1970 minoris
1582 1944 1636 1970 sint
1651 1952 1711 1970 mo-

922 1988 1016 2016 menti.
1041 1988 1107 2021 Qua:
1128 1989 1198 2015 bona
1221 1988 1324 2023 majora
1350 1988 1406 2016 sint
1427 1993 1454 2016 et
1479 1989 1643 2024 spiritualia.
1672 1988 1711 2017 De

923 2034 1069 2069 repetenda
1097 2034 1160 2061 vitae
1184 2035 1299 2062 ratione.
1327 2034 1364 2061 De
1388 2039 1475 2062 morte
1500 2035 1603 2062 homini
1632 2035 1709 2063 diviti

924 2080 1035 2107 acerba.
1054 2080 1091 2108 De
1113 2080 1183 2108 bona
1198 2084 1285 2108 morte
1304 2082 1440 2115 pauperis.
1464 2080 1502 2108 De
1521 2090 1574 2108 non
1590 2081 1710 2108 timenda

922 2130 1019 2153 morte.
1039 2125 1117 2158 Quod
1143 2134 1197 2153 non
1223 2126 1258 2153 sit
1276 2134 1337 2153 cum
1363 2127 1463 2161 probro
1480 2127 1624 2154 vivendum
1637 2146 1644 2158 ,
1661 2127 1709 2154 sed

922 2172 991 2199 ratio
1011 2171 1134 2199 habenda
1152 2172 1272 2200 nominis
1296 2172 1371 2199 boni.
1399 2171 1437 2199 De
1457 2172 1599 2206 disciplina
1615 2173 1709 2206 pacis;

90 2219 221 2255 παρθένου
234 2219 348 2246 πάντοτε
363 2220 498 2254 μεριμνᾷν
507 2227 514 2233 '
524 2218 643 2254 περὶτοῦ
657 2218 694 2254 μὴ
706 2218 872 2254 συνεδρεύειν

926 2226 1037 2253 quorum
1050 2219 1135 2253 gratia
1147 2218 1182 2245 sit
1193 2218 1419 2249 erubescendum,
1433 2218 1465 2245 de
1477 2217 1576 2252 quibus
1590 2225 1643 2244 non
1656 2217 1708 2250 sit;

90 2265 117 2291 ὲν
131 2265 206 2300 μέσῳ
226 2265 362 2299 γυναικῶν
378 2265 422 2291 διὰ
445 2265 580 2300 πορνείαν.
601 2266 668 2300 Περὶ
691 2264 870 2300 δημιουργίας

91 2312 198 2347 Κυρίου.
211 2312 280 2347 Περὶ
296 2311 383 2347 ἡλίου,
399 2312 439 2338 ὃτι
457 2311 553 2342 σκεῦος
565 2311 720 2346 θαυμαστὸν
734 2311 780 2337 καὶ
791 2310 870 2346 ἔργον

90 2358 200 2393 Κυρίου.
215 2358 283 2392 Περὶ
299 2357 413 2393 σελήνης
428 2357 475 2384 καὶ
495 2357 613 2393 ἄστρων,
641 2357 688 2383 καὶ
710 2357 803 2389 τόξου,
824 2357 870 2383 καὶ

90 2403 192 2438 χιόνων,
214 2405 262 2430 καὶ
277 2404 434 2439 ἀστραπῶν.
462 2404 530 2439 Περὶ
545 2403 643 2438 νεφῶν,
669 2403 717 2429 καὶ
738 2403 867 2438 χαλάζης.

89 2450 154 2485 Περὶ
170 2449 290 2485 σεισμῶν
303 2450 350 2476 καὶ
366 2449 488 2484 βροντῆς.
499 2449 565 2484 Περὶ
581 2448 670 2480 ὑετοῦ,
690 2449 737 2475 καὶ
753 2449 868 2484 πάχνης,

88 2495 132 2521 καὶ
147 2494 273 2530 ὁμίχλης.
289 2494 357 2528 Περὶ
381 2493 476 2530 δρόσου
498 2493 552 2520 ἀπὸ
569 2493 718 2525 καύσωνος.
735 2493 782 2519 καὶ
806 2493 870 2528 περὶ

89 2542 205 2569 ἁδύσσου
224 2542 318 2577 ξηρᾶς.
335 2542 403 2576 Περὶ
426 2539 621 2577 Ἰορδάνουεκαὶ
641 2539 786 2575 θαλάσσης.
802 2539 870 2574 Περὶ

87 2588 184 2620 παντὸς
196 2587 266 2620 ζώου
283 2588 329 2614 καὶ
345 2588 467 2622 κτήνους.
483 2586 551 2621 Περὶ
566 2584 741 2621 μεγαλοδόξου
757 2584 870 2616 κτίσεως

87 2633 199 2670 Κυρίου.
210 2623 278 2668 Περὶ
290 2633 344 2660 τῶν
358 2631 521 2668 εὐεργεσιῶν
536 2631 629 2658 αὑτοῦ.
650 2631 789 2665 Ἐπίλογος
806 2630 870 2665 περὶ

94 2680 177 2715 Ἑνὼχ
194 2680 242 2706 καὶ
257 2678 328 2706 Νῶε.
342 2678 481 2712 Ἐπίλογος
494 2678 557 2714 περὶ
571 2677 704 2712 Ἀϐραὰμ,
720 2676 766 2703 καὶ
780 2675 870 2702 Ἰσαὰκ

89 2724 134 2752 καὶ
145 2722 182 2752 ὧν
196 2724 409 2760 ἐπειράσθησαν.
433 2723 572 2758 Ἐπίλογος
595 2723 660 2758 περὶ
685 2722 798 2755 Ἰακὼϐ,
822 2721 870 2749 καὶ

194 2823 362 2887 ll"artieulaui
380 2825 428 2860 μή,
443 2825 488 2859 hic
506 2823 673 2860 superﬂuere
693 2823 866 2851 arbitramur.

216 2867 282 2888 ocus
295 2861 418 2888 mutilus.

133 2859 178 2889 28)
194 2859 282 2889 Locus
295 2860 418 2888 mutilus.

921 2263 993 2298 quod
1009 2271 1148 2298 nunquam
1167 2263 1293 2297 ponenda
1316 2270 1380 2290 cura
1401 2263 1461 2290 ﬁliae
1481 2263 1591 2297 virginis
1608 2271 1614 2288 :
1635 2263 1708 2297 quod

921 2309 1069 2337 sedendum
1088 2317 1140 2336 non
1155 2309 1190 2336 sit
1203 2310 1229 2336 in
1245 2309 1332 2336 medio
1348 2310 1490 2337 mulierum
1506 2314 1614 2344 propter
1630 2316 1708 2336 scor-

921 2356 1060 2383 tationem.
1090 2355 1127 2382 De
1149 2355 1256 2390 opiﬁcio
1281 2355 1396 2382 Domini.
1421 2355 1458 2383 De
1475 2355 1548 2386 sole,
1568 2355 1640 2390 quod
1658 2363 1707 2383 vas

920 2400 1079 2427 admirabile
1095 2401 1129 2428 sit
1143 2404 1170 2427 et
1186 2407 1255 2435 opus
1268 2399 1384 2426 Domini.
1411 2399 1448 2426 De
1475 2400 1539 2426 luna
1559 2403 1586 2426 ct
1600 2400 1682 2428 astris
1698 2409 1706 2434 ;

920 2447 954 2474 de
983 2455 1066 2477 arcu,
1086 2446 1205 2477 nivibus,
1234 2445 1399 2480 fulguribus,
1430 2446 1538 2478 nebula,
1564 2447 1706 2480 grandine,

921 2492 1132 2523 terrwmotibus,
1148 2491 1263 2522 tonitru.
1288 2491 1390 2526 pluvia,
1405 2491 1514 2525 pruina,
1529 2491 1656 2525 caligine,
1673 2492 1707 2519 de

920 2547 982 2567 rore
999 2539 1124 2569 :estivali,
1140 2538 1174 2565 de
1188 2539 1286 2574 abysso
1300 2542 1388 2565 terrm.
1411 2538 1447 2565 De
1461 2538 1578 2565 Jordaue
1588 2542 1614 2566 et
1626 2539 1704 2567 mari.

921 2585 958 2612 De
973 2585 1047 2612 omni
1065 2585 1172 2611 vivente
1183 2588 1209 2610 et
1225 2583 1336 2618 pecude.
1356 2583 1393 2610 lle
1410 2583 1553 2618 magniﬁca
1569 2583 1706 2610 creatione

919 2631 1045 2663 Domini;
1064 2630 1098 2657 de
1114 2629 1254 2657 beneﬁciis
1269 2629 1338 2662 ejus.
1354 2628 1482 2663 Epilogus
1505 2629 1539 2656 de
1562 2629 1654 2655 Eiioeh
1678 2633 1704 2656 et

920 2677 985 2704 Noe.
1011 2676 1141 2711 Epilogus
1167 2675 1201 2702 de
1225 2675 1361 2702 Abraham
1386 2678 1413 2702 et
1440 2674 1526 2707 Isaac,
1544 2679 1571 2702 et
1596 2675 1703 2701 illorum

921 2723 1129 2752 teutationibus.
1151 2722 1281 2758 Epilogus
1294 2722 1328 2749 de
1343 2721 1429 2749 Jacob
1443 2725 1470 2750 et
1488 2721 1589 2758 Moyse,
1604 2725 1630 2749 et
1644 2727 1704 2756 quae

956 2824 1011 2860 (29)
1031 2823 1143 2852 Videtur
1155 2821 1310 2859 legendum,
1325 2821 1435 2849 ἀπαίτει
