1929 3056
206 129 260 157 385

773 133 803 162 ε.
824 134 1056 162 ΛΤΗΑΝΑΞΙυΞ.
1080 151 1114 157 -
1135 136 1247 164 DUBIA.

1791 139 1861 167 586

209 185 254 211 ille
275 184 411 212 mirabilia
433 187 608 220 perpetravit.
635 187 764 223 Epilogus
787 189 821 217 de
844 190 951 217 Aarone
974 195 999 217 et

1053 192 1202 225 Μωῡσέως,
1236 194 1283 220 καὶ
1304 191 1342 221 ὧν
1362 194 1589 232 ὲθαυματοὺργει.
1613 196 1753 229 Ἐπῐλογος
1779 197 1859 233 περὶ

209 229 295 265 ipsius
313 231 464 258 ministerio
478 236 504 258 ct
521 233 684 260 sacerdotio.
700 234 828 270 Epilogus
839 236 872 262 de
882 235 998 267 Dathan,

211 276 315 304 Abiron
332 281 358 303 et
373 277 452 305 Core.
470 277 508 305 De
522 279 649 314 primitiis
669 282 922 316 priniogcnitorum,
940 290 1000 317 quze

209 324 243 350 ad
260 324 395 352 Aaronem
417 327 598 360 pertint-bant.
619 327 749 364 Epilogus
766 329 799 356 de
816 329 930 356 Phineus
946 330 1000 357 ﬁlio

209 369 342 401 Eleazari,
383 372 454 406 quod
485 373 583 400 tertius
619 378 679 408 post
715 375 849 402 Anronem
884 376 1000 403 CCit‘lH'iS

209 416 300 444 fuerit.
323 417 400 450 Quod
426 419 518 446 Davidi
543 419 675 448 Dominus
706 425 898 448 testamentum
924 422 1000 456 regni

208 460 374 495 disposuerit
390 471 396 488 :
409 462 481 496 quod
494 461 573 490 Jesns
585 463 657 490 Nave
664 471 811 491 successor
820 464 920 499 Moysis
931 464 1000 491 inter

209 507 354 542 prophetas
372 507 452 534 fuerit
469 509 623 543 :quomodo
640 510 666 536 in
684 510 780 538 diebus
803 510 904 546 llloysis
919 510 1000 538 Jesus

208 552 282 580 Nave
297 557 324 580 et
345 553 448 581 Chaleb
470 554 541 582 ﬁlius
560 555 682 590 Jephone
707 556 822 583 fecerint
844 557 1001 584 misericor-

208 599 293 632 diam,
310 605 338 627 et
359 608 391 628 ex
413 601 558 628 duodecim
583 603 684 630 servati
703 603 758 630 sint
776 614 781 631 :
805 603 838 631 de
863 603 998 636 Samuele,

207 645 255 680 qui
272 651 333 680 post
346 645 438 674 Iesum
455 647 527 674 inter
545 649 691 683 prophetas
705 649 838 684 judicavit
859 651 999 685 populum.

209 691 247 718 De
263 691 369 719 Nathan
385 693 525 727 propheta,
539 695 682 722 encomion
701 695 728 722 in
745 695 873 722 Davidem
889 695 999 730 Regem.

209 737 287 771 Quod
304 738 432 766 Salomon
449 741 558 774 sapiens
574 741 684 775 quidem
703 741 795 773 fuerit,
811 742 919 769 tandem
936 750 1000 770 vero

209 784 353 811 mulierum
389 786 529 813 adamator
564 787 698 819 evaserit,
726 791 788 822 post
817 788 885 814 iram
917 789 1002 823 ι)ωηί-

210 830 295 857 tentia
320 831 538 859 misericordiam
565 832 680 867 adeptus
707 833 753 860 sit.
790 832 827 860 De
853 833 999 861 Jerohoam

209 877 237 901 et
268 873 389 902 Roboam
422 876 577 904 schismatis
610 878 781 905 auctoribus.
806 877 843 904 De
868 879 1000 913 propheta

210 919 280 952 Elia,
307 922 376 956 ignis
402 923 473 949 mala
495 930 671 951 consumens.
696 923 734 951 De
756 923 853 951 Eliszeo
870 924 1000 959 propheta

210 970 238 994 et
264 966 399 1002 discipulo
423 968 505 1002 Eliaz,
529 969 608 1004 cujus
639 969 721 997 etiam
750 969 847 1004 spiritu
882 970 1000 1004 repletus

209 1017 252 1040 est
282 1022 291 1041 ;
319 1013 353 1041 de
382 1015 539 1050 captivitate
561 1023 654 1050 regum
681 1015 762 1042 Juda.
789 1015 866 1048 Quod
890 1015 1000 1043 humilis

209 1057 292 1085 fuerit
316 1057 458 1092 Ezechias,
483 1063 510 1086 et
535 1060 640 1087 amicus
660 1059 748 1090 Isaiae.
773 1063 800 1086 et
824 1060 931 1087 occisor
948 1060 1000 1086 [la-

209 1103 300 1138 psacis
319 1113 326 1130 :
347 1103 420 1138 quod
441 1104 562 1132 liherarit
582 1105 716 1133 Dominus
733 1105 861 1133 lsraelem
880 1114 928 1141 per
948 1114 1001 1132 ma-

209 1158 275 1176 num
292 1149 377 1182 Isaize,
385 1152 524 1186 percussis
539 1151 638 1179 castris
657 1152 843 1187 Assyriorum.
857 1152 934 1185 Quod
954 1151 1001 1179 Jo-

209 1196 266 1223 sias
291 1203 340 1222 rex
371 1195 453 1224 fuerit
487 1197 592 1225 amicus
619 1197 754 1225 Jeremiaa.
799 1197 836 1226 De
869 1199 1001 1234 propheta

209 1240 361 1273 Ezechiele.
388 1241 461 1277 quod
487 1243 514 1269 in
541 1244 700 1278 captivitate
724 1244 888 1280 Babylonica
909 1245 998 1272 fuerit.

210 1286 249 1314 De
268 1287 377 1315 ossibus
393 1287 537 1314 duodecim
557 1289 763 1323 prophetarum.
785 1288 862 1321 Quod
882 1288 1001 1316 Zoroba-

211 1333 255 1360 bel
270 1336 297 1360 et
311 1332 391 1360 Jesus
408 1332 480 1361 ﬁlius
499 1332 615 1361 Josedec
634 1334 745 1362 domum
762 1334 868 1362 Domini
881 1334 1000 1362 adiﬁca-

210 1378 311 1406 verint.
333 1378 474 1412 Quomodo
494 1379 621 1408 Neemias
637 1388 731 1408 muros
748 1380 924 1416 Jerosolymaa
945 1381 1001 1408 col-

209 1425 302 1460 lapsos
329 1426 457 1453 erexerit.
490 1425 528 1453 De
561 1426 666 1460 Enoch,
700 1427 747 1462 qui
779 1427 851 1454 inter
883 1427 1001 1463 inclylos

209 1478 424 1500 connumeratur
440 1482 446 1500 :
462 1473 535 1508 quod
551 1472 651 1508 Ioseph
667 1482 730 1501 cum
746 1474 856 1510 inclytis
872 1473 963 1506 fuerit,
975 1478 1002 1501 et

209 1519 340 1554 populum
355 1518 551 1547 confortaverit
567 1529 573 1547 :
588 1520 661 1555 quod
678 1519 740 1548 Sem
759 1524 785 1548 et
798 1519 863 1547 Seth
880 1521 1001 1548 celebres

210 1565 281 1593 inter
306 1565 433 1593 homines
455 1566 556 1593 fuerint
582 1574 588 1592 :
612 1566 685 1602 quod
712 1566 806 1594 Simon
834 1567 906 1594 ﬁlius
925 1567 1010 1594 Onite,

210 1611 404 1638 celeberrimus
420 1611 448 1638 in
464 1619 571 1638 summo
591 1612 744 1639 sacerdotio
760 1611 842 1639 fuerit
860 1621 866 1638 :
883 1613 955 1648 quod
973 1611 1001 1640 i’n

210 1656 340 1684 omnibus
371 1657 432 1684 istis
467 1658 623 1685 laudandus
655 1659 691 1686 sit
721 1658 792 1686 Deus
829 1660 1000 1694 magniﬁcus.

211 1703 314 1729 Contra
338 1702 537 1737 Samaritanos,
564 1705 611 1739 qui
635 1703 820 1738 Judaismum,
848 1709 875 1732 et
906 1710 1002 1733 contra

209 1747 329 1779 Judzeos,
356 1750 403 1783 qui
423 1749 562 1777 Christum
586 1750 769 1785 reprobarunt
797 1758 803 1776 :
830 1750 864 1778 de
890 1751 1002 1787 Epilogo

210 1789 295 1822 totius
313 1795 386 1822 libri.
404 1795 442 1822 De
457 1796 582 1824 oratione
596 1795 678 1829 Jesu,
699 1796 749 1824 ﬁlii
768 1796 875 1830 Sirach,
894 1799 1002 1834 nepotis

209 1841 286 1868 Jesu.

213 1916 293 1952 136
314 1916 361 1944 DE
384 1916 510 1944 LIBRIS
536 1917 633 1944 NOV]
661 1917 904 1946 TESTAMENTI
930 1919 1002 1946 1AM

387 1952 526 1980 DICERE
556 1952 835 1981 INCIPIENDUM.

271 1997 351 2025 Liber
373 1998 398 2027 1.
420 1998 593 2034 Evangelium
613 2000 756 2027 secundum
775 2000 943 2028 Matt/imum.

245 2044 290 2072 Π.
321 2044 378 2072 Hoc
400 2046 512 2073 nomine
534 2050 648 2074 vocatur
677 2046 721 2073 hic
747 2047 816 2074 liber
843 2047 917 2082 quod
943 2047 1003 2082 ipse

211 2091 354 2119 Mattheus
369 2092 520 2127 discipulus
535 2091 642 2119 Domini
668 2093 845 2128 Evangelium
863 2094 915 2121 hoc
933 2101 1002 2121 con-

211 2139 363 2173 scripserit.
385 2138 485 2166 Narrat
514 2144 604 2166 autem
632 2139 666 2166 ab
694 2139 773 2167 initio
798 2140 1001 2175 generationem

211 2183 363 2213 Salvatoris
385 2185 536 2213 secundum
561 2193 671 2213 carnem
682 2206 689 2217 ,
707 2194 739 2213 ex
756 2187 861 2214 semine
877 2185 998 2213 Davidis.

212 2230 385 2266 Quapropter
411 2235 439 2259 et
461 2232 495 2258 ab
516 2232 562 2260 illo
586 2232 771 2271 genealogiam
798 2233 831 2260 ad
860 2233 999 2260 Christum

212 2285 301 2312 usque
320 2277 499 2313 quadraginta
518 2277 625 2306 duabus
643 2279 866 2313 generationibus
880 2279 999 2306 deducit.

211 2323 341 2350 Continet
366 2324 449 2351 etiam
473 2323 610 2358 baptisma
638 2322 752 2351 Joannis
780 2327 808 2351 et
835 2323 1001 2351 tentationes

211 2377 281 2404 quas
306 2370 334 2397 in
358 2374 451 2398 monte
478 2369 604 2397 Christus
633 2377 648 2396 a
676 2369 784 2397 diabolo
812 2369 952 2402 sustinuit,
975 2372 1002 2396 et

211 2416 288 2451 signa
306 2420 333 2444 et
354 2417 477 2452 prodigia
495 2424 593 2452 magna
610 2424 625 2442 a
645 2415 786 2444 Salvatore
808 2416 892 2449 facta,
917 2416 1002 2443 disci-

211 2462 336 2497 pulorum
363 2463 535 2491 electionem.
561 2463 684 2498 mysterii
711 2462 898 2490 traditionem.
929 2461 1003 2495 Quo-

209 2508 291 2536 modo
306 2509 414 2536 tandem
429 2509 547 2537 traditus
559 2509 594 2538 sit
606 2508 702 2541 Pilato,
713 2508 862 2536 cruciﬁxus
875 2516 1001 2544 corpore,

210 2561 366 2589 corpusque
390 2554 476 2589 ipsius
501 2555 619 2589 positum
643 2555 671 2582 in
697 2558 873 2582 monumento
893 2563 901 2582 :
928 2555 1002 2590 quod

212 2600 314 2628 milites
337 2604 427 2627 vestes
445 2601 504 2635 ejus
524 2601 679 2632 diviserint,
696 2601 754 2636 ipse
770 2608 836 2628 vero
847 2608 910 2629 cum
928 2601 1001 2628 intra

212 2646 331 2672 triduum
356 2647 570 2678 resurrexisset,
593 2646 737 2682 discipulis
764 2647 940 2682 praeceperit.
972 2651 1002 2674 ut

210 2691 342 2718 docerent
358 2699 453 2719 onmes
471 2696 576 2727 gentes,
592 2698 618 2720 et
636 2693 805 2728 baptizarent
819 2701 877 2725 eos,
895 2693 1001 2728 pollici-

209 2741 254 2764 tus
285 2737 350 2770 illis,
375 2738 448 2772 quod
477 2737 587 2765 futurus
612 2742 687 2766 esset
716 2746 779 2766 cum
811 2739 867 2766 illis
889 2739 1000 2768 cunctis

208 2782 319 2816 diebus,
341 2790 428 2818 usque
448 2783 483 2811 ad
509 2785 774 2814 consummationem
797 2785 900 2814 saeculi.
917 2785 1000 2822 Signa

245 2858 302 2896 (30)
321 2858 444 2888 ﬂendum

1057 239 1174 274 ’Λαρὼν,
1194 240 1240 266 καὶ
1260 240 1309 275 τῆς
1331 241 1502 277 λειτουργίας
1523 242 1616 274 αὑτοῦ,
1633 242 1680 269 καὶ
1699 244 1748 278 τῆς
1765 243 1855 278 tepu-

1050 285 1134 317 τείας.
1165 285 1306 320 Ἐπίλογος
1330 287 1394 322 περὶ
1419 287 1526 319 Δαθὰν,
1545 288 1591 314 καὶ
1619 288 1768 324 Ἀὃειρὼν,
1799 289 1857 316 καὶ

1051 332 1132 367 Κορὲ.
1158 332 1227 367 Περὶ
1257 332 1311 358 τῶν
1333 333 1466 368 ἀπαρχῶν
1489 334 1543 360 τῶν
1569 336 1856 370 πρωτογεννημάτων

1053 377 1160 412 μερίδος
1177 378 1293 414 Ἀαρών.
1311 378 1511 412 Ἑπί),ογος,ὃτι
1523 380 1615 411 Φινεὲς
1633 380 1689 412 υίὸς
1709 380 1856 417 Ἐλεάζαρ

1050 425 1141 461 τρίτος
1161 425 1231 460 μετὰ
1258 425 1362 462 Ἀαρὼν
1377 425 1490 458 ἔνδοξος.
1505 427 1566 452 Ὂτι
1583 427 1621 462 τῷ
1637 428 1718 454 Δαίὶδ
1738 428 1856 454 διέθετο

1051 471 1153 506 Κύριος
1171 471 1302 507 διαθήκην
1317 471 1466 506 βασιλείας.
1487 473 1547 499 Ὅτι
1565 473 1668 508 Ἰησοῦς
1683 474 1762 509 Ναυῆ
1785 474 1854 501 διά-

1050 518 1127 554 δοχος
1137 519 1276 550 Μωῦσέως
1286 519 1391 553 γίνεται
1405 520 1433 545 ἐν
1446 520 1608 555 προφήταις.
1627 521 1671 552 Ὠς
1684 521 1712 547 ἐν
1723 521 1854 557 ἡμέραις

1052 565 1194 596 Μωῦσέως
1216 564 1320 600 Ἰησοῦς
1332 565 1408 600 Ναυῆ
1434 566 1480 592 καὶ
1502 566 1592 594 Χάλεὸ
1615 568 1629 593 ὁ
1651 567 1697 593 τοῦ
1725 567 1853 603 Ἱεφονῆ,

1051 611 1182 645 ἐποίησαν
1193 611 1275 642 ἕλεος,
1283 611 1332 638 καὶ
1340 612 1364 638 οἱ
1377 612 1409 646 ιβ’
1417 612 1471 647 (50)
1480 612 1659 648 διεσώῦησαν.
1669 613 1708 640 Τὰ
1718 614 1786 649 περὶ
1794 615 1855 641 Σα-

1053 656 1149 692 μουὴλ,
1158 657 1186 688 ὂς
1199 657 1267 692 μετᾶ
1283 656 1383 691 Ἰησοῦν
1395 656 1486 692 ἔκρινε
1499 658 1543 683 τὸν
1558 658 1620 684 λαὸν
1635 659 1663 684 ἐν
1676 659 1850 694 προφήταις.

1051 701 1092 728 Τὰ
1104 702 1167 737 περὶ
1178 701 1269 728 Ναθὰν
1282 701 1329 727 τοῦ
1344 702 1492 737 προφήτου,
1502 702 1548 728 καὶ
1559 701 1694 737 ἐγκώμιον
1709 704 1748 734 εἰς
1759 702 1854 728 Δαϐὶδ

1051 748 1096 775 τὸν
1124 748 1246 783 βασιλέα,
1269 748 1312 779 Ὠς
1327 747 1453 782 Σολομὼν
1475 745 1509 782 ἦν
1531 747 1627 781 σοιξὺς,
1646 747 1714 774 ἀλλὰ
1728 747 1850 782 φιλογύ-

1051 803 1126 826 veto;
1150 794 1261 830 ὕστερον
1285 793 1396 828 γέγονε,
1423 793 1469 819 καὶ
1493 793 1561 828 μετὰ
1576 793 1625 828 τὴν
1640 792 1722 828 ὀργὴν
1738 793 1849 829 ἠλεήθη

1053 841 1233 876 μετανοήσας.
1247 839 1288 866 Τὰ
1312 839 1376 875 περὶ
1403 838 1546 874 Ἱεροϐιὰμ.
1572 839 1618 864 καὶ
1647 838 1765 873 Ῥοϐοὰμ
1787 839 1850 865 τῶν

1053 885 1283 921 σχισματοποιῶν.
1308 884 1347 911 Τὰ
1367 885 1432 920 περὶ
1459 884 1549 910 Ἡλίου
1571 884 1618 910 τοῦ
1635 885 1794 920 προφήτου,
1815 885 1850 911 τὸ

1051 932 1108 968 πῦρ
1127 932 1157 959 τὸ
1187 933 1263 959 καῖον
1294 931 1328 958 τὰ
1361 931 1444 958 κακά.
1471 930 1512 957 Τὰ
1540 931 1604 965 περὶ
1631 931 1767 957 Ἑλισσαιὲ
1794 931 1849 958 τοῦ

1052 980 1207 1015 προφήτου,
1228 979 1275 1005 καὶ
1298 977 1420 1014 μαθητοῦ
1439 977 1546 1009 Ἠλίου,
1572 978 1601 1009 ὂς
1623 977 1776 1014 ἐνεπλήσθη
1795 978 1848 1005 τοῦ

1052 1025 1208 1060 πνεύματος
1229 1024 1322 1051 αὑτοῦ.
1349 1024 1389 1050 Τὰ
1413 1024 1476 1059 περὶ
1496 1024 1546 1059 τῆς
1573 1024 1761 1059 αίχμαλωσίας
1788 1025 1849 1051 τῶν

1053 1071 1186 1106 βασιλέων
1205 1070 1300 1097 Ἰούδα.
1323 1070 1366 1102 Ὠς
1379 1067 1413 1105 ἦν
1435 1068 1564 1102 Ἱεζεκίας
1577 1070 1778 1105 ταπεινόφρων,
1796 1071 1848 1097 καὶ

1051 1116 1097 1144 τοῦ
1115 1117 1225 1143 Ἡσαΐου
1241 1117 1327 1152 φίλος,
1340 1117 1386 1143 καὶ
1399 1116 1446 1143 τοῦ
1461 1115 1607 1152 Ῥαμψάκη
1622 1116 1778 1151 ἀναιρὲτης.
1799 1117 1847 1148 Ὠς

1052 1162 1222 1199 ὲλυτρώσατο
1248 1163 1351 1198 Κύριος
1372 1162 1416 1189 τὸν
1435 1161 1542 1197 Ἰσραὴλ
1563 1162 1592 1188 ἐν
1612 1163 1684 1198 χειρὶ
1712 1162 1846 1195 Ἡσαΐου,

1052 1209 1175 1242 πατάξας
1187 1209 1235 1245 τὴν
1248 1208 1424 1245 παρεμϐολὴν
1438 1207 1491 1234 τῶν
1505 1208 1664 1244 Ἀσσυρίων.
1679 1208 1721 1240 Ὠς
1737 1208 1846 1240 Ἰωσίας

1051 1257 1065 1283 ὁ
1082 1255 1208 1291 βασιλεὺς
1233 1256 1339 1292 ὑπῆρχε
1363 1255 1439 1290 φίλος
1455 1255 1598 1290 Ἰερεμίου.
1623 1255 1690 1290 Περὶ
1716 1254 1847 1290 Ἐζεκιὴλ

1051 1302 1100 1328 τοῦ
1122 1302 1272 1337 προφήτου,
1288 1302 1328 1328 ὅτι
1344 1302 1373 1328 ὲν
1385 1302 1417 1336 τῇ
1430 1301 1605 1336 αἰχμαλωσίᾳ
1618 1298 1652 1336 ἦν
1670 1300 1844 1333 Βαϐυλῶνος.

1052 1348 1119 1385 Περὶ
1134 1347 1188 1374 τῶν
1202 1347 1302 1374 ὀστέων
1319 1347 1373 1374 τῶν
1392 1347 1423 1382 ιβ’
1447 1347 1604 1383 προφητῶν.
1630 1347 1672 1379 Ὠς
1689 1347 1845 1382 Ζοροϐάϐελ

1052 1396 1101 1421 καὶ
1117 1394 1221 1430 Ἰησοῦς
1244 1395 1258 1420 ὁ
1282 1394 1330 1421 τοῦ
1358 1393 1480 1420 Ἰωσεδὲκ
1502 1393 1680 1429 ᾠκοδόμησαν
1703 1394 1749 1420 τὸν
1766 1392 1847 1421 οἷκον

1052 1440 1166 1476 Κυρίου.
1186 1440 1230 1472 Ὠς
1246 1439 1365 1475 Νεεμίας
1377 1440 1505 1475 ἀνήγειρε
1517 1439 1550 1466 τὰ
1567 1439 1642 1475 τείχη
1664 1440 1843 1475 Ἰερουσαλὴμ

1052 1487 1086 1514 τὰ
1106 1488 1278 1514 πεπτωκότα.
1300 1487 1340 1514 Τὰ
1370 1487 1434 1522 περὶ
1460 1485 1563 1522 Ἑνὼχ,
1586 1486 1615 1518 ὃς
1637 1488 1709 1513 ἐστιν
1733 1487 1761 1512 ὲν
1786 1489 1845 1518 τοῖς

1015 1539 1036 1567 c
1053 1533 1168 1567 ἐνδόξοις
1198 1534 1245 1560 καὶ
1273 1534 1412 1569 στήριγμα
1436 1532 1511 1559 λαοῦ.
1545 1533 1607 1559 Ὅτι
1633 1532 1693 1567 Σὴμ
1715 1533 1764 1559 καὶ
1786 1533 1842 1568 Σὴθ

1053 1580 1152 1612 ἔνδοξοι
1173 1581 1201 1607 ὲν
1217 1579 1379 1614 ἀνθρώποις.
1401 1579 1461 1606 Ὅτι
1476 1579 1566 1614 Σίμων
1584 1579 1671 1605 Ὀνίου
1686 1579 1744 1611 υἱὺς
1767 1580 1842 1606 ἐνδο-

1053 1627 1161 1659 ξότατος
1192 1627 1221 1653 ὲν
1258 1625 1457 1662 ἀρχιερωσύνη.
1486 1625 1547 1652 ’Ότι
1572 1625 1619 1652 ἐπὶ
1648 1625 1714 1651 πᾶσι
1732 1625 1842 1659 ,τούτοις

1052 1672 1171 1707 εὐλογεῖν
1199 1673 1239 1699 δεῖ
1261 1672 1306 1700 τὸν
1336 1671 1402 1699 Θεὸν
1426 1671 1622 1707 μεγαλουργόν.
1648 1671 1726 1698 Κατὰ
1749 1671 1844 1706 Σαμα-

1053 1719 1170 1755 ρειτῶν,
1196 1718 1386 1754 ἁθετησάντων
1414 1718 1459 1745 τὸν
1488 1717 1671 1752 Ἰουδαῑσμὸν,
1699 1717 1744 1743 καὶ
1770 1717 1842 1744 κατά

1059 1763 1193 1790 Ἰουδαίων
1207 1763 1398 1799 ἁθετησάντων
1415 1763 1461 1789 τὸν
1485 1762 1612 1798 Χριστόν.
1630 1763 1697 1798 Περὶ¹
1711 1762 1757 1788 τοῦ
1779 1763 1841 1789 ἑπι-

1052 1809 1131 1843 λόγου
1145 1809 1195 1843 τῆς
1208 1809 1299 1844 βίὸλου
1315 1809 1416 1844 πάσης.
1434 1808 1502 1845 Περὶ
1518 1808 1566 1844 τῆς
1578 1809 1731 1845 προσευχῆς
1752 1808 1841 1843 Ἰησοῦ

1052 1855 1112 1881 υἱοῦ
1128 1855 1230 1890 Σηρὰχ,
1247 1855 1360 1890 ὲγγόνου
1377 1854 1475 1890 Ἰησοῦ.

1052 1914 1225 1940 APKTEON
1250 1913 1292 1940 AE
1318 1913 1385 1939 ΚΑΙ
1411 1913 1482 1939 ΤΩΝ
1509 1914 1579 1939 ΤΗΣ
1596 1911 1736 1939 ΚΑΙΝΗΣ

1293 1949 1416 1975 ΘΗΚΗΣ
1435 1948 1598 1975 ΒΙΒΛΙΩΝ.

1768 1911 1840 1938 ΔΙΑ-

1123 2003 1247 2031 Βιϐλίον
1262 2003 1303 2031 Α’.
1319 2003 1400 2030 Κατὰ
1410 2002 1562 2030 Ματθαῖον
1575 2001 1770 2038 Εὑαγγέλιον.

1088 2051 1133 2078 47.
1152 2050 1230 2077 Οὕτω
1250 2050 1372 2077 καλεῖται
1397 2049 1428 2075 τὸ
1445 2048 1557 2084 βιϐλίον,
1590 2049 1683 2084 ἐπειδὴ
1695 2049 1742 2074 καὶ
1759 2047 1840 2080 αὐτος

1052 2096 1193 2128 Ματθαῖος
1206 2097 1220 2122 ὁ
1238 2095 1362 2131 μαθητὴς
1381 2095 1427 2122 τοῦ
1446 2094 1550 2131 Κυρίου
1567 2095 1719 2131 συνέγραψε
1740 2093 1771 2120 τὸ
1789 2093 1840 2121 Εὑ-

1052 2142 1179 2176 αγγέλιον
1200 2141 1289 2168 τοῦτο.
1317 2141 1457 2177 Διηγεῖται
1477 2141 1506 2167 δὲ
1535 2141 1564 2174 ea
1587 2141 1674 2176 ἀρχῆς
1696 2140 1743 2175 τὴν
1770 2140 1840 2167 κατὰ

1055 2187 1145 2223 σάρκα
1160 2186 1287 2222 γέννησιν
1300 2186 1348 2213 τοῦ
1364 2187 1490 2222 Σωτῆρος
1501 2186 1551 2222 τὴν
1569 2187 1601 2212 ὲκ
1625 2185 1779 2221 σπέρματος
1792 2185 1838 2212 τοῦ

1053 2232 1146 2259 Δαϐίδ.
1168 2231 1214 2258 Διὸ
1232 2232 1279 2258 καὶ
1302 2231 1350 2258 ἀπ’
1368 2231 1450 2258 αὐτοῦ
1467 2231 1516 2267 τὴν
1529 2231 1704 2265 γενεαλογίαν
1725 2230 1838 2263 κατάγει

1052 2278 1103 2310 ἓως
1117 2278 1164 2306 τοῦ
1186 2277 1324 2314 Χριστοῦ,
1347 2278 1444 2312 γενεὰς
1459 2278 1512 2313 μβκ
1536 2277 1660 2313 Περιέχει
1682 2276 1710 2303 δὲ
1736 2276 1782 2302 καὶ
1809 2277 1840 2303 τὸ

1054 2321 1197 2357 βάπτισμα
1215 2321 1350 2354 Ἰωάννου,
1365 2322 1412 2349 καὶ
1432 2322 1495 2354 τοὺς
1511 2322 1539 2349 ὲν
1555 2321 1595 2356 τῷ
1616 2321 1673 2356 ὗρει
1696 2320 1770 2355 παρὰ
1790 2321 1837 2348 τοῦ

1052 2367 1173 2394 διαϐόλου
1190 2368 1370 2404 πειρασμοὺς,
1381 2368 1427 2395 καὶ
1443 2369 1543 2403 σημεῖα
1557 2368 1603 2394 κα)⁸
1617 2366 1717 2402 τέρατα
1735 2365 1839 2401 μεγάλα

1052 2414 1186 2450 γενόμενα
1202 2413 1278 2451 παρὰ
1296 2413 1342 2441 τοῦ
1366 2414 1507 2449 Σωτῆρος,
1523 2414 1574 2449 τήν
1588 2421 1618 2439 τε
1635 2412 1690 2439 τῶν
1710 2412 1837 2448 μαθητῶν

1053 2460 1185 2497 ἐκλογὴν,
1210 2461 1258 2487 καὶ
1281 2461 1331 2496 τὴν
1356 2460 1403 2487 τοῦ
1431 2459 1580 2495 μυστηρίου
1602 2458 1766 2494 παράδοσινυ
1791 2460 1838 2486 καὶ

1052 2507 1129 2539 τέλος
1157 2507 1199 2534 ὅτι
1221 2507 1356 2543 παρεδόθη
1381 2506 1505 2542 Πιλάτῳ,
1538 2506 1586 2533 καὶ
1615 2504 1776 2541 ἐσταυρώθη
1799 2506 1837 2542 τῷ

1053 2552 1170 2589 σώματι,
1183 2552 1275 2579 καὶτὸ
1295 2552 1374 2588 σῶμα
1399 2552 1480 2578 αὐτοῦ
1495 2551 1573 2587 ἐτέθη
1592 2553 1620 2578 ὲν
1639 2552 1679 2587 τῷ
1697 2551 1835 2588 μνημείῳ·

1052 2601 1099 2627 καὶ
1110 2601 1133 2627 οἱ
1147 2600 1196 2636 μὲν
1209 2599 1374 2636 στρατιῶται
1385 2598 1575 2634 διεμερίσαντο
1587 2598 1621 2624 τὰ
1632 2598 1728 2633 ἱμάτια
1739 2598 1818 2625 αὐτοῦ
1827 2607 1834 2614 ·

1051 2647 1132 2678 αὐτὸς
1161 2647 1206 2679 δὲ,
1222 2647 1251 2672 ὲν
1275 2646 1417 2681 τριημέρῳ
1441 2645 1579 2677 ἀναστὰς,
1604 2645 1756 2671 ἐνετείλατο
1782 2647 1836 2678 τοῖς

1053 2693 1189 2728 μαθηταῖς
1204 2691 1365 2728 μαθητεύειν
1383 2692 1474 2718 πάντα
1489 2691 1523 2717 τὰ
1540 2690 1615 2727 ἔθνη,
1628 2691 1676 2718 καὶ
1699 2689 1837 2725 βαπτίζειν

1051 2739 1159 2772 αὐτοὺς,
1174 2738 1408 2774 ἐπαγγειλάμενος
1422 2736 1492 2764 εἶναι
1508 2737 1566 2772 μετ’
1580 2736 1670 2764 αὐτῶν
1684 2736 1773 2768 πάσας
1789 2738 1835 2768 τὰς

1050 2784 1157 2820 ἡμέρας
1173 2783 1225 2816 ἓως
1246 2784 1402 2814 συντελείας
1425 2782 1473 2810 τοῦ
1495 2783 1602 2816 αἰῶνος.
1634 2783 1696 2811 Εἰσὶ
1719 2783 1748 2810 δὲ
1765 2782 1839 2820 ἅπερ
