1929 3056
52 142 109 170 333

611 137 778 167 SYNOPSIS
799 136 1004 166 SCRIPTURAS
1023 137 1160 166 SACME.

1636 140 1688 168 51-16

55 197 202 233 ἰξηγεϊται
235 196 374 227 Ματθαῖος
401 195 543 230 γεγονέναι
577 196 677 231 σημεῖα
704 194 781 230 παρὰ
805 194 853 220 τοῦ

911 203 980 228 vero,
996 203 1057 233 qua
1077 203 1092 223 a
1108 195 1218 223 Christo
1241 195 1313 223 facta
1340 195 1483 224 Mattha’us
1504 201 1608 228 narrat,
1626 202 1691 225 sunt

55 243 183 279 Χριστοῦ
200 243 298 270 ταῦτα.
317 243 346 269 '0
361 243 460 278 λεπρὸς
482 241 648 278 ἐκαθαρίσθη
659 250 666 257 ·
682 243 697 268 ὁ
713 244 776 274 παῖς
790 243 854 269 ἐκαι-

55 289 213 324 τοντάρχου
236 289 273 324 μὴ
295 288 389 324 παρὼν
417 287 489 323 ἰάθη,
509 288 588 323 μόνον
612 288 734 320 εἰπόντος
755 287 853 314 αὐτοῦ·

53 335 74 369 ἡ
93 333 219 370 πενθερὰ
244 333 347 369 Πέτρου
373 334 548 369 πυρέσσουσα
573 332 652 368 ἰάθη⁸
674 332 754 367 ὀψίας
777 340 855 366 γενο-

58 381 172 416 μένης,
191 380 384 415 προσήνεγκαν
416 378 491 414 αὐτῷ
519 377 776 414 δαιμονιζομένους,
809 377 856 403 καὶ

57 426 158 457 κακῶς
172 426 284 461 ἔχοντας
294 433 301 440 α
319 426 367 451 καὶ
382 425 416 451 τὰ
430 425 479 460 μὲν
493 425 637 460 πνεύματα
651 424 760 456 ὲξέὸαλε
772 423 854 459 λόγῳ,

55 474 125 504 τοὺς
142 473 172 498 δὲ
193 472 288 503 ἄλλους
313 471 394 497 πάλιν
417 470 601 507 ἐθεράπευσεν
619 470 714 502 οὕτως.
729 470 857 496 Γενεαλο-

56 521 153 555 γεῖται
168 519 300 554 Χριστός·
318 517 523 552 εὐαγγελίζεται
542 517 640 552 Ἰωσήφ
651 526 657 532 ·
673 517 856 552 προσκυνοῦσι

61 566 149 601 μάγοι
159 573 166 580 ε
189 564 354 600 κατέρχεται
368 565 408 595 εὶς
425 564 562 597 Αἴγυπτον
579 564 593 590 ὁ
606 563 722 598 Χριστός
732 571 738 577 ·
750 563 857 598 ἀναιρεῖ

60 611 96 638 τὰ
112 611 211 637 παιδία
228 610 361 645 Ἡρώδης,
383 610 431 636 καὶ
443 609 566 645 τελευτᾷ.
586 608 716 635 ’Δνελθὼν
740 608 794 635 ἀπὺ
806 609 856 644 τῆς

63 657 205 692 Αἰγύπτου
223 658 347 684 κατοικεῖ
358 657 398 688 εἰς
414 656 540 692 Ναζαρὲθ
555 656 569 682 ό
584 655 711 691 Χριστός.
728 655 857 690 Ἔρχεται

69 704 197 738 Ἰωάννης
213 702 363 739 βαπτίζων,
374 702 575 737 ἀποστρέφεται
586 702 650 734 τοὺς
663 701 857 733 Σαδδουκαίους

65 752 110 778 καὶ
137 751 204 782 τοὺς
219 749 392 785 Φαρισαίους,
421 749 586 781 Βαπτίςεται
610 749 624 774 ὁ
651 749 783 784 Χριστὸς,
809 749 857 774 καὶ

65 796 226 832 πειράζεται
246 796 299 822 ὑπὸ
315 795 362 822 τοῦ
381 795 498 821 Σατανᾶ.
513 793 580 821 Εἶτα
594 793 675 830 ἦλθεν
694 796 733 827 είς
746 796 857 830 Καπερ-

64 846 162 879 ναοὺμ,
180 842 380 878 παραδοθέντος
393 842 440 869 τοῦ
461 842 595 869 Ἰωάννου.
612 842 699 869 Καλεί
711 842 776 874 τοὺς
793 842 856 877 περὶ

905 242 967 269 ista.
995 241 1134 277 Leprosus
1164 242 1313 270 mundatus
1337 247 1389 270 est.
1416 241 1488 270 Puer
1514 238 1691 272 Ceuturiunis

904 289 984 315 etiam
1001 289 1111 319 absens.
1124 288 1237 323 jubente
1253 293 1360 316 tantum
1375 290 1496 322 Christo,
1513 295 1624 318 curatus
1640 295 1693 318 est.

906 333 1009 362 Socrus
1027 333 1099 362 Petri
1122 334 1281 363 febricitans
1302 339 1397 363 sanata
1414 339 1466 363 est.
1484 335 1603 372 Vespere
1620 335 1694 363 facto

905 381 1062 408 obtulerunt
1087 381 1112 408 ei
1136 381 1317 410 da'nioniacos
1343 387 1370 410 et
1394 383 1464 410 male
1493 383 1635 414 habentes,
1665 387 1694 410 et

906 429 1019 462 spiritus
1051 427 1131 463 cjecit
1158 428 1251 460 verbo,
1281 429 1350 456 alios
1375 437 1484 464 quoque
1508 431 1615 456 curavit
1641 429 1694 457 hoc

905 473 996 500 modo.
1031 473 1132 500 Christi
1162 474 1302 508 generatio
1342 474 1505 501 desoribitur
1530 475 1604 510 (cap.
1632 474 1656 511 ι)
1683 486 1691 503 ι

905 519 1007 547 bonum
1032 520 1158 546 nuntium
1187 520 1292 555 accepit
1317 519 1418 555 Joseph
1446 530 1453 547 :
1479 520 1548 556 Magi
1579 521 1695 549 adorant.

907 566 976 599 (cap.
996 565 1026 598 ιι)
1051 574 1057 591 :
1081 564 1221 591 descendit
1245 565 1373 592 Christus
1406 566 1433 592 in
1455 565 1601 601 Egyptum
1626 565 1695 594 :lu-

910 611 997 638 fames
1024 610 1125 638 occidit
1155 610 1276 638 Herodes
1300 615 1326 638 et
1353 611 1478 639 moritur.
1511 613 1635 642 Christus
1661 620 1697 641 ex

907 657 1024 692 Egypto
1048 665 1174 685 reversus
1197 657 1302 684 habitat
1315 657 1458 686 Nazarcth.
1475 658 1555 686 Venit
1575 660 1697 688 Joannes

906 703 1049 738 baptizans
1074 703 1142 738 (cap.
1186 704 1230 737 ιιι)
1259 711 1265 729 :
1292 709 1433 732 aversatur
1459 704 1633 738 Sadducmos,
1668 710 1696 733 et

906 748 1070 776 Pharisaeos.
1097 749 1256 784 Baptizatur
1277 750 1414 782 Christus,
1435 755 1462 778 et
1483 755 1603 778 tentatur
1616 760 1630 778 a
1647 751 1698 778 Sa-

907 798 972 820 tana
995 796 1065 829 (cap.
1084 794 1121 830 tv)
1137 804 1143 821 :
1158 799 1252 829 postea
1269 803 1329 822 cum
1349 796 1467 823 traditus
1478 801 1550 824 esset
1565 796 1697 830 Joannes,

906 842 981 868 venit
1003 841 1186 876 Capcrnaum.
1204 839 1289 867 Vocat
1309 841 1417 868 Petrum
1435 846 1462 869 et
1482 841 1612 870 Jaco'uum
1635 851 1698 871 cum

64 891 168 926 Πέτρον
185 891 232 916 καὶ
250 889 389 916 Ἰάκωϐον.
414 889 568 925 Θεραπεύει
587 889 720 921 πολλοὺς,
739 889 855 923 κάθηται

911 886 1002 914 Fratre.
1025 887 1109 913 Curat
1124 887 1236 917 multos,
1258 886 1333 913 sedet
1355 886 1382 913 in
1412 893 1504 915 monte
1525 889 1593 923 (cap.
1613 889 1650 924 γ).
1672 893 1701 917 et

64 937 104 967 είς
116 936 148 962 τὸ
159 935 233 972 ὄρος,
255 936 301 962 καὶ
319 935 394 969 λέγει
414 936 477 967 τοὺς
499 936 706 971 μακαρισμοὺς,
723 935 770 961 καὶ
792 935 858 961 ἐπά-

63 991 119 1016 γει·
137 992 147 1008 ‹
166 983 261 1018 Ὑμεῖς
276 983 336 1008 ἐστε
348 982 378 1008 τὸ
390 981 465 1014 ἅλας,
481 991 490 1007 ι
500 982 558 1013 καὶ,
573 992 581 1007 ι
594 982 744 1017 ὑμεῖςὲστε
755 981 786 1007 τὸ
800 981 857 1016 φῶς

63 1029 111 1055 τοῦ
128 1030 244 1064 κόσμου.
259 1038 268 1054 ι
283 1029 415 1064 Παραινεί
435 1029 527 1060 αὐτοῖς
546 1028 610 1064 περὶ
629 1027 696 1063 βίου.
714 1025 781 1053 Εἶτα
799 1028 859 1053 ἑπι-

65 1077 149 1103 τείνει
170 1076 219 1107 τὰς
237 1077 266 1102 ὲν
281 1075 322 1110 τῷ
341 1076 416 1110 νόμῳ
436 1075 561 1108 ἐντολὰς,
576 1075 640 1101 ἔνθα
659 1075 706 1101 καὶ
725 1074 790 1110 περὶ
809 1072 857 1099 τοῦ

65 1122 153 1155 δεξιοῦ
179 1121 321 1158 ὀφθαλμοῦ
350 1122 435 1156 λέγει,
460 1123 508 1149 καὶ
535 1122 600 1158 περὶ
627 1121 795 1154 κενοδοξίας,
811 1119 859 1146 καὶ

66 1169 131 1204 περὶ
162 1168 398 1204 φιλοχρηματίας,
414 1169 462 1195 καὶ
491 1167 538 1195 τοῦ
569 1168 606 1204 μὴ
636 1168 770 1204 μεριμνᾷν
795 1167 859 1203 περὶ

66 1215 181 1251 τροφῆς,
195 1216 241 1241 καὶ
259 1215 305 1241 τοῦ
320 1215 356 1251 μὴ
375 1215 479 1252 κρίνειν
490 1214 536 1241 τὸν
553 1214 678 1249 πλησίον.
691 1211 758 1240 Εἶτά
773 1221 858 1249 φησι·

70 1262 135 1296 (Μὴ
152 1261 251 1297 βάλητε
272 1262 336 1293 τοὺς
359 1260 533 1297 μαργαρίτας
559 1259 714 1296 ἔμπροσθεν
734 1259 784 1285 τῶν
801 1258 858 1295 χοί-

69 1316 132 1343 ρων.
147 1317 157 1332 »
171 1307 318 1343 Προτροπὴ
334 1308 398 1342 περ),
413 1307 460 1333 τοῦ
472 1307 606 1334 αἰτεῖσθαι
616 1315 623 1321 ·
642 1306 780 1343 παραϐολὴ
795 1305 860 1342 περὶ

68 1353 113 1380 τοῦ
129 1354 211 1380 αὑτοῦ
224 1361 231 1368 ³
250 1355 313 1390 περ).
328 1355 378 1390 τῆς
403 1354 500 1388 στενῆς
514 1353 575 1380 ὀδοῦ
586 1373 594 1385 ,
616 1353 663 1379 καὶ
681 1353 745 1388 περὶ
763 1353 860 1388 ψευδο-

69 1399 225 1436 προφητῶν,
243 1400 291 1427 καὶ
305 1400 359 1427 τῶν
372 1399 564 1435 φυλασσόντων
579 1399 627 1431 τὰς
640 1399 759 1430 ἐντολάς.
776 1398 860 1425 Ἔνθα

70 1448 86 1482 ἠ
108 1446 250 1482 παραϐολὴ
280 1447 330 1481 τῆς
363 1446 409 1472 ἐπὶ
433 1445 482 1481 τὴν
506 1445 609 1481 πέτραν
638 1444 860 1481 οἰκοδομηθείης

69 1493 165 1524 οἰκίας.
194 1493 367 1528 Κατέρχεται
391 1492 444 1519 ἀπὸ
465 1491 511 1518 τοῦ
532 1491 621 1527 ὅρους,
647 1491 695 1517 καὶ
715 1491 860 1526 θεραπεύει

71 1540 114 1565 τὸν
125 1540 236 1575 λεπρὶν,
249 1539 296 1566 καὶ
308 1539 353 1566 τον
369 1539 416 1566 τοῦ
439 1539 651 1574 ἑκατοντάρχου,
665 1538 713 1564 καὶ
729 1537 778 1573 τὴν
795 1546 860 1563 πεν-

72 1585 151 1620 θερὰν
172 1565 289 1620 ίῙέτρου,
304 1586 351 1612 καὶ
372 1565 468 1617 άλλους
488 1565 613 1617 πολλοδὲ
680 1565 860 1619 γραμματεὺς
874 1565 895 1594 c

71 1631 204 1658 κωλύεται
225 1632 418 1667 ἀκολουθῆσαι,
431 1632 478 1659 καὶ
495 1632 508 1658 ὁ
529 1631 651 1667 μαθητὴς
665 1630 859 1664 ἀναγκάζεται.

72 1676 154 1702 Ila-35'.
179 1676 225 1702 τὸν
245 1676 368 1711 χειμῶνα
383 1678 433 1712 τῆς
456 1676 604 1712 Θαλάσσης.
628 1677 659 1703 Ut
675 1676 801 1711 δαίμονες
822 1676 862 1706 είς

71 1723 132 1753 τοὺς
144 1722 251 1758 χοίρους
275 1723 469 1758 ἐμπίπτουσιν,
485 1721 587 1750 Ἦλθεν
606 1724 620 1750 ὁ
640 1722 742 1758 Ἰησοῦς
756 1724 795 1754 εἰς
812 1722 861 1757 τὴν

74 1768 140 1795 ιδίαν
157 1769 245 1795 πόλιν·
268 1769 414 1806 θεραπεύει
432 1770 478 1797 τὸν
499 1769 684 1805 παραλυτικὸν
696 1777 703 1784 ·
722 1769 800 1795 καλεῖ
815 1768 862 1795 τὸν

72 1814 219 1842 Βιατοαῖον.
241 1815 418 1849 Ἐγκαλοῧσιν
432 1816 456 1841 οἱ
470 1817 622 1851 Φαρισαῖοι,
637 1816 677 1842 ὅτι
696 1815 765 1850 μετὰ
778 1816 861 1841 τελω-

71 1861 124 1887 νῶν
138 1861 233 1893 ἐσθίει,
252 1862 299 1888 καὶ
316 1862 341 1888 οί
357 1861 477 1897 μαθηταὶ
494 1862 630 1894 Ἰωάννου,
644 1862 684 1888 ὅτι
702 1862 732 1888 οὺ
749 1861 862 1896 νηστεύ-

71 1916 146 1934 ουσιν
157 1908 182 1933 οἱ
201 1907 322 1943 μαθηταὶ
333 1906 426 1934 αὑτοῦ.
445 1908 630 1942 Παραγίνεται
642 1908 656 1933 ὁ
668 1907 760 1943 ἄρχων
775 1907 819 1934 διὰ
832 1906 863 1934 τὺ

70 1954 226 1989 θυγάτριον,
248 1954 296 1981 καὶ
318 1954 442 1989 ἀνίστησι
466 1955 515 1989 τὴν
535 1954 635 1990 κόρην·
659 1954 706 1980 καὶ
729 1954 831 1990 μεταξὺ

72 2000 258 2036 αἱμορροοῦσα
273 2000 354 2027 ἰᾶται.
365 2000 416 2026 Δύο
427 2000 522 2035 τυφλοὶ
533 2000 740 2036 θεραπεύονται,
755 2001 802 2027 καὶ
813 2009 864 2028 κω-

72 2048 122 2082 φὸς
143 2045 375 2082 δαιμονιζόμενος.
391 2047 521 2082 Περιὰγει
537 2047 588 2078 τὰς
608 2046 704 2082 κώμας
719 2047 734 2073 ὁ
746 2046 861 2082 Ἰησοῦς.

79 2093 250 2120 Ἀποστέλλει
270 2093 333 2124 τοὺς
352 2092 476 2128 μαθητὰς
491 2092 619 2129 κηρῦξαι,
634 2093 681 2119 καὶ
698 2092 786 2119 πολλὰ
812 2093 863 2120 αὑ·-

74 2141 128 2172 τοῖς
152 2139 317 2174 διαλέγεται.
343 2139 517 2166 Ἀποστέλλει
540 2139 608 2175 πρὸς
636 2140 718 2166 αὐτὸν
740 2139 786 2166 δύο
809 2139 863 2167 τῶν

77 2186 204 2221 μαθητῶν
230 2185 357 2220 Ἰωάννης
371 2206 378 2219 ,
409 2184 622 2221 ὲγκωμιάζεται.
653 2185 781 2220 Ἐγκαλεῖ
807 2187 864 2218 τοῖς

75 2232 162 2267 ὕχλοις
178 2233 244 2267 περὶ
265 2232 390 2259 Ἰωάννου
408 2233 422 2258 ὁ
443 2232 569 2267 Χριστός.
593 2232 733 2265 Ὀνειδίζει
753 2233 803 2265 τὰς
820 2233 868 2260 πό-

76 2278 141 2310 λεις.
157 2277 375 2313 Ἐξομολογείται
399 2277 438 2314 τῷ
457 2279 556 2314 Πατρί.
574 2278 661 2305 Καλεῖ
674 2279 738 2311 τοὺς
764 2288 866 2315 πεφορ-

77 2324 228 2360 τισμὲνους.
245 2324 382 2352 Διαὸαίνει
403 2325 448 2351 διὰ
463 2325 517 2351 τῶν
541 2325 692 2361 σπορίμων.
713 2326 865 2362 Θεραπεῠει

77 2371 121 2397 τὸν
139 2372 189 2407 τὴν
204 2371 290 2407 ξηρὰν
308 2370 404 2406 ἔχοντα
424 2372 515 2407 χεῖρα.
530 2371 584 2397 Καὶ
607 2371 778 2406 βουλεύονται
801 2372 866 2398 Ἰου-

75 2417 144 2445 δαῖοι
166 2418 270 2445 ἀνελεῖν
293 2418 384 2445 αὐτόν.
411 2418 635 2454 Ἀναχωρήσαντι
659 2418 774 2450 ἐκεῖθεν,
800 2419 866 2445 ἁκο-

76 2464 165 2491 λουθεῖ
177 2466 191 2492 ὁ
202 2464 291 2500 ὄχλος,
312 2465 358 2491 καὶ
377 2464 569 2500 θεραπεύεται.
589 2464 705 2500 Ὁμοίως
720 2466 766 2492 καὶ
780 2465 794 2491 ὁ
808 2465 865 2492 δαι-

77 2511 252 2547 μονιζόμενος
276 2511 375 2545 τυφλὸς
404 2511 451 2538 καὶ
481 2511 583 2545 κωφός.
611 2511 677 2537 Τότε
700 2511 824 2545 λέγουσιν
841 2511 866 2537 οῑ

75 2558 215 2584 Ἰουδαῖοι·
234 2567 243 2583 ι
260 2557 305 2583 Ἐν
322 2557 485 2589 Βεελζεδοὺλ
504 2556 629 2584 ἐκϐάλλει
644 2557 678 2584 τὰ
701 2557 835 2592 δαιμόνια.
854 2566 863 2582 ›

75 2603 143 2632 Εἶτα
167 2606 281 2640 σημεῖον
300 2604 437 2631 αἰτοῦσιν·
455 2606 468 2631 ὁ
484 2604 512 2631 δὲ
534 2604 616 2630 ἔδωκε
635 2603 665 2629 τὺ
688 2604 775 2630 Ἰωνᾶ.
796 2604 867 2638 Προ-

75 2653 163 2683 εἴπεν,
194 2652 235 2678 ὅτι
260 2651 399 2678 Νινευῖται
427 2650 637 2686 κατακρινοῦσιν
667 2650 775 2681 αὐτούς.
799 2650 867 2676 Τότε

75 2697 150 2732 κέγει
165 2706 172 2712 ·
197 2707 206 2723 ι
231 2698 315 2725 Ὀταν
335 2697 431 2733 ἐξέλθῃ
449 2696 479 2723 τὸ
498 2695 653 2732 ἀκάθαρτον
673 2695 792 2730 πνεῦμα,
816 2695 865 2730 ζη-

75 2743 139 2771 τοῦν
158 2744 323 2771 ἀνάπαυσιν.
348 2753 357 2770 ι
387 2742 455 2770 Εἶτα
483 2745 499 2779 ή
530 2744 620 2779 μήτηρ
648 2742 724 2777 ζητεῖ
752 2741 866 2777 λαλῆσαι

77 2790 163 2825 αὐτῷ.
193 2790 297 2826 Ἐμὸὰς
324 2791 365 2822 εἰς
390 2790 420 2817 τὺ
446 2790 537 2817 πλοῖον
563 2789 636 2824 λέγει
665 2789 714 2823 τὴν
743 2787 866 2822 παραῶ-

907 933 1029 968 loquitur
1047 932 1080 959 de
1096 933 1324 964 beatitudinilius,
1345 940 1377 959 ac
1397 933 1490 960 subdit
1507 944 1513 960 :
1535 943 1543 958 ι
1562 934 1616 962 Vos
1631 936 1699 964 estis

907 980 974 1012 sala
994 983 1039 1006 et:
1060 989 1069 1004 ‹
1083 978 1136 1006 Vos
1150 979 1218 1007 estis
1230 980 1274 1006 lux
1292 980 1426 1013 mundi",
1444 990 1453 1006 ι
1468 981 1592 1008 hortatur
1603 990 1650 1010 eos
1665 983 1700 1010 de

907 1028 969 1053 vitae
993 1025 1175 1054 institutione.
1202 1025 1304 1053 Deinde
1318 1032 1451 1062 praecepta
1479 1027 1545 1062 legis
1569 1028 1698 1061 intendit,

907 1071 954 1098 ubi
977 1075 1004 1098 et
1025 1070 1058 1097 de
1079 1071 1191 1098 dextero
1207 1071 1287 1098 oculo
1300 1071 1377 1102 dicit,
1393 1072 1470 1099 etde
1493 1072 1585 1099 studio
1607 1073 1699 1101 inanis

908 1116 1001 1152 gloria:
1023 1119 1093 1152 (cap.
1117 1117 1167 1153 VI),
1198 1121 1225 1144 ct
1244 1117 1276 1145 de
1303 1125 1396 1145 amore
1412 1118 1545 1153 pecunize,
1573 1119 1701 1154 quodque

909 1163 1034 1198 ponenda
1061 1163 1098 1190 sit
1114 1163 1250 1190 alimoniae
1265 1164 1432 1194 sollicitudo,
1463 1172 1513 1191 nec
1534 1172 1596 1192 esse
1621 1165 1701 1193 nobis

907 1209 1087 1245 judicandum
1118 1210 1272 1245 proximum
1307 1211 1378 1246 (cap.
1405 1217 1466 1246 vn).
1496 1210 1598 1239 Deinde
1625 1211 1663 1238 ait
1692 1220 1700 1239 :

912 1265 921 1281 ι
941 1255 979 1283 Ne
994 1255 1144 1290 projieiatis
1161 1256 1324 1291 margaritas
1340 1260 1403 1284 ante
1418 1264 1516 1292 porcos
1528 1257 1559 1284 “.
1578 1267 1587 1283 ι
1600 1257 1703 1284 Exhor-

910 1303 976 1329 tatio
993 1302 1027 1329 ad
1041 1302 1186 1337 petendum
1209 1312 1215 1329 :
1233 1303 1328 1330 eadem
1343 1303 1377 1330 de
1393 1311 1421 1330 re
1436 1303 1567 1338 parabola
1583 1311 1590 1329 :
1605 1303 1639 1331 de
1658 1304 1701 1331 via

910 1352 1025 1383 angusta
1046 1356 1052 1373 :
1075 1348 1108 1375 de
1130 1348 1373 1383 pseudoprophetis
1395 1357 1402 1375 :
1429 1348 1463 1376 de
1482 1348 1701 1376 custodientibus

910 1398 1055 1429 praecepta.
1090 1394 1159 1421 Hinc
1190 1394 1320 1429 parabola
1351 1394 1452 1422 domus
1482 1402 1565 1429 supra
1596 1400 1702 1430 petram

909 1440 1058 1467 aediﬁcatae.
1074 1439 1220 1468 Descendit
1233 1441 1267 1468 de
1284 1446 1376 1467 monte
1403 1445 1471 1475 (cap.
1489 1442 1562 1476 VIII),
1581 1446 1608 1468 et
1623 1444 1704 1468 curat

910 1486 1059 1520 leprosum,
1076 1490 1103 1513 et
1120 1494 1234 1520 puerum
1247 1485 1436 1518 Centul‘ionis,
1449 1493 1480 1512 ac
1493 1494 1601 1514 socrum
1614 1485 1702 1518 Petri,

911 1537 937 1559 et
952 1533 1053 1559 multos
1068 1532 1147 1559 alios.
1168 1532 1263 1559 Scriba
1282 1532 1443 1567 prohibetur
1469 1539 1503 1559 ne
1520 1536 1661 1566 sequatur,
1675 1535 1705 1560 et

912 1579 1063 1614 discipulus
1089 1579 1122 1605 ad
1150 1579 1320 1614 sequendum
1346 1578 1474 1613 adigitur.
1500 1578 1702 1613 Tcmpestatem

912 1626 997 1652 maris
1028 1625 1113 1652 sedat.
1145 1624 1287 1652 Daunones
1318 1624 1452 1651 invadunt
1482 1633 1591 1660 porcos.
1623 1624 1704 1652 Venit

911 1669 992 1698 Jcsus
1013 1671 1041 1698 in
1063 1678 1140 1698 suam
1164 1671 1300 1698 civitatem
1335 1671 1404 1706 (cap.
1422 1670 1471 1706 Ix).
1488 1671 1571 1698 Curat
1596 1671 1705 1706 paraly-

913 1718 997 1744 ticum
1015 1725 1022 1743 :
1038 1722 1117 1744 vocat
1132 1715 1287 1743 Matthzeum
1306 1726 1312 1743 :
1330 1721 1461 1743 accusant
1478 1725 1538 1744 cum
1562 1717 1703 1751 Pharisati,

912 1763 984 1798 quod
998 1770 1060 1789 cum
1077 1762 1234 1790 Publicanis
1247 1762 1391 1789 manducet
1410 1771 1415 1789 :
1432 1767 1458 1789 ct
1477 1762 1605 1798 discipuli
1620 1762 1704 1790 Joan-

912 1810 966 1841 nis,
983 1810 1055 1844 quod
1082 1809 1210 1843 discipuli
1233 1809 1293 1843 ejus
1316 1816 1370 1835 non
1384 1809 1521 1843 jejunent.
1538 1810 1648 1836 Accedit
1670 1810 1705 1838 ad

912 1864 974 1884 eum
1001 1857 1126 1892 princeps
1153 1855 1302 1890 Synagogaa
1325 1858 1435 1889 propter
1461 1855 1582 1886 liliolam,
1597 1860 1624 1883 et
1647 1855 1706 1891 ipse

913 1902 1031 1937 puellum
1060 1907 1195 1928 mortuam
1226 1901 1327 1928 excitat
1351 1912 1358 1927 ;
1379 1901 1483 1928 interea
1508 1905 1622 1928 sanatur
1648 1902 1705 1929 hat-

913 1955 1068 1975 morrousa.
1088 1948 1227 1974 Curanlur
1241 1947 1296 1973 duo
1309 1947 1385 1978 caeci,
1406 1951 1434 1974 ct
1451 1951 1545 1975 mutus
1557 1947 1706 1975 da-monia-

913 2002 972 2022 cus.
1000 1993 1082 2022 Vicos
1106 1994 1204 2020 circuit
1223 1992 1313 2020 Jesus.
1330 1993 1412 2020 Mittit
1434 1993 1584 2028 discipulos
1607 1993 1706 2029 praedi-

914 2047 1003 2068 catum
1020 2044 1088 2075 (ευρ.
1107 2040 1146 2076 ιι),
1160 2044 1187 2067 et
1214 2039 1248 2067 de
1266 2040 1359 2067 multis
1375 2040 1407 2067 ad
1424 2048 1471 2067 eos
1488 2040 1607 2067 disserit.
1626 2041 1707 2068 Mittit

915 2088 949 2116 ad
960 2095 1022 2116 eum
1036 2086 1157 2115 Joannes
1173 2087 1242 2114 duos
1256 2095 1289 2114 ex
1301 2086 1444 2121 discipulis
1461 2087 1530 2118 suis,
1544 2087 1589 2121 qui
1605 2091 1631 2114 et
1646 2088 1706 2114 lau-

915 2135 997 2162 datur
1015 2134 1084 2170 (cap.
1101 2133 1151 2170 xt).
1169 2133 1332 2168 Expostulat
1347 2133 1475 2160 Christus
1489 2140 1550 2160 cum
1569 2132 1657 2159 turbis
1672 2133 1706 2160 de

915 2180 1029 2208 Joanne.
1055 2180 1210 2215 Exprobrat
1241 2179 1411 2206 civitatibus.
1442 2178 1596 2206 Conﬁtetur
1620 2177 1704 2206 Patri.

883 2236 906 2263 υ
920 2226 1006 2253 Vocat
1021 2225 1055 2253 ad
1067 2234 1096 2253 se
1108 2228 1246 2252 oneratos.
1266 2225 1318 2252 lter
1341 2225 1407 2251 facit
1421 2232 1469 2260 per
1485 2230 1543 2252 sata
1561 2225 1629 2260 (cap.
1645 2224 1704 2260 xu).

917 2273 1001 2301 Curat
1016 2280 1078 2300 eum
1097 2272 1145 2307 qui
1166 2279 1276 2298 manum
1294 2271 1398 2298 aridam
1415 2271 1540 2298 habebat.
1568 2270 1655 2298 Judaei
1672 2272 1706 2299 do

917 2320 1068 2348 occidendo
1092 2327 1124 2346 eo
1149 2319 1317 2346 consultant.
1347 2317 1524 2345 Secedentem
1549 2317 1612 2344 inde
1627 2318 1706 2346 turba

918 2367 1042 2402 sequitur
1055 2370 1081 2394 et
1093 2369 1214 2392 curatur.
1235 2364 1366 2391 Similiter
1377 2368 1404 2391 et
1420 2363 1603 2391 dannoniacus
1617 2371 1707 2392 cat-cus

918 2417 945 2441 et
960 2417 1061 2440 mutus.
1081 2411 1158 2438 Tunc
1172 2410 1365 2438 Judteidicunt
1383 2419 1389 2437 :
1410 2419 1418 2436 ι
1439 2411 1466 2437 In
1481 2410 1707 2446 Bcelzcbulejicit

919 2459 1092 2486 dzemonia“.
1104 2469 1113 2484 ι
1123 2458 1224 2485 Deinde
1236 2458 1343 2493 signum
1352 2460 1456 2491 petunt,
1465 2457 1522 2491 ipse
1529 2464 1592 2483 vero
1598 2457 1708 2492 signum

917 2505 993 2532 Jonze
1014 2504 1098 2531 dedit.
1130 2503 1256 2530 Praadicit
1281 2502 1335 2530 illis
1365 2501 1439 2537 quod
1464 2509 1479 2528 a
1500 2501 1628 2529 Ninivitis
1652 2502 1709 2529 sint

918 2550 1130 2579 condemnandi.
1154 2550 1232 2577 Tunc
1250 2549 1316 2577 dicit
1334 2557 1342 2576 :
1361 2557 1370 2574 ι
1394 2548 1509 2582 Quando
1526 2549 1639 2584 spiritus
1658 2549 1709 2575 im-

918 2598 1038 2625 mundus
1053 2596 1150 2623 exierit
1166 2596 1288 2630 requiem
1303 2596 1469 2630 quzerens".
1482 2605 1491 2620 ι
1508 2594 1609 2622 Deinde
1623 2594 1709 2621 Mater

918 2644 1015 2679 quaerit
1030 2643 1069 2670 illi
1088 2644 1174 2678 loqui.
1187 2642 1289 2669 Navem
1311 2642 1453 2677 ingressus
1470 2641 1626 2676 parabolam
1641 2641 1709 2668 dicit

923 2692 1000 2727 137
1014 2691 1047 2718 de
1061 2691 1213 2718 seminante
1237 2689 1308 2724 (cap.
1322 2691 1396 2724 xm),
1414 2692 1441 2715 et
1454 2695 1579 2718 causam,
1595 2690 1710 2722 propter

920 2747 1001 2773 quam
1017 2737 1043 2764 in
1057 2736 1196 2772 parabolis
1213 2735 1351 2769 loquatur.
1372 2733 1534 2760 Parabolam
1562 2732 1643 2759 istaut
1665 2739 1710 2758 ex-

919 2783 1139 2821 p0nithetaddit
1157 2783 1237 2816 alias,
1250 2781 1284 2809 de
1298 2782 1440 2814 thesauro,
1452 2781 1486 2809 de
1499 2778 1660 2815 margarita,
1676 2777 1709 2805 de

112 2881 137 2896 "
157 2877 254 2907 Matth.
272 2886 298 2911 ν,
316 2878 367 2912 15,
386 2878 429 2906 14.
466 2878 489 2896 ⁸³
506 2873 604 2905 Matth.
621 2884 679 2911 VII,
697 2875 726 2905 θ.
762 2872 788 2893 τι
807 2873 860 2903 Mal

914 2873 978 2909 ἧι,
992 2874 1038 2902 24.
1077 2874 1100 2891 "
1120 2864 1291 2908 Matthfxuf,
1308 2869 1353 2899 J3.
