1929 3056
233 108 283 135 337

825 101 854 128 S.
873 98 1106 128 ATHANASIUS.
1125 115 1159 119 —
1179 98 1290 126 DUBIA.

1823 97 1887 126 588

233 172 309 199 agro,
325 163 358 191 de
373 162 519 197 sinapi,de
544 161 688 189 fermento.
712 160 872 188 Parabolam
897 159 930 187 de
959 166 1020 193 agro

1075 158 1124 194 λὴν
1143 157 1190 184 τοῦ
1215 156 1380 193 σπείροντος,
1406 156 1451 182 καλ¹
1467 156 1517 191 τὴν
1537 156 1636 188 αἰτίαν,
1660 156 1694 182 δι’
1709 157 1743 192 ἣν
1762 158 1796 184 ὲν
1819 166 1887 184 πα-

233 212 345 246 exponit
363 211 389 237 in
402 209 495 238 domo,
512 213 538 235 et
551 207 628 234 addit
642 207 724 234 aliam
738 207 772 234 de
797 213 907 241 sagena.
925 204 1022 232 Beatos

233 256 393 291 pronuntiat
406 254 565 288 discipulos,
577 254 722 280 conferens
738 260 785 280 eos
797 253 857 279 viro
871 251 1023 286 patrifami-

233 301 293 329 lias.
319 301 399 327 Venit
423 301 450 326 in
467 300 594 334 patriam,
611 299 721 334 quando
736 302 762 325 et
775 297 950 325 offenduntur
973 295 1022 322 Ju-

233 347 295 373 daei.
308 345 386 373 Tunc
404 345 471 372 dicit
487 354 493 371 :
512 354 521 369 ι
542 344 676 379 Propheta
691 351 746 370 non
767 346 810 370 est
834 343 893 369 sine
909 341 1021 374 honore,

234 393 286 420 nisi
314 393 340 419 in
358 393 445 426 patria
461 399 510 418 sua
522 392 554 418 ".
574 401 582 416 ι
602 390 714 417 Auditis
744 397 804 424 qua:
830 397 892 416 cum
919 387 1023 415 Joanne

233 438 387 465 abllerode
414 443 490 473 gesta
519 437 638 469 fuerant,
656 436 758 464 secedit
776 436 802 462 in
829 435 967 462 desertum
983 435 1022 461 lo-

234 492 308 515 cum,
325 484 370 510 tibi
388 487 414 510 ct
429 485 548 518 quinque
577 483 661 509 tnillia
688 482 829 508 hominum
849 481 937 516 pascit
951 482 1020 514 (cap.

233 531 300 565 xw).
317 529 471 563 Discipulos
487 529 570 555 mittit
587 529 704 562 navigio.
724 528 878 554 ltcvertitur
901 529 927 554 in
945 534 1022 553 mon-

234 579 287 602 tem
301 575 397 601 orandi
411 574 509 609 gratia.
524 573 641 600 Advenit
657 574 690 599 ad
709 573 859 607 discipulos
872 577 956 599 noctu
973 579 1023 598 na-

232 624 366 658 vigantes.
384 621 494 648 Petrum
524 620 703 655 apprehendit
719 628 802 655 super
819 627 917 654 aquas.
942 618 1022 645 Venit

232 667 411 696 Ceauesaret.
426 667 566 694 Curantur
580 667 669 693 tnulti.
684 666 822 694 Accusant
838 674 900 692 eum
927 665 1023 692 Phari-

233 715 278 742 sa-i
296 715 328 742 de
354 714 503 748 (neglectis)
520 713 728 748 purgationibus
751 713 821 747 (cap.
839 711 884 747 xv)
904 721 911 738 :
929 719 960 738 os
981 711 1021 738 eis

232 761 343 788 obturat
360 765 387 788 et
401 761 483 787 docet
498 761 593 786 turbas
609 760 642 786 de
662 759 766 786 ratione
783 759 917 786 cibormn.
933 757 1022 784 Inter.

233 811 311 841 rogat
327 814 389 834 cum
415 805 514 832 I'ctrus
538 805 571 831 de
596 804 630 831 iis
645 812 705 838 qua:
732 804 851 834 dixerat,
867 807 894 830 et
914 810 946 830 ea
961 803 1019 838 ipsa

232 851 359 878 Christus
374 850 545 876 manifestius
559 850 682 884 exponit.
699 848 777 875 \‘enit
794 847 906 883 Tyrum,
920 852 947 875 ct
961 856 1020 876 mu-

232 897 282 923 lier
296 896 449 923 Chananzca
475 895 508 922 ad
535 903 597 922 eum
615 895 732 922 accedit.
762 894 827 921 Inde
851 895 877 921 in
901 898 1019 921 mnatem

230 943 308 978 juxta
325 950 411 973 mare,
428 946 454 969 et
469 946 547 969 curat
572 942 682 969 multos.
699 941 779 967 Cibat
807 945 924 975 quatuor
936 940 1020 966 millia

231 990 363 1016 virorum.
383 988 464 1015 Venit
485 987 618 1023 Magdala.
649 987 781 1020 Quaerunt
803 987 910 1021 signum
935 985 1021 1013 Judaei

232 1035 301 1070 (cap.
317 1038 383 1069 xvi).
403 1033 462 1069 ipse
477 1041 542 1060 vero
561 1033 663 1060 relictis
681 1033 735 1058 illis
752 1032 949 1059 transfretavit.
970 1030 1021 1058 Pa-

232 1089 282 1109 nes
301 1081 427 1114 discipuli
447 1087 494 1114 per
514 1079 678 1106 oblivionem
697 1086 750 1104 non
771 1081 954 1112 sumpserant.
973 1077 1021 1104 Lo-

232 1127 325 1161 quitur
343 1126 398 1152 illis
422 1125 456 1151 de
475 1125 607 1151 fermento
638 1123 850 1150 Pharisaeorum.
879 1122 1022 1158 Egreditur

232 1172 398 1199 Caasaream.
418 1171 571 1204 Interrogat
593 1169 746 1204 discipulos
759 1169 793 1196 de
807 1169 898 1203 seipso
915 1178 921 1195 :
936 1168 1022 1195 confi-

231 1222 304 1245 tetur
317 1226 378 1245 eum
395 1217 502 1244 Petrus.
521 1216 598 1243 'l'unc
616 1216 651 1243 de
675 1216 802 1251 passione
817 1223 865 1242 sua
888 1215 1019 1250 prmdicit,

231 1269 260 1292 el
275 1264 385 1292 Petrum
397 1263 672 1298 inerepal,jubetque
683 1270 792 1289 crucem
809 1262 912 1293 tollere,
923 1262 946 1289 si
959 1263 1020 1296 quis

231 1310 297 1336 velit
313 1317 342 1337 sc
353 1310 440 1344 sequi.
453 1309 588 1344 Loquitur
602 1313 628 1336 et
646 1309 679 1335 de
693 1307 814 1336 secundo
826 1316 877 1335 suo
892 1308 1018 1335 adventu.

231 1355 363 1382 Ascendit
378 1356 405 1382 in
423 1359 554 1387 montem,
572 1355 618 1381 ubi
632 1359 658 1381 ct
671 1354 882 1389 transfiguratus
896 1359 937 1381 est
950 1354 1019 1387 (cap.

232 1402 312 1435 xvn).
332 1400 383 1428 Ubi
399 1401 590 1432 descenderat,
609 1400 736 1435 discipuli
751 1401 920 1435 interrogant
933 1403 960 1427 et
977 1400 1020 1426 di-

232 1451 314 1475 scunt
334 1447 367 1474 de
393 1446 463 1473 Elia.
475 1446 627 1473 Adducitur
643 1447 681 1473 illi
699 1446 834 1473 lunaticus
853 1451 880 1472 et
897 1450 1019 1473 curatur.

233 1490 387 1526 Exprobrat
406 1490 560 1524 discipulis.
577 1490 605 1517 lu
623 1490 731 1518 Galilzm
762 1491 816 1518 illis
843 1491 876 1518 de
893 1491 1020 1526 passione
1033 1504 1054 1532 δ

231 1545 281 1565 sua
296 1537 427 1572 loquitur.
445 1537 588 1564 Accedunt
607 1537 640 1563 ad
655 1545 716 1564 eutn
733 1537 904 1572 Capernaum
920 1537 966 1572 qui
983 1537 1022 1564 die

232 1583 361 1610 dracluna
374 1583 553 1617 accipiebant.
568 1582 766 1610 Percontantur
781 1583 920 1618 discipuli,
934 1593 942 1608 ι
954 1582 1022 1616 Quis

231 1630 321 1663 major
333 1629 401 1664 (cap.
420 1628 516 1664 xvm)?
537 1638 547 1654 ι
568 1628 646 1655 Tunc
662 1629 795 1656 advocato
816 1630 849 1656 ad
866 1637 894 1656 se
910 1630 1022 1664 parvulo

227 1675 316 1703 dicit:
341 1684 350 1700 ‹
371 1675 533 1710 Quicunque
563 1675 791 1702 scandalizaverit
809 1683 893 1702 unum
907 1683 938 1703 ex
956 1683 1021 1711 par-

232 1722 304 1749 vulis
316 1721 377 1748 istis
393 1722 446 1752 ⁸⁷,ι
466 1725 520 1748 etc.
537 1720 568 1747 Et
585 1730 592 1747 :
608 1729 617 1745 ‹
638 1719 667 1747 Si
684 1721 781 1747 oculus
796 1724 870 1752 tuus,
884 1724 910 1747 et
924 1728 1022 1748 manus

232 1771 279 1792 tua
297 1765 460 1793 Scatnlalizat
475 1770 501 1792 te
514 1766 548 1793 ⁵⁸.
568 1775 577 1791 ι
596 1765 629 1792 Et
645 1775 651 1792 ε
664 1774 674 1790 ι
692 1765 730 1793 Ne
744 1766 925 1793 contemnatis
938 1774 1021 1792 unum

232 1819 266 1838 ex
283 1812 403 1846 parvulis
419 1812 478 1839 istis
492 1812 527 1839 ⁸³.
552 1822 561 1837 ι
581 1811 733 1845 Subjicitur
761 1812 891 1846 parabola
912 1817 1021 1840 centum

232 1859 335 1889 ovium,
356 1863 383 1884 et
397 1857 462 1884 illud
477 1867 483 1883 :
504 1867 514 1882 ι
539 1857 566 1884 Si
584 1858 738 1892 peccaverit
754 1857 781 1883 in
798 1861 825 1883 te
840 1857 924 1884 frater
947 1862 1018 1889 tuus,

233 1903 342 1938 corripe
356 1911 418 1930 eum
432 1904 466 1930 ⁸ο.
484 1913 492 1929 ι
508 1903 574 1930 Item
593 1913 600 1930 :
620 1912 630 1928 ι
649 1902 678 1929 Si
693 1903 748 1929 duo
764 1911 796 1930 ex
812 1903 890 1930 vobis
905 1911 1021 1930 consen-

234 1950 330 1982 serint,
351 1950 533 1985 quodcunque
549 1950 687 1984 petierint,
703 1950 838 1984 accipient
850 1950 882 1976 ⁶¹.
901 1959 910 1975 ι
924 1949 1022 1977 Petrus

234 2000 296 2031 post
318 1996 370 2022 ista
396 1995 485 2022 dicit:
507 2004 516 2020 ‹
542 1995 654 2028 Quoties
677 1996 801 2031 peccabit
827 1996 854 2023 in
883 2004 925 2023 me
939 1996 1022 2023 frater

234 2050 313 2070 meus
327 2041 360 2068 θ’.
385 2051 394 2067 ι
412 2041 544 2068 Paraboia
567 2041 639 2076 ejus,
655 2042 700 2076 qui
722 2042 816 2069 decem
836 2043 920 2068 millia
936 2042 1021 2069 talen-

233 2092 324 2115 torum
340 2087 466 2115 debebat.
479 2086 560 2114 Venit
577 2087 603 2114 itt
618 2087 739 2115 Judaram
760 2088 829 2123 (cap.
847 2089 916 2124 xtx).
937 2089 1021 2116 Curat

234 2133 345 2160 multos.
358 2132 475 2168 Exponit
491 2141 602 2160 causam
625 2133 744 2160 divortii.
767 2133 901 2169 Loquitur
926 2134 959 2162 de
975 2142 1021 2170 ge-

234 2179 348 2206 neribus
376 2179 576 2206 eunuchorum.
607 2179 746 2206 Benedicit
761 2180 891 2214 parvulis.
907 2180 1019 2207 Accedit
1036 2175 1056 2202 ι)

235 2225 267 2251 ad
283 2233 345 2252 eum
360 2225 446 2252 dives.
462 2225 632 2259 Interrogant
648 2225 775 2260 discipuli
794 2235 801 2252 :
817 2235 826 2251 ι
843 2225 910 2258 Quis
920 2226 1019 2252 salvari

234 2275 324 2306 potest
337 2270 383 2297 ⁸³2
403 2281 412 2296 ι
432 2269 508 2297 Tunc
525 2270 591 2298 dicit
607 2271 660 2298 illis
680 2279 687 2297 :
704 2279 712 2296 ι
733 2270 867 2298 Sedebitis
882 2278 964 2305 super
977 2278 1020 2297 sc-

235 2319 283 2346 des
296 2318 451 2354 duodecim.
469 2318 500 2345 Et
518 2318 563 2353 qui
588 2318 728 2352 reliquerit
754 2318 875 2349 domum,
895 2326 905 2343 ι
922 2322 948 2345 et
960 2325 1020 2352 qua:

235 2367 396 2399 sequuntur.
430 2364 563 2390 Subditur
594 2365 723 2398 parabola
741 2363 930 2398 operariorum
947 2364 1019 2398 (cap.

234 2412 292 2447 xx).
307 2411 465 2438 Ascendens
478 2409 675 2446 Jerosolymam
694 2411 816 2445 loquitur
831 2410 974 2445 discipulis
987 2410 1021 2437 de

235 2461 322 2484 morte
337 2465 396 2484 sua.
412 2455 485 2483 Uxor
500 2455 623 2483 Zebedazi
638 2456 704 2490 petit
717 2456 862 2490 primatum
876 2456 939 2483 ﬁliis
951 2456 1018 2483 suis.

237 2503 300 2530 Zelo
315 2507 460 2529 moventur
487 2502 615 2537 apostoli,
636 2506 663 2529 et
681 2502 854 2529 erudiuntur.
881 2502 1019 2528 Curantur

234 2548 290 2575 duo
303 2548 367 2575 caici
384 2548 528 2576 eJcricho.
549 2547 729 2582 Subjungitur
751 2548 867 2575 historia
892 2547 926 2575 de
942 2548 1019 2575 asina

235 2593 303 2629 (cap.
320 2594 386 2630 ut).
400 2594 554 2628 Ingreditur
568 2595 595 2622 in
610 2595 740 2629 templum
753 2603 760 2621 ε
773 2594 848 2629 ejicit
859 2594 1018 2624 vendentes.

235 2640 313 2662 curat
327 2636 487 2663 accedentes
498 2643 595 2671 :egros.
607 2636 708 2664 Deinde
720 2637 795 2671 ptteri
808 2637 937 2672 hymnum
953 2644 1020 2663 con-

236 2681 339 2708 cinunt.
358 2681 503 2716 Egreditur
522 2681 692 2714 Bethaniam,
707 2687 734 2710 et
751 2690 814 2710 cum
829 2682 1019 2718 regrederetur

1036 833 1057 860 Β

1075 203 1200 238 ραόολαίς
1227 202 1311 236 λέγει.
1343 201 1462 228 Ἐπιλύει
1490 201 1539 236 τὴν
1565 201 1724 237 παραϐολὴν
1747 201 1883 237 ταύτην,

1073 251 1120 277 καὶ
1137 249 1299 286 προστίθησι
1328 249 1377 284 τὴν
1398 249 1445 275 τοῦ
1466 248 1614 284 θησαυροῦ,
1632 249 1681 284 τὴν
1695 246 1743 274 τοῦ
1758 255 1884 284 μαργα-

1075 297 1158 332 ρίτου,
1175 296 1223 331 τὴν
1238 296 1284 322 τοῦ
1298 295 1394 331 ἀγροῦ,
1410 296 1459 330 τὴν
1472 295 1518 321 τοῦ
1534 295 1678 326 σινάπεως,
1694 294 1740 320 καὶ
1749 293 1805 328 τὴν
1822 293 1884 328 τῆς

1073 342 1171 378 ζύμης.
1191 341 1311 369 Ἐπιλύει
1325 342 1373 377 τὴν
1388 341 1434 368 τοῦ
1452 341 1536 376 ἀγροῦ
1558 342 1587 367 ἐν
1603 342 1636 376 τῇ
1653 340 1735 376 οἰκίᾳ,
1749 340 1882 374 προστίο

1073 388 1134 424 θησι
1154 389 1204 424 τὴν
1229 389 1278 424 τῆς
1305 389 1434 423 σαγήνης.
1459 387 1613 422 Μακαρίζει
1639 387 1702 418 τοὺς
1727 385 1881 422 μαθητὰς.

1073 434 1254 469 παραϐάλλων
1271 434 1368 465 αὑτοὺς
1383 433 1460 468 ἀνδρὶ
1475 432 1663 468 οἰκοδεσπότῃ.
1682 432 1820 467 Ἔρχεται
1834 431 1881 462 εἰς

1071 478 1120 513 τὴν
1137 478 1262 514 πατρίδα,
1287 479 1331 504 ὅτε
1355 478 1402 504 καὶ
1433 478 1651 510 σκανδαλίζονται
1673 478 1698 504 οἱ
1728 477 1878 503 Ἰουδαῖοι.

1073 525 1140 551 Τότε
1152 525 1242 558 λέγει·
1263 533 1272 549 ι
1291 524 1348 550 Οὐκ
1375 524 1433 550 ἐστι
1460 525 1603 559 προφήτης
1627 524 1724 559 ἄτιμος
1741 524 1768 550 εἰ
1788 523 1831 559 μὴ
1845 524 1878 550 ὲν

1071 572 1104 606 τῇ
1118 571 1226 606 πατρίδι
1239 570 1331 597 αὑτοῦ.
1352 579 1360 595 ι
1378 570 1432 596 Καὶ
1450 569 1569 602 ἀκούσας
1587 570 1621 596 τὰ
1631 569 1702 596 κατὰ
1713 569 1759 596 τὸν
1781 569 1879 605 Ἡρώ-

1071 615 1119 651 δην
1139 618 1184 643 καὶ
1206 617 1342 652 Ἰωάννην,
1372 617 1508 652 ἀναχωρεῖ
1522 617 1561 648 εἰς
1575 616 1687 652 ἔρημον,
1703 617 1751 642 καὶ
1767 617 1876 652 τρέφει

1071 663 1134 694 τοὺς
1169 663 1414 699 πεντακισχιλίους.
1442 663 1549 698 Πέμπει
1584 663 1647 694 τοὺς
1677 661 1806 698 μαθητὰς
1830 665 1875 694 εἰς

1073 708 1175 736 πλοῖον.
1197 709 1352 745 Ἀνέρχεται
1371 710 1410 741 εἰς
1425 710 1455 735 τὸ
1471 710 1533 745 ὅρος
1546 708 1686 741 εὔξασθαι.
1701 709 1874 743 Ὲφίσταται

1071 756 1164 787 αὐτοῖς
1176 755 1272 787 νυκτὸς
1296 755 1422 782 πλέουσι·
1444 756 1551 790 δέχεται
1563 755 1608 782 τὸν
1623 755 1723 790 Πέτρον
1739 754 1790 781 ἐπὶ
1810 754 1873 781 τῶν

1071 801 1183 828 ὑδάτων.
1218 802 1346 837 Ἔρχεται
1378 802 1418 833 εἰς
1442 801 1623 837 Γεννησαρέτ.
1658 800 1871 837 Θεραπεύονται

1072 845 1173 872 πολλοί.
1192 845 1349 879 Ἐγκαλοῦσι
1367 846 1507 881 Φαρισαῖοι
1531 845 1594 881 περὶ
1612 845 1785 880 καθαρσίων·
1802 846 1871 872 ἐπι-

1072 891 1194 927 στομίζει
1206 893 1327 924 τούτους,
1341 892 1388 919 καὶ
1404 892 1522 918 διδάσκει
1536 892 1599 922 τοὺς
1611 891 1707 926 ὄχλους
1719 891 1785 926 περὶ
1796 890 1872 926 βρω-

1073 939 1174 973 μάτων.
1208 939 1312 974 Ἐρωτᾷ
1339 938 1441 974 Πέτρος
1466 938 1530 974 περὶ
1551 937 1605 964 τῶν
1625 937 1790 973 εἰρημένων,
1817 937 1870 965 καὶ

1072 985 1238 1020 σαφέστερον
1248 984 1443 1020 ἐπεξέρχεταιό
1455 985 1580 1020 Χριστός.
1590 982 1691 1011 Ἦλθεν
1707 985 1747 1016 είς
1762 984 1867 1019 Τύρον,

1071 1032 1118 1058 καὶ
1132 1031 1311 1067 προσέρχεται
1340 1032 1356 1066 ὴ
1387 1031 1538 1058 Χαναναία.
1567 1031 1686 1057 Ἐκεῖθεν
1702 1032 1742 1063 εἰς
1754 1031 1784 1058 τὸ
1801 1031 1868 1066 ὅρος

1070 1077 1101 1103 τὸ
1115 1077 1191 1112 παρᾶ
1202 1077 1251 1112 τὴν
1267 1076 1414 1108 θάλασσαν,
1432 1078 1478 1103 καὶ
1496 1076 1641 1113 θεραπεύει
1656 1076 1779 1109 πολλοὺς.
1795 1077 1867 1113 Τρέ-

1071 1131 1116 1158 φει
1128 1124 1190 1154 τοὺς
1200 1122 1432 1158 τετρακισχιλίους
1440 1122 1548 1158 ἄνδρας.
1558 1120 1659 1149 Ἦλθεν
1671 1124 1710 1154 εἰς
1717 1122 1864 1156 Μαγδαλά.

1077 1169 1214 1205 Ἐρωτῶσι
1244 1172 1356 1206 σημεῖον
1374 1171 1398 1196 of.
1432 1170 1561 1196 Ἰουδαῖοι.
1594 1170 1622 1196 '0
1650 1169 1678 1196 δὲ
1704 1169 1866 1196 καταλιπὼν

1071 1216 1190 1252 ἀπῆλθεν
1201 1217 1241 1249 εἰς
1256 1217 1286 1243 τὸ
1301 1217 1396 1252 πέραν.
1411 1217 1442 1242 Οἱ
1454 1216 1572 1251 μαθηταὶ
1584 1215 1746 1242 ἐπελάθοντο
1762 1216 1865 1251 ἄρτους

1070 1262 1178 1289 λαϐεῖν·
1200 1263 1273 1297 λέγει
1286 1263 1378 1294 αὐτοῖς
1394 1263 1458 1297 περὶ
1471 1263 1519 1298 τῆς
1535 1262 1623 1298 ζύμης
1630 1262 1683 1288 τῶν
1696 1262 1862 1297 Φαρισαίων.

1077 1308 1232 1343 Ἐξέρχεται
1259 1309 1299 1339 είς
1316 1307 1495 1342 Καισάρειαν.
1520 1307 1625 1342 Ἐρωτᾷ
1649 1307 1712 1338 τοὺς
1737 1307 1864 1342 μαθητὰς

1071 1355 1135 1390 περὶ
1162 1354 1274 1380 ἑαυτοῦ·
1300 1353 1425 1388 ὁμολογεῖ
1452 1352 1531 1379 αὐτὸν
1547 1354 1561 1379 ὁ
1579 1352 1691 1388 Πέτρος.
1710 1353 1777 1379 Τότε
1794 1361 1863 1387 προ-

1070 1400 1144 1434 λέγει
1170 1400 1235 1434 περὶ
1263 1399 1310 1426 τοῦ
1340 1399 1453 1430 πάθους,
1483 1399 1531 1425 καὶ
1554 1399 1669 1434 ἐπιτιμᾷ
1690 1399 1798 1434 Πέτρῳ,
1814 1399 1863 1426 καὶ

1071 1445 1227 1473 κελεύειτὸν
1240 1445 1398 1480 βουλόμενον
1412 1444 1569 1471 ἀκολουθεῖν
1590 1443 1655 1479 ἆραι
1672 1445 1716 1471 τὸν
1733 1445 1861 1480 σταυρόν.

1072 1493 1152 1526 Λέγει
1168 1492 1213 1518 καὶ
1224 1492 1287 1527 περὶ
1298 1491 1347 1527 τῆς
1361 1491 1489 1526 δευτέρας
1504 1491 1653 1526 παρουσίας
1664 1490 1756 1517 αὑτοῦ.
1773 1492 1863 1517 Ἀνει-

1073 1547 1114 1565 σιν
1143 1539 1182 1570 εἰς
1202 1537 1232 1564 τὺ
1246 1538 1318 1573 ὅρος,
1343 1537 1407 1564 ἔνθα
1426 1537 1473 1563 καὶ
1491 1536 1700 1573 μετεμορφώθη.
1725 1537 1862 1564 Κατιόντα

1072 1584 1152 1610 αὐτὸν
1167 1584 1289 1620 ἐρωτῶσι
1306 1583 1369 1618 περὶ
1394 1583 1482 1609 Ἠλίου
1505 1583 1551 1609 καὶ
1574 1583 1748 1618 μανθάνουσι.
1773 1584 1861 1619 Προσ-

1072 1632 1169 1666 άγεται
1183 1633 1198 1657 ὁ
1213 1630 1445 1665 σεληνιαζόμενος,
1455 1629 1502 1655 καὶ
1517 1629 1707 1664 θεραπεύεται.
1723 1628 1861 1661 Ὀνειδίζει

1071 1679 1127 1709 τοῖς
1145 1677 1287 1712 μαθηταῖς.
1303 1676 1384 1710 Λέγει
1397 1676 1487 1707 αὐτοῖς
1502 1677 1531 1702 ὲν
1545 1678 1578 1712 τῇ
1593 1676 1720 1712 Γαλιλαίᾳ
1735 1677 1800 1712 περὶ
1814 1677 1860 1704 τοῦ

1073 1723 1184 1755 πάθους.
1193 1723 1392 1758 Προσέρχονται
1405 1723 1434 1748 ἐν
1446 1723 1633 1758 Καπερναοὺμ
1642 1723 1667 1749 οἱ
1683 1722 1714 1749 τὸ
1727 1722 1859 1758 δίδραχμα

1072 1769 1264 1804 λαμϐάνοντες.
1298 1768 1451 1803 Ἐρωτῶσιν
1479 1769 1504 1794 οἱ
1539 1768 1667 1803 μαθηταὶ,
1687 1768 1729 1800 τίς
1744 1769 1858 1804 μείζωνς

1073 1814 1139 1840 Τότε
1155 1813 1273 1843 καλέσας
1297 1812 1403 1839 παιδίον
1419 1811 1510 1846 λέγει·
1532 1821 1540 1838 ι
1561 1814 1608 1844 Ὃς
1630 1813 1677 1840 ἐὰν
1699 1814 1858 1850 σκανδαλίσῃ

1072 1859 1120 1885 ἕνα
1132 1858 1186 1884 τῶν
1203 1858 1308 1893 μικρῶν
1325 1858 1442 1885 τούτων.
1463 1868 1472 1884 ι
1488 1858 1552 1890 Καὶ,
1571 1868 1580 1884 ‹
1595 1859 1626 1885 Et
1648 1858 1785 1894 ὀφθαλμός
1801 1869 1857 1891 σου,

1073 1905 1118 1931 καὶ
1132 1905 1147 1939 ἡ
1161 1904 1221 1940 χείρ
1241 1913 1287 1930 σου
1301 1903 1471 1935 σκανδαλίζει
1484 1912 1527 1930 σε·
1547 1913 1556 1930 ι
1573 1905 1619 1930 καὶ
1632 1904 1673 1935 τὸ,
1691 1913 1700 1930 ι
1718 1905 1762 1941 Μὴ
1776 1914 1858 1933 καταο

1072 1951 1225 1986 φρονήσητε
1241 1951 1298 1982 ἐνὸς
1310 1950 1364 1976 τῶν
1382 1950 1487 1986 μικρῶν
1503 1950 1616 1978 τούτων.
1636 1960 1644 1975 ι
1657 1947 1724 1977 Εἶτα
1740 1951 1756 1986 ὴ
1771 1960 1857 1987 παρα-

1072 1996 1136 2032 ϐολὴ
1149 1997 1202 2023 τῶν
1218 1996 1314 2023 ἑκατὸν
1329 1996 1483 2032 προϐάτων,
1499 1997 1547 2023 καὶ
1571 1996 1602 2023 τό
1615 2005 1622 2012 ·
1641 2007 1650 2022 ι
1675 1997 1736 2024 Ἐὰν
1751 1998 1857 2034 ἁμάρτῃ

1072 2043 1112 2074 εἰς
1127 2042 1156 2068 σε
1167 2043 1182 2069 ὀ
1200 2042 1313 2076 ἀδελφός
1321 2050 1377 2074 σου,
1394 2041 1501 2076 ἔλεγξον
1513 2042 1608 2069 αὐτόν·
1626 2052 1636 2068 ι
1658 2043 1755 2070 καὶτό·
1770 2053 1779 2070 ι
1796 2043 1856 2071 Ἐὰν

1071 2087 1118 2114 δύο
1142 2089 1358 2123 συμφωνήσωσιν
1374 2088 1403 2120 ἐξ
1419 2088 1506 2123 ὑμῶν,
1524 2088 1538 2114 ὃ
1554 2089 1601 2116 ἐὰν
1618 2090 1790 2124 αἰτήσωνται,
1809 2089 1855 2125 λή-

1072 2132 1178 2168 ψονται.
1197 2142 1206 2158 ι
1221 2131 1287 2160 Εἷτὰ
1306 2141 1387 2167 φησιν
1401 2134 1415 2160 ὁ
1433 2133 1551 2168 Πέτρος’
1568 2143 1578 2159 ι
1599 2134 1718 2166 Ποσάκις
1735 2135 1855 2170 ἁμαρτή-

1071 2188 1112 2206 σει
1125 2179 1165 2211 εἱς
1181 2179 1231 2214 ἐμὲ
1242 2181 1256 2206 ὁ
1269 2179 1380 2214 ἁδελφός
1396 2188 1464 2215 μου;
1481 2190 1489 2205 ι
1502 2179 1647 2216 Παραϐολὴ
1663 2180 1710 2206 τοῦ
1726 2180 1760 2207 τὰ
1774 2181 1855 2217 μύρια

1072 2224 1223 2259 ὀφείλοντος
1240 2225 1368 2253 τάλαντα.
1384 2224 1485 2252 *Ηλθεν
1498 2227 1538 2258 εις
1552 2226 1601 2261 τὴν
1622 2226 1760 2254 Ἰουδαίαν.
1783 2227 1855 2254 Ἐθε-

1074 2272 1193 2306 ράπευσε
1217 2271 1338 2303 πολλούς.
1357 2272 1487 2298 Ἐπέλυσε
1505 2272 1536 2298 τὸ
1546 2271 1593 2298 τοῦ
1606 2272 1779 2299 ἀποστασίου.
1791 2274 1855 2309 Περὶ

1073 2316 1173 2352 τρόπου
1197 2318 1374 2354 εὑνουχισμοῦ
1401 2317 1565 2352 διαλέγεται.
1583 2318 1697 2353 Εὑλογεῖ
1708 2319 1743 2346 τὰ
1756 2319 1853 2347 παιδία.

1073 2364 1257 2399 Προσέρχεται
1286 2365 1300 2390 ὁ
1333 2364 1470 2396 πλούσιος.
1504 2364 1657 2400 Ἐρωτῶσιν
1677 2365 1701 2392 οἱ
1724 2365 1852 2401 μαθηταί,

1076 2419 1085 2434 ε
1101 2410 1148 2441 Τίς
1161 2410 1272 2436 δύναται
1286 2410 1421 2446 σωθῆναι;
1441 2421 1450 2436 ι
1467 2411 1533 2437 Τότε
1549 2411 1638 2445 λέγει·
1654 2420 1664 2436 ‹
1687 2411 1748 2438 Ἐπὶ
1758 2411 1854 2438 δώδεκα

1073 2454 1184 2490 θρόνους
1192 2455 1343 2490 καθήσεσθε
1354 2461 1377 2480 ⁸)
1391 2455 1447 2488 καὶ,
1462 2465 1471 2481 ‹
1479 2456 1526 2487 Ὃς
1537 2456 1642 2491 ἀφῆκεν
1649 2456 1763 2488 abduc,»
1774 2458 1815 2483 καὶ
1821 2458 1854 2484 τὰ

1073 2501 1146 2536 ἑξῆς.
1177 2499 1244 2528 Εἶτα
1261 2501 1401 2536 παραϐολὴ
1416 2501 1470 2528 τῶν
1492 2502 1626 2537 ἐργατῶν.
1643 2503 1697 2529 Καὶ
1708 2503 1853 2530 ἀναϐαίνων

1073 2549 1113 2578 εἰς
1131 2548 1312 2583 Ἰεροσόλυμα,
1325 2545 1385 2574 εἶπε
1395 2550 1451 2579 τοῖς
1463 2548 1597 2583 μαθηταῖς
1609 2548 1673 2584 περὶ
1683 2548 1731 2575 τοῦ
1747 2549 1852 2576 θανάτου

1073 2593 1166 2620 αὐτοῦ.
1187 2594 1219 2620 Ἡ
1237 2594 1306 2629 γυνὴ
1321 2593 1461 2620 Ζεϐεδαίου
1478 2594 1548 2626 ἀξιοί
1568 2595 1637 2631 ὑπὲρ
1652 2594 1705 2621 τῶν
1719 2595 1781 2622 υἱῶν
1795 2597 1852 2632 περὶ

1073 2639 1225 2674 πρωτείων.
1255 2640 1286 2666 Οἱ
1313 2640 1455 2666 ἀπόστολοι
1475 2640 1595 2676 ζηλοῦσι,
1613 2641 1660 2668 καὶ
1679 2641 1851 2669 παιδεύονται.

1073 2682 1274 2718 θεραπεύονται
1289 2683 1313 2710 οἱ
1330 2683 1376 2710 δύο
1393 2685 1488 2719 τυφλοὶ
1502 2685 1532 2719 ἐξ
1551 2685 1736 2722 Ἱεριχοῦντος.
1751 2687 1810 2714 Εὶτα
1821 2687 1853 2714 τὰ

270 2782 296 2822 ’.ξ
310 2782 406 2822 ἥξοιμι.
427 2783 560 2822 κιῃμῦἹ..
594 2784 615 2798 ¹⁷
638 2783 731 2822 Matth.
751 2793 835 2822 gvttt,
851 2785 877 2813 6.
917 2786 940 2802 "‘
959 2786 1014 2812 ibid

1109 2786 1132 2802 ⁸⁹
1152 2786 1218 2814 ibid.
1242 2786 1284 2814 10.
1323 2787 1346 2804 ⁸ο
1366 2787 1460 2815 Matth.
1478 2796 1563 2822 xvut,
1598 2790 1640 2817 15.
1680 2789 1700 2806 ⁸·
1731 2790 1792 2819 ibid.
1811 2793 1848 2821 l9.

237 2812 260 2830 ’ί
280 2817 344 2844 ibid.
363 2818 406 2844 ιη.
445 2819 467 2834 υ
487 2812 580 2845 Matth.
601 2826 660 2851 xu,
681 2819 732 2851 is,
752 2821 797 2848 23.
