1929 3056
64 122 120 151 389

622 120 788 150 SYNOPSlS
808 120 1015 148 SCRIPTURzE
1037 120 1171 149 SACRE.

1645 122 1700 151 590

64 181 141 209 κατὰ
157 180 204 207 τόν
218 180 288 208 ὄνον.
306 180 463 216 Είσέρχεται
474 180 512 212 εἰς
523 180 553 207 τὸ
567 181 647 216 ἱερὸν,
659 181 782 208 ἐκϐάλλει
796 181 859 212 τοὺς

912 179 1106 216 lerosolymam
1131 180 1245 208 arefacit
1271 180 1363 212 ticum,
1379 179 1502 215 dicitque
1529 179 1698 215 di‘scipulis:

65 226 240 258 πωλοῦντας,
271 226 416 261 θεραπεύει
439 227 502 258 τοὺς
527 227 733 262 προσελθόντας.
751 225 816 254 Εἶτα
830 228 864 254 τὰ

65 272 166 299 παιδία
182 273 270 307 ὑμνεῖ.
292 271 446 307 Ἐξέρχεται
467 274 506 304 εἰς
522 272 666 308 Βηθανίαν,
685 273 732 299 καὶ
748 273 864 308 ἐπανερ-

64 318 187 354 χόμενος
201 319 241 348 είς
263 317 446 352 Ἰεροσόλυμα,
464 317 583 354 ξηραίνει
594 318 643 354 τὴν
654 319 748 353 συκῆν,
763 319 809 345 καὶ
821 319 864 344 λέ-

65 372 111 397 γει
125 365 184 394 τοῖς
197 363 330 398 μαθηταῖς
342 371 349 378 ·
363 373 372 388 ι
387 363 446 390 Κᾶν
459 364 497 399 τῷ
508 364 565 399 ὄρει
577 364 663 400 τούτῳ
677 365 781 400 εἴπητε,
796 365 864 401 Βλή-

66 409 134 444 θητι
150 410 191 440 εὶς
202 408 252 444 τὴν
263 408 410 441 θάλασσαν,
420 410 572 445 γενήσεται,
586 411 633 437 καὶ
647 411 661 436 ὃ
673 410 718 437 ἐὰν
733 412 862 446 αἰτήσητε

67 455 258 486 πιστεύοντες,
277 455 402 490 λήψεσθε.
417 464 426 481 ι
443 455 596 491 Ἐρωτῶσιν
624 457 648 483 οἱ
671 457 767 492 ἱερεῖς·
786 466 795 482 ι
819 458 862 484 Ἐν

69 500 140 536 ποίᾳ
165 501 274 536 ἐξουσίᾳ
293 501 378 528 ταῦτα
405 503 506 534 ποιείς;
525 511 534 528 ι
555 502 706 538 ’Λντερωτᾷ
726 503 789 538 περὶ
815 502 861 529 τοῦ

69 547 264 582 βαπτίσματος
287 548 418 575 Ἰωάννου.
435 549 516 582 Λέγει
539 549 630 580 αὐτοῖς
644 548 692 584 τὴν
708 549 862 585 παραϐολὴν

69 592 122 628 τὴν
151 593 205 619 τῶν
218 593 264 620 δύο
287 593 363 626 υἱῶν,
378 593 436 621 εἶτα
458 595 492 621 τὰ
509 595 556 621 τοῦ
570 595 729 630 ἀμπελῶνος
747 596 793 622 καὶ
809 596 862 622 τῶν

70 639 201 674 πονηρῶν
215 640 339 675 ἐργατῶν
349 649 356 655 ”
375 639 433 667 εἶτα
448 641 483 667 τὰ
495 641 541 668 τοῦ
554 641 654 676 γάμου,
669 641 715 668 καὶ
730 641 783 668 τῶν
795 641 862 676 φαύ-

69 683 127 710 λων
141 684 280 720 κλητόρων
297 685 374 721 (50⁸).
391 686 458 713 Τότε
470 685 551 722 ἦλθον
568 688 591 714 οί
607 687 725 714 Ἰουδαῖοι
737 687 862 722 παγιδεῦ-

71 738 118 756 σαι
133 730 216 757 αὑτὸν
239 732 267 757 ὲν
289 731 370 766 λόγῳ.
392 733 447 758 Καὶ
463 733 489 759 τί
513 733 543 759 τὸ
560 733 689 768 νόμισμα.
711 734 861 769 Ἐρωτῶσιν

69 776 95 802 οἰ
106 775 282 803 Σαδδουκαῖοι
297 777 361 812 περὶ
376 777 426 812 τῆς
441 778 610 813 γαμηθείσης
623 780 680 810 τοῖς
697 779 767 805 ἑπτὰ
783 779 860 805 ἁδελ-

71 824 150 856 φοῖς·
178 820 237 849 εἶτα
263 824 277 849 ὁ
301 823 428 858 νομικόςο
453 824 520 850 Ποία
542 824 634 860 ἐντολὴ
658 824 768 859 πρώτης
795 823 860 851 Εἶτα

70 867 165 902 ἐρωτᾷ
193 868 292 898 αὐτοὺς
321 868 442 903 Ἰησοῦς·
463 877 472 892 ι
493 869 526 895 Τί
553 869 617 904 ὑμῖν
639 868 712 895 δοκεῖ
727 870 791 906 περὶ
813 869 860 896 τοῦ

69 912 209 949 Χριστοῦ;
228 922 238 938 ι
263 913 307 944 Ὠς
319 913 348 939 δὲ
376 913 621 950 ὲπεστομίσῦησαν,
642 914 793 949 διαλέγεται
805 917 860 947 τοῖς

68 958 162 994 ὖχλοις
175 959 239 994 περὶ
250 958 304 985 τῶν
316 959 503 995 Γραμματέων
518 961 564 986 καὶ
577 961 740 996 Φαρισαίων,
753 961 860 988 ταλανί-

71 1003 128 1035 ζων
147 1003 254 1035 αὐτούς.
288 1002 355 1030 Εἶτα
384 1006 416 1031 ἐκ
440 1004 486 1031 τοῦ
505 1005 576 1041 ἱεροῦ
598 1006 740 1041 ἀνέρχεται
760 1008 799 1039 είς
815 1007 860 1035 τὸν

71 1049 201 1082 ἑλαιῶνα,
218 1050 266 1077 καὶ
279 1050 431 1085 διαλέγεται
450 1053 506 1083 τοῖς
527 1051 660 1087 μαθηταῖς
670 1054 733 1088 περὶ
751 1053 859 1088 μελλόν-

70 1104 137 1122 των.
160 1095 225 1123 Εἶτα
253 1097 270 1132 ὴ
293 1098 433 1133 παραϐολὴ
454 1098 501 1124 τοῦ
528 1099 741 1131 κατασταθέντος
766 1099 859 1126 δούλου

70 1142 119 1168 ἐπὶ
129 1142 179 1177 τῆς
189 1142 288 1175 οἰκίας,
308 1144 355 1170 καὶ
367 1145 383 1178 ἡ
400 1143 453 1170 τῶν
465 1144 531 1170 δέκα
546 1145 698 1179 παρθένων,
714 1145 760 1171 καὶ
773 1147 789 1181 ἡ
805 1145 858 1172 τῶν

71 1188 155 1214 πέντε
169 1188 315 1220 ταλάντων,
327 1189 373 1215 καὶ
419 1189 472 1215 τῶν
482 1190 592 1225 ἐρίφων,
605 1191 651 1217 καὶ
663 1192 679 1226 ἡ
693 1191 746 1217 τῶν
758 1191 859 1227 προϐά-

71 1241 137 1260 των.
165 1234 329 1268 Συνάγονται
357 1235 382 1261 οἱ
405 1236 541 1270 ἀρχιερεῖς
566 1236 613 1263 καὶ
638 1237 662 1263 οἰ
686 1237 860 1272 Γραμματεῐς

73 1279 170 1305 πιάσαι
179 1280 268 1306 αὐτόν.
279 1280 306 1306 '0
314 1280 341 1306 δὲ
348 1277 428 1315 ἦλθεν
437 1282 476 1312 εἰς
491 1281 610 1316 Σίμωνος
621 1281 707 1308 οἰκίαν
721 1282 760 1313 είς
772 1281 860 1316 Βηθα-

71 1326 143 1357 νίαν,
152 1325 215 1352 ἔνθα
225 1326 242 1361 ἡ
251 1326 453 1360 τὸάλάὗαστρον
467 1325 589 1362 [ἔχουσα]
603 1327 721 1362 ἔρχεται.
737 1327 860 1353 Συντίθε-

73 1381 118 1399 ται
128 1373 142 1398 ὁ
150 1372 249 1403 Ἰούδας
256 1372 311 1403 τοῖς
320 1371 465 1403 Ἰουδαίοις.
475 1373 692 1399 Ἀποστέλλονται
700 1374 724 1399 οί
734 1373 860 1409 Μαθηταὶ

74 1418 215 1452 ἑτοιμάσαι
228 1418 259 1444 τὸ
275 1417 381 1452 Πάσχα.
398 1417 519 1452 Ἐλέγχει
531 1417 576 1444 τὸν
597 1418 695 1444 Ἰούδαν
712 1418 858 1455 6Χριστός.

74 1463 244 1499 Παραδίδωσι
256 1463 287 1489 τὸ
309 1463 470 1498 μυστήριον,
489 1463 552 1489 ἔνθα
571 1463 656 1498 λέγει·
677 1473 685 1489 ι
704 1464 740 1490 Οὐ
755 1464 791 1499 μὴ
807 1464 860 1490 πίω

73 1510 107 1536 ὲκ
119 1509 167 1544 τῆς
174 1508 296 1544 ἀμπέλου
309 1508 420 1544 ταύτης.
434 1518 443 1534 ι
460 1509 613 1544 Ἐξέρχεται
629 1511 668 1541 εἰς
675 1510 719 1536 τὸν
734 1510 858 1537 ὲλαιῶνα.
875 1534 893 1544 η

74 1556 214 1591 Προλέγει,
234 1555 275 1581 ὅτι
289 1555 562 1591 σκανδαλισθήσονται
579 1557 603 1582 οἱ
620 1555 748 1591 μαθηταί.
768 1556 858 1590 Ἀφεὶς

74 1602 135 1633 τοὺς
170 1601 294 1636 μαθητὰς
323 1602 363 1632 εἰς
384 1601 556 1636 Γεθσημανῆ,
584 1602 630 1628 καὶ
644 1602 860 1638 προσευξάμενος

75 1648 173 1684 τρίτον,
189 1648 280 1682 λέγει·
302 1657 311 1673 ι
328 1649 455 1684 ΙἈγωμεν
472 1648 604 1675 ἐντεῦθεν,
621 1658 630 1674 ι
647 1647 747 1675 ἾΙλθεν
760 1651 773 1676 ό
795 1648 860 1675 Ἰού-

73 1693 122 1725 δας
150 1693 220 1729 μετὰ
245 1693 291 1720 τοῦ
306 1693 394 1728 ὄχλου,
411 1694 458 1720 καὶ
471 1693 565 1720 κόπτει
582 1695 595 1720 ὁ
613 1694 715 1730 Πέτρος
728 1694 758 1720 τὸ
780 1694 859 1721 ὠτίον

75 1739 121 1766 τοῦ
160 1739 313 1774 παιδαρίου.
334 1739 456 1774 Ἤγαγον
495 1739 597 1775 Ἰησοῦν
626 1740 694 1776 πρὸς
721 1741 858 1775 Καϊάφαν,

75 1784 184 1819 ἔκριναν
207 1784 298 1816 αὐτὸν,
325 1785 371 1811 καὶ
395 1784 642 1816 κατεδίκασαν,καὶ
657 1785 809 1817 ἐνέπαιξαν.
831 1785 860 1812 ’0

75 1831 176 1866 Πέτρος
193 1830 324 1866 ἀρνεῖται.
343 1831 454 1864 Ἀγουσι
468 1830 512 1857 τὸν
533 1830 635 1866 Ἰησοῦν
648 1831 716 1866 πρὸς
732 1831 857 1859 Πιλᾶτον.

81 1876 246 1910 Ἀπὰγχεται
268 1876 378 1908 Ἰούδας.
404 1877 534 1912 Κρίνεται
557 1877 571 1903 ὁ
592 1877 717 1912 Χριστός.
739 1878 770 1903 Ἡ
791 1877 859 1912 γυνὴ

75 1922 120 1949 τοῦ
132 1922 249 1949 Πιλάτου
264 1922 440 1958 συμϐουλεύει
455 1922 528 1958 αὑτῷ
536 1923 686 1958 ἀποστῆναι
696 1923 743 1950 τοῦ
760 1922 858 1958 Ἰησοῦ.

76 1967 140 1996 Εἶτα
157 1969 331 2005 σταυροῦται.
357 1970 537 2006 Είστήκεισαν
547 1970 574 1995 αἱ
594 1969 658 2005 περὶ
670 1969 778 2005 Μαρίαν
791 1969 860 1995 θεω-

75 2014 169 2049 ροῦσαι
184 2014 318 2049 μακρόθεν
334 2015 368 2042 τὰ
379 2016 518 2051 γινόμενα.
533 2015 670 2050 Λαμὸἀνει
680 2015 711 2041 τὸ
725 2015 803 2050 σῶμα
813 2015 859 2041 τοῦ

76 2061 177 2097 Κυρίου
200 2062 307 2096 Ἰωσήφ.
322 2061 431 2088 Ahon
445 2061 494 2097 τὴν
508 2061 671 2088 κουστωδίαν
685 2061 710 2087 οί
729 2061 858 2088 Ἰουδαῖοι.

75 2107 108 2133 Δί
129 2107 196 2143 περὶ
220 2107 329 2142 Μαρίαν
354 2105 435 2142 ἦλθον
459 2107 577 2143 ἑσπέρας
593 2107 632 2139 εἰς
648 2109 693 2133 τδν
706 2107 799 2142 τάφον,
814 2107 860 2133 καὶ

79 2152 187 2188 σεισμὸς
213 2151 330 2186 ἐγένετο.
349 2153 486 2179 Ἤκουσαν
510 2153 586 2189 παρὰ
607 2153 653 2180 τοῦ
672 2153 799 2188 ἀγγέλου,
819 2154 859 2180 ὅτι

917 234 927 251 ι
944 225 1002 253 Etsi
1025 225 1110 253 monti
1129 226 1174 252 isti
1189 225 1326 256 dixeritis.
1344 226 1447 260 pr'ojice
1463 230 1487 252 te
1501 225 1528 252 in
1544 232 1630 258 mare,
1643 225 1700 256 Iiet,

913 276 941 299 et
957 273 1087 308 quidquid
1101 272 1244 299 credentes
1257 272 1403 307 petieritis,
1418 271 1560 305 accipietis
1574 271 1607 297 ει.
1631 280 1641 296 ι
1658 271 1699 298 lu-

915 318 1053 350 terrogant
1072 322 1133 342 eum
1157 315 1322 345 sacerdotes,
1338 314 1478 341 dicentes:
1498 322 1507 339 ‹
1527 313 1554 340 In
1572 320 1626 348 qua
1649 322 1699 348 po-

914 363 1012 389 testate
1031 362 1083 389 ista
1101 360 1168 388 facis
1184 361 1224 387 6l’?
1241 371 1250 386 ι
1268 360 1300 386 Ει
1315 361 1371 394 ipse
1390 360 1508 387 vicissim
1520 367 1567 386 eos
1579 360 1698 386 interro—

914 409 959 442 gat
975 405 1008 432 de
1024 405 1158 440 baptismo
1173 405 1297 433 Joannis.
1324 405 1394 432 Dicit
1413 405 1465 432 illis
1488 405 1645 439 parabolatn
1665 405 1698 432 de

913 452 1021 480 duobus
1043 453 1105 479 tiliis
1117 452 1185 487 (cap.
1201 452 1270 486 xxii)
1285 461 1293 485 ς
1306 452 1403 479 deinde
1415 453 1449 479 de
1474 453 1551 479 vinea
1577 456 1602 479 et
1619 453 1698 480 malis

914 498 1059 533 operariis,
1074 499 1107 526 de
1122 499 1226 532 nuptiis
1255 503 1282 525 et
1298 498 1332 525 de
1349 499 1472 532 reprobis
1487 498 1599 525 vocatis.
1621 497 1697 525 Tunc

913 545 1047 572 accedunt
1063 545 1096 571 ad
1111 552 1172 571 eum
1198 543 1283 570 Judmi
1306 548 1335 570 ut
1354 544 1500 578 illaqueent
1515 552 1575 571 cum
1596 544 1622 570 in
1636 552 1696 571 ser-

913 599 1002 623 mone,
1020 595 1046 618 et
1064 591 1097 618 de
1120 591 1285 617 nutuismate
1311 591 1497 618 sciscitantur.
1525 590 1696 625 lnterrogant

914 636 1055 664 Sadduczei
1070 637 1103 664 de
1119 637 1231 663 muliere
1245 642 1348 671 septetu
1372 636 1500 663 fratribus
1520 641 1612 671 nupta.
1626 636 1695 663 Tum

912 683 980 718 legis
998 683 1112 718 peritus,
1128 682 1161 709 de
1176 683 1264 717 primo
1279 682 1346 716 legis
1364 682 1501 709 mamlato.
1523 681 1623 710 Deinde
1647 690 1695 710 eos

912 729 1061 764 interrogat
1072 739 1097 763 τι
1109 729 1178 762 Quid
1194 729 1271 756 vobis
1289 729 1394 756 videtur
1409 728 1441 756 de
1451 729 1574 755 Christo?
1587 739 1596 754 ι
1617 727 1694 764 (Cap.

912 783 980 807 xxn,
998 774 1076 811 xui.)
1094 774 1140 802 His
1154 775 1198 801 ubi
1213 782 1244 802 os
1258 775 1422 806 obturasset,
1439 775 1558 810 loquitur
1570 775 1655 802 turbis
1663 775 1696 802 de

913 820 1018 846 Scribis
1039 824 1065 847 et
1085 819 1230 847 Phnrisaeis
1258 819 1326 855 (cap.
1355 822 1445 855 χχιιι),
1461 821 1576 849 miseros
1603 821 1696 848 dicens

875 861 898 890 B
912 873 970 894 eos.
990 865 1087 893 Postea
1098 873 1225 900 egressus
1239 875 1272 894 ex
1283 867 1384 901 templo
1394 867 1517 894 ascendit
1534 867 1560 893 in
1575 871 1694 894 montem

911 911 1059 945 Olirarum,
1077 916 1157 947 atque
1184 913 1221 939 ibi
1245 912 1278 939 de
1293 913 1374 940 rebus
1388 913 1488 941 futuris
1502 913 1695 948 addiscipulos

910 958 1021 986 disserit
1039 959 1107 993 (cap.
1127 958 1212 993 xxxv).
1227 957 1328 985 Deinde
1351 959 1509 993 parabolam
1530 959 1639 993 subjicit
1660 959 1694 986 de

910 1011 989 1031 servo
1001 1012 1083 1038 supra
1094 1003 1204 1030 domum
1219 1004 1368 1030 constituto
1379 1004 1446 1039 (cap.
1467 1005 1541 1040 xxv),
1553 1004 1639 1040 deque
1650 1004 1695 1031 de-

909 1057 968 1076 cem
988 1049 1150 1084 virginibus,
1168 1049 1201 1076 de
1229 1049 1309 1084 138
1337 1050 1457 1084 quinque
1484 1051 1593 1078 talentis
1614 1056 1641 1078 et
1660 1050 1694 1078 de

910 1095 998 1123 htL-dis
1016 1103 1047 1123 ac
1063 1096 1170 1122 ovibus.
1187 1094 1391 1130 Cougregantur
1407 1096 1543 1131 principes
1562 1096 1694 1124 Sacerdo-

910 1145 966 1168 tum
992 1145 1018 1168 et
1045 1141 1155 1173 Scribzn,
1181 1141 1369 1168 consultantes
1395 1142 1531 1176 quomodo
1566 1145 1693 1176 caperent

909 1195 970 1215 eum
992 1188 1060 1223 (cap.
1080 1187 1166 1224 nrt).
1184 1186 1243 1222 Ipse
1258 1195 1322 1214 vero
1340 1187 1496 1214 Bethaniam
1513 1187 1585 1214 venit
1605 1187 1633 1214 in
1648 1188 1694 1214 do—

909 1243 983 1261 mum
1004 1233 1133 1267 Simonis,
1144 1234 1189 1260 ubi
1203 1234 1235 1263 ad
1251 1242 1312 1261 cutn
1327 1234 1441 1266 accedit,
1453 1242 1512 1268 qua:
1527 1235 1692 1261 alabastrum

909 1280 1035 1307 habebat.
1049 1279 1199 1307 Paciscitur
1211 1279 1294 1307 Jtulas
1306 1287 1366 1306 cum
1377 1279 1487 1306 Juda-is.
1500 1279 1642 1306 Mittuntur
1652 1279 1695 1306 di-

910 1326 1007 1360 scipuli
1036 1325 1070 1352 ad
1097 1326 1247 1360 parandum
1272 1325 1387 1352 Pascha.
1421 1324 1564 1352 Conriucit
1595 1324 1693 1352 Judam

909 1371 1045 1398 Christus.
1066 1369 1159 1397 Tradit
1175 1372 1332 1406 mysterium
1354 1380 1359 1397 :
1376 1375 1469 1405 postea
1496 1371 1562 1398 dicit
1580 1379 1588 1398 :
1607 1379 1615 1396 ι
1635 1369 1694 1397 Non

910 1417 999 1444 bibam
1019 1417 1135 1451 amplius
1151 1424 1183 1443 ex
1199 1417 1250 1443 hac
1269 1417 1323 1443 vito
1338 1417 1370 1443 ⁸³.
1393 1425 1402 1442 ι
1418 1416 1561 1451 Egreditur
1575 1417 1602 1442 in
1619 1425 1693 1443 Illon-

910 1467 963 1490 tem
983 1463 1130 1490 Olivarum.
1149 1462 1275 1489 Prmdicit
1294 1462 1484 1489 oll'cndiculum
1501 1470 1631 1496 passuros
1650 1463 1693 1488 di-

911 1508 1041 1543 scipulos.
1058 1507 1196 1542 Relinquit
1213 1507 1364 1542 discipulos
1388 1515 1415 1534 In
1442 1507 1635 1538 Gethscmane,
1654 1511 1691 1538 et,

912 1561 1053 1590 postquam
1073 1555 1153 1581 tertio
1169 1559 1285 1586 orasset,
1304 1563 1313 1579 ι
1340 1553 1440 1580 Eamus
1459 1554 1522 1580 hinc
1534 1554 1566 1581 ⁵⁷,
1583 1563 1593 1579 ι
1614 1552 1694 1580 Venit

911 1601 995 1628 Judas
1011 1609 1072 1628 etnn
1089 1601 1168 1627 turba
1186 1610 1191 1627 :
1214 1599 1310 1627 Petrus
1323 1605 1445 1635 amputat
1463 1601 1613 1627 auriculam
1634 1607 1694 1627 ser-

912 1649 976 1676 vuli.
1003 1647 1109 1674 Ducunt
1123 1647 1215 1674 Jcsum
1234 1647 1266 1673 ad
1286 1647 1425 1681 Caipham.
1441 1645 1570 1673 Judieant
1589 1654 1650 1673 eutn
1667 1650 1695 1674 et

912 1694 1103 1725 condemnant,
1123 1697 1150 1721 et
1169 1692 1294 1720 irrident.
1310 1692 1408 1719 Petrus
1423 1696 1514 1727 negat.
1533 1690 1696 1720 Ducunth-

912 1747 972 1767 sum
990 1740 1023 1767 ad
1042 1739 1157 1767 Pilatum
1177 1741 1246 1774 (cap.
1268 1739 1363 1774 λχνιι).
1379 1737 1536 1773 Strangulat
1551 1746 1580 1766 se
1599 1737 1693 1766 ludas.

911 1786 1053 1814 Judicatur
1074 1787 1211 1814 Christus.
1227 1785 1315 1813 Pilato
1340 1786 1459 1813 consulit
1486 1793 1555 1812 uxor
1580 1785 1649 1820 ejus.
1666 1787 1696 1812 ut

911 1832 1046 1859 abstineat
1061 1831 1151 1859 aJesn
1170 1841 1176 1858 :
1195 1834 1288 1865 postea
1306 1830 1484 1864 cruciﬁgitur.
1507 1829 1585 1857 Stant
1596 1830 1694 1857 mulie-

911 1885 967 1908 res,
985 1885 1044 1911 quae
1057 1884 1118 1902 cum
1132 1876 1215 1902 Mat-ia
1234 1879 1321 1906 erant,
1333 1878 1487 1909 spectantes
1506 1874 1620 1908 alonge,
1636 1881 1696 1909 qua

912 1922 1017 1949 ﬁerent.
1046 1921 1151 1955 Corpus
1185 1920 1292 1947 Domini
1320 1920 1419 1954 accipit
1457 1919 1567 1954 Joseph.
1596 1918 1696 1946 Petunt

912 1967 1063 1995 custodiam
1083 1966 1180 1994 Judaei.
1198 1966 1337 1998 Mulieres,
1352 1973 1413 2001 quas
1426 1973 1487 1992 curn
1504 1965 1587 1992 Maria
1606 1969 1694 1997 erant,

912 2021 1023 2048 vespere
1038 2014 1149 2040 veniunt
1163 2013 1196 2040 ad
1220 2013 1375 2048 sepulcrum
1399 2011 1469 2048 (cap.
1491 2012 1598 2046 xxvut).
1623 2017 1650 2038 et
1666 2011 1696 2038 ﬁt

912 2064 992 2088 terra:
1007 2064 1107 2091 motus,
1125 2060 1294 2093 audiuntque
1323 2059 1357 2086 ab
1383 2058 1488 2092 angelo,
1504 2057 1576 2092 quod
1603 2065 1696 2084 resur-

912 2106 1024 2134 rexcrit.
1045 2105 1191 2132 Mittuntur
1203 2113 1216 2131 ιι
1232 2104 1343 2132 Christo
1352 2104 1386 2131 ad
1402 2103 1562 2138 discipulos.
1574 2102 1695 2129 Audiunt

911 2151 997 2179 Judaei
1012 2151 1045 2178 de
1062 2155 1140 2178 terrae
1152 2155 1225 2177 tnotu
1241 2154 1268 2178 et
1283 2150 1501 2180 resurrectione,
1515 2149 1635 2183 dantque
1649 2156 1696 2183 pe-

79 2198 185 2234 ἀνέστη.
202 2198 359 2234 Πέμπονται
376 2199 428 2225 ὑπὸ
440 2199 487 2226 τοῦ
502 2199 704 2235 Χριστοῦ.πρὸς
726 2200 788 2232 τοὺς
809 2209 859 2236 μα-

913 2200 1021 2227 cuniam
1039 2198 1207 2229 custodibus,
1222 2202 1252 2225 ut
1275 2198 1452 2224 mentiantur.
1469 2195 1588 2223 Veniunt
1612 2195 1696 2222 disci-

79 2243 168 2279 Θητάς.
189 2245 325 2271 Ἤκουσαν
342 2246 366 2272 οἱ
384 2245 502 2272 Ἰουδαῖοι
532 2246 596 2281 περὶ
615 2245 661 2272 τοῦ
683 2246 795 2281 σεισμοῦ
813 2247 860 2273 καὶ

79 2292 125 2326 τῆς
138 2291 318 2323 ἀναστάσεως,
333 2291 380 2318 καὶ
402 2291 504 2318 ἔδωκαν
518 2292 645 2327 χρήματα
669 2293 724 2324 τοῖς
737 2292 859 2326 φύλαξιν,

914 2245 969 2280 puli
998 2245 1031 2272 ad
1053 2243 1145 2272 Jesum
1172 2243 1200 2270 in
1224 2243 1371 2270 Galiltcam.
1401 2241 1495 2270 Tradit
1520 2242 1574 2268 illis
1604 2241 1694 2275 bapti-

914 2299 1012 2320 smum.

80 2335 121 2363 ἶνα
151 2336 313 2371 ψεύσωνται.
335 2335 437 2364 Ἶιλθον
477 2338 500 2363 οἱ
535 2338 654 2373 μαθηταὶ
685 2339 753 2374 πρὸς
784 2339 830 2366 τὸν
868 2338 969 2375 Ἰησοῦν
992 2338 1041 2369 κείς
1068 2338 1117 2375 τὴν
1147 2335 1299 2363 Γαλιλαίαν.
1333 2334 1517 2370 Παραδίδωσιν
1547 2333 1638 2364 αὐτοῖς
1665 2329 1696 2358 τὸ

80 2380 227 2417 βάπτισμα.

154 2429 276 2455 Βιϐλίον
284 2428 325 2460 β’,
337 2428 423 2462 {Kurd
437 2428 561 2463 Μάρκον
575 2429 759 2465 Εὑαγγ-έλιον

111 2485 155 2512 ιδ.
176 2485 302 2521 Ἰωάννης
326 2485 449 2520 βαπτίζει
468 2486 530 2517 τοὺς
553 2485 704 2518 Ἰουδαίους.
730 2486 858 2523 Ἔρχεται

78 2530 131 2557 ἀπὺ
142 2529 267 2566 Ναζαρὲθ
286 2531 300 2557 ὀ
321 2531 449 2566 Χριστὸς,
474 2530 635 2565 ἐϐαπτίσθη,
657 2532 704 2558 καὶ
726 2529 806 2566 ἦλθεν
820 2531 859 2562 είς

78 2576 124 2611 τὴν
153 2575 256 2610 ἔρημον
283 2576 471 2612 πειρασθῆναι.
493 2575 558 2603 Εἶτα
581 2577 620 2608 εἰς
635 2577 684 2612 τὴν
705 2577 857 2608 Γαλιλαίαν.

78 2621 272 2657 παραδοθέντος
291 2622 423 2655 Ἰωάννου,
441 2623 488 2650 καὶ
500 2622 576 2650 καλει
597 2624 664 2654 τοὺς
680 2624 743 2659 περὶ
758 2624 859 2659 Πέτρον

79 2667 124 2694 καὶ
145 2666 281 2695 Ἰάκωϐον.
297 2668 454 2704 Είσέρχεται
468 2669 508 2700 είς
523 2661 718 2704 Καττερναοὺμ,
729 2669 858 2702 διδάσκει,

992 2427 1069 2454 Liber
1083 2425 1122 2458 11,
1141 2425 1310 2460 Evangelium
1322 2424 1463 2451 secundum
1479 2423 1610 2450 Marcum.

946 2485 991 2512 48.
1005 2484 1123 2511 Joannes
1138 2484 1255 2520 baptizat
1274 2482 1382 2510 Judteos
1408 2484 1478 2517 (cap.
1509 2481 1539 2516 ι).
1566 2480 1693 2509 Christus

911 2523 984 2557 venit
1004 2537 1019 2556 a
1034 2529 1178 2562 Nazareth,
1195 2530 1358 2564 baptizatur,
1379 2532 1405 2554 ct
1424 2527 1480 2554 abit
1498 2527 1524 2553 in
1543 2527 1692 2559 desertum,

913 2581 942 2605 ut
962 2580 1090 2604 tentetur.
1103 2576 1201 2604 Postea
1217 2583 1296 2606 vero,
1309 2574 1410 2601 tradito
1434 2573 1549 2607 Joanne,
1572 2573 1646 2600 venit
1664 2573 1693 2601 in

912 2623 1059 2654 Galilaeam.
1079 2626 1106 2650 et
1121 2627 1199 2649 vocat
1226 2622 1336 2649 Petrum
1359 2628 1421 2648 cum
1449 2619 1543 2652 fratre,
1561 2619 1694 2646 Jaeohum

913 2670 976 2697 item
993 2676 1054 2696 cum
1074 2668 1168 2696 fratre.
1186 2667 1339 2703 Ingreditur
1359 2667 1531 2702 Capernaum
1553 2667 1622 2702 (cap.
1649 2665 1693 2701 ιι),

113 2744 137 2761 ⁸⁵
154 2744 248 2773 Matth.
265 2754 322 2778 ιιι,
339 2746 384 2775 92.
422 2747 444 2763 ⁸⁸
464 2747 529 2775 ibid.
547 2746 592 2774 23.
630 2747 653 2764 “
672 2746 766 2775 Matth.
788 2755 859 2780 uri,

912 2750 925 2774 ν.
964 2747 985 2762 ⁸⁷
1006 2746 1071 2774 ibid.
1090 2746 1134 2774 66.

116 2823 182 2861 (ποθ)
194 2826 215 2861 ί.
236 2826 350 2862 κλητῶν.
