1929 3056
224 67 274 95 391

223 124 315 156 docet.
326 127 405 152 curat
421 123 458 151 ibi
469 123 678 155 damoniacum.
690 126 753 158 post
768 122 841 150 hunc
857 124 940 150 etiam
966 131 1012 150 so-
1028 130 1051 155 Α

224 177 303 198 crum
313 169 396 201 Petri,
408 174 435 196 et
451 170 552 196 multos
564 169 633 196 alios
649 169 754 204 vesperi
768 172 856 196 sanat.
870 168 1016 204 Egreditur

225 216 254 244 in
275 215 462 244 solitudinem.
475 215 581 242 Circuit
600 214 750 242 Galila‘am.
767 214 853 241 Curat
866 214 1014 249 leprosum.

224 260 306 289 Vertit
319 262 489 295 Capernaum
507 260 577 294 (cap.
600 261 642 295 ιι).
661 259 745 287 Sanat
760 260 952 296 paralyticum,
969 259 1017 287 do-

225 307 268 334 ce't
293 307 412 334 turbam.
430 305 515 333 Vocat
533 306 598 334 Levi
624 307 707 334 ﬁliutn
739 307 853 342 Aipheei,
871 307 1017 333 manducat

225 361 288 381 cutn
310 353 473 388 publicanis.
488 354 626 380 Accusant
642 361 704 381 eum
725 354 775 380 hoc
791 353 902 380 nomine
920 351 1016 379 Phari-

226 400 282 426 saei.
306 398 437 432 Qumrunt
452 398 486 425 de
506 399 611 433 jejunio
637 399 763 434 discipuli
796 398 934 427 Joannis:
959 399 1017 434 ipse

226 452 291 472 vero
310 444 460 479 discipulos
475 444 606 471 defendit.
630 445 742 472 Transit
768 453 816 480 per
838 450 907 472 sata.
932 444 1018 472 Curat

226 498 288 518 eum
303 490 349 524 qui
363 498 472 517 manum
490 491 607 517 habebat
625 491 729 518 aridam
746 491 815 527 (cup.
833 493 886 524 ιιι).
909 490 1017 518 Secedit

227 536 261 563 ad
273 543 357 563 mare.
375 536 505 570 Sequitur
518 544 580 563 eunt
593 537 740 563 multitudo
755 544 864 572 magna.
877 536 1018 564 Conﬁten-

227 585 272 609 tur
289 581 437 609 daemones.
454 582 577 608 Advocat
594 582 627 608 ad
644 590 673 609 se
689 582 832 610 duodecim
855 582 1016 618 discipulos,

227 631 259 654 ut
270 628 360 654 mittat
373 635 420 655 eos
433 628 620 662 praedicatum.
632 627 709 654 Tunc
721 627 807 655 Judaei
826 628 942 656 dicunt:
961 638 970 654 (
988 628 1017 656 In

228 672 370 701 Beelzebul
382 674 457 708 ejicit
472 674 606 700 daemonia
623 673 656 700 “.
677 683 686 699 ›
706 673 785 701 Venit
803 674 837 701 ad
855 682 917 702 eum
933 674 1018 702 Mater

228 719 299 754 ejus.
312 719 466 755 Ingreditur
479 720 570 746 navim
585 719 654 755 (cap.
673 719 720 755 tv),
733 721 893 754 parabolam
903 720 969 748 dicit
984 720 1018 748 de

229 765 392 797 seminantc,
408 765 472 792 item
490 766 523 793 de
538 774 615 801 agro,
632 770 659 793 et
670 766 703 793 de
726 766 825 801 sinapi.
843 765 1018 802 Tempestate

227 812 368 848 jactantur
378 812 504 847 discipuli
520 812 547 839 in
561 813 639 839 mari.
652 812 777 847 lttcrepat
790 820 864 840 mare
879 813 1016 841 Christus.
1033 801 1054 829 Β

228 857 349 885 Curatur
373 859 560 885 daemoniacus
579 859 606 884 in
619 864 693 886 terra
709 858 927 894 Gergesenorum
947 860 1016 895 (cap.

229 904 268 936 v).
286 902 366 929 Porci
379 903 406 929 in
418 910 492 930 mare
504 903 657 937 praecipites
671 902 781 930 dantur.
799 903 982 937 Transfretat,
992 909 1019 932 et

228 948 318 977 Jairus
341 957 390 985 pro
404 950 459 976 ﬁlia
470 954 540 976 orat.
556 949 674 977 Sanatur
697 951 914 979 baemorrbousa.
939 951 1020 979 Venit

230 995 257 1022 iu
270 996 385 1030 patriam
403 997 472 1030 (cap.
486 996 538 1030 vr),
555 995 864 1032 scandalizantursuper
878 997 947 1032 ipso.
957 996 1020 1024 Haec

229 1042 296 1069 dicit
312 1052 318 1070 :
334 1051 343 1068 ι
364 1041 424 1069 Non
443 1045 485 1069 est
500 1042 631 1077 propheta
651 1042 754 1078 absque
778 1043 894 1076 honore,
911 1044 964 1070 nisi
991 1044 1020 1071 in

230 1090 317 1123 patria
338 1096 388 1116 sua
398 1088 431 1115 ".
457 1097 466 1114 ι
482 1088 563 1115 Mittit
585 1088 736 1123 discipulos
761 1089 842 1117 binos
872 1097 905 1117 ac
927 1091 1018 1123 binos,

229 1135 370 1170 multaque
384 1134 440 1162 illis
462 1135 585 1162 mandat.
604 1135 757 1170 Subjieitur
777 1136 891 1163 historia
911 1144 1018 1170 eorum,

229 1189 291 1215 qua:
306 1181 340 1208 ab
357 1181 465 1208 Herode
480 1185 542 1208 acta
558 1185 623 1208 sunt
638 1189 700 1208 cutn
715 1181 832 1210 Joanne.
846 1182 971 1211 Redeunt
985 1184 1020 1211 ad

230 1226 370 1254 Christum
385 1227 524 1262 discipuli.
549 1226 605 1253 Alit
628 1227 734 1254 turbas.
752 1227 870 1255 Advenit
887 1228 921 1256 ad
936 1229 1020 1257 disci-

231 1273 311 1307 pulos
327 1277 491 1308 tempestate
504 1273 636 1308 jactatos.
653 1272 734 1300 Venit
750 1272 919 1302 Gennesaret
930 1278 957 1302 et
972 1283 1021 1303 cu-

231 1322 275 1344 rat
290 1319 399 1346 multos.
414 1318 540 1354 Disputat
556 1318 590 1346 de
606 1319 734 1347 manibus
760 1320 844 1347 illotis
871 1319 941 1355 (cap.
959 1322 1019 1357 vn).

232 1363 312 1391 Venit
337 1363 450 1400 Tyrum.
473 1365 558 1392 Sanat
585 1364 667 1391 ﬁliam
695 1364 924 1400 Syropltmnissaa,
954 1367 1020 1394 item

233 1410 346 1438 surdum
358 1416 385 1438 et
402 1411 538 1446 impedita:
554 1411 661 1446 linguae.
679 1411 733 1438 Alit
744 1412 850 1438 turbam
864 1412 933 1447 (cap.
947 1413 1019 1449 vui).

234 1458 348 1494 Signum
363 1461 458 1493 petunt
481 1457 577 1497 Judaei,
596 1461 624 1484 at
644 1458 689 1485 ille
713 1458 817 1485 nullum
843 1459 899 1486 dat.
921 1458 1056 1497 Loqui-c

232 1508 278 1532 tur
291 1504 434 1539 discipulis
447 1504 480 1531 de
492 1504 623 1531 fermento
637 1503 848 1536 Pharisaeorum,
857 1508 885 1532 et
900 1506 1023 1541 increpat

231 1559 290 1579 eos.
304 1551 388 1578 Curat
404 1558 506 1577 catcutn
524 1550 686 1578 Bcthsaidaz.
704 1550 856 1586 lnterrogat
872 1551 1023 1587 discipulos

233 1597 267 1624 de
293 1596 407 1631 seipso:
431 1595 528 1622 Petrus
555 1595 711 1627 conﬁtetur,
729 1600 755 1624 et
777 1597 935 1632 increpatur
959 1605 1024 1632 paS‘

233 1642 419 1670 sicniscausa.
431 1641 479 1668 llic
491 1641 558 1668 dicit
569 1642 696 1670 Christus
707 1652 713 1669 :
724 1652 734 1668 ι
751 1642 779 1670 Si
791 1643 853 1677 quis
868 1643 1024 1672 vultvenire

233 1693 295 1723 post
311 1695 354 1714 tne
370 1688 402 1714 ⁷⁸.
417 1697 426 1712 ι
443 1686 668 1722 Transﬁguratur
684 1689 712 1714 in
729 1692 821 1715 tuonte
839 1688 907 1723 (cap.
923 1689 1024 1725 tx),lo-

233 1735 328 1769 quitur
344 1733 378 1761 de
394 1733 462 1760 Elia.
484 1733 639 1760 Adducitur
657 1734 691 1761 ad
706 1742 767 1761 eum
783 1735 919 1762 lunaticus
932 1740 958 1762 et
976 1743 1023 1763 cu-

233 1784 321 1807 ratur.
333 1779 458 1807 I’rwdicit
470 1779 612 1814 discipulis
624 1783 736 1806 mortem
748 1788 780 1807 ac
793 1782 1023 1809 resurrectionetn

235 1833 322 1852 suam.
333 1829 359 1852 et
371 1826 492 1859 increpat
508 1832 566 1855 eos,
584 1825 657 1859 quod
681 1824 715 1851 de
733 1825 850 1860 priutatu
867 1827 894 1853 in
909 1827 952 1853 via
967 1827 1024 1854 dis.

235 1875 404 1906 putaverant.
427 1869 477 1896 llic
493 1870 560 1896 dicit
577 1879 583 1896 :
601 1878 609 1894 ι
629 1869 680 1902 Qui
696 1878 750 1896 non
768 1873 809 1897 est
825 1878 942 1903 mecum,
957 1879 1023 1899 con—

235 1920 277 1942 tra
302 1924 345 1943 me
372 1916 446 1942 est“
464 1925 473 1941 ι
490 1915 524 1942 de
551 1923 596 1945 eo,
617 1915 663 1950 qui
693 1916 825 1942 dtemonia
848 1916 974 1950 cjiciebat
995 1918 1023 1944 in

237 1960 317 1996 139
333 1960 418 1994 ipsius
432 1961 552 1987 nomine.
568 1959 632 1986 Post
648 1960 704 1987 hmc
720 1961 785 1987 dicit
800 1971 806 1987 :
823 1970 832 1986 ι
845 1960 896 1994 Qui
912 1962 1024 1988 scanda-

236 2006 386 2033 lizaverunt
402 2013 484 2031 unuut
495 2012 527 2031 ex
544 2005 652 2039 pusillis
665 2004 697 2031 ⁷³.
715 2014 724 2030 ι
743 2004 774 2030 Ει
789 2005 875 2032 illud:
890 2014 899 2030 ι
915 2004 1023 2032 Verulis

237 2058 331 2078 eorum
344 2058 396 2077 non
412 2050 553 2082 morietur,
566 2057 653 2084 neque
673 2050 743 2084 ignis
761 2050 995 2085 exstinguelur".
1010 2060 1020 2076 ι

237 2097 370 2125 Edisscrit
389 2097 421 2124 de
438 2097 555 2124 divortio
576 2097 645 2132 (cap.
670 2097 709 2131 κ).
728 2097 852 2124 Parvulis
875 2098 1022 2125 benedicit.

237 2142 318 2171 Dives
337 2143 446 2178 quidam
483 2143 641 2178 interrogat,
669 2143 734 2178 quid
763 2143 845 2170 faciat
869 2147 899 2170 ut
925 2144 1020 2171 vivat:
1037 2136 1060 2163 D

237 2190 302 2217 huic
325 2190 479 2225 respondet.
507 2190 665 2217 Asnendens
681 2189 878 2226 Jerosolymam
901 2191 934 2218 de
959 2198 1023 2225 pas--

238 2237 314 2264 sione
335 2244 384 2264 sua
405 2235 537 2271 praedicit.
557 2235 618 2263 Filii
640 2235 762 2263 Zebedaei
779 2236 873 2263 sedere
893 2241 988 2271 petunt
1007 2244 1023 2264 a

237 2282 358 2310 dexteris
375 2282 445 2316 cjtts.
465 2281 597 2309 Edisserit
607 2281 640 2309 de
652 2282 734 2308 anitni
748 2282 911 2309 humilitate.
926 2281 1022 2310 Visum

238 2328 335 2362 recipit
345 2327 514 2354 Barlimams.
529 2326 628 2354 Deinde
639 2327 672 2354 de
688 2327 761 2361 pullo
777 2328 859 2354 asinae
875 2328 950 2363 (cap.
964 2329 1021 2363 ιιι),

239 2373 389 2408 ingreditur
408 2374 435 2400 in
463 2373 604 2409 templum,
620 2377 647 2400 et
666 2381 778 2408 vespere
800 2374 855 2400 exit
873 2373 901 2400 in
924 2373 1023 2401 Betha-

240 2419 323 2446 niant.
339 2418 442 2446 Deinde
453 2419 487 2445 de
507 2418 570 2445 ﬁcu.
585 2417 666 2453 Ejicit
688 2427 720 2446 ex
741 2420 841 2454 templo
864 2420 1021 2447 vendentes.

242 2465 360 2500 Vespere
378 2465 517 2500 egreditur
532 2465 566 2493 de
590 2466 709 2494 civitate.
730 2465 888 2493 Admiratur
913 2467 1021 2499 Petrus,

240 2512 386 2538 arei'aclatn
404 2519 464 2538 esse
481 2511 570 2539 ﬁcum.
588 2512 756 2539 Adhortatur
768 2512 917 2547 discipulos
930 2511 1021 2544 Jesns,

241 2562 270 2584 ut
285 2559 408 2585 credattt.
425 2557 504 2585 Jubet
522 2563 550 2584 ut
569 2562 679 2592 peccata
697 2558 822 2593 proximo
838 2559 1020 2586 remittantur.
1035 2591 1036 2594 η

241 2603 403 2639 “egreditur
415 2605 441 2630 in
457 2604 605 2631 civitatem.
623 2603 793 2638 Interrogant
808 2613 869 2631 eutn
883 2604 978 2638 Judaei,
995 2605 1022 2632 itt

241 2657 293 2684 qua
311 2653 444 2685 potestate
463 2650 520 2676 haec
537 2649 618 2676 faciat
638 2658 644 2676 :
662 2649 718 2684 ipse
734 2650 853 2676 vicissim
875 2658 922 2677 eos
937 2651 1022 2677 inter-

242 2698 318 2728 rogat
332 2694 365 2721 de
378 2694 512 2729 baptismo
526 2694 650 2723 Joannis.
672 2694 833 2722 Parabolam
850 2695 918 2722 dixit
933 2695 966 2723 de
980 2695 1022 2722 vi~

829 64 857 92 S.
877 63 1110 93 ATHANASIUS.
1126 79 1160 84 -—
1180 64 1295 93 DUBIA.

1808 63 1868 92 333

1064 122 1210 157 Ospamtist
1223 122 1269 149 τὸν
1287 121 1509 158 δαιμονιζόμενον
1529 121 1596 153 ἐκεῖ,
1614 118 1673 148 ιῖτα
1690 120 1740 156 τὴν
1762 122 1868 149 πενθεο

1069 168 1118 204 ραν
1128 168 1242 203 Πέτρου,
1258 168 1306 195 καὶ
1320 168 1433 200 πολλοὺς
1445 169 1473 194 ὲν
1487 169 1520 204 τῇ
1534 167 1637 203 ἑσπέρα
1653 167 1735 197 ἰᾶται,
1747 166 1868 202 ἐξῆλθεν

1067 215 1108 246 εἰς
1133 215 1182 250 τὴν
1204 214 1318 250 ἔρημον,
1339 215 1456 250 περιῆγε
1471 214 1520 250 τὴν
1539 213 1692 240 Γαλιλαίαν.
1706 213 1862 248 Θεραπεύει

1066 259 1112 286 τὸν
1137 259 1245 295 λεπρόν.
1278 260 1407 296 Ἔρχεται
1425 261 1465 291 εἰς
1481 259 1676 296 Καπερναούμ.
1709 260 1792 286 tam
1816 259 1861 285 τὸι

1067 305 1250 342 παραλυτικόν
1263 314 1270 321 ο
1290 306 1410 332 διδάσκει
1435 305 1481 332 τὸν
1508 305 1596 341 ὄχλον.
1613 305 1698 332 Καλεί
1713 305 1758 332 τὸν
1777 304 1859 332 Λευῖι

1067 351 1112 378 τὸν
1130 351 1268 386 Ἁλφαίου.
1291 352 1391 378 Ἐσθίει
1404 352 1473 387 μετὰ
1492 351 1546 377 τῶν
1558 351 1691 378 τελωνῶν,
1713 350 1859 384 Ἐγκαλοῦ-

1069 405 1110 424 σιν
1126 398 1150 424 οἱ
1163 398 1304 433 Φαρισαῖοι
1320 398 1390 433 ὑπὲρ
1419 397 1524 424 τούτου.
1540 398 1571 424 οι
1593 397 1711 432 μαθηταὶ
1734 397 1865 423 Ἰωάννου

1068 443 1138 479 ὑπὲρ
1156 444 1206 479 τῆς
1234 444 1362 479 νηστείας
1390 444 1551 470 αἰτιῶνται·
1579 442 1594 468 ὁ
1616 443 1644 470 δὲ
1671 443 1862 477 ἀπολογεῖται.

1068 491 1209 527 Διέρχεται
1217 490 1260 517 διὰ
1273 490 1327 517 τῶν
1340 490 1490 526 σπορίμων.
1499 489 1650 525 Θεραπεύει
1658 489 1703 515 τὸν
1711 489 1760 525 τὴν
1771 489 1805 525 Et)
1811 490 1864 524 ραν

1068 537 1146 572 χεῖρα
1153 535 1282 572 [ἕχοντα].
1292 535 1439 571 ’Δναχωρεῖ
1447 535 1514 570 πρὸς
1521 534 1724 570 τὴνθάλασσαν.
1732 535 1864 561 Ἀκολου-

1069 582 1111 608 θεῖ
1120 582 1196 617 αὐτῷ
1203 581 1304 614 πλῆθος
1312 581 1390 608 πολύ.
1400 581 1588 616 Ὀμολογοῦσιν
1595 582 1618 608 οἱ
1627 582 1761 617 δαίμονες.
1771 583 1794 608 Π
1800 591 1863 616 ροσ-

1069 630 1190 659 καλεῖται
1214 630 1276 661 τοὺς
1295 629 1410 661 δώδεκα,
1431 629 1474 655 ἵνα
1489 629 1634 665 ἀποστείλῃ
1663 629 1770 661 αὐτούς.
1791 629 1862 655 Τότε

1068 676 1192 711 λέγουσιν
1208 676 1233 702 οἱ
1259 674 1378 702 Ἰουδαῖοι
1391 684 1398 691 -
1419 685 1429 701 ι
1450 676 1494 701 Ἐν
1515 675 1676 708 Βεελζεεοὺλ
1688 676 1814 703 ἐκὸάλλει
1827 676 1863 703 τὰ

1068 721 1203 756 δαιμόνια.
1223 730 1232 746 ι
1258 721 1388 756 Ἔρχεται
1412 721 1429 756 ὴ
1458 721 1558 757 Μήτηρ
1572 721 1654 747 αὐτοῦ
1680 721 1748 758 ’πρὸς
1765 722 1861 749 αὐτόν.

1075 767 1215 803 Ἑμϐαίνει
1241 767 1282 798 εἰς
1295 766 1326 792 τὸ
1349 766 1450 793 πλοῖον.
1471 768 1552 801 Λέγει
1566 767 1616 803 τὴν
1631 767 1785 804 παραϐολὴν
1811 769 1862 795 τοῦ

1070 814 1235 850 σπείροντος,
1247 813 1296 849 τὴν
1321 813 1368 840 τοῦ
1388 812 1484 849 ἀγροῦ,
1501 813 1549 848 τὴν
1567 813 1614 839 τοῦ
1634 814 1777 845 σινάπεως.
1793 814 1861 840 Χει-

1071 860 1201 895 μάζονται
1219 861 1248 886 ὲν
1271 862 1304 896 τῇ
1322 858 1444 894 θαλάσσῃ
1475 859 1499 885 οἱ
1521 858 1651 894 μαθηταί.
1677 859 1806 895 Ἐπιτιμᾷ
1824 860 1860 894 τῇ

1070 905 1192 941 θαλάσσῃ
1217 907 1232 932 ὁ
1249 905 1366 941 Χριστός
1377 913 1385 920 ·
1407 903 1594 940 Θεραπεὺεται
1609 905 1623 930 ὁ
1637 904 1769 940 δαιμονῶν
1782 905 1812 932 ὲν
1824 906 1859 940 τῇ

1070 951 1147 988 χώρᾳ
1167 951 1220 978 τῶν
1235 950 1420 987 Γεργεσηνῶν.
1439 951 1470 977 Οἱ
1489 951 1576 986 χοῖροι
1592 949 1741 984 πνίγονται.
1756 948 1860 977 *Ηλθεν

1069 998 1110 1028 εἰς
1123 997 1154 1023 τὸ
1170 997 1268 1032 πέραν,
1287 997 1335 1022 καὶ
1354 995 1464 1031 Ἰάειρος
1477 995 1548 1030 ὑπὲρ
1564 995 1614 1029 τῆς
1629 995 1762 1030 θυγατρὸς
1777 995 1859 1027 ἀξιοῖ.

1070 1040 1137 1068 Εἶτα
1153 1042 1169 1077 ἡ
1183 1041 1366 1078 αἱμορροοῦσα
1382 1043 1464 1070 ἰᾶται.
1481 1039 1582 1069 *Ηλθεν
1601 1042 1640 1074 εἰς
1648 1042 1696 1077 τὴν
1725 1041 1859 1078 πατρίδα,

1071 1081 1291 1120 σκανδαλίζονται
1317 1089 1359 1114 ἐπ’
1383 1087 1468 1123 αὐτῷ.
1498 1088 1629 1115 Ἐνταῦθα
1657 1088 1745 1122 λέγει’
1768 1096 1778 1112 ‹
1802 1087 1861 1114 Οὐκ

1070 1132 1128 1159 ἐστι
1144 1134 1287 1168 προφήτης
1301 1133 1408 1168 ἄτιμος,
1421 1135 1445 1160 sl
1464 1134 1501 1169 μὴ
1522 1134 1551 1160 ὲν
1566 1135 1599 1169 τῇ
1617 1132 1828 1169 πατρίδιαὺτοῦ.
1847 1142 1857 1160 ι

1070 1179 1177 1214 Πέμπει
1191 1179 1254 1210 τοὺς
1275 1179 1398 1215 μαθητὰς
1417 1179 1469 1206 ἀνὰ
1488 1179 1544 1212 δύο,
1558 1179 1745 1214 ἐντειλάμενος
1761 1178 1858 1206 πολλά.

1070 1221 1138 1250 Εἶτα
1153 1223 1187 1249 τὰ
1198 1223 1268 1250 κατὰ
1288 1223 1410 1260 Ἡρώδην
1425 1224 1471 1251 καὶ
1493 1223 1630 1259 Ἰωάννην.
1654 1223 1817 1259 Ἐπανῆλθον
1833 1223 1859 1251 ot

1072 1269 1191 1305 μαθηταὶ
1199 1269 1266 1305 πρὸς
1277 1270 1368 1297 αὐτόν.
1387 1270 1489 1304 Τρέφει
1503 1270 1565 1301 τοὺς
1579 1269 1686 1305 ὁχλους.
1700 1269 1860 1304 Ἑφίσταται

1070 1316 1275 1352 χειμαζομένοις
1290 1317 1346 1348 τοῖς
1359 1316 1502 1352 μαθηταῖς.
1513 1315 1615 1343 ⁷Ηλθεν
1626 1317 1664 1348 εις
1677 1316 1858 1352 Γεννησαρὲτ,

1070 1364 1118 1390 καὶ
1127 1363 1292 1399 ἐθεράπευσε
1311 1362 1433 1394 πολλούς.
1443 1363 1511 1398 Περὶ
1525 1361 1644 1388 ἅνί-πτων
1658 1361 1757 1397 χειρῶν
1769 1361 1859 1388 διαλέ-

1071 1416 1157 1442 γεται.
1171 1406 1272 1434 Ἦλθεν
1297 1408 1337 1439 εις
1363 1407 1459 1442 Τύρον.
1493 1408 1576 1434 ’ἰᾶται
1588 1407 1638 1442 τὴν
1650 1406 1789 1442 θυγατέρα
1810 1407 1860 1442 τῆς

1072 1454 1329 1489 Συροφοινικίσσης,
1358 1451 1418 1480 εἶτα
1442 1453 1488 1480 τὸν
1518 1453 1609 1488 κωφὸν
1629 1453 1675 1479 καὶ
1703 1451 1858 1487 μογιλάλον.

1073 1499 1173 1534 Τρέφει
1187 1499 1232 1525 τὸν
1246 1498 1332 1534 ὅχλον.
1350 1499 1465 1534 Σημεῖον
1477 1498 1598 1525 αἰτοῦσιν
1616 1498 1642 1525 οἱ
1664 1498 1796 1531 Ἰουδαῖοι,
1812 1498 1860 1525 καὶ

1072 1545 1102 1570 οὐ
1119 1544 1220 1571 δίδωσι.
1232 1544 1299 1579 Περὶ
1316 1544 1365 1579 τῆς
1377 1544 1466 1579 ζύμης
1480 1543 1535 1570 τῶν
1548 1544 1702 1580 Φαρισαίων
1712 1544 1797 1578 λέγει,
1812 1544 1860 1571 καὶ

1073 1591 1187 1626 ἐπιτιμᾷ
1216 1592 1272 1622 τοῖς
1293 1590 1436 1625 μαθηταῖς.
1456 1589 1607 1626 Θεραπεὺει
1634 1590 1680 1616 τὸν
1704 1590 1804 1624 τυφλὸν
1820 1591 1860 1622 εἰς

1072 1635 1218 1671 Βηθσαϊδὰ.
1237 1635 1341 1670 Ἐρωτᾷ
1355 1635 1418 1666 τοὺς
1429 1634 1551 1670 μαθητὰς
1560 1635 1623 1670 περὶ
1640 1634 1746 1662 ἑαυτοῦ.
1758 1635 1860 1671 Πέτρος

1072 1681 1213 1716 ὁμολογεῖ·
1232 1681 1278 1707 καὶ
1301 1681 1345 1707 διὰ
1374 1681 1502 1712 τὸπάθος
1533 1681 1704 1715 ἐπιτιμᾶται.
1729 1680 1860 1707 Ἐνταῦθα

1073 1728 1164 1762 λέγει’
1177 1737 1185 1752 ι
1252 1735 1294 1758 τις
1314 1726 1384 1753 Θέλει
1409 1726 1496 1752 ὀπίσω
1510 1735 1560 1761 μου
1576 1727 1671 1752 ἐλθεῖν.
1690 1735 1699 1752 ›
1716 1727 1860 1762 Μεταμορ-

1073 1774 1170 1809 φοῦται
1184 1775 1212 1800 ὲν
1225 1773 1263 1807 τῷ
1279 1773 1346 1808 ὄρει,
1359 1773 1433 1807 λέγει
1454 1773 1517 1808 περὶ
1533 1772 1590 1807 τοῦδ
1600 1772 1700 1799 Ἡλίου.
1719 1773 1859 1808 Προσάγε-

1073 1828 1118 1846 ται
1132 1818 1364 1854 σεληνιαζύμενος,
1388 1819 1435 1844 καὶ
1455 1817 1645 1853 θεραπεύεται.
1660 1817 1790 1853 Προλέγει
1804 1818 1860 1847 τοῖς

1075 1864 1209 1900 μαθηταῖς
1225 1865 1288 1899 περὶ
1304 1864 1352 1890 τοῦ
1373 1864 1488 1890 θανάτου
1505 1863 1587 1891 αὐτοῦ
1604 1866 1651 1890 καὶ
1666 1864 1716 1899 τῆς
1741 1864 1858 1890 ἀναστά-

1073 1919 1151 1943 σεως,
1179 1911 1224 1938 καὶ
1261 1910 1369 1945 ἐλέγχει
1403 1911 1502 1942 αὐτοὺς
1538 1911 1603 1946 περὶ
1632 1910 1775 1945 πρωτείων
1803 1910 1861 1936 δια-

1071 1955 1215 1991 λεχθέντας
1228 1957 1256 1982 ὲν
1269 1957 1302 1991 τῇ
1312 1955 1375 1991 ὁδῷ.
1393 1955 1524 1982 Ἐνταῦθα
1532 1956 1616 1990 λέγει·
1628 1966 1637 1981 ι
1654 1955 1685 1982 Ὶ)
1702 1956 1739 1991 μὴ
1755 1954 1791 1982 ὢν
1800 1956 1858 1991 μετ’

1073 2002 1140 2037 ἐμοῦ
1156 2003 1216 2028 κατ’
1227 2002 1294 2037 ἐμοῦ
1307 2003 1375 2033 ἐστι,
1392 2011 1402 2028 ι
1421 2001 1537 2038 περὶτοῦ
1553 2002 1728 2033 ὲκϐάλλοντος
1736 2002 1859 2037 δαιμόνια

1073 2049 1103 2076 ἐν
1112 2049 1150 2085 τῷ
1157 2050 1268 2084 ὀνόματι
1278 2049 1371 2076 αὐτοῦ.
1382 2048 1449 2076 Εἶτά
1459 2059 1540 2085 φησιν
1550 2058 1557 2065 ’
1568 2059 1577 2075 ι
1586 2050 1633 2081 Ὃς
1643 2049 1690 2076 ἐὰν
1698 2050 1860 2087 σκανδαλίσῃ

1073 2096 1121 2122 ἕνα
1132 2095 1186 2122 τῶν
1200 2095 1322 2131 μικρῶν·
1347 2105 1356 2121 ι
1376 2096 1423 2122 καὶ
1446 2095 1492 2122 τό·
1515 2105 1525 2122 ‹
1551 2096 1579 2122 't)
1603 2095 1709 2131 σκώληξ
1729 2096 1817 2124 αὐτῶν
1829 2097 1859 2123 οὑ

1073 2142 1239 2177 τελευτήσει,
1254 2141 1313 2168 οὐδὲ
1326 2141 1357 2167 τὸ
1374 2141 1428 2178 πῦρ
1443 2142 1595 2169 σϐέννυται.
1622 2151 1632 2168 ›
1651 2142 1719 2178 Περὶ
1741 2143 1861 2169 ἀποστα-

1076 2187 1133 2214 σίου
1151 2187 1313 2221 διαλέγεται.
1333 2187 1373 2213 Τὰ
1390 2187 1482 2214 παιδία
1494 2188 1609 2222 εὐλογεῖ.
1634 2189 1739 2224 Ἐρωτᾷ
1753 2189 1767 2215 ό
1783 2188 1860 2215 πλοῦ-

1076 2242 1142 2264 σιος,
1156 2233 1183 2259 τί
1198 2233 1313 2268 ποιήσας
1336 2233 1464 2268 ζήσεται·
1481 2234 1656 2270 ἁποκρῑνεται
1678 2234 1747 2270 πρὸς
1767 2235 1859 2262 αὐτόν.

1081 2278 1243 2305 Ἀναϐαίνων
1254 2279 1294 2310 εις
1317 2279 1498 2314 Ἰεροσόλυμα,
1511 2279 1584 2314 λέγει
1607 2280 1670 2316 περὶ
1684 2280 1731 2306 τοῦ
1748 2280 1859 2312 πάθους.

1075 2325 1106 2351 Ui
1127 2325 1180 2350 υἱοὶ
1197 2324 1337 2351 Ζεὸεδαίου
1353 2325 1470 2356 ἀξιοῦσιν
1482 2326 1551 2361 ὑπὲρ
1567 2326 1616 2360 τῆς
1632 2327 1665 2352 ὲκ
1676 2326 1770 2357 δεξιῶν
1781 2327 1861 2354 καθέ-

1074 2370 1150 2406 δρας.
1167 2371 1325 2405 Διαλέγεται
1340 2372 1403 2406 περὶ
1419 2372 1680 2407 ταπεινοφροσύνης.
1703 2373 1861 2400 Ἀναὸλέπει

1076 2417 1250 2452 Βαρτιμαῖος.
1269 2415 1335 2443 Εἶτα
1346 2417 1380 2443 τὰ
1395 2418 1465 2444 κατὰ
1478 2418 1523 2444 τὸν
1541 2417 1630 2444 πῶλον
1640 2438 1647 2449 ,
1670 2418 1717 2444 καὶ
1738 2419 1860 2454 εἰσῆλθεν

1075 2464 1116 2494 εις
1131 2463 1161 2490 τὸ
1172 2464 1253 2499 ἱερὸν,
1271 2464 1349 2498 ὀψίας
1363 2463 1444 2500 οΰσης
1459 2464 1568 2499 ἐξῆλθεν
1583 2465 1621 2496 εἰς
1635 2464 1778 2499 Βηθανίαν.
1797 2463 1861 2492 Εἶτα

1075 2509 1122 2535 ἐπὶ
1137 2509 1186 2545 τὴν
1197 2510 1290 2545 συκῆν.
1307 2509 1446 2536 Ὲκὸἁλλει
1462 2511 1495 2536 ὲκ
1511 2510 1556 2536 τοῦ
1572 2510 1645 2546 ἱεροῦ
1659 2511 1722 2541 τοὺς
1739 2511 1860 2538 πωλοῦν-

1074 2565 1133 2588 τας,
1160 2557 1286 2592 Ἐξῆλθεν
1307 2557 1425 2592 ἑσπέρας
1444 2557 1476 2583 ἐκ
1492 2557 1542 2591 τῆς
1565 2557 1679 2588 πόλεως.
1708 2556 1738 2582 '0
1759 2557 1860 2594 Πέτρος

1075 2603 1209 2638 θαυμάζει
1223 2603 1267 2630 διὰ
1278 2603 1327 2638 τὴν
1341 2604 1436 2638 συκῆν.
1455 2602 1642 2638 Προτρέπεται
1658 2603 1722 2635 τοὺς
1740 2603 1861 2639 μαθητάς

1074 2651 1089 2676 ὁ
1107 2650 1211 2685 Ἰησοῦς
1234 2651 1274 2682 εἰς
1296 2649 1326 2676 τὸ
1345 2649 1494 2676 πιστεύειν.
1517 2648 1630 2675 Κελεὺει
1653 2651 1803 2685 συγχωρεῖν
1822 2650 1861 2685 τῷ

1076 2696 1188 2732 πλησίον
1196 2696 1228 2723 τὰ
1240 2696 1348 2731 ἁμαρτή
1354 2704 1434 2730 ματα.
1453 2695 1646 2732 Ἐπανέρχεται
1657 2696 1698 2728 εἰς
1710 2695 1761 2731 τὴν
1775 2695 1860 2723 πόλιν.

278 2781 300 2797 ⁸³
319 2782 401 2809 Marc.
420 2790 460 2815 nt,
477 2783 523 2810 22.
561 2783 583 2799 "
600 2783 682 2810 Marc.
700 2791 737 2816 vr,
757 2784 784 2811 ι.
821 2784 844 2800 ⁷⁸
864 2784 946 2811 Marc.
964 2793 1020 2818 vnt,

1071 2787 1086 2814 ὲ.
1124 2785 1144 2801 ⁷⁸
1160 2784 1242 2812 Marc.
1263 2792 1299 2816 ix,
1318 2783 1362 2812 59.
1399 2784 1421 2800 "
1443 2783 1521 2818 ibid.,
1536 2784 1580 2811 Η.
1618 2784 1642 2804 ⁷³
1660 2783 1726 2812 ibid.
1744 2783 1789 2811 47.
