1929 3056
73 145 131 173 395

608 144 774 174 SYNOPSIS
794 144 1001 173 SCRIPTUIUE
1023 143 1157 172 SACRE.

1641 142 1694 172 596

80 200 241 239 Έρωτῶσιν
259 203 283 230 ei
306 203 434 234 Ἰουδαῖοι.
447 204 475 230 ὲν
490 204 553 240 ποίᾳ
565 204 674 241 ἐξουσίᾳ
687 205 775 232 ταῦτα
783 206 857 232 ποιεῖ.

916 212 977 236 nea,
996 209 1023 232 et
1052 204 1086 232 de
1111 203 1192 231 malls
1206 203 1332 239 agricolis
1360 204 1438 238 (cap.
1453 204 1521 238 xu).
1545 202 1639 231 Postea
1661 203 1696 231 de

78 247 191 284 Ἐρωτᾷ
206 249 305 280 αὐτοὺς
322 250 384 286 περὶ
398 250 443 276 τοῦ
460 250 646 285 βαπτίσματος
665 251 798 278 Ἰωάννου.
812 251 864 277 Λέ-

71 302 117 328 γει
129 294 165 320 τὰ
180 294 252 320 κατὰ
267 295 312 321 τὸν
328 295 476 330 ἀμπελῶνα
493 296 540 322 καὶ
555 297 617 328 τοὺς
628 297 763 331 πονηροὺς
776 304 863 332 γεωρ-

69 339 153 374 γούς.
176 337 244 367 Εἶτα
266 341 330 376 περὶ
352 340 400 367 τοῦ
424 342 540 377 κήνσου*
564 341 622 368 εἶτα
646 342 710 378 περὶ
729 342 784 368 τῶν
795 342 864 369 ἐτι-τὰ

69 386 209 421 ἀδελφῶν.
229 387 332 422 Ἐρωτᾷ
343 388 357 414 6
366 388 556 423 γραμματεὺς,
574 388 637 415 ποία
651 387 743 423 ἐντολὴ
756 387 862 423 πρώτη-

70 432 122 458 xui.
142 431 237 467 μαθὼν
249 432 418 468 ἀποδέχεται.
441 433 545 468 Ἐρωτᾷ
558 434 572 460 6
583 433 700 469 Χριστὸς
719 433 784 469 περὶ
800 434 863 460 ἐαυ-

69 477 135 506 τοῦ.
148 476 216 505 Εἶτα
229 478 300 505 κατὰ
315 479 368 505 τῶν
379 479 534 514 Φαρισαίων
555 479 716 514 διαλέγεται,
735 479 781 506 καὶ
799 479 864 514 περὶ

69 523 128 550 τῶν
145 524 193 550 δύο
203 524 336 560 δηναρίων
347 525 397 560 τῆς
410 525 505 561 χήρας.
533 525 722 561 Ἐξερχόμενος
744 526 798 551 ἀπὸ
815 524 862 551 τοῦ

70 569 163 606 ἱεροῦ,
175 570 248 604 λέγει
263 570 326 606 περὶ
337 573 386 606 τῆς
397 572 586 607 καταστροφῆς
598 571 689 598 αὑτοῦ.
712 571 862 607 Ἐρωτῶσιν

69 616 95 641 οἱ
115 615 237 651 μαθηταὶ
251 616 316 652 περὶ
333 616 380 643 τοῦ
392 616 499 652 χρόνου,
518 618 565 644 καὶ
581 617 666 644 πολλὰ
686 618 776 648 αὐτοῖς
797 626 863 652 προ-

70 660 160 695 λέγει.
175 659 278 689 Ἦλθεν
287 663 328 694 είς
342 662 477 698 Βηθανίαν
492 663 559 698 πρὸς
570 662 679 698 Σίμωνα
692 663 737 689 τὸν
751 663 860 698 λεπρόν.

78 707 156 734 Ἑκεῖ
167 707 199 734 τὸ
222 707 308 743 μύρον
325 709 456 743 ἐκχεῖται,
476 709 632 736 Συντίοεται
647 711 662 736 6
689 709 788 740 Ἰούδας
805 709 861 740 τοῖς

78 750 230 784 Ἰουδαίοις.
243 751 400 787 Πέμπονται
417 753 558 788 ἑτοιμάσαι
578 753 608 780 τὸ
624 753 717 788 πάσχα
729 754 753 780 οἱ
772 753 862 788 μαθη-

71 797 128 823 ταί.
148 796 271 832 Ἐλέγχει
283 797 328 824 τὸν
349 797 458 824 Ἰούδαν.
480 799 650 834 Παραδίδωσι
666 799 699 826 τὰ
714 800 859 835 μυστήρια.

77 842 237 878 Ἐξέρχεται
257 843 297 875 εἰς
309 843 354 870 τὸν
369 844 492 871 ὲλαιῶνα.
505 845 636 880 Προλέγει
651 847 708 876 τοῖς
717 846 859 880 μαθηταῖς,

915 258 999 278 censu
1022 250 1080 278 :de
1104 255 1207 285 septem
1236 250 1376 277 fratribus.
1400 250 1582 283 Qumstionem
1607 253 1697 278 movet

915 297 1014 329 scriba.
1026 296 1097 332 quod
1112 296 1147 324 sit
1160 296 1276 332 primum
1291 295 1356 331 legis
1370 296 1536 327 mandatum.
1546 303 1578 323 ac
1587 303 1698 330 respon-

914 343 1016 370 sionem
1034 342 1124 369 datam
1136 342 1242 377 probat.
1253 341 1378 368 Christus
1391 341 1582 376 interrogarde
1596 341 1695 376 seipso.

914 385 1011 414 Postea
1026 386 1146 421 disputat
1160 389 1256 413 contra
1269 385 1430 418 Pharisaeos,
1448 389 1475 413 et
1487 386 1520 413 de
1532 385 1639 413 duobus
1650 384 1698 412 de.

914 431 999 458 nariis
1010 431 1106 458 vidum.
1122 431 1254 466 Egressus
1265 438 1280 458 e
1295 431 1395 465 templo
1406 430 1611 458 subversionem
1624 429 1698 457 illius

914 475 1036 510 przedicit
1058 476 1133 509 (cap.
1150 483 1199 502 xm
1211 475 1232 510 ).
1250 474 1380 510 Discipuli
1392 474 1425 502 de
1440 479 1562 510 tempore
1578 475 1697 501 interro«

913 525 987 557 μοι,
999 525 1025 549 et
1033 521 1155 556 praedicit
1168 521 1222 548 Illis
1237 520 1329 548 multa.
1344 520 1589 548 VenitBethaniam
1603 519 1637 546 ad
1654 519 1698 546 Si-

913 575 1020 594 monem
1048 568 1184 602 leprosum
1209 566 1288 603 (cap.
1304 566 1377 602 xiv).
1401 566 1463 593 Istic
1483 566 1630 594 eﬂunditur
1646 573 1699 592 un-

912 617 1051 649 guentum.
1077 612 1227 640 Paciscitur
1245 612 1329 639 Iudas
1348 620 1409 639 cum
1428 612 1539 639 Iudaeis.
1555 612 1698 640 Mittuntur

912 659 1037 694 discipuli
1060 659 1093 686 ad
1118 659 1267 694 parandum
1292 657 1404 693 pascha.
1431 658 1574 685 Convincit
1588 657 1695 686 Iudam.

913 705 1006 732 Tradit
1027 705 1165 740 mysteria.
1192 704 1336 740 Egreditur
1357 704 1392 731 ad
1411 708 1530 732 montem
1547 704 1696 732 Olivarum.

911 750 1058 786 Discipulis
1072 752 1204 786 praadicit,
1214 751 1286 786 quod
1301 751 1458 778 scandalum
1473 751 1579 786 passuri
1591 755 1695 782 essent,

911 801 938 823 et
958 795 1049 828 Petro,
1073 797 1145 832 quod
1168 802 1314 831 negaturus
1336 797 1380 824 sit.
1406 796 1536 824 Precatur
1562 796 1666 824 Patrem
1687 805 1695 823 :

912 840 1010 868 deinde
1027 842 1142 876 capitur.
1160 840 1258 868 Petrus
1282 840 1416 868 abscindit
1441 840 1589 867 auriculam
1613 839 1695 867 servi.

70 887 112 914 ὅτι
127 887 412 922 σκανδαλισθήσονται,
430 889 477 915 καὶ
495 888 532 924 τῷ
554 889 666 924 Πέτρῳ,
686 889 726 915 ὅτι
746 890 857 925 ἀρνήσε-

912 885 1077 914 Adoleseens
1086 887 1174 914 nudus
1184 886 1299 920 aufugit.
1309 885 1420 913 Ducitur
1427 885 1507 914 Jesus
1515 886 1548 912 ad
1556 885 1695 920 Caipham.

69 942 128 960 ται.
151 933 336 969 Προσεύχεται
362 934 401 969 τῷ
424 933 527 970 Πατρί’
550 932 609 961 εἶτα
633 934 858 970 συλλαμϐάνεται.

70 980 174 1015 Τέμνει
190 980 293 1015 Πέτρος
316 980 346 1007 τὸ
363 980 444 1007 ὠτίον
458 980 505 1007 τοῦ
522 980 624 1007 δούλου.
639 980 736 1014 Φεύγει
747 982 760 1008 6
775 982 861 1008 νεανί-

72 1032 139 1056 σκος
152 1024 266 1059 γυμνός.
283 1025 396 1059 ’Δγεται
412 1026 480 1060 πρὸς
497 1026 624 1060 Καϊάφαν
639 1027 653 1053 6
674 1026 786 1061 Ἰησοῦς.
804 1027 860 1054 Κα-

70 1069 292 1104 ταμαρτυροῦσιν
305 1069 396 1096 αὐτοῦ.
429 1070 571 1106 Ὁμολογεῖ
591 1071 686 1098 ἑαυτὸν
701 1071 765 1098 Υἰὸν
781 1071 858 1098 Θεοῦ.

77 1113 214 1149 ’Δρνετται
231 1115 343 1151 Πέτρος.
362 1115 473 1150 Ἀγεται
485 1116 553 1152 πρὸς
569 1117 684 1144 Πιλᾶτον
703 1117 718 1143 6
737 1117 839 1153 Ἰησοῦς
850 1126 858 1133 ·

72 1158 248 1194 σταυροῦται,
259 1157 314 1186 Ἦν
326 1160 385 1186 ἐκεῖ
395 1160 488 1195 Μαρία
497 1162 514 1196 ὴ
541 1161 666 1190 Ἰακώϐου
688 1162 736 1189 τοῦ
750 1162 858 1198 μικροῦ,

72 1205 120 1230 καὶ
136 1205 152 1239 ἠ
170 1204 347 1240 Μαγδαληνὴ,
359 1206 407 1232 καὶ
421 1206 547 1242 Σαλώμη.
568 1207 707 1242 Λαμϐάνει
721 1209 736 1234 6
761 1208 859 1244 Ἰωσὴφ

71 1249 103 1276 τὺ
114 1250 195 1285 σῶμα
205 1250 250 1276 τοῦ
268 1250 365 1286 Ἰησοῦ.
376 1249 478 1279 Ἦλθον
489 1252 517 1279 αἱ
529 1254 656 1287 γυναῖκες
668 1253 736 1288 μετὰ
751 1253 781 1280 τὸ
791 1253 860 1280 Σάϐ-

71 1295 165 1327 ϐατον,
181 1295 314 1332 ἀρώματα
331 1297 472 1333 φέρουσαι.
490 1297 566 1325 Εἶδον
587 1299 633 1326 τὸν
649 1299 762 1334 ἄγγελον
776 1301 805 1326 ὲν
821 1299 859 1334 τῷ

74 1342 211 1377 μνημείῳ,
225 1341 272 1368 καὶ
283 1342 465 1378 ἐφοϐήθησαν.
483 1344 612 1376 uvam;
624 1346 639 1372 ὁ
652 1346 768 1381 Χριστὸς
781 1345 858 1381 ὤφθη

71 1387 178 1423 Μαρίᾳ,
203 1387 249 1422 ἀφ’
269 1385 304 1423 ἧς
315 1387 349 1415 τὰ
370 1389 440 1416 ἑπτὰ
455 1389 580 1425 δαιμόνια
591 1390 728 1423 ἐξέϐαλεν.
753 1391 858 1427 Ἐκείνη

73 1430 133 1458 εἷπε
147 1434 203 1464 τοῖς
217 1433 349 1469 μαθηταῖς
359 1442 366 1450 ·
381 1435 406 1461 οἰ
419 1434 447 1462 δὲ
461 1436 624 1472 ἠπίστησαν.
650 1437 764 1464 Ἔπειτα
780 1437 857 1474 ὡιροη

73 1479 128 1509 τοῖς
137 1477 213 1505 δυσὶν
230 1479 259 1504 ὲν
274 1480 306 1514 τῇ
321 1479 384 1514 ὁδῷ,
401 1477 460 1507 εἶτα
473 1482 529 1513 τοῖς
547 1485 580 1508 ια’
591 1489 598 1497 ’
615 1481 662 1508 καὶ
676 1482 796 1508 ὠνείδισε
810 1481 858 1517 τὴν

74 1524 202 1550 ἀπιστίαν
218 1524 316 1551 αὐτῶν.
330 1525 385 1551 Καὶ
401 1525 561 1553 ἀπέστειλεν
580 1527 678 1559 αὐτοὺς
700 1527 857 1563 κηρύσσειν.

74 1571 120 1597 καὶ
136 1570 286 1605 βαπτίζειν,
300 1571 347 1597 καί
363 1573 464 1607 σημεῖα
477 1574 574 1600 ποιεῖν.
588 1572 655 1600 Εἶτα
668 1573 815 1609 ἀνελήφθη,

252 1627 374 1654 Bianor
386 1631 422 1662 τι,
437 1627 512 1655 κατὰ
535 1628 664 1655 Λουκᾶν.

109 1671 153 1699 69.
169 1671 210 1699 Τὰ
227 1672 296 1699 κατὰ
306 1673 354 1708 τὴν
368 1673 495 1708 γέννησιν
514 1673 647 1707 Ἰωάννου,
665 1673 711 1701 καί
732 1673 779 1700 τοῦ
793 1675 859 1709 Χρι-

75 1717 138 1745 στοῦ
150 1727 157 1734 ·
175 1718 209 1745 τὰ
232 1717 303 1745 κατὰ
322 1718 369 1746 τὸν
387 1718 509 1755 Συμεών.
531 1720 616 1746 Ἀννα
638 1719 858 1754 ἀνθομολογεῖται

74 1764 110 1800 τῷ
125 1765 231 1801 Κυρίῳ.
254 1765 398 1800 Ἀπομένει
409 1765 438 1792 ὲν
453 1764 492 1801 τῷ
506 1765 571 1801 ἱερῷ
586 1764 601 1791 6
624 1765 727 1801 Ἰησοῦς
737 1786 744 1797 ,
767 1766 814 1792 καὶ
833 1766 857 1792 οἱ

73 1811 162 1844 γονεῖς
177 1809 300 1845 ἠγνόουν.
318 1810 471 1843 Βαπτίζειὸ
489 1811 624 1846 Ἰωάννης,
642 1811 800 1846 βαπτίζεται
811 1812 859 1838 καὶ

73 1855 231 1891 ὁΧριστδς,
253 1855 290 1883 ὢν
306 1855 373 1883 ὲτῶν
398 1857 431 1884 λ’.
450 1857 664 1890 Γενεαλογεῖται.
687 1858 799 1892 Ἀγεται
817 1859 858 1889 εἰς

73 1901 121 1937 τὴν
136 1901 249 1937 ἔρημον.
268 1900 397 1937 Ἔρχεται
411 1902 451 1933 είς
471 1901 599 1937 Ναζαρέτ
610 1909 616 1916 ·
634 1901 812 1936 ἀναγινώσκει
828 1904 857 1930 ὲν

73 1950 105 1984 τῇ
121 1949 280 1983 Συναγωγῇ.
300 1946 368 1974 Εῐπε
384 1947 453 1983 πρὶς
476 1948 539 1980 τοὺς
570 1947 712 1980 Ἰουδαίους
730 1948 859 1983 περὶτῆς

73 1994 158 2029 χήρας
172 1993 223 2028 τῆς
241 1992 341 2025 Ἡλίου,
353 1993 400 2020 καὶ
416 1993 526 2028 Νεεμὰν
541 1993 588 2019 τοῦ
599 1993 699 2029 λεπροῦ
709 2014 716 2025 ,
736 1994 782 2020 καὶ
793 1993 857 2029 ἤθε-

73 2039 116 2066 λον
130 2039 212 2065 αὐτὸν
222 2039 380 2074 κρημνίσαι.
393 2036 494 2065 *Ηλθεν
510 2039 549 2070 εἰς
564 2039 757 2075 Καπερναούμ.
783 2039 858 2066 Ἐοε-

75 2085 192 2120 pains-ass
208 2084 254 2111 τὸν
269 2084 447 2120 δαιμονῶντα,
463 2085 510 2111 καὶ
524 2084 573 2120 τὴν
587 2084 721 2120 πενθερὰν
742 2085 857 2121 Πέτρου,

74 2132 118 2157 καὶ
129 2131 226 2162 ἄλλους
239 2130 362 2162 πολλούς.
372 2130 499 2166 Ἐξῆλθεν
514 2131 554 2162 εἰς
568 2131 617 2166 τὴν
635 2130 747 2166 ἔρημον.
756 2128 858 2158 *Πλθεν

75 2177 112 2208 εἰς
125 2176 304 2212 Γεννησαρὲτ,
318 2176 403 2211 ἐπέϐη
421 2175 468 2202 τοῦ
483 2175 575 2202 πλοίου
591 2176 695 2212 Πέτρου
708 2196 715 2208 ,
731 2175 795 2203 ἔνθα
811 2176 858 2203 καὶ

913 932 1111 961 Testimonium
1137 933 1248 960 alfertur
1263 936 1359 960 contra
1383 932 1470 959 illum.
1491 931 1643 958 Conﬁtetur
1667 937 1697 958 se

912 986 974 1006 esse
988 978 1085 1005 Filium
1101 978 1157 1006 Dei.
1176 978 1261 1013 Negat
1284 977 1391 1006 Petrus.
1405 977 1517 1004 Ducitur
1532 977 1565 1004 ad
1579 977 1696 1004 Pilatum

913 1023 994 1052 Iesus
1017 1024 1097 1059 (cap.
1111 1024 1166 1060 xv)
1184 1034 1190 1051 :
1207 1024 1384 1059 cruciﬁgitur.
1408 1024 1473 1051 Erat
1490 1024 1527 1050 ibi
1547 1023 1630 1050 Maria
1649 1021 1696 1049 Ja-

912 1070 972 1097 cobi
989 1069 1112 1101 minoris,
1128 1074 1155 1097 et
1169 1069 1337 1105 Magdalena,
1357 1073 1385 1098 et
1403 1070 1520 1097 Salome.
1534 1068 1633 1103 Ioseph
1647 1075 1694 1095 ac-

912 1115 978 1150 cipit
993 1123 1093 1150 corpus
1110 1115 1186 1143 Iesu.
1203 1115 1343 1144 Venerunt
1359 1116 1487 1143 mulieres
1509 1118 1571 1150 post
1590 1114 1696 1142 Subba-

911 1165 981 1194 tum,
1002 1165 1123 1188 aromata
1136 1161 1254 1190 ferentes
1274 1162 1350 1198 (cap.
1364 1170 1409 1189 xvi
1421 1164 1440 1193 ).
1455 1161 1554 1188 Vident
1569 1160 1695 1195 angelum

911 1206 939 1234 in
954 1211 1140 1239 monumento,
1155 1212 1182 1235 et
1199 1208 1404 1242 pertimescunt.
1427 1207 1493 1235 Post
1517 1205 1696 1234 resurrectio-

911 1261 973 1281 nem
991 1251 1117 1281 Christus
1132 1254 1257 1289 apparuit
1279 1253 1379 1285 Mariae.
1402 1261 1435 1282 ex
1451 1261 1504 1288 qua
1524 1257 1626 1288 septem
1640 1252 1695 1280 da:-

912 1299 1003 1326 monia
1021 1299 1149 1334 eiecerat.
1170 1299 1230 1335 Ipsa
1254 1308 1312 1327 rem
1332 1299 1400 1327 dixit
1415 1299 1449 1327 ad
1470 1299 1630 1334 discipulos,
1656 1298 1696 1326 illi

910 1351 976 1372 vero
995 1351 1051 1372 non
1072 1344 1257 1372 crediderunt.
1281 1344 1379 1372 Postea
1396 1345 1523 1380 apparuit
1539 1344 1645 1371 duobus
1667 1343 1696 1371 in

910 1390 965 1422 via,
982 1390 1080 1418 deinde
1096 1395 1124 1417 et
1139 1390 1283 1420 undecim.
1300 1391 1400 1426 quibus
1415 1391 1495 1418 etiam
1521 1390 1697 1418 incredulita-

911 1440 964 1463 tem
975 1436 1158 1470 exprobravit.
1178 1435 1211 1463 Et
1226 1437 1300 1464 misit
1312 1444 1359 1464 eos
1375 1437 1550 1471 praedicatum
1565 1440 1592 1464 et
1608 1435 1697 1470 bapti‘

911 1485 1012 1514 zatum,
1029 1486 1057 1509 et
1075 1486 1236 1517 potestatem
1252 1482 1326 1509 dedit
1343 1483 1528 1510 faciendorum
1544 1481 1695 1517 signorum.

911 1526 1008 1555 Postea
1023 1533 1180 1564 assumptus
1195 1532 1246 1555 est.

979 1627 1057 1655 Liber
1071 1627 1131 1660 111,
1149 1627 1320 1663 Evangelittm
1346 1628 1487 1655 secundum
1511 1627 1611 1655 Lucam

943 1673 987 1700 49.
999 1673 1146 1701 Historiam
1163 1673 1313 1700 nativitatis
1327 1672 1440 1700 Ioannis
1456 1673 1552 1701 scribit
1566 1673 1643 1708 (cap.
1658 1673 1691 1708 ι),

908 1719 1005 1747 deinde
1020 1723 1046 1746 et
1057 1719 1159 1747 Christi
1175 1728 1181 1746 :
1196 1719 1228 1746 de
1244 1719 1370 1746 Simeone
1393 1720 1460 1753 (cap.
1477 1719 1519 1754 ιι).
1535 1719 1612 1746 Anna
1628 1727 1695 1747 con-

909 1765 1000 1792 titetur
1016 1765 1140 1792 Domino.
1160 1764 1241 1793 Jesus
1257 1765 1284 1792 in
1308 1764 1408 1800 templo
1423 1768 1522 1795 manet,
1538 1764 1633 1792 insciis
1649 1772 1696 1800 pao

909 1811 1042 1838 rentibus.
1055 1810 1173 1839 Joannes
1185 1811 1305 1846 baptizat
1322 1811 1398 1846 (cap.
1413 1813 1460 1844 tu)
1478 1819 1484 1837 :
1501 1809 1656 1845 baptizatur
1667 1814 1694 1838 et

908 1856 1045 1888 Christus,
1061 1863 1125 1883 cum
1145 1863 1278 1883 annorum
1299 1858 1372 1883 esset
1393 1855 1514 1890 triginta.
1531 1853 1694 1889 Genealogia

908 1900 979 1934 ejus.
994 1900 1106 1928 Ducitur
1120 1901 1146 1927 in
1162 1900 1336 1928 solitudinem
1351 1899 1427 1934 (cap.
1444 1899 1499 1933 iv).
1515 1898 1595 1927 Venit
1607 1899 1695 1926 Naza-

908 1946 968 1973 reth
984 1955 991 1973 :
1006 1947 1070 1982 legit
1087 1947 1114 1974 in
1129 1946 1281 1982 Synagoga.
1304 1946 1375 1974 Dicit
1389 1946 1422 1973 ad
1433 1945 1541 1975 Judzeos
1555 1946 1588 1974 de
1599 1946 1693 1978 vidua,

908 1990 963 2026 (ad
979 1998 1061 2026 quam
1081 1991 1212 2027 divertit)
1235 1991 1319 2024 Elias,
1340 1995 1367 2019 et
1380 1991 1414 2019 de
1432 1991 1550 2019 Neeman
1573 1992 1692 2026 leproso.

909 2041 936 2065 et
950 2037 1046 2065 volunt
1062 2045 1123 2065 eum
1137 2038 1303 2072 prazcipitem
1319 2037 1394 2065 dare.
1412 2036 1492 2065 Venit
1509 2037 1692 2073 Capernaum.

909 2084 992 2111 Curat
1009 2083 1141 2111 daemonio
1158 2084 1337 2117 laborantem,
1352 2087 1379 2112 et
1393 2091 1502 2112 socrum
1512 2083 1595 2116 Petri,
1608 2085 1692 2112 alios-

909 2137 962 2165 que
977 2129 1087 2157 multos.
1105 2129 1249 2165 Egreditur
1261 2130 1289 2156 in
1307 2129 1492 2157 solitudinem.
1508 2128 1588 2156 Venit
1598 2129 1624 2156 in
1639 2133 1694 2156 ter-

910 2183 969 2202 ram
983 2175 1170 2210 Gennesaret(
1178 2183 1236 2210 cap.
1250 2184 1267 2202 v
1276 2175 1295 2211 ),
1306 2175 1429 2203 ascendit
1441 2175 1594 2202 naviculam
1607 2173 1693 2207 Petri,

74 2221 103 2248 τὸ
117 2221 224 2248 δίκτυον
244 2221 433 2258 διερρήγνυτο.
460 2221 593 2257 Ἐιροϐήῦη
623 2221 723 2257 Σίμων.
746 2222 857 2258 Ἐθερά-

911 2222 956 2249 ubi
970 2226 997 2250 et
1011 2226 1069 2250 rete
1091 2223 1277 2250 scindebatur.
1295 2222 1466 2250 Pertimescit
1487 2221 1592 2249 Simon.
1607 2220 1694 2248 Curat

74 2276 154 2294 πευσε
170 2267 216 2294 τὸν
230 2267 338 2303 λεπρὸν,
352 2265 411 2294 εἶτα
426 2264 472 2294 τὸν
491 2267 683 2303 παραλυτικόν.
705 2267 791 2294 Καλεῖ
811 2267 857 2294 τὸν

75 2314 147 2348 Δευῖ,
162 2314 246 2341 ἐσθίει
257 2314 320 2349 παρ’
336 2313 410 2348 αὑτῷ
422 2321 428 2328 ’
443 2313 489 2340 καὶ
500 2313 654 2348 ἐγκαλεῖται
669 2314 723 2341 ὑπὸ
734 2313 788 2340 τῶν
804 2315 856 2340 Φα-

77 2361 184 2396 ρισαίων
199 2360 263 2396 περὶ
279 2359 384 2390 τούτου,
399 2360 446 2386 καὶ
462 2360 502 2386 ὅτι
527 2360 557 2386 οὐ
571 2359 744 2395 νηστεύουσιν
764 2360 788 2387 οἱ
808 2368 857 2396 μα-

74 2406 150 2442 Θηταὶ
167 2405 260 2432 αὐτοῦ.
285 2405 433 2441 Πορεύεται
452 2406 480 2432 ὲν
503 2405 634 2441 Σαϐϐάτῳ
645 2405 856 2442 δευτεροπρώτῳ

71 2451 114 2478 διὰ
126 2451 179 2478 τῶν
194 2451 344 2486 σπορίμων.
357 2450 509 2486 Θεραπεύει
524 2451 552 2477 ὲν
566 2451 651 2486 ἑτέρῳ
668 2451 798 2486 Σαϐϐάτῳ
810 2450 856 2478 τὸν

71 2498 119 2534 τὴν
132 2497 217 2533 ξηρὰν
231 2498 318 2533 χεῖρα.
333 2497 490 2531 Ἐκλέγεται
503 2497 566 2529 τοὺς
580 2497 622 2532 ιβ’.
637 2497 716 2531 Λέγει
731 2498 793 2530 τοὺς
809 2507 857 2532 μα-

71 2543 232 2580 καρισμούς.
249 2543 390 2575 Ταλανίζει
413 2544 476 2575 τοὺς
495 2543 639 2575 πλουσίους
660 2544 706 2570 καὶ
727 2545 790 2575 τοὺς
810 2553 857 2578 γε-

70 2590 182 2622 λῶντας.
200 2591 332 2625 Παραινεῖ
341 2590 405 2625 περὶ
415 2590 534 2624 ἀγάπης,
552 2591 616 2625 περ).
635 2590 682 2616 τοῦ
698 2591 734 2626 μὴ
755 2590 856 2626 ἀμύνε-

71 2637 133 2664 σθαι
146 2637 192 2664 τὸν
205 2636 327 2671 πλησίον,
345 2637 412 2672 Περὶ
433 2635 644 2672 φιλανθρωπίας.
667 2636 735 2671 Περὶ
752 2636 799 2662 τοῦ
818 2636 855 2672 μὴ

71 2684 189 2720 κρίνειν,
206 2683 254 2709 καὶ
279 2682 455 2718 μεταδιδόναι.
476 2682 558 2717 Λέγει
577 2682 605 2709 δὲ
625 2682 671 2708 καὶ
687 2682 853 2718 παραϐολὴν,

70 2732 118 2766 τὴν
132 2730 197 2766 περὶ
206 2729 252 2756 τοῦ
266 2729 387 2765 δένδρου,
400 2730 447 2756 καὶ
459 2729 522 2764 περὶ
533 2728 579 2755 τοῦ
597 2729 776 2763 φυλάσσοντος
793 2729 855 2761 τοὺς

70 2776 163 2812 λόγους
191 2775 273 2803 αὑτοῦ
285 2797 293 2810 ,
314 2776 354 2802 ὅτι
373 2775 464 2811 ὅμοιός
487 2776 545 2802 ἐστι
565 2777 597 2811 τῇ
619 2775 666 2802 ἐπὶ
686 2775 735 2811 τὴν
753 2775 855 2810 πέτραν

72 2824 153 2860 οἰκίᾳ.
174 2823 302 2859 Ἔρχεται
316 2823 356 2854 εις
377 2822 573 2858 Καπερναούμ.
591 2822 734 2856 Πρόσεισιν
754 2822 768 2848 6
788 2823 854 2848 ἑκα-

72 2871 215 2906 τόνταρχος
241 2869 311 2905 ὑπὲρ
327 2869 373 2896 τοῦ
389 2869 492 2896 δούλου.
513 2867 579 2895 Εἶτα
592 2869 606 2895 6
619 2869 674 2900 υἱὸς
698 2868 747 2904 τῆς
768 2868 854 2904 χήρας

230 2915 364 2947 Parnm.
388 2916 446 2947 Gn.
471 2914 615 2945 XXVIII.

910 2268 1058 2303 leprosum,
1083 2268 1180 2296 deinde
1202 2268 1392 2304 paralyticum.
1418 2266 1505 2294 Vocat
1526 2266 1599 2299 Levi,
1621 2265 1693 2301 apud

909 2321 990 2349 quem
1007 2317 1034 2342 et
1047 2314 1194 2342 manducat
1209 2323 1216 2341 :
1235 2315 1361 2349 culpatur
1384 2321 1398 2340 a
1420 2313 1565 2340 Pliarismis
1581 2312 1616 2339 ob
1632 2319 1693 2339 eam

909 2367 1031 2393 causam,
1048 2364 1074 2387 et
1093 2360 1165 2395 quod
1184 2359 1310 2394 discipuli
1336 2359 1422 2394 ipsius
1447 2367 1502 2386 non
1524 2358 1691 2393 jejunarent.

908 2405 1037 2433 Ambulat
1058 2405 1087 2433 in
1108 2405 1227 2433 Sabbato
1240 2405 1462 2441 secundo-primo
1475 2412 1522 2440 per
1537 2408 1596 2432 sata
1611 2404 1690 2440 (cap.

908 2459 936 2479 v1
947 2451 967 2486 ).
987 2451 1080 2479 Altero
1095 2451 1215 2479 Sabbato
1230 2455 1308 2478 curat
1321 2459 1394 2484 eum,
1411 2450 1457 2486 qui
1479 2458 1589 2477 manum
1608 2450 1692 2477 habeo

909 2497 956 2525 bat
971 2497 1084 2525 aridam.
1102 2497 1189 2533 Elegit
1204 2497 1357 2525 duodecim.
1384 2497 1517 2525 Reeenset
1538 2496 1692 2524 beatitudi—

908 2551 967 2571 nes.
988 2542 1115 2578 Deplorat
1135 2543 1232 2571 divites
1258 2548 1284 2571 et
1308 2543 1439 2571 ridentes.
1464 2543 1633 2570 Adhortatur
1656 2543 1712 2581 ad_

908 2590 1091 2617 dilectionem.
1105 2589 1141 2617 De
1156 2597 1210 2617 non
1225 2589 1381 2617 ulciscendo
1408 2588 1570 2624 proximum.
1586 2587 1624 2615 De
1639 2587 1692 2614 liu-

908 2636 1048 2663 manitate.
1065 2635 1123 2662 Non
1138 2643 1199 2663 esse
1212 2634 1480 2670 nobisjudicandum
1497 2643 1504 2661 :
1518 2641 1579 2661 esse
1591 2633 1691 2668 imper-

909 2683 1039 2710 ticndum.
1060 2681 1221 2709 Parabolam
1236 2682 1302 2709 dicit
1325 2681 1358 2709 de
1375 2681 1483 2712 arbore.
1505 2683 1531 2708 et
1547 2680 1580 2707 de
1593 2687 1626 2707 eo
1643 2680 1690 2715 qui

909 2735 1048 2755 sermones
1067 2735 1132 2755 suos
1146 2727 1292 2758 custodiat,
1307 2726 1380 2762 quod
1396 2727 1418 2754 is
1433 2725 1532 2754 similis
1547 2725 1582 2753 sit
1596 2725 1690 2752 domui

908 2773 1027 2801 fundatae
1041 2781 1123 2808 supra
1135 2771 1335 2808 petram.Venit
1350 2772 1518 2807 Capernaum
1534 2771 1609 2807 (cap.
1620 2779 1657 2798 vn
1667 2771 1689 2807 ).

908 2819 1018 2847 Accedit
1033 2819 1066 2846 ad
1079 2827 1142 2846 eum
1157 2818 1281 2846 centurio
1291 2825 1372 2845 orans
1389 2825 1439 2852 pro
1453 2825 1532 2845 servo
1549 2825 1608 2844 suo.
1620 2816 1690 2844 Hinu

908 2866 1044 2894 excitatur
1059 2865 1130 2893 ﬁlius
1144 2864 1242 2892 viduae.
1267 2863 1349 2891 Mittit
1364 2863 1398 2891 ad
1416 2871 1478 2891 eum
1497 2863 1617 2892 Joannes
1632 2863 1688 2890 dit-
