1929 3056
107 134 158 164 397

635 136 802 165 SYNOPSIS
823 135 1030 164 SCRIPTUR/E
1052 135 1190 165 SACMJ.

1671 138 1724 166 398

107 198 154 224 καὶ
164 196 206 229 τὸ,
234 206 243 222 ι
258 196 304 232 Μὴ
324 195 460 232 φοϐηθῆτε
482 196 536 222 ἀπὸ
557 196 610 223 τῶν
626 197 841 224 ἀποκτεινόντων
863 197 894 222 τὸ

944 196 1012 223 dunt
1021 195 1053 222 ⁵⁷.
1067 205 1076 221 ι
1088 195 1120 222 Et
1133 196 1198 223 illud
1213 204 1218 221 :
1239 206 1247 222 σ
1263 195 1391 232 Nunquid
1403 198 1523 233 quinque
1533 205 1656 232 passeres
1666 198 1699 230 ",
1712 207 1722 224 ι

109 242 206 278 σῶμα·
225 252 235 269 ›
251 243 298 269 καὶ
310 243 349 274 τὸ,
369 252 377 268 ι
394 243 460 277 Οὐχὶ
473 243 550 269 πέντε
567 243 695 278 στρουθία
705 252 711 259 ·
729 253 738 269 ι
753 244 809 276 καὶ,
824 253 833 269 ι
848 245 895 275 ⁵·ος

110 288 143 315 ἂν
154 288 337 325 βλασφημήσῃ
348 290 387 320 εἰς
400 288 429 314 τὸ
439 289 558 324 Πνεῦμα.
573 299 582 314 ›
597 289 779 324 Προσέρχεταί
793 298 834 321 τις
848 298 895 324 με-

110 335 238 369 ρίσασθαι
248 335 293 361 τὸν
310 335 408 370 κλῆρον
427 335 496 370 μετὰ
506 334 553 361 τοῦ
575 335 700 369 ἀδελφοῦ.
718 333 783 361 Εἶτα
796 336 810 361 ὁ
822 335 894 369 λογι-

106 379 222 415 ζόμενος
237 379 362 412 πλούσιος
373 388 379 394 ³
394 381 457 416 περὶ
471 381 524 407 τῶν
536 381 692 417 ἁποθηκῶν.
710 383 840 417 Παραινεῖ
857 382 894 417 μὴ

109 426 245 461 μεριμνᾷν
262 428 324 462 περὶ
340 427 452 462 τροςςῆς.
471 427 538 462 Περὶ
555 428 738 463 ἐλεημοσύνης
748 428 830 462 λέγει,
849 428 894 454 καὶ

106 471 154 497 ’τοῦ
173 471 303 498 δεσπότου
324 472 369 498 τοῦ
395 473 580 505 διακονοῦντος
604 476 658 505 τοῖς
679 473 781 505 δούλοις
801 474 891 506 αὐτοῦ,

107 517 155 543 καὶ
171 518 236 553 περὶ
254 518 300 544 τοῦ
317 518 411 545 πιστοῦ
427 519 532 551 δούλου,
546 520 667 554 καὶπερὶ
681 520 728 546 τοῦ
750 520 849 552 εἰδότος
864 520 893 547 τὸ

108 562 215 598 θέλημα
233 563 279 590 τοῦ
297 564 399 600 Κυρίου
420 565 500 591 αὑτοῦ
514 586 520 596 ,
537 566 583 592 καὶ
601 566 638 601 μὴ
664 566 812 598 ποιοῦντος.
827 567 892 599 Καὶ,

111 618 120 634 ι
139 609 200 644 Πῦρ
214 607 305 644 ἦλθον,
330 620 338 636 ι
357 611 432 645 φησὶ,
449 620 457 635 ι
471 611 571 646 βαλεῖν.
588 621 596 637 ι
612 612 706 646 Ἔλεγε
725 612 754 638 δὲ
770 613 816 638 καὶ
830 613 894 648 περὶ

108 654 164 680 τῶν
184 655 215 681 τὸ
238 656 382 690 πρόσωπον
402 657 449 683 τοῦ
472 658 586 694 οὐρανοῦ
608 658 816 693 δοκιμαζόντων.
840 659 894 686 Καὶ

108 700 139 726 τό
151 709 158 715 ⁸
179 710 189 726 ‹
217 701 278 728 Ἐὰν
290 702 397 739 Lirim;
416 703 485 738 μετὰ
504 703 550 730 τοῦ
568 705 702 730 ἀντιδίκου
720 713 765 731 σου
783 705 825 731 ἐπ’
843 705 894 741 ἄρ-

109 754 201 780 χοντα.
225 756 234 772 ι
252 744 320 774 Εἶτα
334 750 397 779 τοὺς
410 749 462 775 ὑπὸ
477 749 592 776 Πιλάτου
609 750 798 785 ἀναιρεθέντας
814 750 893 778 Γαλι-

108 791 212 824 λαίους,
240 794 287 819 καὶ
312 795 374 826 τοὺς
388 795 440 821 ὑπὸ
460 795 508 822 τοῦ
532 796 637 831 πύργου
660 797 891 832 καταχωσθέντας.

108 835 177 864 Εἶτα
195 839 211 873 ἡ
226 839 365 875 παραϐολὴ
383 840 434 875 τῆς
448 840 573 877 ἀκάρπου
589 843 682 878 συκῆς.
705 843 760 878 Τὴν
777 842 829 869 ὑπὸ
846 843 892 870 τοῦ

945 245 972 268 et
982 245 1089 269 caatera.
1105 241 1138 269 Et
1153 251 1159 268 :
1176 252 1184 268 ι
1200 242 1360 278 Quicunque
1378 243 1606 278 blasphemaverit
1617 244 1645 271 in
1663 243 1726 279 Spi—

944 287 1026 314 ritum
1045 287 1078 314 3’.
1100 296 1110 313 ι
1130 288 1242 316 Accedit
1255 289 1289 316 ad
1311 297 1373 316 eum
1389 290 1533 324 quispiam,
1550 294 1579 317 ut
1592 298 1653 317 cum
1671 290 1726 317 fra-

945 335 986 358 tre
1005 331 1189 359 hmreditatem
1205 333 1348 361 divideret.
1374 333 1486 364 Deinde.
1511 334 1557 369 qui
1578 335 1726 369 putabatur

944 377 1019 404 dives
1032 387 1038 404 :
1052 378 1085 404 de
1097 378 1170 405 illius
1186 379 1300 407 horreis.
1315 380 1455 412 Hortatur,
1468 389 1502 408 ne
1518 381 1625 408 solliciti
1638 382 1725 410 simus

944 422 977 450 de
992 424 1129 451 alimonia.
1142 424 1180 451 De
1194 426 1365 461 elcemosyna
1381 427 1457 459 dicit,
1473 428 1544 455 etde
1559 428 1625 454 hero
1638 428 1724 456 servis

944 468 1001 494 suis
1017 469 1189 497 ministrante
1211 480 1217 496 :
1235 471 1268 497 de
1293 480 1372 499 servo
1390 473 1459 500 ﬁdeli
1478 482 1484 500 :
1502 474 1535 500 de
1562 481 1594 501 eo
1611 474 1656 509 qui
1678 482 1727 501 vo—

944 513 1074 541 luntatem
1095 514 1202 542 Domini
1220 517 1261 543 sui
1281 517 1355 544 novit
1375 518 1494 552 quidem,
1513 518 1559 545 sed
1575 526 1629 546 non
1649 518 1725 546 facit.

944 559 986 591 Et,
1001 570 1009 585 ι
1025 560 1127 595 Ignem,
1143 571 1151 587 ι
1168 563 1266 597 inquit,
1286 572 1295 588 ‹
1316 564 1375 590 veni
1390 564 1496 591 mittere
1507 565 1540 591 θ’.
1560 574 1569 590 ι
1587 564 1630 591 Ait
1645 565 1727 592 etiam

943 607 977 634 de
993 608 1046 635 illis
1062 608 1108 642 qui
1134 608 1229 636 faciem
1243 609 1303 636 ρωΙί
1322 610 1438 644 probare
1450 610 1581 637 sciebant.
1596 611 1627 636 Et
1639 611 1703 638 illud
1717 620 1725 638 :

947 662 956 678 ι
966 652 1034 679 Cum
1045 653 1122 680 vadis
1134 662 1195 681 eum
1207 654 1364 682 adversario
1375 660 1421 682 tuo
1433 656 1465 682 ad
1476 656 1662 691 magistratum
1673 657 1724 683 ἰ.»

943 697 1045 726 Deinde
1061 699 1094 726 de
1115 699 1232 728 Galilreis
1247 708 1261 727 a
1279 700 1366 727 Pilato
1382 702 1480 729 occisis
1497 703 1573 736 (cap.
1597 707 1674 737 xm),
1699 707 1728 729 et

944 743 977 771 de
995 745 1059 776 illis,
1074 746 1121 780 qui
1139 747 1267 781 prolapsu
1283 747 1367 774 turris
1387 747 1478 774 obruti
1497 748 1613 775 fuerant.
1627 747 1728 776 Deinde

943 790 1100 824 parabolam
1119 791 1186 818 dicit
1198 792 1231 819 de
1249 793 1300 819 ﬁcu
1323 793 1420 820 sterili.
1443 793 1581 821 Mulierem
1597 801 1611 820 ιι
1628 794 1729 821 daturo-

943 835 989 862 nio
1007 836 1175 864 incurvatam
1190 843 1268 865 curat
1285 839 1312 866 in
1328 840 1447 866 Sabbato
1464 849 1470 867 :
1486 840 1587 867 factum
1609 841 1660 868 hoc
1682 848 1729 868 ac-

107 883 237 918 δαίμηνος
255 885 462 919 συγκύτιτουσαν
488 885 633 922 θεραπεύει
644 888 673 914 ἐν
687 888 830 923 Σαϐϐάτῳ·
847 889 894 914 καὶ

945 885 1042 909 cusant
1058 881 1144 910 Judaei
1157 893 1164 910 :
1178 885 1235 918 ipse
1246 892 1309 911 vero
1324 893 1355 912 os
1373 886 1482 912 obturat
1500 886 1549 913 eis.
1566 885 1728 914 Parabolam

107 928 271 962 ἐγκαλοῦσιν
298 931 416 957 Ἰουδαῖοι
427 940 433 946 ⁸
449 931 463 958 6
480 931 508 959 δὲ
522 933 690 968 ἐπιστομίζει
705 934 812 965 αὐτούς.
830 932 895 961 Εἶτα

107 975 125 1009 ἠ
140 975 280 1011 παραϐολὴ
297 976 343 1002 ττιῦ
355 977 498 1010 σινάπεως,
513 978 618 1013 καὶτῆς
631 978 728 1013 ζύμης.
746 978 811 1006 Εἶτα
826 981 895 1016 ήρω-

107 1020 180 1055 τήθη
193 1040 201 1052 ,
219 1022 243 1047 εί
258 1021 379 1055 ὀλίγοιοί
397 1023 554 1058 σωζόμενοι.
567 1025 697 1059 Παραινεί
708 1024 836 1052 εἰσελθεῖν
851 1026 895 1053 διὰ

107 1065 160 1100 τῆς
178 1067 274 1102 στενῆς
291 1067 385 1102 Θύρας,
401 1069 447 1095 καὶ
464 1069 575 1103 ἐπάγει·
597 1079 606 1095 ι
626 1069 752 1103 Ἦξουσιν
767 1071 820 1098 ἀπὸ
834 1072 897 1099 ἀνα-

108 1111 196 1138 τολῶν
219 1112 266 1138 καὶ
291 1112 416 1148 δυσμῶν,
452 1114 498 1140 καὶ
526 1113 758 1150 ἀνακλιθήσονται.
789 1125 799 1141 ι
830 1115 895 1143 Εἶτα

108 1155 234 1190 λέγουσιν
249 1157 339 1192 αὐτῷ·
361 1167 370 1184 ι
398 1159 507 1192 Ἔξελθε
521 1179 528 1191 ,
553 1160 594 1186 ὅτι
625 1160 744 1196 Ἡρώδης
772 1161 895 1196 βούλεταί

111 1211 145 1228 σε
176 1203 292 1230 ἀνελεῖν.
314 1212 323 1228 ι
341 1204 395 1231 Καί
406 1213 488 1239 φησι·
513 1215 521 1230 ι
542 1205 721 1240 Πορευθέντες
745 1207 839 1234 εἴπατε
860 1209 894 1243 τῇ

110 1247 236 1275 ἀλώπεκι
272 1249 368 1286 ταύτῃ.
397 1259 407 1275 ι
441 1248 506 1276 Εἶτα
543 1250 610 1286 πρὸς
641 1251 690 1286 τὴν
720 1252 896 1289 Ἰερουσαλήμ

109 1303 194 1330 φησι·
229 1304 238 1320 ι
255 1295 374 1327 Ποσάκις
390 1296 510 1331 ἠθέλησα
533 1298 745 1332 ἐπισυναγαγεῖν
759 1299 793 1325 τὰ
812 1299 896 1326 τέκνα

111 1347 170 1366 σου.
189 1349 198 1365 ι
227 1340 378 1376 Θεραπεύει
394 1342 439 1369 τὸν
452 1342 602 1378 ὑδρωπικὸν
617 1344 645 1371 ὲν
658 1344 723 1380 οἴκῳ
738 1345 893 1380 Φαρισαίου.

109 1386 179 1421 Περὶ
192 1386 390 1422 πρωτοκλισίας
411 1387 578 1422 διαλέγεται,
597 1390 643 1416 καὶ
658 1390 733 1422 τίνας
749 1391 788 1416 δεῖ
804 1391 895 1418 καλεῖν

109 1431 154 1457 ἐπ’
169 1431 288 1467 ἄριστον.
302 1430 369 1459 Εἶτα
384 1433 400 1468 ἡ
417 1433 556 1470 παραϐολὴ
571 1434 617 1460 τοῦ
634 1435 741 1462 δείπνου
755 1455 762 1467 ,
780 1437 827 1462 καὶ
842 1436 896 1464 τῶν

109 1478 358 1513 παραιτησαμένων
367 1478 462 1506 ἐλθεῖν.
475 1479 718 1515 Παραινεῖπάντων
726 1481 779 1508 τῶν
789 1482 895 1510 οἰκείων

109 1525 301 1559 καταφρονεῖν,
319 1524 365 1550 καὶ
377 1524 450 1560 αὐτῴ
467 1525 629 1553 ἀκολουθεῖν.
647 1525 740 1563 Εἷταή
754 1529 894 1564 παραϐολὴ

108 1568 156 1595 τοῦ
167 1568 213 1595 τὸν
224 1569 327 1605 πύργον
339 1569 538 1605 οἰκοδομοῦντος
548 1591 555 1603 ,
570 1572 617 1598 καὶ
631 1571 678 1598 τοῦ
693 1573 895 1608 παρασκευαζο-

110 1614 193 1650 μένου
217 1615 257 1646 εἰς
281 1614 407 1650 πόλεμον.
436 1613 504 1642 Εἶτά
519 1625 584 1652 φησι
597 1626 603 1632 '
625 1627 634 1642 ι
648 1617 736 1644 Καλὸν
745 1618 775 1644 τὸ
792 1619 867 1651 ἃλας.
881 1629 892 1645 ι

109 1659 292 1693 Γογγύζουσιν
306 1660 331 1686 οἱ
345 1661 499 1696 Φαρισαῖοι,
519 1663 559 1688 ὅτι
573 1661 689 1694 τελώνας
704 1663 895 1699 προσελαμὸέι-

108 1713 181 1732 νετο.
198 1705 278 1739 Λέγει
295 1706 451 1742 παραϐολὴν
463 1707 530 1743 πρὸς
542 1708 648 1740 αὐτοὺς,
661 1708 710 1744 τὴν
729 1710 776 1735 τοῦ
791 1710 896 1737 ἀπολω-

108 1750 186 1783 λὼος
203 1751 350 1786 προϐάτου,
367 1752 416 1788 τὴν
431 1753 480 1788 τῆς
492 1753 624 1789 δραχμῆς,
642 1755 688 1781 καὶ
700 1754 749 1790 τὴν
761 1756 807 1781 τοῦ
824 1755 896 1782 ἀσώ-

108 1806 157 1824 του
181 1797 274 1831 παιδός
286 1806 293 1813 ο
312 1798 435 1834 περὶτοῦ
459 1799 635 1834 ἐκϐληθέντος
655 1801 794 1836 οἰκονόμου
806 1809 813 1816 ·
830 1801 895 1837 περὶ

108 1844 290 1880 φιλαργυρίας
300 1853 308 1860 ·
328 1846 392 1880 περὶ
411 1846 597 1882 ὑπερηφανίας
608 1865 615 1878 ,
636 1847 683 1872 καὶ
699 1846 738 1873 ὅτι
754 1847 794 1873 δεῖ
806 1847 894 1874 πάντα

107 1891 144 1918 τὰ
155 1892 184 1918 ἐν
194 1891 234 1926 τῷ
245 1891 319 1926 νόμῳ
330 1891 506 1928 πληρωθῆναι
515 1901 521 1907 ·
535 1892 655 1928 περὶτοῦ
670 1893 832 1926 ἀπολύοντος
845 1894 894 1930 τὴν

108 1939 227 1972 γυναῖκα
240 1938 322 1965 αὐτοῦ
335 1947 342 1954 ο
360 1939 423 1975 περὶ
437 1938 483 1965 τοῦ
498 1938 622 1974 Λαζάρου
640 1939 686 1965 καὶ
698 1939 743 1965 τοῦ
755 1939 893 1967 πλουσίου.

107 1985 179 2020 Περὶ
187 1985 234 2011 τοῦ
246 1986 395 2020 συγχωρεῖν
405 1985 444 2021 τῷ
457 1984 568 2021 πλησίον
576 1985 609 2012 τὰ
621 1986 812 2021 ἁμαρτήματα.
823 1987 876 2013 Καί
885 1995 892 2001 ·

111 2039 121 2056 ι
134 2031 182 2062 Τίς
195 2030 264 2066 ἔχων
281 2031 383 2064 δοῦλον,
396 2040 405 2056 ι
426 2031 502 2067 φησὶ,
523 2040 533 2056 l
551 2031 730 2068 ἀροτριῶντα,
745 2032 795 2058 οὐκ
809 2032 894 2058 εἰσελ-

107 2077 184 2103 θόντι
214 2077 269 2104 ἀπὸ
295 2077 342 2104 τοῦ
368 2076 453 2111 ἀγροῦ
478 2077 632 2110 ὲπιτάττει;
659 2088 668 2104 ι
696 2076 763 2105 Εἶτα
786 2080 810 2105 οἱ
830 2079 895 2106 δέκα

106 2123 214 2159 λεπροί.
238 2124 306 2160 Περὶ
325 2125 374 2160 τῆς
395 2125 546 2160 παρουσίας
568 2125 651 2152 αὐτοῦ
669 2125 804 2161 προλέγει.
827 2127 895 2162 Περὶ

105 2170 156 2197 τοῦ
169 2170 283 2197 πάντοτε
294 2170 501 2206 προσεύχεσθαι.
513 2169 579 2197 Εἶπε
590 2171 639 2207 τὴν
649 2172 698 2204 τῆς
711 2173 796 2208 χήρας
806 2181 894 2207 παρα-

945 926 1012 953 dicit
1033 926 1067 954 de
1091 928 1190 963 sinapi,
1211 933 1238 956 et
1260 929 1292 956 de
1317 930 1460 958 fermento.
1488 931 1672 968 lnterrogatur
1694 941 1728 960 an

944 972 1024 1006 pauci
1042 973 1096 1000 sint
1113 974 1159 1008 qui
1176 974 1323 1004 salvcntur.
1334 975 1465 1003 Hortatur
1476 977 1509 1004 ad
1523 978 1728 1013 ingrediendum

944 1024 993 1050 per
1001 1021 1143 1051 angustam
1153 1024 1269 1052 portam,
1278 1024 1303 1046 et
1312 1021 1422 1047 subdit:
1435 1031 1443 1046 ι
1457 1020 1572 1048 Venient
1580 1023 1614 1049 ab
1624 1024 1730 1051 oricula

945 1067 972 1089 ct
984 1062 1018 1090 ab
1030 1063 1180 1095 occidente,
1192 1068 1219 1092 et
1234 1066 1392 1093 reeumbcnt
1402 1067 1435 1094 θ’.
1450 1076 1459 1092 ›
1471 1066 1571 1095 Deinde
1581 1068 1674 1096 dicunt
1685 1070 1726 1097 ei:

948 1116 958 1132 ί
972 1108 1032 1139 Exi.
1044 1116 1106 1135 nam
1118 1108 1237 1137 Herodes
1246 1111 1301 1137 vult
1313 1115 1338 1138 te
1349 1112 1473 1140 occidere
1484 1113 1516 1138 ".
1530 1123 1539 1138 ι
1551 1113 1727 1149 Respondet:

948 1161 957 1178 ι
967 1152 1006 1180 lte
1016 1161 1048 1180 ac
1059 1154 1140 1182 dicite
1147 1156 1219 1190 vulpi
1232 1157 1275 1183 isti
1284 1158 1316 1188 θ’,
1330 1167 1339 1182 ι
1350 1161 1376 1184 et
1385 1162 1490 1185 czetera.
1501 1159 1566 1186 Post
1579 1160 1611 1186 ad
1618 1159 1730 1188 Jerusa-

946 1198 998 1226 lem
1018 1199 1094 1235 14],
1111 1200 1177 1227 dicit
1194 1210 1200 1227 :
1220 1211 1228 1226 ι
1246 1202 1358 1234 Quoties
1382 1203 1454 1230 volui
1474 1211 1639 1238 congregare
1657 1205 1728 1232 lilios

945 1247 1008 1270 tuos
1017 1245 1052 1276 ⁵⁵,
1068 1254 1077 1270 ι
1100 1249 1152 1273 etc.
1174 1246 1258 1273 Curat
1279 1247 1458 1282 hydropicqu
1478 1249 1505 1275 in
1527 1249 1608 1276 domo
1630 1250 1728 1277 Phari-

946 1289 992 1316 saei
1019 1290 1087 1325 (cap.
1104 1291 1168 1327 xw).
1189 1291 1303 1320 Disscrit
1321 1293 1354 1321 de
1371 1295 1460 1328 primo
1482 1295 1626 1327 accubitu,
1643 1300 1669 1324 et
1681 1297 1730 1331 qui

945 1337 1059 1363 vocandi
1072 1337 1126 1364 sint
1151 1338 1185 1364 ad
1207 1339 1342 1366 convivia.
1368 1339 1471 1367 Deinde
1485 1341 1642 1376 parabolam
1661 1342 1729 1369 d.eit

946 1381 980 1408 de
996 1389 1074 1409 cmna
1088 1387 1115 1409 et
1130 1383 1252 1411 invitatis
1267 1385 1299 1417 ad
1317 1392 1376 1412 eam
1391 1387 1484 1414 venire
1500 1387 1728 1417 detrectantibus.

947 1425 1078 1453 Hortatur
1093 1432 1132 1460 ut,
1150 1429 1254 1456 relictis
1264 1429 1420 1458 domesticis
1431 1431 1569 1464 omnibus,
1584 1440 1613 1460 se
1628 1441 1729 1468 sequa-

946 1479 1017 1499 mur.
1031 1472 1190 1500 Parabolam
1207 1475 1281 1502 addit
1304 1476 1338 1503 de
1358 1483 1390 1502 eo
1415 1477 1460 1511 qui
1491 1478 1587 1504 turrim
1602 1479 1728 1512 aediﬁcat,

946 1521 973 1545 et
986 1518 1020 1545 de
1034 1526 1066 1546 eo
1081 1519 1128 1554 qui
1143 1520 1177 1546 ad
1195 1521 1294 1547 bellum
1311 1521 1466 1548 instruitur.
1493 1522 1562 1550 lliuc
1584 1524 1621 1551 ait
1638 1534 1644 1551 :
1660 1524 1730 1553 «Bm

946 1571 1011 1590 num
1041 1569 1082 1592 est
1105 1565 1187 1593 sal".
1204 1575 1213 1592 ι
1234 1566 1403 1594 Murmurant
1426 1567 1555 1596 Pharisaei
1580 1569 1649 1605 (cap.
1670 1571 1728 1605 xv),

945 1608 1016 1643 quod
1032 1609 1192 1643 publicanos
1205 1611 1367 1646 susciperet.
1385 1611 1546 1640 Parabolam
1562 1615 1596 1642 ad
1614 1623 1662 1644 eos
1685 1616 1729 1642 di-

945 1654 982 1680 cit
997 1654 1030 1682 de
1053 1663 1102 1682 ove
1118 1656 1234 1690 perdita,
1251 1662 1277 1684 et
1290 1657 1324 1685 de
1338 1658 1480 1691 drachma,
1497 1658 1585 1696 deque
1597 1661 1652 1689 tilio
1667 1671 1729 1697 pro-

945 1700 1007 1735 (ligo
1026 1709 1032 1726 ε
1047 1702 1080 1729 de
1102 1710 1246 1730 (economo
1261 1704 1348 1738 eiecto
1378 1705 1447 1740 (cap.
1461 1706 1517 1741 xw)
1534 1716 1539 1733 :
1558 1707 1591 1734 de
1602 1709 1728 1741 avaritia.

946 1746 980 1774 de
994 1748 1134 1782 superbia,
1150 1751 1176 1776 ct
1193 1749 1267 1784 quod
1288 1750 1432 1786 adimpleri
1458 1756 1582 1787 oporteat
1598 1762 1728 1789 quaecun-

944 1801 997 1828 que
1010 1794 1037 1820 iu
1053 1795 1112 1830 lege
1129 1800 1212 1824 sunt:
1229 1796 1262 1824 de
1277 1797 1432 1826 dimittente
1448 1808 1561 1828 uxorem
1581 1809 1657 1829 suam
1673 1811 1679 1829 :
1693 1803 1728 1830 de

946 1839 1049 1867 Lazaro
1072 1849 1103 1868 ac
1125 1842 1218 1870 divite.
1237 1844 1313 1876 Quod
1330 1844 1492 1872 remittenda
1516 1846 1571 1873 sint
1590 1847 1727 1882 proximo,

945 1887 1040 1921 qumin
1050 1895 1099 1914 nos
1109 1888 1299 1925 deliquit(cup.
1311 1890 1388 1926 xvu).
1405 1891 1454 1917 Et:
1475 1901 1483 1917 ι
1503 1891 1580 1924 Quis,
1599 1902 1608 1919 ι
1629 1893 1728 1928 inquit,

948 1941 957 1957 Ι
975 1940 1081 1960 εοινυιιι
1097 1934 1177 1961 habet
1192 1941 1325 1969 il‘alllClll,
1343 1944 1376 1963 an
1391 1945 1423 1964 CX
1433 1945 1498 1972 agro
1515 1941 1661 1966 revertenti
1673 1948 1729 1968 H0“

945 1979 1067 2013 prmeipit
1077 1980 1119 2006 ’7'!
1132 1989 1140 2005 ι
1154 1985 1206 2007 etc.
1218 1980 1319 2009 Deinde
1330 1981 1363 2009 de
1380 1982 1472 2010 decem
1488 1984 1613 2018 leprosis.
1629 1984 1667 2012 De
1681 1979 1729 2013 ad-

945 2028 1027 2052 ventu
1043 2033 1093 2053 suo
1107 2028 1239 2061 prmdicit.
1257 2027 1334 2061 Quod
1352 2037 1459 2065 semper
1470 2031 1506 2057 sit
1522 2031 1667 2059 orandum.
1682 2031 1729 2059 Pa-

945 2071 1067 2099 rabolam
1089 2073 1155 2100 dicit
1173 2074 1207 2101 de
1233 2074 1314 2101 vidua
1341 2074 1411 2111 (cap.
1436 2077 1524 2113 xvtu),
1541 2082 1567 2105 et
1596 2078 1676 2105 aliam
1694 2079 1729 2106 de

942 2116 1036 2151 judice
1065 2118 1170 2153 iniquo.
1200 2118 1302 2148 Deinde
1321 2129 1327 2146 :
1347 2130 1356 2146 ‹
1369 2120 1450 2154 Νιιιη,
1471 2132 1480 2148 ι
1499 2123 1598 2158 inquit,
1619 2132 1628 2149 ι
1646 2124 1728 2152 tidem

945 2162 1063 2190 inveniet
1076 2164 1103 2191 in
1123 2169 1194 2192 terra
1210 2164 1296 2193 Filius
1313 2167 1442 2199 hominis,
1459 2175 1521 2195 cum
1547 2169 1700 2196 venerit"?
1714 2179 1724 2196 ι

107 2215 209 2251 ϐολὴν,
236 2216 282 2242 καὶ
298 2215 345 2252 τήν
366 2216 412 2243 τοῦ
429 2215 520 2243 ἀδίκου
543 2217 679 2252 ἄρχοντος.
711 2218 776 2244 Τότε
801 2219 891 2252 λέγει·

944 2207 1076 2236 Parabola
1093 2210 1127 2237 de
1141 2210 1278 2239 Pliarisaro
1290 2217 1315 2239 et
1337 2213 1491 2247 publicano.
1505 2214 1626 2242 Advocat
1646 2214 1679 2241 ad
1697 2223 1728 2243 se

110 2270 121 2286 ι
137 2259 210 2296 Ἀρα
225 2261 334 2296 εὑρήσει
349 2261 399 2296 τὴν
412 2261 500 2288 πίστιν
519 2261 601 2288 ἐλθὼν
616 2263 629 2289 ὁ
648 2263 711 2294 Υἱὸς
725 2263 772 2290 τοῦ
789 2263 892 2299 ἀνθρὼ-

108 2313 176 2337 που;
195 2315 205 2331 ›
229 2305 261 2332 Ἦ
275 2305 414 2341 παραϐολὴ
425 2306 471 2332 τοῦ
484 2306 627 2341 Φαρισαίου
639 2308 684 2334 καὶ
698 2308 745 2334 τοῦ
763 2308 888 2336 τελώνου.

107 2350 175 2379 Εἶτα
192 2352 385 2384 προσκαλεῖται
402 2353 436 2379 τὰ
452 2352 555 2380 παιδία.
583 2354 766 2389 Πῳσέρχεται
782 2355 796 2381 ὁ
812 2354 894 2382 πλού-

108 2407 166 2431 σιος
182 2399 300 2434 ἐρωτῶν,
313 2399 340 2425 τί
355 2399 471 2434 ποιήσας
482 2398 553 2434 ζωὴν
567 2399 674 2427 αἰώνιον
688 2400 893 2436 κληρονομήσει.

106 2445 176 2480 Περὶ
187 2443 234 2471 τοῦ
252 2443 354 2476 πάθους
369 2444 443 2478 λέγει
459 2445 515 2476 τοῖς
527 2444 674 2480 μαθηταῖς”
697 2446 721 2471 οἱ
737 2445 765 2472 δὲ
782 2445 812 2471 οὐ
834 2453 896 2472 συν-

105 2490 186 2525 ῆκαν.
210 2490 239 2516 '0
251 2489 350 2524 τυφλὸς
363 2489 541 2525 θεραπεύεται
553 2509 560 2521 ,
574 2490 588 2515 ὁ
600 2490 682 2524 ἐγγὺς
702 2489 838 2525 Ἱεριχοῦς.
855 2490 896 2517 Τὰ

105 2535 177 2563 κατὰ
200 2535 247 2562 τὸν
272 2536 414 2571 Ζακχαῖον.
450 2535 482 2562 Ἡ
496 2535 637 2571 παραϐολὴ
657 2535 704 2561 τοῦ
722 2535 896 2570 βουληθέντος

104 2580 239 2616 ἀγοράσαι
255 2580 400 2615 βασιλείαν.
428 2580 469 2606 Τὰ
483 2580 554 2607 κατὰ
571 2580 617 2607 τὸν
632 2579 733 2607 πῶλον,
762 2580 830 2616 Περὶ
844 2580 896 2616 τῆς

104 2626 232 2658 ἁλώσεως
238 2627 288 2662 τῆς
301 2626 404 2658 πόλεως
414 2626 550 2662 προλέγει.
568 2625 708 2653 Ἐκϐάλλει
719 2627 751 2653 ὲκ
762 2626 809 2652 τοῦ
821 2626 893 2662 ἱεροῦ

103 2673 167 2704 τοὺς
180 2672 345 2705 πωλοῦντας.
373 2673 439 2700 Τότε
453 2673 576 2707 λέγουσιν
588 2681 594 2687 ·
622 2682 631 2698 ι
651 2673 696 2699 Ἑν
709 2672 773 2709 ποίᾳ
786 2671 894 2708 ἐξουσίᾳ

103 2716 189 2743 ταῦτα
205 2718 307 2748 ποιεῖς;
322 2725 332 2742 ι
343 2717 447 2753 Ἑρωτᾷ
458 2718 556 2748 αὐτοὺς
567 2717 630 2752 περὶ
643 2717 690 2744 τοῦ
705 2717 892 2752 βαπτίσματος

137 2829 160 2845 ¹’
181 2830 237 2857 Luc
249 2837 298 2862 xu,
315 2830 342 2856 4.
379 2829 476 2857 “ibid.
491 2829 518 2857 6.
554 2829 696 2857 "ibidJO
737 2830 760 2846 ’°
780 2830 844 2857 ibid.
862 2830 907 2857 49.

945 2256 1083 2290 parvulos.
1106 2256 1219 2284 Accedit
1240 2258 1274 2285 ad
1304 2266 1365 2285 eum
1392 2259 1469 2287 dives
1495 2261 1606 2294 quidam
1625 2268 1726 2295 rogans

943 2300 1008 2336 quid
1025 2301 1115 2333 faciat,
1130 2307 1158 2329 ut
1170 2303 1253 2330 vitam
1282 2307 1411 2332 aeternam
1436 2306 1575 2340 possideat
1592 2306 1646 2334 :de
1661 2314 1726 2339 pas-

941 2348 1017 2375 sione
1034 2356 1083 2376 sua
1098 2349 1221 2383 prmdicit
1234 2349 1376 2384 discipulis
1396 2361 1402 2378 :
1421 2351 1471 2386 ipsi
1487 2359 1551 2379 vero
1572 2359 1628 2379 non
1644 2350 1727 2380 intelJ

940 2394 1069 2430 ligebant.
1098 2395 1191 2424 Caecus
1214 2401 1327 2424 curatus
1352 2405 1434 2432 prope
1454 2397 1563 2425 Jericho
1581 2407 1587 2425 :
1605 2398 1638 2426 de
1657 2398 1726 2426 Zac-

942 2440 1017 2468 cbzeo
1040 2442 1109 2476 (cap.
1127 2441 1198 2477 ιιι).
1215 2441 1377 2469 Parabolam
1402 2442 1468 2470 dicit
1484 2443 1518 2470 de
1541 2451 1585 2474 eo,
1602 2443 1649 2478 qui
1672 2444 1725 2471 sibi

943 2485 995 2520 ipsi
1016 2487 1122 2513 volebat
1149 2487 1292 2522 acquirere
1319 2495 1443 2522 regnum.
1467 2487 1504 2515 De
1527 2488 1600 2523 pullo
1628 2489 1723 2517 asinaz.

943 2529 1026 2558 Urbis
1041 2531 1176 2558 excidium
1193 2531 1324 2566 przedieit.
1339 2531 1493 2559 Veudcntes
1510 2532 1584 2566 ejicit
1607 2532 1640 2560 de
1655 2536 1724 2560 tem-

942 2576 998 2611 plo.
1019 2575 1095 2603 Tunc
1109 2577 1203 2604 dicunt
1223 2577 1261 2603 illi
1277 2577 1346 2612 (cap.
1368 2576 1435 2612 xx):
1454 2586 1463 2601 ι
1483 2576 1512 2604 In
1527 2585 1580 2612 qua
1592 2581 1725 2612 potestate

941 2623 999 2650 [HEC
1014 2623 1082 2650 facis
1093 2623 1132 2649 '9?
1147 2633 1156 2648 ι
1175 2623 1326 2658 lnterrogat
1340 2622 1401 2650 illos
1417 2622 1450 2650 de
1464 2623 1628 2658 baptismate
1641 2623 1723 2650 Joan-

940 2669 994 2697 nis.
1007 2669 1158 2703 Subjieitur
1171 2668 1301 2704 parabola
1312 2668 1345 2696 de
1364 2669 1453 2701 vinea,
1471 2673 1498 2696 et
1514 2669 1645 2703 improbis
1655 2670 1726 2704 agri-

941 2715 1008 2743 colis
1027 2724 1034 2741 :
1050 2715 1084 2743 de
1097 2723 1192 2748 censu,
1205 2718 1232 2742 et
1246 2715 1280 2742 de
1294 2714 1408 2742 muliere
1430 2723 1490 2750 quae
1505 2718 1607 2750 septem
1632 2715 1724 2742 fratri-

945 2832 969 2870 ξε
987 2831 1112 2870 i_bid.'58.
1151 2830 1390 2870 "_Lug._xul,29.
1429 2831 1589 2870 finiam.
1626 2831 1729 2870 "ibid.

104 2864 149 2892 32.
186 2866 209 2881 "
229 2865 294 2893 ibid.
311 2865 356 2893 54.
393 2866 416 2882 ’⁸
434 2864 500 2893 Luc.
518 2872 573 2898 m,
587 2865 631 2893 56.
670 2865 692 2881 ⁸⁷
711 2863 776 2893 Luc.
794 2873 866 2900 xvu,
885 2865 894 2891 ἲ

947 2867 970 2906 θ’*
989 2867 1056 2896 Luc.
1074 2874 1151 2902 xvul,
1168 2868 1195 2897 8.
1223 2867 1256 2911 ,ν’
1275 2867 1342 2896 Luc.
1360 2875 1412 2902 xx,
1428 2866 1456 2895 2.
