1929 3056
231 130 284 158 599

791 129 819 156 S.
842 128 1075 158 ATIIANASIUS.
1087 144 1122 148 —
1135 127 1249 156 DUBIA.

1805 130 1856 158 400

230 189 282 218 b’us
305 194 389 226 nupta
416 190 475 218 fuit.
499 189 601 218 Deinde
630 190 780 225 interrogat
792 197 840 218 eos
860 189 894 217 de
908 190 997 224 seipso

1068 188 1201 215 Ἰωάννου.
1219 186 1286 214 Εἶτα
1301 188 1317 223 ἡ
1334 187 1471 223 παραϐολὴ
1488 187 1534 214 τοῦ
1550 187 1712 222 ἀμπελῶνος
1722 207 1729 218 ,
1741 188 1788 214 καὶ
1803 189 1854 214 τῶν

231 237 368 272 quomodo
382 236 485 269 dicant,
503 236 592 271 ipsum
605 244 666 264 esse
690 236 774 263 ﬁlium
796 236 904 263 Davidis
921 244 926 262 :
940 236 1013 264 edis-

230 283 297 311 serit
307 283 341 310 de
357 283 445 317 primo
459 290 601 310 consessu.
621 282 706 310 Vidua
720 282 831 310 denaria
852 282 907 309 duo
931 282 1012 308 mittit

233 330 271 364 (in
303 328 528 364 gazophylacium
556 328 624 364 [cup.
653 329 733 364 xxt]).
768 328 804 355 De
834 328 1012 356 subversionc

229 374 322 409 templi
339 374 474 409 pra-dicit,
487 378 514 401 ct
534 375 613 401 malis
631 374 740 401 futuris.
758 373 843 400 ludas
864 373 1011 408 paciscitur

228 427 291 448 cum
309 419 421 448 Judazis.
446 419 602 455 Discipulos
623 420 707 447 mittit
730 420 764 446 ad
782 420 932 454 parandum
963 427 1010 454 pa-

228 465 294 492 scha
308 465 378 500 (cap.
394 465 475 501 xxn).
491 465 671 493 Couvincitur
681 465 766 493 Judas
780 470 842 500 post
854 466 1009 493 institutum

226 512 399 547 mysterium.
415 511 591 539 Contendunt
610 512 681 538 inter
703 519 732 538 se
756 511 883 546 discipuli
902 511 936 538 de
951 511 1009 546 pri-

225 561 311 585 matu.
328 557 368 584 Ad
383 557 521 584 Simonem
544 557 642 584 deinde
664 557 750 584 dicit:
768 567 776 582 ι
797 556 866 584 Ecce
892 557 1008 584 Satanas

224 603 303 638 petiit
319 611 367 631 vos
378 603 398 635 ',
419 612 429 628 ι
447 603 621 638 pra-dicitque
637 603 675 630 illi
690 603 861 638 negationem
878 604 1006 634 futuram,

223 651 250 674 et
261 648 339 682 jubet
353 647 497 682 discipulis
512 652 541 674 ut
556 648 652 674 tollant
669 655 762 675 secum
778 655 945 675 crumenam.
956 647 1007 674 Ca—

223 692 298 728 pitur
311 697 416 728 postea.
432 691 589 727 Negatcum
610 692 718 720 Petrus.
735 692 854 720 Caeditur
871 701 885 719 ιι
905 692 1007 721 Judazis

220 737 312 765 Jesus.
334 738 529 773 lnterrogatnr,
547 747 611 765 num
631 739 688 773 ipse
711 739 745 766 sit
766 739 903 771 Christus,
919 743 945 766 et
963 748 1006 767 re-

220 785 345 820 spondet.
363 784 478 812 Ducitur
497 785 530 812 ad
547 785 665 812 Pilatum
685 786 753 820 (cap.
772 786 863 820 nm),
878 791 905 813 et
921 787 1006 813 milti-

220 834 265 857 tur
277 830 310 857 ad
325 829 470 862 Ilerodem,
486 830 561 857 illinc
575 838 673 858 rursus
686 830 719 857 ad
733 830 860 858 Pilatum.
877 831 1005 859 Traditur

1065 234 1190 270 πονηρῶν
1211 234 1351 269 γεωργῶν.
1368 234 1408 260 Τὰ
1423 235 1486 270 περὶ
1500 234 1546 260 τοῦ
1562 235 1673 270 κήνσου,
1684 235 1733 260 καὶ
1747 234 1796 269 τῆς
1807 243 1856 269 γα-

1065 279 1196 314 μηθείσης
1212 281 1269 310 τοῖς
1285 278 1312 311 ζ’
1328 278 1461 312 ἀδελφοῖς.
1488 277 1552 304 Εἶτα
1568 279 1658 314 ἐρωτᾷ
1676 279 1776 310 αὐτοὺς
1793 280 1854 314 περὶ

1062 325 1158 352 ἑαυτοῦ
1171 346 1177 357 ,
1197 325 1254 357 πῶς
1279 325 1386 360 λέγουσι
1401 325 1445 351 τὸν
1464 325 1580 361 Χριστὸν
1594 326 1651 352 υἱὸν
1669 325 1754 352 Δαϐὶδ
1768 323 1851 352 εἶναι·

1061 372 1106 398 καὶ
1121 372 1184 407 περὶ
1198 372 1435 407 πρωτοκαθεδρίας
1451 371 1612 405 διαλέγεται.
1639 371 1767 407 Βάλλειῆ
1784 373 1852 409 χήρα

1060 417 1105 444 δύο
1118 417 1241 453 δηνάρια.
1266 418 1333 454 Περὶ
1347 419 1394 453 τῆς
1410 419 1600 454 καταστροφῆς
1615 416 1663 444 τοῦ
1681 418 1748 445 ναοῦ
1759 440 1766 448 .
1791 419 1852 454 περὶ

1059 463 1112 489 τῶν
1129 463 1279 498 μελλόντων
1295 464 1420 500 προλέγει
1438 465 1540 491 κακῶν.
1573 464 1734 491 Συντίθεται
1755 465 1851 497 Ἰούδας

1061 510 1129 544 μετὰ
1146 509 1199 536 τῶν
1216 510 1358 537 Ἰουδαίων.
1375 511 1482 546 Πέμπει
1493 512 1555 542 τοὺς
1570 511 1696 546 μαθητὰς
1710 512 1851 546 ἑτοιμάσαι

1059 555 1089 581 τὸ
1113 555 1214 590 πάσχα.
1251 554 1404 589 Ἐλέγχεται
1425 555 1522 586 Ἰούδας
1540 555 1609 590 μετὰ
1633 555 1664 580 τὸ
1691 555 1849 590 μυστήριον.

1058 600 1208 627 Φιλονεικία
1225 599 1278 626 τῶν
1294 600 1420 634 μαθητῶν
1438 601 1501 636 περὶ
1515 601 1667 635 πρωτείων.
1703 597 1772 626 Εἶτα
1786 600 1850 636 πρὸς

1057 646 1101 672 τὸν
1113 647 1221 681 Σίμωνά
1232 655 1297 681 φησι
1306 655 1312 661 ³
1329 656 1337 671 ι
1350 646 1414 672 Ἰδοὺ
1424 647 1567 677 ὀΣατανᾶς
1580 645 1735 681 ἐξῃτήσατο
1745 646 1816 681 ὑμᾶς
1825 655 1847 671 Ὶ

1057 692 1103 718 καὶ
1115 692 1240 728 προλέγει
1255 692 1336 719 αὑτοῦ
1354 692 1401 728 τὴν
1416 693 1529 728 ἄρνησιν
1542 714 1548 725 ,
1567 693 1613 719 καὶ
1629 693 1848 729 παρακελεύεται

1056 739 1110 768 τοῖς
1125 737 1259 772 μαθηταῖς
1280 737 1424 772 βαστάζειν
1437 738 1586 773 βαλάντιον,
1607 736 1676 764 Εἶτα
1695 738 1849 774 συλλαμϐά-

1056 793 1139 810 νεται.
1156 785 1290 820 ’Δρνεῖται
1307 784 1417 819 Πέτρος.
1435 785 1569 811 Τύπτεται
1582 786 1595 811 ὁ
1614 785 1722 820 Ἰησοῦς
1733 786 1785 812 ὑπὸ
1795 785 1846 811 τῶν

1061 830 1204 856 Ἰουδαίων.
1228 830 1393 866 Ἑρωτᾶται,
1413 831 1436 856 εἰ
1452 831 1532 862 αὐτὸς
1548 831 1591 865 εἴη
1607 831 1622 857 ὁ
1646 831 1783 867 Χριστὸς,
1803 832 1845 858 καὶ

219 879 250 903 ut
275 876 460 911 crueiligatur,
487 877 611 911 sequitur
634 877 713 904 turba
730 886 736 903 :
751 877 783 904 ad
816 877 944 904 mulieres
969 878 997 905 de

1055 876 1239 910 ἀποκρίνεται.
1259 877 1372 910 ’Λγεται
1388 877 1454 912 πρὸς
1471 875 1515 902 τὸν
1532 876 1664 909 Πιλᾶτον,
1678 877 1725 903 καὶ
1743 877 1845 912 πέμπε-

218 922 298 950 malis
314 921 414 950 futuris
424 922 545 950 disserit.
562 923 746 958 Crueiﬂgitur.
762 923 869 958 Corpus
883 923 942 958 ejus
956 923 1002 950 Jo-

218 967 285 1003 seph
300 968 408 1003 sepelit.
422 967 552 996 Deferunt
567 969 696 997 mulieres
716 974 838 997 aromata
863 970 896 997 ad
912 971 1002 1005 sepul-

217 1021 297 1041 crum
325 1014 396 1050 (ιαμ.
426 1014 512 1049 xxiv),
540 1015 588 1042 sed
615 1016 751 1043 neminem
780 1015 930 1043 inveniunt.
955 1015 1001 1043 Di-

216 1063 298 1088 scunt
315 1067 331 1087 a
344 1061 451 1089 duobus
475 1062 590 1096 angelis.
612 1061 685 1096 quod
716 1063 907 1089 resurrexerit.
926 1061 1001 1089 Nun-

215 1107 284 1133 tiant
310 1106 362 1134 hoc
375 1106 526 1141 discipulis.
551 1106 590 1134 llli
617 1115 671 1134 non
698 1107 825 1134 credunt.
847 1106 947 1135 Petrus
965 1107 999 1134 ad

215 1155 425 1179 monumentum
446 1153 532 1179 currit
548 1156 575 1179 et
594 1152 635 1186 (ut
658 1152 786 1179 mulieres
801 1152 940 1187 dixerunt)
955 1152 999 1179 in-

214 1197 298 1224 venit.
319 1196 440 1232 Apparet
465 1196 593 1225 Christus
618 1197 726 1225 duobus
744 1199 796 1225 iter
822 1198 996 1225 facientibus.

214 1241 254 1268 Illi
269 1243 372 1270 reversi
389 1242 504 1270 audiunt
528 1242 672 1270 Dominum
701 1244 860 1278 apparuisse
882 1243 996 1271 Simoni.

213 1286 274 1315 Mox
288 1287 363 1315 stetit
384 1287 531 1323 derepente
554 1289 582 1316 in
603 1288 693 1316 medio
714 1297 809 1316 eorum
826 1297 832 1315 :
848 1290 997 1324 stupeﬁunt

211 1333 341 1369 discipuli
360 1343 367 1362 :
386 1334 506 1362 ostendit
514 1335 555 1363 eis
563 1335 757 1367 cicatrices,et
771 1335 889 1363 comedit
903 1343 996 1363 coram

210 1379 260 1407 eis.
279 1379 392 1408 Eductis
402 1385 494 1408 autem
512 1381 566 1408 illis
581 1380 753 1412 Bethaniam,
771 1385 928 1416 assumptus
943 1387 994 1408 cst.

1055 931 1100 949 ται
1112 923 1178 957 πρὸς
1188 922 1232 949 τὸν
1249 921 1381 958 Ἡρώδην.
1398 921 1464 949 Εἶτα
1478 922 1544 959 πρὸς
1556 923 1600 949 τὸν
1612 923 1730 950 Πιλᾶτον
1740 923 1841 957 ἄγεται,

1055 968 1231 1004 Παραδίδοται
1243 968 1445 1004 σταυρωθῆναι·
1459 968 1600 995 ἀκολουθεῖ
1610 969 1689 1004 ὄχλος
1697 978 1704 984 ·
1719 970 1786 1005 πρὸς
1798 969 1842 1001 τὰς

1053 1016 1184 1049 γυναῖκας
1192 1015 1343 1048 διαλέγεται
1353 1024 1385 1041 πε
1390 1015 1416 1050 pl.
1427 1015 1480 1041 τῶν
1492 1015 1640 1050 μελλόντων
1649 1015 1754 1042 κακῶν.
1766 1016 1841 1042 Σταυ-

1055 1061 1158 1097 ροῦται.
1175 1061 1276 1088 Θάπτει
1294 1061 1391 1097 Ἰωσὴφ
1410 1061 1440 1088 τὸ
1455 1061 1543 1097 σῶμα.
1561 1061 1694 1097 Φέρουσιν
1711 1062 1739 1088 αἱ
1754 1063 1841 1096 γυναῖ-

1053 1116 1099 1138 κες
1115 1106 1249 1142 ἀρώματα
1263 1107 1302 1138 εἰς
1318 1107 1363 1134 τὸν
1384 1107 1468 1142 τάφον
1479 1128 1486 1140 ,
1515 1108 1562 1134 καὶ
1577 1108 1628 1142 οὐχ
1645 1106 1726 1143 εὗρον
1738 1108 1838 1136 οὐδένα.

1051 1153 1221 1178 Μανθάνουσι
1249 1153 1323 1188 παρὰ
1345 1152 1398 1178 τῶν
1424 1153 1471 1178 δύο
1500 1152 1644 1186 ἀγγέλων,
1671 1153 1711 1180 ὅτι
1733 1153 1837 1187 ἀνέστη.

1054 1198 1264 1232 ’Λπαγγέλλουσι
1275 1199 1331 1230 τοῖς
1341 1199 1482 1234 μαθηταῖς.
1493 1201 1524 1226 υἱ
1535 1200 1562 1226 δὲ
1573 1200 1838 1235 ἡπίστουν.Ἐδραμε

1048 1244 1150 1279 Πέτρος
1165 1245 1205 1275 εἰς
1220 1243 1250 1269 τὸ
1267 1245 1407 1278 μνημεῖον,
1422 1244 1469 1270 καὶ
1488 1241 1566 1278 εὗρεν
1579 1244 1680 1276 οὕτως.
1697 1244 1764 1271 Τότε
1781 1243 1837 1278 φαί-

1045 1300 1120 1318 νεται
1136 1292 1192 1323 τοῖς
1214 1291 1260 1318 δύο
1282 1291 1477 1327 ὁδοιποροῦσιν.
1501 1291 1742 1327 ’Υποστρέψαντες
1756 1288 1834 1319 οὗτοι,

1045 1337 1174 1372 ἤκουσαν,
1191 1338 1232 1364 ὅτι
1249 1337 1326 1373 ὤφθη
1341 1337 1454 1373 Σίμωνι.
1475 1335 1542 1364 Εἶτα
1552 1337 1616 1372 ἔστη
1634 1337 1741 1371 ἀθρόως
1753 1337 1780 1362 ὲν
1793 1335 1836 1370 μέ-

1046 1391 1085 1417 σῳ
1100 1382 1188 1410 αὐτῶν
1199 1391 1206 1398 ο
1229 1383 1255 1409 οἱ
1277 1383 1306 1410 δὲ
1320 1383 1502 1419 ἐπτοήθησαν.
1536 1382 1658 1416 ’Ἑδειξεν
1674 1383 1764 1414 αὐτοῖς
1777 1382 1835 1412 τοὺς

208 1423 321 1459 τύπους,
335 1426 381 1453 καὶ
395 1425 458 1461 ἔφεν
473 1425 528 1461 (51)
543 1426 657 1453 ἐνώπιον
673 1427 771 1454 αὐτῶν.
796 1427 950 1462 Ἐξαγαγὼν
964 1427 992 1454 δὲ
1008 1429 1106 1460 αυτοὺς
1121 1430 1159 1461 εἰς
1175 1429 1320 1464 Βηθανίαν,
1334 1429 1482 1465 ἀνελήφθη.

279 1478 358 1506 Liber
374 1479 427 1513 ιγ,
438 1479 608 1517 Evangelium
626 1481 768 1508 secundant
781 1481 922 1510 Joannem.

242 1525 289 1552 50.
323 1525 442 1555 Joannes
455 1526 595 1554 Christum
615 1527 680 1555 dicit
700 1528 783 1556 Deum
802 1537 864 1557 esse
878 1530 946 1564 (cap.
961 1529 992 1564 ι).

207 1568 307 1598 Narrat
317 1570 351 1599 de
365 1571 488 1607 Baptista
506 1580 511 1598 :
531 1576 587 1599 tum
602 1573 636 1601 dc
652 1573 774 1606 Christo,
790 1579 817 1601 et
843 1574 877 1602 de
902 1575 994 1601 lucar-

207 1617 328 1645 natione.
352 1617 393 1646 Ad
417 1626 447 1646 se
470 1619 564 1647 missis
593 1620 741 1654 respondet
769 1620 899 1656 Baptista.
919 1621 995 1649 Inse-

207 1667 309 1698 quente
325 1663 369 1692 die
384 1668 498 1692 testatur
512 1664 545 1693 de
557 1664 634 1698 Iesu,
651 1666 723 1701 quod
741 1666 860 1702 Spiritus
879 1667 993 1696 descen-

206 1707 371 1744 deritsuper
385 1717 458 1738 eum.
474 1709 610 1745 Sequente
628 1711 728 1739 iterum
749 1712 792 1739 die
806 1713 992 1741 testimonium

207 1753 330 1788 perhibet
344 1754 378 1782 de
393 1754 469 1783 Jesu.
495 1755 561 1784 Sese
581 1757 620 1783 illi
644 1757 767 1793 adjuugit
793 1759 925 1788 Andreas.
942 1760 992 1788 Pe-

207 1802 281 1826 trum
299 1799 410 1828 adducit
424 1801 548 1830 Andreas
558 1802 591 1830 ad
599 1802 752 1832 Christum.
764 1803 877 1832 Postero
888 1805 932 1834 die
942 1813 991 1833 vo-

206 1849 251 1872 cat
266 1844 421 1881 Philippum
435 1846 560 1875 Andreas
573 1848 606 1875 ad
619 1856 692 1876 eum.
708 1849 823 1877 Postero
839 1850 883 1878 die
900 1859 992 1886 egres-

206 1897 255 1918 sus
270 1890 298 1918 in
309 1889 447 1919 Galilaeam
457 1891 548 1925 Iesus,
563 1897 641 1921 vocat
656 1893 809 1930 Philippum
828 1905 834 1923 :
852 1896 895 1924 hic
911 1896 991 1933 142

206 1934 444 1965 dueitNathanael
455 1937 490 1965 ad
505 1946 577 1966 eum.
597 1939 795 1968 Testimonium
814 1941 878 1969 huic
891 1943 937 1970 dat
947 1942 993 1970 Je-

207 1987 266 2010 sus.
293 1979 400 2016 Nuptias
425 1981 494 2010 fiunt
515 1983 542 2011 in
557 1984 631 2012 Cana
647 1985 716 2020 (cap.
741 1987 782 2021 ιι).
803 1986 900 2016 Postea
919 1989 993 2017 venit

206 2025 392 2061 Capernaum.
407 2027 536 2056 Ascendit
548 2029 745 2067 Jerosolymam
759 2033 786 2060 in
798 2033 868 2061 festo
875 2033 993 2062 Pascha-

206 2072 242 2099 tis
253 2080 261 2099 :
272 2073 348 2107 ejicit
363 2081 380 2102 ο
393 2075 496 2110 templo
506 2075 655 2106 vendentes
668 2078 821 2108 columbas.
832 2079 908 2108 Multi
928 2089 990 2109 cre-

206 2118 275 2146 dunt
287 2120 314 2147 in
331 2127 404 2148 eum.
417 2119 487 2149 Tum
502 2122 536 2150 de
546 2122 696 2152 Nicodemo
712 2126 781 2160 (cap.
796 2127 850 2161 ιιι).
870 2126 935 2155 Post
947 2136 991 2156 ve-

205 2165 247 2193 nit
258 2166 286 2193 in
299 2165 421 2195 Judmam
435 2172 462 2195 et
476 2168 650 2204 baptizabant
662 2172 748 2206 ipsius
759 2172 897 2208 discipuli.
914 2174 990 2202 Nun-

1227 1485 1347 1512 Βιϐλίων
1361 1486 1401 1517 δ’,
1419 1486 1493 1513 κατὰ
1511 1485 1661 1520 Ἰωάννην.

1083 1531 1127 1559 50.
1145 1531 1270 1566 Θεολογεῖ
1285 1533 1298 1558 ὁ
1319 1532 1444 1567 Ἰωάννης
1459 1532 1503 1559 τὸν
1516 1531 1646 1567 Χριστόν.
1677 1531 1757 1565 Λέγει
1771 1528 1831 1563 περὶ

1044 1577 1090 1604 τοῦ
1104 1577 1267 1604 Βαπτιστοῦ’
1286 1575 1347 1604 εἶτα
1366 1578 1486 1613 περὶτοῦ
1499 1577 1630 1611 Χριστοῦ,
1643 1578 1691 1605 καὶ
1705 1577 1754 1611 τῆς
1765 1577 1830 1601 Eva»-

1045 1623 1223 1659 θρωπήσεως.
1259 1624 1447 1659 ’Λποκρίνεται
1463 1624 1478 1649 ὁ
1499 1623 1656 1660 Βαπτιστὴς
1682 1623 1748 1659 πρὸς
1772 1621 1829 1651 τοὺς

1044 1669 1246 1701 ἀποσταλέντας
1258 1670 1324 1705 πρὸς
1341 1670 1432 1697 αὐτόν.
1450 1670 1488 1706 Τῇ
1501 1670 1633 1705 ἐπαύριον
1651 1669 1782 1705 μαρτυρεί
1794 1666 1828 1701 τῷ

1051 1715 1152 1751 Ἰησοῦ,
1168 1716 1209 1742 ὅτι
1224 1716 1254 1742 τὺ
1278 1715 1388 1752 Πνεῦμα
1403 1717 1504 1752 κατέϐη
1526 1717 1569 1742 ἐπ’
1583 1716 1676 1743 αὐτόν.
1695 1716 1734 1751 Τῇ
1749 1713 1825 1741 ἐπαύ-

1044 1769 1100 1796 ριον
1118 1761 1198 1787 πάλιν
1215 1762 1346 1796 μαρτυρεῖ
1358 1761 1397 1797 τῷ
1418 1761 1515 1797 Ἰησοῦ.
1534 1762 1588 1788 Καὶ
1598 1762 1746 1789 κολλῶνται
1759 1758 1827 1793 αὐτῷ

1043 1808 1068 1833 oi
1083 1807 1146 1842 περὶ
1168 1807 1304 1842 Ἀνδρέαν.
1326 1808 1403 1842 Ἀγει
1417 1808 1463 1834 τὸν
1475 1808 1577 1844 Πέτρον
1594 1809 1608 1835 ὁ
1630 1807 1754 1843 Ἀνδρέας
1764 1804 1826 1841 πρὸς

1043 1853 1132 1879 αὐτόν.
1144 1853 1182 1888 Τῇ
1192 1853 1320 1889 ἐπαύριον
1328 1854 1406 1881 καλεῖ
1414 1854 1458 1880 τὸν
1465 1854 1595 1880 Φίλιππον
1603 1855 1616 1881 ὁ
1634 1853 1756 1889 Ἀνδρέας
1764 1850 1825 1886 πρὸς

1042 1897 1132 1924 αὐτόν.
1159 1898 1197 1933 Τῇ
1216 1898 1345 1934 ἐπαύριον
1363 1899 1441 1925 καλεῖ
1460 1898 1504 1926 τὸν
1524 1899 1659 1926 Φίλιππον
1683 1899 1697 1924 ὁ
1719 1895 1822 1932 Ἰησοῦς,

1042 1943 1158 1976 ἐξελθὼν
1173 1946 1213 1977 εἰς
1224 1944 1273 1980 τὴν
1284 1944 1437 1972 Γαλιλαίαν.
1454 1942 1538 1977 Οὗτος
1553 1945 1614 1979 ἄγει
1629 1945 1676 1972 τὸν
1686 1940 1823 1975 Ναθαναὴλ

1042 1990 1111 2025 πρὸς
1124 1990 1214 2016 αὐτόν.
1232 1991 1372 2026 Μαρτυρεῖ
1385 1990 1482 2026 αὑτῷὸ
1504 1990 1618 2026 Ἰησοῦς.
1654 1991 1684 2017 ’0
1699 1991 1782 2024 γάμος
1797 1988 1822 2012 ἐν

1041 2037 1119 2062 Κανᾶ
1131 2036 1248 2070 γίνεται.
1276 2034 1343 2063 Εἶτα
1355 2036 1463 2072 ἔρχεται
1477 2037 1517 2069 είς
1530 2036 1725 2072 Καπερναούμ.
1752 2035 1821 2060 Ἀνα-

1041 2082 1128 2109 εαίνει
1143 2083 1182 2115 εἰς
1200 2082 1373 2118 Ἰεροσόλυμα
1384 2084 1413 2110 ὲν
1426 2083 1464 2118 τῷ
1479 2083 1588 2119 Πάσχα·
1600 2083 1726 2111 ἐκϐάλλει
1740 2082 1769 2107 ἐκ
1778 2078 1820 2105 τοῦ

1043 2128 1115 2164 ἱεροῦ
1133 2129 1196 2160 τοὺς
1219 2128 1374 2159 πωλοῦντας
1391 2129 1438 2161 τὰς
1463 2130 1638 2165 περιστεράς.
1673 2127 1765 2156 Πολλοὶ
1780 2133 1820 2151 πι-

1042 2175 1181 2202 στεύουσιν
1195 2176 1235 2207 εις
1250 2175 1342 2202 αὐτόν.
1361 2173 1427 2202 Εἶτα
1449 2175 1483 2202 τὰ
1498 2176 1568 2202 κατὰ
1580 2176 1741 2211 Νικόδημον.
1759 2169 1819 2198 Εἶτα

206 2211 302 2239 tiatqu
318 2216 360 2240 est
375 2213 427 2240 hoc
437 2212 545 2242 Joanni.
562 2215 684 2244 Audiens
697 2215 778 2244 Jesus
796 2218 822 2245 id
842 2223 935 2246 notum
951 2220 991 2247 fa-

1049 2219 1149 2255 ξρχεται
1165 2220 1204 2251 εἰς
1216 2218 1265 2255 τὴν
1287 2219 1426 2251 Ἰουδαίαν,
1444 2220 1491 2246 καὶ
1508 2220 1654 2252 ἐϐάπτιζον
1669 2220 1693 2245 οἱ
1709 2214 1818 2253 μαθηταὶ

206 2262 280 2284 ctum
292 2265 354 2286 esse
367 2257 524 2292 Pharisaeis,
536 2260 678 2290 descendit
687 2262 713 2289 in
725 2256 862 2291 Galilaeam
878 2273 924 2300 per
940 2265 989 2292 Sa-

206 2303 321 2331 mariam
335 2305 403 2341 (cap.
416 2306 466 2341 Iv).
480 2305 692 2343 Subsequuntur
705 2317 748 2342 ea,
767 2317 828 2345 qua:
844 2318 905 2338 cum
928 2319 989 2339 mu-

205 2348 273 2378 liere
287 2349 460 2379 Samaritana
483 2352 554 2380 facta
574 2357 650 2382 sunt.
664 2353 786 2383 Credunt
811 2355 988 2384 Samaritani.

205 2393 287 2423 Venit
300 2395 381 2425 Jesus
393 2397 421 2424 in
434 2397 508 2425 Cana
522 2402 549 2425 et
557 2399 663 2427 accedit
684 2400 718 2428 ad
738 2409 802 2429 eum
817 2401 939 2438 regulus,
956 2402 990 2430 ii—

205 2441 235 2469 lii
251 2443 348 2478 gratia.
363 2443 445 2472 Redit
459 2444 656 2481 Jerosolymam
675 2446 744 2483 (cap.
759 2447 797 2483 v).
823 2448 908 2476 Sanat
926 2457 989 2477 eum

206 2486 234 2514 in
248 2486 368 2515 Sabbato
382 2489 427 2524 qui
445 2491 525 2518 annis
536 2491 649 2527 triginta
668 2497 730 2520 octo
751 2495 918 2530 paralyticus
930 2495 990 2524 t‘ue-

206 2536 258 2561 rat.
275 2533 407 2567 Quaerunt
419 2543 482 2563 eum
509 2535 595 2565 Judaei
617 2538 754 2568 occidere.
773 2539 845 2568 Dicit
861 2541 901 2570 eis
916 2542 989 2577 quod

205 2586 222 2606 a
239 2579 294 2608 Deo
318 2581 419 2611 missus
441 2583 487 2611 sit.
511 2583 710 2613 Transfretate
732 2587 841 2622 regione
866 2587 989 2616 Tiberia-

205 2623 248 2653 dis
260 2625 330 2661 (cap.
342 2627 380 2661 Vl)
396 2636 403 2655 :
418 2632 478 2656 erat
491 2632 582 2657 autem
597 2629 713 2658 Pascha.
731 2631 786 2659 Alit
811 2633 919 2661 turbas.
934 2633 988 2661 Vo-

205 2669 264 2698 lunt
277 2679 340 2699 eum
357 2680 451 2702 creare
466 2681 566 2710 regem,
581 2680 608 2704 et
622 2677 726 2705 secedit
748 2678 776 2706 in
794 2683 924 2708 montem.
941 2679 988 2707 Di-

242 2747 251 2764 ¹
270 2747 337 2776 Luc.
353 2757 427 2782 nu,
445 2750 491 2780 5i.

243 2825 296 2862 (δι)
314 2826 445 2862 Ἔφαγιν.

1040 2264 1133 2292 αὐτοῦ.
1155 2264 1325 2300 Ἀπηγγέλθη
1340 2265 1379 2300 τῷ
1398 2265 1518 2301 Ἰωάννῃ.
1538 2266 1668 2297 Ἀκούσας
1681 2265 1695 2291 ὁ
1714 2260 1816 2297 Ἰησιῧςσ

1039 2311 1080 2338 ὅτι
1102 2310 1203 2346 ἔμαθον
1216 2311 1241 2337 οἱ
1262 2311 1403 2346 Φαρισαῖοι
1416 2331 1423 2342 ,
1452 2311 1552 2347 xum-£61;
1567 2311 1607 2343 εἰς
1622 2311 1670 2346 τὴν
1684 2304 1816 2335 Γαλιλαίαν

1039 2357 1084 2384 διὰ
1100 2357 1146 2392 τῆς
1162 2357 1326 2393 Σαμαρείας.
1353 2355 1420 2384 Εἶτα
1436 2357 1469 2384 τὰ
1484 2358 1554 2384 κατὰ
1573 2357 1622 2393 τὴν
1650 2354 1814 2390 Σαμαρεῖτινο

1042 2403 1217 2431 Πιστεύουσιν
1231 2405 1255 2430 οἱ
1267 2405 1442 2441 Σαμαρεῖται.
1460 2404 1587 2439 Ἔρχεται
1600 2404 1640 2435 εἰς
1653 2401 1728 2429 Κανᾶ
1740 2399 1753 2425 ὁ
1770 2397 1816 2429 ’1η-

1043 2450 1123 2483 σοῦς,
1145 2451 1192 2477 καὶ
1207 2451 1221 2477 ὀ
1242 2451 1397 2486 βασιλίσκος
1413 2451 1592 2486 προσέρχεται
1610 2449 1679 2485 ὑπὲρ
1691 2445 1736 2474 τοῦ
1752 2441 1813 2470 υἱοῧο

1045 2496 1171 2532 Ἀνῆλθεν
1186 2497 1226 2528 εἰς
1244 2497 1427 2532 Ἱεροσόλυμα,
1441 2497 1542 2524 καὶτὸν
1554 2497 1583 2522 ἐν
1593 2496 1640 2532 λη’
1655 2495 1724 2521 ἔτεσι
1735 2496 1815 2525 παρα-

1039 2541 1182 2578 λελυμένον
1198 2543 1270 2570 ἱᾶται
1282 2543 1314 2571 ,ὲν
1329 2543 1470 2578 Σαϐϐάτῳ.
1488 2542 1615 2578 Ἐζήτουν
1626 2540 1703 2569 αὑτὸν
1718 2539 1741 2564 οἱ
1757 2537 1813 2562 Ὶου⁴

1037 2588 1106 2615 δαῖοι
1122 2589 1289 2616 ἀποκτεῖναι.
1307 2589 1387 2624 Λέγει
1409 2590 1499 2621 αὐτοῖς
1513 2589 1554 2615 ὅτι
1572 2587 1646 2625 παρὰ
1655 2583 1720 2613 Θεοῦ
1736 2579 1813 2614 ὲπέμ·

1039 2634 1104 2670 φθη.
1123 2635 1239 2670 ’Δπῆλθε
1251 2635 1336 2672 πέραν
1351 2636 1400 2671 τῆς
1408 2635 1563 2671 Τιϐεριάδος
1575 2643 1582 2650 ·
1594 2633 1627 2671 ἧν
1638 2631 1705 2660 δὲτὸ
1714 2628 1810 2661 Πάσχα-

1039 2681 1138 2717 Τρέφει
1152 2683 1214 2714 τοὺς
1233 2681 1336 2717 ὄχλους.
1361 2682 1508 2718 Ἦθέλησαν
1523 2681 1605 2708 αὑτὸν
1621 2679 1727 2714 ποιῆσαι
1741 2674 1810 2709 βα⁶ι’
