1929 3056
99 202 145 230 401

634 199 800 229 8ΥΝοΡ515
821 198 1028 226 δςιιιρτυιιΑι
1048 196 1184 225 SACRE.

1663 195 1717 224 ιω

98 259 158 291 λέα,
175 259 223 286 καλ¹
236 260 372 296 ἀναχωρεῖ
386 262 424 293 εἱς
438 262 468 288 τὸ
483 262 555 297 ὅρος.
588 262 740 288 Ἔπλευσαν
756 263 780 288 οἱ
794 261 880 296 μαθη-

934 260 1030 294 scipuii
1056 258 1187 293 navigant
1207 257 1390 292 Capernaum.
1407 255 1466 284 Huc
1477 259 1504 284 et
1527 255 1608 284 Iesus
1630 257 1718 288 venit,

97 306 139 332 ταὶ
155 306 195 336 εἰς
211 306 406 341 Καπερναούμ.
437 305 537 333 Ἦλθεν
553 308 567 334 ὁ
595 307 697 342 Ἰησοῦς
713 308 782 338 ἐκεῖ,
799 305 880 342 ἦλθον

97 351 141 377 καὶ
156 351 180 376 οε
192 350 275 385 ὖχλοι.
291 351 357 377 Τότε
373 351 463 383 αὐτοῖς
477 353 540 387 περὶ
557 352 610 379 τῶν
628 352 783 388 μυστηρίων
796 353 882 379 διαλέ-

97 404 183 430 γεται.
210 395 264 422 Καὶ
276 396 312 431 μὴ
327 396 487 430 ἐνέγκαντες
501 398 545 424 τὸν
561 398 650 431 λόγον,
662 398 781 433 ἀπῆλθον
797 399 837 430 εἰς
847 398 881 424 τά

96 441 190 468 ὀπίσω.
222 441 301 475 Λέγει
318 443 374 473 τοῖς
387 442 507 469 δώδεκα·
528 453 537 469 ι
552 444 595 479 Μὴ
621 444 667 470 καὶ
691 445 768 479 ὑμεῖς
791 443 881 470 θέλετε

98 486 226 520 ὑπάγειν;
238 495 247 511 ι
275 487 341 513 Τότε
355 487 428 521 λέγει
443 488 557 524 Πέτρος·
577 498 586 513 ι
598 489 721 524 Ῥήματα
734 489 805 524 ζωῆς
819 490 882 516 αἰω-

97 531 152 557 νίου
167 531 254 566 ἔχεις,
273 532 341 567 πρὸς
354 533 415 560 τίνα
430 533 650 569 άπελευσόμεθας
665 544 674 560 ι
693 534 882 570 Σκηνοπηγίας

96 575 188 611 οὔσης,
204 578 401 612 προτρέπονται
415 578 494 605 αὑτὸν
509 580 533 606 οἱ
545 580 653 614 ἀδελφοὶ
667 580 787 607 ἀνελθεῖν
802 581 831 607 ὲν
844 580 883 616 τῷ

97 621 170 658 ιερῷ.
205 623 234 649 '0
249 623 277 649 δὲ
304 622 416 659 ὕστερον
440 624 553 658 ἀνῆλθε,
572 626 617 652 καὶ
634 626 746 662 ἐζήτουν
761 627 842 653 αὐτὸν
858 627 882 652 οἱ

103 669 231 700 Ἰουδαῖοι,
243 670 288 696 καὶ
299 671 477 704 ἠγανάκτουν,
491 672 532 697 ὅτι
548 672 576 698 ἐν
587 672 719 707 Σαΰϐάτῳ
730 672 828 706 τυφλὸν
843 672 883 698 ἰά-

98 722 168 741 σατο.
199 715 356 748 Διαλέγεται
376 716 438 749 περὶ
455 712 500 742 τοῦ
516 716 693 752 Παρακλήτου
706 725 712 732 ·
728 717 774 743 καὶ
790 717 815 742 at
834 716 882 751 μὲν

95 760 273 792 ἐπίστευσαν,
291 761 315 786 ol
329 761 357 786 δὲ
375 760 515 795 ἠπίστουν,
540 761 732 795 Ἐγκαλοῦνται
748 761 882 797 ὑπηρέται

95 805 145 832 ὑπὸ
159 805 214 832 τῶν
226 807 386 842 ἀρχιερέων,
402 807 442 833 ὅτι
456 807 505 833 οὐκ
519 807 632 834 ἐπίασαν
649 807 740 834 αὑτὸν.
757 807 882 841 Διαλέγε-

95 860 137 878 ται
153 852 245 884 αὐτοῖς
264 853 279 878 ὁ
294 853 446 888 Νικόδημος
457 873 464 884 ,
482 854 527 879 καὶ
551 853 771 888 ἐπιστομίζουσιν
789 853 880 880 αὐτόν.

94 897 177 924 Πάλιν
199 899 213 924 ὁ
233 898 336 933 Ἰησοῦς
362 897 514 933 διαλέγεται
540 899 646 930 αὐτοῖς’
666 899 711 924 καὶ
733 898 881 934 ἐπειρῶντο

92 943 256 978 ἀνατρέπειν
273 944 355 970 αὑτοῦ
367 944 400 970 τὰ
416 945 535 980 ῥήματα.
566 943 697 970 Ἐνταῦθα
711 944 744 970 τὰ
756 945 818 980 περὶ
831 945 880 980 τῆς

93 988 328 1024 κατηγορηθείσης
348 989 394 1016 ἐπὶ
420 990 536 1025 μοιχείᾳ.
567 990 650 1016 Πάλιν
673 989 744 1024 λέγει
770 990 878 1022 αὐτοῖς’

96 1043 106 1059 ι
118 1033 181 1068 Εγὼ
195 1034 293 1069 ὑπάγω
305 1055 312 1067 ,
340 1036 406 1062 ὅπου
424 1036 503 1070 ἡμεῖς
522 1035 553 1062 οὗ
569 1035 683 1062 δύνασθε
696 1035 793 1063 ἐλθεῖν.
808 1045 818 1061 ι
849 1036 880 1063 Ol

92 1080 121 1106 δὲ
134 1080 258 1115 ἐνόμιζον
271 1100 277 1111 ,
295 1081 336 1107 ὅτι
353 1082 458 1116 ἀναιρεῖ
474 1081 578 1107 ἑαυτόν.
613 1079 679 1107 Εἶτα
695 1081 821 1116 προλέγει
835 1082 880 1108 τὸν

92 1125 192 1158 τρόπον
203 1125 250 1152 τοῦ
265 1126 381 1153 θανάτου
396 1127 488 1158 αὑτοῦ,
503 1127 548 1153 καὶ
562 1126 722 1154 ἐπίστευσαν
736 1127 828 1153 πολλοὶ
840 1129 880 1158 εἰς

92 1170 183 1198 αὐτόν.
202 1171 267 1198 Τότε
279 1171 350 1206 λέγει
364 1173 453 1205 αὐτοῖς
463 1181 469 1188 ’
486 1183 495 1198 ι
514 1173 576 1199 Ἐὰν
594 1173 703 1208 μείνητε
717 1173 745 1199 ἐν
758 1173 796 1208 τῷ
809 1173 880 1207 λόγῳ

93 1224 156 1250 μου,
170 1217 186 1252 ὴ
202 1216 314 1252 ἀλήθεια
329 1218 504 1253 ὲλευθερώτει
516 1219 612 1254 ὑμᾶς.»
627 1219 674 1246 καὶ
689 1219 769 1255 ἕτερα
785 1219 878 1246 πολλά.

92 1262 224 1295 Λέγουσιν
237 1262 310 1298 αὐτῷ
321 1265 345 1290 οἱ
362 1264 499 1290 Ἰουδαῖοιί
513 1274 521 1290 ι
537 1266 708 1300 Σαμαρείτης
720 1264 754 1298 εἴ,
768 1267 814 1293 καὶ
825 1265 881 1292 δαι-

93 1308 184 1342 μόνιον
199 1307 279 1342 ἔχεις.
295 1318 304 1334 ι
329 1309 411 1336 Πάλιν
427 1310 441 1336 ό
467 1310 569 1344 Ἰησοῦς
587 1310 669 1337 πολλὰ
685 1311 775 1342 αὐτοῖς
791 1311 880 1337 διαλέ-

91 1361 180 1386 γεται,
193 1354 221 1379 ὲν
231 1350 271 1385 οἷς
282 1354 417 1389 ὲπήγαγε”
434 1364 442 1380 ι
455 1356 522 1390 Πρὶν
538 1355 664 1391 ’Λῦραάμ
673 1356 809 1390 γενέσθαι,
825 1355 881 1390 ἐγώ

91 1397 160 1430 εἰμι.
180 1405 189 1422 ι
209 1397 276 1424 Τότε
293 1397 428 1433 ἠθέλησαν
448 1399 555 1426 λιθάσαι
572 1400 668 1426 αὐτόν·
693 1402 707 1427 ὁ
721 1401 749 1427 δὲ
766 1400 880 1434 ἐξελθὼν

90 1444 138 1470 ἀπ’
151 1445 251 1476 αὐτῶν,
266 1445 432 1481 ἐθεράπευσε
449 1446 494 1473 τὸν
507 1447 605 1482 τυφλὸν
616 1447 704 1483 πηλῷ.
719 1446 785 1475 Εἶτα
794 1447 880 1474 διαλέ-

89 1499 168 1525 γεται
185 1492 247 1527 περὶ
265 1491 318 1517 τῶν
334 1492 476 1527 προϐάτων
490 1494 537 1520 καὶ
551 1493 597 1520 τοῦ
613 1494 740 1528 ποιμένος
751 1514 757 1524 ,
773 1494 820 1520 τοῦ
837 1494 880 1522 διὰ

89 1537 141 1572 τῆς
155 1537 240 1573 θύρας
258 1538 447 1573 εἰσερχομένου
471 1540 510 1570 εὶς
523 1539 573 1574 τὴν
590 1540 690 1575 αὐλήν·
716 1541 762 1566 καὶ
779 1541 879 1576 σχίσμα

90 1582 199 1616 ἐγένετο
215 1583 242 1609 ἐν
252 1584 460 1616 τοζΊουδαίοις.
475 1585 706 1620 ΤοῖςἘγκαινίοις
720 1587 879 1623 περιεπάτει

89 1629 105 1653 ὁ
125 1627 227 1662 Ἰησοῦς
242 1629 270 1655 ὲν
284 1630 316 1664 τῇ
333 1631 398 1665 στοᾷ
412 1631 590 1666 Σολομῶντος.
631 1632 783 1668 Ἐρωτῶσιν
800 1634 880 1660 αὑτὸν

89 1674 115 1699 οἱ
137 1673 275 1706 Ἰουδαῖοι,
293 1675 317 1700 εξ
331 1676 410 1707 αὐτὸς
425 1676 467 1711 εἴη
491 1677 505 1702 ὁ
522 1677 649 1712 Χριστός.
687 1678 730 1710 Ὧς
746 1679 774 1705 δὲ
792 1676 879 1710 εἶπεν,

89 1718 244 1745 ἐϐάστασαν
259 1720 348 1753 λίθους
365 1721 454 1756 βαλεῖν
468 1723 511 1748 ἐπ’
523 1723 613 1749 αὐτόν.
634 1723 677 1755 Ὡς
689 1724 716 1750 δὲ
729 1723 821 1760 ἠρώτα
833 1726 882 1751 au-

88 1765 154 1796 τοὺς
169 1764 218 1800 τὴν
227 1766 326 1798 αἰτίαν,
341 1764 422 1802 ἦλθον
435 1768 528 1795 πιάσαι
540 1769 631 1800 αὐτὸν.
643 1771 688 1796 καὶ
699 1771 748 1797 οὐκ
759 1770 879 1806 ἴσχυσαν.

95 1811 247 1846 Ἀπῆλθεν,
267 1813 332 1839 ὅπου
351 1813 494 1846 ἐϐάπτιζεν
511 1816 647 1851 Ἰωάννης.
680 1817 837 1852 Πέμπουσιν
851 1818 882 1844 ἐκ

89 1856 226 1891 Βηθανίας
240 1859 340 1894 αἱπερὶ
354 1859 466 1895 Μάρθαν
475 1861 543 1896 ὑπὲρ
555 1862 600 1888 τοῦ
610 1862 744 1898 Λαζάρου.
758 1863 813 1889 Καὶ
821 1863 866 1898 βου
875 1879 881 1883 -

89 1902 203 1937 λόμενος
215 1905 254 1935 si;
263 1904 312 1940 τὴν
327 1905 454 1932 Ἰουδαίαν
471 1907 572 1938 ἐλθεῖν,
589 1907 703 1934 ἐκώλυον
715 1909 739 1934 οἰ
754 1908 880 1944 μαθηταί.

88 1947 194 1975 Ἶιλθεν
210 1950 249 1981 εἰς
263 1950 412 1985 Βηθανίαν·
436 1953 566 1988 ἀνέστησε
582 1953 626 1979 τὸν
641 1953 775 1990 Λάζαρον.
800 1955 883 1981 Πάλιν

89 1995 265 2022 ἐϐουλεύοντο
286 1998 310 2022 οἱ
335 1997 453 2024 Ἰουδαῖοι
478 1999 580 2025 ἀνελεῖν
598 2000 642 2026 τὸν
666 2000 778 2035 Ἰησοῦν.
816 1997 882 2026 Εἶτα

90 2041 221 2076 Καῑάιρας
233 2043 408 2078 προφητεύει.
417 2044 564 2081 ’Λναχωρεῖ
573 2047 586 2072 ὁ
599 2046 702 2080 Ἰησοῦς
710 2047 749 2077 εἰς
760 2046 808 2080 τὴν
820 2046 882 2082 ἔρη-

90 2096 143 2122 μον
160 2088 289 2123 Ἐφραῖμ.
304 2087 370 2115 Εἶτα
381 2090 404 2115 οἱ
424 2091 544 2117 Ἰουδαῖοι
556 2091 723 2126 ἁμερέϐαλον,
735 2092 759 2117 εἰ
772 2091 881 2126 ἔρχεται

89 2135 131 2164 εἰς
149 2134 198 2169 τὴν
210 2135 314 2170 ἑορτήν.
332 2136 387 2162 Καὶ
402 2137 454 2171 πρὸ
465 2137 493 2170 ἓξ
509 2138 620 2172 ἡμερῶν
634 2137 680 2164 τοῦ
693 2138 789 2173 Πάσχα
801 2136 882 2174 ἦλθεν

89 2181 131 2211 εἱς
140 2179 283 2215 Βηθανίαν.
298 2182 364 2208 Τότε
375 2182 531 2210 δειπνοῦντα
542 2183 622 2210 αὑτὸν
633 2184 740 2219 ἤλειψεν
752 2185 768 2220 ἡ
778 2185 880 2220 Μαρία,

91 2226 140 2251 καὶ
153 2226 301 2260 ἀγανακτεῖ
313 2227 422 2259 Ἰούδας,
451 2228 636 2263 Ἐπιστομίζει
649 2229 727 2255 αὑτὸν
738 2231 751 2256 ὀ
766 2229 878 2265 Ἰησοῦς.

931 310 958 333 et
973 306 1059 332 turbae
1073 312 1183 339 quoque
1199 311 1231 331 eo
1245 310 1417 330 concessere.
1433 301 1511 330 Tunc
1522 302 1651 330 edisserit
1662 302 1716 330 illis

931 351 964 378 de
981 350 1129 385 mysteriis.
1144 349 1185 376 llli
1202 356 1266 376 vero
1283 355 1339 375 non
1363 347 1481 375 ferentes
1505 354 1566 382 quae
1589 347 1717 374 diceban-

934 401 989 428 tur,
1004 400 1077 423 retro
1093 395 1204 422 cedunt.
1221 394 1291 421 Dicit
1306 393 1449 421 duodecim
1462 392 1614 428 (apostolis)
1627 401 1634 419 ε
1651 401 1660 418 ι
1674 392 1715 419 Αη

931 445 958 468 et
975 449 1022 468 vos
1048 441 1132 468 vultis
1165 440 1279 467 abire'?
1295 449 1304 465 ι
1320 439 1396 466 Tum:
1421 438 1518 466 Petrus
1545 437 1691 473 respondet
1706 446 1712 463 ε

934 496 943 512 ‹
962 485 1050 514 Verba
1066 487 1128 514 vitae
1141 489 1249 513 aeterna:
1265 485 1359 517 habes,
1372 484 1406 512 ad
1421 492 1501 520 quem
1517 484 1653 512 abibimus
1663 484 1690 511 '?
1701 493 1710 510 ι

932 531 1000 558 Cum
1011 536 1084 559 esset
1099 531 1198 558 festum
1211 530 1474 561 Tabernaculorum,
1488 529 1633 556 hortantur
1650 535 1713 556 eum

933 577 1043 608 irati-es,
1063 581 1092 604 ut
1117 576 1248 604 ascendat
1273 576 1300 604 in
1327 576 1458 612 templum
1481 576 1551 611 (cap.
1572 576 1632 611 vn).
1654 575 1714 610 Ipse

932 630 997 650 vero
1007 623 1117 650 tandem
1135 623 1269 654 ascendit,
1287 627 1313 650 et
1328 627 1453 658 quaerunt
1475 630 1538 650 eum
1561 622 1656 653 Judaei,
1673 625 1715 649 at-

932 676 985 704 que
1002 669 1178 704 indignantur
1201 669 1273 703 quod
1295 669 1324 696 in
1347 668 1468 696 Sabbato
1482 675 1583 696 caecum
1600 675 1714 697 curave-

931 719 984 743 rat.
1005 715 1119 743 Disserit
1135 715 1169 742 dc
1184 715 1335 748 Paracleto,
1354 721 1381 742 et
1392 715 1437 742 alii
1456 714 1582 747 credunt,
1595 714 1640 741 alii
1655 721 1710 741 non

931 762 1056 790 credunt.
1090 761 1338 796 Reprehenduntur
1360 761 1480 788 ministri
1503 768 1518 788 a
1544 759 1715 796 principibus

932 809 1115 840 sacerdotum,
1143 809 1216 844 quod
1243 817 1297 836 non
1323 809 1460 844 cepissent
1486 815 1557 836 eum.
1590 807 1716 842 Disputat

932 863 992 883 cum
1008 855 1048 882 eis
1068 854 1234 882 Nicodcmus
1253 865 1260 882 :
1278 855 1316 881 illi
1342 862 1407 882 vero
1433 862 1465 882 os
1494 854 1546 890 ipsi
1573 855 1714 882 obturant.

931 901 1010 929 Jesus
1028 909 1135 928 rursum
1152 901 1273 936 disputat
1287 907 1349 927 cum
1365 900 1405 927 eis
1423 910 1429 927 :
1444 899 1497 934 ipsi
1511 903 1608 927 contra
1630 899 1714 927 verba

931 949 990 982 ejus
1003 948 1145 975 confutare
1158 951 1304 974 conantur.
1323 945 1474 980 Subjicitur
1485 946 1518 973 de
1537 946 1651 973 muliere
1665 953 1714 973 su-

932 1002 979 1029 per
996 993 1132 1020 adulterio
1164 996 1293 1020 accusata
1321 991 1392 1027 (cap.
1404 991 1476 1026 vni).
1500 992 1600 1019 Iterum
1619 992 1652 1018 ad
1666 999 1714 1019 eos

931 1039 1063 1074 loquitur,
1081 1039 1176 1066 dicens
1190 1046 1196 1064 :
1213 1047 1221 1064 ι
1248 1037 1305 1072 Ego
1320 1037 1401 1069 vado.
1418 1045 1472 1072 quo
1486 1044 1535 1064 vos
1559 1044 1614 1064 non
1638 1040 1716 1071 pote-

931 1087 982 1114 stis
997 1086 1089 1113 venire
1100 1084 1120 1111 ⁸.
1138 1094 1147 1110 ι
1167 1083 1220 1119 Ipsi
1242 1091 1307 1110 vero
1333 1083 1477 1117 putabant,
1500 1081 1573 1117 quod
1595 1082 1715 1116 seipsum

929 1132 1011 1159 vellet
1043 1130 1208 1158 interﬁcere.
1248 1128 1350 1156 Deinde
1387 1127 1497 1155 modum
1530 1126 1627 1154 mortis
1655 1134 1712 1154 sum

931 1178 1064 1213 praedicit,
1082 1180 1110 1203 et
1124 1176 1202 1203 multi
1218 1175 1244 1202 in
1254 1183 1316 1202 eum
1332 1174 1457 1202 credunt.
1474 1173 1551 1200 Tunc
1562 1172 1629 1200 dicit
1642 1172 1712 1200 illis:

933 1233 941 1248 ι
961 1223 989 1250 Si
1009 1222 1164 1250 manseritis
1183 1222 1210 1248 in
1225 1228 1351 1248 sermone
1367 1227 1439 1252 meo,
1464 1219 1565 1246 veritas
1589 1218 1715 1246 liberabit

929 1277 978 1296 vos
987 1269 1008 1299 '.
1027 1278 1035 1295 I
1054 1274 1081 1296 et
1094 1269 1146 1295 alia
1158 1267 1252 1295 multa.
1270 1266 1369 1293 Dicunt
1387 1265 1420 1292 ad
1444 1273 1505 1293 eum
1520 1264 1606 1292 Judaei
1621 1273 1648 1291 :I
1665 1264 1716 1291 Sa-

930 1315 1080 1342 maritanus
1114 1322 1155 1345 es,
1182 1319 1209 1341 et
1229 1312 1392 1340 dzemonium
1417 1312 1500 1339 habes
1517 1311 1536 1337 '.
1558 1320 1568 1337 ι
1586 1310 1715 1338 Vicissim

930 1361 1010 1388 Jcsus
1024 1361 1108 1387 multa
1118 1359 1151 1386 ad
1167 1367 1214 1386 eos
1226 1359 1364 1388 edisserit,
1377 1357 1446 1384 inter
1459 1365 1520 1392 quae
1530 1361 1556 1384 et
1567 1357 1618 1384 hoc
1629 1356 1712 1383 dicit:

935 1416 943 1432 ι
962 1405 1114 1440 Antequam
1144 1404 1279 1432 Abraham
1314 1404 1399 1434 ﬁeret,
1426 1410 1477 1438 ego
1507 1403 1596 1430 suin’.
1613 1402 1716 1429 )Tunc

931 1460 993 1479 cum
1020 1451 1141 1486 lapidare
1168 1449 1295 1477 volebant
1315 1458 1320 1475 :
1339 1449 1396 1484 ipse
1412 1456 1476 1475 vero
1502 1448 1657 1483 disgrcssus
1681 1447 1716 1474 ab

931 1497 996 1529 illis,
1013 1497 1121 1524 curavit
1137 1504 1240 1524 czccum
1257 1496 1315 1523 luto
1332 1496 1400 1529 (cap.
1417 1495 1466 1531 lx).
1486 1494 1582 1522 Postea
1609 1494 1716 1522 edisse-

931 1546 967 1569 rit
981 1543 1014 1569 de
1030 1542 1127 1569 oribus
1143 1546 1170 1568 ct
1185 1545 1296 1576 pastore
1310 1541 1478 1576 pcrjanuam
1496 1541 1523 1567 in
1537 1540 1608 1568 ovile
1623 1540 1715 1575 ingre-

931 1587 1022 1615 diente
1040 1588 1109 1623 (cap.
1129 1588 1155 1622 ιι)
1172 1596 1179 1614 :
1196 1592 1224 1614 et
1248 1587 1368 1615 schisma
1393 1587 1482 1614 oritur
1505 1587 1576 1614 inter
1594 1586 1712 1615 Iudaeos.

933 1633 963 1660 in
977 1633 1046 1661 festo
1063 1633 1247 1661 Dedicationis
1279 1633 1434 1660 ambulabat
1445 1632 1525 1660 Jesus
1556 1632 1582 1659 in
1607 1633 1714 1667 porticu

934 1679 1098 1707 Salomonis.
1121 1680 1292 1714 interrogant
1316 1687 1378 1706 eum
1408 1678 1505 1710 Judaei.
1531 1686 1565 1705 an
1594 1679 1652 1713 ipse
1677 1678 1717 1706 sit

932 1725 1067 1753 Christus.
1086 1724 1136 1752 Ubi
1153 1733 1218 1752 vero
1242 1725 1314 1752 hunc
1339 1732 1370 1752 se
1384 1732 1445 1753 esse
1461 1724 1544 1756 dicit,
1562 1724 1659 1751 tollunt
1674 1724 1714 1751 la-

932 1769 1019 1805 pides,
1034 1773 1065 1797 ut
1077 1770 1179 1804 iaciant
1194 1769 1220 1796 in
1238 1777 1316 1802 eum;
1332 1772 1361 1796 ut
1374 1773 1463 1796 autem
1487 1772 1563 1804 rogat
1578 1769 1660 1803 hujus
1674 1769 1715 1796 ia-

932 1816 1036 1842 cinoris
1061 1823 1183 1847 causam,
1199 1815 1312 1843 veniunt
1338 1815 1372 1842 ad
1390 1814 1553 1850 capiendum
1573 1822 1646 1846 eum,
1665 1815 1713 1842 sed

933 1869 986 1888 non
1004 1865 1160 1895 potuerunt.
1177 1861 1238 1888 Abit
1253 1862 1279 1888 in
1299 1868 1361 1888 eum
1377 1860 1479 1890 locum.
1496 1859 1542 1886 ubi
1559 1859 1714 1895 baptizave~

933 1912 975 1934 rat
987 1907 1118 1934 Joannes.
1134 1907 1243 1934 Mittunt
1263 1907 1295 1934 ad
1312 1914 1373 1934 etim
1402 1914 1434 1934 ex
1463 1905 1594 1933 Bethania
1607 1906 1712 1934 Martha

932 1959 959 1981 et
978 1962 1057 1982 somr
1071 1955 1130 1988 ejus
1154 1957 1263 1988 propter
1275 1953 1407 1980 Lazarum
1420 1955 1488 1987 (cap.
1505 1958 1556 1984 ιιι).
1572 1953 1713 1981 Veientem

933 2000 972 2027 ire
994 2000 1023 2027 in
1042 1999 1162 2026 Judaeam
1186 1998 1329 2034 prohibent
1352 1997 1491 2033 discipuli.
1509 1997 1590 2025 Venit
1614 1998 1714 2025 Betha-

933 2046 1004 2072 niam
1021 2053 1027 2070 :
1043 2045 1143 2072 excitat
1161 2044 1305 2071 Lazarum.
1330 2043 1429 2071 lterum
1440 2044 1474 2071 de
1490 2043 1639 2070 occidendo
1649 2042 1714 2070 Jesu

933 2091 1089 2119 consultant
1114 2089 1210 2118 Judmi.
1229 2089 1298 2117 Tum
1321 2090 1439 2124 Caiphas
1460 2090 1614 2124 prophetat.
1631 2088 1715 2116 Sece-

932 2137 1062 2165 ditJesus
1078 2137 1104 2164 in
1134 2137 1308 2165 solitudinem
1338 2135 1477 2171 Ephraim.
1501 2134 1601 2162 Deinde
1627 2134 1714 2162 Judaei

932 2185 1004 2212 inter
1028 2191 1058 2212 se
1085 2183 1248 2218 disceptant,
1276 2190 1342 2209 num
1365 2185 1498 2209 venturus
1532 2181 1568 2208 sit
1591 2179 1624 2206 ad
1641 2179 1712 2206 diem

931 2227 1041 2256 festum.
1067 2227 1137 2254 Ante
1170 2234 1218 2254 sex
1239 2227 1298 2254 dies
1322 2226 1432 2253 Pascha:
1456 2225 1529 2252 venit
1555 2223 1715 2250 Bethaniam

88 2270 194 2298 Ἶῐλθιιτ
203 2273 270 2308 πρὸς
282 2274 363 2301 αὑτὸν
374 2275 431 2300 ἐκεῖ
445 2274 468 2300 oi
487 2274 617 2301 Ἰουδαῖοι.
626 2275 797 2310 ’Υπήντησαν
808 2275 880 2311 αὑτῷ

934 2274 1002 2308 (cap.
1018 2272 1079 2307 xtl).
1097 2272 1145 2299 Hic
1158 2275 1312 2299 comantem
1328 2271 1406 2298 unxit
1430 2270 1513 2297 Maria
1532 2277 1538 2295 :
1555 2276 1635 2304 quam
1656 2276 1713 2295 rem

89 2317 167 2351 Εχλοι
194 2319 261 2353 μετὰ
286 2318 368 2353 βαῖων
393 2319 532 2354 ἐρχομένῳ
554 2321 593 2352 εἰς
615 2321 804 2356 Ἰεροσόλυμα,
833 2321 880 2347 καὶ

89 2363 232 2399 ὀχουμένῳ
243 2365 282 2396 εἰς
295 2365 412 2400 ὀνάριον.
427 2365 493 2392 Τότε
504 2365 628 2401 ζητοῦσιν
640 2368 663 2393 οἰ
675 2366 803 2401 ’Έλληνες
817 2366 879 2393 ἰδεῖν

89 2409 185 2435 αὐτόν.
195 2410 260 2436 Τότε
271 2410 343 2444 λέγει
354 2411 402 2446 τὴν
413 2411 569 2447 παραϐολὴν
583 2412 629 2438 τοῦ
639 2411 737 2438 κόκκου
746 2412 792 2438 τοῦ
803 2412 876 2438 σίτου

88 2455 141 2480 καὶ
156 2455 217 2490 περὶ
232 2455 286 2482 τῶν
298 2456 473 2491 φοϐουμένων
486 2457 532 2483 τὸν
544 2458 668 2484 θάνατον.
682 2455 748 2484 Εἶτα
763 2458 859 2492 ἐπάγει
871 2467 876 2473 ·

90 2509 99 2521 σ
115 2499 218 2534 Πάτερ,
235 2499 344 2532 δόξασόν
358 2510 404 2527 σου
418 2501 462 2528 τὸν
475 2502 564 2528 Υἱόν·›
579 2503 625 2529 καὶ
639 2503 713 2538 φωνὴ
726 2503 832 2537 ἐγένετο
848 2504 880 2530 ἐκ

86 2545 140 2571 τοῦ
161 2546 286 2581 οὐρανοῦ.
311 2547 448 2582 Ἐνόμισεν
460 2549 474 2574 ὁ
488 2548 565 2583 ὄχλος
581 2549 694 2584 βροντὴν
706 2548 877 2583 γεγενῆσθαι.

87 2589 161 2617 Εἶτα
177 2592 302 2627 προλέγει
319 2594 409 2625 αὐτοῖς
426 2593 470 2620 τὸν
491 2594 589 2629 τρόπον
615 2594 662 2620 τοῦ
679 2595 792 2621 θανάτου
803 2615 810 2625 ,
834 2595 878 2620 καὶ

88 2638 242 2673 προτρέπει
257 2639 324 2674 πρὸς
335 2639 366 2666 τὸ
378 2640 520 2666 πιστεῦσαι
530 2648 536 2654 ”
549 2641 573 2666 οἱ
583 2640 611 2666 δὲ
623 2640 760 2674 ἠπείθουν,
777 2649 786 2664 ι
799 2641 856 2671 ἵνα,
868 2649 876 2665 ι

88 2684 195 2717 φησὶν,
235 2694 244 2709 ι
260 2685 274 2711 ὁ
290 2685 369 2719 λόγος
389 2685 498 2712 Ἡσαΐου
516 2685 658 2722 πληρωθῇ.
671 2695 680 2711 ι
698 2686 795 2712 Νίπτει
816 2686 880 2717 τοὺς

91 2727 220 2763 μαθητάς
231 2736 238 2743 “
257 2729 359 2764 ἐλέγχει
375 2730 420 2756 τὸν
441 2730 541 2756 Ἰούδαν
551 2737 558 2744 ⁸
577 2730 623 2756 καὶ
638 2730 725 2756 λαϐὼν
739 2731 840 2762 ἐκεῖνος
851 2730 880 2756 τὸ

89 2772 201 2808 ψώμιον
213 2773 324 2808 ἐξῆλθεν
338 2775 367 2801 ὲν
383 2775 470 2803 νυκτί.
485 2774 552 2803 Εἶτα
561 2776 712 2811 διαλέγεται
722 2778 778 2808 τοῖς
793 2777 879 2812 μαθη-

89 2822 154 2852 ταῖς
177 2821 192 2846 ό
225 2820 337 2852 Ἰησοῦς,
371 2821 534 2848 Ἐντέλλεται
559 2822 648 2853 αὐτοῖς
677 2823 741 2858 περὶ
759 2822 878 2857 ἀγάπης.

131 2879 142 2893 ¹
162 2877 240 2906 Joau.
259 2886 293 2910 vtI
310 2878 353 2906 68.
392 2880 402 2895 ³
421 2879 486 2907 ibid.
505 2879 548 2907 69.

93 2913 104 2928 '
124 2912 204 2940 Joan.
225 2921 276 2945 xu,
295 2914 338 2941 58.

597 2881 608 2896 ⁸
627 2879 704 2908 Joan.
723 2889 784 2912 rm,
802 2880 846 2907 “2|.

932 2320 1043 2354 indigne
1058 2319 1110 2346 fert
1135 2317 1231 2346 Judas.
1247 2317 1325 2345 iiunc
1350 2315 1498 2351 compescit
1517 2315 1605 2342 Jesus.
1623 2314 1714 2342 lsthuc

932 2367 1045 2393 veniunt
1069 2364 1154 2392 Judaei
1171 2364 1204 2391 ad
1220 2371 1292 2391 cum.
1319 2362 1473 2390 Occurrunt
1492 2362 1530 2388 illi
1552 2361 1638 2388 turba:
1651 2367 1714 2387 cum

934 2411 1019 2437 ramis
1034 2410 1198 2445 palmarum,
1210 2416 1272 2435 cum
1286 2411 1390 2442 peteret
1401 2407 1581 2441 Jcrosolyma,
1595 2409 1623 2432 et
1641 2405 1714 2432 sede-

931 2461 974 2484 ret
989 2464 1071 2491 super
1088 2456 1182 2483 asello.
1202 2455 1278 2483 Tunc
1294 2458 1388 2490 petunt
1417 2453 1502 2480 Graeci
1532 2452 1624 2479 videre
1639 2459 1712 2479 eum.

932 2501 1092 2528 Parabolain
1111 2500 1178 2527 dicit
1194 2499 1227 2527 de
1237 2507 1322 2534 grano
1336 2498 1476 2529 frumenti,
1494 2501 1520 2524 et
1533 2497 1567 2524 de
1584 2495 1649 2528 illis.
1668 2496 1714 2530 qui

936 2551 1050 2575 mortem
1075 2549 1212 2574 metuunt.
1242 2545 1360 2572 Subdit:
1381 2553 1392 2570 ι
1407 2543 1498 2574 Pater,
1524 2542 1646 2577 giorilica
1670 2540 1714 2567 Fi-

948 2593 1003 2620 iam
1030 2595 1107 2619 tuum
1120 2592 1140 2624 ⁸,
1161 2601 1170 2618 ι
1185 2595 1212 2619 et
1236 2599 1289 2618 vox
1312 2590 1383 2617 facta
1397 2595 1439 2617 est
1454 2588 1488 2616 de
1514 2588 1594 2615 cmlo.
1621 2587 1713 2614 Turba

932 2642 1009 2674 putat
1039 2638 1143 2665 tonitru
1169 2637 1335 2665 insenuisse.
1363 2635 1402 2662 De
1433 2633 1514 2661 modo
1538 2632 1635 2660 mortis
1658 2639 1715 2659 sua:

932 2683 1055 2720 praedicit
1089 2684 1161 2716 illis,
1192 2687 1219 2710 ct
1246 2683 1371 2709 hortatur
1401 2681 1434 2707 ad
1463 2679 1654 2706 credendum:
1675 2678 1714 2705 illi

932 2738 996 2758 vero
1015 2738 1068 2757 non
1095 2730 1221 2762 credunt,
1241 2738 1249 2754 ι
1270 2732 1299 2755 ιιι
1322 2735 1424 2758 sermo,
1440 2736 1450 2752 ι
1484 2725 1581 2760 inquit,
1606 2734 1615 2750 ι
1639 2723 1715 2751 Esaia:

932 2776 1090 2811 impleretur
1101 2776 1121 2803 ⁹.
1140 2785 1148 2801 ι
1163 2774 1248 2802 Lavat
1272 2773 1421 2808 discipulos
1437 2773 1506 2808 (cap.
1519 2771 1579 2807 xttt)
1602 2779 1609 2798 :
1626 2769 1715 2804 arguit

932 2820 1029 2848 Judam
1057 2830 1063 2847 :
1090 2821 1145 2851 ille,
1170 2823 1282 2854 accepta
1300 2818 1431 2850 buccella,
1455 2820 1537 2844 noctu
1564 2814 1712 2851 egreditur.

885 2880 894 2895 '
915 2880 979 2908 ibid.
1005 2881 1048 2908 52.
1088 2882 1098 2897 °
1112 2879 1175 2908 ibid.
1193 2879 1226 2906 48
1273 2879 1283 2894 ⁷
1303 2877 1368 2906 ibid.
1387 2877 1430 2904 58.
1470 2875 1480 2892 '
1499 2875 1576 2903 Joan.
1599 2882 1668 2906 xvxt.
1687 2873 1713 2904 1.
