1929 3056
200 195 254 224 ωδ

788 198 816 224 s.
834 195 1069 224 ATHANASIUS.
1083 195 1243 226 —DUBIA.
1268 191 1272 194 '

1770 198 1825 227 ιοι

201 252 305 281 Exinde
325 253 475 289 discipulos
498 253 578 282 Jesus
601 254 759 288 alloquitur.
785 253 912 288 Praecipit
931 254 986 281 illis

1039 252 1167 288 Προλέγει
1180 253 1219 288 τῷ
1232 253 1326 289 Πέτρῳ
1339 262 1388 289 την
1399 254 1520 289 ᾶρνησιν.
1534 255 1664 286 Φίλιππος
1678 255 1747 288 ἀξιοῖ
1760 255 1826 282 ἰδεῖν

200 298 385 326 dilectionem.
410 299 491 326 Petro
508 300 626 326 futuram
651 301 823 335 negationem
850 299 983 334 praadicit.

200 345 343 381 Philippus
358 346 424 381 petit
440 346 531 374 videre
551 345 658 373 Patrem
685 347 754 380 (cap.
771 346 839 380 ιμ’).
859 346 986 374 Pracdicit

201 392 242 419 eis
270 392 304 419 de
323 392 466 420 Paracleto
483 401 490 419 :
508 393 541 419 de
559 392 651 419 multis
678 392 756 428 143
779 393 840 419 aliis
865 392 987 427 loquitur

201 439 272 472 (mp.
293 438 350 473 xv).
359 442 386 466 et
399 437 638 466 accusatJudazos.
649 438 798 473 Discipulis
809 438 931 473 pnedicit
944 438 987 465 fu-

201 488 290 511 turam
307 484 512 511 tribulationem
529 486 599 519 (cap.
618 487 684 518 xw),
700 484 798 511 deinde
823 485 921 512 iterum
943 484 988 519 ju-

201 529 301 561 cunda,
310 534 337 557 et
348 530 552 557 rursustristia.
561 529 669 556 Patren)
680 530 826 566 alloquitur
836 530 984 567 (cap.xvu).

201 573 304 601 Deinde
318 574 392 601 venit
405 575 431 601 in
450 575 558 601 hortum
574 579 601 602 et
616 575 726 610 capitur
746 580 815 610 (cap.
832 577 920 610 xvnt).
937 576 988 604 Pe-

201 625 262 648 trus
281 624 404 656 amputat
417 621 568 648 auriculam
587 623 670 648 scrvi.
694 621 803 649 Ducunt
831 622 924 650 Jesum
953 624 987 650 ad

201 667 319 694 Annam.
347 667 503 702 Discipulus
528 667 628 702 aliquis
654 667 763 695 Petrum
795 668 944 696 introducit
961 669 988 696 in

202 713 304 740 aulam.
323 713 447 740 Minister
461 712 553 741 Jesum
567 714 645 740 Caedit
662 723 668 740 :
685 713 752 740 dicit
768 714 801 741 ad
813 715 886 742 hunc
906 723 912 740 :
931 725 940 740 ι
959 715 988 742 Si

201 759 272 786 male
285 759 392 786 locutus
403 767 464 787 sum
474 761 522 791 ¹⁰,›
537 764 590 787 etc.
604 761 713 788 Mittunt
726 770 788 788 cum
799 762 831 788 ad
843 761 986 796 Caipham.

201 803 300 831 Petrus
311 808 402 838 negat.
422 804 538 831 Ducitur
559 804 641 833 Jcsus
668 806 702 833 ad
725 806 854 833 Pilatum.
873 806 989 834 Crucili-

201 848 275 883 gitur
291 849 361 883 (cap.
381 851 452 884 ιιι).
477 849 600 877 Titulum
624 851 778 885 imponunt.
808 851 886 879 Stant
909 853 989 887 juxta

201 901 312 922 crucem
325 899 422 927 mater,
440 900 465 922 et
477 903 556 923 soror
569 897 665 924 matris
680 897 738 931 ejus
755 897 839 925 Maria
851 899 986 934 Cleophaz,

201 945 229 966 et
255 940 338 968 Maria
371 941 539 977 Magdalene.
570 942 647 970 Tunc
675 948 790 972 matrem
813 946 987 973 commendat

201 985 311 1014 Joanni.
334 986 442 1022 Corpus
469 988 530 1023 ejus
562 990 659 1025 sepelit
673 989 784 1026 Joseph.
822 990 987 1020 Nicodamus

202 1031 280 1059 all‘ert
295 1033 369 1061 aloes
383 1038 411 1061 ct
423 1035 539 1070 myrrha:
566 1036 650 1063 libras
667 1041 789 1064 centum.
807 1037 887 1065 Venit
903 1038 987 1066 Maria

201 1076 361 1112 Magdalene
376 1080 445 1114 (cap.
461 1081 519 1116 xx),
532 1081 604 1109 videt
620 1083 775 1117 sepulcrum
788 1091 915 1112 vacuum.
931 1085 987 1112 Vo-

201 1125 247 1150 cat
266 1121 378 1151 Petrum
391 1128 419 1151 et
433 1124 578 1154 Joannem.
598 1127 631 1154 lli
652 1129 753 1156 abeunt
770 1129 869 1161 visum,
886 1134 915 1157 ct
937 1131 989 1159 ite-

201 1176 264 1196 rum
280 1169 422 1197 secedunt.
442 1171 525 1199 Maria
543 1173 616 1201 videt
643 1175 766 1210 angelos,
779 1180 806 1203 et
828 1180 922 1211 postea
944 1176 988 1205 Je-

202 1222 263 1242 sum
281 1215 382 1249 ipsum,
399 1217 445 1252 qui
461 1221 488 1245 et
498 1219 523 1245 ei
543 1219 673 1254 loquitur.
698 1220 797 1249 Postea
823 1223 933 1250 advenit
953 1223 987 1250 ad

201 1260 363 1296 discipu103,
390 1270 453 1292 eum
474 1264 548 1293 fores
577 1271 670 1294 essent
696 1267 807 1299 clausae.
823 1273 850 1295 et
870 1268 916 1295 dat
934 1269 988 1296 illis

202 1305 336 1341 Spiritum
364 1314 502 1338 sanctum.
532 1311 636 1340 Deinde
661 1313 782 1348 loquitur
802 1313 923 1347 Thomze,
941 1315 988 1349 qui

201 1360 258 1380 non
274 1353 439 1383 crediderat.
458 1356 566 1385 Rursus
580 1363 693 1393 apparet
707 1359 852 1394 discipulis
868 1360 901 1387 ad
913 1368 988 1388 mare

201 1398 369 1433 Tiberiadis,
383 1402 428 1430 ubi
443 1407 470 1430 ct
485 1404 688 1432 multitudinem
707 1406 824 1440 piscium
845 1412 987 1442 ceperunt,

201 1449 230 1472 et
246 1447 365 1474 comedit
387 1457 448 1476 cum
473 1451 515 1478 eis
537 1451 606 1486 (cap.
634 1452 703 1488 χχι).
720 1451 802 1480 Petro
821 1454 933 1481 mandat
959 1458 990 1481 ut

201 1499 267 1520 oves
284 1501 350 1521 suas
362 1501 467 1530 pascat,
484 1498 663 1533 prmdicilque
680 1505 796 1528 mortem
809 1507 864 1535 qua
874 1501 990 1528 moritu-

202 1545 251 1566 rus
265 1544 335 1574 erat,
351 1548 383 1568 ac
394 1542 472 1575 jubet
485 1548 515 1571 ut
528 1553 558 1572 se
575 1549 718 1581 sequatur.

381 1588 460 1616 Liber
478 1590 517 1622 V,
534 1591 599 1618 Acta
618 1592 807 1626 apostolorum.

229 1638 282 1666 ὗί.
303 1637 361 1665 Hoc
376 1638 486 1665 nomine
496 1642 610 1665 vocatur
632 1638 677 1665 hic
695 1639 774 1671 liber,
789 1639 863 1674 quod
880 1644 990 1675 aposto-

201 1686 291 1713 lorum
309 1685 390 1712 simul
406 1688 466 1712 acta
487 1685 634 1712 contineat.
651 1684 703 1718 Qui
718 1694 783 1714 vero
799 1686 844 1713 illa
861 1692 989 1719 enarrat,

201 1730 292 1759 Lucas
303 1736 345 1759 est
363 1731 542 1766 evangelista.
558 1732 605 1766 qui
623 1735 649 1758 et
665 1732 763 1759 librum
779 1732 853 1759 hunc
868 1733 991 1760 conscri-

201 1778 266 1812 psit.
281 1777 330 1805 Est
340 1777 412 1805 enim
434 1785 489 1804 una
513 1785 574 1804 cuin
592 1778 724 1812 apostolis
738 1778 926 1814 peregrinatus
940 1800 947 1811 ,
963 1783 990 1807 et

200 1823 320 1850 maxime
335 1830 398 1850 cum
413 1822 508 1855 Paulo.
525 1827 552 1851 et
566 1831 627 1858 quas
643 1828 738 1851 exacte
763 1825 900 1859 cognovit,
916 1825 990 1852 litte-

201 1868 241 1895 ris
254 1867 402 1895 mandavit.
430 1868 528 1895 Narrat
551 1872 641 1895 autem
667 1869 719 1896 hoc
736 1869 816 1901 libro,
833 1872 989 1904 quomodo,

202 1914 307 1948 angelis
322 1914 546 1948 suscipientibus,
560 1914 692 1943 Dominus
706 1919 865 1950 assumptus
879 1916 931 1943 sit:
950 1915 990 1943 ef-

202 1958 338 1986 fusionem
351 1958 470 1994 Spiritus
485 1960 574 1987 sancti
591 1960 618 1987 in
634 1960 678 1988 die
704 1960 881 1989 Pentecostes
908 1969 990 1996 super

202 2005 341 2039 apostolos
354 2009 381 2032 et
394 2012 500 2039 omnes,
517 2006 564 2041 qui
587 2010 644 2032 tum
670 2011 818 2042 praesentes
846 2012 934 2040 erant,
951 2007 992 2034 fa-

201 2055 291 2078 ctam:
310 2051 509 2080 ordinationem
526 2052 644 2080 ltlatthia?
658 2053 685 2080 in
703 2054 792 2081 locum
804 2053 881 2082 Judre
896 2055 990 2090 prodi—

201 2097 289 2129 toris,
307 2102 333 2125 et
358 2098 575 2134 designationem
605 2104 707 2135 septem
733 2100 932 2133 diaconorum,
958 2108 990 2128 ac

200 2143 278 2172 Pauli
294 2145 465 2176 electionem,
481 2149 509 2173 et
523 2153 692 2181 quaecunque
707 2146 752 2174 ille
775 2155 872 2182 passus
888 2152 948 2179 est,
962 2152 989 2186 et

201 2191 338 2225 quomodo
355 2192 464 2219 tandem
480 2193 593 2219 Romam
615 2192 756 2228 profectus
771 2194 817 2221 sit.
838 2193 988 2221 Duodecim

200 2242 290 2264 autem
309 2239 495 2273 apostolorum
510 2239 620 2266 nomina
641 2244 705 2267 sunt
721 2240 772 2268 ista
790 2249 797 2267 :
815 2240 919 2274 primus
945 2240 988 2267 Si-

199 2292 273 2316 mon,
296 2285 342 2319 qui
367 2289 480 2312 vocatur
495 2285 619 2313 Petrus:
646 2287 745 2314 deinde
772 2286 891 2315 Iacobus
915 2286 987 2315 [ilius

199 2329 333 2362 Zebedzei,
355 2334 381 2358 et
395 2330 515 2359 Joannes
539 2331 622 2360 frater
647 2333 723 2368 ejus,
751 2333 874 2360 Andreas
904 2333 987 2362 frater

197 2374 283 2408 Petri,
295 2375 446 2412 Philippus,
459 2376 587 2411 Thomas,
600 2379 822 2411 Bartliolomaans,
833 2380 985 2414 Matthzcns,

197 2420 317 2450 Iacobus
329 2423 400 2450 ﬁlius
418 2424 531 2459 Alplizei,
549 2424 642 2452 Simon
658 2426 769 2457 zelotes,
784 2426 868 2455 Judas
879 2427 984 2462 Jacobi,

199 2468 245 2502 qui
261 2471 288 2495 et
303 2468 455 2497 Thaddmus
470 2470 587 2502 dicitur,
613 2474 638 2498 et
653 2471 737 2499 Judas
761 2471 921 2505 lscariotes,
939 2473 985 2507 qui

197 2514 319 2551 prodidit
343 2514 501 2545 Dominum.
521 2515 573 2544 Sed
593 2521 737 2552 postquam
754 2517 898 2545 Dominum
922 2526 987 2553 pro-

197 2559 314 2588 didisset
330 2568 362 2588 ac
378 2562 514 2596 periisset,
530 2563 559 2590 in
571 2562 630 2598 ejus
645 2563 735 2590 locum
752 2565 918 2592 constitutus
943 2569 986 2592 est

197 2606 233 2634 ab
247 2607 379 2642 apostolis
393 2607 535 2640 Matthias,
554 2613 581 2637 et
596 2614 810 2638 connumeratus
825 2619 886 2638 eum
901 2611 986 2640 unde-

196 2651 249 2679 cim
269 2652 381 2688 reliquis
395 2673 402 2685 ,
426 2653 613 2682 duodecintus.
641 2654 740 2683 Postea
755 2660 867 2684 vocatus
896 2661 938 2684 est
959 2661 986 2684 et

196 2695 310 2730 Paulus,
326 2706 376 2726 vas
391 2699 543 2732 electionis,
560 2701 717 2736 missusque
731 2705 758 2729 et
774 2703 832 2737 ipse
847 2710 908 2730 cum
919 2703 986 2730 Dar-

197 2743 269 2770 naba
281 2745 314 2772 ad
326 2745 529 2780 praedicandum
543 2747 719 2783 Evangelium
735 2747 842 2777 Domini
858 2751 985 2786 gentibus

197 2789 309 2825 ubique.
341 2791 449 2826 Septem
477 2798 569 2821 autem
592 2795 769 2824 diaconorum
798 2797 832 2825 ab
856 2799 985 2833 apostolis

195 2836 407 2864 constitutorum
423 2838 480 2866 haec
504 2844 568 2867 sunt
587 2841 718 2870 nomina:
738 2841 904 2879 Stephanus,
921 2843 985 2871 Phi-

233 2882 255 2901 ιο
273 2881 352 2911 Joan.
370 2891 453 2918 XVIII,
467 2885 513 2913 25.

234 2925 291 2967 ('52)
307 2927 408 2966 Διτρας

1035 299 1081 325 τὸν
1097 299 1214 334 Πατέρα.
1233 300 1300 335 Περὶ
1311 300 1356 328 τοῦ
1372 301 1550 336 Παρακλήτου
1567 302 1658 333 αὐτοῖς
1679 301 1806 337 προλέγει
1816 310 1824 318 ·

1035 345 1117 380 ἔτερα
1129 346 1212 372 πολλὰ
1222 346 1384 380 διαλέγεται,
1393 347 1440 373 καὶ
1454 349 1600 383 κατηγορεῖ
1610 347 1662 374 τῶν
1677 347 1826 376 Ἰουδαίων.

1036 391 1130 425 etiam
1145 391 1270 427 προλέγει
1284 393 1340 423 τοῖς
1357 392 1489 428 μαθηταῖς
1500 413 1507 424 ,
1531 393 1589 420 εἶτα
1611 393 1691 420 πάλιν
1707 393 1826 430 χρηστὰ,

1036 437 1083 464 καὶ
1099 438 1178 464 πάλιν
1191 438 1309 473 λυπηρά.
1321 439 1393 475 Πρὸς
1406 440 1451 466 τὸν
1461 439 1572 474 Πατέρα
1586 440 1747 474 διαλέγεται.
1760 439 1828 466 Εἶτα

1036 482 1144 517 ἔρχεται
1159 483 1199 515 εἰς
1222 483 1268 510 τὸν
1282 483 1370 518 κῆπον
1383 504 1390 516 ,
1408 485 1455 511 καὶ
1471 484 1695 520 συλλαμϐάνεται.
1723 486 1828 513 Κόπτει

1037 528 1141 562 Πέτρος
1151 527 1182 554 τὸ
1193 527 1272 555 ὠτίον
1285 529 1330 555 τοῦ
1343 529 1446 556 δούλου.
1461 530 1574 563 ’Λγουσι
1583 530 1628 556 τὸν
1646 529 1746 566 Ἰησοῦν
1759 530 1830 566 πρὸς

1037 574 1082 600 τὸν
1097 574 1206 600 Ἀνναν.
1236 574 1347 609 Εῐσάγει
1371 575 1385 602 ὁ
1406 575 1529 610 μαθητὴς
1542 575 1588 601 τὸν
1605 575 1708 611 Πέτρον
1723 577 1764 608 εἰς
1777 577 1829 611 τὴν

1038 620 1132 656 αὐλήν.
1147 621 1249 648 Τύπτει
1261 621 1306 648 τὴν
1330 622 1432 658 Ἰησοῦν
1446 623 1460 648 ὁ
1475 622 1630 658 ὑπηρέτης⁸
1645 622 1718 656 λέγει
1735 621 1827 657 αὐτῷ·

1041 677 1050 693 ι
1064 668 1096 693 Et
1111 667 1203 699 κακῶς
1219 667 1336 702 ἐλάλησα
1348 688 1355 700 ,
1377 677 1387 693 ›
1405 668 1452 694 καὶ
1465 668 1499 694 τὰ
1515 667 1589 702 ἑξῆς.
1607 667 1830 694 ’Δποστέλλουσιν

1038 713 1118 739 αὑτὸν
1131 712 1198 748 πρὸς
1211 713 1348 747 Καϊάφαν.
1383 713 1518 748 ’Λρνεῖται
1536 713 1647 748 Πέτρος.
1680 713 1794 746 ’Λγεται
1815 713 1830 739 ὁ

1045 758 1148 794 Ἰησοῦς
1164 758 1232 794 πρὸς
1253 759 1377 786 Πιλᾶτον.
1401 758 1586 794 Σταυροῦται,
1611 759 1659 785 καὶ
1675 759 1721 785 τὸν
1739 758 1830 785 τίτλον

1039 804 1215 832 ἐπιτιθέασιν.
1234 805 1412 841 Εἱατήκεισαν
1426 805 1500 840 παρὰ
1517 804 1555 840 τῷ
1573 805 1681 841 σταυρῷ
1695 807 1711 841 ή
1727 806 1829 841 μήτηρ,

1039 851 1086 876 καὶ
1102 851 1118 886 ή
1133 851 1232 886 ἀδελφὴ
1249 851 1298 886 τῆς
1315 851 1417 886 μητρὸς
1429 851 1510 878 αὑτοῦ
1525 851 1633 887 Μαρία,
1651 852 1667 886 ή
1683 850 1730 877 τοῦ
1745 850 1831 876 Κλεο-

1040 898 1089 928 πᾶ,
1105 897 1152 924 καὶ
1164 897 1284 932 Μαρίαὴ
1300 897 1478 933 Μαγδαληνή.
1507 897 1574 923 Τότε
1590 897 1768 932 παρατίθεται
1780 897 1831 932 τὴν

1042 943 1145 979 μητέρα
1154 943 1193 978 τῷ
1206 943 1326 980 Ἰωάννῃ.
1341 943 1444 970 Θάπτει
1455 943 1484 970 τὸ
1502 943 1580 978 σῶμα
1594 943 1704 978 Ἰωσήφ.
1716 942 1832 978 Νικόδη-

1041 998 1091 1024 μος
1102 989 1178 1025 φέρει
1191 989 1272 1024 ἀλόης
1281 989 1327 1016 καὶ
1339 989 1460 1025 σμύρνης
1469 989 1554 1024 λύτρα
1563 989 1618 1024 (52)
1628 986 1733 1016 ἑκατόν.
1744 987 1832 1014 *Ηλθε

1040 1035 1132 1070 Μαρία
1147 1035 1163 1070 ἡ
1179 1034 1357 1070 Μαγδαληνὴ,
1373 1034 1464 1069 βλέπει
1479 1034 1524 1061 τὸν
1540 1034 1624 1069 τάφον
1641 1033 1717 1060 κενόν
1728 1042 1734 1048 ·
1753 1033 1832 1060 καλεῖ

1039 1081 1085 1107 τὸν
1098 1081 1199 1116 Πέτρον
1216 1081 1262 1107 καὶ
1275 1081 1321 1108 τὴν
1339 1081 1475 1117 Ἰωάννην.
1489 1082 1520 1108 Οἱ
1531 1081 1559 1108 δὲ
1573 1081 1703 1116 ἀπῆλθον,
1721 1081 1768 1107 καὶ
1783 1081 1834 1107 πά·

1040 1126 1081 1153 λιν
1096 1126 1280 1162 ἀνεχώρησαν.
1295 1127 1392 1153 Βλέπει
1403 1127 1465 1159 τοὺς
1477 1127 1609 1162 ἀγγέλους
1625 1128 1640 1163 ἡ
1653 1127 1757 1163 Μαρία,
1771 1125 1832 1154 εἶτα

1039 1173 1084 1198 τὸν
1105 1172 1207 1207 Ἰησοῦν
1219 1192 1227 1204 ,
1247 1173 1293 1199 καὶ
1308 1173 1459 1207 διαλέγεται
1473 1173 1552 1208 αὐτῇ.
1575 1171 1641 1200 Εἶτα
1657 1173 1758 1209 ἐπέστη
1774 1174 1832 1205 τοῖς

1041 1217 1177 1253 μαθηταῖς
1194 1218 1393 1254 κεκλεισμένων
1409 1219 1463 1245 τῶν
1478 1218 1583 1254 θυρῶν,
1600 1219 1647 1245 καλ¹
1667 1219 1766 1245 ἔδωκεν
1783 1219 1832 1245 αὺ-

1039 1265 1095 1295 τοῖς
1105 1264 1218 1300 Πνεῦμα
1230 1264 1317 1299 ἆγιον.
1329 1263 1394 1291 Εἶτα
1406 1264 1444 1300 τῷ
1455 1265 1540 1300 Θωμᾷ
1549 1265 1701 1299 διαλέγεται
1712 1265 1831 1301 ἀπιστή-

1041 1317 1126 1336 σαντι.
1158 1308 1226 1337 Εἶτα
1240 1310 1320 1338 πάλιν
1334 1310 1412 1346 ὤφθη
1436 1312 1492 1342 τοῖς
1507 1311 1640 1346 μαθηταῖς
1658 1311 1702 1338 ἐπὶ
1717 1311 1767 1346 τῆς
1783 1311 1832 1338 θα-

1039 1356 1198 1392 λάσσηςτῖκ
1206 1357 1379 1394 Τιϐεριάδος·
1393 1359 1416 1384 οἱ
1425 1357 1453 1384 δὲ
1465 1358 1591 1392 ὴλίευσαν
1601 1357 1702 1392 πλῆθος
1719 1357 1831 1392 ἰχθύων,

1039 1403 1086 1429 καὶ
1100 1403 1183 1437 ἔςαγε
1201 1404 1260 1439 μετ’
1275 1404 1374 1430 αὐτῶν.
1389 1402 1456 1430 Εἶτα
1471 1404 1608 1431 ἐπιτάττει
1618 1404 1656 1439 τῷ
1667 1404 1762 1440 Πέτρῳ
1775 1413 1833 1430 ποι-

1042 1449 1146 1485 μαίνειν
1159 1450 1194 1477 τὰ
1212 1450 1346 1486 πρόϐατα,
1360 1451 1407 1478 καὶ
1425 1451 1552 1487 προλέγει
1566 1450 1652 1486 αὐτῷ,
1669 1450 1736 1485 ποίῳ
1752 1450 1835 1479 θανὰτ

1039 1504 1078 1531 τῳ
1091 1496 1277 1530 ἀποθανεῖται,
1291 1497 1338 1523 καὶ
1354 1496 1459 1523 κελεύει
1474 1496 1655 1532 ἀκολουθῆσαι
1672 1496 1755 1532 αὐτῷ.

1146 1612 1268 1638 Bianor
1279 1614 1311 1643 ε’,
1329 1611 1454 1645 Πράξεις
1462 1611 1717 1638 τῶνάποστολων.

1077 1659 1106 1687 5i
1115 1680 1121 1686 .
1137 1658 1215 1686 Οὕτω
1224 1659 1348 1686 καλεῖται
1362 1659 1392 1686 τὸ
1406 1659 1515 1694 βιϐλίον,
1529 1659 1622 1694 ἐπειδὴ
1637 1660 1684 1686 καὶ
1695 1659 1744 1692 τὰς
1759 1660 1836 1695 apd:

1042 1706 1097 1739 ξεις
1123 1705 1190 1741 ὁμοῦ
1206 1705 1261 1732 τῶν
1278 1705 1437 1732 ἀποστόλων
1459 1706 1590 1741 περιέχει.
1625 1705 1653 1732 '0
1669 1705 1696 1732 δὲ
1720 1705 1832 1741 διηγού-

1043 1760 1124 1787 μενος
1146 1750 1247 1783 ταῦτας
1274 1752 1332 1778 ἐστὶ
1358 1752 1464 1783 Λουκᾶς
1485 1753 1499 1781 ὁ
1523 1751 1726 1787 εὑαγγελιστὴς,
1749 1752 1764 1778 ὁ
1782 1753 1832 1778 καὶ

1041 1797 1121 1823 τοῦτο
1134 1796 1164 1823 τὸ
1181 1797 1282 1832 βιϐλίον
1301 1797 1475 1832 συγγράφων.
1501 1796 1688 1832 Συναπεδήμει
1705 1797 1759 1832 γὰρ
1773 1799 1830 1829 τοῖς

1041 1851 1070 1869 τε
1090 1842 1178 1874 ἄλλοις
1194 1842 1365 1875 ἀποστόλοις,
1390 1843 1437 1869 καὶ
1457 1842 1572 1878 μάλιστα
1595 1843 1633 1878 τῷ
1649 1843 1758 1878 Παύλῳ,
1781 1844 1831 1870 καὶ

1041 1888 1119 1919 εἰδὼς
1134 1888 1272 1924 ἀκριϐῶς,
1288 1889 1399 1924 γράφει.
1421 1889 1558 1923 Διηγεῖται
1577 1888 1606 1915 δὲ
1625 1888 1739 1923 ἐναὺτῷ
1757 1888 1828 1920 πῶς,

1040 1934 1163 1969 ἀγγέλων
1180 1935 1379 1966 ὑπολαϐόντων,
1402 1934 1540 1970 ἀνελήφθη
1555 1935 1568 1961 ό
1588 1934 1699 1969 Κύριος,
1717 1934 1765 1961 καὶ
1779 1935 1829 1970 τὴν

1040 1979 1087 2006 τοῦ
1101 1981 1178 2014 ἁγίου
1197 1980 1353 2016 Πνεύματος
1373 1980 1484 2015 ἔκχυσιν
1501 1980 1649 2016 γενομένην
1670 1981 1698 2008 ἐν
1711 1981 1745 2015 τῇ
1763 1981 1831 2007 Πεν-

1039 2027 1158 2061 τηκοστῇ
1182 2026 1226 2052 ἐπί
1250 2035 1280 2053 τε
1301 2027 1364 2058 τοὺς
1386 2026 1551 2058 ἀποστόλους
1574 2026 1620 2053 καὶ
1645 2026 1748 2058 πάντας
1765 2027 1830 2058 τοὺς

1040 2072 1099 2098 τότε
1112 2073 1263 2109 παρόντας·
1278 2073 1327 2108 τήν
1347 2081 1376 2099 τε
1391 2073 1557 2100 κατάστασιν
1573 2073 1618 2100 τοῦ
1633 2073 1753 2100 Ματθίου
1767 2073 1828 2100 ἀντὶ

1047 2118 1132 2145 Ἰούδα
1146 2118 1193 2145 τοῦ
1210 2120 1350 2154 προδότου,
1365 2120 1411 2146 καὶ
1425 2119 1473 2155 τὴν
1489 2119 1665 2156 προχείρησιν
1677 2119 1730 2146 τῶν
1742 2119 1762 2151 ζ’
1775 2119 1829 2147 δια-

1040 2165 1135 2197 κόνων,
1155 2165 1202 2191 καὶ
1219 2155 1267 2201 τῆν
1283 2165 1396 2201 ἐκλογὴν
1407 2165 1454 2192 τοῦ
1470 2166 1587 2198 Παύλου,
1606 2167 1652 2193 καὶ
1667 2167 1716 2193 ὅσα
1731 2166 1831 2202 ἔπαθε,-

1040 2211 1086 2236 καὶ
1111 2210 1187 2242 τέλος
1212 2211 1261 2246 τὴν
1278 2212 1317 2242 εἰς
1342 2210 1452 2247 Ῥώμην
1472 2211 1627 2246 ἀποδημίαν
1649 2211 1742 2238 αὑτοῦ.
1766 2212 1830 2245 Τῶν(

1003 2271 1024 2298 D
1042 2256 1089 2291 μὲν
1103 2254 1148 2282 οὖν
1169 2256 1272 2283 δώδεκα
1295 2257 1451 2291 ἀποστόλων
1472 2257 1506 2284 τὰ
1518 2257 1638 2293 ὀνόματά
1651 2258 1708 2284 ὲςτι
1722 2258 1809 2285 ταῦτα
1818 2267 1829 2281 ·ς

1040 2301 1148 2336 πρῶτος
1167 2302 1258 2336 Σίμων
1273 2303 1286 2328 ὁ
1300 2302 1444 2338 λεγόμενος
1459 2303 1572 2338 Πέτρος,
1594 2300 1654 2330 εἶτα
1673 2303 1798 2335 Ἰάκωϐος
1813 2304 1829 2330 ό

1038 2348 1085 2375 τοῦ
1101 2348 1254 2381 Ζεϐεδαίου,
1277 2349 1323 2375 καὶ
1345 2349 1471 2384 Ἰωάννης
1493 2349 1507 2374 ὁ
1534 2349 1646 2383 ἀδελφὸς
1671 2349 1763 2380 αὑτοῦ,
1780 2349 1829 2376 καὶ

1045 2394 1171 2430 Ἀνδρέας
1186 2396 1200 2421 ὁ
1216 2394 1329 2429 ἀδελφὸς
1344 2395 1459 2430 Πέτρου,
1489 2395 1536 2424 καὶ
1551 2394 1691 2426 Φίλιππος,
1707 2395 1753 2421 καὶ
1768 2395 1829 2422 Θω-

1040 2442 1103 2476 μᾶς,
1126 2440 1337 2477 Βαρθολομαῖος,
1361 2441 1511 2473 Ματθαῶς,
1536 2441 1662 2471 Ἰάκωϐος
1688 2441 1826 2476 Ἀλφαίου,

1037 2487 1129 2522 Σίμων
1144 2488 1158 2514 ὁ
1172 2487 1305 2523 ζηλωτὴς,
1329 2487 1428 2519 Ἰούδας
1449 2486 1587 2518 Ἰακώϐου,
1602 2488 1616 2513 ὀ
1629 2487 1675 2513 καὶ
1686 2487 1827 2520 Θαδδαῖος,

1036 2534 1085 2560 καὶ
1105 2534 1204 2566 Ἰούδας
1224 2533 1400 2570 Ἰσκαριώτης
1412 2535 1426 2560 ό
1439 2534 1486 2560 καὶ
1498 2534 1634 2569 παραδοὺς
1650 2533 1695 2559 τὸν
1710 2533 1826 2568 Κύριον.

1043 2580 1123 2607 Ἀλλὰ
1137 2581 1183 2606 τοῦ
1207 2580 1292 2607 Ἰούδα
1306 2579 1411 2612 τούτου,
1438 2579 1566 2614 προδότου
1593 2579 1749 2615 γενομένου,
1777 2581 1827 2606 καὶ

1036 2627 1215 2662 ἀπολομένου,
1242 2626 1395 2661 κατεστάθη
1421 2627 1461 2657 εἰς
1476 2626 1522 2652 τὸν
1547 2626 1651 2653 ἐκείνου
1666 2626 1748 2652 τόπον
1772 2625 1827 2652 ὑπὸ

1035 2673 1090 2699 τῶν
1110 2673 1267 2699 ἀποστόλων
1282 2672 1420 2704 Ματθίας,
1441 2672 1489 2701 καὶ
1507 2672 1752 2708 συγκατηριθμήθη
1768 2673 1827 2704 τοῖς

1036 2719 1132 2746 ἕνδεκα
1149 2719 1308 2751 δωδέκατος.
1324 2719 1401 2746 Μετὰ
1413 2718 1440 2745 δὲ
1451 2718 1538 2748 ταῦτα
1553 2718 1654 2754 ἐκλήθη
1668 2719 1714 2745 καὶ
1726 2719 1741 2744 ὁ
1753 2718 1827 2745 Παῦ-

1035 2766 1092 2799 λος,
1111 2766 1207 2798 σκεῦος
1222 2766 1347 2801 ἐκλογῆς,
1370 2766 1418 2793 καὶ
1432 2766 1571 2801 ἀπεστάλη
1595 2765 1642 2792 καὶ
1659 2765 1739 2796 αὐτὸς
1754 2765 1826 2800 μετὰ

1036 2812 1163 2848 Βαρνάϐα
1177 2811 1388 2846 εὑαγγελίσαθαι
1400 2812 1445 2838 τὸν
1459 2812 1560 2847 Κύριον
1579 2813 1635 2844 τᾶίς
1651 2811 1739 2843 ἔθνεσι
1755 2819 1826 2838 παντ

1035 2859 1129 2895 ταχοῦ,
1158 2860 1217 2886 Ἔτι
1235 2859 1263 2886 δὲ
1286 2859 1333 2886 καὶ
1352 2859 1407 2886 τῶν
1432 2858 1655 2887 κατασταθέντων
1680 2856 1756 2892 παρὰ
1768 2856 1826 2886 τῶν
