1929 3056
134 159 185 188 405

683 161 855 191 SYNOPSIS
876 162 1086 190 SCRIPTURE
1108 162 1242 190 SACRE.

1700 162 1752 190 ωδ

133 218 291 246 ἀποστόλων
315 219 384 246 ἑπτὰ
396 219 525 247 διακόνων
544 220 576 248 τὰ
599 221 719 256 ὀνόματα
735 220 820 248 ταῦτα
831 230 838 237 ·
856 221 910 248 Στέ·

971 222 1078 257 lippus,
1095 221 1262 254 Prochorus,
1287 221 1415 253 Nicanor,
1433 220 1542 254 Timon,
1557 219 1704 248 Parmenas
1726 224 1754 248 et

134 274 228 300 φανος,
242 266 385 298 Φίλιππος,
406 267 553 302 Πρόχορος,
572 267 711 302 Νικάνωρ,
726 267 828 302 Τίμων,
843 268 919 302 Παρ-

135 313 229 348 μενᾶς,
253 313 301 339 καὶ
321 312 462 344 Νικόλαος.
488 313 596 340 Τούτων
613 311 658 340 οῦν
682 313 736 340 τῶν
763 314 919 340 ἀποστόλων

132 359 181 384 καὶ
194 357 248 384 τῶν
263 358 393 385 διακόνων
407 358 456 390 τὰς
471 358 584 395 πράξεις
607 359 740 394 διηγεῖται
761 360 775 386 ὁ
800 360 916 390 Λουκᾶς,

132 404 180 430 καὶ
192 406 293 440 σημεῖα
309 405 373 439 παρ’
388 403 476 430 αὐτῶν
498 405 638 438 γεγονότα,
658 405 729 440 ἅπερ
745 405 797 431 εἰσὶ
813 405 899 432 ταῦτα
909 413 916 420 ²

132 450 237 485 Πέτρος
248 450 294 477 καὶ
315 451 441 487 Ἰωάννης
453 452 637 487 ἐθεράπευσαν
650 454 678 479 ἐν
687 453 726 488 τῷ
740 453 850 488 ὀνόματι
866 454 918 479 Κυ-

132 496 193 531 ρίου
209 496 254 522 τὸν
275 497 307 523 ὲκ
323 497 434 532 γενετῆς
450 498 546 533 χωλὸν,
563 499 606 525 τὸν
621 499 650 524 ἐν
673 500 706 534 τῇ
734 499 829 534 Ὡραίᾳ
846 499 916 534 πύλῃ

131 541 296 578 καθήμενον.
311 543 413 579 Πέτρος
433 544 556 571 Ἀνανίαν
573 545 619 571 καὶ
634 545 791 581 Σαπφεῖραν
804 545 852 580 τὴν
869 554 917 580 γυ-

129 589 213 615 ναῖκα
225 588 308 615 αὑτοῦ
324 589 432 625 ᾕλεγξε,
451 591 664 626 νοσφισαμένους
686 591 739 617 ἀπὸ
762 591 811 626 τῆς
834 591 916 626 τιμῆς

129 634 178 660 τοῦ
192 635 303 670 χωρίου,
317 637 364 662 καὶ
379 636 429 670 τῆς
450 637 617 671 ἐπαγγελίας
638 637 689 672 τῆς
710 638 749 668 είς
765 637 810 664 τὸν
833 637 914 669 Θεὸν,

130 680 177 707 καὶ
190 681 317 714 γεγόνασι
339 682 509 718 παραχρῆμα
526 683 627 718 νεκροί.
652 682 754 718 Πέτρος
770 683 799 709 ὲν
820 683 914 718 Ἰόππῃ

129 728 179 762 τὴν
195 727 384 754 ἀποθανοῦσαν
397 728 518 764 Δορκάδα
532 729 678 763 εὐξάμενος
695 730 804 764 ἤγειρεν
823 729 854 755 ἐκ
873 737 915 754 νε-

129 772 214 807 κρῶν.
231 773 334 809 Πέτρος
347 773 377 800 τὺ
388 773 418 806 ἐξ
434 774 548 810 οὐρανοῦ
563 775 659 806 σκεῦος
672 775 833 809 καθιέμενον
846 774 915 809 πλῆ-

130 826 177 853 ρες
192 819 292 850 παντὸς
309 817 378 850 ζώου
404 819 519 856 ἑώρακε.
542 820 646 856 Πέτρου
660 821 676 855 ἡ
697 820 762 847 σκιᾶ
778 820 912 855 ἐρχομένη

127 864 175 896 ἐπὶ
200 865 263 896 τοὺς
290 864 469 897 ἀσθενοῦντας
494 866 659 902 ἐθεράπευεν
675 867 783 898 αὐτούς.
812 866 914 902 Πέτρος

125 911 294 946 τηρούμενος
311 912 357 938 καὶ
371 912 511 948 δεδεμένος
530 914 559 940 ὲν
583 915 615 949 τῇ
641 913 747 948 φυλακῇ
763 911 815 938 ὑπὸ
833 901 914 946 ἀγγέ-
928 901 950 928 Β

125 955 174 988 λου
196 956 329 991 ἀπελύθη,
359 957 397 992 μὴ
422 958 528 984 είδότων
545 958 599 985 τῶν
621 957 803 993 στρατιωτῶν.
832 957 914 984 Καὶό

132 1001 256 1038 Ἡρώδης
271 1002 500 1038 σκωληκόϐρωτος
514 1003 635 1038 ὲξέψυξε.
650 1003 785 1037 Στέφανος
802 1003 912 1038 ἐποίησε

124 1047 229 1083 τέρατα
243 1048 289 1074 καὶ
305 1050 414 1084 σημεῖα.
435 1049 566 1081 Φίλιππος
589 1048 635 1075 τὸν
651 1048 777 1083 εὐνοῦχον
799 1048 913 1083 ἐπέστη-

127 1101 174 1119 σεν
189 1093 409 1127 ἀναγινώσκοντα
421 1094 467 1120 τὸν
488 1095 611 1127 Ἡσαΐαν,
627 1095 675 1122 καὶ
698 1094 844 1120 ἐϐάπτισεν
864 1094 913 1120 αύ-

125 1138 184 1171 τόν.
207 1138 236 1165 '0
262 1138 342 1170 αὐτὸς
358 1139 489 1171 Φίλιππος
506 1140 534 1166 ὲν
551 1139 691 1177 Σαμαρείᾳ
716 1138 800 1165 πολλὰ
830 1139 912 1165 πνεύ-

128 1192 204 1220 ματα
217 1183 337 1216 ἐξέϐαλε,
359 1185 406 1211 καὶ
420 1185 500 1220 χωλοὶ
520 1185 567 1212 καὶ
587 1185 801 1221 παραλελυμένοι
815 1185 911 1220 ἐθερα-

125 1229 267 1266 πεύθησαν
282 1230 328 1257 ὑπ’
344 1230 436 1257 αὑτοῦ.
453 1231 567 1263 Παῦλος,
582 1231 698 1266 ὲγγίζων
717 1232 750 1266 τῇ
763 1230 910 1266 Δαμασκῷ,

125 1272 196 1301 εἶδεν
222 1275 365 1308 ὀπτασίαν,
394 1276 440 1303 καὶ
463 1277 543 1308 εὐθὺς
566 1277 676 1312 γέγονεν
704 1276 909 1311 εὐαγγελιστής.

124 1319 231 1357 Παῦλος
246 1321 275 1348 ὲν
289 1321 424 1357 Λύστροις
438 1322 545 1355 Αἰνέαν,
563 1323 648 1359 χωλὸν
663 1324 694 1349 ἐκ
706 1323 820 1358 γενετῆς
835 1323 909 1354 ὅντα.

122 1367 308 1403 ἐθεράπευσεν
327 1369 356 1395 ἐν
371 1368 410 1404 τῷ
422 1369 533 1404 ὀνόματι
545 1369 593 1396 τοῦ
610 1370 722 1406 Κυρίου.
741 1370 846 1401 Παῦλος
857 1369 910 1396 ἀπὸ

123 1414 259 1446 ὀπτασίας
278 1416 318 1446 είς
340 1415 510 1442 Μακεδονίαν
533 1416 644 1452 ἐκλήθη.
673 1416 777 1449 Παῦλος
794 1416 842 1452 τὴν
863 1425 911 1450 γυ-

124 1461 206 1486 ναῖκα
217 1460 266 1496 τὴν
280 1461 394 1496 ἔχουσαν
410 1462 520 1497 πνεῦμα
537 1462 654 1493 Πύθονος
667 1463 823 1498 ἐκαθάρισε.
836 1462 909 1489 Παῦ-

123 1504 170 1536 λος
185 1505 233 1532 καὶ
246 1506 327 1538 Σίλας
347 1507 375 1532 ὲν
391 1506 534 1539 Φιλίπποις
549 1508 588 1539 εἰς
608 1507 732 1543 φυλακὴν
744 1508 907 1543 ἐϐλήθησαν,

123 1550 172 1577 καὶ
195 1550 413 1586 ὴσφαλισμένους
430 1549 501 1586 εἶχον
526 1552 589 1583 τοὺς
608 1551 692 1583 πόδας
718 1553 747 1578 ὲν
771 1551 810 1587 τῷ
827 1552 906 1587 ξύλῳ.

128 1596 175 1623 Ἐν
189 1596 217 1623 δὲ
232 1596 272 1632 τῷ
290 1598 458 1633 μεσονυκτίῳ
473 1598 582 1634 σεισμὸς
602 1598 707 1632 γέγονε,
726 1598 771 1624 καὶ
785 1598 908 1625 λέλυνται

122 1641 216 1668 αὐτῶν
228 1642 263 1668 τὰ
273 1641 370 1677 δεσμά.
395 1643 460 1670 Ἀπὸ
482 1643 529 1669 τοῦ
550 1643 654 1679 χρωτὸς
678 1643 783 1670 Παύλου
809 1643 909 1678 ἀπέφε-

123 1695 172 1725 ρον
191 1687 322 1723 σουδάρια
343 1689 390 1716 ἐπὶ
407 1689 470 1720 τοὺς
487 1688 666 1721 ἀσθενοῦντας
687 1689 734 1716 καὶ
752 1689 910 1725 δαιμονιῶν-

121 1740 183 1763 τας,
207 1733 254 1759 καὶ
272 1732 478 1768 ἐθεραπεύοντο.
502 1733 606 1764 Παῦλος
621 1735 649 1760 ὲν
666 1733 773 1768 Τρωάδι
793 1733 910 1760 πεσόντα

121 1776 242 1812 Εὔτυχον
248 1778 302 1804 ἀπὸ
310 1778 358 1813 τῆς
364 1777 395 1804 θυ
400 1778 471 1813 ρίόος
480 1779 526 1805 καὶ
534 1778 702 1804 ἀποθανόντα
708 1779 802 1814 ἤγειρε
810 1779 907 1813 λέγων’

125 1832 135 1848 ι
154 1823 187 1849 Ἦ
199 1823 271 1858 ψυχὴ
281 1822 363 1850 αὑτοῦ
375 1824 404 1850 ἐν
418 1823 491 1858 αὐτῷ
506 1824 589 1851 ἐστιν.
605 1834 613 1849 ι
629 1823 734 1855 Παῦλος
744 1824 909 1860 ἐπετίμησεν

120 1868 152 1894 ὲν
163 1867 269 1903 Κύπρῳ
280 1867 319 1902 τῷ
331 1868 409 1904 μάγῳ
417 1867 588 1904 Ἐλύμᾳιηκαὶ
600 1869 706 1902 ἐγένετο
715 1869 823 1903 τυφλός.
837 1869 910 1896 Παῦ-

120 1913 178 1944 λος,
192 1912 282 1940 πλέων
296 1914 325 1939 ὲν
346 1913 451 1948 Ῥώμῃ,
470 1913 619 1948 ἐχειμάσθη
638 1914 719 1945 αὑτός
733 1922 762 1940 τε
782 1915 828 1940 καὶ
843 1914 910 1941 πάν-

120 1966 167 1990 τες
191 1958 216 1984 οἱ
240 1959 269 1984 ἐν
283 1957 321 1993 τῷ
335 1958 419 1993 πλοίῳ
444 1958 491 1984 ἐπὶ
515 1958 674 1994 νυχθήμερα
691 1959 729 1985 ιδ’.
753 1959 865 1986 Πάντων
879 1969 908 1986 τε

119 2003 334 2037 προσδοκώντων
355 2004 512 2038 ἀποθανεῖν,
538 2005 680 2037 ὲπιστὰςὸ
703 2005 805 2041 Κύριος
832 2004 908 2032 εἶπεν

120 2050 208 2085 αὐτῷ,
224 2051 266 2077 ὃτι
291 2060 300 2076 ‹
326 2051 377 2078 Διὰ
391 2051 420 2077 σὲ
444 2051 612 2087 κεχάρισμαι
637 2053 743 2084 τούτοις
765 2053 794 2079 τὸ
812 2053 872 2088 ζῇν,
896 2062 906 2078 ι

120 2095 170 2122 καὶ
198 2095 350 2128 ἐσώθησαν.

120 2141 216 2168 πλοίου
232 2141 324 2177 ἔχιδνα
337 2142 428 2174 ἔδακε,
445 2144 492 2169 καὶ
504 2143 528 2169 οἱ
546 2143 594 2178 μὲν
610 2143 710 2175 πάντες
723 2143 846 2179 ἐνόμιζον
862 2145 909 2170 αῦ-

120 2187 168 2214 τδν
182 2187 305 2221 γίνεσθαι
318 2187 414 2224 νεκρόν
426 2195 433 2202 ⁸
454 2188 492 2220 ὡς
509 2188 536 2214 δὲ
556 2189 664 2224 ἀπαθὴς
685 2189 828 2224 διέμεινεν,
850 2189 908 2216 ἐνό-

387 2095 544 2128 Ἐξελοόντα
574 2096 622 2127 τὸν,
646 2096 752 2124 Παῦλον
778 2097 832 2124 ἀπὸ
861 2097 907 2124 τοῦ

969 266 1108 294 Nicotaus.
1134 267 1236 294 Horum
1254 268 1346 302 itaque
1368 267 1552 302 apestolorum
1572 270 1601 293 et
1622 265 1754 293 diacono.

971 320 1030 340 rum
1047 317 1108 339 acta
1125 317 1234 340 enarrat
1250 311 1349 344 Lucas,
1367 316 1394 339 et
1409 320 1469 347 qua:
1486 312 1520 339 ab
1537 311 1591 339 illis
1606 311 1677 338 edita
1687 314 1753 338 sunt

969 359 1057 394 signa,
1071 367 1132 393 quae
1148 359 1199 386 ista
1217 363 1281 386 sunt
1298 368 1304 386 :
1322 358 1419 385 Petrus
1443 362 1468 384 et
1489 357 1609 385 Joannes
1623 356 1752 385 claudum

968 411 1000 431 ex
1017 404 1171 434 nativitate,
1190 403 1217 430 in
1240 407 1316 437 porta
1333 401 1463 437 Speciosa
1486 402 1634 434 sedentem,
1649 401 1678 428 in
1702 408 1752 428 ηοω

967 449 1042 476 mine
1058 448 1163 475 Domini
1179 452 1322 476 curarunt.
1338 447 1435 475 Petrus
1450 446 1582 474 Ananiam
1593 452 1619 474 et
1635 446 1753 482 Sapphi-

967 501 1024 521 ram
1041 501 1153 520 uxorem
1168 493 1228 528 ejus
1244 494 1378 528 coarguit,
1394 493 1467 528 quod
1494 492 1618 521 snﬂ‘urati
1636 491 1752 520 fuissent

966 539 1000 566 de
1015 539 1102 574 pretio
1117 539 1186 573 agri,
1200 542 1227 566 et
1241 538 1275 566 de
1293 538 1477 573 promissione
1489 537 1543 565 Deo
1558 537 1630 565 facta
1641 537 1752 565 defraun

965 585 1086 616 dassent,
1099 592 1180 620 quam
1197 585 1233 612 ob
1243 592 1353 612 causam
1370 589 1397 611 et
1411 592 1426 612 e
1436 584 1550 619 vestigio
1566 585 1664 612 mortui
1675 588 1749 612 sunt.

966 629 1062 658 Petrus
1076 630 1161 666 Joppe
1177 630 1301 658 Dorcada
1317 630 1372 658 vita
1388 630 1543 658 defunctam
1556 630 1683 666 precibus
1693 631 1751 658 suis

964 685 980 704 e
997 677 1111 704 mortuis
1124 676 1263 708 excitavit.
1292 676 1390 704 Petrus
1405 684 1454 703 vas
1471 676 1578 711 plenum
1600 676 1689 707 cumis
1705 684 1752 711 ge-

964 723 1038 750 neris
1054 723 1239 750 animantibus
1254 723 1365 750 caelitus
1391 722 1540 750 demissum
1556 721 1632 750 vidit.
1650 721 1751 749 Umbra

965 767 1037 796 Petri
1052 773 1258 804 aegrotosquos
1288 768 1484 804 contingebat,
1502 768 1626 796 sanabat.
1653 767 1751 795 Petrus

964 822 1025 841 cum
1040 815 1066 841 in
1083 823 1192 843 carcere
1214 816 1313 854 ligatus
1332 819 1487 843 servaretur
1500 833 1508 847 ,
1535 821 1582 849 per
1606 813 1731 848 angelum
1742 833 1751 846 ,

965 861 1060 895 insciis
1078 861 1211 889 militibus
1226 883 1233 894 ,
1251 861 1330 903 144
1355 861 1462 889 solutus
1488 864 1541 888 est.
1569 859 1602 887 Et
1629 858 1752 887 Herodes

964 907 1097 940 vermium
1111 914 1175 935 esca
1197 898 1296 940 lactus,
1307 898 1467 942 exspiravit.
1484 905 1639 944 Stephanus
1662 905 1752 942 prodi-

964 953 1008 988 gia
1028 953 1091 981 fecit
1105 956 1132 980 et
1147 954 1235 988 signa.
1249 953 1391 988 Philippus
1414 953 1448 980 ad
1477 952 1634 980 eunuchum
1645 972 1653 986 ,
1675 951 1751 980 Isaia

963 999 1135 1034 prophetiam
1151 999 1295 1035 legentem,
1310 999 1437 1032 accessit,
1455 1003 1482 1026 et
1495 998 1642 1034 baptizavit
1659 998 1748 1026 illum.

964 1046 1036 1072 Idem
1051 1044 1193 1081 Philippus
1214 1045 1315 1073 multos
1341 1044 1428 1071 malos
1443 1044 1555 1080 spiritus
1578 1044 1605 1072 in
1626 1043 1750 1073 Samaria

963 1091 1053 1126 ejecit,
1069 1096 1096 1118 et
1112 1091 1203 1118 claudi
1231 1091 1266 1120 ab
1283 1091 1337 1124 illo,
1346 1097 1378 1118 ac
1406 1091 1545 1127 paralytiei
1571 1090 1658 1118 curati
1674 1095 1748 1118 sunt.

963 1137 1063 1165 Paulus
1074 1145 1136 1164 cum
1149 1136 1362 1172 apropinquaret
1374 1137 1516 1169 Damasco,
1526 1137 1657 1165 visionem
1670 1137 1748 1169 vidit,

963 1188 990 1210 et
1001 1192 1063 1211 mox
1078 1176 1328 1219 Evangelii-praeco
1343 1183 1430 1216 factus
1445 1187 1496 1212 est.
1512 1183 1614 1211 Paulus
1629 1191 1690 1211 cum
1705 1192 1750 1212 es-

962 1234 1004 1257 set
1018 1229 1122 1265 Lystris
1134 1229 1260 1264 lineam,
1272 1238 1287 1257 a
1304 1230 1446 1258 nativitate
1464 1230 1602 1263 claudum,
1620 1230 1648 1257 in
1661 1230 1751 1257 nomi—

962 1282 996 1302 ne
1011 1274 1116 1303 Domini
1131 1276 1247 1304 curavit.
1275 1275 1376 1304 Paulus
1392 1285 1440 1312 per
1455 1277 1588 1307 visionem
1606 1276 1633 1303 in
1659 1275 1750 1304 Mace-

962 1322 1070 1350 doniam
1095 1327 1209 1352 vocatus
1231 1327 1285 1350 est.
1310 1323 1412 1352 Paulus
1438 1324 1579 1351 mulierem
1605 1323 1749 1353 habentem

962 1368 1088 1402 spiritum
1105 1367 1238 1404 Pythonis
1253 1369 1389 1404 purgavit.
1424 1368 1526 1396 Paulus
1540 1372 1566 1396 et
1586 1367 1656 1396 Silas
1685 1367 1750 1394 Phi-

962 1412 1045 1448 lippis
1060 1412 1088 1439 in
1100 1413 1254 1440 custodiam
1268 1413 1398 1448 conjecti,
1415 1419 1441 1441 et
1454 1413 1535 1450 pedes
1561 1420 1657 1440 eorum
1674 1412 1749 1448 ligno

960 1458 1102 1485 constricti
1115 1462 1189 1486 sunt.
1207 1459 1237 1486 In
1249 1451 1340 1487 medio
1354 1463 1444 1488 autem
1462 1460 1552 1487 noctis
1568 1463 1648 1486 terra:
1657 1462 1749 1487 motus

960 1507 1039 1530 actus
1055 1507 1110 1535 est,
1123 1508 1150 1531 et
1162 1504 1252 1531 soluta
1267 1508 1332 1532 sunt
1344 1511 1439 1532 eorum
1455 1503 1576 1531 vincula.
1598 1503 1620 1529 A
1632 1510 1749 1538 corpore

960 1548 1036 1576 Pauli
1054 1549 1174 1582 sudaria,
1185 1551 1294 1586 aegrotis
1308 1558 1340 1577 ac
1355 1550 1530 1578 daemoniacis
1546 1549 1685 1583 imposita,
1699 1557 1748 1577 cu-

959 1595 1094 1623 rationem
1116 1596 1274 1624 aﬂerebant.
1300 1596 1402 1625 Paulus
1426 1596 1532 1624 Troade
1558 1595 1710 1631 Eutychum
1732 1604 1749 1624 θ

959 1642 1078 1676 fenestra
1095 1645 1251 1681 prolapsum
1267 1651 1299 1671 ac
1316 1648 1453 1670 mortuum
1469 1644 1618 1676 excitavit,
1632 1645 1746 1672 dicens:

963 1699 972 1716 (
991 1691 1088 1717 Anima
1100 1690 1161 1725 ejus
1175 1690 1202 1716 in
1218 1690 1278 1725 ipso
1294 1693 1336 1716 est
1351 1690 1381 1715 “.
1400 1699 1409 1715 ι
1426 1688 1529 1717 Paulus
1546 1689 1574 1727 in
1589 1689 1678 1726 Cypro
1690 1697 1749 1717 ma-

959 1744 1022 1771 gum
1037 1735 1158 1772 Elymam
1179 1735 1340 1770 increpavit.
1353 1736 1400 1771 qui
1417 1739 1444 1763 et
1461 1743 1551 1764 caecus
1565 1735 1678 1769 eﬂ‘ectus
1693 1740 1747 1771 est,

959 1779 1062 1808 Paulus
1077 1789 1139 1808 cum
1153 1781 1267 1808 Romam
1289 1781 1440 1816 navigaret,
1453 1785 1615 1818 tempestate
1629 1782 1748 1817 agitatus

959 1832 1000 1854 est
1015 1827 1083 1861 ipse,
1100 1831 1126 1854 et
1141 1831 1276 1862 quotquot
1290 1835 1352 1854 cum
1365 1827 1412 1855 illo
1427 1827 1455 1854 in
1471 1828 1534 1855 navi
1545 1831 1635 1861 erant,
1650 1833 1747 1856 noctes

960 1879 992 1899 ac
1005 1872 1064 1900 dies
1077 1872 1295 1907 quatuordecim.
1313 1872 1346 1899 Et
1359 1881 1421 1901 cum
1438 1873 1559 1906 universi
1570 1878 1684 1902 mortem
1700 1882 1748 1902 ea-

959 1921 1124 1952 spectarent.
1139 1918 1225 1945 astitit
1239 1917 1325 1945 Paulo
1333 1917 1466 1946 Dominus
1476 1938 1483 1950 ,
1513 1919 1608 1948 dicens
1623 1929 1630 1947 :
1645 1929 1656 1946 ι
1683 1919 1747 1949 Pro-

958 1966 1019 1997 pter
1034 1967 1060 1990 le
1076 1963 1190 1997 largitus
1222 1971 1283 1990 sum
1310 1963 1388 1996 istis,
1410 1968 1440 1991 ut
1460 1964 1552 1993 vivant
1567 1966 1607 1998 η,
1636 1975 1647 1992 ι
1665 1972 1747 2002 atque

959 2008 1060 2035 servati
1084 2013 1158 2036 sunt.
1175 2009 1290 2036 Paulum
1305 2017 1366 2036 cum
1391 2018 1406 2037 e
1426 2010 1489 2037 navi
1508 2018 1635 2046 egressus
1653 2018 1744 2045 esset,

959 2054 1052 2088 vipera
1075 2055 1238 2088 momordit,
1271 2055 1518 2091 existimabantque
1547 2064 1644 2086 omnes
1672 2059 1744 2093 quod

958 2101 1109 2129 moriturus
1133 2106 1227 2129 esset:
1245 2110 1306 2130 cum
1335 2110 1400 2130 vero
1426 2103 1527 2138 illaesus
1555 2109 1744 2138 permaneret,

962 2146 1086 2174 arbitrati
1102 2152 1167 2175 sunt
1181 2148 1261 2175 deum
1277 2156 1339 2176 esse
1361 2149 1517 2183 quemdam.
1532 2147 1640 2176 Patrem
1655 2149 1745 2178 Publii

958 2193 986 2218 in
1002 2193 1089 2220 insula
1104 2193 1258 2229 dysenteria
1272 2194 1448 2226 laborantem,
1460 2194 1595 2229 impositis
1607 2195 1743 2229 manibus,

122 2241 206 2267 μισαν
227 2232 306 2259 αὑτὸν
327 2231 396 2260 εἶναι
418 2233 487 2259 θεόν.
515 2233 566 2260 Τὸν
592 2234 699 2270 πατέρα
719 2234 853 2261 Πουπλίου
878 2235 906 2261 ὲν

962 2238 1068 2266 sanitati
1086 2239 1205 2267 restituit
1217 2239 1318 2268 Paulus
1329 2259 1338 2273 ,
1362 2243 1389 2268 et
1403 2239 1473 2268 alios
1494 2240 1594 2268 multos
1608 2240 1637 2268 in
1649 2241 1745 2274 eadem

119 2279 153 2312 τῇ
169 2278 243 2313 νήσῳ
252 2277 409 2314 δυσεντερίᾳ
420 2278 595 2313 συνεχόμενον
609 2278 800 2314 χειροθετήσας
813 2280 905 2306 ἰάσατο

959 2286 1048 2314 insula
1060 2291 1177 2321 zegrotos
1190 2288 1304 2316 curavit.

120 2323 136 2349 ὁ
160 2323 276 2356 Παῦλος,
300 2323 347 2350 καὶ
361 2323 456 2355 ἄλλους
480 2323 591 2356 πολλοὺς
616 2324 793 2356 ἀσθενοῦντας
819 2325 847 2351 ὲν
871 2327 905 2361 τῇ
922 2331 996 2367 νήσῳ
1016 2332 1208 2368 ἐθεράπευσεν.

190 2403 314 2430 Βιϐλίων
328 2405 365 2435 ς’,
390 2403 564 2432 Ἐπιστολαὶ
579 2404 736 2431 καθολικαὶ
749 2404 834 2431 ἑπτά·

315 2438 428 2465 τούτων
443 2438 543 2474 πρώτη
565 2439 712 2466 Ἰακώϐου.

156 2504 200 2531 5‘2.
214 2505 274 2532 Ἀπ’
289 2504 377 2532 αὐτῶν
393 2504 447 2532 τῶν
465 2505 627 2540 γραψάντων
647 2505 694 2532 καὶ
709 2503 788 2532 αῦται
818 2514 902 2542 προσ-

119 2550 307 2587 αγορεύονται.
321 2551 406 2582 Αὐτὸς
422 2550 610 2586 γὰρΊάκωϐος
623 2551 723 2586 ταύτην
736 2552 835 2587 γράφει
847 2554 903 2584 τοῖς

119 2597 174 2624 ἀπὸ
187 2598 241 2624 τῶν
260 2597 363 2624 δώδεκα
379 2597 470 2632 φυλῶν
486 2597 669 2632 διασπαρείσι,
693 2598 740 2624 καὶ
755 2598 902 2625 πιστεύσα-

119 2652 163 2670 σιν
178 2645 218 2676 είς
229 2644 276 2671 τὸν
289 2644 390 2680 Κύριον
404 2643 481 2679 ἡμῶν
499 2643 601 2678 Ἰησοῦν
616 2645 742 2680 Χριστόν.
759 2645 859 2680 Γράφει
875 2646 904 2672 δὲ

119 2689 311 2725 διδασκαλικὴν
327 2690 375 2725 τὴν
393 2689 562 2724 Ἐπιστολὴν,
580 2689 712 2716 διδάσκων
735 2691 799 2726 περὶ
811 2691 903 2726 διαιρο-

121 2737 172 2770 ρᾶς
186 2735 355 2771 πειρασμῶν,
368 2737 444 2768 ποῖος
458 2735 508 2771 μέν
526 2737 599 2762 ἐστιν
614 2735 667 2762 ἀπὸ
683 2735 761 2769 Θεοῦ,
787 2739 860 2769 ποῖος
875 2738 902 2764 δὲ

119 2781 175 2809 ἀπὸ
190 2781 238 2816 τῆς
253 2781 320 2813 ίδίας
339 2781 451 2817 καρδίας
477 2782 529 2808 τῶν
552 2782 720 2818 ἀνθρώπων·
748 2785 794 2811 καὶ
812 2785 851 2811 ὅτι
872 2786 902 2811 οὐ

156 2882 182 2910 ﬂ.
200 2882 259 2911 Act.
276 2890 329 2917 an,
348 2882 391 2910 10.
430 2883 452 2900 ¹¹
470 2882 529 2911 Act.
550 2891 623 2911 xxvu
637 2904 643 2916 ,
660 2883 705 2913 24.

957 2409 1036 2436 Liber
1054 2409 1104 2443 γι,
1123 2410 1250 2446 Ερὶδιοίω
1257 2412 1516 2475 ιαεΙιῧίὲεωὺξεριιιη,
1528 2421 1641 2448 quarum
1655 2415 1743 2449 prima

1264 2455 1290 2475 es
1343 2457 1389 2475 aco
1408 2457 1427 2475 ι.

1264 2455 1303 2475 est
1323 2455 1337 2474 ιΙ
1343 2455 1427 2477 ασθυι.

991 2513 1036 2540 52.
1057 2513 1098 2541 Ah
1108 2515 1266 2542 auctoribus
1286 2515 1344 2543 suis
1367 2520 1395 2544 et
1420 2517 1485 2551 ipsa
1513 2516 1622 2544 nomina
1639 2517 1743 2546 sortita

958 2562 1031 2585 sunt.
1046 2557 1122 2586 llanc
1135 2560 1207 2586 enim
1221 2559 1340 2588 Jacobus
1351 2561 1384 2588 ad
1401 2562 1541 2596 dispersos
1551 2569 1583 2589 ex
1599 2562 1742 2590 duodecim

956 2603 1096 2636 tribubus,
1120 2604 1148 2631 in
1175 2605 1318 2632 Dominum
1337 2598 1460 2634 nostrum
1485 2607 1578 2635 Iesum
1602 2608 1742 2637 Christum

956 2649 1108 2681 credentes,
1124 2650 1244 2685 scripsit.
1262 2651 1377 2686 Scripsit
1403 2657 1493 2680 autem
1514 2653 1662 2688 Epistolam
1688 2653 1743 2682 dog

956 2695 1035 2722 cendi
1054 2703 1146 2727 causa,
1159 2696 1260 2724 docens
1279 2697 1384 2725 scilicet
1398 2697 1432 2725 de
1447 2699 1627 2727 tentationum
1640 2699 1741 2728 discri-

957 2741 1039 2774 mine,
1057 2749 1180 2776 quaenam
1197 2751 1211 2769 a
1227 2742 1292 2775 Deo,
1310 2751 1370 2779 quae
1393 2752 1457 2772 vero
1472 2753 1505 2772 ex
1521 2746 1631 2781 proprio
1646 2746 1741 2781 cujus-

956 2794 1008 2822 que
1023 2787 1176 2815 mortalium
1192 2788 1274 2816 corde
1289 2789 1354 2817 sint.
1375 2789 1408 2817 Et
1419 2791 1492 2827 quod
1507 2798 1562 2819 non
1577 2791 1668 2820 verbis
1680 2796 1742 2820 ιλιι-ι
