1929 3056
189 128 242 157 υτ

766 128 795 161 S.
817 126 1046 156 ATHANASIUS.
1063 143 1097 148 —
1117 126 1230 155 DUBIA.

1782 126 1841 154 408

190 191 260 219 ιυω,
275 186 322 215 sed
335 191 362 215 et
376 187 436 222 ipso
448 193 529 222 opere
540 186 709 215 ostendenda
723 187 760 214 sit
773 187 840 215 ﬁdes
854 197 860 214 :
887 186 968 222 quod-

1022 185 1092 222 λόγῳ
1103 186 1185 221 μόνῳ,
1194 185 1260 214 ἀλλὰ
1269 186 1315 212 καὶ
1322 185 1393 221 ἔργῳ
1400 184 1536 212 δεικνύναι
1545 184 1584 211 δεῖ
1591 184 1646 220 τὴν
1659 184 1779 211 πίστιν·
1789 186 1841 211 καὶ

191 239 246 267 que
261 239 315 259 non
328 231 465 259 auditores
481 232 565 267 legis,
581 231 629 260 sed
645 231 764 260 factores
776 232 970 267 justiﬁcentur.

189 275 315 311 Praecipit
326 276 406 303 etiam
421 276 454 303 de
468 275 598 304 divitibus
611 298 618 310 ,
644 284 678 304 ne
701 277 739 304 illi
754 276 918 312 pauperibus
944 277 971 304 in

189 322 319 349 Ecclesiis
337 321 524 357 pmferantur,
544 324 591 350 sed
608 323 694 358 magis
712 323 897 358 increpentur,
914 327 973 350 tan-

188 375 270 404 quam
285 368 404 403 superbi.
425 368 545 397 Tandem
561 369 661 404 injuria
678 368 789 397 atfectos
803 369 970 402 consolatus,

188 418 216 442 et
228 414 262 442 ad
274 414 446 442 tolerantiam
460 422 548 450 usque
571 415 604 442 ad
621 415 723 450 judicis
745 415 890 443 adventum
914 423 973 443 ser-

187 462 303 491 vandam
319 462 496 495 adhortatus,
517 462 564 490 ubi
577 462 611 490 de
635 462 764 498 patientia
779 471 814 490 ex
838 462 891 494 iis,
911 470 972 497 quae

187 507 239 538 Joh
260 508 431 542 acciderunt,
455 509 600 543 admonet,
625 510 746 544 praecipit
763 512 792 536 ut
819 509 971 544 presbyteri

188 558 319 582 vocentur
329 555 363 583 ad
373 559 502 591 aegrotos;
519 555 713 590 studeaturque
726 555 862 590 quomodo
874 562 971 582 erran-

188 607 230 630 tes
245 602 279 630 ad
297 602 439 630 veritatem
450 605 655 634 convertantur,
667 609 700 629 eo
714 601 787 635 quod
803 608 907 629 merces
924 601 972 628 hu-

185 647 232 682 jus
243 647 333 683 operis
347 647 417 683 apud
427 647 571 675 Dominum
582 647 710 676 remissio
724 651 760 676 srt
775 651 948 683 peccatorum
961 655 969 674 :

188 697 270 729 atque
284 693 320 721 ita
335 693 462 720 terminat
478 692 636 728 Epistolam.

460 800 580 829 Secunda
592 822 599 835 ,
623 802 706 830 Petri.

1022 232 1071 267 οὐχ
1083 232 1108 258 οἱ
1123 231 1254 267 ἀκροαταί
1267 230 1314 258 τοῦ
1332 231 1425 266 νόμου,
1435 230 1502 257 ἀλλά
1511 231 1535 256 ot
1550 229 1670 265 ποιηταὶ
1684 229 1839 256 δικαιοῦν-

1022 288 1077 306 ται.
1093 279 1160 314 Περί
1171 288 1200 305 τε
1215 278 1350 305 πλουσίων
1366 278 1559 314 παραγγέλλει,
1583 278 1630 304 ἵνα
1654 277 1698 313 μὴ
1715 276 1840 312 προκρί-

1022 334 1119 352 νωνται
1134 324 1188 351 τῶν
1199 324 1313 360 πτωχῶν
1327 325 1352 351 οὶ
1366 324 1486 351 πλούσιοι
1503 324 1531 350 ὲν
1546 324 1605 354 ταῖς
1623 322 1836 357 Ἐκκλησίαις,

1021 371 1090 399 ἀλλὰ
1104 371 1203 407 μᾶλλον
1216 372 1263 398 καὶ
1273 371 1500 407 ὲπιπλήττωνται,
1512 370 1549 402 ὠς
1557 370 1763 405 ὑπερήφανοι.
1777 368 1838 395 Καὶ

1021 418 1097 450 τέλος
1112 417 1380 454 παραμυθησάμενος
1387 418 1449 449 τοὺς
1462 416 1678 452 ἀδικουμένους,
1693 415 1749 442 καὶ
1766 423 1839 450 προ-

1021 464 1190 500 τρεψάμενος
1218 464 1316 495 αὐτοὺς
1342 462 1526 499 μακροθυμεῖν
1552 462 1602 493 ἕως
1632 461 1692 496 τῆς
1725 468 1838 495 παρουο

1023 510 1083 541 σίας
1098 510 1145 536 τοῦ
1165 509 1270 545 κριτοῦ,
1287 509 1333 536 καὶ
1348 508 1456 542 διδάξας
1470 508 1534 544 περὶ
1550 507 1704 542 ὑπομονῆς
1722 508 1760 533 ἐκ
1777 505 1837 533 τῶν

1022 556 1068 582 τοῦ
1088 556 1152 583 Ίὼϐ⁵
1161 556 1298 592 χρηστῶν,
1315 555 1497 591 παραγγέλλει
1513 554 1748 591 προσκαλεῖσθαι
1769 555 1838 586 τοὺς

1022 602 1222 638 πρεσϐυτέρους
1234 602 1279 629 ἐπὶ
1290 603 1352 633 τοὺς
1368 601 1558 632 ἀσθενοῦντας,
1577 600 1627 627 καὶ
1652 600 1836 632 σπουδάζειν

1020 647 1195 683 ἐπιστρέφειν
1209 648 1273 679 τοὺς
1287 647 1473 683 πλανηθέντας
1488 647 1534 674 ἐπὶ
1550 646 1598 682 τὴν
1614 646 1776 682 ἀλήθειαν·
1795 644 1836 673 et-

1021 700 1066 718 vat
1091 692 1145 728 γὰρ
1169 692 1264 719 τούτου
1289 692 1384 727 μισθὸν
1406 691 1482 727 παρά
1503 692 1550 718 τοῦ
1579 692 1698 727 Κυρίου
1729 692 1835 728 ἄφεσιν

1020 738 1171 775 ἁμαρτιῶν.
1188 739 1243 766 Καὶ
1256 738 1341 770 οὕτως
1351 738 1448 765 τελειοῖ
1460 737 1510 774 τὴν
1530 737 1717 772 Ἐπιστολὴν.

1264 804 1389 840 Δευτέρα
1398 825 1405 838 ,
1417 804 1538 838 Πέτρου.

221 859 266 887 53.
286 858 319 886 Et
336 859 393 887 haec
407 867 515 894 quoque
529 860 563 887 ab
580 867 613 888 eo
628 859 802 888 denominata
823 864 875 892 est,
887 868 902 888 a
917 869 968 897 quo

1057 863 1102 891 55.
1120 863 1175 889 Καὶ
1190 862 1260 897 αὕτη
1277 862 1324 888 τοῦ
1336 861 1504 898 γεγραφότος
1515 860 1685 896 ἐπιφέρεται
1697 860 1754 895 τὴν
1767 859 1832 893 κλῆ-

186 907 229 934 est
244 904 355 940 scripta.
368 904 463 933 Petrus
478 906 535 940 ipse
553 905 624 933 enim
635 905 749 933 docendi
761 907 848 942 gratia
862 906 972 942 Episto-

186 951 239 977 lam
250 950 319 978 hanc
334 949 434 979 Iudaeis
447 951 481 978 ad
497 950 736 984 Christianismum
753 953 893 981 conversis
906 974 914 986 ,
944 953 972 981 in

186 996 355 1032 dispersione
381 997 546 1030 constitutis,
562 997 683 1033 scripsit.
709 998 763 1026 Eos
778 1000 850 1026 enim
867 1001 913 1036 qui
939 1009 973 1028 ex

184 1041 285 1070 Iudaeis
305 1042 382 1069 multi
403 1042 592 1076 crediderant,
618 1043 770 1072 conﬁrmat.
799 1045 830 1072 Et
854 1046 971 1081 primum

185 1088 295 1123 quidem
310 1088 421 1123 exponit
434 1095 466 1115 ac
480 1089 612 1122 declarat,
627 1090 700 1125 quod
713 1090 780 1119 ﬁdes
793 1091 821 1118 in
832 1091 971 1120 Christum

185 1143 201 1162 a
220 1135 360 1169 prophetis
373 1135 564 1170 prmnuntiata,
585 1140 612 1164 et
627 1144 674 1172 per
690 1137 800 1165 eosdem
819 1138 972 1173 signiﬁcata

185 1181 220 1207 sit
235 1180 401 1215 redemptio,
427 1189 487 1216 quae
518 1185 559 1209 est
585 1190 633 1217 per
658 1183 817 1219 sanguinem
843 1184 924 1219 ejus,
944 1189 971 1213 et

184 1227 256 1262 quod
271 1227 337 1261 ipsis
350 1235 381 1254 ac
395 1228 520 1262 gentibus
533 1228 625 1256 omnia
648 1229 703 1256 sint
725 1237 773 1265 per
795 1230 971 1266 Evangelium

184 1272 354 1304 annuntiata,
370 1273 398 1299 in
413 1280 474 1308 quae
493 1273 581 1309 angeli
598 1282 706 1310 quoque
727 1276 884 1311 prospicere
898 1276 971 1304 desi—

185 1316 290 1345 derant.
311 1316 412 1346 Deinde
426 1322 569 1354 postquam
586 1319 674 1348 suasit
703 1323 732 1347 ut
755 1321 836 1356 digne
857 1329 971 1349 conver-

184 1365 279 1390 sentur
298 1369 341 1396 eo,
356 1363 403 1398 qui
429 1363 503 1398 ipsos
516 1364 624 1392 vocavit
641 1385 648 1397 ,
676 1365 803 1393 admonet
826 1370 856 1393 ut
881 1375 970 1402 regem

184 1407 332 1442 honorent,
358 1413 385 1436 et
410 1409 568 1438 mulieribus
596 1411 678 1439 simul
706 1419 738 1439 ac
761 1412 829 1440 viris
857 1421 970 1441 concor-

184 1453 257 1481 diam
276 1454 407 1489 przecipit.
427 1454 459 1482 Et
474 1455 520 1483 ubi
545 1456 579 1484 ad
602 1465 692 1486 mores
714 1458 846 1487 honestos
875 1460 970 1494 paucis

184 1499 343 1528 adhortatus
357 1505 409 1534 est,
425 1502 559 1537 signiﬁcat
576 1503 629 1531 illis
643 1523 650 1536 ,
671 1505 743 1539 quod
763 1508 790 1533 et
816 1505 912 1534 inferis
933 1505 971 1533 fa-

184 1550 225 1575 cta
244 1547 280 1574 sit
294 1553 309 1573 a
330 1546 445 1574 Domino
457 1549 614 1583 praedicatio
629 1549 726 1578 salutis
748 1554 775 1578 et
791 1553 971 1580 resurrectio-

183 1591 238 1624 nis,
256 1591 333 1628 145
347 1597 376 1619 ιιι
390 1598 416 1620 et
432 1593 450 1620 ii
466 1594 512 1629 qui
541 1599 620 1622 antea
644 1597 744 1624 mortui
770 1602 851 1630 sunt,
878 1607 970 1627 resur-

183 1640 265 1672 gant,
280 1641 307 1665 et
328 1638 486 1672 judicentur
503 1640 612 1675 quidem
639 1642 667 1669 in
686 1650 800 1678 corpore
811 1664 819 1676 ,
842 1644 868 1671 in
883 1645 969 1680 gratia

183 1691 248 1712 vero
264 1687 472 1716 resurrectionis
489 1689 655 1723 persistant;
678 1693 705 1715 ct
725 1690 798 1724 quod
825 1690 886 1718 ﬁnis
911 1699 970 1718 om-

184 1729 260 1755 nium
275 1731 532 1768 appropinquaverit
544 1753 552 1765 ,
575 1740 724 1769 omnesque
739 1737 826 1768 parati
845 1743 907 1763 esse
920 1737 968 1764 de-

1024 918 1066 936 σιν
1079 917 1086 923 ·
1105 907 1185 940 αὐτὸς
1209 907 1262 944 γὰρ
1286 907 1387 942 Πέτρος
1406 908 1462 938 τοῖς
1483 907 1513 932 ὲν
1531 907 1564 942 τῇ
1582 905 1733 940 διασπορᾷ
1750 902 1830 932 οὖσιν

1030 955 1176 986 Ἰουδαίοις,
1190 954 1237 981 καὶ
1253 953 1410 989 γενομένοις
1433 953 1618 988 Χριστιανοῖς,
1650 951 1764 987 γράφει
1779 951 1831 987 τὴν

1022 1000 1166 1035 ἐπιστολὴν
1180 999 1380 1034 διδασκαλικὴν.
1401 998 1509 1033 Ἐπειδὴ
1523 997 1577 1033 γὰρ
1594 997 1655 1024 ἀπὸ
1683 997 1829 1024 Ἰουδαίων

1022 1047 1196 1080 ἐπίστευσαν,
1222 1045 1394 1080 ὲπιστηρίζει
1417 1045 1525 1076 αὐτούς.
1549 1044 1605 1070 Καὶ
1629 1043 1751 1079 πρῶτον
1779 1042 1829 1078 μὲν

1021 1093 1214 1129 ἐξηγεῖταικαὶ
1225 1091 1425 1123 ἀποδείκνυσιν,
1440 1092 1481 1117 ὃτι
1498 1092 1514 1127 ἡ
1529 1092 1569 1122 εἰς
1583 1090 1714 1127 Χριστὸν
1731 1089 1826 1121 πίστις

1021 1138 1075 1165 ἀπὸ
1088 1138 1142 1164 τῶν
1157 1136 1305 1173 προφητῶν
1324 1137 1492 1172 κατηγγέλη,
1514 1136 1560 1164 καὶ
1577 1136 1610 1162 δι’
1636 1136 1737 1162 αὐτῶν
1758 1136 1827 1170 ὲμη-

1021 1184 1088 1218 νύοη
1102 1184 1118 1219 ἡ
1133 1183 1176 1209 διὰ
1190 1183 1237 1209 τοῦ
1251 1183 1365 1218 αἵματος
1381 1183 1463 1209 αὐτοῦ
1478 1181 1628 1218 λύτρωσιςι
1654 1182 1708 1208 καὶ
1723 1181 1767 1207 ὅτι
1778 1180 1826 1207 αὺ-

1020 1231 1077 1261 τοῖς
1094 1230 1211 1260 καὶτοῖς
1234 1228 1338 1255 ἑθνεσιν
1355 1228 1540 1263 εὐηγγελίσθη
1559 1228 1593 1254 τά
1610 1228 1720 1260 πάντα,
1747 1228 1790 1258 εις
1807 1225 1824 1253 ἃ

1020 1274 1130 1308 ἄγγελοι
1144 1273 1306 1309 ἐπιθυμοῦσι
1317 1273 1487 1309 παρακύψαι.
1505 1272 1582 1307 Εἶτα,
1604 1271 1824 1308 συμϐουλεύσας

1020 1319 1103 1352 ἀξίως
1118 1319 1164 1346 τοῦ
1177 1319 1340 1351 καλέσαντος
1357 1318 1584 1355 ἀναστρέφεσθαι,
1602 1318 1764 1354 προτρέπει
1776 1317 1823 1344 καὶ

1021 1365 1132 1400 βασιλέα
1143 1365 1236 1400 τιμᾷηλ,
1256 1365 1363 1399 γυναιξί
1375 1373 1404 1391 τε
1421 1365 1467 1391 καὶ
1481 1364 1607 1400 ἀνδράσιν
1621 1363 1822 1400 ὁμοφροσύνην

1021 1411 1213 1446 παραγγέλλει.
1230 1411 1285 1438 Καὶ
1305 1412 1344 1442 εἰς
1358 1410 1392 1437 τὰ
1415 1410 1467 1446 ἤθη
1486 1410 1658 1446 παραινέσας
1671 1410 1765 1445 ὀλίγα,
1776 1418 1821 1444 ση-

1022 1458 1123 1493 μαίνει,
1145 1457 1185 1484 ὃτι
1199 1457 1246 1484 καὶ
1271 1457 1312 1488 είς
1325 1457 1371 1484 τὸν
1392 1457 1458 1493 ᾅδην
1480 1457 1574 1491 γύγονε
1593 1458 1676 1493 παρά
1699 1456 1748 1483 τοῦ
1767 1457 1821 1483 Κυ-

1022 1504 1079 1540 ρίου
1106 1504 1136 1530 τὺ
1158 1504 1289 1539 κήρυγμα
1312 1503 1360 1538 τῆς
1388 1503 1524 1539 σωτηρίας
1551 1504 1598 1530 καὶ
1622 1503 1816 1533 ἀναστάσεως,

1022 1551 1064 1577 ἵνα
1075 1551 1121 1577 καὶ
1131 1550 1156 1576 οἱ
1167 1549 1347 1580 ἀποθανόντες
1358 1549 1505 1581 ἀναστῶσι,
1518 1549 1564 1575 καὶ
1578 1549 1702 1585 κριθῶσι
1721 1549 1770 1584 μὲν
1789 1549 1818 1575 ἐν

1020 1596 1059 1632 τῷ
1068 1596 1183 1631 σώματι,
1194 1597 1227 1632 τῇ
1243 1595 1271 1621 δὲ
1286 1595 1377 1630 χάριτι
1391 1595 1440 1630 τῆς
1453 1595 1631 1627 ἀναστάσεως
1645 1595 1813 1631 διαμένωσι’

1019 1643 1067 1669 καὶ
1088 1643 1127 1669 ὃτι
1151 1641 1182 1669 τὸ
1198 1641 1274 1673 τέλος
1297 1641 1404 1667 πάντων
1427 1640 1519 1668 λοιπὸν
1535 1641 1647 1676 ἧγγισε,
1672 1641 1721 1668 καὶ
1741 1639 1815 1674 ὀφεί-

1019 1689 1094 1716 λουσι
1106 1688 1204 1718 πάντες
1216 1687 1317 1721 ἕτοιμοι
1332 1685 1465 1719 γίνεσθαι,
1476 1686 1512 1718 ὠς
1524 1686 1601 1720 λόγον
1616 1686 1766 1718 ἀποδόντες
1775 1685 1814 1720 τῷ

1021 1736 1111 1772 κριτῇ.
1129 1733 1183 1760 Καὶ
1196 1731 1281 1763 οὕτως
1297 1731 1394 1758 τελειοῖ
1402 1731 1450 1767 τὴν
1471 1731 1643 1768 Ἐπιστολὴν.

182 1775 265 1805 brant
279 1777 312 1803 ad
325 1777 534 1812 dandamjudici
551 1780 692 1807 rationem.
706 1780 794 1815 Atque
809 1782 846 1808 ita
856 1782 957 1810 claudit
972 1782 1131 1819 Epistolam.

423 1859 522 1892 Tertia,
534 1863 558 1887 et
570 1860 628 1895 ipsa
641 1860 727 1888 Petri.

219 1924 264 1952 54.
280 1923 343 1951 Pari
358 1925 439 1952 modo
449 1928 477 1952 et
491 1925 543 1953 ista
556 1927 590 1953 ab
606 1927 700 1955 eodem
710 1929 876 1964 conscripta,
893 1929 967 1964 ejus-

185 1969 248 1998 dem
263 1977 362 1997 nomen
374 1970 494 2005 prazl‘ert.
512 1970 578 1998 Nam
600 1971 671 1999 idem
686 1972 784 2002 Petrus
803 1978 830 2002 et
844 1975 914 2002 hanc
932 1974 966 2002 ad

185 2023 233 2047 eos
254 2015 375 2051 scripsit,
391 2016 438 2051 qui
458 2016 515 2051 jam
531 2017 714 2045 crediderant.
733 2018 782 2046 Est
803 2024 893 2047 autem
909 2021 967 2047 haec

182 2062 320 2098 Epistola,
351 2063 574 2091 commemoratio
609 2064 740 2100 priorum.
771 2065 839 2093 Cum
873 2071 967 2094 nosset

183 2109 255 2136 enim
277 2108 332 2135 cito
348 2107 468 2136 futuram
484 2109 608 2143 corporis
627 2110 669 2136 sui
683 2110 887 2143 resolutionem,
906 2119 965 2138 ma-

183 2159 244 2181 turo
258 2161 354 2181 omnes
371 2153 513 2180 admonuit
524 2153 557 2180 de
570 2153 704 2188 doctrina,
719 2163 772 2190 qua
789 2155 892 2190 pridem
907 2156 966 2184 fue-

1159 1862 1257 1895 Τρίτῃ,
1278 1858 1371 1886 πάλιν
1386 1858 1433 1885 καὶ
1451 1858 1526 1892 αὕτη
1542 1858 1670 1893 Πέτρου.

1054 1929 1099 1957 54.
1107 1928 1223 1964 Ὁμοίως
1231 1926 1278 1954 καὶ
1288 1925 1356 1961 αὕτη
1372 1925 1448 1961 παρά
1461 1925 1507 1952 τοῦ
1519 1924 1600 1952 αὑτοῦ
1610 1925 1749 1961 γραφεῖσα
1760 1924 1807 1958 τὴν

1018 1975 1114 2002 τούτου
1130 1974 1185 2009 ἔχει
1201 1972 1357 2008 ὀνομασίαν.
1367 1971 1452 2002 Αὐτὸς
1465 1970 1517 2006 γὰρ
1528 1971 1632 2006 Πέτρος
1645 1971 1693 1998 καὶ
1708 1969 1807 2005 ταύτην

1019 2020 1170 2048 ἐπιστέλλει
1184 2020 1238 2051 τοῖς
1247 2019 1296 2054 ἤδη
1309 2018 1494 2045 πιστεύσασιν.
1504 2018 1580 2044 Ἐστι
1593 2017 1623 2044 δὲ
1640 2015 1805 2053 ἠῈπιστολὴ

1020 2067 1174 2101 ὑπόμνησις
1191 2064 1245 2091 τῶν
1263 2063 1388 2100 πρώτων.
1409 2063 1495 2096 Εἰδὼς
1514 2063 1569 2099 γὰρ
1588 2065 1702 2099 ταχεῖαν
1725 2061 1804 2090 αὐτοῦ

1018 2111 1126 2137 ἔσεσθαι
1137 2111 1184 2146 τὴν
1194 2110 1320 2137 ἀνάλυσιν
1331 2109 1378 2136 τοῦ
1395 2108 1687 2144 σώματος,ὲσπούδασε
1703 2107 1802 2137 πάντας

1019 2156 1174 2192 ὑπομνῆσαι
1185 2156 1248 2191 περὶ
1259 2153 1295 2182 ὧν
1308 2154 1499 2190 κατηχήθησαν
1507 2153 1554 2190 τὴν
1561 2152 1802 2181 διδασκαλίαν.Καὶ

183 2203 245 2227 rant
259 2199 388 2227 instituti.
402 2199 435 2226 Et
451 2200 568 2235 primum
592 2200 701 2235 quidem
717 2201 751 2228 de
773 2201 825 2229 ﬁde
845 2202 966 2234 disserit,

1020 2201 1127 2236 πρῶτον
1137 2201 1185 2236 μὲν
1195 2201 1315 2236 περὶτῆς
1327 2200 1443 2232 πίστεως
1454 2199 1600 2234 ἐξηγεῖται,
1612 2200 1660 2226 καὶ
1669 2199 1800 2225 δείκνυσιν

182 2250 210 2274 et
229 2246 356 2279 ostendit,
372 2246 444 2281 quod
459 2253 475 2273 a
486 2246 623 2281 prophetis
644 2247 689 2273 illa
706 2247 741 2275 sit
755 2249 926 2280 annuntiata,
941 2252 969 2276 et

182 2293 256 2328 quod
285 2292 434 2329 prophetia:
457 2292 491 2320 de
515 2291 654 2320 Salvatore
676 2301 731 2322 non
755 2294 810 2321 sint
831 2294 966 2327 humanae,

183 2339 231 2367 sed
245 2347 261 2366 a
277 2339 332 2367 Deo
347 2339 544 2374 praenuntiata.
568 2339 668 2367 Deinde
690 2339 834 2368 denuntiat
855 2341 920 2373 illis,
933 2349 968 2369 ne

183 2385 374 2413 seductoribus
394 2384 545 2417 attendant,
566 2385 674 2413 illorum
698 2386 875 2422 perditionem
893 2386 968 2414 futu-

182 2439 241 2458 ram
253 2432 412 2466 praedicens,
421 2432 648 2468 quemadmodum
658 2435 685 2459 et
701 2433 802 2468 angelis
813 2438 966 2469 transgres-

184 2477 294 2505 sorihus
313 2478 437 2513 contigit.
458 2477 600 2513 Signiﬁcat
622 2481 711 2505 autem
735 2477 763 2505 in
781 2478 832 2505 hac
846 2478 967 2513 Epistola

184 2524 292 2552 futuros
306 2524 374 2557 dies,
388 2524 487 2560 quibus
498 2525 625 2553 illusores
640 2525 741 2560 passim
758 2524 923 2557 circuibunt,
940 2528 967 2553 et

183 2571 357 2598 conabuntur
373 2571 480 2606 aliquos
504 2571 645 2604 seducere,
670 2570 802 2603 dicentes,
819 2570 892 2605 quod
908 2570 966 2597 ina-

182 2618 252 2645 niter
266 2624 281 2643 a
302 2616 382 2645 nobis
401 2616 565 2652 praedicetur
581 2617 714 2644 adventus
730 2616 877 2644 Salvatoris
893 2615 966 2647 futu-

182 2668 241 2693 rus,
257 2668 290 2689 eo
305 2661 378 2696 quod
398 2661 422 2689 is
437 2668 499 2688 cum
523 2669 630 2696 semper
651 2661 824 2696 praedicetur,
844 2661 965 2689 nondum

181 2706 296 2735 venerit.
315 2706 358 2734 Ab
375 2707 419 2734 his
435 2707 516 2743 igitur
536 2707 655 2734 maxime
677 2707 813 2735 abstinere
832 2707 964 2742 prmcipit,

181 2750 302 2784 docens,
326 2759 360 2779 ne
381 2759 464 2779 morae
479 2759 562 2780 causa
582 2752 702 2779 animum
723 2751 941 2786 despondeamus
957 2761 963 2780 :

182 2805 262 2826 omne
274 2805 395 2833 namque
408 2802 514 2833 tempus
535 2798 603 2826 nihil
622 2806 683 2826 esse
699 2798 727 2825 in
743 2803 892 2834 conspectu
913 2799 966 2825 Do-

180 2844 257 2879 mini,
274 2851 336 2874 cum
358 2853 412 2873 una
434 2844 493 2873 dies
512 2844 548 2873 sit
569 2845 656 2873 instar
680 2844 754 2873 mille
776 2852 921 2880 annorum,
938 2849 965 2874 et

1019 2246 1072 2272 ἀπὸ
1087 2246 1141 2273 τῶν
1164 2245 1311 2281 προφητῶν
1328 2245 1411 2280 αὐτὴν
1432 2245 1638 2280 εὐηγγελίσθαι·
1655 2245 1700 2272 καὶ
1718 2244 1757 2270 ὅτι
1772 2241 1799 2268 αἱ

1019 2293 1181 2328 προφητεῖαι
1194 2292 1222 2319 αἱ
1241 2292 1304 2327 περὶ
1319 2291 1366 2318 τοῦ
1381 2291 1504 2327 Σωτῆρος
1519 2292 1568 2318 οὐκ
1584 2292 1652 2318 εἰσὶν
1666 2288 1799 2324 ἀνθρώπι-

1017 2347 1071 2370 ναι,
1088 2338 1156 2365 ἀλλὰ
1167 2338 1242 2374 παρὰ
1253 2338 1320 2364 Θεοῦ
1334 2338 1512 2373 ἐλαλήοησαν.
1521 2338 1637 2365 Ἔπειτα
1647 2332 1797 2371 παραγγέλ-

1017 2383 1055 2410 λει
1071 2384 1107 2419 μὴ
1123 2384 1266 2419 προσέχειν
1275 2385 1330 2415 τοῖς
1343 2383 1476 2416 ἀπατῶσι,
1494 2383 1579 2418 λέγων
1594 2383 1700 2410 ἔσεσθαι
1712 2379 1795 2408 αὐτῶν

1017 2430 1164 2463 ἀπώλειαν,
1182 2430 1275 2466 ὥσπερ
1295 2431 1341 2457 καὶ
1356 2431 1408 2457 τῶν
1423 2430 1604 2466 παραὸἁντων
1620 2429 1738 2464 ἀγγέλων
1751 2425 1794 2459 γέ-

1016 2486 1087 2512 γονε,
1104 2477 1258 2512 Προμηνύει
1274 2477 1302 2503 δὲ
1316 2477 1345 2503 ἐν
1359 2478 1393 2511 τῇ
1402 2475 1542 2511 Ἐπιστολῇ
1560 2476 1665 2511 ἡμέρας
1680 2471 1792 2501 ἔσεσθαι,

1016 2522 1045 2548 ὲν
1053 2518 1096 2553 αἷς
1106 2521 1254 2557 ἐμπαῖκται
1268 2529 1301 2547 πε
1307 2521 1492 2556 ριπατήσουσι,
1505 2521 1552 2547 καὶ
1562 2520 1716 2555 θελήσουσιν
1727 2516 1793 2542 ἁπα-

1016 2569 1065 2603 τᾷν
1082 2576 1168 2599 τινας,
1188 2567 1312 2602 λέγοντες
1328 2566 1415 2602 μάτην
1440 2566 1565 2600 λέγεσθαι
1579 2567 1643 2602 παρ’
1658 2563 1732 2600 ἡμῶν
1747 2561 1793 2595 τὴν

1017 2614 1168 2650 παρουσίαν
1185 2614 1232 2640 τοῦ
1246 2613 1381 2649 Σωτῆρος,
1392 2613 1434 2640 διὰ
1444 2613 1474 2639 τὸ
1483 2613 1526 2639 ἀεὶ
1541 2611 1676 2647 λέγεσθαι,
1687 2608 1731 2636 καὶ
1743 2606 1791 2642 μή-

1018 2669 1061 2688 πω
1073 2659 1281 2696 παραγενέσθαι.
1294 2659 1361 2694 ῘΑπὺ
1380 2658 1481 2685 τούτων
1495 2656 1540 2685 οὖν
1555 2658 1601 2685 καὶ
1615 2655 1726 2693 μάλιστα
1741 2652 1790 2678 άπ-

1016 2706 1124 2742 έχεσθαι
1136 2705 1329 2741 παραγγέλλει,
1343 2705 1485 2737 διδάσκων,
1498 2704 1535 2740 μὴ
1551 2703 1687 2739 ὀλιγωρεῖν
1700 2701 1727 2726 έν
1737 2696 1790 2732 τοῖς

1016 2753 1131 2788 χρόνοις.
1147 2752 1239 2779 Πάντα
1255 2751 1308 2787 γὰρ
1325 2751 1370 2778 τὸν
1384 2751 1477 2786 χρόνον
1501 2750 1584 2786 μηδὲν
1602 2747 1668 2776 εἶναι
1682 2744 1788 2788 ὲνώπιςν

1016 2784 1129 2834 Κυρίου,
1140 2797 1184 2824 διὰ
1195 2797 1226 2824 τὸ
1237 2784 1283 2824 καὶ
1293 2784 1346 2832 ⁷τὴν
1360 2784 1422 2832 μίαν
1437 2784 1542 2832 ἡμέραν
1556 2796 1593 2828 ὡς
1605 2795 1674 2831 χίλια
1689 2791 1730 2824 ἐτη
1749 2784 1785 2834 εξ

1016 2831 1069 2878 ναι,
1086 2844 1132 2872 καὶ
1149 2843 1184 2871 τά
1201 2843 1271 2879 χίλια
1291 2831 1336 2879 ἔτη
1356 2843 1393 2875 ὠς
1414 2843 1518 2878 ἡμέραν
1541 2835 1744 2880 μίαν.”ΕσεσΘαι
1758 2831 1783 2862 δὲ
