  <div class='ocr_page' id='page_1' title='image "/cluster/home/n/w/nwhite01/storage/ocr_20150623/28/njp.32101007506148/216.png"; bbox 0 0 1929 3056; ppageno 0'>
   <div class='ocr_carea' id='block_1_1' title="bbox 81 167 135 195">
    <p class='ocr_par' dir='ltr' id='par_1_1' title="bbox 81 167 135 195">
     <span class='ocr_line' id='line_1_1' title="bbox 81 167 135 195; baseline -0.019 0"><span class='ocrx_word' id='word_1_1' title='bbox 81 167 135 195; x_wconf 67' lang='lat'><strong>699</strong></span> 
     </span>
    </p>
   </div>
   <div class='ocr_carea' id='block_1_2' title="bbox 633 166 1188 200">
    <p class='ocr_par' dir='ltr' id='par_1_2' title="bbox 633 166 1188 200">
     <span class='ocr_line' id='line_1_2' title="bbox 633 166 1188 200; baseline 0.007 -5"><span class='ocrx_word' id='word_1_2' title='bbox 633 166 804 195; x_wconf 80' lang='lat' dir='ltr'><strong>SYNOPSIS</strong></span> <span class='ocrx_word' id='word_1_3' title='bbox 824 166 1032 198; x_wconf 66' lang='lat' dir='ltr'><strong>SCRIPTURE</strong></span> <span class='ocrx_word' id='word_1_4' title='bbox 1051 171 1188 200; x_wconf 66' lang='lat' dir='ltr'><strong>SACRzE.</strong></span> 
     </span>
    </p>
   </div>
   <div class='ocr_carea' id='block_1_3' title="bbox 1654 171 1706 199">
    <p class='ocr_par' dir='ltr' id='par_1_3' title="bbox 1654 171 1706 199">
     <span class='ocr_line' id='line_1_3' title="bbox 1654 171 1706 199; baseline 0.019 -1"><span class='ocrx_word' id='word_1_5' title='bbox 1654 171 1706 199; x_wconf 75' lang='lat'><strong>“0</strong></span> 
     </span>
    </p>
   </div>
   <div class='ocr_carea' id='block_1_4' title="bbox 80 223 870 260">
    <p class='ocr_par' dir='ltr' id='par_1_4' title="bbox 80 223 870 260">
     <span class='ocr_line' id='line_1_4' title="bbox 80 223 870 260; baseline 0 -8"><span class='ocrx_word' id='word_1_6' title='bbox 80 223 189 259; x_wconf 81' lang='grc' dir='ltr'>ταχέως</span> <span class='ocrx_word' id='word_1_7' title='bbox 205 223 255 258; x_wconf 83' lang='grc' dir='ltr'><strong>τὴν</strong></span> <span class='ocrx_word' id='word_1_8' title='bbox 274 223 381 258; x_wconf 80' lang='grc' dir='ltr'><strong>ἡμέραν</strong></span> <span class='ocrx_word' id='word_1_9' title='bbox 398 223 500 260; x_wconf 83' lang='grc' dir='ltr'>Κυρίου</span> <span class='ocrx_word' id='word_1_10' title='bbox 515 223 724 258; x_wconf 85' lang='grc' dir='ltr'>διαϐεϐαιοῦται,</span> <span class='ocrx_word' id='word_1_11' title='bbox 745 225 792 252; x_wconf 63' lang='grc' dir='ltr'><strong>καλ⁸</strong></span> <span class='ocrx_word' id='word_1_12' title='bbox 804 225 870 252; x_wconf 77' lang='grc' dir='ltr'>ἀπο-</span> 
     </span>
    </p>
   </div>
   <div class='ocr_carea' id='block_1_5' title="bbox 924 223 1707 260">
    <p class='ocr_par' dir='ltr' id='par_1_5' title="bbox 924 227 1707 257">
     <span class='ocr_line' id='line_1_5' title="bbox 924 227 1707 257; baseline 0.004 -3"><span class='ocrx_word' id='word_1_13' title='bbox 924 227 996 255; x_wconf 90' lang='lat' dir='ltr'><strong>mille</strong></span> <span class='ocrx_word' id='word_1_14' title='bbox 1015 228 1079 256; x_wconf 84' lang='lat' dir='ltr'><strong>anni</strong></span> <span class='ocrx_word' id='word_1_15' title='bbox 1093 228 1180 256; x_wconf 89' lang='lat' dir='ltr'><strong>instar</strong></span> <span class='ocrx_word' id='word_1_16' title='bbox 1200 228 1281 255; x_wconf 89' lang='lat' dir='ltr'><strong>unius</strong></span> <span class='ocrx_word' id='word_1_17' title='bbox 1299 227 1364 256; x_wconf 87' lang='lat' dir='ltr'><strong>diei.</strong></span> <span class='ocrx_word' id='word_1_18' title='bbox 1380 227 1502 255; x_wconf 81' lang='lat' dir='ltr'><strong>Aliirmat</strong></span> <span class='ocrx_word' id='word_1_19' title='bbox 1519 228 1601 256; x_wconf 86' lang='lat' dir='ltr'><strong>simul</strong></span> <span class='ocrx_word' id='word_1_20' title='bbox 1616 235 1643 256; x_wconf 87' lang='lat' dir='ltr'><strong>et</strong></span> <span class='ocrx_word' id='word_1_21' title='bbox 1659 229 1707 257; x_wconf 84' lang='lat' dir='ltr'><strong>de-</strong></span> 
     </span>
    </p>
   </div>
   <div class='ocr_carea' id='block_1_6' title="bbox 81 269 872 306">
    <p class='ocr_par' dir='ltr' id='par_1_6' title="bbox 81 269 872 306">
     <span class='ocr_line' id='line_1_6' title="bbox 81 269 872 306; baseline 0 -8"><span class='ocrx_word' id='word_1_22' title='bbox 81 270 214 302; x_wconf 79' lang='grc' dir='ltr'>δείκνυσι,</span> <span class='ocrx_word' id='word_1_23' title='bbox 239 270 285 295; x_wconf 82' lang='grc' dir='ltr'>καὶ</span> <span class='ocrx_word' id='word_1_24' title='bbox 303 269 452 296; x_wconf 74' lang='grc' dir='ltr'><strong>ἐντέλλεται</strong></span> <span class='ocrx_word' id='word_1_25' title='bbox 475 270 598 306; x_wconf 85' lang='grc' dir='ltr'>ὲτοίμους</span> <span class='ocrx_word' id='word_1_26' title='bbox 622 269 690 298; x_wconf 74' lang='grc' dir='ltr'>εἶναι</span> <span class='ocrx_word' id='word_1_27' title='bbox 706 271 811 303; x_wconf 80' lang='grc' dir='ltr'><strong>πάντας</strong></span> <span class='ocrx_word' id='word_1_28' title='bbox 832 273 872 303; x_wconf 88' lang='grc' dir='ltr'><strong>είς</strong></span> 
     </span>
    </p>
   </div>
   <div class='ocr_carea' id='block_1_7' title="bbox 81 314 870 352">
    <p class='ocr_par' dir='ltr' id='par_1_7' title="bbox 81 314 870 352">
     <span class='ocr_line' id='line_1_7' title="bbox 81 314 870 352; baseline 0.001 -9"><span class='ocrx_word' id='word_1_29' title='bbox 81 315 167 350; x_wconf 79' lang='grc' dir='ltr'>αὐτὴν</span> <span class='ocrx_word' id='word_1_30' title='bbox 177 315 206 341; x_wconf 83' lang='grc' dir='ltr'>ὲν</span> <span class='ocrx_word' id='word_1_31' title='bbox 216 314 306 350; x_wconf 75' lang='grc' dir='ltr'>ἔργοις</span> <span class='ocrx_word' id='word_1_32' title='bbox 320 315 441 349; x_wconf 85' lang='grc' dir='ltr'><strong>ἀγαθοῖς,</strong></span> <span class='ocrx_word' id='word_1_33' title='bbox 454 316 501 342; x_wconf 77' lang='grc' dir='ltr'><strong>καὶ</strong></span> <span class='ocrx_word' id='word_1_34' title='bbox 514 316 623 352; x_wconf 79' lang='grc' dir='ltr'><strong>ἀγαπᾷν</strong></span> <span class='ocrx_word' id='word_1_35' title='bbox 633 316 668 343; x_wconf 77' lang='grc' dir='ltr'><strong>τὰ</strong></span> <span class='ocrx_word' id='word_1_36' title='bbox 680 317 732 343; x_wconf 79' lang='grc' dir='ltr'><strong>ὑπὸ</strong></span> <span class='ocrx_word' id='word_1_37' title='bbox 746 317 793 343; x_wconf 85' lang='grc' dir='ltr'><strong>τοῦ</strong></span> <span class='ocrx_word' id='word_1_38' title='bbox 803 317 870 344; x_wconf 82' lang='grc' dir='ltr'>ἀπο-</span> 
     </span>
    </p>
   </div>
   <div class='ocr_carea' id='block_1_8' title="bbox 81 360 871 398">
    <p class='ocr_par' dir='ltr' id='par_1_8' title="bbox 81 360 871 398">
     <span class='ocr_line' id='line_1_8' title="bbox 81 360 871 398; baseline 0.001 -10"><span class='ocrx_word' id='word_1_39' title='bbox 81 361 178 388; x_wconf 81' lang='grc' dir='ltr'>στόλου</span> <span class='ocrx_word' id='word_1_40' title='bbox 196 360 302 387; x_wconf 80' lang='grc' dir='ltr'>Παύλου</span> <span class='ocrx_word' id='word_1_41' title='bbox 316 361 465 396; x_wconf 74' lang='grc' dir='ltr'>γραφέντα,</span> <span class='ocrx_word' id='word_1_42' title='bbox 478 362 525 388; x_wconf 73' lang='grc' dir='ltr'>καὶ</span> <span class='ocrx_word' id='word_1_43' title='bbox 540 362 576 398; x_wconf 84' lang='grc' dir='ltr'>μὴ</span> <span class='ocrx_word' id='word_1_44' title='bbox 591 362 733 397; x_wconf 75' lang='grc' dir='ltr'><strong>προσέχειν</strong></span> <span class='ocrx_word' id='word_1_45' title='bbox 746 364 802 394; x_wconf 86' lang='grc' dir='ltr'>τοῖς</span> <span class='ocrx_word' id='word_1_46' title='bbox 815 363 871 390; x_wconf 90' lang='grc' dir='ltr'>δια-</span> 
     </span>
    </p>
   </div>
   <div class='ocr_carea' id='block_1_9' title="bbox 81 406 871 444">
    <p class='ocr_par' dir='ltr' id='par_1_9' title="bbox 81 406 871 444">
     <span class='ocr_line' id='line_1_9' title="bbox 81 406 871 444; baseline 0.001 -10"><span class='ocrx_word' id='word_1_47' title='bbox 81 407 227 434; x_wconf 72' lang='grc' dir='ltr'>ϐάλλουσιν</span> <span class='ocrx_word' id='word_1_48' title='bbox 242 406 312 433; x_wconf 76' lang='grc' dir='ltr'>αὐτὰ</span> <span class='ocrx_word' id='word_1_49' title='bbox 325 406 369 434; x_wconf 75' lang='grc' dir='ltr'>διὰ</span> <span class='ocrx_word' id='word_1_50' title='bbox 382 408 413 434; x_wconf 81' lang='grc' dir='ltr'><strong>τὸ</strong></span> <span class='ocrx_word' id='word_1_51' title='bbox 427 408 473 434; x_wconf 72' lang='grc' dir='ltr'>καὶ</span> <span class='ocrx_word' id='word_1_52' title='bbox 493 408 582 439; x_wconf 76' lang='grc' dir='ltr'>πάσας</span> <span class='ocrx_word' id='word_1_53' title='bbox 597 408 646 440; x_wconf 75' lang='grc' dir='ltr'><strong>τὰς</strong></span> <span class='ocrx_word' id='word_1_54' title='bbox 668 408 742 440; x_wconf 81' lang='grc' dir='ltr'>θείας</span> <span class='ocrx_word' id='word_1_55' title='bbox 759 408 871 444; x_wconf 71' lang='grc' dir='ltr'>Γραφὰς</span> 
     </span>
    </p>
   </div>
   <div class='ocr_carea' id='block_1_10' title="bbox 80 451 870 488">
    <p class='ocr_par' dir='ltr' id='par_1_10' title="bbox 80 451 870 488">
     <span class='ocr_line' id='line_1_10' title="bbox 80 451 870 488; baseline 0.004 -10"><span class='ocrx_word' id='word_1_56' title='bbox 80 452 236 479; x_wconf 77' lang='grc' dir='ltr'>διαϐάλλειν</span> <span class='ocrx_word' id='word_1_57' title='bbox 251 451 360 484; x_wconf 78' lang='grc' dir='ltr'>αὐτούς.</span> <span class='ocrx_word' id='word_1_58' title='bbox 376 453 552 488; x_wconf 82' lang='grc' dir='ltr'>Ὑπομνὴσας</span> <span class='ocrx_word' id='word_1_59' title='bbox 564 451 609 480; x_wconf 83' lang='grc' dir='ltr'>οὖν</span> <span class='ocrx_word' id='word_1_60' title='bbox 622 454 668 480; x_wconf 77' lang='grc' dir='ltr'>καὶ</span> <span class='ocrx_word' id='word_1_61' title='bbox 682 453 790 486; x_wconf 79' lang='grc' dir='ltr'>διδάξας</span> <span class='ocrx_word' id='word_1_62' title='bbox 801 454 870 480; x_wconf 83' lang='grc' dir='ltr'>πάν-</span> 
     </span>
    </p>
   </div>
   <div class='ocr_carea' id='block_1_11' title="bbox 79 497 870 535">
    <p class='ocr_par' dir='ltr' id='par_1_11' title="bbox 79 497 870 535">
     <span class='ocr_line' id='line_1_11' title="bbox 79 497 870 535; baseline 0.003 -11"><span class='ocrx_word' id='word_1_63' title='bbox 79 506 132 530; x_wconf 83' lang='grc' dir='ltr'><strong>τας</strong></span> <span class='ocrx_word' id='word_1_64' title='bbox 144 497 294 534; x_wconf 78' lang='grc' dir='ltr'>προειδέναι</span> <span class='ocrx_word' id='word_1_65' title='bbox 311 498 346 526; x_wconf 81' lang='grc' dir='ltr'>τὰ</span> <span class='ocrx_word' id='word_1_66' title='bbox 361 498 520 534; x_wconf 79' lang='grc' dir='ltr'>πράγματα,</span> <span class='ocrx_word' id='word_1_67' title='bbox 536 501 662 534; x_wconf 81' lang='grc' dir='ltr'>παραινεί</span> <span class='ocrx_word' id='word_1_68' title='bbox 678 500 715 535; x_wconf 86' lang='grc' dir='ltr'>μὴ</span> <span class='ocrx_word' id='word_1_69' title='bbox 729 499 870 526; x_wconf 80' lang='grc' dir='ltr'>ἐκπίπτειν</span> 
     </span>
    </p>
   </div>
   <div class='ocr_carea' id='block_1_12' title="bbox 79 543 871 580">
    <p class='ocr_par' dir='ltr' id='par_1_12' title="bbox 79 543 871 580">
     <span class='ocr_line' id='line_1_12' title="bbox 79 543 871 580; baseline 0.004 -11"><span class='ocrx_word' id='word_1_70' title='bbox 79 543 129 570; x_wconf 84' lang='grc' dir='ltr'><strong>τοῦ</strong></span> <span class='ocrx_word' id='word_1_71' title='bbox 151 543 252 577; x_wconf 83' lang='grc' dir='ltr'>σκοποῦ</span> <span class='ocrx_word' id='word_1_72' title='bbox 265 544 315 580; x_wconf 81' lang='grc' dir='ltr'><strong>τῆς</strong></span> <span class='ocrx_word' id='word_1_73' title='bbox 330 544 459 578; x_wconf 81' lang='grc' dir='ltr'>πίστεως,</span> <span class='ocrx_word' id='word_1_74' title='bbox 469 546 516 573; x_wconf 78' lang='grc' dir='ltr'>καὶ</span> <span class='ocrx_word' id='word_1_75' title='bbox 524 545 610 578; x_wconf 74' lang='grc' dir='ltr'>οὕτως</span> <span class='ocrx_word' id='word_1_76' title='bbox 625 546 723 573; x_wconf 86' lang='grc' dir='ltr'>τελειοῖ</span> <span class='ocrx_word' id='word_1_77' title='bbox 736 546 785 574; x_wconf 72' lang='grc' dir='ltr'><strong>τὴν</strong></span> <span class='ocrx_word' id='word_1_78' title='bbox 799 546 871 573; x_wconf 88' lang='grc' dir='ltr'>Ἐπι-</span> 
     </span>
    </p>
   </div>
   <div class='ocr_carea' id='block_1_13' title="bbox 82 588 846 626">
    <p class='ocr_par' dir='ltr' id='par_1_13' title="bbox 82 588 846 626">
     <span class='ocr_line' id='line_1_13' title="bbox 82 588 846 626; baseline 0.004 -11"><span class='ocrx_word' id='word_1_79' title='bbox 82 588 190 626; x_wconf 75' lang='grc' dir='ltr'>στολὴν.</span> <span class='ocrx_word' id='word_1_80' title='bbox 841 597 846 600; x_wconf 85' lang='grc'><em>’</em></span> 
     </span>
    </p>
   </div>
   <div class='ocr_carea' id='block_1_14' title="bbox 325 690 634 726">
    <p class='ocr_par' dir='ltr' id='par_1_14' title="bbox 325 690 634 726">
     <span class='ocr_line' id='line_1_14' title="bbox 325 690 634 726; baseline 0.006 -8"><span class='ocrx_word' id='word_1_81' title='bbox 325 690 461 726; x_wconf 73' lang='grc' dir='ltr'>Τετάρτῃ,</span> <span class='ocrx_word' id='word_1_82' title='bbox 485 691 634 720; x_wconf 75' lang='grc' dir='ltr'><strong>Ἰωάννου.</strong></span> 
     </span>
    </p>
   </div>
   <div class='ocr_carea' id='block_1_15' title="bbox 117 759 871 796">
    <p class='ocr_par' dir='ltr' id='par_1_15' title="bbox 117 759 871 796">
     <span class='ocr_line' id='line_1_15' title="bbox 117 759 871 796; baseline -0.001 -8"><span class='ocrx_word' id='word_1_83' title='bbox 117 761 162 788; x_wconf 81' lang='grc'><strong>55.</strong></span> <span class='ocrx_word' id='word_1_84' title='bbox 181 760 274 792; x_wconf 81' lang='grc' dir='ltr'>οὕτως</span> <span class='ocrx_word' id='word_1_85' title='bbox 299 759 347 787; x_wconf 74' lang='grc' dir='ltr'>καὶ</span> <span class='ocrx_word' id='word_1_86' title='bbox 365 759 435 795; x_wconf 73' lang='grc' dir='ltr'>αὕτη</span> <span class='ocrx_word' id='word_1_87' title='bbox 454 759 584 792; x_wconf 84' lang='grc' dir='ltr'>καλεῖται,</span> <span class='ocrx_word' id='word_1_88' title='bbox 610 760 704 796; x_wconf 75' lang='grc' dir='ltr'>ἐπειδὴ</span> <span class='ocrx_word' id='word_1_89' title='bbox 726 760 774 788; x_wconf 69' lang='grc' dir='ltr'><strong>καὶ</strong></span> <span class='ocrx_word' id='word_1_90' title='bbox 789 761 871 793; x_wconf 81' lang='grc' dir='ltr'>αὐτὸς</span> 
     </span>
    </p>
   </div>
   <div class='ocr_carea' id='block_1_16' title="bbox 88 806 870 842">
    <p class='ocr_par' dir='ltr' id='par_1_16' title="bbox 88 806 870 842">
     <span class='ocr_line' id='line_1_16' title="bbox 88 806 870 842; baseline 0 -9"><span class='ocrx_word' id='word_1_91' title='bbox 88 806 215 841; x_wconf 80' lang='grc' dir='ltr'><strong>Ἰωάννης</strong></span> <span class='ocrx_word' id='word_1_92' title='bbox 229 807 243 833; x_wconf 82' lang='lat'><strong>6</strong></span> <span class='ocrx_word' id='word_1_93' title='bbox 257 806 452 840; x_wconf 83' lang='grc' dir='ltr'>εὐαγγελιστὴς</span> <span class='ocrx_word' id='word_1_94' title='bbox 465 807 512 834; x_wconf 75' lang='grc' dir='ltr'>καὶ</span> <span class='ocrx_word' id='word_1_95' title='bbox 523 806 625 842; x_wconf 86' lang='grc' dir='ltr'>ταύτην</span> <span class='ocrx_word' id='word_1_96' title='bbox 636 806 796 839; x_wconf 78' lang='grc' dir='ltr'><strong>ἐπιστέλλει,</strong></span> <span class='ocrx_word' id='word_1_97' title='bbox 805 807 870 833; x_wconf 79' lang='grc' dir='ltr'>ὑπο-</span> 
     </span>
    </p>
   </div>
   <div class='ocr_carea' id='block_1_17' title="bbox 83 851 867 888">
    <p class='ocr_par' dir='ltr' id='par_1_17' title="bbox 83 851 867 888">
     <span class='ocr_line' id='line_1_17' title="bbox 83 851 867 888; baseline 0.003 -10"><span class='ocrx_word' id='word_1_98' title='bbox 83 853 248 888; x_wconf 76' lang='grc' dir='ltr'>μιμνήσκων</span> <span class='ocrx_word' id='word_1_99' title='bbox 266 852 329 884; x_wconf 72' lang='grc' dir='ltr'>τοὺς</span> <span class='ocrx_word' id='word_1_100' title='bbox 344 851 394 888; x_wconf 72' lang='grc' dir='ltr'><strong>ἤδη</strong></span> <span class='ocrx_word' id='word_1_101' title='bbox 423 852 620 884; x_wconf 81' lang='grc' dir='ltr'>πιστεύσαντας</span> <span class='ocrx_word' id='word_1_102' title='bbox 637 853 677 884; x_wconf 84' lang='grc' dir='ltr'><strong>είς</strong></span> <span class='ocrx_word' id='word_1_103' title='bbox 698 853 743 879; x_wconf 73' lang='grc' dir='ltr'><strong>τὸν</strong></span> <span class='ocrx_word' id='word_1_104' title='bbox 757 852 867 888; x_wconf 82' lang='grc' dir='ltr'>Κύριον.</span> 
     </span>
    </p>
   </div>
   <div class='ocr_carea' id='block_1_18' title="bbox 922 273 1707 310">
    <p class='ocr_par' dir='ltr' id='par_1_18' title="bbox 922 273 1707 310">
     <span class='ocr_line' id='line_1_18' title="bbox 922 273 1707 310; baseline 0.004 -10"><span class='ocrx_word' id='word_1_105' title='bbox 922 273 1018 306; x_wconf 86' lang='lat' dir='ltr'><strong>clarat,</strong></span> <span class='ocrx_word' id='word_1_106' title='bbox 1034 274 1088 302; x_wconf 88' lang='lat' dir='ltr'><strong>cito</strong></span> <span class='ocrx_word' id='word_1_107' title='bbox 1104 274 1226 302; x_wconf 80' lang='lat' dir='ltr'><strong>futurum</strong></span> <span class='ocrx_word' id='word_1_108' title='bbox 1241 273 1347 302; x_wconf 86' lang='lat' dir='ltr'><strong>Domini</strong></span> <span class='ocrx_word' id='word_1_109' title='bbox 1361 273 1441 308; x_wconf 87' lang='lat' dir='ltr'><strong>diem,</strong></span> <span class='ocrx_word' id='word_1_110' title='bbox 1459 275 1634 310; x_wconf 73' lang='lat' dir='ltr'><strong>praecipitque</strong></span> <span class='ocrx_word' id='word_1_111' title='bbox 1647 282 1707 303; x_wconf 91' lang='lat' dir='ltr'><strong>om-</strong></span> 
     </span>
    </p>
   </div>
   <div class='ocr_carea' id='block_1_19' title="bbox 921 319 1706 356">
    <p class='ocr_par' dir='ltr' id='par_1_19' title="bbox 921 319 1706 356">
     <span class='ocr_line' id='line_1_19' title="bbox 921 319 1706 356; baseline 0.004 -10"><span class='ocrx_word' id='word_1_112' title='bbox 921 320 1013 352; x_wconf 85' lang='lat' dir='ltr'><strong>nibus,</strong></span> <span class='ocrx_word' id='word_1_113' title='bbox 1033 324 1063 348; x_wconf 92' lang='lat' dir='ltr'><strong>ut</strong></span> <span class='ocrx_word' id='word_1_114' title='bbox 1084 321 1119 348; x_wconf 84' lang='lat' dir='ltr'><strong>ad</strong></span> <span class='ocrx_word' id='word_1_115' title='bbox 1142 320 1216 348; x_wconf 85' lang='lat' dir='ltr'><strong>illius</strong></span> <span class='ocrx_word' id='word_1_116' title='bbox 1235 319 1381 348; x_wconf 73' lang='lat' dir='ltr'><strong>adventum</strong></span> <span class='ocrx_word' id='word_1_117' title='bbox 1398 320 1486 356; x_wconf 89' lang='lat' dir='ltr'><strong>parati</strong></span> <span class='ocrx_word' id='word_1_118' title='bbox 1503 321 1558 348; x_wconf 85' lang='lat' dir='ltr'><strong>sint</strong></span> <span class='ocrx_word' id='word_1_119' title='bbox 1580 321 1607 348; x_wconf 93' lang='lat' dir='ltr'><strong>in</strong></span> <span class='ocrx_word' id='word_1_120' title='bbox 1626 321 1706 349; x_wconf 81' lang='lat' dir='ltr'><strong>bonis</strong></span> 
     </span>
    </p>
   </div>
   <div class='ocr_carea' id='block_1_20' title="bbox 921 366 1706 402">
    <p class='ocr_par' dir='ltr' id='par_1_20' title="bbox 921 366 1706 402">
     <span class='ocr_line' id='line_1_20' title="bbox 921 366 1706 402; baseline 0.004 -10"><span class='ocrx_word' id='word_1_121' title='bbox 921 366 1061 401; x_wconf 82' lang='lat' dir='ltr'><strong>operibus,</strong></span> <span class='ocrx_word' id='word_1_122' title='bbox 1083 370 1111 395; x_wconf 90' lang='lat' dir='ltr'><strong>et</strong></span> <span class='ocrx_word' id='word_1_123' title='bbox 1132 367 1331 402; x_wconf 75' lang='lat' dir='ltr'><strong>amplectantur</strong></span> <span class='ocrx_word' id='word_1_124' title='bbox 1345 373 1406 402; x_wconf 70' lang='lat' dir='ltr'><strong>quae</strong></span> <span class='ocrx_word' id='word_1_125' title='bbox 1425 366 1459 394; x_wconf 89' lang='lat' dir='ltr'><strong>ab</strong></span> <span class='ocrx_word' id='word_1_126' title='bbox 1474 367 1596 402; x_wconf 80' lang='lat' dir='ltr'><strong>apostolo</strong></span> <span class='ocrx_word' id='word_1_127' title='bbox 1622 366 1706 396; x_wconf 86' lang='lat' dir='ltr'><strong>Paulo</strong></span> 
     </span>
    </p>
   </div>
   <div class='ocr_carea' id='block_1_21' title="bbox 922 411 1707 448">
    <p class='ocr_par' dir='ltr' id='par_1_21' title="bbox 922 411 1707 448">
     <span class='ocr_line' id='line_1_21' title="bbox 922 411 1707 448; baseline 0 -9"><span class='ocrx_word' id='word_1_128' title='bbox 922 412 1026 448; x_wconf 86' lang='lat' dir='ltr'><strong>scripta</strong></span> <span class='ocrx_word' id='word_1_129' title='bbox 1044 417 1117 444; x_wconf 89' lang='lat' dir='ltr'><strong>sunt,</strong></span> <span class='ocrx_word' id='word_1_130' title='bbox 1133 419 1183 440; x_wconf 89' lang='lat' dir='ltr'><strong>nec</strong></span> <span class='ocrx_word' id='word_1_131' title='bbox 1203 419 1285 439; x_wconf 85' lang='lat' dir='ltr'><strong>aures</strong></span> <span class='ocrx_word' id='word_1_132' title='bbox 1312 411 1518 439; x_wconf 84' lang='lat' dir='ltr'><strong>accommodent</strong></span> <span class='ocrx_word' id='word_1_133' title='bbox 1538 412 1592 445; x_wconf 85' lang='lat' dir='ltr'><strong>his,</strong></span> <span class='ocrx_word' id='word_1_134' title='bbox 1609 411 1655 447; x_wconf 89' lang='lat' dir='ltr'><strong>qui</strong></span> <span class='ocrx_word' id='word_1_135' title='bbox 1674 419 1707 440; x_wconf 84' lang='lat' dir='ltr'><strong>ea</strong></span> 
     </span>
    </p>
   </div>
   <div class='ocr_carea' id='block_1_22' title="bbox 922 457 1708 490">
    <p class='ocr_par' dir='ltr' id='par_1_22' title="bbox 922 457 1708 490">
     <span class='ocr_line' id='line_1_22' title="bbox 922 457 1708 490; baseline 0.003 -6"><span class='ocrx_word' id='word_1_136' title='bbox 922 457 1145 490; x_wconf 81' lang='lat' dir='ltr'><strong>calumniantur;</strong></span> <span class='ocrx_word' id='word_1_137' title='bbox 1181 465 1245 484; x_wconf 91' lang='lat' dir='ltr'><strong>cum</strong></span> <span class='ocrx_word' id='word_1_138' title='bbox 1273 457 1354 485; x_wconf 91' lang='lat' dir='ltr'><strong>iidem</strong></span> <span class='ocrx_word' id='word_1_139' title='bbox 1381 461 1409 485; x_wconf 88' lang='lat' dir='ltr'><strong>et</strong></span> <span class='ocrx_word' id='word_1_140' title='bbox 1432 457 1573 486; x_wconf 87' lang='lat' dir='ltr'><strong>universas</strong></span> <span class='ocrx_word' id='word_1_141' title='bbox 1600 458 1708 486; x_wconf 83' lang='lat' dir='ltr'><strong>divinas</strong></span> 
     </span>
    </p>
   </div>
   <div class='ocr_carea' id='block_1_23' title="bbox 923 502 1707 539">
    <p class='ocr_par' dir='ltr' id='par_1_23' title="bbox 923 502 1707 539">
     <span class='ocr_line' id='line_1_23' title="bbox 923 502 1707 539; baseline 0.004 -10"><span class='ocrx_word' id='word_1_142' title='bbox 923 502 1080 538; x_wconf 87' lang='lat' dir='ltr'><strong>Scripturas</strong></span> <span class='ocrx_word' id='word_1_143' title='bbox 1101 502 1313 530; x_wconf 87' lang='lat' dir='ltr'><strong>calumnientur.</strong></span> <span class='ocrx_word' id='word_1_144' title='bbox 1335 502 1485 538; x_wconf 86' lang='lat' dir='ltr'><strong>Postquam</strong></span> <span class='ocrx_word' id='word_1_145' title='bbox 1505 503 1589 539; x_wconf 73' lang='lat' dir='ltr'><strong>igitur</strong></span> <span class='ocrx_word' id='word_1_146' title='bbox 1611 511 1707 532; x_wconf 85' lang='lat' dir='ltr'><strong>omnes</strong></span> 
     </span>
    </p>
   </div>
   <div class='ocr_carea' id='block_1_24' title="bbox 921 548 1708 583">
    <p class='ocr_par' dir='ltr' id='par_1_24' title="bbox 921 548 1708 583">
     <span class='ocr_line' id='line_1_24' title="bbox 921 548 1708 583; baseline 0.001 -7"><span class='ocrx_word' id='word_1_147' title='bbox 921 548 1063 576; x_wconf 88' lang='lat' dir='ltr'><strong>admonuit</strong></span> <span class='ocrx_word' id='word_1_148' title='bbox 1078 556 1110 575; x_wconf 85' lang='lat' dir='ltr'><strong>ac</strong></span> <span class='ocrx_word' id='word_1_149' title='bbox 1126 548 1231 581; x_wconf 85' lang='lat' dir='ltr'><strong>docuit,</strong></span> <span class='ocrx_word' id='word_1_150' title='bbox 1247 552 1277 576; x_wconf 90' lang='lat' dir='ltr'><strong>ut</strong></span> <span class='ocrx_word' id='word_1_151' title='bbox 1290 549 1343 576; x_wconf 81' lang='lat' dir='ltr'><strong>ista</strong></span> <span class='ocrx_word' id='word_1_152' title='bbox 1364 548 1455 576; x_wconf 81' lang='lat' dir='ltr'><strong>futura</strong></span> <span class='ocrx_word' id='word_1_153' title='bbox 1478 549 1585 583; x_wconf 86' lang='lat' dir='ltr'><strong>sciant,</strong></span> <span class='ocrx_word' id='word_1_154' title='bbox 1614 549 1708 577; x_wconf 90' lang='lat' dir='ltr'><strong>horta-</strong></span> 
     </span>
    </p>
   </div>
   <div class='ocr_carea' id='block_1_25' title="bbox 921 593 1706 630">
    <p class='ocr_par' dir='ltr' id='par_1_25' title="bbox 921 593 1706 630">
     <span class='ocr_line' id='line_1_25' title="bbox 921 593 1706 630; baseline 0.001 -10"><span class='ocrx_word' id='word_1_155' title='bbox 921 597 966 620; x_wconf 88' lang='lat' dir='ltr'><strong>tur</strong></span> <span class='ocrx_word' id='word_1_156' title='bbox 984 601 1019 621; x_wconf 88' lang='lat' dir='ltr'><strong>ne</strong></span> <span class='ocrx_word' id='word_1_157' title='bbox 1041 593 1184 629; x_wconf 86' lang='lat' dir='ltr'><strong>quisquam</strong></span> <span class='ocrx_word' id='word_1_158' title='bbox 1199 601 1214 621; x_wconf 90' lang='lat' dir='ltr'><strong>a</strong></span> <span class='ocrx_word' id='word_1_159' title='bbox 1236 593 1299 622; x_wconf 87' lang='lat' dir='ltr'><strong>lidei</strong></span> <span class='ocrx_word' id='word_1_160' title='bbox 1323 600 1406 629; x_wconf 75' lang='lat' dir='ltr'><strong>scopo</strong></span> <span class='ocrx_word' id='word_1_161' title='bbox 1426 593 1544 628; x_wconf 86' lang='lat' dir='ltr'><strong>aberret,</strong></span> <span class='ocrx_word' id='word_1_162' title='bbox 1573 598 1654 630; x_wconf 89' lang='lat' dir='ltr'><strong>atque</strong></span> <span class='ocrx_word' id='word_1_163' title='bbox 1670 595 1706 621; x_wconf 86' lang='lat' dir='ltr'><strong>ita</strong></span> 
     </span>
    </p>
   </div>
   <div class='ocr_carea' id='block_1_26' title="bbox 924 639 1154 676">
    <p class='ocr_par' dir='ltr' id='par_1_26' title="bbox 924 639 1154 676">
     <span class='ocr_line' id='line_1_26' title="bbox 924 639 1154 676; baseline 0.009 -9"><span class='ocrx_word' id='word_1_164' title='bbox 924 640 984 668; x_wconf 83' lang='lat' dir='ltr'><strong>linit</strong></span> <span class='ocrx_word' id='word_1_165' title='bbox 995 639 1154 676; x_wconf 87' lang='lat' dir='ltr'><strong>Epistolam.</strong></span> 
     </span>
    </p>
   </div>
   <div class='ocr_carea' id='block_1_27' title="bbox 1188 697 1442 732">
    <p class='ocr_par' dir='ltr' id='par_1_27' title="bbox 1188 697 1442 732">
     <span class='ocr_line' id='line_1_27' title="bbox 1188 697 1442 732; baseline 0 -7"><span class='ocrx_word' id='word_1_166' title='bbox 1188 698 1303 732; x_wconf 78' lang='lat' dir='ltr'><strong>Quarta,</strong></span> <span class='ocrx_word' id='word_1_167' title='bbox 1319 697 1442 725; x_wconf 66' lang='lat' dir='ltr'><strong>Joannis.</strong></span> 
     </span>
    </p>
   </div>
   <div class='ocr_carea' id='block_1_28' title="bbox 957 763 1710 800">
    <p class='ocr_par' dir='ltr' id='par_1_28' title="bbox 957 763 1710 800">
     <span class='ocr_line' id='line_1_28' title="bbox 957 763 1710 800; baseline 0 -8"><span class='ocrx_word' id='word_1_168' title='bbox 957 764 1004 792; x_wconf 83' lang='lat'><strong>55.</strong></span> <span class='ocrx_word' id='word_1_169' title='bbox 1018 763 1076 792; x_wconf 82' lang='lat' dir='ltr'><strong>Hoc</strong></span> <span class='ocrx_word' id='word_1_170' title='bbox 1089 765 1200 792; x_wconf 88' lang='lat' dir='ltr'><strong>nomine</strong></span> <span class='ocrx_word' id='word_1_171' title='bbox 1212 770 1326 792; x_wconf 86' lang='lat' dir='ltr'><strong>vocatur</strong></span> <span class='ocrx_word' id='word_1_172' title='bbox 1340 769 1368 793; x_wconf 91' lang='lat' dir='ltr'><strong>et</strong></span> <span class='ocrx_word' id='word_1_173' title='bbox 1381 766 1445 798; x_wconf 86' lang='lat' dir='ltr'><strong>ista,</strong></span> <span class='ocrx_word' id='word_1_174' title='bbox 1462 764 1535 800; x_wconf 89' lang='lat' dir='ltr'><strong>quod</strong></span> <span class='ocrx_word' id='word_1_175' title='bbox 1551 764 1609 800; x_wconf 90' lang='lat' dir='ltr'><strong>ipse</strong></span> <span class='ocrx_word' id='word_1_176' title='bbox 1625 763 1710 792; x_wconf 83' lang='lat' dir='ltr'><strong>Joan-</strong></span> 
     </span>
    </p>
   </div>
   <div class='ocr_carea' id='block_1_29' title="bbox 921 811 1709 846">
    <p class='ocr_par' dir='ltr' id='par_1_29' title="bbox 921 811 1709 846">
     <span class='ocr_line' id='line_1_29' title="bbox 921 811 1709 846; baseline 0 -8"><span class='ocrx_word' id='word_1_177' title='bbox 921 817 972 839; x_wconf 86' lang='lat' dir='ltr'><strong>nes</strong></span> <span class='ocrx_word' id='word_1_178' title='bbox 982 811 1149 846; x_wconf 79' lang='lat' dir='ltr'><strong>evangelista</strong></span> <span class='ocrx_word' id='word_1_179' title='bbox 1158 818 1218 838; x_wconf 89' lang='lat' dir='ltr'><strong>eam</strong></span> <span class='ocrx_word' id='word_1_180' title='bbox 1233 811 1438 846; x_wconf 81' lang='lat' dir='ltr'><strong>conscripserit,</strong></span> <span class='ocrx_word' id='word_1_181' title='bbox 1451 815 1482 839; x_wconf 89' lang='lat' dir='ltr'><strong>ut</strong></span> <span class='ocrx_word' id='word_1_182' title='bbox 1492 811 1709 839; x_wconf 76' lang='lat' dir='ltr'><strong>commoneface-</strong></span> 
     </span>
    </p>
   </div>
   <div class='ocr_carea' id='block_1_30' title="bbox 923 856 1710 893">
    <p class='ocr_par' dir='ltr' id='par_1_30' title="bbox 923 856 1710 893">
     <span class='ocr_line' id='line_1_30' title="bbox 923 856 1710 893; baseline 0 -8"><span class='ocrx_word' id='word_1_183' title='bbox 923 861 965 885; x_wconf 89' lang='lat' dir='ltr'><strong>ret</strong></span> <span class='ocrx_word' id='word_1_184' title='bbox 984 864 1031 885; x_wconf 89' lang='lat' dir='ltr'><strong>eos</strong></span> <span class='ocrx_word' id='word_1_185' title='bbox 1051 857 1098 892; x_wconf 87' lang='lat' dir='ltr'><strong>qui</strong></span> <span class='ocrx_word' id='word_1_186' title='bbox 1119 857 1174 892; x_wconf 89' lang='lat' dir='ltr'><strong>jam</strong></span> <span class='ocrx_word' id='word_1_187' title='bbox 1192 857 1220 884; x_wconf 95' lang='lat' dir='ltr'><strong>in</strong></span> <span class='ocrx_word' id='word_1_188' title='bbox 1246 856 1392 885; x_wconf 89' lang='lat' dir='ltr'><strong>Dominum</strong></span> <span class='ocrx_word' id='word_1_189' title='bbox 1409 857 1592 886; x_wconf 70' lang='lat' dir='ltr'><strong>crediderant.</strong></span> <span class='ocrx_word' id='word_1_190' title='bbox 1607 857 1641 885; x_wconf 88' lang='lat' dir='ltr'><strong>Et</strong></span> <span class='ocrx_word' id='word_1_191' title='bbox 1653 857 1710 893; x_wconf 91' lang='lat' dir='ltr'><strong>pri-</strong></span> 
     </span>
    </p>
   </div>
   <div class='ocr_carea' id='block_1_31' title="bbox 81 897 870 938">
    <p class='ocr_par' dir='ltr' id='par_1_31' title="bbox 81 897 870 934">
     <span class='ocr_line' id='line_1_31' title="bbox 81 897 870 934; baseline 0 -9"><span class='ocrx_word' id='word_1_192' title='bbox 81 899 139 925; x_wconf 82' lang='grc' dir='ltr'>Καὶ</span> <span class='ocrx_word' id='word_1_193' title='bbox 155 898 262 934; x_wconf 83' lang='grc' dir='ltr'>πρῶτον</span> <span class='ocrx_word' id='word_1_194' title='bbox 277 899 326 934; x_wconf 89' lang='grc' dir='ltr'>μὲν</span> <span class='ocrx_word' id='word_1_195' title='bbox 344 897 439 932; x_wconf 85' lang='grc' dir='ltr'>ὥσπερ</span> <span class='ocrx_word' id='word_1_196' title='bbox 454 899 483 925; x_wconf 82' lang='grc' dir='ltr'>ὲν</span> <span class='ocrx_word' id='word_1_197' title='bbox 495 898 534 934; x_wconf 87' lang='grc' dir='ltr'>τῷ</span> <span class='ocrx_word' id='word_1_198' title='bbox 544 899 713 934; x_wconf 86' lang='grc' dir='ltr'>Εὑαγγελίῳ,</span> <span class='ocrx_word' id='word_1_199' title='bbox 727 898 813 930; x_wconf 75' lang='grc' dir='ltr'>οὕτως</span> <span class='ocrx_word' id='word_1_200' title='bbox 825 899 870 925; x_wconf 77' lang='grc' dir='ltr'>καὶ</span> 
     </span>
    </p>
   </div>
   <div class='ocr_carea' id='block_1_32' title="bbox 924 897 1710 938">
    <p class='ocr_par' dir='ltr' id='par_1_32' title="bbox 924 902 1710 938">
     <span class='ocr_line' id='line_1_32' title="bbox 924 902 1710 938; baseline 0.003 -9"><span class='ocrx_word' id='word_1_201' title='bbox 924 910 997 929; x_wconf 89' lang='lat' dir='ltr'><strong>mum</strong></span> <span class='ocrx_word' id='word_1_202' title='bbox 1013 902 1123 938; x_wconf 85' lang='lat' dir='ltr'><strong>quidem</strong></span> <span class='ocrx_word' id='word_1_203' title='bbox 1141 902 1252 938; x_wconf 89' lang='lat' dir='ltr'><strong>perinde</strong></span> <span class='ocrx_word' id='word_1_204' title='bbox 1267 907 1348 938; x_wconf 87' lang='lat' dir='ltr'><strong>atque</strong></span> <span class='ocrx_word' id='word_1_205' title='bbox 1364 903 1393 930; x_wconf 91' lang='lat' dir='ltr'><strong>in</strong></span> <span class='ocrx_word' id='word_1_206' title='bbox 1410 903 1568 938; x_wconf 80' lang='lat' dir='ltr'><strong>Evangelia,</strong></span> <span class='ocrx_word' id='word_1_207' title='bbox 1587 903 1625 931; x_wconf 83' lang='lat' dir='ltr'><strong>ita</strong></span> <span class='ocrx_word' id='word_1_208' title='bbox 1641 908 1667 931; x_wconf 91' lang='lat' dir='ltr'><strong>et</strong></span> <span class='ocrx_word' id='word_1_209' title='bbox 1680 904 1710 931; x_wconf 88' lang='lat' dir='ltr'><strong>in</strong></span> 
     </span>
    </p>
   </div>
   <div class='ocr_carea' id='block_1_33' title="bbox 79 944 869 981">
    <p class='ocr_par' dir='ltr' id='par_1_33' title="bbox 79 944 869 981">
     <span class='ocr_line' id='line_1_33' title="bbox 79 944 869 981; baseline 0.001 -10"><span class='ocrx_word' id='word_1_210' title='bbox 79 945 111 971; x_wconf 69' lang='grc' dir='ltr'>ιν</span> <span class='ocrx_word' id='word_1_211' title='bbox 122 945 208 981; x_wconf 83' lang='grc' dir='ltr'>ταύτῃ</span> <span class='ocrx_word' id='word_1_212' title='bbox 220 946 252 980; x_wconf 84' lang='grc' dir='ltr'>τῇ</span> <span class='ocrx_word' id='word_1_213' title='bbox 268 945 409 981; x_wconf 83' lang='grc' dir='ltr'>Ἐπιστολῇ</span> <span class='ocrx_word' id='word_1_214' title='bbox 421 944 540 980; x_wconf 78' lang='grc' dir='ltr'>θεολογεῑ</span> <span class='ocrx_word' id='word_1_215' title='bbox 557 946 620 981; x_wconf 74' lang='grc' dir='ltr'>περὶ</span> <span class='ocrx_word' id='word_1_216' title='bbox 634 945 681 972; x_wconf 82' lang='grc' dir='ltr'><strong>τοῦ</strong></span> <span class='ocrx_word' id='word_1_217' title='bbox 696 945 792 980; x_wconf 85' lang='grc' dir='ltr'>Λόγου,</span> <span class='ocrx_word' id='word_1_218' title='bbox 802 946 869 972; x_wconf 87' lang='grc' dir='ltr'>ἀπο-</span> 
     </span>
    </p>
   </div>
   <div class='ocr_carea' id='block_1_34' title="bbox 79 990 870 1028">
    <p class='ocr_par' dir='ltr' id='par_1_34' title="bbox 79 990 870 1028">
     <span class='ocr_line' id='line_1_34' title="bbox 79 990 870 1028; baseline 0.003 -11"><span class='ocrx_word' id='word_1_219' title='bbox 79 990 190 1022; x_wconf 76' lang='grc' dir='ltr'>δεικνὺς</span> <span class='ocrx_word' id='word_1_220' title='bbox 208 991 289 1017; x_wconf 82' lang='grc' dir='ltr'>αὑτὸν</span> <span class='ocrx_word' id='word_1_221' title='bbox 303 991 346 1018; x_wconf 73' lang='grc' dir='ltr'><strong>ἀεὶ</strong></span> <span class='ocrx_word' id='word_1_222' title='bbox 361 990 430 1019; x_wconf 73' lang='grc' dir='ltr'>εἶναι</span> <span class='ocrx_word' id='word_1_223' title='bbox 442 993 471 1019; x_wconf 80' lang='grc' dir='ltr'>ὲν</span> <span class='ocrx_word' id='word_1_224' title='bbox 484 992 523 1027; x_wconf 83' lang='grc' dir='ltr'>τῷ</span> <span class='ocrx_word' id='word_1_225' title='bbox 537 992 606 1028; x_wconf 78' lang='grc' dir='ltr'>Θεῷ,</span> <span class='ocrx_word' id='word_1_226' title='bbox 623 992 668 1019; x_wconf 70' lang='grc' dir='ltr'><strong>καὶ</strong></span> <span class='ocrx_word' id='word_1_227' title='bbox 684 992 816 1019; x_wconf 83' lang='grc' dir='ltr'>διδάσκων</span> <span class='ocrx_word' id='word_1_228' title='bbox 826 993 870 1020; x_wconf 76' lang='grc' dir='ltr'>τὸν</span> 
     </span>
    </p>
   </div>
   <div class='ocr_carea' id='block_1_35' title="bbox 79 1036 872 1075">
    <p class='ocr_par' dir='ltr' id='par_1_35' title="bbox 79 1036 872 1075">
     <span class='ocr_line' id='line_1_35' title="bbox 79 1036 872 1075; baseline 0.003 -11"><span class='ocrx_word' id='word_1_229' title='bbox 79 1038 193 1074; x_wconf 82' lang='grc' dir='ltr'>Πατέρα</span> <span class='ocrx_word' id='word_1_230' title='bbox 207 1037 264 1073; x_wconf 75' lang='grc' dir='ltr'>ιρῶς</span> <span class='ocrx_word' id='word_1_231' title='bbox 281 1036 360 1071; x_wconf 73' lang='grc' dir='ltr'>εἶναι,</span> <span class='ocrx_word' id='word_1_232' title='bbox 379 1038 423 1065; x_wconf 84' lang='grc' dir='ltr'><strong>ἴνα</strong></span> <span class='ocrx_word' id='word_1_233' title='bbox 438 1039 484 1065; x_wconf 74' lang='grc' dir='ltr'>καὶ</span> <span class='ocrx_word' id='word_1_234' title='bbox 498 1038 584 1070; x_wconf 84' lang='grc' dir='ltr'>οὕτως</span> <span class='ocrx_word' id='word_1_235' title='bbox 601 1039 709 1075; x_wconf 80' lang='grc' dir='ltr'>γνῶμεν</span> <span class='ocrx_word' id='word_1_236' title='bbox 725 1037 769 1066; x_wconf 74' lang='grc' dir='ltr'><strong>τὸν</strong></span> <span class='ocrx_word' id='word_1_237' title='bbox 786 1040 872 1074; x_wconf 80' lang='grc' dir='ltr'>Λόγον</span> 
     </span>
    </p>
   </div>
   <div class='ocr_carea' id='block_1_36' title="bbox 79 1082 871 1122">
    <p class='ocr_par' dir='ltr' id='par_1_36' title="bbox 79 1082 871 1122">
     <span class='ocr_line' id='line_1_36' title="bbox 79 1082 871 1122; baseline 0.001 -10"><span class='ocrx_word' id='word_1_238' title='bbox 79 1084 253 1120; x_wconf 78' lang='grc' dir='ltr'>ἀπαύγασμα</span> <span class='ocrx_word' id='word_1_239' title='bbox 270 1084 299 1118; x_wconf 82' lang='grc' dir='ltr'><strong>ἐξ</strong></span> <span class='ocrx_word' id='word_1_240' title='bbox 315 1084 397 1111; x_wconf 79' lang='grc' dir='ltr'>αὐτοῦ</span> <span class='ocrx_word' id='word_1_241' title='bbox 419 1082 499 1111; x_wconf 76' lang='grc' dir='ltr'>εῖναι.</span> <span class='ocrx_word' id='word_1_242' title='bbox 520 1085 657 1120; x_wconf 81' lang='grc' dir='ltr'>Θεολογῶν</span> <span class='ocrx_word' id='word_1_243' title='bbox 674 1085 718 1118; x_wconf 77' lang='grc' dir='ltr'>δὲ,</span> <span class='ocrx_word' id='word_1_244' title='bbox 735 1085 871 1122; x_wconf 76' lang='grc' dir='ltr'>ἐξηγεῖται</span> 
     </span>
    </p>
   </div>
   <div class='ocr_carea' id='block_1_37' title="bbox 81 1129 872 1167">
    <p class='ocr_par' dir='ltr' id='par_1_37' title="bbox 81 1129 872 1167">
     <span class='ocr_line' id='line_1_37' title="bbox 81 1129 872 1167; baseline 0.003 -10"><span class='ocrx_word' id='word_1_245' title='bbox 81 1131 123 1167; x_wconf 83' lang='grc' dir='ltr'>μὴ</span> <span class='ocrx_word' id='word_1_246' title='bbox 141 1131 274 1167; x_wconf 83' lang='grc' dir='ltr'>νεώτερον</span> <span class='ocrx_word' id='word_1_247' title='bbox 286 1129 354 1157; x_wconf 78' lang='grc' dir='ltr'>εἶναι</span> <span class='ocrx_word' id='word_1_248' title='bbox 369 1131 400 1158; x_wconf 81' lang='grc' dir='ltr'><strong>τὸ</strong></span> <span class='ocrx_word' id='word_1_249' title='bbox 415 1131 475 1158; x_wconf 82' lang='grc' dir='ltr'>καθ’</span> <span class='ocrx_word' id='word_1_250' title='bbox 488 1132 560 1167; x_wconf 78' lang='grc' dir='ltr'>ἡμᾶς</span> <span class='ocrx_word' id='word_1_251' title='bbox 577 1132 733 1167; x_wconf 80' lang='grc' dir='ltr'>μυστήριον,</span> <span class='ocrx_word' id='word_1_252' title='bbox 746 1132 814 1159; x_wconf 80' lang='grc' dir='ltr'>ἀλλὰ</span> <span class='ocrx_word' id='word_1_253' title='bbox 825 1133 872 1159; x_wconf 79' lang='grc' dir='ltr'><strong>καὶ</strong></span> 
     </span>
    </p>
   </div>
   <div class='ocr_carea' id='block_1_38' title="bbox 79 1177 872 1215">
    <p class='ocr_par' dir='ltr' id='par_1_38' title="bbox 79 1177 872 1215">
     <span class='ocr_line' id='line_1_38' title="bbox 79 1177 872 1215; baseline 0.001 -12"><span class='ocrx_word' id='word_1_254' title='bbox 79 1177 113 1210; x_wconf 80' lang='grc' dir='ltr'><strong>ἐξ</strong></span> <span class='ocrx_word' id='word_1_255' title='bbox 125 1177 212 1212; x_wconf 81' lang='grc' dir='ltr'>ἀρχῆς</span> <span class='ocrx_word' id='word_1_256' title='bbox 228 1177 277 1212; x_wconf 76' lang='grc' dir='ltr'>μὲν</span> <span class='ocrx_word' id='word_1_257' title='bbox 292 1177 336 1204; x_wconf 77' lang='grc' dir='ltr'><strong>ἀεὶ</strong></span> <span class='ocrx_word' id='word_1_258' title='bbox 350 1178 494 1213; x_wconf 85' lang='grc' dir='ltr'>τυγχάνειν</span> <span class='ocrx_word' id='word_1_259' title='bbox 511 1178 587 1211; x_wconf 76' lang='grc' dir='ltr'>αὐτὸ,</span> <span class='ocrx_word' id='word_1_260' title='bbox 605 1177 653 1204; x_wconf 81' lang='grc' dir='ltr'><strong>νῦν</strong></span> <span class='ocrx_word' id='word_1_261' title='bbox 672 1178 700 1204; x_wconf 81' lang='grc' dir='ltr'>δὲ</span> <span class='ocrx_word' id='word_1_262' title='bbox 714 1178 872 1215; x_wconf 82' lang='grc' dir='ltr'>πεφανερῶ-</span> 
     </span>
    </p>
   </div>
   <div class='ocr_carea' id='block_1_39' title="bbox 80 1222 872 1260">
    <p class='ocr_par' dir='ltr' id='par_1_39' title="bbox 80 1222 872 1260">
     <span class='ocr_line' id='line_1_39' title="bbox 80 1222 872 1260; baseline 0.001 -11"><span class='ocrx_word' id='word_1_263' title='bbox 80 1223 147 1250; x_wconf 85' lang='grc' dir='ltr'>σθαι</span> <span class='ocrx_word' id='word_1_264' title='bbox 159 1224 188 1249; x_wconf 86' lang='grc' dir='ltr'>ὲν</span> <span class='ocrx_word' id='word_1_265' title='bbox 203 1222 243 1258; x_wconf 84' lang='grc' dir='ltr'>τῷ</span> <span class='ocrx_word' id='word_1_266' title='bbox 253 1223 357 1260; x_wconf 88' lang='grc' dir='ltr'>Κυρίῳ,</span> <span class='ocrx_word' id='word_1_267' title='bbox 375 1224 448 1255; x_wconf 80' lang='grc' dir='ltr'>ὅστις</span> <span class='ocrx_word' id='word_1_268' title='bbox 465 1223 521 1249; x_wconf 75' lang='grc' dir='ltr'>ἐστὶ</span> <span class='ocrx_word' id='word_1_269' title='bbox 537 1223 592 1258; x_wconf 81' lang='grc' dir='ltr'><strong>ζωὴ</strong></span> <span class='ocrx_word' id='word_1_270' title='bbox 608 1222 725 1256; x_wconf 83' lang='grc' dir='ltr'>αἰώνιος,</span> <span class='ocrx_word' id='word_1_271' title='bbox 743 1223 790 1250; x_wconf 77' lang='grc' dir='ltr'>καὶ</span> <span class='ocrx_word' id='word_1_272' title='bbox 806 1223 872 1256; x_wconf 84' lang='grc' dir='ltr'>Θεδς</span> 
     </span>
    </p>
   </div>
   <div class='ocr_carea' id='block_1_40' title="bbox 79 1268 872 1306">
    <p class='ocr_par' dir='ltr' id='par_1_40' title="bbox 79 1268 872 1306">
     <span class='ocr_line' id='line_1_40' title="bbox 79 1268 872 1306; baseline 0.001 -11"><span class='ocrx_word' id='word_1_273' title='bbox 79 1268 219 1304; x_wconf 82' lang='grc' dir='ltr'>ἀληθινός.</span> <span class='ocrx_word' id='word_1_274' title='bbox 238 1270 293 1296; x_wconf 78' lang='grc' dir='ltr'>Καὶ</span> <span class='ocrx_word' id='word_1_275' title='bbox 304 1269 335 1296; x_wconf 80' lang='grc' dir='ltr'>τὸ</span> <span class='ocrx_word' id='word_1_276' title='bbox 353 1270 437 1296; x_wconf 79' lang='grc' dir='ltr'>αῐτιον</span> <span class='ocrx_word' id='word_1_277' title='bbox 450 1269 478 1296; x_wconf 79' lang='grc' dir='ltr'>δὲ</span> <span class='ocrx_word' id='word_1_278' title='bbox 493 1269 541 1304; x_wconf 78' lang='grc' dir='ltr'><strong>τῆς</strong></span> <span class='ocrx_word' id='word_1_279' title='bbox 558 1269 606 1296; x_wconf 74' lang='grc' dir='ltr'><strong>τοῦ</strong></span> <span class='ocrx_word' id='word_1_280' title='bbox 623 1269 708 1304; x_wconf 85' lang='grc' dir='ltr'>Λόγου</span> <span class='ocrx_word' id='word_1_281' title='bbox 722 1270 872 1306; x_wconf 77' lang='grc' dir='ltr'>παρουσίας</span> 
     </span>
    </p>
   </div>
   <div class='ocr_carea' id='block_1_41' title="bbox 79 1314 873 1351">
    <p class='ocr_par' dir='ltr' id='par_1_41' title="bbox 79 1314 873 1351">
     <span class='ocr_line' id='line_1_41' title="bbox 79 1314 873 1351; baseline 0 -9"><span class='ocrx_word' id='word_1_282' title='bbox 79 1317 131 1343; x_wconf 82' lang='grc' dir='ltr'>καὶ</span> <span class='ocrx_word' id='word_1_283' title='bbox 150 1317 310 1350; x_wconf 76' lang='grc' dir='ltr'>ἐπιφανείας</span> <span class='ocrx_word' id='word_1_284' title='bbox 328 1316 410 1343; x_wconf 73' lang='grc' dir='ltr'>αὐτοῦ</span> <span class='ocrx_word' id='word_1_285' title='bbox 422 1316 527 1351; x_wconf 83' lang='grc' dir='ltr'>τίθησιν</span> <span class='ocrx_word' id='word_1_286' title='bbox 541 1314 610 1342; x_wconf 84' lang='grc' dir='ltr'>εἶναι</span> <span class='ocrx_word' id='word_1_287' title='bbox 622 1315 708 1349; x_wconf 79' lang='grc' dir='ltr'>λέγων</span> <span class='ocrx_word' id='word_1_288' title='bbox 724 1315 812 1347; x_wconf 80' lang='grc' dir='ltr'>τοῦτο,</span> <span class='ocrx_word' id='word_1_289' title='bbox 826 1316 873 1342; x_wconf 72' lang='grc' dir='ltr'><strong>ἐπὶ</strong></span> 
     </span>
    </p>
   </div>
   <div class='ocr_carea' id='block_1_42' title="bbox 79 1361 873 1397">
    <p class='ocr_par' dir='ltr' id='par_1_42' title="bbox 79 1361 873 1397">
     <span class='ocr_line' id='line_1_42' title="bbox 79 1361 873 1397; baseline 0 -9"><span class='ocrx_word' id='word_1_290' title='bbox 79 1361 114 1388; x_wconf 74' lang='grc' dir='ltr'>τὸ</span> <span class='ocrx_word' id='word_1_291' title='bbox 131 1361 281 1388; x_wconf 80' lang='grc' dir='ltr'>καταλῦσαι</span> <span class='ocrx_word' id='word_1_292' title='bbox 290 1361 325 1388; x_wconf 82' lang='grc' dir='ltr'><strong>τὰ</strong></span> <span class='ocrx_word' id='word_1_293' title='bbox 335 1361 403 1397; x_wconf 78' lang='grc' dir='ltr'>ἔργα</span> <span class='ocrx_word' id='word_1_294' title='bbox 417 1361 462 1388; x_wconf 90' lang='grc' dir='ltr'><strong>τοῦ</strong></span> <span class='ocrx_word' id='word_1_295' title='bbox 479 1361 612 1394; x_wconf 77' lang='grc' dir='ltr'>διαϐόλου,</span> <span class='ocrx_word' id='word_1_296' title='bbox 621 1362 668 1387; x_wconf 76' lang='grc' dir='ltr'>καὶ</span> <span class='ocrx_word' id='word_1_297' title='bbox 681 1362 754 1396; x_wconf 78' lang='grc' dir='ltr'>ἡμᾶς</span> <span class='ocrx_word' id='word_1_298' title='bbox 767 1361 873 1388; x_wconf 80' lang='grc' dir='ltr'>ἐλευθε-</span> 
     </span>
    </p>
   </div>
   <div class='ocr_carea' id='block_1_43' title="bbox 80 1407 871 1444">
    <p class='ocr_par' dir='ltr' id='par_1_43' title="bbox 80 1407 871 1444">
     <span class='ocr_line' id='line_1_43' title="bbox 80 1407 871 1444; baseline 0 -10"><span class='ocrx_word' id='word_1_299' title='bbox 80 1407 204 1443; x_wconf 83' lang='grc' dir='ltr'>ρωθῆναι</span> <span class='ocrx_word' id='word_1_300' title='bbox 216 1407 262 1434; x_wconf 87' lang='grc' dir='ltr'><strong>τοῦ</strong></span> <span class='ocrx_word' id='word_1_301' title='bbox 271 1407 395 1440; x_wconf 76' lang='grc' dir='ltr'>θανάτου,</span> <span class='ocrx_word' id='word_1_302' title='bbox 404 1408 452 1434; x_wconf 73' lang='grc' dir='ltr'><strong>καὶ</strong></span> <span class='ocrx_word' id='word_1_303' title='bbox 461 1407 604 1442; x_wconf 84' lang='grc' dir='ltr'>γινώσκειν</span> <span class='ocrx_word' id='word_1_304' title='bbox 612 1409 685 1443; x_wconf 84' lang='grc' dir='ltr'>ἡμᾶς</span> <span class='ocrx_word' id='word_1_305' title='bbox 696 1408 741 1434; x_wconf 73' lang='grc' dir='ltr'><strong>τὸν</strong></span> <span class='ocrx_word' id='word_1_306' title='bbox 752 1407 871 1444; x_wconf 76' lang='grc' dir='ltr'>Πατέρα,</span> 
     </span>
    </p>
   </div>
   <div class='ocr_carea' id='block_1_44' title="bbox 77 1453 873 1489">
    <p class='ocr_par' dir='ltr' id='par_1_44' title="bbox 77 1453 873 1489">
     <span class='ocr_line' id='line_1_44' title="bbox 77 1453 873 1489; baseline -0.001 -9"><span class='ocrx_word' id='word_1_307' title='bbox 77 1453 129 1480; x_wconf 79' lang='grc' dir='ltr'>καὶ</span> <span class='ocrx_word' id='word_1_308' title='bbox 150 1453 231 1480; x_wconf 78' lang='grc' dir='ltr'>αὐτὸν</span> <span class='ocrx_word' id='word_1_309' title='bbox 251 1453 297 1480; x_wconf 79' lang='grc' dir='ltr'>τὸν</span> <span class='ocrx_word' id='word_1_310' title='bbox 313 1453 387 1485; x_wconf 80' lang='grc' dir='ltr'>Υίὸν,</span> <span class='ocrx_word' id='word_1_311' title='bbox 402 1453 448 1480; x_wconf 72' lang='grc' dir='ltr'>τὸν</span> <span class='ocrx_word' id='word_1_312' title='bbox 465 1453 566 1489; x_wconf 83' lang='grc' dir='ltr'>Κύριον</span> <span class='ocrx_word' id='word_1_313' title='bbox 586 1453 663 1488; x_wconf 79' lang='grc' dir='ltr'>ἡμῶν</span> <span class='ocrx_word' id='word_1_314' title='bbox 684 1453 786 1489; x_wconf 81' lang='grc' dir='ltr'>Ἰησοῦν</span> <span class='ocrx_word' id='word_1_315' title='bbox 805 1454 873 1488; x_wconf 90' lang='grc' dir='ltr'>Χρι-</span> 
     </span>
    </p>
   </div>
   <div class='ocr_carea' id='block_1_45' title="bbox 79 1498 871 1535">
    <p class='ocr_par' dir='ltr' id='par_1_45' title="bbox 79 1498 871 1535">
     <span class='ocr_line' id='line_1_45' title="bbox 79 1498 871 1535; baseline 0 -9"><span class='ocrx_word' id='word_1_316' title='bbox 79 1499 155 1526; x_wconf 83' lang='grc' dir='ltr'>στόν.</span> <span class='ocrx_word' id='word_1_317' title='bbox 170 1499 274 1535; x_wconf 69' lang='grc' dir='ltr'>Γράφει</span> <span class='ocrx_word' id='word_1_318' title='bbox 287 1499 352 1534; x_wconf 84' lang='grc' dir='ltr'>γοῦν</span> <span class='ocrx_word' id='word_1_319' title='bbox 366 1499 434 1535; x_wconf 81' lang='grc' dir='ltr'>πρὸς</span> <span class='ocrx_word' id='word_1_320' title='bbox 451 1499 541 1525; x_wconf 79' lang='grc' dir='ltr'>πᾶσαν</span> <span class='ocrx_word' id='word_1_321' title='bbox 555 1498 672 1534; x_wconf 76' lang='grc' dir='ltr'>ἡλικίαν,</span> <span class='ocrx_word' id='word_1_322' title='bbox 683 1499 752 1535; x_wconf 78' lang='grc' dir='ltr'>πρὸς</span> <span class='ocrx_word' id='word_1_323' title='bbox 768 1499 871 1531; x_wconf 78' lang='grc' dir='ltr'>παιδία,</span> 
     </span>
    </p>
   </div>
   <div class='ocr_carea' id='block_1_46' title="bbox 78 1543 872 1582">
    <p class='ocr_par' dir='ltr' id='par_1_46' title="bbox 78 1543 872 1582">
     <span class='ocr_line' id='line_1_46' title="bbox 78 1543 872 1582; baseline -0.003 -10"><span class='ocrx_word' id='word_1_324' title='bbox 78 1545 151 1582; x_wconf 74' lang='grc' dir='ltr'>πρδς</span> <span class='ocrx_word' id='word_1_325' title='bbox 166 1545 334 1577; x_wconf 83' lang='grc' dir='ltr'>νεανίσκους,</span> <span class='ocrx_word' id='word_1_326' title='bbox 350 1545 417 1580; x_wconf 85' lang='grc' dir='ltr'>πρὸς</span> <span class='ocrx_word' id='word_1_327' title='bbox 426 1544 566 1580; x_wconf 84' lang='grc' dir='ltr'>γέροντας,</span> <span class='ocrx_word' id='word_1_328' title='bbox 574 1544 615 1571; x_wconf 82' lang='grc' dir='ltr'>ὃτι</span> <span class='ocrx_word' id='word_1_329' title='bbox 627 1545 642 1570; x_wconf 97' lang='lat'><strong>6</strong></span> <span class='ocrx_word' id='word_1_330' title='bbox 655 1544 703 1579; x_wconf 81' lang='grc' dir='ltr'>μὲν</span> <span class='ocrx_word' id='word_1_331' title='bbox 715 1544 779 1576; x_wconf 79' lang='grc' dir='ltr'>Θεὸς</span> <span class='ocrx_word' id='word_1_332' title='bbox 789 1543 872 1578; x_wconf 86' lang='grc' dir='ltr'><strong>ὲγνὼ-</strong></span> 
     </span>
    </p>
   </div>
   <div class='ocr_carea' id='block_1_47' title="bbox 79 1590 871 1628">
    <p class='ocr_par' dir='ltr' id='par_1_47' title="bbox 79 1590 871 1628">
     <span class='ocr_line' id='line_1_47' title="bbox 79 1590 871 1628; baseline -0.005 -8"><span class='ocrx_word' id='word_1_333' title='bbox 79 1592 145 1628; x_wconf 84' lang='grc' dir='ltr'>σθη,</span> <span class='ocrx_word' id='word_1_334' title='bbox 159 1594 176 1627; x_wconf 88' lang='grc' dir='ltr'>ἡ</span> <span class='ocrx_word' id='word_1_335' title='bbox 193 1592 222 1619; x_wconf 78' lang='grc' dir='ltr'>δὲ</span> <span class='ocrx_word' id='word_1_336' title='bbox 244 1591 384 1627; x_wconf 87' lang='grc' dir='ltr'>διαϐολικὴ</span> <span class='ocrx_word' id='word_1_337' title='bbox 394 1591 519 1627; x_wconf 75' lang='grc' dir='ltr'>ἐνέργεια</span> <span class='ocrx_word' id='word_1_338' title='bbox 531 1590 624 1618; x_wconf 73' lang='grc' dir='ltr'>λοιπὸν</span> <span class='ocrx_word' id='word_1_339' title='bbox 640 1590 788 1626; x_wconf 88' lang='grc' dir='ltr'>νενίκηται,</span> <span class='ocrx_word' id='word_1_340' title='bbox 804 1599 871 1617; x_wconf 88' lang='grc' dir='ltr'>κατ-</span> 
     </span>
    </p>
   </div>
   <div class='ocr_carea' id='block_1_48' title="bbox 77 1635 873 1673">
    <p class='ocr_par' dir='ltr' id='par_1_48' title="bbox 77 1635 873 1673">
     <span class='ocr_line' id='line_1_48' title="bbox 77 1635 873 1673; baseline 0 -10"><span class='ocrx_word' id='word_1_341' title='bbox 77 1637 250 1673; x_wconf 82' lang='grc' dir='ltr'>αργηθέντος</span> <span class='ocrx_word' id='word_1_342' title='bbox 281 1637 328 1664; x_wconf 89' lang='grc' dir='ltr'><strong>τοῦ</strong></span> <span class='ocrx_word' id='word_1_343' title='bbox 351 1637 477 1664; x_wconf 84' lang='grc' dir='ltr'>θανάτου.</span> <span class='ocrx_word' id='word_1_344' title='bbox 500 1635 566 1663; x_wconf 82' lang='grc' dir='ltr'>Εἶτα</span> <span class='ocrx_word' id='word_1_345' title='bbox 580 1636 672 1664; x_wconf 76' lang='grc' dir='ltr'>λοιπὸν</span> <span class='ocrx_word' id='word_1_346' title='bbox 695 1637 728 1663; x_wconf 82' lang='grc' dir='ltr'>δι’</span> <span class='ocrx_word' id='word_1_347' title='bbox 743 1636 806 1672; x_wconf 78' lang='grc' dir='ltr'>ὅλης</span> <span class='ocrx_word' id='word_1_348' title='bbox 822 1636 873 1672; x_wconf 82' lang='grc' dir='ltr'><strong>τῆς</strong></span> 
     </span>
    </p>
   </div>
   <div class='ocr_carea' id='block_1_49' title="bbox 84 1682 872 1718">
    <p class='ocr_par' dir='ltr' id='par_1_49' title="bbox 84 1682 872 1718">
     <span class='ocr_line' id='line_1_49' title="bbox 84 1682 872 1718; baseline 0 -9"><span class='ocrx_word' id='word_1_349' title='bbox 84 1683 247 1718; x_wconf 75' lang='grc' dir='ltr'>Ἐπιστολῆς</span> <span class='ocrx_word' id='word_1_350' title='bbox 261 1683 326 1718; x_wconf 72' lang='grc' dir='ltr'>περὶ</span> <span class='ocrx_word' id='word_1_351' title='bbox 339 1683 450 1718; x_wconf 82' lang='grc' dir='ltr'>ἀγάπης</span> <span class='ocrx_word' id='word_1_352' title='bbox 465 1682 594 1715; x_wconf 79' lang='grc' dir='ltr'>διδάσκει,</span> <span class='ocrx_word' id='word_1_353' title='bbox 609 1682 692 1709; x_wconf 77' lang='grc' dir='ltr'>θέλων</span> <span class='ocrx_word' id='word_1_354' title='bbox 706 1683 779 1718; x_wconf 80' lang='grc' dir='ltr'>ἡμᾶς</span> <span class='ocrx_word' id='word_1_355' title='bbox 792 1682 872 1718; x_wconf 81' lang='grc' dir='ltr'>ἀλλή-</span> 
     </span>
    </p>
   </div>
   <div class='ocr_carea' id='block_1_50' title="bbox 74 1729 870 1766">
    <p class='ocr_par' dir='ltr' id='par_1_50' title="bbox 74 1729 870 1766">
     <span class='ocr_line' id='line_1_50' title="bbox 74 1729 870 1766; baseline -0.001 -10"><span class='ocrx_word' id='word_1_356' title='bbox 74 1730 144 1761; x_wconf 82' lang='grc' dir='ltr'>λους</span> <span class='ocrx_word' id='word_1_357' title='bbox 159 1730 280 1764; x_wconf 81' lang='grc' dir='ltr'>ἀγαπᾷν,</span> <span class='ocrx_word' id='word_1_358' title='bbox 294 1729 386 1765; x_wconf 76' lang='grc' dir='ltr'>ἐπειδὴ</span> <span class='ocrx_word' id='word_1_359' title='bbox 404 1729 450 1756; x_wconf 81' lang='grc' dir='ltr'>καὶ</span> <span class='ocrx_word' id='word_1_360' title='bbox 466 1731 480 1756; x_wconf 79' lang='lat'><strong>6</strong></span> <span class='ocrx_word' id='word_1_361' title='bbox 495 1729 613 1766; x_wconf 83' lang='grc' dir='ltr'>Χριστὸς</span> <span class='ocrx_word' id='word_1_362' title='bbox 627 1729 770 1764; x_wconf 79' lang='grc' dir='ltr'>ἠγάπησεν</span> <span class='ocrx_word' id='word_1_363' title='bbox 786 1730 870 1765; x_wconf 78' lang='grc' dir='ltr'>ἡμᾶς.</span> 
     </span>
    </p>
   </div>
   <div class='ocr_carea' id='block_1_51' title="bbox 86 1774 872 1812">
    <p class='ocr_par' dir='ltr' id='par_1_51' title="bbox 86 1774 872 1812">
     <span class='ocr_line' id='line_1_51' title="bbox 86 1774 872 1812; baseline 0 -10"><span class='ocrx_word' id='word_1_364' title='bbox 86 1775 244 1810; x_wconf 77' lang='grc' dir='ltr'>Ἐξηγείται</span> <span class='ocrx_word' id='word_1_365' title='bbox 258 1774 305 1802; x_wconf 83' lang='grc' dir='ltr'>οὖν</span> <span class='ocrx_word' id='word_1_366' title='bbox 326 1777 372 1803; x_wconf 71' lang='grc' dir='ltr'>ἐπὶ</span> <span class='ocrx_word' id='word_1_367' title='bbox 387 1775 517 1812; x_wconf 77' lang='grc' dir='ltr'>διαφορᾶς</span> <span class='ocrx_word' id='word_1_368' title='bbox 531 1776 614 1811; x_wconf 84' lang='grc' dir='ltr'>φόϐου</span> <span class='ocrx_word' id='word_1_369' title='bbox 629 1777 676 1803; x_wconf 76' lang='grc' dir='ltr'><strong>καὶ</strong></span> <span class='ocrx_word' id='word_1_370' title='bbox 689 1776 809 1811; x_wconf 82' lang='grc' dir='ltr'>ἀγάπης,</span> <span class='ocrx_word' id='word_1_371' title='bbox 825 1776 872 1802; x_wconf 72' lang='grc' dir='ltr'>καὶ</span> 
     </span>
    </p>
   </div>
   <div class='ocr_carea' id='block_1_52' title="bbox 75 1821 873 1858">
    <p class='ocr_par' dir='ltr' id='par_1_52' title="bbox 75 1821 873 1858">
     <span class='ocr_line' id='line_1_52' title="bbox 75 1821 873 1858; baseline -0.001 -9"><span class='ocrx_word' id='word_1_372' title='bbox 75 1822 184 1849; x_wconf 79' lang='grc' dir='ltr'>τέκνων</span> <span class='ocrx_word' id='word_1_373' title='bbox 198 1821 265 1849; x_wconf 84' lang='grc' dir='ltr'>Θεοῦ</span> <span class='ocrx_word' id='word_1_374' title='bbox 279 1822 326 1849; x_wconf 75' lang='grc' dir='ltr'>καὶ</span> <span class='ocrx_word' id='word_1_375' title='bbox 338 1822 439 1849; x_wconf 80' lang='grc' dir='ltr'>τέκνων</span> <span class='ocrx_word' id='word_1_376' title='bbox 453 1822 588 1854; x_wconf 83' lang='grc' dir='ltr'>διαϐόλου,</span> <span class='ocrx_word' id='word_1_377' title='bbox 600 1823 647 1849; x_wconf 79' lang='grc' dir='ltr'>καὶ</span> <span class='ocrx_word' id='word_1_378' title='bbox 661 1823 725 1858; x_wconf 78' lang='grc' dir='ltr'>περὶ</span> <span class='ocrx_word' id='word_1_379' title='bbox 736 1822 873 1858; x_wconf 72' lang='grc' dir='ltr'>ἁμαρτίας</span> 
     </span>
    </p>
   </div>
   <div class='ocr_carea' id='block_1_53' title="bbox 77 1867 873 1904">
    <p class='ocr_par' dir='ltr' id='par_1_53' title="bbox 77 1867 873 1904">
     <span class='ocr_line' id='line_1_53' title="bbox 77 1867 873 1904; baseline -0.003 -8"><span class='ocrx_word' id='word_1_380' title='bbox 77 1868 244 1904; x_wconf 83' lang='grc' dir='ltr'>θανατικῆς,</span> <span class='ocrx_word' id='word_1_381' title='bbox 257 1869 304 1895; x_wconf 74' lang='grc' dir='ltr'><strong>καὶ</strong></span> <span class='ocrx_word' id='word_1_382' title='bbox 323 1868 360 1904; x_wconf 82' lang='grc' dir='ltr'>μὴ</span> <span class='ocrx_word' id='word_1_383' title='bbox 374 1868 531 1904; x_wconf 77' lang='grc' dir='ltr'>θανατικῆς,</span> <span class='ocrx_word' id='word_1_384' title='bbox 544 1869 591 1895; x_wconf 70' lang='grc' dir='ltr'>καὶ</span> <span class='ocrx_word' id='word_1_385' title='bbox 607 1868 736 1903; x_wconf 73' lang='grc' dir='ltr'>διαφορᾶς</span> <span class='ocrx_word' id='word_1_386' title='bbox 752 1867 873 1903; x_wconf 80' lang='grc' dir='ltr'>πνευμά-</span> 
     </span>
    </p>
   </div>
   <div class='ocr_carea' id='block_1_54' title="bbox 76 1913 870 1952">
    <p class='ocr_par' dir='ltr' id='par_1_54' title="bbox 76 1913 870 1952">
     <span class='ocr_line' id='line_1_54' title="bbox 76 1913 870 1952; baseline -0.003 -10"><span class='ocrx_word' id='word_1_387' title='bbox 76 1925 149 1943; x_wconf 83' lang='grc' dir='ltr'>των.</span> <span class='ocrx_word' id='word_1_388' title='bbox 172 1915 227 1942; x_wconf 75' lang='grc' dir='ltr'>Καὶ</span> <span class='ocrx_word' id='word_1_389' title='bbox 242 1915 334 1942; x_wconf 81' lang='grc' dir='ltr'>λοιπὸν</span> <span class='ocrx_word' id='word_1_390' title='bbox 350 1915 456 1952; x_wconf 80' lang='grc' dir='ltr'>διαιρεῖ,</span> <span class='ocrx_word' id='word_1_391' title='bbox 474 1917 550 1942; x_wconf 82' lang='grc' dir='ltr'>ποῖον</span> <span class='ocrx_word' id='word_1_392' title='bbox 570 1915 619 1951; x_wconf 79' lang='grc' dir='ltr'>μὲν</span> <span class='ocrx_word' id='word_1_393' title='bbox 645 1914 757 1950; x_wconf 83' lang='grc' dir='ltr'>πνεῦμα</span> <span class='ocrx_word' id='word_1_394' title='bbox 776 1916 807 1941; x_wconf 77' lang='grc' dir='ltr'>ὲκ</span> <span class='ocrx_word' id='word_1_395' title='bbox 823 1913 870 1941; x_wconf 79' lang='grc' dir='ltr'><strong>τοῦ</strong></span> 
     </span>
    </p>
   </div>
   <div class='ocr_carea' id='block_1_55' title="bbox 77 1961 873 1997">
    <p class='ocr_par' dir='ltr' id='par_1_55' title="bbox 77 1961 873 1997">
     <span class='ocr_line' id='line_1_55' title="bbox 77 1961 873 1997; baseline -0.001 -9"><span class='ocrx_word' id='word_1_396' title='bbox 77 1961 150 1988; x_wconf 86' lang='grc' dir='ltr'>Θεοῦ</span> <span class='ocrx_word' id='word_1_397' title='bbox 165 1962 235 1995; x_wconf 81' lang='grc' dir='ltr'>ἐστι,</span> <span class='ocrx_word' id='word_1_398' title='bbox 250 1962 327 1988; x_wconf 88' lang='grc' dir='ltr'>ποῖον</span> <span class='ocrx_word' id='word_1_399' title='bbox 340 1961 369 1989; x_wconf 80' lang='grc' dir='ltr'>δὲ</span> <span class='ocrx_word' id='word_1_400' title='bbox 386 1962 437 1997; x_wconf 81' lang='grc' dir='ltr'><strong>τῆς</strong></span> <span class='ocrx_word' id='word_1_401' title='bbox 451 1962 566 1996; x_wconf 85' lang='grc' dir='ltr'>πλάνης,</span> <span class='ocrx_word' id='word_1_402' title='bbox 581 1962 629 1988; x_wconf 76' lang='grc' dir='ltr'>καὶ</span> <span class='ocrx_word' id='word_1_403' title='bbox 643 1961 709 1988; x_wconf 80' lang='grc' dir='ltr'>πότε</span> <span class='ocrx_word' id='word_1_404' title='bbox 730 1961 779 1996; x_wconf 81' lang='grc' dir='ltr'>μὲν</span> <span class='ocrx_word' id='word_1_405' title='bbox 793 1970 873 1995; x_wconf 78' lang='grc' dir='ltr'>γινω-</span> 
     </span>
    </p>
   </div>
   <div class='ocr_carea' id='block_1_56' title="bbox 54 2006 874 2045">
    <p class='ocr_par' dir='ltr' id='par_1_56' title="bbox 54 2006 874 2045">
     <span class='ocr_line' id='line_1_56' title="bbox 54 2006 874 2045; baseline -0.001 -11"><span class='ocrx_word' id='word_1_406' title='bbox 54 2036 62 2045; x_wconf 79' lang='lat'>_</span> <span class='ocrx_word' id='word_1_407' title='bbox 77 2007 206 2042; x_wconf 80' lang='grc' dir='ltr'>σκόμεθα</span> <span class='ocrx_word' id='word_1_408' title='bbox 219 2007 302 2034; x_wconf 79' lang='grc' dir='ltr'>τέκνα</span> <span class='ocrx_word' id='word_1_409' title='bbox 310 2007 388 2039; x_wconf 85' lang='grc' dir='ltr'>Θεοῦ,</span> <span class='ocrx_word' id='word_1_410' title='bbox 396 2008 460 2034; x_wconf 85' lang='grc' dir='ltr'>πότε</span> <span class='ocrx_word' id='word_1_411' title='bbox 473 2007 501 2034; x_wconf 75' lang='grc' dir='ltr'>δὲ</span> <span class='ocrx_word' id='word_1_412' title='bbox 508 2007 630 2034; x_wconf 78' lang='grc' dir='ltr'>διαϐόλου</span> <span class='ocrx_word' id='word_1_413' title='bbox 640 2016 646 2023; x_wconf 91' lang='grc'><strong>·</strong></span> <span class='ocrx_word' id='word_1_414' title='bbox 661 2007 707 2034; x_wconf 78' lang='grc' dir='ltr'><strong>καὶ</strong></span> <span class='ocrx_word' id='word_1_415' title='bbox 720 2007 783 2043; x_wconf 81' lang='grc' dir='ltr'>περὶ</span> <span class='ocrx_word' id='word_1_416' title='bbox 795 2006 874 2038; x_wconf 86' lang='grc' dir='ltr'>ποίας</span> 
     </span>
    </p>
   </div>
   <div class='ocr_carea' id='block_1_57' title="bbox 77 2051 872 2088">
    <p class='ocr_par' dir='ltr' id='par_1_57' title="bbox 77 2051 872 2088">
     <span class='ocr_line' id='line_1_57' title="bbox 77 2051 872 2088; baseline 0 -9"><span class='ocrx_word' id='word_1_417' title='bbox 77 2051 219 2087; x_wconf 83' lang='grc' dir='ltr'>ἁμαρτίας</span> <span class='ocrx_word' id='word_1_418' title='bbox 233 2051 375 2087; x_wconf 77' lang='grc' dir='ltr'>ὀφείλομεν</span> <span class='ocrx_word' id='word_1_419' title='bbox 394 2051 522 2086; x_wconf 71' lang='grc' dir='ltr'>εὔχεσθαι</span> <span class='ocrx_word' id='word_1_420' title='bbox 532 2060 540 2067; x_wconf 85' lang='grc'>·</span> <span class='ocrx_word' id='word_1_421' title='bbox 563 2052 609 2079; x_wconf 77' lang='grc' dir='ltr'>καὶ</span> <span class='ocrx_word' id='word_1_422' title='bbox 622 2053 662 2079; x_wconf 82' lang='grc' dir='ltr'><strong>ὁτι</strong></span> <span class='ocrx_word' id='word_1_423' title='bbox 675 2053 690 2079; x_wconf 88' lang='lat'><strong>6</strong></span> <span class='ocrx_word' id='word_1_424' title='bbox 709 2052 746 2088; x_wconf 84' lang='grc' dir='ltr'>μὴ</span> <span class='ocrx_word' id='word_1_425' title='bbox 758 2052 872 2086; x_wconf 79' lang='grc' dir='ltr'>ἀγαπῶν</span> 
     </span>
    </p>
   </div>
   <div class='ocr_carea' id='block_1_58' title="bbox 79 2097 874 2133">
    <p class='ocr_par' dir='ltr' id='par_1_58' title="bbox 79 2097 874 2133">
     <span class='ocr_line' id='line_1_58' title="bbox 79 2097 874 2133; baseline 0 -9"><span class='ocrx_word' id='word_1_426' title='bbox 79 2097 128 2124; x_wconf 78' lang='grc' dir='ltr'><strong>τὸν</strong></span> <span class='ocrx_word' id='word_1_427' title='bbox 145 2097 259 2133; x_wconf 79' lang='grc' dir='ltr'>πλησίον</span> <span class='ocrx_word' id='word_1_428' title='bbox 274 2098 324 2124; x_wconf 84' lang='grc' dir='ltr'>οὑκ</span> <span class='ocrx_word' id='word_1_429' title='bbox 338 2097 410 2124; x_wconf 76' lang='grc' dir='ltr'>ἐστιν</span> <span class='ocrx_word' id='word_1_430' title='bbox 425 2097 499 2130; x_wconf 80' lang='grc' dir='ltr'>ἄξιος</span> <span class='ocrx_word' id='word_1_431' title='bbox 511 2098 560 2133; x_wconf 77' lang='grc' dir='ltr'><strong>τῆς</strong></span> <span class='ocrx_word' id='word_1_432' title='bbox 570 2098 700 2133; x_wconf 77' lang='grc' dir='ltr'>κλήσεως,</span> <span class='ocrx_word' id='word_1_433' title='bbox 717 2098 777 2124; x_wconf 75' lang='grc' dir='ltr'>οὐδὲ</span> <span class='ocrx_word' id='word_1_434' title='bbox 794 2098 874 2124; x_wconf 83' lang='grc' dir='ltr'>δύνα-</span> 
     </span>
    </p>
   </div>
   <div class='ocr_carea' id='block_1_59' title="bbox 79 2142 871 2179">
    <p class='ocr_par' dir='ltr' id='par_1_59' title="bbox 79 2142 871 2179">
     <span class='ocr_line' id='line_1_59' title="bbox 79 2142 871 2179; baseline 0.001 -10"><span class='ocrx_word' id='word_1_435' title='bbox 79 2151 127 2169; x_wconf 83' lang='grc' dir='ltr'><strong>ται</strong></span> <span class='ocrx_word' id='word_1_436' title='bbox 143 2142 270 2176; x_wconf 80' lang='grc' dir='ltr'>λέγεσθαι</span> <span class='ocrx_word' id='word_1_437' title='bbox 290 2142 338 2170; x_wconf 76' lang='grc' dir='ltr'><strong>τοῦ</strong></span> <span class='ocrx_word' id='word_1_438' title='bbox 361 2143 490 2178; x_wconf 79' lang='grc' dir='ltr'>Χριστοῦ.</span> <span class='ocrx_word' id='word_1_439' title='bbox 509 2143 565 2170; x_wconf 70' lang='grc' dir='ltr'><strong>Καὶ</strong></span> <span class='ocrx_word' id='word_1_440' title='bbox 588 2143 636 2179; x_wconf 81' lang='grc' dir='ltr'>τὴν</span> <span class='ocrx_word' id='word_1_441' title='bbox 651 2143 763 2179; x_wconf 79' lang='grc' dir='ltr'>ἑνότητα</span> <span class='ocrx_word' id='word_1_442' title='bbox 779 2143 808 2170; x_wconf 76' lang='grc' dir='ltr'>δὲ</span> <span class='ocrx_word' id='word_1_443' title='bbox 825 2143 871 2170; x_wconf 89' lang='grc' dir='ltr'><strong>τοῦ</strong></span> 
     </span>
    </p>
   </div>
   <div class='ocr_carea' id='block_1_60' title="bbox 83 2188 871 2226">
    <p class='ocr_par' dir='ltr' id='par_1_60' title="bbox 83 2188 871 2226">
     <span class='ocr_line' id='line_1_60' title="bbox 83 2188 871 2226; baseline 0.003 -12"><span class='ocrx_word' id='word_1_444' title='bbox 83 2188 149 2214; x_wconf 83' lang='grc' dir='ltr'>Υίοῦ</span> <span class='ocrx_word' id='word_1_445' title='bbox 167 2188 235 2224; x_wconf 84' lang='grc' dir='ltr'>πρὸς</span> <span class='ocrx_word' id='word_1_446' title='bbox 245 2188 291 2215; x_wconf 85' lang='grc' dir='ltr'><strong>τὸν</strong></span> <span class='ocrx_word' id='word_1_447' title='bbox 302 2189 410 2224; x_wconf 82' lang='grc' dir='ltr'>Πατέρα</span> <span class='ocrx_word' id='word_1_448' title='bbox 417 2189 537 2216; x_wconf 78' lang='grc' dir='ltr'>δείκνυσι</span> <span class='ocrx_word' id='word_1_449' title='bbox 545 2198 552 2204; x_wconf 92' lang='grc'>·</span> <span class='ocrx_word' id='word_1_450' title='bbox 565 2190 612 2216; x_wconf 79' lang='grc' dir='ltr'><strong>καὶ</strong></span> <span class='ocrx_word' id='word_1_451' title='bbox 624 2190 665 2216; x_wconf 81' lang='grc' dir='ltr'>ὅτι</span> <span class='ocrx_word' id='word_1_452' title='bbox 676 2190 691 2216; x_wconf 95' lang='lat'><strong>6</strong></span> <span class='ocrx_word' id='word_1_453' title='bbox 708 2190 871 2226; x_wconf 83' lang='grc' dir='ltr'>ἀρνούμενος</span> 
     </span>
    </p>
   </div>
   <div class='ocr_carea' id='block_1_61' title="bbox 81 2233 910 2282">
    <p class='ocr_par' dir='ltr' id='par_1_61' title="bbox 81 2233 910 2282">
     <span class='ocr_line' id='line_1_61' title="bbox 81 2233 910 2282; baseline 0.002 -22"><span class='ocrx_word' id='word_1_454' title='bbox 81 2234 128 2260; x_wconf 72' lang='grc' dir='ltr'><strong>τὸν</strong></span> <span class='ocrx_word' id='word_1_455' title='bbox 145 2233 208 2260; x_wconf 81' lang='grc' dir='ltr'><strong>Υἱὸν</strong></span> <span class='ocrx_word' id='word_1_456' title='bbox 225 2235 286 2261; x_wconf 73' lang='grc' dir='ltr'>οὐδὲ</span> <span class='ocrx_word' id='word_1_457' title='bbox 306 2235 352 2261; x_wconf 82' lang='grc' dir='ltr'>τὸν</span> <span class='ocrx_word' id='word_1_458' title='bbox 368 2235 478 2270; x_wconf 85' lang='grc' dir='ltr'>Πατέρα</span> <span class='ocrx_word' id='word_1_459' title='bbox 495 2235 561 2271; x_wconf 76' lang='grc' dir='ltr'>ἔχει.</span> <span class='ocrx_word' id='word_1_460' title='bbox 578 2235 716 2271; x_wconf 83' lang='grc' dir='ltr'>Διακρίνει</span> <span class='ocrx_word' id='word_1_461' title='bbox 739 2235 767 2262; x_wconf 83' lang='grc' dir='ltr'>δὲ</span> <span class='ocrx_word' id='word_1_462' title='bbox 787 2237 816 2262; x_wconf 80' lang='grc' dir='ltr'>ὲν</span> <span class='ocrx_word' id='word_1_463' title='bbox 836 2238 870 2272; x_wconf 87' lang='grc' dir='ltr'><strong>τῇ</strong></span> <span class='ocrx_word' id='word_1_464' title='bbox 888 2254 910 2282; x_wconf 79' lang='lat' dir='ltr'>D</span> 
     </span>
    </p>
   </div>
   <div class='ocr_carea' id='block_1_62' title="bbox 82 2279 870 2317">
    <p class='ocr_par' dir='ltr' id='par_1_62' title="bbox 82 2279 870 2317">
     <span class='ocr_line' id='line_1_62' title="bbox 82 2279 870 2317; baseline 0.005 -12"><span class='ocrx_word' id='word_1_465' title='bbox 82 2279 226 2315; x_wconf 79' lang='grc' dir='ltr'>Ἐπιστολῇ</span> <span class='ocrx_word' id='word_1_466' title='bbox 241 2279 336 2316; x_wconf 83' lang='grc' dir='ltr'>ταύτῃ,</span> <span class='ocrx_word' id='word_1_467' title='bbox 350 2280 436 2315; x_wconf 81' lang='grc' dir='ltr'>λέγων</span> <span class='ocrx_word' id='word_1_468' title='bbox 449 2281 535 2308; x_wconf 77' lang='grc' dir='ltr'>καὶτὸ</span> <span class='ocrx_word' id='word_1_469' title='bbox 552 2281 615 2308; x_wconf 77' lang='grc' dir='ltr'>ἴδιον</span> <span class='ocrx_word' id='word_1_470' title='bbox 622 2282 669 2308; x_wconf 81' lang='grc' dir='ltr'><strong>τοῦ</strong></span> <span class='ocrx_word' id='word_1_471' title='bbox 678 2282 870 2317; x_wconf 82' lang='grc' dir='ltr'>Ἀντιχρίστου·</span> 
     </span>
    </p>
   </div>
   <div class='ocr_carea' id='block_1_63' title="bbox 82 2321 873 2363">
    <p class='ocr_par' dir='ltr' id='par_1_63' title="bbox 82 2321 873 2363">
     <span class='ocr_line' id='line_1_63' title="bbox 82 2321 873 2363; baseline 0.006 -13"><span class='ocrx_word' id='word_1_472' title='bbox 82 2321 153 2353; x_wconf 76' lang='grc' dir='ltr'>εἶναι</span> <span class='ocrx_word' id='word_1_473' title='bbox 165 2325 193 2351; x_wconf 81' lang='grc' dir='ltr'>δὲ</span> <span class='ocrx_word' id='word_1_474' title='bbox 211 2325 290 2352; x_wconf 80' lang='grc' dir='ltr'>τοῦτο</span> <span class='ocrx_word' id='word_1_475' title='bbox 310 2326 340 2352; x_wconf 87' lang='grc' dir='ltr'>τὸ</span> <span class='ocrx_word' id='word_1_476' title='bbox 353 2326 442 2360; x_wconf 75' lang='grc' dir='ltr'>λέγειν</span> <span class='ocrx_word' id='word_1_477' title='bbox 465 2327 502 2362; x_wconf 86' lang='grc' dir='ltr'>μὴ</span> <span class='ocrx_word' id='word_1_478' title='bbox 521 2325 590 2355; x_wconf 71' lang='grc' dir='ltr'>εἶναι</span> <span class='ocrx_word' id='word_1_479' title='bbox 605 2327 651 2354; x_wconf 79' lang='grc' dir='ltr'>τὸν</span> <span class='ocrx_word' id='word_1_480' title='bbox 669 2327 772 2363; x_wconf 82' lang='grc' dir='ltr'>Ἰησοῦν</span> <span class='ocrx_word' id='word_1_481' title='bbox 791 2328 873 2356; x_wconf 76' lang='grc' dir='ltr'>αὐτὸν</span> 
     </span>
    </p>
   </div>
   <div class='ocr_carea' id='block_1_64' title="bbox 81 2369 873 2410">
    <p class='ocr_par' dir='ltr' id='par_1_64' title="bbox 81 2369 873 2410">
     <span class='ocr_line' id='line_1_64' title="bbox 81 2369 873 2410; baseline 0.008 -15"><span class='ocrx_word' id='word_1_482' title='bbox 81 2369 127 2396; x_wconf 69' lang='grc' dir='ltr'><strong>τὸν</strong></span> <span class='ocrx_word' id='word_1_483' title='bbox 144 2371 272 2406; x_wconf 76' lang='grc' dir='ltr'>Χριστὸν,</span> <span class='ocrx_word' id='word_1_484' title='bbox 290 2371 344 2404; x_wconf 82' lang='grc' dir='ltr'>ἶνα,</span> <span class='ocrx_word' id='word_1_485' title='bbox 361 2372 398 2404; x_wconf 91' lang='grc' dir='ltr'><strong>ὡς</strong></span> <span class='ocrx_word' id='word_1_486' title='bbox 419 2372 457 2408; x_wconf 84' lang='grc' dir='ltr'>μὴ</span> <span class='ocrx_word' id='word_1_487' title='bbox 472 2373 548 2405; x_wconf 78' lang='grc' dir='ltr'>ὄντος</span> <span class='ocrx_word' id='word_1_488' title='bbox 561 2373 676 2405; x_wconf 77' lang='grc' dir='ltr'>ἐκείνου,</span> <span class='ocrx_word' id='word_1_489' title='bbox 694 2373 789 2401; x_wconf 74' lang='grc' dir='ltr'>ἑαυτὸν</span> <span class='ocrx_word' id='word_1_490' title='bbox 808 2374 873 2410; x_wconf 74' lang='grc' dir='ltr'>εἴπῃ</span> 
     </span>
    </p>
   </div>
   <div class='ocr_carea' id='block_1_65' title="bbox 81 2412 872 2455">
    <p class='ocr_par' dir='ltr' id='par_1_65' title="bbox 81 2412 872 2455">
     <span class='ocr_line' id='line_1_65' title="bbox 81 2412 872 2455; baseline 0.006 -14"><span class='ocrx_word' id='word_1_491' title='bbox 81 2412 152 2442; x_wconf 80' lang='grc' dir='ltr'>εἶναι</span> <span class='ocrx_word' id='word_1_492' title='bbox 165 2416 179 2442; x_wconf 85' lang='lat'><strong>6</strong></span> <span class='ocrx_word' id='word_1_493' title='bbox 192 2415 323 2452; x_wconf 78' lang='grc' dir='ltr'>ψεύστης.</span> <span class='ocrx_word' id='word_1_494' title='bbox 339 2417 471 2452; x_wconf 86' lang='grc' dir='ltr'>Παραινεῖ</span> <span class='ocrx_word' id='word_1_495' title='bbox 485 2417 514 2444; x_wconf 83' lang='grc' dir='ltr'>δὲ</span> <span class='ocrx_word' id='word_1_496' title='bbox 528 2418 561 2444; x_wconf 84' lang='grc' dir='ltr'>δι’</span> <span class='ocrx_word' id='word_1_497' title='bbox 574 2418 638 2453; x_wconf 83' lang='grc' dir='ltr'>ὅλης</span> <span class='ocrx_word' id='word_1_498' title='bbox 651 2419 699 2454; x_wconf 82' lang='grc' dir='ltr'><strong>τῆς</strong></span> <span class='ocrx_word' id='word_1_499' title='bbox 715 2419 872 2455; x_wconf 85' lang='grc' dir='ltr'>Ἐπιστολῆς</span> 
     </span>
    </p>
   </div>
   <div class='ocr_carea' id='block_1_66' title="bbox 83 2460 872 2502">
    <p class='ocr_par' dir='ltr' id='par_1_66' title="bbox 83 2460 872 2502">
     <span class='ocr_line' id='line_1_66' title="bbox 83 2460 872 2502; baseline 0.006 -15"><span class='ocrx_word' id='word_1_500' title='bbox 83 2461 121 2502; x_wconf 82' lang='grc' dir='ltr'>μὴ</span> <span class='ocrx_word' id='word_1_501' title='bbox 135 2460 249 2497; x_wconf 82' lang='grc' dir='ltr'>ἀθυμεῖν</span> <span class='ocrx_word' id='word_1_502' title='bbox 264 2462 327 2494; x_wconf 79' lang='grc' dir='ltr'>τοὺς</span> <span class='ocrx_word' id='word_1_503' title='bbox 347 2463 524 2496; x_wconf 82' lang='grc' dir='ltr'>πιστεύοντας</span> <span class='ocrx_word' id='word_1_504' title='bbox 538 2463 578 2500; x_wconf 81' lang='grc' dir='ltr'>τῷ</span> <span class='ocrx_word' id='word_1_505' title='bbox 597 2465 702 2501; x_wconf 84' lang='grc' dir='ltr'>Κυρίῳ,</span> <span class='ocrx_word' id='word_1_506' title='bbox 719 2465 743 2491; x_wconf 83' lang='grc' dir='ltr'><strong>εί</strong></span> <span class='ocrx_word' id='word_1_507' title='bbox 761 2464 872 2500; x_wconf 81' lang='grc' dir='ltr'>μισοῦν-</span> 
     </span>
    </p>
   </div>
   <div class='ocr_carea' id='block_1_67' title="bbox 79 2507 871 2546">
    <p class='ocr_par' dir='ltr' id='par_1_67' title="bbox 79 2507 871 2546">
     <span class='ocr_line' id='line_1_67' title="bbox 79 2507 871 2546; baseline 0.006 -13"><span class='ocrx_word' id='word_1_508' title='bbox 79 2516 124 2534; x_wconf 90' lang='grc' dir='ltr'><strong>ται</strong></span> <span class='ocrx_word' id='word_1_509' title='bbox 141 2507 170 2533; x_wconf 85' lang='grc' dir='ltr'>ὲν</span> <span class='ocrx_word' id='word_1_510' title='bbox 183 2507 223 2543; x_wconf 85' lang='grc' dir='ltr'>τῷ</span> <span class='ocrx_word' id='word_1_511' title='bbox 239 2508 344 2544; x_wconf 83' lang='grc' dir='ltr'>κόσμῳ,</span> <span class='ocrx_word' id='word_1_512' title='bbox 357 2508 426 2536; x_wconf 83' lang='grc' dir='ltr'><strong>ἀλλὰ</strong></span> <span class='ocrx_word' id='word_1_513' title='bbox 445 2509 545 2545; x_wconf 72' lang='grc' dir='ltr'>μᾶλλον</span> <span class='ocrx_word' id='word_1_514' title='bbox 560 2510 676 2546; x_wconf 84' lang='grc' dir='ltr'>χαίρειν,</span> <span class='ocrx_word' id='word_1_515' title='bbox 692 2511 733 2538; x_wconf 80' lang='grc' dir='ltr'>ὅτι</span> <span class='ocrx_word' id='word_1_516' title='bbox 749 2511 780 2538; x_wconf 79' lang='grc' dir='ltr'>τὸ</span> <span class='ocrx_word' id='word_1_517' title='bbox 793 2512 871 2546; x_wconf 85' lang='grc' dir='ltr'>μῖσος</span> 
     </span>
    </p>
   </div>
   <div class='ocr_carea' id='block_1_68' title="bbox 79 2554 872 2593">
    <p class='ocr_par' dir='ltr' id='par_1_68' title="bbox 79 2554 872 2593">
     <span class='ocr_line' id='line_1_68' title="bbox 79 2554 872 2593; baseline 0.006 -13"><span class='ocrx_word' id='word_1_518' title='bbox 79 2554 128 2580; x_wconf 85' lang='grc' dir='ltr'><strong>τοῦ</strong></span> <span class='ocrx_word' id='word_1_519' title='bbox 143 2554 246 2590; x_wconf 87' lang='grc' dir='ltr'>κόσμου</span> <span class='ocrx_word' id='word_1_520' title='bbox 257 2555 377 2582; x_wconf 84' lang='grc' dir='ltr'>δείκνυσι</span> <span class='ocrx_word' id='word_1_521' title='bbox 393 2556 456 2588; x_wconf 82' lang='grc' dir='ltr'>τοὺς</span> <span class='ocrx_word' id='word_1_522' title='bbox 472 2556 672 2589; x_wconf 84' lang='grc' dir='ltr'>πιστεύσαντας</span> <span class='ocrx_word' id='word_1_523' title='bbox 686 2557 872 2593; x_wconf 82' lang='grc' dir='ltr'>μεταϐεϐηκέ-</span> 
     </span>
    </p>
   </div>
   <div class='ocr_carea' id='block_1_69' title="bbox 80 2599 872 2640">
    <p class='ocr_par' dir='ltr' id='par_1_69' title="bbox 80 2599 872 2640">
     <span class='ocr_line' id='line_1_69' title="bbox 80 2599 872 2640; baseline 0.004 -14"><span class='ocrx_word' id='word_1_524' title='bbox 80 2609 125 2626; x_wconf 88' lang='grc' dir='ltr'><strong>ναι</strong></span> <span class='ocrx_word' id='word_1_525' title='bbox 141 2599 189 2627; x_wconf 84' lang='grc' dir='ltr'><strong>ἀπ’</strong></span> <span class='ocrx_word' id='word_1_526' title='bbox 200 2601 282 2628; x_wconf 80' lang='grc' dir='ltr'>αὑτοῦ</span> <span class='ocrx_word' id='word_1_527' title='bbox 297 2601 412 2638; x_wconf 81' lang='grc' dir='ltr'>κόσμου,</span> <span class='ocrx_word' id='word_1_528' title='bbox 427 2603 476 2630; x_wconf 75' lang='grc' dir='ltr'>καὶ</span> <span class='ocrx_word' id='word_1_529' title='bbox 491 2601 560 2630; x_wconf 78' lang='grc' dir='ltr'>εἴναι</span> <span class='ocrx_word' id='word_1_530' title='bbox 576 2603 669 2630; x_wconf 82' lang='grc' dir='ltr'>λοιπὸν</span> <span class='ocrx_word' id='word_1_531' title='bbox 684 2604 734 2639; x_wconf 81' lang='grc' dir='ltr'><strong>τῆς</strong></span> <span class='ocrx_word' id='word_1_532' title='bbox 746 2603 872 2640; x_wconf 82' lang='grc' dir='ltr'>οὐρανίου</span> 
     </span>
    </p>
   </div>
   <div class='ocr_carea' id='block_1_70' title="bbox 82 2644 873 2685">
    <p class='ocr_par' dir='ltr' id='par_1_70' title="bbox 82 2644 873 2685">
     <span class='ocr_line' id='line_1_70' title="bbox 82 2644 873 2685; baseline 0.008 -15"><span class='ocrx_word' id='word_1_533' title='bbox 82 2644 233 2678; x_wconf 79' lang='grc' dir='ltr'>πολιτείας.</span> <span class='ocrx_word' id='word_1_534' title='bbox 257 2647 314 2673; x_wconf 73' lang='grc' dir='ltr'>Καὶ</span> <span class='ocrx_word' id='word_1_535' title='bbox 329 2648 358 2674; x_wconf 84' lang='grc' dir='ltr'>ὲν</span> <span class='ocrx_word' id='word_1_536' title='bbox 367 2648 407 2684; x_wconf 85' lang='grc' dir='ltr'>τῷ</span> <span class='ocrx_word' id='word_1_537' title='bbox 418 2648 489 2675; x_wconf 83' lang='grc' dir='ltr'>τέλει</span> <span class='ocrx_word' id='word_1_538' title='bbox 503 2649 532 2676; x_wconf 72' lang='grc' dir='ltr'>δὲ</span> <span class='ocrx_word' id='word_1_539' title='bbox 552 2649 767 2685; x_wconf 83' lang='grc' dir='ltr'>τῆςἙπιστολῆς</span> <span class='ocrx_word' id='word_1_540' title='bbox 791 2649 873 2676; x_wconf 83' lang='grc' dir='ltr'>πάλιν</span> 
     </span>
    </p>
   </div>
   <div class='ocr_carea' id='block_1_71' title="bbox 82 2689 873 2730">
    <p class='ocr_par' dir='ltr' id='par_1_71' title="bbox 82 2689 873 2730">
     <span class='ocr_line' id='line_1_71' title="bbox 82 2689 873 2730; baseline 0.005 -14"><span class='ocrx_word' id='word_1_541' title='bbox 82 2689 288 2726; x_wconf 75' lang='grc' dir='ltr'>ὑπομιμνήσκει</span> <span class='ocrx_word' id='word_1_542' title='bbox 307 2691 403 2726; x_wconf 79' lang='grc' dir='ltr'>λέγων,</span> <span class='ocrx_word' id='word_1_543' title='bbox 428 2693 468 2722; x_wconf 81' lang='grc' dir='ltr'><strong>ὅτι</strong></span> <span class='ocrx_word' id='word_1_544' title='bbox 483 2694 496 2720; x_wconf 83' lang='grc'>6</span> <span class='ocrx_word' id='word_1_545' title='bbox 509 2693 556 2720; x_wconf 86' lang='grc' dir='ltr'><strong>τοῦ</strong></span> <span class='ocrx_word' id='word_1_546' title='bbox 571 2693 638 2721; x_wconf 84' lang='grc' dir='ltr'>Θεοῦ</span> <span class='ocrx_word' id='word_1_547' title='bbox 652 2693 716 2725; x_wconf 83' lang='grc' dir='ltr'>Υἱὸς</span> <span class='ocrx_word' id='word_1_548' title='bbox 735 2693 791 2730; x_wconf 83' lang='grc' dir='ltr'><strong>ζωὴ</strong></span> <span class='ocrx_word' id='word_1_549' title='bbox 807 2693 873 2720; x_wconf 87' lang='grc' dir='ltr'>αίώ-</span> 
     </span>
    </p>
   </div>
   <div class='ocr_carea' id='block_1_72' title="bbox 922 947 1709 984">
    <p class='ocr_par' dir='ltr' id='par_1_72' title="bbox 922 947 1709 984">
     <span class='ocr_line' id='line_1_72' title="bbox 922 947 1709 984; baseline 0.003 -9"><span class='ocrx_word' id='word_1_550' title='bbox 922 947 973 976; x_wconf 90' lang='lat' dir='ltr'><strong>hac</strong></span> <span class='ocrx_word' id='word_1_551' title='bbox 981 947 1112 984; x_wconf 63' lang='lat' dir='ltr'><strong>Epistola,</strong></span> <span class='ocrx_word' id='word_1_552' title='bbox 1125 948 1159 976; x_wconf 90' lang='lat' dir='ltr'><strong>de</strong></span> <span class='ocrx_word' id='word_1_553' title='bbox 1171 947 1251 976; x_wconf 84' lang='lat' dir='ltr'><strong>Verbi</strong></span> <span class='ocrx_word' id='word_1_554' title='bbox 1263 948 1404 976; x_wconf 83' lang='lat' dir='ltr'><strong>divinitate</strong></span> <span class='ocrx_word' id='word_1_555' title='bbox 1417 948 1547 984; x_wconf 85' lang='lat' dir='ltr'><strong>loquitur,</strong></span> <span class='ocrx_word' id='word_1_556' title='bbox 1563 949 1709 977; x_wconf 84' lang='lat' dir='ltr'><strong>ostendens</strong></span> 
     </span>
    </p>
   </div>
   <div class='ocr_carea' id='block_1_73' title="bbox 924 992 1710 1029">
    <p class='ocr_par' dir='ltr' id='par_1_73' title="bbox 924 992 1710 1029">
     <span class='ocr_line' id='line_1_73' title="bbox 924 992 1710 1029; baseline 0.003 -8"><span class='ocrx_word' id='word_1_557' title='bbox 924 993 992 1021; x_wconf 91' lang='lat' dir='ltr'><strong>illud</strong></span> <span class='ocrx_word' id='word_1_558' title='bbox 1009 994 1037 1021; x_wconf 91' lang='lat' dir='ltr'><strong>in</strong></span> <span class='ocrx_word' id='word_1_559' title='bbox 1051 992 1107 1021; x_wconf 86' lang='lat' dir='ltr'><strong>Deo</strong></span> <span class='ocrx_word' id='word_1_560' title='bbox 1124 1001 1231 1029; x_wconf 89' lang='lat' dir='ltr'><strong>semper</strong></span> <span class='ocrx_word' id='word_1_561' title='bbox 1243 1002 1315 1027; x_wconf 89' lang='lat' dir='ltr'><strong>esse,</strong></span> <span class='ocrx_word' id='word_1_562' title='bbox 1336 1001 1369 1022; x_wconf 91' lang='lat' dir='ltr'><strong>ac</strong></span> <span class='ocrx_word' id='word_1_563' title='bbox 1388 994 1490 1023; x_wconf 87' lang='lat' dir='ltr'><strong>docens</strong></span> <span class='ocrx_word' id='word_1_564' title='bbox 1517 994 1625 1022; x_wconf 84' lang='lat' dir='ltr'><strong>Patrem</strong></span> <span class='ocrx_word' id='word_1_565' title='bbox 1648 1003 1710 1023; x_wconf 79' lang='lat' dir='ltr'><strong>esse</strong></span> 
     </span>
    </p>
   </div>
   <div class='ocr_carea' id='block_1_74' title="bbox 921 1039 1710 1076">
    <p class='ocr_par' dir='ltr' id='par_1_74' title="bbox 921 1039 1710 1076">
     <span class='ocr_line' id='line_1_74' title="bbox 921 1039 1710 1076; baseline 0.003 -8"><span class='ocrx_word' id='word_1_566' title='bbox 921 1041 1021 1073; x_wconf 87' lang='lat' dir='ltr'><strong>lucem,</strong></span> <span class='ocrx_word' id='word_1_567' title='bbox 1038 1044 1069 1068; x_wconf 88' lang='lat' dir='ltr'><strong>ut</strong></span> <span class='ocrx_word' id='word_1_568' title='bbox 1082 1041 1120 1067; x_wconf 89' lang='lat' dir='ltr'><strong>ita</strong></span> <span class='ocrx_word' id='word_1_569' title='bbox 1137 1048 1337 1076; x_wconf 80' lang='lat' dir='ltr'><strong>cognoscamus</strong></span> <span class='ocrx_word' id='word_1_570' title='bbox 1361 1039 1481 1068; x_wconf 81' lang='lat' dir='ltr'><strong>Verbum</strong></span> <span class='ocrx_word' id='word_1_571' title='bbox 1505 1049 1567 1069; x_wconf 86' lang='lat' dir='ltr'><strong>esse</strong></span> <span class='ocrx_word' id='word_1_572' title='bbox 1582 1041 1710 1076; x_wconf 89' lang='lat' dir='ltr'><strong>splendo-</strong></span> 
     </span>
    </p>
   </div>
   <div class='ocr_carea' id='block_1_75' title="bbox 921 1085 1709 1120">
    <p class='ocr_par' dir='ltr' id='par_1_75' title="bbox 921 1085 1709 1120">
     <span class='ocr_line' id='line_1_75' title="bbox 921 1085 1709 1120; baseline 0.001 -7"><span class='ocrx_word' id='word_1_573' title='bbox 921 1093 980 1113; x_wconf 91' lang='lat' dir='ltr'><strong>rem</strong></span> <span class='ocrx_word' id='word_1_574' title='bbox 995 1094 1029 1114; x_wconf 75' lang='grc' dir='ltr'>ει</span> <span class='ocrx_word' id='word_1_575' title='bbox 1046 1086 1117 1114; x_wconf 90' lang='lat' dir='ltr'><strong>luce.</strong></span> <span class='ocrx_word' id='word_1_576' title='bbox 1135 1085 1282 1114; x_wconf 87' lang='lat' dir='ltr'><strong>Disserens</strong></span> <span class='ocrx_word' id='word_1_577' title='bbox 1299 1089 1389 1114; x_wconf 87' lang='lat' dir='ltr'><strong>autem</strong></span> <span class='ocrx_word' id='word_1_578' title='bbox 1411 1086 1444 1113; x_wconf 88' lang='lat' dir='ltr'><strong>de</strong></span> <span class='ocrx_word' id='word_1_579' title='bbox 1458 1085 1599 1114; x_wconf 86' lang='lat' dir='ltr'><strong>divinitate</strong></span> <span class='ocrx_word' id='word_1_580' title='bbox 1615 1086 1709 1120; x_wconf 89' lang='lat' dir='ltr'><strong>Verbi,</strong></span> 
     </span>
    </p>
   </div>
   <div class='ocr_carea' id='block_1_76' title="bbox 922 1131 1710 1167">
    <p class='ocr_par' dir='ltr' id='par_1_76' title="bbox 922 1131 1710 1167">
     <span class='ocr_line' id='line_1_76' title="bbox 922 1131 1710 1167; baseline 0 -7"><span class='ocrx_word' id='word_1_581' title='bbox 922 1131 1035 1167; x_wconf 80' lang='lat' dir='ltr'><strong>exponit</strong></span> <span class='ocrx_word' id='word_1_582' title='bbox 1053 1134 1177 1159; x_wconf 83' lang='lat' dir='ltr'><strong>nostrum</strong></span> <span class='ocrx_word' id='word_1_583' title='bbox 1199 1131 1362 1167; x_wconf 84' lang='lat' dir='ltr'><strong>mysterium</strong></span> <span class='ocrx_word' id='word_1_584' title='bbox 1384 1139 1439 1159; x_wconf 91' lang='lat' dir='ltr'><strong>non</strong></span> <span class='ocrx_word' id='word_1_585' title='bbox 1455 1139 1516 1160; x_wconf 77' lang='lat' dir='ltr'><strong>esse</strong></span> <span class='ocrx_word' id='word_1_586' title='bbox 1531 1140 1643 1165; x_wconf 88' lang='lat' dir='ltr'><strong>novum,</strong></span> <span class='ocrx_word' id='word_1_587' title='bbox 1662 1132 1710 1160; x_wconf 90' lang='lat' dir='ltr'><strong>sed</strong></span> 
     </span>
    </p>
   </div>
   <div class='ocr_carea' id='block_1_77' title="bbox 921 1175 1711 1212">
    <p class='ocr_par' dir='ltr' id='par_1_77' title="bbox 921 1175 1711 1212">
     <span class='ocr_line' id='line_1_77' title="bbox 921 1175 1711 1212; baseline -0.003 -6"><span class='ocrx_word' id='word_1_588' title='bbox 921 1185 983 1206; x_wconf 84' lang='lat' dir='ltr'><strong>esse</strong></span> <span class='ocrx_word' id='word_1_589' title='bbox 998 1177 1194 1212; x_wconf 85' lang='lat' dir='ltr'><strong>sempiternum</strong></span> <span class='ocrx_word' id='word_1_590' title='bbox 1211 1176 1245 1204; x_wconf 90' lang='lat' dir='ltr'><strong>ab</strong></span> <span class='ocrx_word' id='word_1_591' title='bbox 1262 1176 1340 1204; x_wconf 91' lang='lat' dir='ltr'><strong>initio</strong></span> <span class='ocrx_word' id='word_1_592' title='bbox 1354 1185 1361 1204; x_wconf 88' lang='lat'>:</span> <span class='ocrx_word' id='word_1_593' title='bbox 1379 1184 1452 1204; x_wconf 93' lang='lat' dir='ltr'><strong>nunc</strong></span> <span class='ocrx_word' id='word_1_594' title='bbox 1465 1184 1531 1204; x_wconf 83' lang='lat' dir='ltr'><strong>vero</strong></span> <span class='ocrx_word' id='word_1_595' title='bbox 1551 1175 1711 1204; x_wconf 83' lang='lat' dir='ltr'><strong>manifesta-</strong></span> 
     </span>
    </p>
   </div>
   <div class='ocr_carea' id='block_1_78' title="bbox 922 1223 1710 1260">
    <p class='ocr_par' dir='ltr' id='par_1_78' title="bbox 922 1223 1710 1260">
     <span class='ocr_line' id='line_1_78' title="bbox 922 1223 1710 1260; baseline -0.001 -8"><span class='ocrx_word' id='word_1_596' title='bbox 922 1228 980 1252; x_wconf 90' lang='lat' dir='ltr'><strong>tum</strong></span> <span class='ocrx_word' id='word_1_597' title='bbox 1002 1224 1031 1252; x_wconf 91' lang='lat' dir='ltr'><strong>in</strong></span> <span class='ocrx_word' id='word_1_598' title='bbox 1046 1224 1180 1258; x_wconf 92' lang='lat' dir='ltr'><strong>Domino,</strong></span> <span class='ocrx_word' id='word_1_599' title='bbox 1201 1223 1247 1260; x_wconf 92' lang='lat' dir='ltr'><strong>qui</strong></span> <span class='ocrx_word' id='word_1_600' title='bbox 1265 1224 1321 1251; x_wconf 87' lang='lat' dir='ltr'><strong>vita</strong></span> <span class='ocrx_word' id='word_1_601' title='bbox 1335 1228 1376 1252; x_wconf 85' lang='lat' dir='ltr'><strong>est</strong></span> <span class='ocrx_word' id='word_1_602' title='bbox 1399 1224 1563 1260; x_wconf 87' lang='lat' dir='ltr'><strong>sempiterna</strong></span> <span class='ocrx_word' id='word_1_603' title='bbox 1579 1227 1606 1251; x_wconf 88' lang='lat' dir='ltr'><strong>et</strong></span> <span class='ocrx_word' id='word_1_604' title='bbox 1629 1231 1710 1252; x_wconf 84' lang='lat' dir='ltr'><strong>verus</strong></span> 
     </span>
    </p>
   </div>
   <div class='ocr_carea' id='block_1_79' title="bbox 921 1268 1711 1305">
    <p class='ocr_par' dir='ltr' id='par_1_79' title="bbox 921 1268 1711 1305">
     <span class='ocr_line' id='line_1_79' title="bbox 921 1268 1711 1305; baseline -0.001 -7"><span class='ocrx_word' id='word_1_605' title='bbox 921 1271 1005 1299; x_wconf 89' lang='lat' dir='ltr'><strong>Deus.</strong></span> <span class='ocrx_word' id='word_1_606' title='bbox 1025 1270 1144 1298; x_wconf 85' lang='lat' dir='ltr'><strong>Causam</strong></span> <span class='ocrx_word' id='word_1_607' title='bbox 1155 1269 1238 1298; x_wconf 87' lang='lat' dir='ltr'><strong>etiam</strong></span> <span class='ocrx_word' id='word_1_608' title='bbox 1255 1269 1290 1297; x_wconf 90' lang='lat' dir='ltr'><strong>ob</strong></span> <span class='ocrx_word' id='word_1_609' title='bbox 1309 1277 1391 1305; x_wconf 90' lang='lat' dir='ltr'><strong>quam</strong></span> <span class='ocrx_word' id='word_1_610' title='bbox 1406 1268 1526 1298; x_wconf 86' lang='lat' dir='ltr'><strong>Verbum</strong></span> <span class='ocrx_word' id='word_1_611' title='bbox 1547 1269 1581 1297; x_wconf 90' lang='lat' dir='ltr'><strong>ad</strong></span> <span class='ocrx_word' id='word_1_612' title='bbox 1596 1277 1647 1298; x_wconf 89' lang='lat' dir='ltr'><strong>nos</strong></span> <span class='ocrx_word' id='word_1_613' title='bbox 1664 1277 1711 1297; x_wconf 88' lang='lat' dir='ltr'><strong>ve-</strong></span> 
     </span>
    </p>
   </div>
   <div class='ocr_carea' id='block_1_80' title="bbox 921 1315 1711 1352">
    <p class='ocr_par' dir='ltr' id='par_1_80' title="bbox 921 1315 1711 1352">
     <span class='ocr_line' id='line_1_80' title="bbox 921 1315 1711 1352; baseline -0.001 -7"><span class='ocrx_word' id='word_1_614' title='bbox 921 1317 993 1346; x_wconf 90' lang='lat' dir='ltr'><strong>nerit</strong></span> <span class='ocrx_word' id='word_1_615' title='bbox 1005 1321 1032 1344; x_wconf 84' lang='lat' dir='ltr'><strong>et</strong></span> <span class='ocrx_word' id='word_1_616' title='bbox 1046 1316 1222 1352; x_wconf 86' lang='lat' dir='ltr'><strong>apparuerit,</strong></span> <span class='ocrx_word' id='word_1_617' title='bbox 1239 1315 1334 1351; x_wconf 87' lang='lat' dir='ltr'><strong>ponit;</strong></span> <span class='ocrx_word' id='word_1_618' title='bbox 1350 1315 1420 1343; x_wconf 86' lang='lat' dir='ltr'><strong>hanc</strong></span> <span class='ocrx_word' id='word_1_619' title='bbox 1437 1315 1570 1348; x_wconf 79' lang='lat' dir='ltr'><strong>videlicet,</strong></span> <span class='ocrx_word' id='word_1_620' title='bbox 1583 1321 1613 1344; x_wconf 94' lang='lat' dir='ltr'><strong>ut</strong></span> <span class='ocrx_word' id='word_1_621' title='bbox 1628 1323 1711 1352; x_wconf 90' lang='lat' dir='ltr'><strong>opera</strong></span> 
     </span>
    </p>
   </div>
   <div class='ocr_carea' id='block_1_81' title="bbox 922 1361 1712 1395">
    <p class='ocr_par' dir='ltr' id='par_1_81' title="bbox 922 1361 1712 1395">
     <span class='ocr_line' id='line_1_81' title="bbox 922 1361 1712 1395; baseline -0.001 -4"><span class='ocrx_word' id='word_1_622' title='bbox 922 1363 1024 1391; x_wconf 88' lang='lat' dir='ltr'><strong>diaboli</strong></span> <span class='ocrx_word' id='word_1_623' title='bbox 1043 1363 1214 1395; x_wconf 79' lang='lat' dir='ltr'><strong>dissolveret,</strong></span> <span class='ocrx_word' id='word_1_624' title='bbox 1245 1370 1277 1390; x_wconf 88' lang='lat' dir='ltr'><strong>ac</strong></span> <span class='ocrx_word' id='word_1_625' title='bbox 1300 1370 1352 1390; x_wconf 87' lang='lat' dir='ltr'><strong>nos</strong></span> <span class='ocrx_word' id='word_1_626' title='bbox 1366 1370 1381 1389; x_wconf 89' lang='lat' dir='ltr'><strong>a</strong></span> <span class='ocrx_word' id='word_1_627' title='bbox 1398 1365 1486 1390; x_wconf 88' lang='lat' dir='ltr'><strong>morte</strong></span> <span class='ocrx_word' id='word_1_628' title='bbox 1507 1362 1636 1390; x_wconf 82' lang='lat' dir='ltr'><strong>liberaret</strong></span> <span class='ocrx_word' id='word_1_629' title='bbox 1654 1361 1712 1390; x_wconf 63' lang='lat' dir='ltr'><strong>el&#39;li-o</strong></span> 
     </span>
    </p>
   </div>
   <div class='ocr_carea' id='block_1_82' title="bbox 923 1407 1711 1444">
    <p class='ocr_par' dir='ltr' id='par_1_82' title="bbox 923 1407 1711 1444">
     <span class='ocr_line' id='line_1_82' title="bbox 923 1407 1711 1444; baseline -0.004 -7"><span class='ocrx_word' id='word_1_630' title='bbox 923 1412 1051 1444; x_wconf 89' lang='lat' dir='ltr'><strong>eeretque</strong></span> <span class='ocrx_word' id='word_1_631' title='bbox 1075 1413 1105 1436; x_wconf 93' lang='lat' dir='ltr'><strong>ut</strong></span> <span class='ocrx_word' id='word_1_632' title='bbox 1121 1408 1229 1436; x_wconf 84' lang='lat' dir='ltr'><strong>Patrem</strong></span> <span class='ocrx_word' id='word_1_633' title='bbox 1253 1415 1475 1444; x_wconf 80' lang='lat' dir='ltr'><strong>agnosceremus,</strong></span> <span class='ocrx_word' id='word_1_634' title='bbox 1491 1411 1519 1435; x_wconf 90' lang='lat' dir='ltr'><strong>et</strong></span> <span class='ocrx_word' id='word_1_635' title='bbox 1537 1407 1637 1434; x_wconf 86' lang='lat' dir='ltr'><strong>Filium</strong></span> <span class='ocrx_word' id='word_1_636' title='bbox 1657 1407 1711 1435; x_wconf 92' lang='lat' dir='ltr'><strong>Do-</strong></span> 
     </span>
    </p>
   </div>
   <div class='ocr_carea' id='block_1_83' title="bbox 922 1453 1711 1488">
    <p class='ocr_par' dir='ltr' id='par_1_83' title="bbox 922 1453 1711 1488">
     <span class='ocr_line' id='line_1_83' title="bbox 922 1453 1711 1488; baseline -0.001 -5"><span class='ocrx_word' id='word_1_637' title='bbox 922 1455 1026 1483; x_wconf 86' lang='lat' dir='ltr'><strong>minum</strong></span> <span class='ocrx_word' id='word_1_638' title='bbox 1041 1459 1166 1483; x_wconf 88' lang='lat' dir='ltr'><strong>nostrum</strong></span> <span class='ocrx_word' id='word_1_639' title='bbox 1183 1454 1276 1482; x_wconf 83' lang='lat' dir='ltr'><strong>Jesum</strong></span> <span class='ocrx_word' id='word_1_640' title='bbox 1290 1454 1441 1483; x_wconf 84' lang='lat' dir='ltr'><strong>Christum.</strong></span> <span class='ocrx_word' id='word_1_641' title='bbox 1464 1453 1566 1481; x_wconf 87' lang='lat' dir='ltr'><strong>Scribit</strong></span> <span class='ocrx_word' id='word_1_642' title='bbox 1579 1453 1664 1488; x_wconf 75' lang='lat' dir='ltr'><strong>igitur</strong></span> <span class='ocrx_word' id='word_1_643' title='bbox 1676 1454 1711 1482; x_wconf 87' lang='lat' dir='ltr'><strong>ad</strong></span> 
     </span>
    </p>
   </div>
   <div class='ocr_carea' id='block_1_84' title="bbox 923 1499 1710 1535">
    <p class='ocr_par' dir='ltr' id='par_1_84' title="bbox 923 1499 1710 1535">
     <span class='ocr_line' id='line_1_84' title="bbox 923 1499 1710 1535; baseline -0.001 -7"><span class='ocrx_word' id='word_1_644' title='bbox 923 1509 1030 1528; x_wconf 86' lang='lat' dir='ltr'><strong>omnem</strong></span> <span class='ocrx_word' id='word_1_645' title='bbox 1055 1504 1173 1533; x_wconf 66' lang='lat' dir='ltr'><strong>mtatem,</strong></span> <span class='ocrx_word' id='word_1_646' title='bbox 1196 1500 1231 1528; x_wconf 89' lang='lat' dir='ltr'><strong>ad</strong></span> <span class='ocrx_word' id='word_1_647' title='bbox 1253 1507 1363 1535; x_wconf 87' lang='lat' dir='ltr'><strong>pueros,</strong></span> <span class='ocrx_word' id='word_1_648' title='bbox 1390 1499 1423 1527; x_wconf 88' lang='lat' dir='ltr'><strong>ad</strong></span> <span class='ocrx_word' id='word_1_649' title='bbox 1449 1499 1649 1531; x_wconf 86' lang='lat' dir='ltr'><strong>adolescentes,</strong></span> <span class='ocrx_word' id='word_1_650' title='bbox 1675 1499 1710 1527; x_wconf 87' lang='lat' dir='ltr'><strong>ad</strong></span> 
     </span>
    </p>
   </div>
   <div class='ocr_carea' id='block_1_85' title="bbox 923 1545 1710 1581">
    <p class='ocr_par' dir='ltr' id='par_1_85' title="bbox 923 1545 1710 1581">
     <span class='ocr_line' id='line_1_85' title="bbox 923 1545 1710 1581; baseline -0.001 -7"><span class='ocrx_word' id='word_1_651' title='bbox 923 1554 1020 1578; x_wconf 86' lang='lat' dir='ltr'><strong>senes,</strong></span> <span class='ocrx_word' id='word_1_652' title='bbox 1047 1546 1121 1581; x_wconf 89' lang='lat' dir='ltr'><strong>quod</strong></span> <span class='ocrx_word' id='word_1_653' title='bbox 1144 1545 1215 1574; x_wconf 84' lang='lat' dir='ltr'><strong>Deus</strong></span> <span class='ocrx_word' id='word_1_654' title='bbox 1240 1546 1400 1578; x_wconf 89' lang='lat' dir='ltr'><strong>innotuerit,</strong></span> <span class='ocrx_word' id='word_1_655' title='bbox 1425 1545 1559 1573; x_wconf 87' lang='lat' dir='ltr'><strong>diabolica</strong></span> <span class='ocrx_word' id='word_1_656' title='bbox 1588 1546 1710 1581; x_wconf 87' lang='lat' dir='ltr'><strong>operatio</strong></span> 
     </span>
    </p>
   </div>
   <div class='ocr_carea' id='block_1_86' title="bbox 924 1591 1709 1628">
    <p class='ocr_par' dir='ltr' id='par_1_86' title="bbox 924 1591 1709 1628">
     <span class='ocr_line' id='line_1_86' title="bbox 924 1591 1709 1628; baseline 0 -9"><span class='ocrx_word' id='word_1_657' title='bbox 924 1592 1065 1628; x_wconf 85' lang='lat' dir='ltr'><strong>deinceps.</strong></span> <span class='ocrx_word' id='word_1_658' title='bbox 1082 1591 1170 1620; x_wconf 87' lang='lat' dir='ltr'><strong>deleta</strong></span> <span class='ocrx_word' id='word_1_659' title='bbox 1188 1597 1286 1624; x_wconf 90' lang='lat' dir='ltr'><strong>morte,</strong></span> <span class='ocrx_word' id='word_1_660' title='bbox 1302 1592 1407 1620; x_wconf 86' lang='lat' dir='ltr'><strong>devicta</strong></span> <span class='ocrx_word' id='word_1_661' title='bbox 1422 1592 1468 1620; x_wconf 87' lang='lat' dir='ltr'><strong>sit.</strong></span> <span class='ocrx_word' id='word_1_662' title='bbox 1482 1591 1560 1625; x_wconf 83' lang='lat' dir='ltr'><strong>Quod</strong></span> <span class='ocrx_word' id='word_1_663' title='bbox 1574 1592 1709 1626; x_wconf 87' lang='lat' dir='ltr'><strong>reliquum</strong></span> 
     </span>
    </p>
   </div>
   <div class='ocr_carea' id='block_1_87' title="bbox 922 1638 1710 1674">
    <p class='ocr_par' dir='ltr' id='par_1_87' title="bbox 922 1638 1710 1674">
     <span class='ocr_line' id='line_1_87' title="bbox 922 1638 1710 1674; baseline -0.001 -7"><span class='ocrx_word' id='word_1_664' title='bbox 922 1643 963 1667; x_wconf 89' lang='lat' dir='ltr'><strong>est</strong></span> <span class='ocrx_word' id='word_1_665' title='bbox 973 1646 1021 1674; x_wconf 87' lang='lat' dir='ltr'><strong>per</strong></span> <span class='ocrx_word' id='word_1_666' title='bbox 1035 1642 1121 1666; x_wconf 87' lang='lat' dir='ltr'><strong>totam</strong></span> <span class='ocrx_word' id='word_1_667' title='bbox 1137 1638 1297 1674; x_wconf 82' lang='lat' dir='ltr'><strong>Epistolam,</strong></span> <span class='ocrx_word' id='word_1_668' title='bbox 1308 1638 1482 1666; x_wconf 85' lang='lat' dir='ltr'><strong>dilectionem</strong></span> <span class='ocrx_word' id='word_1_669' title='bbox 1497 1638 1588 1670; x_wconf 85' lang='lat' dir='ltr'><strong>docet,</strong></span> <span class='ocrx_word' id='word_1_670' title='bbox 1604 1638 1710 1670; x_wconf 83' lang='lat' dir='ltr'><strong>volens,</strong></span> 
     </span>
    </p>
   </div>
   <div class='ocr_carea' id='block_1_88' title="bbox 922 1684 1711 1721">
    <p class='ocr_par' dir='ltr' id='par_1_88' title="bbox 922 1684 1711 1721">
     <span class='ocr_line' id='line_1_88' title="bbox 922 1684 1711 1721; baseline 0.001 -9"><span class='ocrx_word' id='word_1_671' title='bbox 922 1689 952 1713; x_wconf 91' lang='lat' dir='ltr'><strong>ut</strong></span> <span class='ocrx_word' id='word_1_672' title='bbox 966 1693 1015 1712; x_wconf 86' lang='lat' dir='ltr'><strong>nos</strong></span> <span class='ocrx_word' id='word_1_673' title='bbox 1025 1690 1120 1712; x_wconf 86' lang='lat' dir='ltr'><strong>mutuo</strong></span> <span class='ocrx_word' id='word_1_674' title='bbox 1133 1684 1278 1720; x_wconf 74' lang='lat' dir='ltr'><strong>diligamus</strong></span> <span class='ocrx_word' id='word_1_675' title='bbox 1291 1689 1446 1721; x_wconf 85' lang='lat' dir='ltr'><strong>:propterea</strong></span> <span class='ocrx_word' id='word_1_676' title='bbox 1458 1685 1531 1720; x_wconf 92' lang='lat' dir='ltr'><strong>quod</strong></span> <span class='ocrx_word' id='word_1_677' title='bbox 1544 1689 1571 1712; x_wconf 90' lang='lat' dir='ltr'><strong>et</strong></span> <span class='ocrx_word' id='word_1_678' title='bbox 1585 1685 1711 1713; x_wconf 85' lang='lat' dir='ltr'><strong>Christus</strong></span> 
     </span>
    </p>
   </div>
   <div class='ocr_carea' id='block_1_89' title="bbox 923 1729 1712 1765">
    <p class='ocr_par' dir='ltr' id='par_1_89' title="bbox 923 1729 1712 1765">
     <span class='ocr_line' id='line_1_89' title="bbox 923 1729 1712 1765; baseline -0.001 -8"><span class='ocrx_word' id='word_1_679' title='bbox 923 1731 1018 1758; x_wconf 85' lang='lat' dir='ltr'><strong>dilexit</strong></span> <span class='ocrx_word' id='word_1_680' title='bbox 1034 1738 1096 1759; x_wconf 92' lang='lat' dir='ltr'><strong>nos.</strong></span> <span class='ocrx_word' id='word_1_681' title='bbox 1113 1730 1230 1758; x_wconf 88' lang='lat' dir='ltr'><strong>Disserit</strong></span> <span class='ocrx_word' id='word_1_682' title='bbox 1245 1730 1337 1765; x_wconf 89' lang='lat' dir='ltr'><strong>itaque</strong></span> <span class='ocrx_word' id='word_1_683' title='bbox 1351 1731 1385 1758; x_wconf 90' lang='lat' dir='ltr'><strong>de</strong></span> <span class='ocrx_word' id='word_1_684' title='bbox 1399 1729 1551 1758; x_wconf 79' lang='lat' dir='ltr'><strong>dil‘lerentia</strong></span> <span class='ocrx_word' id='word_1_685' title='bbox 1565 1730 1672 1758; x_wconf 84' lang='lat' dir='ltr'><strong>timoris</strong></span> <span class='ocrx_word' id='word_1_686' title='bbox 1683 1733 1712 1757; x_wconf 91' lang='lat' dir='ltr'><strong>et</strong></span> 
     </span>
    </p>
   </div>
   <div class='ocr_carea' id='block_1_90' title="bbox 922 1775 1712 1810">
    <p class='ocr_par' dir='ltr' id='par_1_90' title="bbox 922 1775 1712 1810">
     <span class='ocr_line' id='line_1_90' title="bbox 922 1775 1712 1810; baseline -0.001 -5"><span class='ocrx_word' id='word_1_687' title='bbox 922 1777 1088 1809; x_wconf 85' lang='lat' dir='ltr'><strong>dilectionis,</strong></span> <span class='ocrx_word' id='word_1_688' title='bbox 1104 1776 1220 1803; x_wconf 88' lang='lat' dir='ltr'><strong>[iliorum</strong></span> <span class='ocrx_word' id='word_1_689' title='bbox 1235 1775 1283 1804; x_wconf 86' lang='lat' dir='ltr'><strong>Dei</strong></span> <span class='ocrx_word' id='word_1_690' title='bbox 1296 1779 1323 1803; x_wconf 91' lang='lat' dir='ltr'><strong>et</strong></span> <span class='ocrx_word' id='word_1_691' title='bbox 1336 1776 1452 1804; x_wconf 83' lang='lat' dir='ltr'><strong>ﬁliorum</strong></span> <span class='ocrx_word' id='word_1_692' title='bbox 1467 1775 1580 1808; x_wconf 89' lang='lat' dir='ltr'><strong>diaboli,</strong></span> <span class='ocrx_word' id='word_1_693' title='bbox 1599 1775 1634 1803; x_wconf 88' lang='lat' dir='ltr'><strong>de</strong></span> <span class='ocrx_word' id='word_1_694' title='bbox 1648 1783 1712 1810; x_wconf 86' lang='lat' dir='ltr'><strong>pec-</strong></span> 
     </span>
    </p>
   </div>
   <div class='ocr_carea' id='block_1_91' title="bbox 923 1821 1711 1857">
    <p class='ocr_par' dir='ltr' id='par_1_91' title="bbox 923 1821 1711 1857">
     <span class='ocr_line' id='line_1_91' title="bbox 923 1821 1711 1857; baseline 0 -9"><span class='ocrx_word' id='word_1_695' title='bbox 923 1825 986 1848; x_wconf 87' lang='lat' dir='ltr'><strong>cato</strong></span> <span class='ocrx_word' id='word_1_696' title='bbox 1000 1821 1120 1853; x_wconf 87' lang='lat' dir='ltr'><strong>mortali,</strong></span> <span class='ocrx_word' id='word_1_697' title='bbox 1142 1825 1170 1848; x_wconf 94' lang='lat' dir='ltr'><strong>et</strong></span> <span class='ocrx_word' id='word_1_698' title='bbox 1186 1829 1241 1849; x_wconf 93' lang='lat' dir='ltr'><strong>non</strong></span> <span class='ocrx_word' id='word_1_699' title='bbox 1258 1821 1383 1854; x_wconf 87' lang='lat' dir='ltr'><strong>mortali,</strong></span> <span class='ocrx_word' id='word_1_700' title='bbox 1398 1821 1432 1850; x_wconf 87' lang='lat' dir='ltr'><strong>de</strong></span> <span class='ocrx_word' id='word_1_701' title='bbox 1452 1821 1605 1849; x_wconf 83' lang='lat' dir='ltr'><strong>diﬂ&#39;erentia</strong></span> <span class='ocrx_word' id='word_1_702' title='bbox 1629 1821 1711 1857; x_wconf 85' lang='lat' dir='ltr'><strong>spiri-</strong></span> 
     </span>
    </p>
   </div>
   <div class='ocr_carea' id='block_1_92' title="bbox 923 1865 1709 1901">
    <p class='ocr_par' dir='ltr' id='par_1_92' title="bbox 923 1865 1709 1901">
     <span class='ocr_line' id='line_1_92' title="bbox 923 1865 1709 1901; baseline 0.001 -8"><span class='ocrx_word' id='word_1_703' title='bbox 923 1871 1010 1893; x_wconf 90' lang='lat' dir='ltr'><strong>tuum.</strong></span> <span class='ocrx_word' id='word_1_704' title='bbox 1025 1865 1161 1894; x_wconf 87' lang='lat' dir='ltr'><strong>Discernit</strong></span> <span class='ocrx_word' id='word_1_705' title='bbox 1175 1866 1296 1898; x_wconf 90' lang='lat' dir='ltr'><strong>demum,</strong></span> <span class='ocrx_word' id='word_1_706' title='bbox 1312 1866 1439 1901; x_wconf 87' lang='lat' dir='ltr'><strong>quisnam</strong></span> <span class='ocrx_word' id='word_1_707' title='bbox 1463 1866 1577 1901; x_wconf 87' lang='lat' dir='ltr'><strong>spiritus</strong></span> <span class='ocrx_word' id='word_1_708' title='bbox 1591 1874 1624 1894; x_wconf 83' lang='lat' dir='ltr'><strong>ex</strong></span> <span class='ocrx_word' id='word_1_709' title='bbox 1641 1866 1709 1898; x_wconf 87' lang='lat' dir='ltr'><strong>Deo,</strong></span> 
     </span>
    </p>
   </div>
   <div class='ocr_carea' id='block_1_93' title="bbox 923 1912 1711 1948">
    <p class='ocr_par' dir='ltr' id='par_1_93' title="bbox 923 1912 1711 1948">
     <span class='ocr_line' id='line_1_93' title="bbox 923 1912 1711 1948; baseline 0 -8"><span class='ocrx_word' id='word_1_710' title='bbox 923 1913 985 1948; x_wconf 86' lang='lat' dir='ltr'><strong>quis</strong></span> <span class='ocrx_word' id='word_1_711' title='bbox 1000 1920 1065 1940; x_wconf 84' lang='lat' dir='ltr'><strong>vero</strong></span> <span class='ocrx_word' id='word_1_712' title='bbox 1089 1912 1260 1941; x_wconf 87' lang='lat' dir='ltr'><strong>seductionis</strong></span> <span class='ocrx_word' id='word_1_713' title='bbox 1281 1914 1327 1946; x_wconf 89' lang='lat' dir='ltr'><strong>sit,</strong></span> <span class='ocrx_word' id='word_1_714' title='bbox 1345 1917 1373 1941; x_wconf 86' lang='lat' dir='ltr'><strong>et</strong></span> <span class='ocrx_word' id='word_1_715' title='bbox 1387 1913 1497 1948; x_wconf 87' lang='lat' dir='ltr'><strong>quando</strong></span> <span class='ocrx_word' id='word_1_716' title='bbox 1511 1920 1711 1948; x_wconf 78' lang='lat' dir='ltr'><strong>cognoscamur</strong></span> 
     </span>
    </p>
   </div>
   <div class='ocr_carea' id='block_1_94' title="bbox 923 1958 1711 1994">
    <p class='ocr_par' dir='ltr' id='par_1_94' title="bbox 923 1958 1711 1994">
     <span class='ocr_line' id='line_1_94' title="bbox 923 1958 1711 1994; baseline -0.001 -8"><span class='ocrx_word' id='word_1_717' title='bbox 923 1959 971 1986; x_wconf 80' lang='lat' dir='ltr'><strong>t&#39;llii</strong></span> <span class='ocrx_word' id='word_1_718' title='bbox 984 1959 1041 1991; x_wconf 87' lang='lat' dir='ltr'><strong>Dei,</strong></span> <span class='ocrx_word' id='word_1_719' title='bbox 1057 1958 1167 1994; x_wconf 87' lang='lat' dir='ltr'><strong>quando</strong></span> <span class='ocrx_word' id='word_1_720' title='bbox 1181 1966 1247 1986; x_wconf 86' lang='lat' dir='ltr'><strong>vero</strong></span> <span class='ocrx_word' id='word_1_721' title='bbox 1261 1958 1374 1987; x_wconf 86' lang='lat' dir='ltr'><strong>diaboli.</strong></span> <span class='ocrx_word' id='word_1_722' title='bbox 1384 1959 1450 1986; x_wconf 88' lang='lat' dir='ltr'><strong>Item</strong></span> <span class='ocrx_word' id='word_1_723' title='bbox 1463 1966 1512 1994; x_wconf 91' lang='lat' dir='ltr'><strong>pro</strong></span> <span class='ocrx_word' id='word_1_724' title='bbox 1528 1965 1583 1994; x_wconf 90' lang='lat' dir='ltr'><strong>quo</strong></span> <span class='ocrx_word' id='word_1_725' title='bbox 1597 1962 1711 1992; x_wconf 86' lang='lat' dir='ltr'><strong>peccato</strong></span> 
     </span>
    </p>
   </div>
   <div class='ocr_carea' id='block_1_95' title="bbox 923 2003 1709 2039">
    <p class='ocr_par' dir='ltr' id='par_1_95' title="bbox 923 2003 1709 2039">
     <span class='ocr_line' id='line_1_95' title="bbox 923 2003 1709 2039; baseline -0.003 -7"><span class='ocrx_word' id='word_1_726' title='bbox 923 2013 1003 2032; x_wconf 85' lang='lat' dir='ltr'><strong>orare</strong></span> <span class='ocrx_word' id='word_1_727' title='bbox 1019 2005 1176 2032; x_wconf 89' lang='lat' dir='ltr'><strong>debeamus.</strong></span> <span class='ocrx_word' id='word_1_728' title='bbox 1193 2003 1227 2031; x_wconf 89' lang='lat' dir='ltr'><strong>Et</strong></span> <span class='ocrx_word' id='word_1_729' title='bbox 1248 2003 1321 2039; x_wconf 90' lang='lat' dir='ltr'><strong>quod</strong></span> <span class='ocrx_word' id='word_1_730' title='bbox 1342 2003 1485 2031; x_wconf 84' lang='lat' dir='ltr'><strong>vocatione</strong></span> <span class='ocrx_word' id='word_1_731' title='bbox 1507 2003 1636 2039; x_wconf 73' lang='lat' dir='ltr'><strong>indignus</strong></span> <span class='ocrx_word' id='word_1_732' title='bbox 1663 2003 1709 2033; x_wconf 88' lang='lat' dir='ltr'><strong>sit.</strong></span> 
     </span>
    </p>
   </div>
   <div class='ocr_carea' id='block_1_96' title="bbox 923 2048 1711 2085">
    <p class='ocr_par' dir='ltr' id='par_1_96' title="bbox 923 2048 1711 2085">
     <span class='ocr_line' id='line_1_96' title="bbox 923 2048 1711 2085; baseline -0.004 -6"><span class='ocrx_word' id='word_1_733' title='bbox 923 2059 975 2079; x_wconf 89' lang='lat' dir='ltr'><strong>nec</strong></span> <span class='ocrx_word' id='word_1_734' title='bbox 991 2050 1093 2078; x_wconf 84' lang='lat' dir='ltr'><strong>Christi</strong></span> <span class='ocrx_word' id='word_1_735' title='bbox 1108 2057 1170 2078; x_wconf 86' lang='lat' dir='ltr'><strong>esse</strong></span> <span class='ocrx_word' id='word_1_736' title='bbox 1184 2050 1239 2077; x_wconf 92' lang='lat' dir='ltr'><strong>dici</strong></span> <span class='ocrx_word' id='word_1_737' title='bbox 1254 2050 1353 2085; x_wconf 88' lang='lat' dir='ltr'><strong>possit,</strong></span> <span class='ocrx_word' id='word_1_738' title='bbox 1365 2049 1411 2085; x_wconf 89' lang='lat' dir='ltr'><strong>qui</strong></span> <span class='ocrx_word' id='word_1_739' title='bbox 1429 2049 1582 2085; x_wconf 80' lang='lat' dir='ltr'><strong>proximum</strong></span> <span class='ocrx_word' id='word_1_740' title='bbox 1599 2056 1654 2076; x_wconf 89' lang='lat' dir='ltr'><strong>non</strong></span> <span class='ocrx_word' id='word_1_741' title='bbox 1668 2048 1711 2076; x_wconf 91' lang='lat' dir='ltr'><strong>di-</strong></span> 
     </span>
    </p>
   </div>
   <div class='ocr_carea' id='block_1_97' title="bbox 923 2093 1711 2131">
    <p class='ocr_par' dir='ltr' id='par_1_97' title="bbox 923 2093 1711 2131">
     <span class='ocr_line' id='line_1_97' title="bbox 923 2093 1711 2131; baseline -0.004 -8"><span class='ocrx_word' id='word_1_742' title='bbox 923 2097 992 2131; x_wconf 80' lang='lat' dir='ltr'><strong>ligit.</strong></span> <span class='ocrx_word' id='word_1_743' title='bbox 1008 2095 1145 2123; x_wconf 86' lang='lat' dir='ltr'><strong>Unitatem</strong></span> <span class='ocrx_word' id='word_1_744' title='bbox 1171 2095 1253 2122; x_wconf 92' lang='lat' dir='ltr'><strong>etiam</strong></span> <span class='ocrx_word' id='word_1_745' title='bbox 1273 2094 1334 2122; x_wconf 85' lang='lat' dir='ltr'><strong>Filii</strong></span> <span class='ocrx_word' id='word_1_746' title='bbox 1357 2102 1418 2121; x_wconf 84' lang='lat' dir='ltr'><strong>cum</strong></span> <span class='ocrx_word' id='word_1_747' title='bbox 1436 2093 1516 2122; x_wconf 86' lang='lat' dir='ltr'><strong>Patre</strong></span> <span class='ocrx_word' id='word_1_748' title='bbox 1532 2093 1666 2124; x_wconf 84' lang='lat' dir='ltr'><strong>ostendit,</strong></span> <span class='ocrx_word' id='word_1_749' title='bbox 1683 2097 1711 2120; x_wconf 86' lang='lat' dir='ltr'><strong>et</strong></span> 
     </span>
    </p>
   </div>
   <div class='ocr_carea' id='block_1_98' title="bbox 923 2139 1711 2178">
    <p class='ocr_par' dir='ltr' id='par_1_98' title="bbox 923 2139 1711 2178">
     <span class='ocr_line' id='line_1_98' title="bbox 923 2139 1711 2178; baseline -0.003 -10"><span class='ocrx_word' id='word_1_750' title='bbox 923 2142 996 2178; x_wconf 85' lang='lat' dir='ltr'><strong>quod</strong></span> <span class='ocrx_word' id='word_1_751' title='bbox 1011 2142 1057 2177; x_wconf 90' lang='lat' dir='ltr'><strong>qui</strong></span> <span class='ocrx_word' id='word_1_752' title='bbox 1075 2140 1174 2169; x_wconf 80' lang='lat' dir='ltr'><strong>Filium</strong></span> <span class='ocrx_word' id='word_1_753' title='bbox 1190 2145 1282 2176; x_wconf 79' lang='lat' dir='ltr'><strong>negat,</strong></span> <span class='ocrx_word' id='word_1_754' title='bbox 1300 2149 1350 2168; x_wconf 92' lang='lat' dir='ltr'><strong>nec</strong></span> <span class='ocrx_word' id='word_1_755' title='bbox 1365 2140 1474 2168; x_wconf 88' lang='lat' dir='ltr'><strong>Patrem</strong></span> <span class='ocrx_word' id='word_1_756' title='bbox 1486 2140 1593 2168; x_wconf 87' lang='lat' dir='ltr'><strong>habeat.</strong></span> <span class='ocrx_word' id='word_1_757' title='bbox 1606 2139 1711 2167; x_wconf 85' lang='lat' dir='ltr'><strong>Discer-</strong></span> 
     </span>
    </p>
   </div>
   <div class='ocr_carea' id='block_1_99' title="bbox 923 2185 1710 2224">
    <p class='ocr_par' dir='ltr' id='par_1_99' title="bbox 923 2185 1710 2224">
     <span class='ocr_line' id='line_1_99' title="bbox 923 2185 1710 2224; baseline -0.005 -8"><span class='ocrx_word' id='word_1_758' title='bbox 923 2189 964 2216; x_wconf 91' lang='lat' dir='ltr'><strong>nit</strong></span> <span class='ocrx_word' id='word_1_759' title='bbox 977 2196 1086 2224; x_wconf 84' lang='lat' dir='ltr'><strong>quoque</strong></span> <span class='ocrx_word' id='word_1_760' title='bbox 1098 2188 1126 2215; x_wconf 93' lang='lat' dir='ltr'><strong>in</strong></span> <span class='ocrx_word' id='word_1_761' title='bbox 1143 2188 1195 2215; x_wconf 89' lang='lat' dir='ltr'><strong>hac</strong></span> <span class='ocrx_word' id='word_1_762' title='bbox 1210 2187 1345 2222; x_wconf 86' lang='lat' dir='ltr'><strong>Epistola,</strong></span> <span class='ocrx_word' id='word_1_763' title='bbox 1363 2187 1500 2221; x_wconf 87' lang='lat' dir='ltr'><strong>quodnam</strong></span> <span class='ocrx_word' id='word_1_764' title='bbox 1518 2186 1554 2213; x_wconf 89' lang='lat' dir='ltr'><strong>sit</strong></span> <span class='ocrx_word' id='word_1_765' title='bbox 1568 2185 1710 2220; x_wconf 91' lang='lat' dir='ltr'><strong>proprium</strong></span> 
     </span>
    </p>
   </div>
   <div class='ocr_carea' id='block_1_100' title="bbox 925 2230 1711 2268">
    <p class='ocr_par' dir='ltr' id='par_1_100' title="bbox 925 2230 1711 2268">
     <span class='ocr_line' id='line_1_100' title="bbox 925 2230 1711 2268; baseline -0.005 -7"><span class='ocrx_word' id='word_1_766' title='bbox 925 2234 1099 2266; x_wconf 78' lang='lat' dir='ltr'><strong>Antichristi,</strong></span> <span class='ocrx_word' id='word_1_767' title='bbox 1116 2240 1214 2268; x_wconf 91' lang='lat' dir='ltr'><strong>nempe</strong></span> <span class='ocrx_word' id='word_1_768' title='bbox 1234 2233 1296 2265; x_wconf 88' lang='lat' dir='ltr'><strong>hoc,</strong></span> <span class='ocrx_word' id='word_1_769' title='bbox 1311 2232 1334 2260; x_wconf 90' lang='lat' dir='ltr'><strong>si</strong></span> <span class='ocrx_word' id='word_1_770' title='bbox 1353 2231 1432 2267; x_wconf 66' lang='grc' dir='ltr'><strong>ιω</strong></span> <span class='ocrx_word' id='word_1_771' title='bbox 1448 2231 1520 2259; x_wconf 88' lang='lat' dir='ltr'><strong>dicat</strong></span> <span class='ocrx_word' id='word_1_772' title='bbox 1541 2230 1634 2258; x_wconf 85' lang='lat' dir='ltr'><strong>Jesum</strong></span> <span class='ocrx_word' id='word_1_773' title='bbox 1654 2238 1711 2257; x_wconf 92' lang='lat' dir='ltr'><strong>non</strong></span> 
     </span>
    </p>
   </div>
   <div class='ocr_carea' id='block_1_101' title="bbox 925 2276 1710 2313">
    <p class='ocr_par' dir='ltr' id='par_1_101' title="bbox 925 2276 1710 2313">
     <span class='ocr_line' id='line_1_101' title="bbox 925 2276 1710 2313; baseline -0.006 -6"><span class='ocrx_word' id='word_1_774' title='bbox 925 2287 986 2308; x_wconf 90' lang='lat' dir='ltr'><strong>esse</strong></span> <span class='ocrx_word' id='word_1_775' title='bbox 1000 2279 1150 2311; x_wconf 87' lang='lat' dir='ltr'><strong>Christum,</strong></span> <span class='ocrx_word' id='word_1_776' title='bbox 1168 2278 1207 2305; x_wconf 86' lang='lat' dir='ltr'><strong>ita</strong></span> <span class='ocrx_word' id='word_1_777' title='bbox 1229 2280 1261 2305; x_wconf 91' lang='lat' dir='ltr'><strong>ut</strong></span> <span class='ocrx_word' id='word_1_778' title='bbox 1276 2277 1354 2313; x_wconf 88' lang='lat' dir='ltr'><strong>quasi</strong></span> <span class='ocrx_word' id='word_1_779' title='bbox 1369 2277 1414 2305; x_wconf 89' lang='lat' dir='ltr'><strong>ille</strong></span> <span class='ocrx_word' id='word_1_780' title='bbox 1436 2284 1490 2304; x_wconf 87' lang='lat' dir='ltr'><strong>non</strong></span> <span class='ocrx_word' id='word_1_781' title='bbox 1515 2276 1560 2309; x_wconf 89' lang='lat' dir='ltr'><strong>sit,</strong></span> <span class='ocrx_word' id='word_1_782' title='bbox 1590 2276 1710 2310; x_wconf 82' lang='lat' dir='ltr'><strong>seipsum</strong></span> 
     </span>
    </p>
   </div>
   <div class='ocr_carea' id='block_1_102' title="bbox 926 2321 1710 2354">
    <p class='ocr_par' dir='ltr' id='par_1_102' title="bbox 926 2321 1710 2354">
     <span class='ocr_line' id='line_1_102' title="bbox 926 2321 1710 2354; baseline -0.008 -1"><span class='ocrx_word' id='word_1_783' title='bbox 926 2325 1042 2354; x_wconf 81' lang='lat' dir='ltr'><strong>mendax</strong></span> <span class='ocrx_word' id='word_1_784' title='bbox 1057 2325 1102 2352; x_wconf 90' lang='lat' dir='ltr'><strong>ille</strong></span> <span class='ocrx_word' id='word_1_785' title='bbox 1123 2324 1197 2352; x_wconf 86' lang='lat' dir='ltr'><strong>dicat</strong></span> <span class='ocrx_word' id='word_1_786' title='bbox 1227 2331 1288 2352; x_wconf 89' lang='lat' dir='ltr'><strong>esse</strong></span> <span class='ocrx_word' id='word_1_787' title='bbox 1304 2323 1454 2351; x_wconf 88' lang='lat' dir='ltr'><strong>Christum.</strong></span> <span class='ocrx_word' id='word_1_788' title='bbox 1470 2321 1600 2349; x_wconf 88' lang='lat' dir='ltr'><strong>llortatur</strong></span> <span class='ocrx_word' id='word_1_789' title='bbox 1619 2325 1710 2348; x_wconf 89' lang='lat' dir='ltr'><strong>autem</strong></span> 
     </span>
    </p>
   </div>
   <div class='ocr_carea' id='block_1_103' title="bbox 924 2367 1711 2407">
    <p class='ocr_par' dir='ltr' id='par_1_103' title="bbox 924 2367 1711 2407">
     <span class='ocr_line' id='line_1_103' title="bbox 924 2367 1711 2407; baseline -0.006 -9"><span class='ocrx_word' id='word_1_790' title='bbox 924 2379 974 2407; x_wconf 85' lang='lat' dir='ltr'><strong>per</strong></span> <span class='ocrx_word' id='word_1_791' title='bbox 990 2375 1073 2399; x_wconf 87' lang='lat' dir='ltr'><strong>totam</strong></span> <span class='ocrx_word' id='word_1_792' title='bbox 1093 2370 1243 2406; x_wconf 86' lang='lat' dir='ltr'><strong>Epistolam</strong></span> <span class='ocrx_word' id='word_1_793' title='bbox 1260 2377 1307 2397; x_wconf 89' lang='lat' dir='ltr'><strong>eos</strong></span> <span class='ocrx_word' id='word_1_794' title='bbox 1328 2369 1374 2404; x_wconf 88' lang='lat' dir='ltr'><strong>qui</strong></span> <span class='ocrx_word' id='word_1_795' title='bbox 1396 2368 1511 2396; x_wconf 86' lang='lat' dir='ltr'><strong>Domino</strong></span> <span class='ocrx_word' id='word_1_796' title='bbox 1538 2367 1663 2398; x_wconf 87' lang='lat' dir='ltr'><strong>credunt,</strong></span> <span class='ocrx_word' id='word_1_797' title='bbox 1681 2371 1711 2394; x_wconf 89' lang='lat' dir='ltr'><strong>ut</strong></span> 
     </span>
    </p>
   </div>
   <div class='ocr_carea' id='block_1_104' title="bbox 925 2411 1711 2451">
    <p class='ocr_par' dir='ltr' id='par_1_104' title="bbox 925 2411 1711 2451">
     <span class='ocr_line' id='line_1_104' title="bbox 925 2411 1711 2451; baseline -0.009 -6"><span class='ocrx_word' id='word_1_798' title='bbox 925 2425 960 2445; x_wconf 89' lang='lat' dir='ltr'><strong>ne</strong></span> <span class='ocrx_word' id='word_1_799' title='bbox 981 2417 1073 2445; x_wconf 88' lang='lat' dir='ltr'><strong>animo</strong></span> <span class='ocrx_word' id='word_1_800' title='bbox 1088 2416 1144 2444; x_wconf 91' lang='lat' dir='ltr'><strong>sint</strong></span> <span class='ocrx_word' id='word_1_801' title='bbox 1169 2416 1287 2451; x_wconf 74' lang='lat' dir='ltr'><strong>abiecto,</strong></span> <span class='ocrx_word' id='word_1_802' title='bbox 1307 2415 1331 2443; x_wconf 89' lang='lat' dir='ltr'><strong>si</strong></span> <span class='ocrx_word' id='word_1_803' title='bbox 1351 2414 1414 2442; x_wconf 89' lang='lat' dir='ltr'><strong>odio</strong></span> <span class='ocrx_word' id='word_1_804' title='bbox 1439 2413 1590 2441; x_wconf 87' lang='lat' dir='ltr'><strong>habeantur</strong></span> <span class='ocrx_word' id='word_1_805' title='bbox 1605 2413 1632 2440; x_wconf 87' lang='lat' dir='ltr'><strong>in</strong></span> <span class='ocrx_word' id='word_1_806' title='bbox 1658 2411 1711 2439; x_wconf 89' lang='lat' dir='ltr'><strong>hoc</strong></span> 
     </span>
    </p>
   </div>
   <div class='ocr_carea' id='block_1_105' title="bbox 924 2458 1710 2497">
    <p class='ocr_par' dir='ltr' id='par_1_105' title="bbox 924 2458 1710 2497">
     <span class='ocr_line' id='line_1_105' title="bbox 924 2458 1710 2497; baseline -0.006 -7"><span class='ocrx_word' id='word_1_807' title='bbox 924 2463 1044 2495; x_wconf 90' lang='lat' dir='ltr'><strong>mundo;</strong></span> <span class='ocrx_word' id='word_1_808' title='bbox 1062 2461 1110 2490; x_wconf 89' lang='lat' dir='ltr'><strong>sed</strong></span> <span class='ocrx_word' id='word_1_809' title='bbox 1130 2461 1217 2496; x_wconf 75' lang='lat' dir='ltr'><strong>magis</strong></span> <span class='ocrx_word' id='word_1_810' title='bbox 1239 2461 1385 2497; x_wconf 82' lang='lat' dir='ltr'><strong>gaudeant,</strong></span> <span class='ocrx_word' id='word_1_811' title='bbox 1405 2460 1477 2495; x_wconf 87' lang='lat' dir='ltr'><strong>quod</strong></span> <span class='ocrx_word' id='word_1_812' title='bbox 1497 2459 1590 2486; x_wconf 90' lang='lat' dir='ltr'><strong>odium</strong></span> <span class='ocrx_word' id='word_1_813' title='bbox 1615 2458 1710 2485; x_wconf 88' lang='lat' dir='ltr'><strong>mundi</strong></span> 
     </span>
    </p>
   </div>
   <div class='ocr_carea' id='block_1_106' title="bbox 925 2504 1707 2544">
    <p class='ocr_par' dir='ltr' id='par_1_106' title="bbox 925 2504 1707 2544">
     <span class='ocr_line' id='line_1_106' title="bbox 925 2504 1707 2544; baseline -0.008 -7"><span class='ocrx_word' id='word_1_814' title='bbox 925 2509 1007 2544; x_wconf 79' lang='lat' dir='ltr'><strong>hujus</strong></span> <span class='ocrx_word' id='word_1_815' title='bbox 1024 2508 1144 2536; x_wconf 78' lang='lat' dir='ltr'><strong>declaret</strong></span> <span class='ocrx_word' id='word_1_816' title='bbox 1159 2508 1302 2535; x_wconf 88' lang='lat' dir='ltr'><strong>credentes</strong></span> <span class='ocrx_word' id='word_1_817' title='bbox 1321 2507 1455 2542; x_wconf 78' lang='lat' dir='ltr'><strong>migrasse</strong></span> <span class='ocrx_word' id='word_1_818' title='bbox 1473 2513 1506 2533; x_wconf 81' lang='lat' dir='ltr'><strong>ex</strong></span> <span class='ocrx_word' id='word_1_819' title='bbox 1524 2505 1575 2532; x_wconf 87' lang='lat' dir='ltr'><strong>hoc</strong></span> <span class='ocrx_word' id='word_1_820' title='bbox 1594 2504 1707 2536; x_wconf 88' lang='lat' dir='ltr'><strong>mundo,</strong></span> 
     </span>
    </p>
   </div>
   <div class='ocr_carea' id='block_1_107' title="bbox 923 2551 1710 2590">
    <p class='ocr_par' dir='ltr' id='par_1_107' title="bbox 923 2551 1710 2590">
     <span class='ocr_line' id='line_1_107' title="bbox 923 2551 1710 2590; baseline -0.005 -8"><span class='ocrx_word' id='word_1_821' title='bbox 923 2559 951 2583; x_wconf 85' lang='lat' dir='ltr'><strong>et</strong></span> <span class='ocrx_word' id='word_1_822' title='bbox 963 2554 1077 2590; x_wconf 85' lang='lat' dir='ltr'><strong>posthac</strong></span> <span class='ocrx_word' id='word_1_823' title='bbox 1091 2554 1248 2582; x_wconf 85' lang='lat' dir='ltr'><strong>conversari</strong></span> <span class='ocrx_word' id='word_1_824' title='bbox 1266 2554 1294 2581; x_wconf 89' lang='lat' dir='ltr'><strong>in</strong></span> <span class='ocrx_word' id='word_1_825' title='bbox 1309 2553 1396 2581; x_wconf 64' lang='lat' dir='ltr'><strong>caelis.</strong></span> <span class='ocrx_word' id='word_1_826' title='bbox 1409 2552 1440 2580; x_wconf 87' lang='lat' dir='ltr'><strong>Et</strong></span> <span class='ocrx_word' id='word_1_827' title='bbox 1453 2552 1480 2579; x_wconf 93' lang='lat' dir='ltr'><strong>in</strong></span> <span class='ocrx_word' id='word_1_828' title='bbox 1496 2551 1571 2580; x_wconf 88' lang='lat' dir='ltr'><strong>calce</strong></span> <span class='ocrx_word' id='word_1_829' title='bbox 1580 2551 1710 2587; x_wconf 58' lang='lat' dir='ltr'><strong>Epistolas</strong></span> 
     </span>
    </p>
   </div>
   <div class='ocr_carea' id='block_1_108' title="bbox 924 2598 1709 2628">
    <p class='ocr_par' dir='ltr' id='par_1_108' title="bbox 924 2598 1709 2628">
     <span class='ocr_line' id='line_1_108' title="bbox 924 2598 1709 2628; baseline -0.005 0"><span class='ocrx_word' id='word_1_830' title='bbox 924 2601 1024 2628; x_wconf 89' lang='lat' dir='ltr'><strong>iterum</strong></span> <span class='ocrx_word' id='word_1_831' title='bbox 1043 2600 1171 2628; x_wconf 86' lang='lat' dir='ltr'><strong>admonet</strong></span> <span class='ocrx_word' id='word_1_832' title='bbox 1193 2599 1291 2627; x_wconf 83' lang='lat' dir='ltr'><strong>Filium</strong></span> <span class='ocrx_word' id='word_1_833' title='bbox 1323 2598 1371 2626; x_wconf 86' lang='lat' dir='ltr'><strong>Dei</strong></span> <span class='ocrx_word' id='word_1_834' title='bbox 1390 2606 1450 2626; x_wconf 87' lang='lat' dir='ltr'><strong>esse</strong></span> <span class='ocrx_word' id='word_1_835' title='bbox 1469 2598 1553 2625; x_wconf 89' lang='lat' dir='ltr'><strong>vitam</strong></span> <span class='ocrx_word' id='word_1_836' title='bbox 1579 2601 1709 2625; x_wconf 68' lang='lat' dir='ltr'><strong>aeternam</strong></span> 
     </span>
    </p>
   </div>
   <div class='ocr_carea' id='block_1_109' title="bbox 925 2643 1709 2680">
    <p class='ocr_par' dir='ltr' id='par_1_109' title="bbox 925 2643 1709 2680">
     <span class='ocr_line' id='line_1_109' title="bbox 925 2643 1709 2680; baseline -0.004 -6"><span class='ocrx_word' id='word_1_837' title='bbox 925 2655 957 2675; x_wconf 89' lang='lat' dir='ltr'><strong>ac</strong></span> <span class='ocrx_word' id='word_1_838' title='bbox 968 2654 1063 2674; x_wconf 81' lang='lat' dir='ltr'><strong>verum</strong></span> <span class='ocrx_word' id='word_1_839' title='bbox 1087 2645 1183 2679; x_wconf 89' lang='lat' dir='ltr'><strong>Deum,</strong></span> <span class='ocrx_word' id='word_1_840' title='bbox 1196 2650 1224 2673; x_wconf 90' lang='lat' dir='ltr'><strong>et</strong></span> <span class='ocrx_word' id='word_1_841' title='bbox 1238 2649 1268 2673; x_wconf 89' lang='lat' dir='ltr'><strong>ut</strong></span> <span class='ocrx_word' id='word_1_842' title='bbox 1286 2645 1325 2674; x_wconf 91' lang='lat' dir='ltr'><strong>illi</strong></span> <span class='ocrx_word' id='word_1_843' title='bbox 1339 2645 1501 2677; x_wconf 83' lang='lat' dir='ltr'><strong>serviamus,</strong></span> <span class='ocrx_word' id='word_1_844' title='bbox 1516 2651 1621 2680; x_wconf 89' lang='lat' dir='ltr'><strong>nosque</strong></span> <span class='ocrx_word' id='word_1_845' title='bbox 1633 2643 1709 2680; x_wconf 73' lang='lat' dir='ltr'><strong>ipsos</strong></span> 
     </span>
    </p>
   </div>
   <div class='ocr_carea' id='block_1_110' title="bbox 924 2691 1267 2721">
    <p class='ocr_par' dir='ltr' id='par_1_110' title="bbox 924 2691 1267 2721">
     <span class='ocr_line' id='line_1_110' title="bbox 924 2691 1267 2721; baseline -0.009 0"><span class='ocrx_word' id='word_1_846' title='bbox 924 2693 959 2721; x_wconf 83' lang='lat' dir='ltr'><strong>ab</strong></span> <span class='ocrx_word' id='word_1_847' title='bbox 973 2691 1054 2720; x_wconf 91' lang='lat' dir='ltr'><strong>idolis</strong></span> <span class='ocrx_word' id='word_1_848' title='bbox 1068 2691 1267 2719; x_wconf 88' lang='lat' dir='ltr'><strong>custodiamus.</strong></span> 
     </span>
    </p>
   </div>
   <div class='ocr_carea' id='block_1_111' title="bbox 82 2736 1594 2776">
    <p class='ocr_par' dir='ltr' id='par_1_111' title="bbox 82 2736 1594 2776">
     <span class='ocr_line' id='line_1_111' title="bbox 82 2736 1594 2776; baseline 0 -13"><span class='ocrx_word' id='word_1_849' title='bbox 82 2736 139 2769; x_wconf 84' lang='grc' dir='ltr'>νιός</span> <span class='ocrx_word' id='word_1_850' title='bbox 151 2737 220 2772; x_wconf 78' lang='grc' dir='ltr'>ἐστι,</span> <span class='ocrx_word' id='word_1_851' title='bbox 239 2737 286 2764; x_wconf 76' lang='grc' dir='ltr'><strong>καὶ</strong></span> <span class='ocrx_word' id='word_1_852' title='bbox 300 2738 366 2771; x_wconf 79' lang='grc' dir='ltr'>Θεὸς</span> <span class='ocrx_word' id='word_1_853' title='bbox 380 2739 516 2776; x_wconf 82' lang='grc' dir='ltr'>ἀληθινὸς,</span> <span class='ocrx_word' id='word_1_854' title='bbox 529 2739 577 2767; x_wconf 81' lang='grc' dir='ltr'>καὶ</span> <span class='ocrx_word' id='word_1_855' title='bbox 595 2739 637 2767; x_wconf 75' lang='grc' dir='ltr'>ἵνα</span> <span class='ocrx_word' id='word_1_856' title='bbox 653 2739 740 2776; x_wconf 80' lang='grc' dir='ltr'>τούτῳ</span> <span class='ocrx_word' id='word_1_857' title='bbox 761 2739 940 2776; x_wconf 83' lang='grc' dir='ltr'>δουλεύωμεν,</span> <span class='ocrx_word' id='word_1_858' title='bbox 957 2739 1003 2765; x_wconf 81' lang='grc' dir='ltr'>καὶ</span> <span class='ocrx_word' id='word_1_859' title='bbox 1020 2737 1197 2773; x_wconf 80' lang='grc' dir='ltr'>φυλάττωμεν</span> <span class='ocrx_word' id='word_1_860' title='bbox 1212 2737 1325 2770; x_wconf 76' lang='grc' dir='ltr'>ἑαυτοὺς</span> <span class='ocrx_word' id='word_1_861' title='bbox 1338 2737 1391 2764; x_wconf 83' lang='grc' dir='ltr'>ἀπὺ</span> <span class='ocrx_word' id='word_1_862' title='bbox 1401 2736 1455 2764; x_wconf 85' lang='grc' dir='ltr'>τῶν</span> <span class='ocrx_word' id='word_1_863' title='bbox 1470 2736 1594 2764; x_wconf 77' lang='grc' dir='ltr'>εἰδώλων.</span> 
     </span>
    </p>
   </div>
   <div class='ocr_carea' id='block_1_112' title="bbox 189 2813 760 2851">
    <p class='ocr_par' dir='ltr' id='par_1_112' title="bbox 189 2813 760 2851">
     <span class='ocr_line' id='line_1_112' title="bbox 189 2813 760 2851; baseline 0.011 -11"><span class='ocrx_word' id='word_1_864' title='bbox 189 2813 323 2850; x_wconf 80' lang='grc' dir='ltr'>Πέμπτη,</span> <span class='ocrx_word' id='word_1_865' title='bbox 341 2815 435 2843; x_wconf 76' lang='grc' dir='ltr'>πάλιν</span> <span class='ocrx_word' id='word_1_866' title='bbox 451 2816 499 2844; x_wconf 77' lang='grc' dir='ltr'>καὶ</span> <span class='ocrx_word' id='word_1_867' title='bbox 515 2816 591 2851; x_wconf 86' lang='grc' dir='ltr'>αῦτη</span> <span class='ocrx_word' id='word_1_868' title='bbox 611 2817 760 2846; x_wconf 77' lang='grc' dir='ltr'>Ἰωάννου.</span> 
     </span>
    </p>
   </div>
   <div class='ocr_carea' id='block_1_113' title="bbox 119 2882 865 2923">
    <p class='ocr_par' dir='ltr' id='par_1_113' title="bbox 119 2882 865 2923">
     <span class='ocr_line' id='line_1_113' title="bbox 119 2882 865 2923; baseline 0.003 -13"><span class='ocrx_word' id='word_1_869' title='bbox 119 2882 162 2912; x_wconf 85' lang='grc'>56.</span> <span class='ocrx_word' id='word_1_870' title='bbox 175 2882 284 2918; x_wconf 80' lang='grc' dir='ltr'>Ταύτην</span> <span class='ocrx_word' id='word_1_871' title='bbox 291 2882 329 2915; x_wconf 83' lang='grc' dir='ltr'>ὡς</span> <span class='ocrx_word' id='word_1_872' title='bbox 343 2883 525 2922; x_wconf 85' lang='grc' dir='ltr'>πρεσϐύτερος</span> <span class='ocrx_word' id='word_1_873' title='bbox 539 2885 637 2923; x_wconf 81' lang='grc' dir='ltr'>γράφει</span> <span class='ocrx_word' id='word_1_874' title='bbox 656 2885 737 2922; x_wconf 82' lang='grc' dir='ltr'>κυρίᾳ</span> <span class='ocrx_word' id='word_1_875' title='bbox 750 2886 797 2914; x_wconf 73' lang='grc' dir='ltr'>καὶ</span> <span class='ocrx_word' id='word_1_876' title='bbox 811 2887 865 2918; x_wconf 75' lang='grc' dir='ltr'>τοῖς</span> 
     </span>
    </p>
   </div>
   <div class='ocr_carea' id='block_1_114' title="bbox 1134 2816 1489 2852">
    <p class='ocr_par' dir='ltr' id='par_1_114' title="bbox 1134 2816 1489 2852">
     <span class='ocr_line' id='line_1_114' title="bbox 1134 2816 1489 2852; baseline 0 -8"><span class='ocrx_word' id='word_1_877' title='bbox 1134 2817 1244 2850; x_wconf 82' lang='lat' dir='ltr'><strong>Quinta,</strong></span> <span class='ocrx_word' id='word_1_878' title='bbox 1260 2822 1284 2844; x_wconf 79' lang='lat' dir='ltr'><strong>et</strong></span> <span class='ocrx_word' id='word_1_879' title='bbox 1296 2818 1353 2852; x_wconf 73' lang='lat' dir='ltr'><strong>ipsa</strong></span> <span class='ocrx_word' id='word_1_880' title='bbox 1365 2816 1489 2844; x_wconf 73' lang='lat' dir='ltr'><strong>Joannis.</strong></span> 
     </span>
    </p>
   </div>
   <div class='ocr_carea' id='block_1_115' title="bbox 957 2882 1703 2921">
    <p class='ocr_par' dir='ltr' id='par_1_115' title="bbox 957 2882 1703 2921">
     <span class='ocr_line' id='line_1_115' title="bbox 957 2882 1703 2921; baseline -0.001 -9"><span class='ocrx_word' id='word_1_881' title='bbox 957 2884 1000 2912; x_wconf 78' lang='lat'><strong>56.</strong></span> <span class='ocrx_word' id='word_1_882' title='bbox 1016 2883 1090 2913; x_wconf 90' lang='lat' dir='ltr'><strong>llanc</strong></span> <span class='ocrx_word' id='word_1_883' title='bbox 1104 2885 1184 2921; x_wconf 86' lang='lat' dir='ltr'><strong>quasi</strong></span> <span class='ocrx_word' id='word_1_884' title='bbox 1198 2886 1290 2914; x_wconf 86' lang='lat' dir='ltr'><strong>senior</strong></span> <span class='ocrx_word' id='word_1_885' title='bbox 1305 2885 1421 2913; x_wconf 85' lang='lat' dir='ltr'><strong>domin:e</strong></span> <span class='ocrx_word' id='word_1_886' title='bbox 1442 2884 1539 2912; x_wconf 88' lang='lat' dir='ltr'><strong>scribit</strong></span> <span class='ocrx_word' id='word_1_887' title='bbox 1568 2889 1594 2913; x_wconf 87' lang='lat' dir='ltr'><strong>et</strong></span> <span class='ocrx_word' id='word_1_888' title='bbox 1610 2882 1703 2912; x_wconf 72' lang='lat' dir='ltr'><strong>liberis</strong></span> 
     </span>
    </p>
   </div>
  </div>
