1929 3056
240 152 290 180 Ml

241 221 310 248 eius.
328 211 374 240 Est
387 216 477 241 autem
502 218 692 248 argumentum
719 214 847 250 Epistolaa
858 216 912 243 tale
930 226 935 243 :
952 217 1019 243 Cum
1035 219 1056 247 Λ

241 259 343 287 videret
359 259 457 287 liberos
475 259 557 294 hujus
572 264 646 288 recte
662 261 688 287 in
706 261 756 288 ﬁde
770 263 938 295 conversari,
951 263 1021 289 mul-

240 311 283 333 tos
302 310 392 333 autem
407 306 566 335 seductores
585 308 741 340 circumire,
758 309 804 344 qui
828 309 950 337 dicerent
976 311 1024 337 ad-

240 356 350 380 ventum
363 351 463 380 Christi
475 352 503 379 in
517 359 599 381 carne
610 361 665 380 non
677 361 738 381 esse
750 354 862 388 factum,
875 355 1023 390 Epistolam

241 398 310 425 hanc
336 397 443 425 scribit.
464 397 497 424 Et
514 398 650 433 principio
673 399 782 434 quidem
810 400 903 427 laudat
923 401 1024 429 liberos

240 442 310 477 ejus,
335 443 408 478 quod
428 443 498 471 bene
524 443 713 478 procederent.
738 444 841 473 Deinde
864 446 943 473 docet
963 447 1023 474 ﬁdei

241 493 343 516 nostrae
360 489 520 524 mysterium
538 497 594 517 non
609 497 671 517 esse
692 497 799 519 recens.
822 491 953 518 Hortatur
975 492 1024 520 ite-

240 541 302 561 rum
327 534 360 561 ad
382 535 567 567 dilectionem,
589 539 616 563 et
645 539 675 563 ut
697 541 825 564 maneant
851 537 878 564 in
900 537 1024 565 doctrina

241 588 302 616 quae
323 581 390 616 ipsis
407 585 466 609 erat
488 583 598 610 tradita.
623 582 755 618 Deinceps
777 583 856 610 docet
880 591 937 614 eos,
955 584 1024 611 anti-

241 627 377 654 christum
400 635 472 659 esse,
486 628 533 662 qui
551 628 691 656 Christum
705 629 733 655 in
750 636 833 656 carne
850 637 904 657 non
917 630 1024 657 venisse

242 673 325 699 dicat.
342 671 488 700 Denuntiat
505 677 595 700 autem
610 673 674 706 illis,
687 682 722 701 ne
735 681 792 705 eos,
805 674 852 708 qui
869 674 1024 708 hujusmodi

243 722 318 750 sunt,
332 718 360 745 in
375 717 485 745 domum
502 726 578 746 suam
587 720 731 755 quisquam
744 720 866 754 recipiat,
882 727 969 755 neque
986 727 1025 747 sa-

243 764 326 792 lutem
345 764 399 792 illis
413 764 496 797 dicat,
516 768 598 800 atque
619 765 655 792 ita
669 766 798 792 terminat
814 765 971 800 Epistolam.

455 819 545 852 Sexta,
561 825 587 847 et
604 821 661 856 ipsa
675 820 801 848 Joannis.

791 155 820 184 S.
843 157 1074 185 ATIIANASIUS.
1091 174 1125 179 ——
1145 158 1256 187 DUBlA.

1808 160 1858 187 ΗΞ

1071 216 1176 248 τέκνοις
1197 216 1291 251 αὐτῆς.
1307 215 1338 242 Ἦ
1352 215 1380 242 δὲ
1397 216 1528 252 πρόφασις
1541 215 1589 250 τῆς
1603 216 1764 252 Ἐπιστολῆς
1774 216 1841 252 αὓτη
1850 226 1857 233 ·

1079 262 1165 297 Ὀρῶν
1177 262 1211 288 τὰ
1229 262 1311 288 τέκνα
1327 261 1428 296 ταύτης
1444 255 1532 293 καλῧς
1548 263 1774 299 ἀναστρεφόμενα
1789 263 1816 289 ὲν
1826 265 1858 299 τῇ

1074 308 1175 340 πίστει,
1191 308 1237 335 καὶ
1248 308 1359 339 πολλοὺς
1372 307 1487 339 πλάνους
1503 308 1743 344 περιερχομένους,
1761 309 1806 334 καὶ
1819 308 1860 335 λέ-

1074 362 1169 388 γοντας
1187 353 1223 389 μὴ
1238 351 1305 380 εἶναι
1334 353 1383 389 τὴν
1398 354 1548 389 παρουσίαν
1559 353 1604 380 τοῦ
1622 354 1744 389 Χριστοῦ
1757 355 1785 380 ὲν
1799 362 1859 389 σαρ-

1074 400 1112 432 κὶ,
1132 399 1231 436 γράφει
1243 400 1292 435 τὴν
1303 399 1471 434 Ἐπιστολὴν.
1488 399 1544 426 Καὶ
1562 399 1672 434 πρῶτον
1694 399 1746 434 μὲν
1769 399 1860 425 ἀποδέ-

1074 455 1151 481 χεται
1176 447 1261 481 αὐτῆς
1281 445 1316 472 τὰ
1331 446 1413 472 τέκνα
1436 445 1525 476 καλῶς
1547 445 1771 480 περιπατῶν-ια’
1795 443 1858 476 εἶτα,

1074 491 1206 518 διδάσκων
1221 490 1258 526 μὴ
1269 490 1400 526 νεώτερον
1414 488 1522 517 εἶναιτὸ
1534 490 1594 516 καθ’
1609 490 1685 525 ἡμᾶς
1704 491 1792 525 μυστή
1798 498 1858 524 ριον,

1075 536 1201 570 παραινεῖ
1215 536 1294 562 πάλιν
1310 536 1373 571 περὶ
1387 535 1507 570 ἀγάπης,
1525 536 1571 561 καὶ
1586 536 1628 562 ἴνα
1647 535 1780 571 μείνωσιν
1790 536 1818 562 ὲν
1829 537 1858 570 τῇ

1074 581 1167 617 διδαχῇ
1184 583 1217 617 τῇ
1235 581 1415 618 παραδοθείσῃ
1440 581 1539 613 αὐτοῖς.
1551 581 1605 608 Καὶ
1626 581 1724 607 λοιπὸν
1744 581 1859 608 διδάσκει

1074 626 1244 662 ἀντίχριστον
1253 625 1321 654 εἶναι
1331 627 1374 653 τὸν
1390 627 1501 661 λέγοντα
1516 627 1551 662 μὴ
1568 627 1596 653 ὲν
1608 627 1693 662 σαρκὶ
1705 626 1859 661 ἐληλυθέναι

1074 672 1120 699 τὸν
1137 673 1264 708 Χριστόν.
1284 673 1469 709 Παραγγέλλει
1484 673 1599 704 δὲ,ῶστε
1615 672 1654 708 μὴ
1665 672 1791 707 δέχεσθαι
1801 672 1859 702 τοὺς

1075 718 1210 750 τοιούτους
1224 718 1285 745 τινὰ
1295 719 1334 750 είς
1344 719 1442 749 οἰκίαν,
1452 718 1519 754 μηδὲ
1535 718 1623 752 λέγειν
1635 719 1731 751 αὐτοῖς
1748 718 1858 753 χαίρειν,

1075 764 1122 791 καὶ
1139 763 1224 796 οὕτως
1235 764 1331 791 τελειοῖ
1343 765 1392 799 τὴν
1410 764 1576 800 Ἐπιστολὴν.

1209 819 1308 853 "Eun,
1321 818 1414 846 πάλιν
1425 818 1474 846 καί
1492 820 1566 854 αὕτη
1585 819 1735 847 Ἰωάννου.

280 875 324 902 57.
337 875 399 903 Hmc
413 884 521 912 quoque
534 875 647 905 Joannis
660 881 713 910 est,
734 881 763 904 ut
780 881 806 905 ct
821 877 964 913 inscriptio
975 877 1024 904 ha-

1110 876 1153 904 57.
1169 877 1222 903 Καὶ
1238 876 1306 912 αὕτη
1322 877 1442 904 Ἰωάννου
1465 877 1515 912 μέν
1535 878 1602 909 ἐστι,
1631 877 1725 909 καθὼς
1742 878 1788 904 καὶ
1803 878 1856 904 ἐτα-

243 920 298 948 het.
312 920 392 949 Missa
412 926 453 949 est
466 926 555 950 autem
572 922 605 950 ad
616 923 722 951 Gaium.
736 923 765 950 Et
779 924 895 958 primum
916 923 1025 958 quidem

243 967 336 994 laudat
348 976 408 995 eum
418 973 529 1004 propter
537 969 722 997 testimonium
733 969 939 1004 hospitalitatis,
952 969 1025 1004 quod

243 1013 359 1041 habebat
376 1014 408 1041 ab
419 1015 556 1046 omnibus,
571 1014 751 1050 hortaturque
764 1023 836 1046 eum,
848 1015 913 1042 utin
927 1023 1025 1049 propo-

243 1059 296 1085 sito
312 1059 449 1097 persistat,
468 1067 499 1086 ac
514 1059 613 1087 fratres
627 1060 744 1087 deducat
763 1067 794 1086 ac
816 1060 939 1095 recipiat.
953 1059 1025 1086 Rur—

241 1112 304 1131 sum
320 1104 412 1132 laudat
426 1105 485 1139 ejus
508 1105 689 1140 propositum.
711 1105 831 1132 Accusat
854 1109 944 1133 autem
963 1104 1026 1131 Dio-

243 1150 368 1185 trephen,
380 1151 453 1185 quod
468 1151 492 1178 is
506 1159 561 1178 non
578 1151 665 1178 solum
681 1151 750 1178 nihil
775 1151 908 1186 praeberet
924 1159 1026 1186 paupe-

243 1196 330 1228 ribus.
348 1196 395 1223 sed
415 1197 497 1223 etiam
514 1197 583 1224 alios
601 1196 770 1231 prohiberet,
785 1204 817 1224 ac
838 1197 923 1224 multa
939 1205 1024 1232 nuga-

244 1246 329 1268 retur.
354 1241 434 1269 Tales
453 1247 542 1270 autem
563 1242 666 1270 alienos
687 1249 748 1270 esse
769 1242 836 1270 dicit
856 1250 872 1269 a
893 1243 1024 1276 veritate,

243 1296 331 1322 neque
344 1295 509 1323 cognoscere
523 1288 618 1315 Deum.
630 1288 793 1316 Demetrium
809 1296 873 1316 vero
888 1296 1026 1317 commen-

242 1335 299 1366 dat,
319 1333 452 1369 optimum
465 1333 504 1360 illi
522 1334 707 1361 testimonium
718 1334 885 1369 impendens.

523 1391 651 1425 Septima,
663 1391 751 1419 JudCB.

278 1447 322 1474 58.
348 1446 435 1478 Hanc,
453 1447 679 1482 quemadmodqu
704 1447 755 1475 fert
767 1448 919 1483 inscriptio,
942 1448 1026 1476 Judas

243 1492 392 1528 Epistolam
404 1495 515 1528 scripsit
527 1494 561 1522 iis
585 1494 631 1529 qui
646 1494 701 1528 jam
716 1493 900 1522 crediderant.
918 1494 964 1522 Est
978 1502 1026 1521 au-

243 1543 297 1566 tem
313 1544 501 1574 argumentum
522 1540 582 1574 ejus
604 1540 658 1567 tale
675 1549 680 1565 :
697 1540 765 1567 Cum
785 1539 895 1574 quidam
914 1540 1026 1568 t'raudu-
1039 1558 1059 1586 ο

242 1584 330 1612 tenter
343 1585 459 1619 ingressi
471 1585 612 1618 docerent,
624 1585 781 1613 indiderens
798 1593 858 1613 esse
874 1591 1024 1620 peccatum,

243 1630 324 1657 etiam
339 1637 435 1657 eorum
455 1631 501 1666 qui
526 1631 670 1658 Dominum
684 1637 792 1667 negant,
809 1638 921 1667 necesse
932 1631 1027 1659 habuit

243 1679 274 1701 ut
290 1675 433 1709 scriberet,
453 1679 481 1703 et
505 1680 600 1703 cautos
617 1676 742 1704 redderet
763 1677 873 1705 fratres.
895 1677 928 1704 Et
950 1677 1027 1704 initio

243 1719 353 1754 quidem
376 1720 501 1746 hortatur
516 1727 563 1747 eos
588 1725 618 1747 ut
642 1724 755 1753 certent,
774 1725 855 1756 atque
876 1721 904 1748 in
929 1722 1027 1749 tradita

244 1765 297 1793 sibi
315 1765 367 1793 ﬁde
383 1769 520 1794 maneant.
538 1765 640 1794 Deinde
665 1767 790 1802 repudiat
810 1768 877 1795 tales
899 1773 1025 1802 tanquam

244 1810 420 1843 seductores,
438 1815 466 1838 et
497 1811 639 1839 denuntiat
665 1819 698 1839 ne
723 1819 836 1846 prorsus
861 1812 943 1839 ullam
964 1820 1026 1839 cum

244 1855 312 1890 ipsis
323 1857 540 1884 communionem
557 1857 698 1889 haberent,
711 1857 829 1885 scientes
841 1865 894 1884 nou
909 1865 971 1884 esse
983 1865 1028 1885 sa-

244 1902 280 1929 tis
290 1901 363 1936 quod
376 1903 465 1930 vocati
482 1904 579 1936 simus,
596 1903 650 1930 nisi
665 1904 745 1930 etiam
765 1903 846 1939 digne
857 1903 1027 1931 ambulemus

243 1948 395 1975 vocatione.
414 1948 554 1983 Siquidem
571 1954 596 1976 et
613 1949 730 1984 priorem
753 1950 882 1984 populum
897 1949 1027 1978 Dominus

244 2000 277 2021 ex
292 1992 410 2028 Egypto
423 1993 563 2026 eductum,
581 2001 642 2021 cum
659 1995 686 2021 in
703 1994 754 2022 ﬁde
776 1994 879 2023 videret
898 2003 951 2023 non
966 2004 1028 2031 per-

245 2039 353 2071 sistere,
368 2039 517 2074 perdidertt
530 2051 537 2067 :
552 2044 579 2068 et
601 2041 704 2076 angelis
727 2041 850 2069 ordinem
874 2049 953 2069 suum
973 2050 1028 2070 non

244 2085 470 2119 custodienlibus,
491 2093 544 2113 non
561 2088 723 2122 pepercerit.
741 2087 874 2122 Oportere
894 2089 978 2124 igitur
993 2090 1027 2116 ab

245 2131 400 2166 hujustnodi
411 2132 564 2160 hominibus
582 2133 719 2160 secedere.
734 2133 766 2159 Et
780 2133 936 2161 Michaelem
952 2142 1029 2161 nam-

245 2186 298 2213 que
325 2179 518 2214 archangelum
548 2187 603 2206 non
631 2180 794 2208 sustinuisse
833 2180 1028 2215 blasphemiam

1075 921 1239 956 γέγραπται.
1255 922 1430 948 Ἐπέσταλται
1446 922 1474 948 δὲ
1488 923 1554 957 πρὸς
1569 923 1660 949 Γάϊον.
1688 923 1745 951 Καὶ
1758 922 1857 958 πρῶτον

1077 967 1125 1002 μὲν
1144 967 1305 1002 ἀποδέχεται
1329 967 1408 994 αὑτὸν
1440 967 1662 1003 μαρτυρούμενον
1687 968 1740 994 ὑπὸ
1756 968 1857 994 πάντων

1075 1013 1121 1039 ἐπὶ
1133 1012 1278 1048 φιλοξενίᾳ,
1287 1013 1333 1040 καὶ
1347 1013 1495 1049 προτρέπει
1507 1015 1540 1049 τῇ
1553 1014 1621 1045 αύτῆ
1632 1013 1765 1049 προθέσει
1781 1022 1856 1049 προσ-

1077 1058 1178 1093 μένειν.
1189 1058 1237 1084 καὶ
1247 1058 1418 1093 προπέμπειν
1428 1059 1475 1085 καὶ
1487 1058 1639 1090 δεξιοῦσθαι
1647 1059 1713 1090 τοὺς
1723 1059 1855 1092 ἀδελφούς.

1075 1103 1159 1130 Πάλιν
1169 1103 1197 1130 δὲ
1207 1103 1288 1129 αὑτοῦ
1302 1103 1350 1138 μὲν
1358 1104 1406 1139 τὴν
1416 1103 1543 1140 πρόθεσιν
1551 1104 1731 1139 ἀποδέχεται·
1745 1105 1855 1131 αἰτιᾶται

1075 1147 1103 1174 δὲ
1114 1148 1256 1183 Διοτρεφῆ,
1272 1147 1310 1179 ὡς
1325 1148 1392 1183 μήτε
1406 1148 1486 1176 αὐτὸν
1500 1149 1654 1184 παρέχοντα
1665 1151 1724 1181 τοῖς
1736 1150 1856 1184 πτωχοῖς,

1076 1193 1142 1220 ἀλλὰ
1155 1193 1201 1220 καὶ
1216 1194 1354 1225 κωλύοντα
1363 1195 1425 1227 τοὺς
1435 1195 1540 1227 ἄλλους,
1548 1195 1594 1221 καὶ
1610 1195 1698 1222 πολλὰ
1715 1195 1856 1231 φλυαροῦν‹

1073 1246 1118 1264 τα.
1135 1238 1204 1270 Τοὺς
1216 1238 1243 1264 δὲ
1255 1238 1392 1271 τοιούτους
1406 1239 1478 1274 λέγει
1487 1239 1644 1275 ἀλλοτρίους
1655 1239 1726 1268 εἶναι
1738 1240 1787 1275 τῆς
1796 1239 1855 1274 ἀλη-

1076 1283 1161 1315 θείας,
1176 1284 1222 1310 καὶ
1237 1284 1304 1319 μηδὲ
1319 1283 1418 1311 εἰδέναι
1439 1285 1485 1311 τὸν
1502 1285 1577 1312 Θεόν.
1594 1285 1752 1321 Δημήτριον
1763 1285 1790 1312 δὲ
1805 1292 1856 1311 συν-

1077 1330 1167 1366 ίστησι
1183 1330 1329 1365 μαρτυρῶν
1337 1330 1409 1366 αὐτῷ
1418 1330 1451 1357 τὰ
1457 1331 1595 1359 κάλλιστα.

1337 1387 1472 1422 Ἐὅδόμηι
1490 1387 1597 1415 Ἰούδα.

1111 1443 1154 1470 58.
1168 1443 1284 1478 Ταύτην,
1295 1442 1386 1474 καθὼς
1397 1444 1443 1470 καὶ
1458 1443 1672 1478 ἐπιγέγραπται,
1686 1443 1783 1474 Ἰούδας
1793 1442 1854 1477 γρά-

1076 1497 1120 1522 φει
1130 1488 1178 1523 τὴν
1185 1488 1343 1522 Ἐπιστολὴν
1353 1489 1407 1518 τοῖς
1418 1488 1468 1523 ἤδη
1480 1488 1669 1515 πιστεύσασιν.
1679 1489 1710 1515 Ἡ
1724 1488 1751 1514 δὲ
1760 1487 1854 1523 πρόφα-

1078 1542 1118 1565 σις
1139 1533 1223 1568 αὖτη-
1256 1532 1489 1569 Παρεισελθὸντων
1509 1533 1590 1560 τινῶν
1613 1534 1664 1560 καὶ
1687 1533 1854 1560 διδασκόντων

1076 1578 1220 1613 ἀδιάφορον
1236 1575 1305 1604 εἶναι
1327 1578 1376 1614 τὴν
1393 1578 1541 1614 ἁμαρτίαν,
1562 1578 1609 1605 καὶ
1634 1577 1803 1614 ἀρνουμένων
1814 1575 1854 1602 τὸν

1076 1624 1187 1660 Κύριον,
1200 1624 1321 1659 ἀνάγκην
1331 1623 1393 1659 ἔσχε
1405 1624 1518 1659 γράψαι,
1535 1625 1581 1651 καὶ
1591 1623 1789 1659 ἀσφαλίσασθαι
1799 1622 1853 1652 τοὺς

1076 1669 1216 1705 ἀδελφούς.
1229 1670 1285 1696 Καὶ
1299 1670 1405 1706 πρῶτον
1422 1670 1470 1706 μὲν
1488 1669 1646 1706 παρακαλεῖ
1658 1670 1754 1702 αὐτοὺς
1766 1667 1854 1703 ἀγωνί-

1076 1715 1170 1747 ζεσθαι
1183 1716 1230 1742 καὶ
1245 1715 1371 1751 ἐμμένειν
1388 1717 1420 1751 τῇ
1445 1715 1629 1752 παραδοθείσῃ
1649 1717 1739 1747 αὐτοῖς
1755 1715 1852 1744 πίστει;

1076 1761 1171 1788 ἔπειτα
1185 1761 1368 1796 ἀποκηρύττει
1382 1762 1444 1793 τοὺς
1459 1761 1595 1793 τοιούτους
1615 1762 1654 1793 ὠς
1669 1761 1790 1794 πλάνους,
1811 1758 1852 1785 καὶ

1077 1806 1259 1842 παραγγέλλει
1280 1806 1415 1841 μηδεμίαν
1432 1806 1533 1838 αὐτοὺς
1547 1806 1620 1842 ἔχειν
1636 1807 1774 1834 κοινωνίαν
1795 1803 1852 1839 περὶ

1076 1852 1139 1883 τοὺς
1157 1851 1302 1884 τοιούτους,
1321 1852 1434 1884 εἰδότας,
1458 1852 1498 1878 ὃτι
1517 1852 1566 1878 ούκ
1583 1853 1665 1888 ἀρκεῖ
1688 1852 1718 1879 τὺ
1733 1850 1850 1886 κληθῆναι

1079 1899 1169 1934 μόνον,
1190 1898 1237 1924 ἐὰν
1254 1898 1291 1933 μὴ
1311 1898 1358 1924 καὶ
1373 1898 1455 1931 ἀξίως
1481 1900 1713 1935 περιπατήσωμεν
1730 1898 1777 1932 τῆς
1795 1895 1851 1930 κλή-

1078 1953 1155 1976 σεως.
1169 1944 1223 1970 Καὶ
1233 1944 1287 1980 γὰρ
1300 1945 1346 1970 καὶ
1359 1944 1404 1970 τὸν
1418 1944 1548 1980 πρότερον
1562 1944 1627 1971 λαὸν
1640 1944 1669 1976 ἐξ
1678 1943 1806 1978 Αἰγύπτου
1816 1939 1850 1971 ἐξ·

1077 1988 1189 2023 αγαγὼν
1203 1989 1218 2015 δ
1230 1989 1341 2024 Κύριος,
1357 1989 1403 2014 καὶ
1423 1989 1458 2024 μὴ
1477 1988 1647 2023 ἐμμείναντα
1661 1989 1694 2023 τῇ
1709 1985 1849 2013 πίστει-ἔω·
1866 2008 1871 2016 ,

1079 2035 1179 2070 ρακὼς,
1193 2035 1329 2062 ἀπώλεσε·
1342 2035 1388 2061 καὶ
1398 2034 1519 2069 ἀγγέλων
1533 2034 1562 2061 δὲ
1578 2035 1616 2071 μὴ
1627 2043 1659 2070 τη
1665 2033 1797 2070 ρησάντων
1807 2029 1848 2064 τὴν

1079 2081 1146 2108 ἰδίαν
1161 2081 1237 2114 τάξιν
1252 2081 1301 2107 οὐκ
1321 2080 1456 2115 ἐφείσατο.
1474 2081 1520 2106 Δεῖ
1530 2078 1576 2106 οὖν
1594 2081 1648 2108 ἀπὸ
1668 2080 1720 2106 τῶν
1735 2076 1848 2105 τοιούτων

1077 2127 1235 2161 ἀναχωρεῖν.
1265 2127 1321 2152 Καὶ
1344 2126 1399 2161 γὰρ
1418 2126 1465 2152 καὶ
1489 2126 1598 2162 Μιχαὴλ
1611 2129 1625 2154 ὁ
1638 2125 1797 2162 ἀρχάγγελος
1806 2121 1847 2155 οὐκ

1079 2173 1214 2207 ὑπήνεγκε
1235 2171 1408 2207 βλασφημίαν
1432 2172 1478 2199 τοῦ
1500 2173 1635 2200 διαϐόλου.
1653 2171 1775 2199 Ἐσεσθαι
1793 2167 1847 2202 γοῦν

244 2224 355 2252 diaboli.
368 2223 452 2252 Docet
469 2224 560 2260 itaque
576 2225 756 2260 perditionem
769 2225 884 2253 istorum
892 2226 962 2253 sicut
979 2225 1024 2253 So-

1077 2219 1125 2254 τὴν
1139 2218 1274 2245 ἀπώλειαν
1286 2218 1374 2245 αὐτῶν
1384 2218 1420 2250 ὼς
1431 2219 1554 2254 Σοδόμων
1564 2220 1693 2247 διδάσκει.
1711 2215 1774 2244 Εἶτα
1788 2220 1846 2260 παρ’

244 2269 387 2296 domorum
405 2269 535 2296 futuram.
550 2269 616 2297 Post
638 2269 695 2297 haec
709 2270 871 2297 adhortatus
892 2271 926 2297 ab
940 2271 1026 2298 bonos

245 2321 346 2346 mores,
362 2318 390 2342 et
409 2315 470 2342 ﬁdei
487 2315 662 2342 stabilitatem
679 2323 694 2342 a
717 2315 832 2343 Domino
853 2320 1025 2351 apprecatus,

245 2359 347 2387 claudit
361 2359 521 2395 Epistolam.

246 2416 322 2445 Liber
342 2417 408 2450 V11,
425 2418 630 2452 Quatuordecim
651 2418 778 2453 Epistolte
803 2419 895 2451 Pauli,
916 2427 1027 2454 quarunt

464 2455 550 2487 prima
563 2459 601 2481 est
614 2455 648 2481 ad
663 2454 805 2481 Romanas.

280 2507 324 2535 59.
340 2507 417 2536 Pauli
432 2513 565 2538 vocantur
584 2510 721 2545 Epistolas,
738 2515 880 2546 propterea
893 2510 965 2546 quod
981 2518 1027 2538 eas

246 2555 291 2583 ille
311 2556 438 2592 scripsit,
465 2561 491 2584 et
517 2565 565 2592 per
587 2557 638 2585 has
659 2565 719 2585 cum
740 2566 804 2590 eos,
823 2565 892 2592 quos
923 2558 1028 2584 viderat

246 2608 278 2629 ac
299 2602 439 2635 docuerat,
462 2603 589 2631 admonet
611 2611 643 2631 ac
665 2604 793 2639 corrigit,
811 2607 867 2631 tum
882 2611 950 2638 quos
972 2610 1025 2630 non

246 2647 363 2680 viderat,
377 2647 513 2675 instruere
525 2652 641 2675 conatur
656 2656 688 2676 ac
712 2649 821 2682 docere,
839 2647 916 2684 147
936 2655 1029 2683 quem-

246 2692 390 2720 admodum
415 2701 429 2719 a
447 2693 596 2728 legentibus
618 2695 702 2722 edisci
726 2699 825 2729 potest.
845 2693 920 2720 Hanc
937 2697 1028 2720 autem

247 2739 280 2766 ad
292 2738 430 2767 Romanos
442 2739 573 2767 Corintho
589 2740 710 2775 scripsit,
727 2748 789 2767 cum
805 2739 941 2767 Romanos
959 2747 1029 2766 non~

246 2784 311 2811 dum
324 2785 433 2820 quidem
447 2785 570 2818 vidisset,
588 2785 709 2814 audisset
730 2794 795 2814 vero
810 2785 844 2813 de
860 2786 923 2817 illis,
945 2792 1023 2820 cupe-

247 2833 342 2864 ratque
362 2830 456 2857 videre
472 2838 529 2858 eos.
546 2830 580 2857 Et
602 2831 680 2858 initio
694 2831 802 2866 quidem
825 2831 916 2857 laudat
933 2838 1026 2857 eorum

247 2875 338 2909 ﬁdem,
362 2883 444 2912 quam
471 2875 578 2905 videbat
604 2876 704 2914 ubique
730 2875 896 2907 annuntiari.
927 2875 1028 2904 Deinde

1077 2266 1146 2290 αινεῐ
1168 2265 1207 2296 είς
1221 2264 1256 2291 τὰ
1272 2265 1335 2300 ἤθη,
1357 2265 1403 2291 καὶ
1418 2265 1605 2300 ύπευξάμενος
1617 2266 1706 2295 αὐτοῖς
1719 2259 1845 2298 βεϐαιότη-

1076 2319 1111 2338 τα
1122 2310 1171 2345 τῆς
1187 2309 1304 2342 πίστεως
1323 2309 1397 2346 παρά
1413 2310 1459 2337 τοῦ
1480 2311 1594 2346 Κυρίου,
1608 2310 1706 2337 τελειοῖ
1725 2303 1845 2342 τὴνἘπι“

1079 2356 1184 2390 στολήν.

1077 2413 1198 2440 Βιϐλίον
1208 2412 1243 2445 ξ’,
1260 2414 1431 2440 Ἐπιστολαὶ
1447 2414 1568 2440 Παύλου
1580 2413 1624 2439 ιδ’.
1637 2411 1747 2439 Τούτων
1757 2403 1843 2439 πρώτη

1321 2449 1341 2482 ’ὴ
1360 2448 1434 2482 πρὸς
1450 2449 1622 2483 Ῥωμαίους.

1112 2504 1157 2531 59.
1180 2503 1257 2530 Οὕτω
1278 2503 1432 2538 καλοῦνται,
1456 2504 1549 2540 ἐπειδὴ
1577 2503 1656 2534 αὐτὸς
1676 2498 1775 2545 Παῦλος
1799 2491 1844 2545 Et?

1077 2551 1177 2582 ταύτας
1194 2551 1368 2583 ἐπιστέλλων,
1382 2551 1427 2577 καὶ
1438 2550 1481 2578 διὰ
1497 2551 1609 2582 τούτων,
1622 2548 1668 2579 οὒς
1685 2547 1730 2582 μὲν
1798 2540 1841 2591 ὲώξ

1078 2605 1146 2632 ρακε
1161 2597 1208 2623 καὶ
1224 2597 1350 2629 ἐδίδαξεν,
1366 2597 1566 2632 ὑπομιμνήσκει
1583 2596 1629 2622 καὶ
1647 2589 1840 2625 ἐπιδιορθοῡται·

1077 2643 1123 2675 οὒς
1132 2643 1160 2669 δὲ
1170 2643 1206 2678 μὴ
1222 2643 1337 2679 ἑώρακε,
1355 2641 1498 2674 σπουδάζει
1511 2642 1637 2678 κατηχεῖν
1650 2638 1695 2666 καὶ
1710 2633 1839 2681 διδάσξεὶνι

1079 2690 1116 2721 ὡς
1133 2689 1206 2716 ἔστιν
1224 2690 1269 2716 ἀπ’
1283 2689 1371 2716 αὐτῶν
1383 2689 1437 2715 τῶν
1452 2688 1666 2723 ἐντυγχανόντων
1681 2677 1839 2724 “niuei”

1077 2734 1185 2770 Ταύτην
1198 2735 1226 2761 δὲ
1247 2734 1296 2770 τὴν
1311 2734 1379 2769 πρὸς
1401 2721 1553 2769 Ῥωμαίους
1570 2729 1717 2759 ἐπιστέλλει
1731 2724 1780 2770 ἀτξδ
1793 2721 1838 2770 κζ

1080 2761 1180 2816 ρίνθού,
1198 2761 1280 2816 μήπω
1306 2761 1354 2816 μέν
1369 2761 1498 2816 έωρακὼς
1521 2761 1687 2814 Ἰίωμαίους.
1707 2768 1803 2816 ἀκούυίν

1078 2837 1111 2855 πε
1116 2829 1142 2863 ρὶ
1156 2828 1253 2860 αὐτῶν,
1265 2827 1310 2854 καὶ
1325 2826 1461 2854 ἐπιποθῶν
1475 2825 1572 2857 αὐτοὺς
1591 2823 1662 2851 ἰδεῖν.
1680 2814 1838 2863 Kal-$90,"?

1081 2856 1129 2910 μὲν
1150 2856 1308 2910 ἀποδέχεται
1322 2876 1370 2902 τὴν
1385 2873 1475 2901 πίστιν
1490 2856 1588 2904 αὐτῶν,
1608 2856 1838 2900 καταγγελλομένην
