1929 3056
109 161 164 187 415

641 160 806 189 SYNOPSIS
825 158 1032 188 SCRIPTURE
1053 157 1186 189 SACBE.

1674 154 1729 182 Ml»

111 218 183 253 ὀρῶν
204 217 341 253 πανταχοῦ
354 227 360 232 ·
385 217 479 245 ἔπειτα
499 218 625 254 σημαίνει
649 219 778 250 πολλάκις
802 218 893 247 ὲαυτὺι

950 216 1085 253 εἰςιιίίίοιιι
1108 221 1296 250 saepenumero
1317 213 1487 249 proposilum
1506 212 1557 240 sibi
1581 212 1664 240 fuisse
1682 220 1726 239 ve-

111 264 282 300 προθέμενον
296 264 380 290 ἐλθεῖν
392 264 435 291 διὰ
445 264 490 290 τὸν
501 265 540 296 είς
556 265 651 296 αὐτοὺς
664 265 756 297 πόθον,
766 265 811 291 καὶ
826 265 895 296 τέως

112 311 151 346 μὴ
159 310 327 345 δεδυνῆσθαι.
343 311 398 337 Καὶ
409 310 501 337 λοιπὸν
512 310 702 346 διδασκαλικὴν
717 310 766 346 τὴν
775 311 896 338 Ἐπιστο-

109 357 161 392 λὴν
179 358 297 383 ποιεῖται
312 356 376 392 περὶ
402 357 523 391 κλήσεως
545 356 638 389 ἐθνῶν,
659 358 705 384 καὶ
726 358 766 384 ὅτι
787 358 803 393 ὴ
820 366 896 394 περι-

108 404 182 439 τομὴ
199 403 251 434 ἕως
266 402 362 438 καιροῦ
377 400 421 438 ἦν,
436 404 481 429 καὶ
494 403 541 429 νῦν
556 404 693 430 πέπαυται
706 412 713 419 ·
729 404 776 430 καὶ
794 405 834 430 ὅτι
852 403 895 430 διὰ

108 449 158 476 τοῦ
175 449 293 484 Χριστοῦ
310 449 417 476 λέλυται
434 449 464 475 τὸ
486 449 718 485 παράπτωματοῦ
739 449 833 485 Ἀδὰμ,
849 450 895 477 καὶ

108 496 127 529 ἡ
146 494 210 521 σκιά
223 493 269 521 τοῦ
285 494 367 529 νόμου
381 494 511 529 παρῆλθε.
525 495 580 530 Τὴν
602 495 652 530 μὲν
673 493 718 521 οὖν
732 495 827 530 κλῆσιν
841 495 896 522 τῶν

109 539 196 566 ἐθνῶν
219 539 372 571 ἀκολούθως
394 541 557 576 γεγενῆσθαι
583 540 779 572 κατασκευάζει
799 540 893 574 οὕτως,

107 582 270 615 ἀποδεικνὺς
284 584 365 610 πᾶσιν
377 584 529 620 ἀνθρώποις
541 585 658 620 ἔμφυτον
668 583 737 612 εἶναι
747 586 791 612 τὸν
803 586 894 621 νόμον,

111 628 159 654 καὶ
174 629 276 660 πάντας
291 629 425 664 ἀδιδάκτῳ
446 631 478 665 τῇ
502 630 580 665 φύσει
601 630 646 657 καὶ
669 631 716 657 ἀπ’
743 631 826 666 αὐτῆς
846 632 895 667 τῆς

110 673 225 704 κτίσεως
242 673 371 700 δύνασθαι
392 673 535 708 γινώσκειν
550 674 596 701 τὸν
614 675 690 701 Θεὸν.
706 675 752 702 Διὸ
766 676 811 702 καὶ
825 677 895 703 εἰκό-

109 726 164 749 τως
180 719 298 745 αἰτιᾶται
316 719 422 754 πρῶτον
437 719 578 755 Ἕλληνας,
589 720 627 751 ὡς
639 720 685 747 τοῦ
703 721 751 756 μὲν
764 721 830 748 Θεοῦ
844 730 895 756 φα-

109 763 277 798 νερώσαντος
291 765 381 796 αὐτοῖς
392 766 424 791 ὲκ
434 765 487 792 τῶν
500 765 657 801 ποιημάτων
671 766 717 793 τοῦ
731 767 833 803 κόσμου
845 768 895 803 τὴν

109 809 176 844 περὶ
190 809 286 837 ἑαυτοῦ
301 809 409 845 γνῶσιν,
425 811 530 846 καὶτῆς
547 812 631 838 ἀϊδίου
647 813 788 848 δυνάμεως
801 813 893 846 αὑτοῦ,

107 855 171 889 ἥτις
187 855 260 882 ἐστὶν
281 857 295 882 ὁ
311 857 397 891 Λόγος
416 857 508 890 αὑτοῦ,
525 859 554 884 ὲν
564 855 586 892 ᾧ
599 859 646 885 καὶ
665 859 698 885 δι’
716 856 746 885 οὗ
759 859 792 885 τὰ
807 859 894 886 πάντα

107 901 276 935 πεποίηκεν·
295 902 413 934 ἐκείνους
422 903 451 929 δὲ
465 903 501 939 μὴ
517 904 663 938 ἐγνωκέναι
677 904 776 940 μᾶλλον
792 905 823 931 ἐκ
841 905 894 932 τῶν
909 897 930 924 Β

107 946 266 981 κτισμάτων
280 944 350 974 εἶναι
366 947 431 975 Θεὸν
445 948 491 974 τὸν
511 949 612 976 τούτων
628 950 792 985 δημιουργόν
803 958 810 964 '
828 950 894 977 ἀλλὰ

106 991 262 1019 τούναντίον
275 992 346 1019 αὐτά
356 991 391 1018 τὰ
409 994 548 1029 ποιήματα
561 993 782 1029 θεοποιήσαντας,
799 996 845 1021 καὶ
860 997 892 1031 τῇ

107 1036 196 1063 κτίσει
211 1037 311 1072 μᾶλλον
327 1038 344 1073 ῆ
367 1038 405 1074 τῷ
421 1039 516 1076 κτίστῃ
538 1040 746 1076 λατρεύσαντας.
771 1042 894 1068 Αίτιᾶται

106 1080 137 1107 δὲ
161 1082 208 1108 κα).
225 1082 378 1115 Ἰουδαίους,
404 1084 442 1115 ὡς
471 1084 508 1120 μὴ
532 1085 700 1120 φυλάξαντας
725 1087 770 1114 τὸν
795 1087 892 1122 νόμονο

107 1127 178 1154 ἀλλὰ
204 1129 251 1154 καὶ
279 1129 379 1164 μᾶλλον
402 1129 446 1156 διὰ
471 1132 520 1166 τῆς
547 1132 727 1167 παραϐάσεως
745 1132 791 1159 τοῦ
812 1133 893 1169 νόμου

106 1173 156 1199 τὸν
169 1173 234 1200 Θεὸν
248 1174 441 1210 ἀτιμάσαντας.
454 1176 509 1203 Καὶ
522 1176 607 1208 οὕτως
622 1176 762 1214 ἀμφότερα
777 1178 811 1204 τὰ
824 1179 892 1214 μέρη

106 1219 253 1251 Ἰουδαίους
271 1229 302 1246 τε
321 1221 368 1247 καὶ
386 1221 519 1256 ’Έλληνας
546 1223 668 1258 ἐλέγχει,
692 1225 738 1250 καὶ
759 1224 894 1259 συγκλείει

107 1263 156 1290 ἐπὶ
168 1265 342 1301 παρανομίᾳ·
360 1266 403 1292 ἵνα
418 1266 502 1302 δείξῃ,
517 1267 559 1297 ὅτι
573 1268 624 1294 ἴσοι
636 1269 775 1304 γενόμενοι
790 1270 814 1296 οἱ
828 1270 895 1296 πάν-

106 1316 166 1340 τες,
181 1309 219 1340 ὡς
233 1309 377 1337 ὑπεύθυνοι
391 1311 499 1346 ἐπίσης,
516 1312 563 1339 καὶ
583 1312 630 1339 τοῦ
645 1314 834 1349 Λυτρουμὲνου
852 1315 894 1342 δέ-

106 1363 194 1388 ονται.
210 1355 266 1390 Τῆς
277 1356 304 1382 δὲ
315 1357 424 1392 χάριτος
437 1358 482 1383 καὶ
497 1358 655 1395 λυτρὼσεως
667 1360 764 1395 ἐπίσης
778 1361 824 1387 καὶ
839 1361 894 1393 τοῖς

106 1399 248 1431 Ἰουδαίοις
270 1402 419 1437 γενομένης
445 1403 491 1430 καὶ
512 1405 568 1436 τοῖς
589 1404 708 1437 ἔθνεσιν,
722 1406 833 1438 εἰκότως
848 1407 894 1432 καὶ

107 1447 125 1482 ἠ
153 1446 249 1481 κλῆσις
269 1448 364 1482 γέγονε
387 1448 441 1476 τῶν
463 1449 564 1476 ἐθνῶν·
584 1453 633 1486 τῆς
654 1452 683 1478 δὲ
705 1452 827 1487 κλήσεως
840 1452 894 1480 τῶν

108 1492 195 1519 ἐθνῶν
210 1495 368 1530 γενομένης,
381 1494 410 1528 ἐξ
430 1495 552 1531 ἀνάγκης
569 1497 706 1523 πέπαυται
726 1499 742 1533 ἡ
761 1498 894 1534 περιτομὴ

107 1538 158 1564 καὶ
184 1540 200 1574 ή
223 1539 251 1565 ὲν
270 1539 309 1574 τῷ
328 1540 401 1576 νόμῳ
421 1541 493 1569 σκιά.
514 1543 544 1568 '0
566 1542 620 1579 γὰρ
641 1542 775 1579 Ἀϐραὰμ,
801 1545 891 1579 φησὶν,

109 1584 161 1611 οὐκ
181 1585 209 1611 ἐν
228 1587 373 1622 περιτομῇ,
394 1587 461 1614 ἀλλὰ
478 1588 531 1624 πρὸ
550 1589 601 1623 τῆς
620 1590 769 1625 περιτομῆς
787 1590 895 1617 δικαιω-

109 1629 179 1662 θεὶς,
201 1632 395 1668 μετωνομάσθη
417 1633 466 1668 μὲν
481 1633 616 1669 Ἀϐραὰμ,
630 1635 670 1661 ὅτι
684 1636 775 1671 πατὴρ
790 1636 893 1663 πολλῶν

109 1675 197 1702 ὲθνῶν
220 1676 331 1711 ἔμελλεν
354 1676 440 1711 εἶναι,
465 1678 534 1704 κατά
555 1679 604 1714 τὴν
629 1680 658 1706 ὲν
677 1682 709 1716 τῇ
728 1681 894 1717 ἀκροϐυστίᾳ

110 1721 203 1748 πίστιν
214 1730 221 1736 ·
235 1721 313 1748 ἔλαϐε
322 1722 350 1748 δὲ
368 1723 437 1758 μετὰ
453 1722 483 1750 τὸ
500 1724 684 1760 δικαιωθῆναι,
700 1726 745 1753 καὶ
761 1726 810 1762 τὴν
823 1735 895 1762 περι-

108 1765 196 1801 τομὴν
212 1767 240 1793 ὲν
259 1767 290 1801 τῇ
310 1767 401 1802 σαρκὶ,
421 1768 464 1795 ἵνα
482 1769 592 1804 σημεῖον
643 1769 697 1800 τοῖς
718 1769 786 1796 κατὰ
806 1769 895 1805 σάρκα

108 1811 290 1850 γεννωμένοις
319 1811 348 1843 ἐξ
366 1812 448 1838 αὐτοῦ
476 1811 626 1839 παύσεσθαι
650 1813 709 1839 τότε
733 1813 892 1848 περιτομὴν,

108 1858 176 1884 ὅταν
202 1857 236 1884 τὰ
254 1857 317 1894 εθνη
345 1858 456 1894 γένηται
475 1859 556 1885 τέκνα
582 1859 628 1886 τοῦ
653 1859 796 1894 Ἀϐραὰμ,
811 1859 894 1895 ἀρξά-

110 1912 181 1940 μενα
201 1903 387 1931 πολιτεύεσθαι
410 1904 481 1932 κατά
498 1905 548 1941 τὴν
575 1904 665 1932 πίστιν
691 1905 738 1932 τοῦ
760 1905 892 1941 Ἀϐραὰμ,

108 1949 139 1974 ὲν
192 1948 348 1984 ἐδικαιώθη,
369 1950 413 1976 ὅτε
428 1948 462 1985 ἦν
480 1950 509 1977 ὲν
528 1950 702 1986 ἀκροϐυστίᾳ.
717 1950 824 1977 Τούτων
840 1951 894 1986 γὰρ

51 2000 58 2007 ’
108 1995 190 2031 χάριν
220 1996 266 2022 καὶ
295 1996 489 2031 μετωνομάσθη
518 1995 571 2023 ἀπὸ
605 1996 730 2032 Ἀϐρὰμ,
758 1997 892 2033 ’Λϐραάμ.

115 2041 237 2076 Ἀνάγκη
251 2041 291 2073 δὲ,
307 2041 436 2068 ἐλθόντων
456 2041 509 2067 τῶν
528 2042 745 2078 σημαινομένων,
760 2043 894 2070 παύεσθαι

108 2087 141 2113 τὸ
156 2089 296 2123 σημαῖνον.
315 2089 348 2114 ΕΞ
364 2088 413 2123 μὲν
427 2087 474 2115 οὖν
495 2089 528 2116 τὰ
540 2089 602 2125 ἔθνη
625 2089 807 2124 ἀναγκάζουσι
821 2098 895 2125 περι-

108 2133 265 2168 τέμνεσθαι,
289 2134 450 2162 παυέτωσαν
467 2136 512 2164 καὶ
534 2136 563 2162 τὸ
581 2136 665 2171 ὄνομα
690 2135 735 2162 τοῦ
759 2135 892 2171 Ἀϐραὰμ,

108 2179 158 2205 καὶ
178 2179 314 2206 καλείσθω
342 2180 466 2217 Ἀϐράμ·
494 2182 518 2208 εἰ
545 2181 572 2208 δὲ
599 2181 724 2218 Ἀϐραὰμ.
747 2181 822 2217 παρά
846 2181 892 2207 τοῦ

944 262 1038 292 niendi
1065 262 1098 290 ad
1121 269 1179 294 eos,
1199 264 1310 296 propter
1329 260 1503 293 desiderium,
1522 266 1577 294 quo
1597 266 1660 293 erga
1681 266 1728 286 eos

946 309 1058 337 aﬁ‘ectus
1072 312 1141 340 erat,
1155 308 1286 334 hactenus
1303 314 1370 334 vero
1386 313 1440 333 non
1460 305 1580 333 licuisse.
1597 304 1729 338 Deinceps

945 355 1063 382 docendi
1084 354 1165 382 modo
1179 353 1327 388 Epistolam
1344 351 1527 388 prosequitur,
1541 351 1574 378 de
1588 350 1730 378 vocatione

946 401 1066 436 gentium
1089 404 1117 428 et
1138 399 1212 435 quod
1237 398 1409 426 circumcisio
1429 405 1516 432 usque
1539 396 1572 424 ad
1592 396 1729 431 quoddam

944 451 1052 482 tempus
1069 446 1159 478 fuerit,
1172 446 1228 481 jam
1243 452 1308 473 vero
1320 444 1481 472 cessaverit.
1492 443 1569 476 Quod
1585 451 1633 478 per
1648 442 1727 470 Chri-

945 499 1016 520 stum
1032 493 1152 520 solutum
1169 492 1204 519 sit
1215 491 1345 518 delictum
1359 489 1424 517 Adae
1437 499 1443 517 :
1457 490 1530 525 quod
1547 490 1642 516 umbra
1660 489 1728 524 legis

944 538 1094 566 transierit.
1111 537 1290 564 Vocationem
1312 536 1403 570 itaque
1423 534 1544 570 gentium
1558 541 1729 569 consequen—

944 589 985 612 ter
1000 589 1076 611 recto
1090 584 1186 611 ordine
1202 582 1301 610 factam
1316 588 1378 608 esse
1395 581 1427 608 ad
1444 580 1516 607 hunc
1535 580 1646 607 modum
1666 587 1731 614 pro-

944 629 1005 662 bat,
1029 633 1175 664 postquam
1196 626 1317 654 ostendit
1332 625 1467 652 universis
1490 625 1646 652 hominibus
1666 624 1730 651 insi-

944 678 1000 702 tam
1014 682 1075 702 esse
1090 674 1186 709 legem,
1203 676 1232 700 et
1252 671 1365 706 quosvis
1389 671 1458 697 citra
1471 669 1622 697 doetrinam
1640 668 1729 704 (legis)

945 721 1062 748 naturali
1074 719 1177 755 judicio
1191 727 1225 746 ex
1238 720 1299 753 ipsa
1312 722 1405 745 rerum
1416 716 1572 744 conditione
1586 715 1670 742 Deum
1683 722 1731 742 co-

944 774 1075 802 gnoscere
1090 772 1180 801 posse.
1193 764 1365 798 Quapropter
1379 765 1407 790 et
1418 761 1517 789 merito
1531 764 1625 796 gentes
1639 759 1730 795 priore

944 813 1005 840 loco
1021 815 1144 844 accusat,
1158 810 1231 846 quod
1248 817 1310 836 cum
1321 808 1389 844 ipsis
1404 807 1587 843 cognitionem
1603 806 1645 834 sui
1658 805 1730 834 Deus

945 867 979 886 ex
993 858 1123 894 operibus
1139 857 1234 884 mundi
1249 854 1419 892 patefecerit,
1439 857 1466 881 et
1481 853 1563 880 simul
1584 852 1731 887 sempitern

944 913 1008 932 nam
1029 904 1178 940 potentiam
1195 910 1283 933 suam,
1300 908 1360 936 qua:
1381 899 1501 927 Verbum
1516 899 1603 933 ipsius
1628 901 1680 928 est,
1702 898 1731 924 in

944 958 999 986 quo
1014 954 1041 978 et
1062 957 1110 984 per
1123 948 1196 984 quod
1218 947 1310 975 omnia
1328 946 1402 978 fecit,
1427 945 1589 977 ostenderit,
1607 944 1659 979 ipsi
1675 951 1730 971 non

945 989 1130 1032 cognoverunt
1151 1002 1184 1021 ex
1203 991 1347 1024 creaturis,
1363 991 1447 1018 Deum
1465 999 1526 1019 esse
1539 990 1633 1017 talium
1651 990 1730 1024 opiﬁ-

945 1050 1019 1074 cem;
1034 1039 1082 1069 sed
1103 1043 1211 1070 contra,
1227 1037 1357 1072 operibus
1374 1036 1448 1063 illius
1460 1035 1629 1062 divinitatem
1648 1033 1731 1062 ascri-

944 1088 1050 1119 hentcs,
1074 1090 1215 1113 creaturas
1230 1083 1323 1119 potius
1339 1082 1499 1114 adorarunt,
1517 1088 1598 1116 quam
1614 1079 1730 1107 Creato-

944 1141 1012 1161 rem.
1034 1132 1153 1159 Accusat
1169 1134 1259 1157 autem
1276 1133 1303 1156 et
1315 1128 1436 1161 Iudaeos,
1457 1131 1487 1155 ut
1507 1127 1554 1162 qui
1566 1127 1653 1162 legem
1675 1133 1731 1153 non

944 1181 1095 1210 servarent,
1112 1177 1167 1204 imo
1181 1183 1230 1211 per
1243 1174 1490 1209 transgressionem
1503 1172 1570 1208 legis
1583 1171 1667 1199 Deum
1681 1179 1731 1206 po-

944 1226 999 1253 tius
1024 1224 1157 1252 dedecore
1172 1223 1318 1250 aﬁicerent.
1342 1221 1430 1256 Atque
1449 1220 1485 1247 ita
1501 1222 1647 1253 utramque
1667 1225 1732 1253 par-

943 1272 1010 1301 tem,
1027 1271 1081 1296 tam
1096 1267 1216 1298 Judaeos,
1233 1273 1314 1301 quam
1337 1268 1432 1300 gentes
1453 1265 1553 1299 arguit,
1571 1267 1597 1290 et
1613 1263 1665 1291 sub
1681 1263 1732 1290 ini-

944 1314 1048 1350 quitate
1061 1313 1292 1348 transgressionis
1309 1311 1459 1343 concludit,
1479 1314 1509 1337 ut
1521 1309 1647 1337 ostendat
1667 1316 1730 1336 om-

944 1370 994 1390 nes
1006 1368 1085 1396 pares
1101 1367 1162 1388 esse
1177 1359 1275 1389 factos,
1298 1362 1393 1393 utpote
1406 1365 1440 1384 ex
1452 1364 1531 1392 aequo
1544 1364 1616 1388 reos,
1631 1360 1659 1383 et
1677 1354 1731 1383 Re-

944 1406 1094 1442 demptoris
1110 1410 1230 1441 egentes.
1252 1404 1338 1430 Porro
1360 1401 1579 1438 quandoquidem
1596 1401 1684 1437 gratia
1703 1404 1731 1428 et

944 1453 1038 1481 missio
1063 1453 1201 1487 aequaliter
1222 1451 1335 1485 contigit
1357 1455 1384 1477 et
1405 1448 1507 1476 Iudaeis
1533 1452 1559 1475 et
1582 1447 1729 1482 gentibus,

943 1499 1003 1534 jure
1015 1507 1046 1526 ac
1065 1498 1161 1525 merito
1173 1497 1293 1532 gentium
1310 1495 1382 1522 facta
1397 1494 1505 1522 vocatio
1515 1498 1557 1521 est
1569 1503 1575 1520 :
1586 1492 1731 1520 vocatione

946 1552 1010 1572 vero
1025 1544 1144 1579 gentium
1161 1543 1243 1574 facta,
1266 1541 1422 1568 necessario
1439 1547 1564 1568 cessasse
1583 1537 1732 1566 circumci-

945 1590 1050 1618 sionem
1074 1593 1100 1616 et
1122 1588 1188 1623 legis
1214 1587 1348 1614 umbram.
1375 1586 1442 1613 Nam
1464 1585 1611 1617 Abraham,
1629 1584 1731 1619 inquit,

944 1644 999 1663 non
1015 1644 1042 1662 in
1059 1634 1279 1665 circumcisione,
1293 1633 1340 1660 sed
1356 1637 1418 1659 ante
1434 1631 1671 1659 circumcisionem
1685 1631 1732 1666 ju-

945 1681 1089 1712 stiﬁcatus,
1100 1683 1204 1707 mutato
1217 1679 1327 1706 nomine
1338 1678 1475 1705 Abraham
1491 1678 1581 1705 dictus
1595 1681 1647 1711 est,
1663 1684 1734 1713 quo-

944 1727 1018 1755 niam
1047 1726 1157 1754 futurus
1180 1729 1239 1752 erat
1260 1728 1337 1760 pater
1360 1725 1509 1752 multarum
1534 1723 1667 1759 gentium.
1691 1731 1734 1751 se-
1759 1755 1768 1767 \

944 1773 1064 1802 cundum
1077 1771 1167 1803 ﬁdem,
1183 1779 1244 1806 quin
1262 1776 1321 1798 erat
1339 1771 1365 1798 in
1379 1770 1522 1806 praeputio.
1539 1769 1732 1797 Circumcisio-

944 1827 1006 1846 nem
1026 1821 1126 1849 autem,
1144 1821 1289 1852 postquam
1303 1815 1471 1851 justiﬁeatus
1488 1818 1559 1847 erat,
1574 1814 1679 1849 accepit
1701 1814 1730 1842 in

945 1871 1038 1896 carne,
1056 1867 1088 1890 ut
1110 1863 1218 1898 signum
1239 1865 1311 1889 esset
1335 1861 1369 1888 iis
1384 1861 1431 1896 qui
1454 1868 1486 1892 ex
1503 1860 1563 1895 ipso
1580 1859 1732 1887 secundum

945 1918 1054 1938 carnem
1076 1908 1209 1936 nascituri
1225 1911 1314 1939 erant,
1334 1907 1407 1942 quod
1423 1907 1545 1934 dcsitura
1568 1909 1635 1934 tunc
1656 1910 1731 1933 esset

945 1955 1131 1987 circumcisio,
1160 1953 1272 1989 quando
1292 1957 1385 1988 gentes
1409 1953 1504 1980 ﬁerent
1526 1952 1574 1979 ﬁlii
1602 1951 1730 1985 Abrahae,

944 2002 1150 2036 inciperentque
1166 2001 1257 2028 vivere
1279 1999 1430 2027 secundum
1453 1998 1533 2026 ﬁdem
1550 1997 1677 2030 Abrahw,
1701 1997 1730 2024 in

944 2055 998 2082 qua
1013 2047 1068 2080 ille,
1083 2055 1146 2074 cum
1161 2046 1251 2073 adhuc
1267 2050 1339 2074 esset
1355 2046 1381 2072 in
1398 2045 1543 2080 praeputio,
1561 2043 1730 2079 justiﬁcatus

944 2096 995 2120 est.
1018 2092 1125 2120 Etenim
1142 2092 1239 2118 horum
1266 2091 1354 2126 gratia
1375 2098 1437 2117 cum
1453 2094 1532 2117 antea
1554 2089 1644 2117 dictus
1658 2092 1730 2116 esset

944 2139 1056 2170 Abram,
1072 2143 1186 2165 vocatus
1198 2141 1239 2164 est
1253 2137 1403 2164 Abraham.
1423 2136 1488 2162 Erat
1499 2142 1589 2162 autem
1603 2141 1730 2162 necessa-

943 2184 1014 2211 rium
1035 2186 1075 2216 ut,
1098 2183 1273 2211 venientibus
1297 2182 1380 2209 rebus
1397 2181 1568 2217 signiﬁcatis,
1592 2179 1729 2207 desineret

108 2225 176 2252 Θεοῦ
197 2226 405 2263 μετωνομάσθη,
425 2227 455 2253 οὑ
475 2227 515 2253 δεῖ
534 2227 741 2263 περιτέμνεσθαι
760 2227 794 2254 τὰ
813 2227 890 2263 ἔθνη·

945 2230 1063 2264 signum.
1082 2229 1254 2264 Quapropter
1275 2228 1298 2255 si
1316 2228 1363 2263 qui
1378 2231 1481 2262 cogunt
1500 2229 1595 2261 gentes
1610 2225 1730 2253 circum-

108 2270 166 2298 ἀλλ’
192 2271 252 2298 οὐδὲ
270 2273 368 2304 αὐτοὺς
395 2273 434 2299 ἔτι
454 2273 516 2303 τοὺς
542 2272 612 2299 κατὰ
631 2273 719 2308 σάρκα
738 2272 890 2305 Ἰουδαίους,

108 2316 153 2343 ἵνα
206 2317 236 2343 τὸ
254 2317 338 2352 ὄνομα
358 2318 475 2353 βέϐαιον,
497 2318 545 2345 καὶ
563 2318 652 2354 πατὴρ
675 2318 779 2344 πολλῶν
808 2318 891 2345 ἐθνῶν

107 2362 233 2397 καλῆται.
251 2363 308 2390 Καὶ
325 2363 380 2399 γὰρ
399 2364 428 2390 οὒ
448 2363 542 2399 χρείαν
561 2363 617 2398 ἔχει
640 2363 731 2390 λοιπόν
748 2372 789 2396 τις
816 2372 892 2399 περι-

104 2408 263 2443 τέμνεσθαι,
280 2409 447 2445 ἀρκούμενος
463 2411 495 2444 τῇ
515 2409 602 2436 πίστει
616 2409 661 2436 τοῦ
680 2409 804 2445 Ἀϐραάμ
815 2418 821 2424 ⁸
835 2409 891 2436 ἀλλ’

105 2454 168 2480 οὐδὲ
182 2455 232 2490 τῆς
254 2454 337 2490 ἄλλης
357 2454 407 2489 τῆς
422 2455 450 2481 ὲν
473 2454 511 2490 τῷ
533 2454 607 2490 νόμῳ
627 2455 716 2486 σκιᾶς.
733 2454 769 2481 Οὐ
792 2454 846 2490 γάρ
860 2455 892 2480 ὲκ

104 2501 210 2528 τούτων
224 2520 231 2533 ,
251 2500 308 2527 ἀλλ’
331 2501 364 2527 ὲκ
380 2500 498 2532 πίστεως
521 2500 670 2527 δικαιοῦταί
695 2509 751 2533 τις,
768 2500 892 2536 καθάπερ

104 2549 153 2574 καὶ
185 2546 320 2583 Ἁϐραάμ.
347 2546 439 2573 Ταῦτα
461 2546 547 2578 οὕτως
573 2547 795 2580 κατασκευάσας,
822 2547 892 2573 ἀπο-

103 2593 225 2620 δείκνυσι
246 2593 344 2626 πάλιν,
361 2593 402 2619 δτι
422 2592 508 2624 ἄλλως
529 2593 579 2619 οὐκ
594 2593 626 2620 ἂν
643 2593 746 2627 γένοιτο
760 2593 892 2628 λύτρωσις

105 2640 153 2666 καὶ
168 2639 248 2675 χάρις
263 2638 301 2674 τῷ
314 2638 423 2674 Ἰσραὴλ
442 2639 488 2665 καὶ
501 2640 556 2670 τοῖς
570 2638 683 2670 ἔθνεσιν,
698 2640 722 2665 εί
741 2639 778 2674 μὴ
791 2638 857 2674 λυθῇ
875 2640 891 2674 ἡ

103 2685 207 2720 ἀρχαία
222 2684 354 2719 ἁμαρτία,
371 2685 387 2720 ὴ
403 2683 447 2710 διὰ
463 2684 510 2710 τοῦ
531 2683 616 2719 Ἀδὰμ
631 2685 671 2716 εἰς
687 2684 808 2716 ἅπαντας
820 2693 893 2718 γενο-

107 2729 187 2764 μένη.
202 2729 241 2755 Δι’
266 2728 346 2755 ἄλλου
363 2728 392 2755 δὲ
411 2729 513 2764 ταύτην
529 2729 565 2764 μὴ
592 2729 720 2756 δύνασθαι
734 2728 892 2765 ὲξαλιφῆναί

107 2783 202 2817 φησιν,
220 2773 236 2809 ἦ
252 2773 295 2801 διὰ
307 2774 354 2801 τοῦ
368 2773 444 2806 Υἰοῦ,
457 2775 490 2801 δι’
505 2772 534 2801 οὗ
552 2775 598 2802 καὶ
611 2774 639 2808 ἐξ
654 2776 742 2812 ἀρχῆς
756 2777 772 2812 ὴ
785 2777 892 2812 κατάρα

105 2822 227 2856 γέγονεν.
243 2823 280 2848 Οὐ
304 2821 358 2857 γάρ
376 2822 488 2849 δυνατὸν
508 2821 541 2858 ἦν
560 2822 637 2850 ἄλλον
657 2823 736 2850 λῦε-α.
758 2832 788 2850 το
804 2825 892 2860 παρά-

105 2875 217 2903 πτωμα.
230 2865 296 2895 Εἶτα
309 2868 426 2904 γράφει,
441 2869 482 2896 ὃτι
498 2869 584 2902 ἄλλως
601 2868 678 2898 τοῦτο
700 2870 730 2898 ου
757 2870 794 2906 μὴ
813 2870 892 2907 γένη-

943 2275 1007 2309 cidi,
1024 2276 1104 2303 iidem
1125 2275 1223 2302 tollant
1247 2278 1275 2301 et
1290 2281 1391 2301 nomen
1418 2272 1567 2305 Abraham,
1588 2274 1616 2298 et
1631 2274 1730 2298 vocent

942 2330 1004 2349 eum
1024 2321 1136 2348 Abram.
1153 2319 1182 2347 Si
1195 2327 1262 2347 vero
1283 2319 1422 2346 Abraham
1442 2321 1556 2345 vocatus
1571 2320 1613 2344 est
1630 2323 1645 2342 a
1662 2315 1728 2350 Deo,

942 2375 997 2395 non
1017 2371 1124 2402 oportet
1138 2370 1233 2401 gentes
1252 2365 1414 2392 circumcidi
1431 2374 1436 2391 :
1451 2365 1506 2391 imo
1521 2371 1555 2390 ne
1571 2362 1656 2390 Judtei
1671 2362 1730 2397 qui-

942 2414 1002 2442 dem
1015 2413 1166 2441 secundum
1179 2420 1289 2440 carnem
1302 2412 1419 2446 amplius
1429 2408 1641 2438 circumcidendi
1652 2413 1725 2441 sunt,

942 2464 972 2488 ut
995 2461 1101 2487 lirmum
1128 2459 1165 2488 sit
1181 2467 1282 2486 nomen
1308 2457 1445 2494 (Abrahm)
1469 2460 1637 2491 voceturque
1651 2460 1729 2491 pater

942 2506 1089 2533 multarum
1106 2505 1240 2540 gentium.
1266 2504 1338 2532 Nulli
1361 2505 1434 2531 enim
1452 2503 1568 2538 posthac
1583 2510 1653 2538 opus
1674 2506 1726 2533 est,

942 2556 972 2578 ut
984 2552 1210 2584 circumcidatur,
1232 2559 1294 2579 eum
1313 2550 1431 2578 sufﬁciat
1452 2550 1520 2578 ﬁdes
1533 2549 1666 2577 Abrahze:
1678 2556 1727 2576 nec

942 2605 1011 2632 opus
1034 2601 1076 2625 est
1102 2598 1157 2624 ulla
1180 2597 1248 2632 legis
1262 2597 1370 2624 umbra.
1391 2595 1451 2623 Non
1477 2595 1549 2623 enim
1563 2595 1727 2631 justiﬁeatur

942 2643 1084 2678 quisquam
1099 2651 1132 2670 ex
1146 2642 1258 2675 talibus,
1284 2641 1331 2669 sed
1360 2649 1393 2669 ex
1412 2641 1473 2674 ﬁde,
1497 2641 1725 2676 quemadmodum

942 2696 969 2715 et
982 2688 1130 2716 Abraham.
1151 2688 1299 2723 Postquam
1316 2688 1368 2716 ista
1394 2688 1428 2715 ad
1444 2688 1518 2714 hunc
1532 2687 1643 2714 modum
1660 2693 1725 2721 pro—

942 2735 1027 2767 bavit,
1044 2735 1142 2762 iterum
1159 2735 1291 2767 ostendit,
1316 2734 1388 2770 quod
1412 2742 1462 2762 nec
1478 2734 1581 2765 lsraeli,
1601 2740 1651 2760 nec
1664 2741 1728 2768 gen~

942 2781 1016 2809 tibus
1029 2782 1082 2808 alia
1099 2782 1186 2817 possit
1205 2782 1310 2809 ratione
1327 2781 1477 2816 redemptio
1494 2785 1521 2808 et
1531 2781 1618 2816 gratia
1633 2780 1725 2808 obtin-

942 2834 1016 2861 gere,
1032 2826 1084 2854 nisi
1097 2830 1232 2854 vetustum
1244 2826 1310 2854 illud
1327 2830 1479 2862 peccatum,
1494 2826 1566 2861 quod
1581 2834 1628 2861 per
1639 2825 1724 2853 Adam

944 2872 972 2900 in
987 2879 1082 2901 omnes
1109 2873 1237 2902 mortales
1252 2873 1384 2908 pervenit,
1407 2872 1538 2902 solvatur.
1562 2871 1650 2900 Deleri
1676 2878 1727 2898 aus
