1929 3056
199 167 253 195 (15

200 227 254 251 tem
272 230 320 258 per
334 222 416 249 alium
432 228 486 248 non
503 229 594 256 posse,
613 221 667 249 nisi
681 229 728 256 per
741 221 840 248 Filium
855 221 913 253 Dei,
933 229 982 256 per
996 224 1020 252 Α

200 277 280 304 quem
295 273 322 295 et
335 267 368 294 ab
381 267 459 294 initio
471 267 626 294 maledictio
646 266 717 293 facta
736 268 782 294 sit.
804 267 895 302 Neque
908 268 981 294 enim

200 314 332 349 possibile
360 318 433 345 erat,
459 317 490 339 ut
517 313 588 340 alius
618 312 747 340 delictum
774 313 826 340 hoc
856 313 982 340 solveret.

200 359 302 387 Deinde
315 359 421 390 scribit,
436 359 508 394 quod
523 359 598 385 nullo
610 359 664 385 alio
678 363 757 394 pacto
773 359 799 386 id
812 358 869 386 iieri
885 358 984 393 potuit,

199 414 280 441 quam
297 410 326 433 ut
338 413 452 440 corpore
469 410 611 440 assumpto
627 405 713 433 Filius
727 405 774 432 Dei
791 405 865 431 lieret
881 404 962 431 homo
977 413 984 430 :

198 457 228 479 ut
243 459 343 486 corpus
369 452 432 483 hoc,
458 452 582 486 inquam,
610 452 681 487 quod
703 450 878 486 passionibus
904 449 984 477 nobis

199 499 288 526 simile
315 503 398 531 esset,
427 505 477 534 pro
500 499 628 526 omnibus
653 498 774 529 oﬂ‘erret,
803 501 830 525 et
851 505 947 524 onmes
969 504 985 524 a

197 548 286 572 morte
307 544 450 572 liberaret.
470 547 496 572 et
509 544 738 579 quemadmodum
763 550 812 578 per
828 551 912 570 unum
936 542 986 568 ho-

197 591 298 617 minem
313 595 456 625 peccatum
472 591 500 617 in
514 590 646 617 mundum
665 590 819 625 ingressum
834 593 886 620 est,
903 589 940 615 ita
958 591 985 614 et

197 643 246 670 per
261 644 345 663 unum
363 636 501 663 hominem
520 637 553 664 ad
568 644 663 665 omnes
679 637 808 664 mortales
826 636 906 672 148
922 642 986 670 gra-

197 681 235 708 tia
248 681 412 715 perveniret.
429 680 562 716 Deinceps
576 689 653 714 vero,
667 685 797 716 tanquam
814 682 901 708 bonus
913 687 983 707 (Beo-

197 733 306 756 nomus,
318 724 426 753 Iudaeos
440 726 608 758 consolatur,
622 727 695 761 quod
713 727 780 762 legis
795 731 984 761 transgresso-

197 778 242 798 res
263 770 349 798 futuri
374 779 429 799 non
453 772 518 805 sint,
545 773 568 800 si
586 773 614 800 in
636 773 777 800 Christum
801 771 982 799 eredant:iis

197 823 272 847 vero,
293 817 339 851 qui
358 824 391 843 ex
407 817 532 851 gentibus
543 817 728 850 crediderant,
750 817 843 848 edicit,
869 824 903 844 ne
919 824 984 844 con-

780 164 810 194 S.
829 163 1060 192 ATHANASIUS.
1077 180 1111 184 —
1131 163 1243 193 DUBIA.

1773 163 1837 190 “6

1033 230 1088 252 ται,
1103 222 1127 247 εί
1146 221 1182 256 μὴ
1196 220 1371 254 σωματωΘεὶς
1390 222 1403 247 ὁ
1417 221 1480 253 Υἱὸς
1496 220 1542 248 τοῦ
1559 220 1626 248 Θεοῦ
1643 221 1754 256 γένηται
1782 223 1838 249 ἄν-

1033 267 1152 302 θρωπος,
1170 267 1229 298 ἵνα,
1247 266 1340 298 τοῦτο,
1356 268 1428 303 φημὶ
1448 268 1497 303 δὴ,
1514 268 1545 294 τὸ
1570 267 1732 302 ὁμοιοπαθὲς
1757 269 1836 303 ἡμῖν

1035 313 1114 348 σῶμα
1128 314 1312 348 προσενέγκας
1325 313 1395 348 ὑπὲρ
1412 313 1531 346 πάντων,
1548 314 1612 344 τοὺς
1631 313 1735 345 πάντας
1749 314 1837 340 ἔλευ-

1036 358 1142 394 Θερώσῃ
1160 358 1213 385 ἀπὸ
1228 357 1273 384 τοῦ
1287 358 1415 390 Θανάτου,
1432 358 1478 384 καὶ
1493 357 1588 394 ὥσπερ
1602 358 1637 388 δι’,
1653 358 1712 390 ἑνὸς
1725 358 1836 394 ἀνθρώ-

1034 413 1086 430 που
1103 405 1119 439 ἡ
1136 404 1255 440 ἁμαρτία
1275 404 1314 435 εἰς
1341 403 1441 439 κόσμον
1462 403 1596 438 εἰσῆλθεν,
1617 402 1703 435 οὕτως
1727 404 1776 430 καὶ
1795 404 1834 430 δι’

1036 449 1094 481 ἑνὸς
1107 448 1250 483 ἀνθρώπου
1266 449 1305 480 εἰς
1319 449 1422 480 πάντας
1439 449 1599 484 ἀνθρώπους
1651 450 1729 485 χάρις
1743 449 1833 484 γένη-

1035 503 1089 522 ται.
1111 494 1165 520 Καὶ
1179 493 1281 526 λοιπὸν,
1296 494 1333 526 ὼς
1353 494 1433 525 καλὸς
1450 495 1590 529 οἰκονόμος
1600 515 1607 526 ,
1621 495 1682 526 τοὺς
1699 495 1748 530 μὲν
1761 495 1835 521 ’1ου-

1035 541 1126 572 δαίους
1141 539 1354 576 παραμυθεῖται,
1375 540 1415 566 ὅτι
1430 541 1466 567 Οὐ
1482 540 1637 575 παραϐάται
1652 541 1759 574 γίνεσθε
1779 541 1833 567 τοῦ

1036 586 1129 621 νόμου,
1143 585 1190 612 ἐὰν
1204 586 1244 616 εἰς
1260 585 1304 611 τὸν
1325 585 1441 620 Χριστὸν
1464 585 1642 620 πιστεύσητε’
1661 587 1715 617 τοῖς
1727 585 1755 611 δὲ
1773 585 1834 612 ἀπὸ

1037 632 1090 658 τῶν
1100 631 1185 658 ἐθνῶν
1197 632 1339 666 παρεγγυᾷ
1352 631 1388 666 μὴ
1401 631 1561 666 ἐπαίρεσθαι
1570 631 1640 658 κατὰ
1649 631 1696 658 τοῦ
1706 631 1831 667 Ἰσραὴλ,

1033 678 1101 705 ἀλλὰ
1119 676 1273 712 γινώσκειν,
1287 678 1339 708 ὅτι,
1358 677 1395 708 ὡς
1410 677 1501 704 κλάδοι
1515 678 1560 704 ἐπὶ
1571 678 1620 712 τὴν
1634 677 1720 712 ῥίζαν,
1738 677 1832 710 οὕτως

1033 725 1076 751 ἐπ’
1096 724 1214 755 ἐκείνους
1240 722 1493 758 ἐνεκεντρίσθησαν,
1513 723 1591 750 Μετὰ
1608 723 1636 750 δὲ
1654 723 1739 749 ταῦτα
1756 732 1833 759 παρ-

1034 771 1184 801 αινετικοὺς
1211 769 1304 804 λόγους
1324 770 1362 800 είς
1379 769 1420 803 fuit
1439 769 1491 805 ἤθη
1511 769 1631 802 διδάξας,
1658 769 1756 796 τελειοί
1777 770 1831 805 τὴν

1044 817 1212 851 Ἐπιστολὴν.

197 867 240 890 tra
255 863 381 891 lsraelem
393 864 544 899 erigantur,
557 864 605 891 sed
632 869 784 899 agnoscant
816 873 856 899 se,
890 865 974 892 veluti
1007 871 1100 891 ramos
1126 863 1223 893 radici.
1259 863 1296 889 ita
1324 861 1426 890 Judaeis
1454 866 1582 890 insertos.
1609 862 1657 891 His
1680 863 1828 894 absolutis,

198 909 368 937 bortatorios
384 917 526 938 sermones
539 918 589 945 pro
605 912 731 938 moribus
747 912 924 940 instituendis
939 911 1033 943 tradit,

408 954 540 986 Secunda,
559 955 594 981 ad
610 955 773 982 Corinthios.
916 986 921 991 _

232 999 277 1028 60.
298 999 374 1027 Hanc
390 1000 423 1027 ad
444 1001 602 1029 Corinthios
620 1002 732 1037 scripsit
747 1003 806 1037 ipse
821 1002 932 1035 Paulus,
950 1011 984 1030 ex

197 1045 305 1081 Epheso
320 1047 403 1079 Asiae,
416 1047 526 1074 tametsi
544 1055 591 1074 eos
607 1047 663 1082 jam
680 1047 785 1074 viderat
800 1054 826 1076 et
840 1049 982 1081 docuerat,

197 1097 228 1121 ut
245 1093 423 1121 nihilominus
438 1101 485 1121 eos
502 1095 671 1122 admoneret.
685 1094 801 1122 Occasio
816 1099 905 1122 autem
922 1095 986 1131 Epi-

198 1139 274 1166 stolae
285 1139 342 1166 haec
353 1143 414 1167 est:
430 1139 575 1171 Corinthii,
593 1147 640 1175 per
656 1141 858 1168 contentionem
871 1148 986 1176 congre-

199 1185 267 1220 gati,
290 1185 434 1212 sententiis
458 1185 530 1212 inter
556 1194 585 1213 se
609 1186 789 1218 dissidebant,
818 1191 845 1214 ct
870 1187 987 1222 denique

199 1235 278 1258 erant
290 1231 361 1258 inter
379 1238 427 1258 eos
446 1231 606 1264 schismata,
630 1241 746 1267 quorum
763 1233 829 1260 vitio
853 1233 942 1265 ﬁebat,
958 1237 988 1260 ut

199 1276 366 1312 negligerent
384 1285 456 1309 eum,
482 1278 529 1312 qui
553 1286 698 1305 novercam
723 1286 799 1306 suam
825 1279 851 1305 in
874 1286 987 1306 uxorem

198 1322 250 1350 sibi
272 1327 436 1358 sumpserat.
459 1323 512 1350 Alii
527 1324 656 1351 volebant
685 1332 784 1352 uxores
804 1332 879 1357 suas,
900 1324 987 1351 conti-

199 1367 299 1394 nentia:
315 1367 440 1399 obtentu,
453 1368 618 1404 relinquere.
630 1369 745 1401 Quidam
763 1369 790 1396 in
808 1370 915 1404 templis
928 1369 987 1396 ido-

198 1413 286 1440 lorum
297 1412 424 1446 edebant,
436 1413 514 1448 quasi
523 1414 706 1441 indiﬂ'erentia
721 1419 813 1442 essent
825 1415 984 1450 idolothyta.

199 1458 283 1485 Erant
307 1458 354 1494 qui
379 1459 500 1494 reliquos
525 1465 743 1492 contemnerent,
769 1468 816 1488 eos
840 1468 913 1493 vero,
939 1460 986 1494 qui

197 1504 299 1538 linguis
323 1504 520 1540 loquebantur,
544 1505 726 1539 suspicerent.
749 1505 892 1533 Postremo
916 1507 987 1533 etin

198 1551 332 1586 mysterio
347 1551 559 1578 resurrectionis
581 1552 693 1586 quidam
714 1552 819 1579 seducti
843 1557 932 1583 erant,
949 1553 986 1579 ita

198 1599 228 1623 ut
242 1596 374 1628 dicerent,
394 1596 516 1624 futurum
537 1605 592 1624 non
608 1605 678 1630 esse,
695 1601 724 1624 ut
741 1598 798 1624 hiec
813 1602 907 1625 nostra
922 1605 987 1624 caro

198 1646 334 1677 resurgat.
359 1642 426 1669 Cum
454 1642 512 1669 haec
534 1642 626 1669 omnia
650 1643 775 1670 Corinthi
799 1647 984 1676 moverentur,
1000 1633 1020 1662 (ἶ

198 1688 325 1715 scribunt
341 1688 434 1723 populi
449 1689 592 1723 Apostolo,
611 1689 658 1723 qui
674 1693 701 1715 et
719 1689 752 1715 ad
776 1690 868 1716 omnia
888 1690 986 1716 rescri-

163 1757 169 1766 ,
197 1733 248 1761 bit.
263 1734 296 1761 Et
307 1733 423 1768 primum
440 1734 561 1769 quidem,
587 1734 775 1761 testimonium
792 1735 846 1762 illis
861 1735 907 1761 dat
919 1743 985 1769 pru-

198 1778 297 1806 dentiae
308 1784 334 1806 et
350 1779 478 1812 scientiae,
495 1787 549 1806 non
568 1785 657 1806 autem
671 1780 763 1806 laudat
775 1788 821 1807 eos
837 1781 985 1808 schismata

198 1824 340 1857 facientes,
364 1825 412 1852 sed
433 1826 540 1858 suadet,
563 1830 592 1852 ut
614 1826 739 1853 virtutem
760 1831 853 1860 putent
882 1835 936 1853 non
958 1827 985 1854 in

198 1878 324 1898 sermone
341 1878 412 1902 esse,
440 1871 488 1898 sed
504 1871 532 1898 in
558 1879 641 1906 opere
665 1875 692 1898 et
715 1875 858 1906 potestate.
885 1871 985 1899 Deinde

198 1920 342 1951 postquam
365 1916 501 1951 increpuit
525 1925 599 1948 eum,
624 1918 671 1952 qui
688 1925 834 1945 novercam
852 1917 984 1950 duxisset,

198 1961 413 1997 adhortatusque
439 1970 474 1990 ne
495 1963 590 1991 litibus
616 1964 687 1991 inter
715 1971 745 1991 se
772 1965 981 1996 contenderent,

198 2007 328 2042 deinceps
349 2007 382 2035 ad
401 2016 433 2036 ea
455 2009 612 2044 respondet,
633 2009 666 2037 de
690 2010 790 2044 quibus
807 2011 845 2037 illi
869 2011 985 2046 scripse-

198 2057 270 2081 rant.
287 2053 325 2081 De
337 2054 439 2089 nuptiis
454 2054 544 2088 docet,
563 2055 711 2083 infractum
728 2064 789 2084 esse
805 2057 904 2084 debere
918 2064 984 2084 con-

196 2100 312 2135 iugium,
331 2104 357 2127 et
374 2108 484 2135 precum
498 2102 584 2136 gratia
601 2102 634 2128 ad
651 2107 759 2137 tempus
776 2103 810 2129 ab
828 2103 874 2130 illo
889 2104 982 2130 vacari

197 2153 289 2181 posse.
309 2146 443 2179 Quoniam
460 2155 525 2174 vero
552 2148 750 2175 continentiam
773 2148 932 2184 diligebant,
951 2149 984 2176 de

197 2193 354 2227 virginitate
377 2192 484 2223 scribit,
502 2193 575 2228 quod
601 2194 758 2221 necessaria
783 2202 838 2221 non
866 2195 911 2226 sit,
936 2195 983 2223 sed

198 2239 332 2274 Cujusque
346 2239 459 2267 arbitrio
474 2239 664 2274 permittenda.
680 2240 778 2268 Subdit
792 2241 825 2268 de
848 2241 983 2276 idolothy-

198 2285 244 2317 tis,
262 2294 296 2313 ne
312 2285 460 2313 abutantur
473 2285 598 2318 scientia,
615 2286 663 2314 sed
683 2292 880 2315 conversentur
899 2288 925 2314 in
941 2287 983 2314 di-
999 2302 1020 2329 υ

198 2331 324 2358 lectione.
343 2330 474 2359 Prohibet
489 2331 572 2366 igitur
593 2332 728 2364 convivia,
749 2341 808 2368 quze
824 2333 852 2360 in
874 2333 983 2368 templis

198 2374 334 2402 idolorum
369 2375 486 2408 ﬁerent,
527 2384 562 2404 ne
592 2377 685 2411 pusilli
719 2377 983 2405 scandalizarentur.

198 2418 296 2447 Postea
311 2420 345 2448 de
362 2420 441 2448 donis
455 2420 645 2456 spiritualibus
663 2422 769 2455 scribit,
783 2431 818 2450 ne
833 2423 984 2451 charisma.

198 2470 254 2493 tum
271 2467 357 2501 gratia
371 2466 520 2495 discrimen
535 2468 604 2495 inter
619 2475 648 2495 se
659 2471 792 2500 statuant,
808 2476 876 2496 neve
888 2469 984 2504 praafe-

197 2516 261 2538 rant
279 2520 352 2544 eum,
368 2513 414 2547 qui
430 2513 568 2541 charisma
581 2514 691 2549 aliquod
703 2514 795 2546 habet,
812 2514 848 2546 ei,
866 2514 913 2550 qui
930 2515 983 2542 alio

198 2557 317 2585 donatus
339 2562 400 2586 est:
416 2566 479 2586 nam
505 2559 598 2587 omnia
621 2561 745 2594 ejusdem
771 2568 833 2589 esse
863 2560 981 2596 Spiritus

198 2603 275 2631 dicit.
293 2603 395 2632 Deinde
412 2611 438 2632 et
448 2605 482 2632 de
497 2607 700 2635 resurrectione
713 2607 802 2639 docet,
822 2608 894 2645 quod
909 2609 983 2636 scili—

198 2653 241 2678 cet
255 2658 320 2678 caro
336 2655 524 2678 resnrrcctura
546 2653 592 2683 sit,
619 2657 727 2680 mortua
754 2654 863 2689 quidem
885 2663 982 2683 corru-

198 2696 312 2730 ptibilis,
326 2697 468 2724 excitanda
492 2705 556 2725 vero
579 2699 737 2734 incorrupta
753 2701 902 2728 secundum
920 2709 983 2736 gra—

198 2741 264 2770 tiam
285 2742 398 2769 Christi.
422 2742 660 2771 Rcsurrectionem
680 2753 746 2772 vero
759 2753 791 2772 ex
817 2753 850 2773 eo
873 2746 981 2778 astruit,

199 2787 273 2822 quod
287 2787 413 2816 Christus
439 2789 575 2817 excitatus
589 2794 641 2818 est.
656 2790 685 2818 In
707 2791 782 2818 calce
804 2791 929 2818 hortatur
948 2792 982 2819 de

199 2833 322 2861 moribus
344 2835 530 2863 instituendis.
548 2840 574 2864 et
595 2837 629 2864 de
647 2837 761 2865 collecta
773 2838 806 2864 ad
829 2838 980 2865 subsidium

999 959 1021 986 Β

1050 914 1132 945 atque
1150 909 1186 936 ita
1201 909 1351 944 Epistulam
1366 910 1433 936 linit.

1212 955 1339 988 Δευτέρα
1351 976 1357 986 ,
1377 955 1451 988 πρὸς
1464 954 1649 988 Κορινθίους.

1072 1001 1115 1028 60.
1134 1001 1240 1035 Ταύτην
1263 1000 1414 1027 ἐπιστέλλει
1431 1001 1445 1026 ὀ
1465 1000 1545 1031 αὐτὸς
1562 999 1667 1031 Παῦλος
1682 999 1749 1035 πρὸς
1772 1001 1831 1026 Κο-

1038 1047 1153 1082 ρινθίους
1168 1047 1221 1073 ἀπὸ
1244 1047 1356 1081 Ἐφέσου
1376 1046 1425 1081 τῆς
1449 1045 1551 1077 Ἀσίας,
1568 1045 1698 1081 ἑωρακὼς
1716 1046 1763 1080 μὲν
1778 1046 1831 1072 αὑ-

1036 1092 1097 1122 τοὺς
1111 1091 1160 1126 ἤδη
1176 1091 1222 1117 καὶ
1232 1091 1350 1124 διδάξας,
1365 1091 1580 1126 ὑπομιμνήσκων
1593 1090 1621 1117 δὲ
1635 1091 1709 1126 ὅμως
1720 1090 1764 1117 διὰ
1775 1092 1828 1126 τῆς

1042 1137 1199 1172 Ἐπιστολῆς
1220 1138 1332 1173 ταύτης.
1348 1138 1380 1164 Ἠ
1397 1138 1425 1164 δὲ
1441 1138 1577 1173 πρόφασις
1601 1137 1650 1173 τῆς
1665 1137 1828 1172 Ἐπιστολῆς

1036 1182 1104 1218 αὕτη
1119 1190 1126 1198 ’
1142 1182 1298 1218 Κορίνθιοι,
1314 1184 1346 1209 ὲκ
1365 1183 1531 1217 φιλονεικίας
1545 1183 1734 1218 συναγόμενοι,
1750 1183 1827 1218 ὲσχί-

1035 1229 1112 1261 ζοντο
1126 1229 1185 1260 ταῖς
1210 1228 1344 1263 γνώμαις,
1361 1228 1409 1255 καὶ
1434 1228 1528 1255 λοιπον
1550 1225 1585 1263 ἧν
1607 1228 1636 1254 ὲν
1656 1227 1747 1258 αὐτοῖς
1769 1227 1821 1262 σχί-

1037 1283 1135 1310 σματα·
1153 1275 1199 1301 καὶ
1214 1274 1297 1301 ὅντων
1313 1274 1479 1309 σχισμάτων,
1498 1273 1699 1309 παρεϐλὲποντο
1712 1273 1757 1300 τὸν
1778 1272 1823 1300 λα-

1036 1321 1116 1346 ὄὸντα
1138 1321 1187 1355 τὴν
1212 1320 1345 1355 μητρυιὰν
1366 1321 1405 1352 είς
1427 1321 1554 1354 γυναῖκα.
1573 1319 1665 1346 Ἀλλοι
1681 1320 1709 1346 δὲ
1730 1320 1826 1355 ἤθελον

1036 1366 1251 1401 καταλιμπάνειν
1277 1366 1325 1396 τὰς
1348 1367 1480 1400 γυναῖκας
1500 1365 1634 1402 προφάσει
1657 1365 1706 1400 τῆς
1727 1365 1816 1400 ὲγκρα

1036 1413 1120 1444 τείας.
1131 1413 1209 1444 Τινὲς
1220 1412 1248 1438 δὲ
1262 1413 1307 1439 καὶ
1323 1414 1352 1439 ὲν
1365 1413 1508 1443 εἰδωλείοις
1518 1411 1611 1447 ἢσθιον
1623 1411 1661 1443 ὡς
1672 1411 1825 1447 ἀδιαφόρων

1037 1459 1121 1484 δντων
1138 1458 1192 1485 τῶν
1213 1458 1403 1485 εἰδωλοθύτων.
1425 1458 1516 1485 Ἀλλοι
1539 1458 1567 1485 δὲ
1582 1459 1645 1490 τοὺς
1663 1459 1711 1494 μὲν
1728 1458 1824 1490 ἄλλους

1037 1505 1204 1537 ὲξουθένουν,
1221 1505 1283 1536 τοὺς
1296 1505 1322 1531 δὲ
1343 1505 1488 1537 λαλοῦντας
1504 1505 1642 1539 γλώσσαις
1658 1505 1823 1540 ἐθαύμαζον,

1037 1551 1092 1576 Καὶ
1104 1550 1178 1582 τέλος
1191 1550 1332 1585 ὴπάτηντο
1345 1551 1391 1577 καὶ
1406 1552 1446 1583 είς
1460 1551 1490 1577 τὸ
1510 1551 1573 1585 περὶ⁴
1587 1551 1760 1582 ἀναστάσεως
1775 1561 1826 1586 μυ-

1041 1596 1158 1632 στήριον,
1177 1596 1300 1630 λέγοντες
1319 1597 1355 1632 μὴ
1374 1596 1528 1632 ἐγείρεσθαι
1543 1597 1592 1632 τὴν
1609 1598 1698 1633 σάρκα
1710 1597 1823 1634 ταύτην.

1038 1642 1145 1669 Τούτων
1161 1643 1268 1670 πάντων
1288 1644 1316 1669 ὲν
1338 1643 1463 1678 Κορίνθῳ
1476 1643 1641 1678 κινουμένων
1651 1663 1659 1675 ,
1675 1643 1825 1678 γράφουσιν

1037 1689 1060 1714 οἱ
1075 1688 1133 1715 λαοὶ
1149 1688 1187 1723 τῷ
1205 1689 1367 1724 Ἀποστόλῳ,
1387 1689 1433 1716 καὶ
1452 1689 1544 1716 λοιπὸν
1560 1689 1628 1725 πρὸς
1645 1689 1732 1716 πάντα
1748 1691 1824 1717 ἀντι-

1036 1735 1145 1769 γράᾳει.
1160 1735 1212 1761 Καὶ
1232 1735 1338 1771 πρῶτον
1358 1735 1406 1769 μὲν
1429 1736 1562 1770 μαρτυρεῖ
1580 1735 1670 1766 αὐτοῖς
1684 1736 1712 1762 ὲν
1729 1737 1826 1772 φρονή-

1038 1788 1078 1806 σει
1099 1780 1146 1806 καὶ
1158 1779 1273 1814 γνώσει·
1289 1781 1338 1807 οὐκ
1353 1780 1512 1816 ἀποδέχεται
1530 1780 1558 1807 δὲ
1571 1781 1670 1812 αὐτοὺς
1684 1781 1826 1813 ποιοῦντας

1035 1825 1070 1851 τὰ
1087 1826 1223 1861 σχίσματα
1235 1847 1242 1859 ,
1256 1826 1324 1853 ἀλλά
1341 1826 1387 1852 καὶ
1402 1826 1578 1861 συμϐουλεύει
1595 1827 1632 1862 μὴ
1647 1828 1675 1853 ἐν
1689 1827 1760 1862 λόγῳ
1775 1828 1824 1864 τὴν

1036 1871 1146 1906 ἀρετὴν,
1161 1871 1218 1898 ἀλλ’
1236 1873 1265 1898 ἐν
1281 1871 1353 1908 ἔργῳ
1369 1872 1415 1898 καὶ
1429 1871 1543 1907 δυνάμει
1556 1872 1701 1908 ἡγεῖσθαι·
1717 1873 1822 1906 ἔπειτα,

1036 1917 1202 1952 ἐπιτιμήσας
1223 1917 1261 1952 τῷ
1282 1917 1332 1952 τὴν
1348 1917 1482 1953 μητρυιὰν
1498 1918 1623 1950 λαϐόντι,
1636 1919 1684 1945 καὶ
1696 1919 1823 1954 παραινέ-

1037 1971 1086 1994 σας
1101 1963 1138 1998 μὴ
1156 1963 1227 1998 ἔχειν
1244 1963 1365 1999 κρίματα
1380 1964 1448 1999 πρὸς
1462 1964 1589 1996 ἑαυτοὺς,
1604 1965 1696 1992 λοιπὸν
1713 1965 1776 2000 περὶ
1787 1962 1823 1992 ὦν

1035 2009 1156 2045 ἔγραψαν
1168 2010 1355 2044 ἀποκρίνεται.
1372 2010 1439 2045 Περὶ
1454 2011 1502 2046 μὲν
1516 2010 1563 2036 τοῦ
1577 2011 1665 2046 γάμου
1677 2010 1821 2044 διδάσκων,

1035 2055 1170 2090 ἄρρηκτον
1184 2053 1252 2082 εἶναι
1273 2056 1324 2090 τὴν
1351 2056 1491 2091 συζυγίαν,
1514 2057 1560 2083 καὶ
1583 2057 1611 2083 ὲν
1630 2056 1720 2092 καιρῷ
1743 2057 1822 2092 μόνον

1036 2101 1174 2136 σχολάζειν
1197 2101 1241 2128 διὰ
1259 2101 1307 2137 τὴν
1326 2103 1422 2138 εὐχήν·
1436 2102 1480 2130 διὰ
1495 2103 1523 2129 δὲ
1544 2102 1574 2129 τὸ
1598 2103 1708 2138 ἀγαπᾷν
1725 2103 1822 2137 αὐτοὺς

1034 2147 1082 2182 τὴν
1110 2148 1289 2182 ἐγκράτειαν,
1310 2148 1411 2184 γράφει
1440 2149 1505 2185 περὶ
1530 2149 1695 2185 παρθενίας,
1715 2150 1756 2176 ὅτι
1785 2150 1822 2185 μὴ

1035 2194 1151 2230 ἀνάγκῃ,
1170 2194 1237 2220 ἀλλά
1259 2194 1348 2221 πειθοῖ
1363 2194 1442 2222 τοῦτο
1467 2195 1593 2228 γινέσθω.
1611 2193 1677 2223 Εἶτα
1691 2196 1753 2231 περὶ
1769 2196 1822 2222 τῶν

1034 2239 1224 2271 εἰδωλοθύτων,
1245 2241 1286 2266 ἵνα
1305 2241 1342 2276 μὴ
1360 2241 1550 2277 καταχρῶνται
1575 2243 1607 2277 τῇ
1631 2242 1739 2276 γνώσει,
1755 2242 1821 2269 ἀλλὰ

1035 2288 1066 2321 τῇ
1084 2286 1178 2322 ἀγάπῃ
1195 2287 1398 2314 πολιτεύωνται.
1422 2287 1530 2313 Κιυλύει
1553 2285 1598 2314 οὖν
1616 2288 1650 2314 τὰ
1670 2289 1699 2314 ὲν
1712 2288 1821 2324 εἰδωλίῳ

1035 2332 1189 2367 συμπόσια,
1208 2333 1251 2359 ἵνα
1275 2332 1311 2368 μὴ
1327 2332 1557 2364 σκανδαλίζωνται
1581 2334 1606 2360 οἱ
1633 2334 1733 2370 μικροί.
1756 2332 1822 2361 Εἶτα

1034 2376 1163 2412 περὶτῶν
1179 2376 1371 2412 πνευματικῶν
1390 2377 1568 2412 χαρισμάτων
1590 2378 1707 2414 γράφει·
1726 2379 1768 2405 ἵνα
1784 2379 1821 2415 μὴ

1033 2422 1211 2458 διαφέρωνται
1227 2424 1255 2449 ἐν
1269 2424 1324 2454 τοῖς
1341 2422 1501 2458 χαρίσμασι,
1517 2423 1584 2458 μηδὲ
1597 2424 1763 2460 προκρίνωσι
1776 2425 1820 2451 τὸν

1034 2468 1128 2503 ἔχοντα
1141 2469 1172 2495 τὸ
1187 2469 1309 2504 χάρισμα
1323 2469 1382 2495 τόδε
1398 2469 1445 2495 τοῦ
1460 2469 1567 2504 ἔχοντος
1581 2470 1639 2496 τόδε
1650 2479 1656 2484 ·
1672 2470 1820 2507 πάνταγὰρ

1034 2514 1080 2540 τοῦ
1097 2514 1178 2540 αὐτοῦ
1193 2514 1350 2549 Πνεύματος
1372 2511 1441 2541 εἶναι
1467 2514 1551 2550 λέγει.
1574 2516 1628 2542 Καὶ
1645 2515 1737 2542 λοιπὸν
1759 2517 1820 2553 περὶ

1035 2560 1207 2591 ἀναστάσεως
1220 2560 1340 2587 διδάσκει
1353 2568 1359 2575 ·
1376 2560 1417 2586 ὅτι
1431 2561 1446 2596 ἡ
1462 2561 1529 2596 σὰρξ
1544 2561 1689 2597 ἐγείρεται,
1706 2562 1820 2598 ἀποθνήε

1035 2614 1135 2632 σκουσα
1150 2606 1198 2641 μὲν
1214 2606 1336 2642 φθαρτὴ,
1360 2607 1521 2642 ὲγειρομένη
1544 2607 1572 2634 δὲ
1595 2607 1732 2643 ἄφθαρτος
1751 2609 1819 2635 κατά

1033 2652 1082 2687 τὴν
1099 2652 1145 2678 τοῦ
1162 2652 1278 2688 Χριστοῦ
1299 2652 1387 2688 χάριν.
1407 2653 1463 2688 Τὴν
1486 2653 1513 2679 δὲ
1531 2653 1678 2680 ἀνάστασιν
1698 2654 1751 2681 ἀπὸ
1774 2655 1817 2681 τοῦ

1036 2699 1184 2734 ὲγηγέρϐαι
1200 2699 1245 2726 τὸν
1257 2699 1374 2734 Χριστὸν
1397 2700 1545 2734 συνίστησι.
1562 2700 1617 2726 Καὶ
1636 2701 1676 2732 εἰς
1695 2700 1724 2727 τὸ
1746 2701 1818 2733 τέλος

1037 2746 1244 2780 παραινετικοὺς
1265 2745 1360 2780 λόγους
1376 2747 1416 2777 εἰς
1436 2745 1470 2772 τά
1493 2746 1545 2781 ἤθη
1567 2746 1677 2782 γράφει,
1696 2747 1817 2782 καὶπερὶ

1035 2791 1126 2825 λογίας
1141 2791 1191 2826 τῆς
1211 2793 1250 2823 είς
1262 2792 1324 2823 τοὺς
1344 2792 1437 2826 ἁγίους
1455 2793 1656 2828 παραγγέλλει,
1688 2794 1734 2819 καὶ
1750 2793 1816 2820 οὕτω

1034 2837 1131 2864 τελειοῐ
1147 2839 1195 2874 τὴν
1215 2838 1378 2874 Ἐπιστολὴν.

200 2883 357 2910 sanctorum
383 2881 506 2909 facienda
529 2882 667 2919 praecipit,
691 2887 771 2919 atque
795 2885 832 2911 ita
859 2883 974 2912 absolvit
994 2882 1152 2919 Epistulam.
