1929 3056
56 121 114 148 H7

135 176 235 210 Τρίτη,
251 175 344 203 πάλιν
360 176 408 202 καὶ
424 176 498 210 αὕτη
514 175 587 210 πρὸς
602 175 784 210 Κορινθίους.

94 232 144 259 61.
159 232 215 259 Καὶ
231 231 333 268 ταύτην
356 231 423 268 προς
440 232 502 263 τοὺς
526 231 624 263 αὐτοὺς
639 231 791 258 ἐπιστέλλει
804 230 857 258 ἀπὸ

55 278 245 310 Μακεδονίας.
269 279 302 305 Ἡ
323 279 350 305 δὲ
375 278 510 314 πρόφασις
530 277 745 313 τῆςἘπιο-τολῆς
769 277 854 312 αὕτη·

55 323 374 360 ΔεξάμενομΚορίνθιοι
399 324 612 359 τὴνἘπιστολὴν
635 324 683 359 τὴν
709 323 854 358 προτέραν,

55 369 253 406 κατενύγησαν
270 369 316 396 ἐπὶ
332 370 366 404 τῇ
387 369 510 405 ἁμαρτίᾳ
526 369 572 396 τοῦ
591 369 717 400 λαϐόντος
738 368 786 402 τὴν
806 376 857 403 μη-

54 415 172 450 τρυιὰν,
186 416 233 442 καὶ
250 415 425 450 ἐλυπήθησαν
442 415 481 447 δὲ,
497 415 534 447 ὠς
559 416 717 451 παριδόντες
736 414 855 441 τοιοῦτον

56 462 235 497 ἁμάρτημα·
254 459 314 488 εἶτα
335 461 528 496 ὑφηρπάζοντο
545 461 620 496 παρά
639 469 721 488 τινων
733 461 787 487 τῶν
810 461 855 487 καὶ

54 509 110 540 τὰς
124 507 278 544 προφάσεις
294 507 348 534 τῶν
364 508 520 543 σχισμάτων
537 506 702 539 ποιούντων,
716 507 787 534 ὥστε
803 515 855 533 πα-

57 553 264 589 ρακαθέζεσθαι
277 553 316 589 τῷ
326 553 470 589 γράμματι
483 553 530 580 τοῦ
545 553 637 588 νόμου,
650 553 698 580 καὶ
709 553 854 589 ἀδιάφορον

55 599 188 636 ἡγεῖσθαι
208 599 257 635 τὴν
274 599 352 635 παρὰ
366 599 414 626 τοῦ
430 598 549 635 Χριστοῦ
567 594 664 635 χάριν,
681 599 727 626 καὶ
755 600 853 635 μᾶλλον

57 647 208 682 προσεῖχον
229 645 285 677 τοῖς
303 647 331 672 ὲν
352 644 490 680 προσώπῳ
507 645 703 680 καυχωμένοις.
719 642 809 672 Ἦσαν
825 645 853 672 δὲ

57 690 107 716 καὶ
126 690 192 724 περὶ
215 689 264 725 τῆς
280 689 373 724 λογίας
387 690 436 724 τῆς
453 690 493 720 εἰς
506 690 568 721 τοὺς
588 689 682 724 ἁγίους
698 690 853 725 φροντίζον-

56 744 105 767 τες
121 735 223 766 καλῶς.
248 735 320 771 Πρὸς
341 735 426 761 ταῦτα
447 733 493 761 οὖν
509 736 670 770 ἀντιγράφει
691 737 705 762 ὁ
726 736 853 762 ’Λπὸστο-

56 781 114 813 λος.
130 782 185 808 Καὶ
199 781 307 817 πρῶτον
321 781 369 816 μὲν
383 781 544 816 ἀποδέχεται
559 781 668 814 αὐτοὺς,
685 781 852 814 ἐκϐαλόντας

56 827 103 854 τὸν
115 828 351 863 παρανομήσαντα
360 835 367 842 ·
382 826 476 853 ἔπειτα
488 826 636 860 ἀξιώσασιν
646 828 739 859 αὐτοῖς
751 837 852 862 συγκα-

601 117 765 146 SYNOPSIS
787 117 994 147 SCRIPTURIE
1016 118 1150 147 SACRE.

1640 121 1692 149 “8

870 180 895 208 Α
1066 175 1155 202 Tertia
1166 195 1173 207 ,
1191 175 1284 203 iterum
1304 176 1339 203 ad
1351 175 1512 204 Corinthios.

942 231 987 259 6i.
1007 231 1046 258 Ad
1065 232 1175 260 ecsdem
1192 237 1219 260 et
1235 232 1305 260 hanc
1322 234 1406 260 mittit
1421 241 1436 261 e
1460 233 1627 261 Macedonia.
1643 234 1693 264 Est

908 280 1000 303 autem
1017 276 1091 304 illius
1108 277 1219 305 occasio
1237 277 1300 305 talis
1318 287 1325 305 :
1342 277 1436 306 Priore
1445 283 1555 314 accepta
1572 279 1692 315 Epistola

906 321 1050 354 Corinthii,
1073 322 1232 357 compuncti
1256 330 1339 358 super
1360 327 1473 359 peccato
1498 325 1559 359 ejus
1575 326 1622 360 qui
1642 334 1693 353 no-

905 375 1013 394 vercam
1026 375 1103 395 suam
1119 368 1244 400 duxerat,
1260 369 1470 405 contristatique
1488 370 1607 404 fuerant,
1619 372 1692 406 quod

906 412 959 439 tale
974 417 1115 447 peccatum
1129 414 1315 449 neglexissent
1327 425 1332 442 :
1344 415 1443 443 deinde
1460 416 1564 443 seducti
1586 417 1693 444 fuerant

905 457 940 485 ab
960 458 1025 489 illis,
1044 459 1090 493 qui
1105 459 1285 487 schismatum
1304 462 1477 489 occasionem
1492 462 1634 495 dederant,
1654 465 1691 491 ita

904 507 934 530 ut
959 504 1058 532 littera:
1084 505 1152 540 legis
1180 507 1321 534 servanda:
1346 508 1498 540 studerent,
1522 513 1549 535 et
1576 510 1691 544 gratiam

904 549 1006 578 Christi
1028 550 1226 578 indiﬂ‘erentem
1242 552 1408 586 judicarcnt,
1431 557 1513 588 atque
1529 555 1573 585 iis,
1592 555 1639 589 qni
1663 556 1691 583 in

904 596 1001 624 faciem
1021 605 1083 624 sesc
1096 597 1249 632 jactabant,
1266 599 1327 633 plus
1351 599 1533 628 attenderent.
1556 600 1593 628 De
1609 602 1692 629 colle-

903 646 947 669 cta
961 650 1027 669 vero
1045 643 1071 670 in
1091 651 1158 671 usus
1177 648 1335 671 sanctorum
1354 644 1492 678 facienda,
1508 647 1594 681 probe
1611 655 1691 674 cura-

903 688 979 716 bant.
996 689 1035 716 Ad
1054 689 1107 717 ista
1118 690 1202 725 igitur
1213 691 1340 718 rescribit
1355 690 1511 726 Apostolus.
1528 692 1561 719 Et
1573 693 1690 728 primum

902 734 1012 769 quidem
1026 735 1121 762 laudat
1145 735 1228 770 ipsos,
1254 736 1326 771 quod
1347 737 1493 771 ejecisscnt
1507 745 1568 765 eum
1583 739 1628 773 qui
1644 739 1690 765 de-

903 780 1040 816 liquerat:
1054 780 1153 809 deinde
1176 782 1330 816 petentibus
1345 783 1412 817 ipsis
1432 784 1528 810 annuit
1545 789 1571 810 et
1591 784 1689 818 resipi—

903 829 1023 853 scentem
1046 826 1122 852 illum
1144 826 1231 862 recipi
1246 827 1332 862 jubet.
1349 827 1432 855 Docet
1453 830 1535 855 etiam
1561 829 1612 856 hac
1627 829 1692 865 Epi-

55 873 179 906 τανεύει,
195 873 243 900 καὶ
256 873 460 909 μετανοήσαντα
474 873 575 900 ἐκεῖνον
592 873 697 900 κελεύει
711 874 847 909 δεχθῆναι.

902 871 972 898 stola
989 871 1022 899 de
1037 872 1105 907 lege,
1120 871 1317 911 discriminans
1338 874 1393 901 illic
1410 874 1540 907 litteram,
1554 881 1580 903 et
1597 881 1690 904 osten-

61 920 110 946 Ἐν
136 919 205 955 αὐτῇ
227 919 256 946 δὲ
274 919 395 946 διδάσκει
419 919 482 945 περὶ
498 919 544 946 τοῦ
565 920 665 955 νόμου,
687 920 799 955 διαιρῶν
820 920 850 946 τὸ

55 965 191 1001 γράμμα,
215 965 261 992 καὶ
280 965 431 998 δείκνυσιν,
449 966 490 992 ὅτι
518 966 548 992 οὐ
575 966 616 992 δεῖ
644 965 792 1001 λαμϐάνειν
820 965 850 992 τδ

54 1011 177 1046 γράμμα
194 1010 272 1046 μόνον
286 1009 333 1037 τοῦ
347 1010 510 1046 νόμου,¹ἀλλ’
525 1011 552 1037 ὲν
566 1010 640 1046 αὐτῷ
652 1011 690 1046 τῷ
703 1011 848 1046 γράμματι

54 1055 108 1092 τὴν
133 1056 252 1083 διάνοιαν
274 1056 387 1092 ὲρευνᾷν
400 1064 406 1071 ·
424 1056 453 1082 οὺ
473 1055 527 1091 γὰρ
556 1056 635 1091 μόνον
660 1057 729 1092 ῥητά
747 1058 821 1084 ἐστιν
835 1058 849 1084 ὁ

54 1102 158 1137 νόμος,
179 1101 247 1128 ἀλλὰ
270 1102 316 1128 καὶ
338 1102 367 1129 ἐν
384 1103 441 1134 τοῖς
453 1103 546 1138 ῥητοῖς
564 1102 621 1128 ἐστι
634 1102 681 1129 καὶ
696 1103 710 1129 ὁ
726 1102 787 1135 νοῦς
801 1103 848 1130 τοῦ

55 1148 217 1184 πνεύματος
227 1157 233 1163 ·
250 1148 354 1182 ἔπειτα,
373 1149 414 1176 ὃτι
429 1149 476 1176 τοῦ
491 1150 610 1185 Χριστοῦ
625 1150 756 1183 ἐλθόντος,
769 1150 849 1186 καινὴ

56 1195 149 1226 κτίσις
160 1194 265 1229 γέγονε,
277 1194 325 1221 καὶ
338 1195 368 1221 οὐ
383 1195 423 1222 δεῖ
436 1195 506 1222 κατὰ
520 1197 551 1223 τὸ
575 1196 688 1224 παλαιὸν
710 1196 770 1232 ζῇν,
792 1197 848 1224 ἀλλ’

56 1240 97 1271 ὡς
110 1241 139 1266 ἐν
152 1242 232 1276 καινῇ
245 1240 332 1266 κτίσει
344 1241 373 1267 ὲν
397 1242 478 1268 πᾶσιν
492 1242 669 1269 ἀνανεοῦσθαι
694 1243 742 1269 καὶ
762 1244 849 1279 ἀργὴν

56 1281 130 1311 εἶναι
151 1283 243 1310 λοιπὸν
263 1284 312 1319 τὴν
329 1286 489 1321 περιτομήν.
514 1286 686 1322 Ἀποδέχεται
704 1287 733 1313 δὲ
751 1287 850 1320 αὐτοὺς

57 1331 106 1357 καὶ
122 1331 185 1366 περὶ
195 1331 243 1365 τῆς
253 1331 401 1363 διακονίας,
416 1332 464 1358 καὶ
483 1333 668 1368 προτρέπεται
685 1333 787 1368 μᾶλλον
798 1335 848 1360 αὺ-

56 1376 122 1408 τοὺς
135 1376 302 1408 πλεονάζειν.
321 1375 388 1404 Εἶτα
400 1377 561 1413 αἰτιώμενος
583 1379 647 1410 τοὺς
666 1380 695 1406 ὲν
711 1379 849 1415 προσώπῳ

57 1423 262 1458 καυχωμένους,
286 1423 431 1458 καταλέγει
451 1424 556 1456 πάντα,
571 1425 643 1461 ἅπερ
664 1426 782 1453 πέπονθε
806 1426 849 1453 διὰ

57 1468 104 1495 τὸν
123 1470 234 1504 Κύριον,
259 1470 307 1497 καὶ
326 1470 374 1502 τὰς
398 1471 532 1503 ὀπτασίας
554 1471 582 1498 δὲ
600 1471 744 1506 διηγεῖται,
760 1473 849 1508 ἇσπερ

55 1513 189 1550 ἑώρακεν,
202 1514 243 1547 εἷς
262 1523 293 1541 τε
317 1514 364 1542 τὸν
383 1515 548 1551 Παράδεισον
565 1517 610 1543 καὶ
634 1518 673 1548 είς
693 1517 738 1543 τὸν
758 1517 848 1553 τρίτον

56 1560 170 1596 οὐρανὸν
182 1561 327 1596 ἁρπαγείς.
338 1558 405 1588 Εἶτα
419 1562 605 1597 παραγγείλας
618 1562 655 1597 μὴ
668 1562 846 1598 ἁμαρτάνειν,

55 1606 126 1633 ἀλλὰ
149 1608 288 1642 μετανοεῖν
311 1608 374 1639 τοὺς
398 1608 621 1644 ἁμαρτάνοντας,
637 1609 667 1635 ἐν
687 1609 847 1645 εὐχαριστίᾳ

54 1653 155 1679 τελειοῖ
168 1653 216 1689 τὴν
237 1653 406 1689 Ἐπιστολήν.

254 1708 391 1743 Τετάρτῃ,
405 1709 482 1744 πρὸς
500 1711 650 1744 Γαλάτας.

94 1763 138 1790 62.
150 1763 259 1799 Ταύτην
277 1765 427 1793 ἐπιστέλλει
441 1766 495 1793 ἀπὸ
516 1766 624 1803 Ῥώμης
635 1787 642 1800 ,
660 1768 789 1803 ἑωρακὼς
802 1768 847 1795 αὐ-

55 1811 120 1843 τοὺς
134 1811 183 1846 Ιἤδη
198 1811 244 1838 καὶ
259 1811 376 1844 διδάξας.
391 1813 423 1839 Ἦ
439 1813 466 1839 δὲ
480 1814 616 1849 πρόφασις
632 1813 846 1850 τῆςἘπιστολῆς

57 1856 140 1892 αὕτη
158 1858 332 1893 Διδαχθέντες
342 1859 432 1891 καλῶς
446 1859 470 1886 ot
482 1859 600 1887 Γαλάται
617 1860 691 1896 παρὰ
705 1860 751 1886 τοῦ
771 1861 846 1887 Ἀπο-

58 1904 165 1936 στόλου,
178 1905 224 1931 καὶ
243 1904 437 1938 πιστεύσαντες
457 1906 576 1942 γνησίως
596 1906 636 1937 είς
654 1905 700 1932 τὸν
716 1905 843 1941 Χριστὸν,

57 1951 284 1987 ἀποδημήσαντος
301 1952 395 1984 αὑτοῦ,
419 1952 636 1988 ὑφηρπάσθησαν
655 1953 732 1988 παρά
754 1961 844 1985 τινων,

59 1998 130 2024 ὥστε
150 1999 372 2034 περιτέμνεσθαι.
394 1998 488 2026 Ταῦτα
509 1999 598 2025 τοίνυν
621 1999 712 2034 μαθὼν
733 2000 747 2024 ὁ
767 1999 845 2026 Ἀπό-

61 2045 161 2077 στολος,
178 2045 279 2081 γράφει
295 2045 362 2081 πρὸς
376 2045 485 2077 αὐτούς.
502 2045 557 2072 Καὶ
578 2039 685 2081 πρῶτον
710 2046 759 2081 μὲν
776 2054 845 2082 μαρ-

59 2091 147 2127 τυρῶν
161 2091 253 2122 αὐτοῖς
265 2091 328 2126 περὶ
340 2088 374 2127 ἧς
390 2089 464 2127 εἶχον
477 2091 605 2124 πίστεως,
620 2091 666 2118 καὶ
685 2091 800 2127 γνησίας
815 2093 843 2117 ἐν

61 2134 168 2172 Χριστῷ
186 2136 343 2169 διαθέσεως,
363 2138 503 2173 μέμφεται
523 2137 561 2169 ὠς
581 2138 700 2173 ἀνοήτως
721 2138 842 2174 πράξαν-

63 2190 120 2214 τας,
137 2183 184 2208 καὶ⁸
196 2182 430 2218 μεταϐαλομένους
444 2183 541 2215 αὐτούς
553 2190 559 2196 ·
574 2183 668 2210 ἔπειτα
687 2183 715 2210 δὲ
729 2182 842 2218 διαλαμ-

63 2227 136 2254 ϐάνει
152 2228 215 2264 περὶ
237 2227 284 2254 τοῦ
309 2228 401 2264 νόμου,
421 2229 468 2255 καὶ¹
491 2229 540 2264 τῆς
561 2228 630 2255 κατὰ
652 2228 699 2255 τὸν
718 2228 843 2264 Ἀϐραὰμ

63 2274 175 2306 πίστεως
185 2282 193 2290 ο
208 2275 255 2302 καὶ
269 2274 459 2302 ἀποδείκνυσιν
474 2274 506 2301 ἐκ
521 2284 550 2301 τε
569 2275 615 2302 τοῦ
629 2275 710 2311 νόμου
726 2275 772 2302 καὶ
790 2275 842 2302 τῶν

64 2320 196 2354 γυναικῶν
210 2320 346 2356 Ἀϐραὰμ,
367 2320 556 2356 ἀλληγορήσας
573 2320 667 2353 αὑτὰς,
685 2321 765 2356 μέχρι
783 2329 843 2347 και-

65 2365 110 2402 ροῦ
121 2365 239 2392 δεδόσθαι
251 2366 301 2402 τὴν
314 2365 403 2397 σκιὰν,
423 2365 470 2392 καὶ
483 2366 532 2400 τὴν
545 2366 705 2402 περιτομὴν,
727 2366 774 2393 καὶ
793 2367 844 2402 ἀρ-

62 2413 119 2446 γεῖν
131 2411 220 2438 λοιπὸν
237 2412 307 2438 αὐτὰ
322 2413 356 2448 τῇ
370 2411 417 2438 τοῦ
433 2411 552 2447 Χριστοῦ
564 2412 708 2448 παρουσίᾳ.
728 2412 782 2439 Καὶ
796 2412 842 2438 οὒ-

61 2467 116 2490 τως
136 2458 294 2490 ἀποδείξας,
315 2458 498 2494 παραγγέλλει
518 2458 610 2485 λοιπὸν
630 2459 720 2490 αὐτοῖς
745 2459 843 2494 μηκέτι

62 2502 202 2538 προσέχειν
214 2504 270 2534 τοῖς
285 2503 466 2538 ὰπατήσασιν,
480 2503 546 2529 ἀλλὰ
560 2503 658 2538 μᾶλλον
671 2503 779 2539 ἔχεσθαι
795 2504 844 2538 τῆς

62 2549 90 2575 ὲν
102 2547 208 2583 Χριστῷ
222 2549 347 2581 πίστεως,
359 2549 406 2575 καὶ
422 2549 576 2583 γινώσκειν,
593 2550 633 2576 ὅτι
656 2550 672 2585 ὴ
689 2550 717 2576 ἐν
734 2549 844 2585 Χριστῷ

62 2595 139 2630 χάρις
149 2596 281 2630 καταργεί
292 2594 340 2630 τὴν
351 2595 420 2622 κατὰ
432 2595 521 2631 σάρκα
533 2597 693 2631 περιτομήν.
707 2597 763 2623 Καὶ
773 2595 844 2622 οὕτω

62 2642 142 2668 πάλιν
155 2643 194 2673 εἰς
207 2642 242 2669 τὰ
264 2642 316 2678 ἤθη
341 2642 508 2679 παραινέσας
533 2644 579 2670 καὶ
601 2643 720 2676 διδάξας,
746 2643 844 2670 τελειοϊ

62 2688 109 2723 τὴν
129 2687 297 2723 Ἐπιστολὴν.

248 2742 379 2779 Πέμπτη,
396 2745 469 2779 πρὸς
490 2745 653 2780 Ἐφεσίους.

97 2801 139 2828 65.
151 2799 258 2837 Ταύτην
273 2800 424 2828 ἐπιστέλλει
438 2801 492 2828 ἀπὸ
510 2800 627 2838 Ῥώμης,
643 2801 719 2828 οὔπω
731 2802 779 2838 μὲν
795 2800 844 2829 αὺ-

65 2848 124 2879 τοὺς
138 2846 276 2884 ἑωρακὼς,
290 2846 409 2879 ἀκούσας
424 2847 452 2874 δὲ
464 2848 534 2882 ⁵περὶ
554 2847 653 2875 αὐτῶν.
675 2848 707 2874 Ἡ
724 2847 752 2874 δὲ
775 2847 842 2882 πρό-

900 915 979 949 dens,
1002 923 1058 943 non
1078 924 1139 944 esse
1152 918 1273 944 litteram
1292 919 1359 954 legis
1383 920 1469 946 solam
1491 921 1688 956 accipiendam,

900 961 948 988 sed
979 961 1007 988 in
1036 961 1127 989 littera
1149 963 1313 990 sententiam
1339 965 1487 992 eruendam
1509 976 1515 992 :
1534 973 1588 994 non
1614 967 1689 994 enim

898 1007 981 1034 verba
993 1002 1101 1034 tantum
1115 1012 1180 1035 sunt
1191 1008 1245 1041 lex,
1263 1009 1311 1036 sed
1330 1010 1357 1036 in
1367 1010 1445 1046 149
1458 1011 1550 1039 verbis
1565 1017 1606 1039 est
1626 1020 1689 1040 sen-

899 1058 947 1078 sus
965 1051 1089 1086 spiritus.
1111 1051 1224 1084 Deinde,
1249 1053 1321 1088 quod
1339 1054 1464 1081 veniente
1485 1054 1595 1082 Christo
1618 1063 1688 1083 nova

899 1101 1024 1124 creatura
1043 1097 1114 1125 facta
1136 1098 1182 1130 sit,
1198 1105 1248 1125 nec
1260 1102 1385 1133 oporteat
1400 1100 1550 1127 secundum
1567 1105 1688 1129 vetusta-

898 1145 952 1168 tem
975 1141 1075 1175 vivere,
1098 1141 1145 1169 sed
1168 1142 1196 1170 in
1216 1143 1354 1176 onmibus,
1369 1145 1443 1171 velut
1466 1145 1494 1172 in
1516 1153 1587 1173 nova
1611 1154 1688 1174 crea-

899 1190 970 1220 tura,
991 1188 1118 1214 renovari
1131 1191 1158 1215 et
1171 1187 1336 1223 superﬂuam
1349 1189 1478 1225 deinceps
1494 1199 1556 1219 esse
1569 1191 1688 1219 circuat-

898 1232 1041 1259 cisionem.
1065 1233 1170 1261 Laudat
1188 1242 1235 1262 eos
1258 1236 1340 1262 etiam
1362 1237 1508 1264 ministerii
1537 1238 1635 1274 gratia,
1659 1243 1687 1267 et

899 1277 1069 1311 adhortatur,
1087 1283 1117 1306 ut
1132 1287 1164 1306 ea
1177 1279 1205 1306 in
1223 1287 1251 1307 re
1263 1281 1411 1309 abundent.
1428 1282 1527 1310 Postea
1537 1285 1686 1319 reprehen-

899 1323 938 1350 dit
964 1331 1024 1355 eos.
1047 1325 1094 1360 qui
1119 1326 1146 1352 in
1166 1325 1263 1353 faciem
1286 1327 1482 1363 gloriabantur,
1505 1337 1537 1357 ac
1563 1335 1687 1358 recenset

898 1375 1067 1404 quaecunque
1090 1378 1190 1406 passus
1206 1375 1265 1399 erat
1282 1376 1392 1407 propter
1418 1373 1573 1407 Dominum,
1598 1380 1626 1403 et
1649 1376 1687 1403 vi-

898 1415 1001 1448 siones,
1023 1424 1092 1451 qnas
1106 1417 1222 1450 viderat,
1240 1419 1362 1452 exponit,
1383 1423 1409 1446 et
1425 1421 1563 1454 quomodo
1582 1422 1610 1449 in
1634 1421 1687 1449 Par

898 1460 1020 1487 radisum
1045 1462 1079 1489 ad
1106 1463 1216 1490 tertium
1244 1465 1343 1491 coelum
1373 1470 1468 1500 raptus
1496 1467 1541 1494 sit.
1565 1469 1685 1497 Tandem

898 1511 1041 1541 postquam
1063 1508 1117 1535 illis
1138 1509 1310 1537 denuntiavit
1338 1519 1372 1538 ne
1391 1518 1513 1546 peccent,
1530 1515 1578 1542 sed
1601 1515 1624 1542 si
1638 1516 1686 1550 qui

861 1542 884 1574 (ἶ
899 1553 1050 1588 peccarint,
1067 1555 1241 1590 resipiscam,
1260 1563 1321 1585 cum
1341 1559 1492 1593 gratiarum
1507 1561 1615 1589 actione
1631 1565 1685 1589 ter-

898 1598 983 1625 minat
999 1599 1158 1634 Epistulam.

1123 1705 1227 1738 Quarta
1236 1726 1243 1739 ,
1267 1705 1301 1733 ad
1317 1706 1438 1735 Galatas.

931 1758 975 1785 (£2.
992 1758 1068 1786 lianc
1085 1759 1160 1787 misit
1175 1760 1269 1793 Roma,
1286 1769 1348 1789 cum
1360 1762 1417 1797 jam
1440 1763 1552 1792 vidisset
1572 1764 1684 1792 Galatas

897 1812 928 1832 ac
938 1805 1084 1833 docuisset.
1101 1805 1147 1834 Est
1159 1811 1248 1834 autem
1262 1815 1293 1835 ea
1307 1809 1431 1844 cpistola:
1443 1810 1553 1837 occasio
1566 1810 1683 1839 :Galata:

895 1855 1040 1886 postquam
1054 1856 1128 1879 recte
1141 1851 1258 1880 fuissent
1280 1853 1400 1881 instituti
1425 1855 1459 1882 ab
1482 1856 1630 1890 Apostolo,
1657 1862 1684 1884 et

895 1897 1003 1925 sincere
1028 1897 1056 1924 in
1077 1897 1217 1926 Christum
1238 1899 1434 1933 credidissent,
1458 1909 1519 1928 cum
1537 1901 1684 1937 Apostolus

894 1942 1033 1980 profectus
1049 1943 1157 1976 fuisset,
1172 1944 1276 1972 seducti
1289 1944 1397 1973 fuerant
1409 1953 1424 1973 a
1440 1947 1604 1982 quibusdam
1619 1968 1627 1980 ,
1643 1949 1683 1975 ita

895 1982 1215 2018 ut'circumciderentur.
1233 1989 1294 2018 Haac
1313 1998 1375 2018 cum
1400 1991 1541 2020 didicisset
1565 1992 1684 2028 Aposto-

893 2036 953 2068 lus,
977 2035 1074 2064 scribit
1090 2036 1123 2064 ad
1139 2044 1186 2065 eos
1201 2046 1208 2065 :
1226 2040 1252 2065 et
1269 2037 1347 2066 initio
1364 2038 1472 2074 quidem
1496 2039 1682 2067 testimonium

894 2082 949 2110 illis
972 2082 1018 2110 dat
1043 2082 1122 2115 ﬁdei,
1152 2091 1235 2118 quam
1256 2083 1427 2116 habuerant,
1451 2088 1478 2111 et
1505 2085 1604 2112 sinceri
1618 2094 1681 2121 erga

893 2129 1031 2156 Christum
1047 2129 1132 2156 animi
1147 2138 1154 2163 ;
1172 2138 1234 2157 mox
1247 2137 1311 2157 vero
1328 2130 1388 2158 ideo
1405 2130 1592 2165 reprehendit,
1609 2132 1681 2165 quod

894 2175 975 2202 stulte
991 2175 1109 2209 egissent
1121 2182 1152 2202 ac
1166 2176 1263 2202 mutati
1277 2176 1402 2204 fuissent.
1412 2175 1614 2211 Consequenler
1625 2177 1682 2204 dis~

893 2223 971 2254 putat
991 2220 1024 2248 de
1043 2220 1113 2256 lege,
1133 2225 1160 2248 et
1183 2221 1217 2249 de
1230 2221 1281 2249 [ide
1299 2229 1359 2256 qua:
1377 2221 1525 2249 secundum
1543 2222 1680 2250 Abraham

892 2269 952 2298 est,
976 2273 1007 2293 ac
1039 2266 1160 2294 ostendit
1185 2274 1248 2294 cum
1279 2274 1311 2294 ex
1339 2266 1408 2302 lege,
1425 2271 1482 2294 tam
1500 2275 1534 2294 ex
1549 2267 1680 2295 uxoribus

892 2311 1016 2344 Abrahte,
1034 2312 1179 2348 allegorice
1193 2312 1345 2348 usurpatis,
1362 2313 1396 2340 ad
1413 2317 1519 2348 tempus
1534 2321 1621 2348 usque
1635 2314 1682 2340 da-

892 2361 948 2384 tam
959 2365 1020 2386 esse
1037 2359 1161 2386 umbram
1178 2363 1204 2386 et
1218 2359 1468 2392 circumcisionem,
1482 2360 1598 2387 adventu
1616 2368 1680 2387 vero

892 2402 994 2430 Christi
1007 2403 1064 2430 haec
1078 2403 1163 2431 fuisse
1172 2404 1311 2439 abrogata.
1330 2403 1394 2432 Haec
1409 2405 1455 2432 ubi
1470 2405 1598 2437 ostendit,
1616 2413 1680 2432 sna-

893 2449 937 2476 del
952 2449 1030 2481 illis;
1049 2457 1082 2476 ne
1096 2450 1208 2484 posthac
1225 2450 1342 2485 amplius
1370 2450 1559 2478 seductoribus
1586 2458 1680 2479 aurem

893 2495 1040 2529 praebeant,
1053 2495 1100 2522 sed
1121 2495 1207 2530 magis
1231 2495 1302 2528 iidei,
1316 2503 1376 2530 qum
1396 2496 1423 2522 in
1440 2496 1549 2523 Christo
1565 2500 1616 2528 est,
1632 2497 1681 2524 ad-

894 2538 1012 2566 haereant
1043 2544 1262 2574 cognoscanlque
1278 2547 1325 2574 per
1342 2541 1467 2575 gratiam,
1484 2548 1544 2575 qua:
1556 2541 1582 2568 in
1598 2541 1679 2568 Chri-

894 2587 938 2611 sto
965 2586 1030 2616 est,
1060 2583 1190 2611 abolitam
1222 2592 1284 2612 esse
1311 2585 1402 2613 carnis
1431 2585 1676 2614 circumcisionem.

893 2629 1035 2657 Postremo
1049 2629 1209 2659 adhortatus
1225 2630 1259 2657 ad
1274 2631 1361 2658 bonos
1378 2639 1478 2664 mores,
1495 2632 1600 2660 claudit
1615 2632 1679 2667 Epi-

893 2675 1002 2703 stolam.

1132 2730 1242 2764 Quinta,
1258 2731 1292 2758 ad
1310 2730 1444 2765 Ephesios.

928 2799 973 2826 6'5.
995 2798 1068 2826 Misit
1084 2802 1112 2827 et
1139 2799 1219 2827 istam
1235 2799 1320 2827 Roma
1334 2819 1341 2832 ,
1359 2807 1420 2827 cum
1440 2799 1560 2827 nondum
1574 2806 1620 2827 eos
1635 2801 1676 2826 vi-

893 2845 989 2879 disset,
1005 2845 1126 2874 audisset
1141 2851 1231 2874 autem
1243 2846 1276 2874 de
1297 2846 1362 2874 illis.
1381 2846 1496 2874 Occasio
1511 2850 1599 2875 autem
1614 2846 1677 2881 Epi-
