1929 3056
255 134 307 162 ΗΘ

817 130 845 158 S.
864 130 1092 158 ATHANASIUS.
1112 145 1146 150 —
1165 128 1276 157 DUBIA.

1823 129 1881 156 420

256 191 331 220 stola:
347 190 403 218 haec
419 194 461 218 est
477 200 483 217 :
498 189 619 225 Ephesii,
631 186 693 216 cum
705 187 885 220 credidissent
902 188 928 214 in
947 188 1039 214 Domi-

1093 196 1173 222 φασις
1189 187 1238 222 τῆς
1255 186 1411 222 Ἐπιστολῆς
1425 185 1508 222 αὕτη·
1526 186 1654 221 Ἐφέσιοι,
1679 186 1882 219 πιστεύσαντες

256 245 322 265 num
338 241 461 264 nostrum
476 235 569 264 Iesum
581 235 731 268 Christum,
747 235 892 270 genuinam
904 233 1041 262 habebant

256 284 285 311 in
298 284 386 318 ipsum
399 282 488 314 ﬁdem,
505 287 532 309 et
543 290 607 317 erga
619 290 713 309 omnes
732 286 844 308 sanctos
855 281 1038 312 dilectionem,

256 329 455 364 cupiebantque
468 335 482 354 a
499 327 584 355 Paulo
605 328 770 354 conﬁrmari.
795 327 852 354 Hoc
870 327 917 354 ubi
940 334 1040 361 cogno-

255 374 356 405 visset.
380 373 476 401 scribit
492 374 525 400 ad
541 382 589 401 eos
616 373 686 400 hanc
710 373 859 408 Epistolam
873 373 946 400 velut
962 373 1042 400 insti—

255 419 349 447 tuendi
364 420 461 455 gratia.
478 419 511 445 Et
528 419 663 454 principio
680 419 801 446 ostendit
817 419 976 454 mysterium
992 426 1040 445 no-

255 469 342 492 strum
358 473 413 492 non
427 473 489 493 esse
501 473 608 497 recens,
625 464 673 492 sed
687 465 721 491 ab
736 465 816 492 initio
830 468 857 492 et
870 468 933 492 ante
946 463 1040 491 mundi

257 511 422 539 creationem
443 511 643 546 beneplacitnm
663 511 721 539 Deo
743 510 849 542 fuisse,
870 515 899 537 ut
915 510 1040 538 Christus

255 564 306 591 pro
327 556 406 583 nobis
424 559 579 590 pateretur,
600 563 704 591 nosque
730 556 846 583 salutem
860 563 1042 591 consequere-

255 610 328 630 mur.
348 601 451 630 Deinde
475 602 586 629 disserit
612 602 646 629 de
677 601 820 629 vocatione
845 601 986 637 gentium,
1011 605 1042 628 ut

256 648 413 676 ostenderet
425 656 472 676 eos
490 648 588 675 merito
605 648 755 676 credidisse
767 668 774 679 .
804 647 979 683 declaratque
993 655 1042 675 vo-

256 694 391 721 cationem
411 699 533 722 nostram
557 702 611 721 non
629 702 676 729 per
692 694 829 721 hominem
846 694 963 728 aliquem
980 701 1042 721 esse

255 739 369 772 factam,
387 739 435 767 sed
450 747 499 774 per
522 739 674 771 Christum,
688 739 735 774 qui
753 739 838 767 Filius
864 739 912 766 Dei
926 742 986 772 est,
1012 742 1042 766 ut

255 784 336 812 etiam
352 792 386 812 ex
397 792 430 812 eo
441 785 588 816 discerent,
603 785 722 812 hominis
741 793 770 812 se
785 785 905 812 cultores
917 793 971 813 non
982 792 1042 812 esse

255 827 363 861 factos,
391 829 438 856 ubi
464 829 492 856 in
521 829 661 858 Christum
686 829 875 861 crediderunt,
893 830 941 856 sed
963 837 1041 857 veros

1091 234 1131 264 εἰς
1143 233 1187 259 τὸν
1203 232 1305 268 Κύριον
1319 232 1397 268 ἡμῶν
1411 232 1514 267 Ἰησοῦν
1526 233 1652 268 Χριστὸν,
1669 233 1782 267 γνησίαν
1800 231 1881 268 εἶχον

1091 280 1130 310 εἰς
1144 278 1223 305 αὑτὸν
1233 278 1282 314 τὴν
1294 279 1396 310 πίστιν,
1411 279 1458 305 καὶ
1469 279 1508 310 είς
1524 279 1626 313 πάντας
1636 279 1698 310 τοὺς
1714 280 1811 313 ἁγίους
1826 281 1881 315 τὴν

1091 325 1210 360 ἀγάπην,
1223 325 1270 351 καὶ
1283 324 1422 351 ἐϐούλοντο
1436 324 1512 360 παρὰ
1532 324 1580 351 τοῦ
1599 324 1705 351 Παύλου
1719 325 1880 361 βεϐαιωθῆ-

1091 380 1144 398 ναι.
1159 371 1259 398 Μαθὼν
1273 371 1360 397 τοίνυν
1373 371 1386 396 ὁ
1402 371 1571 403 Ἀπόστολος,
1584 371 1683 406 γράφει
1693 371 1760 407 πρὸς
1773 372 1881 404 αὐτοὺς

1090 417 1192 452 ταύτην
1206 417 1255 452 τὴν
1276 416 1445 452 Ἐπιστολὴν,
1471 417 1564 452 ὥσπερ
1592 417 1788 452 κατηχητικήν.
1818 417 1881 444 Καὶ

1091 464 1221 498 πρότερον
1246 463 1294 497 μὲν
1317 463 1434 489 δείκνυσι
1459 462 1495 498 μὴ
1520 462 1649 497 νεώτερον
1674 460 1742 489 εἶναι
1765 462 1797 488 τὸ
1813 463 1880 489 καθ’

1092 507 1164 541 ἡμᾶς
1186 506 1343 541 μυστήριον,
1368 505 1424 532 ἀλλ’
1444 505 1474 538 ἐξ
1488 506 1575 542 ἀρχῆς
1594 507 1641 533 καὶ
1657 506 1809 541 καταϐολῆς
1830 507 1881 533 κό-

1093 561 1161 587 σμου
1176 550 1244 578 εἶναι
1255 551 1355 587 ταύτην
1369 551 1490 578 εὐδοκίαν
1506 552 1552 578 τοῦ
1565 552 1642 585 Θεοῦ,
1659 553 1728 579 ὥστε
1745 553 1791 580 τὸν
1807 554 1880 589 Χρι-

1093 597 1154 624 στὸν
1167 597 1235 633 ὑπὲρ
1249 597 1326 632 ήμῶν
1348 597 1454 630 παθεῖν,
1471 597 1517 624 καὶ
1533 599 1606 633 ἡμᾶς
1620 597 1753 632 σωθῆναι·
1777 598 1879 625 ἔπειτα

1092 643 1220 678 περὶτῆς
1239 643 1359 678 κλήσεως
1380 643 1435 670 τῶν
1458 643 1542 671 ἐθνῶν
1558 643 1719 678 διαλέγεται,
1743 644 1787 670 ἵνα
1801 644 1879 680 δείξῃ

1092 690 1175 723 ἀξίως
1189 690 1287 721 αὐτοὺς
1309 689 1531 717 πεπιστευκέναι·
1549 690 1596 716 καὶ
1618 690 1818 722 ἀποδείκνυσιν,
1837 692 1880 718 ὅτι

1092 738 1110 773 ἡ
1129 737 1223 773 κλῆσις
1238 738 1318 773 ἡμῶν
1339 736 1449 771 γέγονεν
1466 737 1496 763 ού
1515 737 1547 763 δι’
1568 737 1720 772 ἀνθρώπου,
1741 737 1810 764 ἀλλὰ
1834 738 1881 764 διὰ

1093 782 1220 819 Χριστοῦ,
1237 783 1267 814 ὃς
1286 784 1359 809 ἐστιν
1371 783 1435 814 Υἱὸς
1447 783 1493 810 τοῦ
1516 783 1594 816 Θεοῦ,
1610 780 1653 810 ἵνα
1670 784 1716 810 καὶ
1729 785 1761 811 ἐκ
1780 784 1880 811 τούτου

1095 829 1225 864 μάθωσιν,
1239 829 1279 854 ὃτι
1299 829 1347 854 οὐκ
1368 828 1591 864 ἀνθρωπολάτραι
1609 829 1746 864 γεγόνασι,
1765 830 1883 856 πιστεύ-

255 873 374 901 cultores
401 873 459 901 Dei.
494 872 637 909 Signiﬁcat
665 881 695 901 se
721 881 831 909 quoque
847 873 930 908 hujus
955 875 1041 908 gratia

1093 883 1188 906 σαντες
1203 874 1241 909 τῷ
1256 873 1378 910 Χριστῷ,
1391 873 1458 900 ἀλλὰ
1471 874 1591 910 ἀληθινοὶ
1613 875 1756 906 θεοσεϐεῖς.
1770 876 1882 910 Σημαί-

255 919 370 947 missum
387 919 483 952 fuisse,
501 923 532 946 ut
550 919 710 954 praedicaret
726 919 914 954 Evangelium,
931 924 957 947 et
970 919 1043 955 quod

255 973 349 993 curam
366 966 487 1001 ipsorum
501 965 611 994 habeat.
627 965 735 998 Postea,
759 965 960 994 adhortatorio’s
983 974 1042 993 ser-

254 1018 350 1038 mones
366 1010 433 1038 viris
447 1018 479 1038 ac
492 1010 666 1042 mulieribus,
685 1011 810 1045 patribus
829 1014 856 1037 et
874 1011 976 1042 liberis,
994 1011 1043 1038 do-

253 1055 338 1083 minis
362 1062 394 1083 ac
419 1055 506 1084 servis
530 1056 558 1083 in
573 1056 624 1083 hac
640 1056 761 1090 Epistola
776 1056 869 1091 ponit:
887 1061 967 1091 atque
983 1057 1043 1083 uni-

254 1108 349 1128 versos
363 1101 476 1128 omnino
490 1103 585 1128 contra
610 1100 748 1128 diabolum
777 1105 804 1128 et
829 1100 965 1128 daemones
984 1101 1043 1136 ejus

255 1144 376 1177 instruit,
391 1145 486 1172 dicens
510 1145 654 1172 adversum
675 1144 738 1172 illos
760 1145 840 1172 nobis
855 1152 916 1172 esse
931 1145 1041 1172 luctam.

254 1191 289 1218 Et
302 1191 347 1218 ubi
361 1195 490 1226 tanquam
507 1191 596 1218 bonus
606 1191 768 1218 athletarum
784 1195 933 1227 praeceptor
948 1199 1042 1220 omnes

255 1242 353 1266 contra
367 1237 516 1266 diabolicas
533 1239 707 1274 operationes
718 1239 812 1267 verbis
831 1239 889 1267 suis
913 1239 1022 1267 inunxit
1033 1259 1041 1273 ,

257 1283 406 1319 Epistolam
424 1285 536 1312 claudit.

467 1339 565 1375 Sexta,
582 1341 624 1368 'ad
639 1341 832 1378 Pliilippenses.

291 1396 335 1425 64.
355 1396 432 1425 Hanc
445 1406 555 1434 quoque
578 1398 664 1427 Roma
682 1400 780 1432 misit,
811 1407 872 1427 cum
894 1399 950 1435 jam
967 1399 1042 1433 (Phi—

255 1444 403 1480 lippenses)
418 1445 531 1473 vidisset
545 1453 577 1473 ac
596 1446 744 1474 docuisset.
761 1447 956 1482 Argumentum
978 1447 1042 1482 Epi-

256 1491 332 1518 stola:
346 1491 397 1518 hoc
410 1495 452 1519 est
468 1492 554 1519 :Cum
566 1492 754 1528 Philippenses
772 1494 887 1521 subsidii
917 1493 1041 1521 ministe-

1094 929 1132 946 νει
1147 920 1174 946 δὲ
1186 919 1233 947 καὶ
1248 920 1342 946 ἑαυτὸν
1356 919 1400 946 διὰ
1417 921 1495 947 τοῦτο
1506 920 1670 948 ἀπεστάλθαι
1686 921 1835 956 κηρύσσειν
1848 921 1881 948 τὸ

1093 967 1267 1001 Εὐαγγέλιον,
1288 967 1334 993 καὶ
1354 967 1395 993 ὅτι
1419 967 1482 1002 περὶ
1506 966 1594 994 αὐτῶν
1622 967 1787 1002 ἐφρόντιζεν.
1811 966 1881 994 Εἶτα.

1095 1013 1302 1048 παραινετικοὺς
1316 1012 1410 1046 λόγους
1428 1011 1539 1048 ἀνδράσι
1559 1012 1606 1047 καὶ
1623 1012 1740 1047 γυναιξὶ,
1755 1014 1881 1048 πατράσι

1093 1059 1140 1085 καὶ
1153 1059 1265 1091 τέκνοις,
1285 1059 1388 1094 κυρίοις
1409 1059 1455 1085 καὶ
1468 1058 1570 1090 δούλοις
1595 1058 1699 1094 τίθησιν
1712 1059 1740 1085 ἐν
1759 1060 1792 1094 τῇ
1802 1059 1881 1086 Ἑπι-

1094 1103 1185 1138 στολῇ,
1203 1103 1249 1130 καὶ
1262 1103 1376 1130 καθόλου
1398 1103 1501 1135 πάντας
1523 1104 1725 1139 παρασκευάζει
1740 1104 1811 1130 κατὰ
1830 1104 1880 1131 τοῦ

1093 1149 1214 1175 διαϐόλου
1229 1149 1276 1176 καὶ
1289 1149 1491 1185 τῶνξδαιμόνων
1518 1150 1610 1183 αὑτοῦ,
1625 1150 1711 1184 λέγων
1725 1150 1793 1186 πρὸς
1807 1151 1882 1177 ὲκεί-

1092 1204 1154 1226 νους
1167 1192 1235 1221 εἶναι
1249 1196 1314 1230 ἡμῖν
1329 1195 1378 1230 τὴν
1391 1195 1489 1230 πάλην.
1505 1195 1560 1222 Καὶ
1573 1195 1666 1231 ὥσπερ
1685 1195 1786 1230 ἀγαθὸς
1807 1196 1882 1222 ἀλείς

1092 1250 1174 1276 πτης,
1187 1240 1297 1276 ἀλείψας
1317 1243 1373 1273 τοῖς
1385 1241 1473 1275 λόγοις
1487 1241 1590 1273 πάντας
1603 1241 1673 1268 κατὰ
1688 1242 1737 1276 τῆς
1757 1241 1879 1268 διαϐολι-

1092 1284 1143 1319 κῆς
1158 1285 1308 1319 ἐνεργείας,
1320 1284 1391 1311 οὕτω
1407 1285 1505 1311 τελειοῖ
1518 1285 1565 1320 τὴν
1581 1286 1751 1320 Ἐπιστολὴν.

1264 1342 1367 1376 "Eun,
1385 1342 1458 1376 πρὸς
1472 1343 1702 1376 Φιλιππησίσυς.

1127 1398 1170 1425 64.
1189 1398 1296 1434 Ταύτην
1310 1399 1461 1426 ἐπιστέλλει
1478 1399 1532 1426 ἀπὸ
1552 1399 1668 1435 Ῥώμης,
1682 1401 1812 1436 ἑωρακὼς
1825 1401 1878 1428 αὖ·

1092 1444 1154 1475 τοὺς
1166 1444 1223 1479 ἃμα
1237 1444 1284 1471 καὶ
1298 1444 1414 1477 διδάξας.
1433 1444 1465 1470 Ἡ
1477 1444 1506 1470 δὲ
1518 1445 1653 1480 πρόφασις
1660 1445 1709 1480 τῆς
1717 1446 1877 1481 Ἐπιστολῆς

1092 1488 1160 1525 αὕτη
1170 1497 1176 1504 ⁸
1191 1488 1358 1524 Πεμψάντων
1371 1489 1556 1524 Φιλιππησίων
1566 1489 1702 1517 διακονίαν
1714 1490 1752 1526 τῷ
1763 1491 1874 1526 Παύλῳ,

256 1537 327 1563 rium
337 1536 422 1564 Paulo
434 1537 512 1573 15o
522 1538 669 1571 misissent,
680 1542 706 1566 et
717 1540 839 1566 nonnulli
855 1540 1041 1572 circumirent,

1093 1535 1139 1562 καί
1162 1544 1242 1562 τινων
1267 1535 1498 1571 περιερχομένων,
1524 1535 1571 1562 καὶ
1594 1536 1801 1571 διαφθειρόντων
1825 1538 1876 1569 τὰς

255 1584 302 1618 qui
317 1584 482 1619 simplicium
506 1592 586 1612 aures
605 1586 715 1613 obtentu
729 1587 831 1614 umbra:
851 1587 918 1622 legis
936 1591 963 1614 et
989 1587 1042 1614 cir-

255 1630 432 1657 cumcisionis
445 1635 660 1665 corrumperent,
672 1638 704 1658 ac
719 1631 841 1659 dicerent
854 1632 914 1659 sine
929 1632 975 1659 illa
987 1639 1042 1659 non

256 1683 337 1710 posse
352 1683 516 1710 quemquam
537 1676 681 1710 justiﬁcari
692 1696 700 1709 ,
722 1677 870 1712 Apostolus
887 1685 917 1705 re
933 1677 1042 1712 cognita

254 1721 474 1757 Pbilippensibus
495 1722 599 1750 scribit.
625 1722 659 1749 Et
682 1723 798 1757 primum
815 1724 925 1759 quidem
950 1724 1043 1750 laudat

255 1775 349 1795 eorum
364 1767 454 1801 ﬁdem,
469 1771 496 1795 et
510 1768 654 1802 signiﬁcat,
667 1769 738 1802 quod
752 1769 909 1796 memoriam
920 1769 1041 1803 ipsorum

256 1813 364 1840 habeat.
381 1813 481 1840 Deinde
507 1817 628 1845 enarrat,
651 1814 786 1848 quomodo
804 1814 897 1841 Roma:
911 1814 1042 1842 doctrinae

257 1865 314 1885 sua:
330 1859 461 1886 rationem
479 1859 639 1890 reddiderit,
653 1864 679 1886 et
693 1859 829 1894 quomodo
846 1860 967 1886 nonnulli
984 1867 1042 1887 mo-

257 1903 362 1931 lestiam
379 1903 531 1936 intulerint,
543 1905 606 1931 dum
623 1905 651 1931 in
665 1905 781 1933 vinculis
795 1909 884 1937 esset,
910 1905 1040 1932 invidiam

258 1948 309 1983 ipsi
325 1951 485 1977 excitantes.
501 1949 599 1977 Postea
615 1950 776 1978 adhortatur
785 1958 843 1982 eos,
859 1955 889 1978 ut
904 1958 933 1979 se
945 1955 1040 1978 mutuo

257 1993 388 2028 diligant:
404 1996 527 2030 exposita
542 1995 691 2023 Salvator-is
705 1996 885 2031 benignitate,
915 1997 960 2032 qui
978 2005 1040 2024 cum

257 2035 329 2064 Deus
345 2043 426 2071 esset,
443 2038 523 2065 homo
538 2039 625 2066 nostri
641 2038 729 2072 gratia
759 2038 847 2066 factus
867 2042 918 2066 est.
944 2038 1040 2066 Postea

257 2081 292 2109 de
306 2081 515 2110 circumcisione
529 2090 561 2110 ac
578 2084 661 2110 veteri
679 2083 736 2118 lege
750 2082 903 2118 disputans,
918 2084 1040 2111 inutilem

257 2135 318 2155 esse
331 2127 461 2163 deinceps
477 2128 714 2156 circumcisioncm
732 2129 866 2161 ostendit,
886 2133 992 2163 sumpto
1008 2130 1040 2156 de

258 2183 288 2202 se
306 2176 440 2210 exemplo,
451 2183 512 2202 cum
527 2175 610 2202 dicit:
628 2185 637 2200 ι
658 2174 719 2202 Haec
735 2175 825 2201 omnia
844 2178 953 2210 propter
965 2174 1041 2202 Chri-

258 2225 331 2248 stum
358 2220 487 2248 damnum
514 2228 574 2248 esse
599 2220 692 2254 judico
710 2220 741 2247 ¹².
762 2230 771 2246 ›
798 2219 968 2256 Quapropter
991 2229 1039 2248 eos

257 2273 375 2301 quoque,
391 2266 437 2301 qui
462 2266 698 2294 circumcisionem
724 2266 812 2293 adhuc
838 2266 988 2299 docebant,
1009 2274 1041 2294 ac

257 2311 445 2348 Philippenses
470 2312 601 2340 seducere
618 2313 962 2348 volebanthreprehcndit,
993 2314 1042 2340 ini-

258 2358 398 2393 micosque
411 2357 513 2385 Christi
526 2366 588 2386 esse
605 2358 680 2386 dicit.
703 2358 808 2386 Laudat
825 2362 916 2386 autem
939 2359 1041 2394 Philip-

259 2411 357 2438 penses
372 2408 480 2439 propter
493 2404 760 2436 communicationis,
778 2405 851 2439 quod
869 2404 920 2432 sibi
937 2405 1042 2440 impen-

259 2449 364 2480 derant.
377 2449 548 2482 beneﬁcium,
565 2453 591 2477 et
608 2450 653 2477 ubi
670 2449 703 2477 ad
718 2450 805 2478 bonos
827 2458 917 2478 mores
930 2458 1040 2478 rursum

259 2496 419 2524 adhortatus
431 2501 482 2528 est,
501 2497 626 2524 terminat
638 2496 796 2532 Epistolam.

455 2552 590 2588 Septima,
616 2554 650 2581 ad
671 2553 848 2582 Colossenses.

295 2598 341 2626 65.
361 2597 436 2625 Hane
452 2607 558 2634 quoque
574 2599 660 2627 Roma
674 2600 766 2633 misit,
782 2608 843 2628 cum
864 2600 1040 2629 Colossenses

260 2643 381 2670 nondum
393 2644 504 2672 vidisset
515 2645 634 2680 quidem,
652 2646 825 2681 audissetque
839 2650 945 2673 tantum
959 2647 993 2674 de
1008 2647 1042 2674 il-

259 2691 305 2718 lis.
318 2689 431 2718 Occasio
445 2694 535 2718 autem
558 2691 685 2726 Epistula:
707 2691 765 2719 haec
786 2696 846 2720 est:
865 2693 1041 2720 Colossenses

259 2735 361 2763 Gmcis
387 2736 598 2771 sophismatibus
622 2737 752 2765 seducere
770 2738 909 2765 tentabant
930 2738 1041 2772 quidam

259 2786 355 2808 contra
372 2782 450 2810 [idem
466 2782 566 2810 Christi
582 2783 722 2818 loquentes
740 2793 746 2810 :
765 2791 815 2811 nec
833 2791 887 2811 non
914 2783 987 2810 circa
1003 2783 1042 2811 leo

262 2829 334 2862 gales
349 2828 434 2861 cibos,
446 2833 473 2856 et
490 2830 737 2858 circumcisionem.
767 2829 823 2858 Hoc
839 2830 884 2857 ubi
897 2829 1040 2858 didicisset

298 2888 321 2921 _“
337 2887 451 2920 Philipp.
469 2895 509 2920 ιιι,
531 2887 555 2916 ’1.

1092 1581 1176 1613 ἀκοὰς
1192 1581 1245 1608 τῶν
1267 1582 1403 1617 ἀκεραίων
1417 1582 1551 1618 προφάσει
1569 1583 1618 1618 τῆς
1634 1583 1712 1614 σκιᾶς
1727 1583 1774 1609 τοῦ
1790 1583 1874 1619 νόμου

1092 1626 1202 1662 καὶτῆς
1221 1627 1381 1662 περιτομῆς,
1396 1627 1443 1654 καὶ
1461 1627 1593 1662 λεγόντων
1613 1629 1697 1664 χωρὶς
1716 1629 1816 1665 ταύτης
1836 1630 1875 1665 μὴ

1090 1671 1219 1699 δύνασθαι
1239 1672 1423 1708 δικαιωθῆναι,
1445 1673 1538 1708 μαθὼν
1558 1675 1573 1700 ὁ
1595 1673 1754 1706 Ἀπόστολος
1773 1676 1876 1711 γράψει

1090 1718 1290 1754 Φιλιππησίοις.
1314 1719 1369 1745 Καὶ
1391 1719 1498 1754 πρῶτον
1523 1719 1573 1755 μὲν
1598 1720 1759 1756 ἀποδέχεται
1783 1723 1876 1748 αὐτῶν

1090 1761 1139 1797 τὴν
1156 1762 1254 1794 πίστιν,
1270 1762 1316 1789 καὶ
1328 1763 1453 1798 σημαίνει
1468 1764 1645 1799 μνημονεύειν
1658 1766 1746 1792 αὐτῶν
1758 1774 1764 1780 '
1780 1766 1876 1794 ἔπειτα

1090 1807 1223 1843 διηγεῖται
1238 1809 1276 1840 ὡς
1294 1809 1482 1845 ἀπελογήσατο
1505 1811 1533 1837 ἐν
1555 1810 1657 1848 Ῥώμῃ,
1682 1813 1729 1839 καὶ
1745 1813 1785 1840 ὅτι
1802 1814 1875 1845 τινὲς

1091 1853 1164 1888 αὖτῴ
1178 1853 1269 1890 βαρεῖς
1287 1853 1427 1888 γεγόνασιν
1444 1855 1472 1882 ὲν
1484 1856 1540 1886 τοῖς
1552 1855 1669 1891 δεσμοῖς,
1686 1857 1780 1891 φθόνον
1799 1858 1874 1893 αὑτῷ

1091 1900 1235 1931 κινοῦντες.
1255 1899 1322 1927 Εἶτα
1338 1901 1435 1933 αὐτοὺς
1456 1902 1635 1937 προτρέπεται
1656 1902 1784 1938 ἀλλήλους
1806 1904 1874 1938 ἀγα-

1091 1947 1154 1981 πᾷν,
1171 1945 1349 1982 ἐξηγούμενος
1369 1948 1416 1983 τὴν
1439 1949 1484 1974 τοῦ
1507 1948 1631 1985 Σωτῆρος
1658 1949 1872 1985 φιλανθρωπίαν,

1089 1989 1130 2016 ὅτι
1147 1990 1212 2022 Θεὸς
1233 1990 1270 2017 ὢν
1291 1991 1483 2028 ὲνηνθρὼπησε
1497 1992 1530 2021 δι’
1543 1993 1625 2029 ἡμᾶς.
1648 1993 1715 2021 Εἶτα
1738 1996 1802 2030 περὶ
1822 1998 1872 2031 τῆς

1091 2037 1240 2072 περιτομῆς
1261 2038 1307 2064 καὶ
1320 2038 1367 2064 τοῦ
1387 2039 1501 2066 παλαιοῦ
1519 2039 1599 2075 νόμον
1614 2039 1747 2066 διαλαϐὼν
1763 2041 1871 2068 ἀποδει-

1091 2081 1165 2108 κνύει
1179 2083 1265 2118 ἀργὴν
1282 2083 1441 2118 γεγενῆσθαι
1458 2083 1550 2111 λοιπον
1567 2084 1616 2120 τὴν
1628 2085 1788 2121 περιτομὴν,
1804 2085 1874 2122 λαμ-

1091 2126 1178 2153 ϐάνων
1199 2127 1244 2162 ἀφ’
1266 2128 1362 2154 ἑαυτοῦ
1381 2129 1412 2155 τὸ
1434 2130 1624 2166 παράδειγμα,
1648 2131 1694 2157 καὶ
1714 2131 1811 2165 λέγων,
1831 2133 1872 2158 ὅτι

1094 2183 1102 2199 ι
1122 2174 1212 2201 Ταῦτα
1229 2174 1315 2201 πάντα
1337 2175 1454 2210 ἠγοῦμαι
1474 2175 1516 2202 διὰ
1533 2176 1577 2202 τὸν
1592 2177 1708 2212 Χριστὸν
1728 2176 1838 2212 ζημίαν.
1859 2188 1868 2204 ι

1091 2219 1135 2246 Διὸ
1154 2219 1199 2245 καὶ
1212 2220 1274 2250 τοὺς
1292 2220 1339 2254 μὲν
1353 2220 1523 2252 διδάσκοντας
1538 2220 1576 2247 ἔτι
1590 2221 1747 2256 περιτομὴν,
1763 2222 1810 2248 καὶ
1826 2222 1872 2248 θέ-

1091 2265 1184 2298 λοντας
1193 2267 1289 2297 αὐτοὺς
1297 2266 1445 2302 ἀπατῆσαι,
1459 2268 1603 2302 μέμφεται,
1618 2268 1664 2294 καὶ
1674 2267 1745 2301 λέγει
1759 2268 1873 2304 ἐχθροὺς

1091 2310 1159 2338 εἶναι
1175 2312 1221 2338 τοῦ
1235 2312 1363 2348 Χριστοῦ.
1386 2312 1557 2348 Ἀποδέχεται
1571 2313 1599 2340 δὲ
1617 2314 1812 2349 Φιλιππησίους
1827 2314 1873 2340 διὰ

1090 2358 1138 2394 τὴν
1154 2359 1222 2393 πρὸς
1237 2358 1316 2385 αὐτὸν
1330 2358 1379 2393 τῆς
1397 2359 1538 2390 κοινωνίας
1552 2358 1636 2385 δόσιν·
1659 2359 1705 2385 καὶ
1719 2358 1875 2393 προτρεψὰ-

1093 2413 1171 2440 μενος
1187 2405 1265 2432 πάλιν
1281 2406 1320 2437 εἰς
1333 2405 1367 2431 τὰ
1388 2404 1439 2440 ἤθη
1456 2405 1562 2438 αὐτοὺς,
1584 2405 1680 2431 τελειοῐ
1693 2404 1742 2440 τὴν
1750 2405 1873 2431 Ἐπιστοη

1090 2451 1148 2486 λήν.
1847 2450 1853 2456 ”

1264 2540 1398 2576 Ἑϐδόμη,
1418 2541 1492 2576 πρὸς
1503 2540 1699 2573 Κολασσαεῖς.

1126 2599 1169 2627 65.
1187 2599 1294 2634 Ταύτην
1319 2599 1477 2626 ἀποστέλλει
1499 2598 1552 2625 ἀπὸ
1574 2598 1691 2634 Ῥώμης,
1713 2598 1762 2632 οὐχ
1783 2598 1872 2634 ἑωρα-

1091 2644 1146 2677 κὼς
1163 2645 1212 2680 μὲν
1227 2645 1333 2677 αὐτοὺς,
1346 2644 1463 2676 ἀκούσας
1473 2644 1501 2671 δὲ
1515 2645 1578 2680 περὶ
1594 2643 1692 2670 αὐτῶν.
1712 2643 1743 2670 Ἦ
1759 2644 1787 2670 δὲ
1803 2645 1870 2679 πρό-

1092 2700 1172 2725 φασις
1192 2690 1403 2726 τῆςῈπισ-τολῆς
1418 2690 1486 2725 αὕτη
1497 2699 1504 2705 ⁸
1520 2691 1588 2722 Τοὺς
1603 2690 1770 2721 Κολασσαεῖς
1794 2691 1870 2717 ἐπει-

1093 2736 1176 2772 ρῶντο
1199 2744 1270 2768 τινες
1288 2736 1426 2770 ἀπατῆσαι
1443 2737 1604 2771 σοφίσμασιν
1625 2736 1787 2772 Ἑλληνικοῖς
1800 2737 1871 2763 κατὰ

1091 2784 1140 2818 τῆς
1157 2785 1196 2815 εἰς
1217 2783 1262 2809 τὸν
1283 2783 1399 2819 Χριστὸν
1422 2782 1548 2815 πίστεως,
1566 2783 1612 2810 καὶ
1629 2783 1761 2818 περὶτῶν
1787 2783 1816 2808 ὲν
1832 2782 1870 2817 τῷ

1092 2829 1165 2863 νόμῳ
1182 2828 1342 2864 βρωμάτων,
1362 2829 1407 2855 καὶ
1430 2829 1479 2864 τῆς
1500 2829 1657 2865 περιτομῆς.
1674 2828 1766 2856 Ταῦτα
1781 2828 1870 2854 τοίνυν
