1929 3056
60 150 117 178 421

598 148 763 177 SYNOPSIS
783 147 991 177 SCRIPTUBE
1009 147 1147 176 SACRA'I.

1638 148 1691 176 422

63 207 163 243 μαθὼν
185 207 200 234 ὁ
219 206 387 238 Ἀπόστολος,
411 206 510 242 γράφει
532 205 580 241 τὴν
588 206 747 242 Ἐπιστολὴν
767 207 858 238 αὐτοῖς

912 204 1056 239 Apostolus
1069 225 1077 238 ,
1104 204 1175 231 hanc
1200 203 1254 231 illis
1272 202 1419 239 Epistolam
1444 203 1596 232 instruendi
1612 206 1692 233 modo

61 253 180 289 ταύτην,
197 252 292 288 ὥσπερ
304 253 500 288 κατηχητικὴν.
516 252 570 278 Καὶ
582 252 688 287 πρῶτον
707 252 756 287 μὲν
769 252 850 287 εὐχα-

63 299 168 335 ριστῶν
182 298 222 334 τῷ
243 298 312 333 Θεῷ,
337 298 463 334 σημαίνει
483 297 538 324 ἀπὸ
558 297 605 324 τοῦ
621 297 733 330 σκότους
755 298 851 328 αὐτοὺς

65 344 285 380 μταὸεὸηκέναι
307 345 346 376 εἰς
366 343 396 370 τὸ
421 343 478 378 φῶς
497 343 546 378 τῆς
566 343 703 378 ἀληθείας,
715 343 762 370 καὶ
781 343 821 369 ὅτι
838 344 852 370 ὁ

63 390 194 426 Χριστὸς,
208 391 247 421 εἰς
262 389 291 416 ὃν
303 389 474 421 ἐπίστευσαν,
490 388 570 415 εἰκών
584 389 642 415 ἐστι
655 388 701 415 τοῦ
716 387 793 420 Θεοῦ,
807 388 852 415 καὶ

65 436 167 470 Λόγος,
181 435 213 462 δι’
224 431 254 462 οὗ
270 435 304 462 τὰ
321 434 409 461 πάντα
420 434 515 468 γέγονε
525 442 531 448 '
547 434 594 460 καὶ
607 435 647 461 δτι
664 434 782 470 ἔπρεπεν
805 434 853 460 αὐ-

63 481 114 508 τὸν
130 481 294 516 δημιουργὸν
317 480 380 506 ὅντα
406 479 530 514 γενέσθαι
552 480 599 507 καὶ
620 479 788 515 πρωτότοκον
803 479 852 515 τῆς

67 527 187 558 κτίσεως
203 527 249 554 καὶ
260 526 430 562 πρωτότοκον
455 527 487 552 ἐκ
498 526 551 553 τῶν
566 525 679 562 νεκρῶν,
698 526 740 552 ἵνα
756 526 790 552 τὰ
802 526 854 561 ἀμ-

65 573 173 608 φότερα
186 572 300 608 συνάψῃ,
312 572 358 598 καὶ
369 571 525 608 ζωοποιὴσῃ
539 571 574 598 τὰ
584 572 681 598 πάντα.
703 571 853 607 Προτρέπει

67 627 98 644 τε
122 617 219 648 αὐτοὺς
236 617 363 652 ἐμμένειν
379 618 411 652 τῇ
427 616 527 648 πίστει,
550 616 700 651 σημαίνων,
713 616 754 642 ὅτι
775 616 854 648 αὐτὸς

68 664 177 695 Παῦλος
190 663 310 694 διάκονός
324 663 382 688 ἐστι
409 662 456 688 τοῦ
469 662 643 696 Εὐαγγελίου,
658 662 686 688 ὲν
699 658 722 695 ᾧ
736 663 856 697 κατηχή-

71 708 157 743 Θησαν
167 716 174 723 ⁸
190 706 249 734 εἶτα
262 707 290 733 δὲ
310 707 357 733 καὶ
372 708 435 742 περὶ
451 706 497 733 τοῦ
512 707 593 742 νόμου
608 708 654 734 καὶ
669 707 723 733 τῶν
740 708 768 734 ἐν
782 707 856 742 αὐτῷ

72 754 224 789 βρωμάτων
243 753 431 789 διαλαμϐάνει,
447 753 493 779 καὶ
510 752 574 788 περὶ
586 753 696 788 ἡμερῶν
709 753 755 779 καὶ
771 753 857 779 ἐνιαυ-

72 800 137 831 τῶν,
152 800 170 827 ἃ.
183 799 328 834 ἐξηγεῖται,
341 800 388 826 καὶ
402 799 588 826 ἀποδείκνυσιν
601 799 749 835 ὴργηκέναι
765 798 857 825 λοιπὸν

73 847 164 873 πάντα
188 845 222 872 τὰ
243 845 343 872 παλαιὰ
362 846 408 872 καὶ
425 846 473 880 τὴν
495 845 662 880 περιτομήν·
682 844 857 880 συμϐουλεύει

904 250 1008 278 scribit.
1024 250 1056 277 Et
1066 250 1202 285 principio
1212 250 1314 284 gratias
1326 257 1408 285 agens
1420 249 1485 283 Deo,
1497 251 1633 286 signiﬁcat
1644 260 1692 279 eos

904 303 919 324 e
934 296 1053 324 tenebris
1082 296 1116 322 ad
1144 296 1269 324 veritatis
1288 295 1376 323 lucem
1402 304 1463 325 esse
1478 297 1627 325 translatos
1640 318 1647 329 ,
1667 302 1695 325 et

905 343 977 379 quod
987 343 1124 375 Christus,
1136 343 1165 370 in
1179 350 1259 378 quem
1270 342 1460 376 crediderant,
1477 344 1568 379 imago
1585 344 1634 372 Dei
1647 346 1692 378 sit,

905 393 932 416 et
943 388 1061 416 Verbum
1077 396 1125 423 per
1146 389 1219 423 quod
1233 388 1325 415 omnia
1340 387 1411 415 facta
1427 392 1502 422 sunt,
1517 393 1544 417 et
1560 390 1632 424 quod
1649 390 1696 418 de-

906 433 1137 468 eueriteum,qui
1161 441 1252 461 rerum
1280 437 1323 461 est
1350 433 1459 468 opifex,
1485 434 1694 470 primogenitum

907 480 965 507 ﬁeri
995 485 1129 508 creatum
1145 500 1153 514 ,
1180 484 1207 508 et
1232 480 1445 515 primogenitum
1478 489 1512 509 ex
1551 484 1695 517 mortuis;

907 528 937 552 ut
965 529 1080 560 utraque
1108 525 1297 560 conjungeret,
1315 530 1342 552 et
1358 526 1450 553 omnia
1468 526 1626 556 viviﬁcaret.
1642 528 1697 555 Ade

907 571 1034 598 hortatur
1051 571 1132 598 etiam
1158 578 1216 602 eos,
1244 574 1274 597 ut
1301 571 1394 599 inﬁde
1426 572 1585 606 persistant,
1613 573 1697 608 signi-

909 616 993 645 ﬁcans
1016 618 1055 645 eis
1081 625 1110 645 se
1134 616 1248 644 Paulum
1265 625 1325 645 esse
1359 618 1517 645 ministrum
1538 619 1695 654 Evangelii,

908 664 936 690 in
948 671 1002 698 quo
1013 663 1141 690 instructi
1152 662 1208 698 jam
1224 667 1312 690 erant.
1330 662 1433 690 Deinde
1447 663 1480 690 de
1493 663 1561 698 lege,
1575 667 1602 691 et
1612 664 1645 691 de
1657 665 1698 691 ci-

909 707 952 737 bis
967 709 994 736 in
1006 709 1065 744 lege
1079 709 1238 737 memoratis
1252 709 1373 744 disputat
1383 729 1390 741 ,
1407 709 1441 736 de
1457 709 1555 737 diebus
1569 709 1651 736 etiam
1670 714 1699 737 et

911 756 989 783 annis
1006 755 1127 790 exponit,
1144 759 1170 782 et
1185 754 1314 790 deinceps
1329 758 1421 782 vetera
1433 754 1535 787 omnia,
1552 755 1699 783 circumci-

911 802 1014 830 sionem
1030 809 1156 836 quoque,
1183 801 1282 827 abolita
1310 808 1370 828 esse
1390 800 1521 828 declarat.
1534 801 1636 828 Auctor
1657 806 1700 829 est

911 849 992 876 etiam
1004 867 1011 880 ,
1024 855 1058 874 ne
1073 847 1161 882 decipi
1173 855 1202 875 se
1212 847 1304 875 sinant
1315 855 1330 874 a
1344 848 1487 883 sophistis,
1504 848 1593 883 iisque
1607 849 1653 884 qui
1669 857 1700 877 se

70 900 102 917 τε
126 891 224 922 αὐτοὺς
241 890 277 926 μὴ
293 890 442 917 πλανᾶσθαι
459 890 512 917 ἀπὸ
527 889 580 916 τῶν
601 889 793 924 σοφιζομένων,
811 888 859 915 καὶ

913 892 1064 920 subornare
1079 892 1189 919 vellent.
1205 891 1326 918 Tandem
1339 892 1464 920 hortatus
1476 898 1614 927 parentes,
1630 893 1700 920 libe-

72 936 178 972 πλανᾷν
204 936 301 967 αὐτοὺς
325 935 464 963 θελόντων.
491 935 546 962 Καὶ
571 935 661 961 λοιπὸν
691 934 857 970 παραινέσας

71 982 211 1010 κάνταῦθα
227 982 334 1016 γονεῦσι
349 983 395 1008 καὶ
408 983 523 1014 τέκνοις,
544 981 591 1008 καὶ
608 981 730 1016 ἀνδράσι,
751 981 798 1006 καὶ
813 989 861 1014 γυ-

71 1028 154 1061 ναιξὶ,
173 1028 275 1060 δούλοις
298 1028 344 1054 καὶ
365 1028 478 1062 κυρίοις,
496 1027 541 1054 καὶ
554 1027 588 1054 τὰ
608 1026 676 1053 ἄλλα
694 1025 728 1052 τὰ
744 1026 813 1061 πρὸς
827 1026 862 1052 τὰ

71 1075 126 1110 ἤθη
142 1074 352 1110 συμσουλεύσας,
366 1075 463 1101 τελειοῖ
469 1074 517 1108 τὴν
526 1073 692 1108 Ἐπιστολὴν,
704 1071 863 1107 Παραγγέλ-

71 1121 114 1147 λει
130 1121 219 1156 μέντοι
234 1121 341 1153 αὐτοὺς,
360 1121 414 1152 ἵνα,
432 1121 496 1147 ὅταν
513 1119 672 1154 ἀναγνωσθῇ
691 1119 756 1154 παρ’
773 1119 864 1150 αὐτοῖς

71 1169 90 1202 ἡ
106 1167 260 1203 Ἐπιστολὴ,
271 1168 403 1203 ποιήσωσι
416 1167 463 1194 καὶ
474 1167 502 1193 ὲν
511 1167 544 1202 τῇ
557 1165 709 1192 Λαοδικέων
717 1163 862 1200 Ἐκκλησία

909 938 1064 971 ros,viros,
1083 938 1229 970 mulieres,
1257 945 1351 965 servos
1377 942 1403 965 et
1418 938 1561 971 dominos,
1591 942 1618 966 et
1647 938 1700 965 alia

909 988 969 1015 qua:
979 979 1065 1007 bonos
1075 987 1165 1007 mores
1178 984 1347 1007 concernunt
1363 980 1482 1012 locutuS,
1501 979 1653 1015 Epistolaln
1669 979 1700 1006 ﬁ-

910 1027 962 1054 nit.
980 1025 1127 1053 Denuntiat
1142 1026 1224 1052 etiam
1239 1025 1303 1058 illis,
1316 1030 1345 1052 ut
1359 1029 1538 1060 posteaquam
1554 1026 1625 1060 apud
1637 1026 1701 1053 illos

910 1073 980 1100 lecta
993 1071 1074 1099 fuerit
1088 1071 1220 1107 Epistola,
1240 1076 1346 1103 curent,
1363 1075 1392 1098 ut
1409 1075 1436 1099 et
1449 1071 1477 1098 in
1489 1071 1612 1099 Ecclesia
1628 1071 1699 1098 Lao-

913 1117 1018 1144 dicensi
1043 1117 1165 1152 legatur,
1185 1120 1212 1144 et
1239 1122 1267 1144 ut
1282 1117 1403 1144 vicissim
1418 1125 1478 1145 eam
1506 1117 1613 1153 legant,
1640 1125 1702 1153 quae

913 1164 1127 1193 Laodicensibus
1146 1164 1248 1199 scripta
1260 1169 1310 1192 est.

73 1216 159 1252 αὐτὴν
175 1215 394 1250 ἀναγνωσθῆναι·
409 1213 455 1240 καὶ
477 1211 527 1248 τὴν
543 1213 575 1238 ὲκ
589 1212 746 1243 Λαοδικείας
769 1211 848 1239 πάλιν
863 1211 909 1238 καὶ
925 1211 1023 1243 αὐτοὺς
1037 1210 1189 1245 ἀναγνῶναι

235 1285 348 1320 Ὀγὸόη,
364 1284 439 1318 πρὸς
460 1282 700 1316 Θεσσαλονικεῖς.

112 1353 155 1380 66.
181 1352 287 1387 Ταύτην
317 1351 467 1378 ἐπιστέλλει
495 1351 548 1378 ἀπὸ
571 1350 701 1386 Ἀθηνῶν,
731 1349 861 1386 ἑωρακὼς

76 1399 206 1434 πῴτερον
229 1397 337 1429 αὐτοὺς,
353 1397 399 1424 καὶ
422 1397 564 1432 διατρίψας
588 1397 652 1431 παρ’
667 1396 766 1427 αὐτοῖς.
786 1396 816 1422 Ἦ
832 1396 861 1422 δὲ

75 1446 214 1482 ’πρόφασις
236 1444 284 1479 τῆς
292 1443 452 1478 Ἐπιστολῆς
471 1442 557 1477 αὕτησ
576 1442 605 1468 ’0
623 1441 780 1472 Ἀπόστολος
801 1441 860 1468 πολ-

75 1492 126 1523 λὰς
140 1491 243 1526 θλίψεις
256 1489 349 1518 παθὼν
364 1490 393 1516 ὲν
407 1488 532 1524 Βερῤοίᾳ,
550 1488 597 1514 καὶ
610 1488 639 1513 ἐν
654 1486 795 1518 Φιλίπποις
811 1486 860 1521 τῆς

78 1537 256 1568 Μακεδονίας,
280 1536 327 1563 καὶ
342 1536 371 1562 εν
391 1535 526 1570 Κορίνθῳ,
540 1534 681 1569 γινώσκων
695 1542 725 1560 τε
747 1534 796 1559 ὅσα
811 1532 860 1559 πέ-
876 1547 896 1576 C

78 1583 160 1610 πονθε
173 1583 220 1609 καὶ
237 1583 265 1609 ἐν
280 1580 470 1617 Θεσσαλονίκῃ,
486 1579 566 1615 φοϐού
571 1588 661 1616 μενος,
680 1579 716 1615 μὴ
729 1578 862 1605 ἀκούσαν-

78 1639 125 1661 τες
135 1629 347 1660 Θεσσαλονικεῖς,
359 1628 377 1655 ἂ
389 1626 521 1654 πέπονθεν
535 1627 563 1653 ὲν
577 1627 638 1657 ταῖς
653 1624 863 1661 προειρημέναις

79 1676 182 1706 πόλεσι,
198 1673 382 1710 πειρασθῶσιν
398 1673 450 1700 ὑπὸ
464 1672 509 1699 τοῦ
524 1671 707 1708 πειράζοντος,
723 1671 769 1697 καὶ
783 1679 864 1697 σκαν-

76 1720 239 1749 δαλισθῶσι·
255 1719 346 1756 μαθὼν
360 1719 389 1746 δὲ
405 1719 445 1746 ὃτι
461 1719 507 1745 καὶ
523 1718 570 1745 ἐπὶ
587 1718 644 1749 τοῖς
663 1716 863 1752 ἀποθνήσκουσι

78 1767 226 1795 κατώδυνοι
235 1766 364 1800 ὲγίνοντο,
377 1764 536 1792 ἀποστέλλει
546 1764 676 1799 Τιμόθεον
689 1763 755 1799 πρὸς
767 1763 864 1794 αὐτοὺς

78 1812 150 1849 μετὰ
169 1812 219 1846 τῆς
227 1810 386 1845 Ἐπιστολῆς
403 1809 514 1844 ταύτης.
535 1808 590 1835 Καὶ
610 1808 717 1844 πρῶτον
738 1807 787 1842 μὲν
809 1808 865 1833 ἐπι-

79 1858 202 1894 στηρίζει
223 1856 321 1888 αὐτοὺς
336 1856 364 1882 ἐν
385 1857 418 1891 τῇ
439 1855 539 1886 πίστει,
560 1853 629 1880 ὥστε
648 1854 684 1889 μὴ
705 1853 863 1880 σαλεύεσθαι

77 1903 123 1931 διὰ
138 1904 185 1935 τὰς
206 1902 324 1937 θλίψεις·
341 1901 543 1936 ὑπομιμνήσκει
564 1900 618 1935 γὰρ
638 1899 745 1931 αὐτοὺς,
760 1899 797 1930 ὡς
817 1897 864 1925 καὶ

80 1952 109 1976 ὲν
124 1951 155 1985 τῇ
171 1949 318 1985 κατηχήσει
334 1947 507 1982 διδαχθέντας
523 1944 666 1981 ὑπομένειν
685 1945 733 1976 τὰς
750 1945 862 1980 θλίψεις,

78 1993 128 2022 καὶ
151 1995 235 2030 μηδὲν
253 1994 326 2026 ξένον
343 1993 440 2024 αὐτοὺς
462 1992 622 2018 πεπονθέναι
645 1990 699 2018 ὑπὸ
720 1990 862 2021 Ἰουδαίων,

79 2040 134 2067 τῶν
148 2041 193 2066 καὶ
205 2039 250 2066 τὸν
263 2038 379 2074 Χριστὸν
392 2036 617 2064 ἀποκτεινάντων.
629 2034 796 2072 Χριστιανῶν
811 2034 864 2069 γὰρ

82 2086 147 2112 ἴδιον
163 2085 193 2112 τὸ
210 2084 346 2111 θλίϐεσθαι
363 2085 391 2110 ὲν
407 2083 446 2118 τῷ
461 2083 511 2118 βίῳ
530 2082 616 2117 τούτῳ
631 2081 717 2115 ἔλεγε.
732 2080 819 2107 Πολλὰ
836 2079 864 2106 δὲ

80 2130 247 2167 παραινέσας
269 2130 361 2161 αὐτοῖς
380 2129 466 2160 οὕτως
483 2127 708 2164 ἀναστρέφεσθαι,
737 2127 774 2158 ὡς
794 2135 865 2162 παρ-

83 2177 179 2203 έλαϐον
192 2176 240 2203 ἀπ’
255 2174 348 2207 αὐτοῦ,
361 2174 461 2210 γράφει
475 2174 520 2200 καὶ
533 2172 656 2209 περὶτῶν
667 2170 862 2204 τελευτώντων,

1088 1279 1201 1313 Octava,
1222 1279 1256 1306 ad
1272 1279 1527 1308 Thessalonicenses.

949 1346 994 1374 66.
1014 1345 1090 1374 lianc
1108 1346 1190 1373 mittit
1204 1346 1327 1380 Athenis,
1345 1353 1406 1373 eum
1420 1354 1467 1374 eos
1489 1346 1547 1381 jam
1559 1350 1639 1374 antea
1660 1347 1701 1375 vi-

914 1393 1010 1425 disset,
1025 1396 1051 1420 et
1068 1400 1130 1419 cum
1142 1393 1209 1427 ipsis
1220 1397 1398 1420 conversatus
1413 1397 1496 1420 esset.
1510 1392 1625 1420 Occasio
1638 1401 1701 1421 vero

912 1439 1033 1473 epistola
1050 1438 1108 1466 haec
1120 1442 1162 1466 est
1179 1446 1185 1465 ς
1200 1438 1267 1466 Cum
1280 1438 1380 1466 multas
1393 1438 1552 1466 amictiones
1566 1439 1702 1466 Berrhom

912 1492 1058 1519 perpessus
1083 1488 1155 1511 esset
1169 1483 1326 1519 Apostolus,
1338 1483 1470 1518 Philippis
1487 1492 1598 1519 quoque
1613 1484 1702 1512 Macc-

912 1530 1000 1558 donize
1026 1534 1053 1558 et
1073 1530 1215 1562 (lorinthi,
1240 1530 1386 1565 sciretque,
1404 1538 1464 1565 quze
1488 1537 1587 1565 passus
1613 1529 1702 1556 fuerat

913 1576 1123 1608 Thessalonicae,
1141 1577 1255 1608 veritus,
1271 1584 1305 1603 ne
1315 1576 1585 1610 Thessalonicenses,
1600 1576 1701 1603 auditis

914 1630 974 1658 qua;
989 1629 1087 1657 passus
1104 1626 1164 1649 erat
1179 1621 1208 1648 in
1221 1621 1359 1656 praedictis
1374 1622 1543 1653 civitatibus,
1560 1624 1702 1648 tentaren-

914 1675 958 1697 tur
971 1677 986 1696 ιι
1000 1672 1134 1696 tentatore
1154 1671 1181 1695 et
1195 1667 1460 1700 scandalizarentur,
1475 1667 1626 1702 praesertim
1638 1675 1701 1694 cum

913 1715 1093 1744 intellexisset
1108 1722 1155 1742 eos
1171 1717 1343 1741 mortuorum
1355 1713 1442 1748 gratia
1460 1713 1576 1740 multum
1591 1712 1700 1748 lugere.

913 1762 989 1789 misit
1003 1761 1038 1789 ad
1055 1768 1104 1788 eos
1118 1760 1290 1787 Timotheum
1306 1767 1368 1786 eum
1387 1759 1439 1786 hac
1450 1757 1583 1793 Epistola.
1599 1758 1631 1785 Et
1644 1760 1702 1794 pri-

913 1815 988 1835 mum
999 1807 1142 1835 conﬁrmat
1157 1814 1205 1834 eos
1230 1806 1258 1833 in
1275 1805 1326 1833 lide
1336 1826 1343 1838 ,
1364 1813 1398 1833 ne
1413 1809 1526 1841 propter
1540 1804 1702 1832 aﬂlictiones

914 1854 1114 1882 concutiuntur.
1123 1851 1338 1880 Commonefaeit
1345 1851 1418 1879 enim
1427 1851 1625 1886 eos,quomodo
1636 1855 1662 1879 et
1674 1852 1702 1879 in

914 1900 1179 1936 primainstitutione
1196 1899 1358 1930 didicerant,
1372 1897 1500 1926 ferendas
1513 1905 1573 1926 esse
1590 1898 1702 1926 tribula-

913 1947 1013 1978 tiones,
1026 1949 1052 1974 et
1063 1945 1135 1981 quod
1150 1945 1271 1973 insolens
1282 1952 1336 1972 non
1351 1944 1397 1976 sit,
1409 1944 1483 1979 quod
1496 1944 1569 1979 passi
1581 1948 1702 1972 essenta

914 1991 1026 2024 JUdiBiS,
1041 1992 1087 2026 qui
1100 1992 1182 2019 etiam
1193 1991 1332 2019 Christum
1351 1991 1522 2019 occiderunt.
1546 1990 1613 2018 Esse
1628 1991 1701 2018 enim

917 2038 992 2074 151
1009 2037 1148 2072 proprium
1165 2037 1383 2066 Christianorum
1406 2037 1486 2072 aﬂligi
1505 2037 1533 2064 in
1559 2037 1609 2064 hac
1633 2037 1699 2064 vita.

914 2082 1043 2110 llortatus
1057 2088 1147 2111 autem
1166 2090 1213 2110 eos
1228 2083 1336 2114 multis,
1355 2086 1384 2109 ut
1410 2083 1448 2109 ita
1473 2087 1701 2110 conversarenlur

915 2129 996 2156 sicuti
1014 2129 1048 2155 ab
1059 2129 1119 2163 ipso
1131 2133 1301 2163 acceperant,
1317 2128 1351 2155 de
1365 2128 1481 2156 mortuis
1497 2128 1579 2155 etiam
1594 2128 1699 2159 scribit,

915 2175 1062 2202 consolans
1076 2182 1124 2202 eos
1142 2182 1174 2201 ac
1188 2175 1288 2202 docens
1298 2193 1306 2206 ,
1321 2182 1356 2202 ne
1378 2173 1490 2202 moleste
1512 2173 1610 2202 ferant.
1627 2174 1701 2200 Mor-

82 2220 327 2257 παραμυθούμενος
347 2219 445 2250 αὐτοὺς
464 2219 510 2245 καὶ
532 2218 674 2250 διδάσκων,
698 2217 735 2253 μὴ
759 2217 861 2253 βαρέως

916 2224 969 2248 tem
986 2221 1058 2248 enim
1075 2229 1131 2248 non
1146 2228 1207 2249 esse
1227 2220 1416 2256 perditionem,
1430 2220 1476 2247 sed
1492 2220 1562 2246 viam
1578 2227 1701 2248 resurre-

83 2268 184 2302 gépetv.
197 2267 233 2293 Οὐ
246 2266 299 2301 γὰρ
314 2262 382 2292 εἶναι
395 2264 439 2292 τὸν
453 2264 565 2291 θάνατον
576 2262 723 2294 ἀπώλειαν,
737 2262 793 2289 ἀλλ’
806 2262 865 2289 ὁδὸν

82 2313 268 2344 ἀναστάσεως.
293 2311 407 2338 Ἔπειτα
428 2310 476 2336 καὶ
493 2308 626 2344 περὶτῶν
647 2308 750 2344 χρόνων
768 2308 866 2339 αὐτοὺς

82 2360 212 2391 διδάσκει,
233 2358 278 2390 ἶν’,
300 2356 396 2392 ἄδηλον
415 2355 464 2392 τὴν
487 2355 591 2391 ἡμέραν
611 2354 799 2389 γινώσκοντες,
824 2352 866 2380 ἀεὶ

81 2407 185 2441 ’ἐτοιμοι
201 2405 339 2439 γίνωνται,
353 2403 400 2429 καὶ
413 2402 507 2438 μηδενὶ
519 2401 687 2437 προσέχωσιν
703 2399 866 2434 ἐπαγγελλο-

83 2450 158 2487 μένῳ
180 2451 244 2485 περὶ
264 2450 358 2484 αὐτῆς.
376 2447 504 2475 Ἐσεσθαι
537 2447 590 2482 γάρ
610 2455 675 2481 φησι
695 2446 744 2482 τὴν
767 2454 867 2481 παρου-

83 2497 146 2524 σίαν
161 2496 258 2527 οὓτως,
280 2494 348 2521 ὥστε
367 2495 430 2525 τοὺς
451 2492 700 2528 περιλειπομένους,
723 2492 770 2518 καὶ
792 2489 867 2527 εὑρι-

83 2542 233 2578 σκομένους
250 2540 278 2568 ἐν
298 2542 331 2576 τῇ
351 2538 443 2576 ἡμέρᾳ
458 2539 560 2575 ἐκείνῃ,
583 2538 619 2574 μὴ
634 2538 744 2572 φθάνειν
759 2538 820 2569 τοὺς
836 2537 868 2564 ὲκ

80 2589 189 2625 νεκρῶν
209 2586 409 2623 ἐγειρομένους.
431 2586 506 2620 ’Ἅμα
526 2586 580 2618 γὰρ
597 2583 717 2618 γίνεσθαι
737 2583 785 2619 τὴν
801 2583 869 2610 πάν-

81 2644 138 2662 των
151 2633 269 2669 ἀλλαγὴν
285 2631 413 2659 διδάσκει.
423 2630 500 2666 Πρὸς
514 2630 626 2661 τούτοις,
643 2629 802 2666 προτρέπων
821 2630 869 2656 αὺ-

82 2681 148 2711 τοῦς
168 2675 337 2714 βελτιοῦσθαι
352 2677 381 2703 ὲν
394 2678 449 2708 τοῖς
468 2675 556 2711 ἤθεσι,
574 2676 699 2710 παραινεῖ
714 2674 756 2701 ἀεὶ
778 2675 867 2706 αὐτοῖς

85 2727 133 2753 καὶ
151 2725 259 2761 χαίρειν
281 2725 314 2760 τῇ
333 2722 430 2755 ἐλπίδι,
444 2723 490 2749 καὶ
502 2720 709 2758 προσεύχεσθαι,
726 2720 772 2748 καὶ
787 2721 867 2755 εὐχα-

86 2770 188 2805 ριστεῖν
203 2768 247 2795 ἀεὶ
261 2767 300 2803 τῷ
320 2767 422 2802 Κυρίῳ,
437 2766 581 2801 ὲνορκίζων
603 2765 700 2796 αὐτοὺς
716 2765 869 2799 ἀναγνῶναι

85 2815 135 2850 τὴν
142 2813 302 2849 Ἐπιστολὴν
318 2813 417 2848 ταύτην
430 2813 494 2839 πᾶσι
507 2813 562 2843 τοῖς
575 2810 706 2845 ἀδελφοῖς,
722 2811 768 2837 καὶ
784 2810 869 2843 οὕτως
888 2845 890 2847 _

85 2861 171 2897 αὐτὴν
184 2859 289 2886 τελειοί

915 2267 1024 2294 ctionis.
1042 2266 1145 2294 Deinde
1158 2271 1185 2293 et
1208 2266 1242 2293 de
1266 2266 1437 2300 temporibus
1462 2273 1509 2293 eos
1525 2265 1638 2296 edocet,
1671 2271 1701 2293 ut

915 2312 986 2340 diem
1000 2312 1103 2339 Domini
1118 2311 1254 2339 oc'eultum
1267 2319 1328 2339 esse
1344 2311 1471 2344 scientes,
1496 2319 1601 2346 semper
1614 2312 1700 2346 parati

916 2359 981 2391 sint,
999 2366 1049 2386 nec
1063 2348 1229 2394 quemquam
1241 2357 1382 2384 attendant
1393 2356 1427 2384 de
1442 2356 1488 2384 ill'o
1504 2356 1674 2384 nuntiantem
1690 2366 1697 2384 :

916 2404 1037 2432 futurum
1051 2404 1123 2431 enim
1137 2403 1174 2432 ita
1190 2403 1244 2431 illis
1269 2403 1423 2436 adventum,
1440 2406 1469 2429 ut
1483 2402 1529 2438 qui
1544 2402 1644 2430 residui
1658 2403 1700 2430 in-

915 2450 1058 2478 venientur
1073 2450 1101 2476 in
1113 2457 1145 2476 co
1159 2448 1212 2481 die,
1225 2456 1278 2475 non
1297 2447 1524 2483 sintpraeventuri
1536 2455 1594 2478 eos.
1609 2449 1655 2482 qui
1666 2457 1701 2475 cx

916 2496 1033 2523 mortuis
1047 2495 1249 2526 excitabuntur,
1263 2501 1295 2521 eo
1305 2494 1377 2529 quod
1390 2494 1470 2521 simul
1485 2501 1518 2520 ac
1537 2493 1626 2521 subito
1642 2501 1701 2520 om-

918 2543 992 2569 nium
1020 2542 1055 2568 sit
1073 2541 1162 2568 l'utura
1189 2540 1313 2567 mutatio.
1343 2540 1463 2574 Denique
1489 2539 1533 2567 ubi
1560 2539 1701 2566 admonuit

918 2596 976 2620 eos,
992 2591 1022 2615 ut
1037 2588 1161 2614 meliores
1177 2587 1300 2614 moribus
1316 2586 1443 2619 evadant,
1462 2586 1586 2613 hortatur
1605 2587 1699 2617 etiam,

919 2637 948 2660 ut
962 2639 1069 2666 semper
1087 2631 1114 2657 in
1131 2638 1179 2665 spe
1190 2629 1336 2665 gaudeant,
1352 2633 1378 2656 et
1396 2630 1544 2664 precationi
1560 2629 1698 2660 insistant,

919 2686 950 2705 ac
972 2682 1101 2713 perpetuo
1116 2677 1218 2711 gratias
1244 2680 1324 2711 agant
1344 2675 1466 2703 Domino.
1487 2675 1607 2702 Tandem
1622 2675 1700 2709 adju-

919 2729 962 2752 rat
985 2731 1043 2755 eos,
1058 2727 1088 2750 ut
1104 2723 1253 2757 Epistolam
1283 2723 1354 2749 hanc
1371 2721 1499 2749 fratribus
1514 2721 1640 2749 omnibus
1659 2721 1699 2750 le-

919 2774 993 2806 gant,
1009 2773 1089 2804 atque
1105 2769 1178 2796 illam
1193 2767 1260 2794 linit.
