1929 3056
239 130 293 159 425

381 188 469 219 Nona,
490 187 550 215 ilem
569 187 603 215 ad
625 187 874 216 Thessalonicenscs.

274 246 318 273 67.
339 245 413 272 lianc
428 245 512 273 Roma
531 245 623 272 mittit.
641 244 756 272 Occasio
773 251 863 273 autem
883 246 943 280 ejus
959 245 1022 273 talis

240 296 302 319 est:
324 291 526 327 Thessalonica:
562 291 671 326 quidam
694 291 775 318 otiosi
807 295 833 318 et
869 291 1023 319 inordinate

239 336 361 364 viventes
373 336 565 366 circumibant,
576 344 607 362 ac
621 335 721 363 fratres
734 335 901 363 seducebant
920 345 927 362 :
944 337 1022 371 quasi

237 383 294 418 jam
318 387 376 410 tum
402 382 534 410 adventus
561 382 669 409 Domini
696 382 821 409 instaret.
851 381 1023 409 Seducebant

239 433 329 456 autem
351 427 488 456 auditores
515 428 592 463 quasi
616 427 746 463 Apostolo
773 427 800 453 id
820 427 1021 458 manifestante,

238 479 266 502 et
295 475 329 501 ab
351 475 411 510 ipso
440 474 542 509 Spiritu
568 479 663 501 sancto
696 474 849 501 audissent.
873 473 952 506 Quod
975 473 1022 500 ubi

238 521 364 557 cognovit
375 520 531 556 Apostolus,
549 520 619 547 hanc
633 520 667 547 ad
681 527 728 547 eos
744 519 892 555 Epistolam
903 519 1021 555 scripsit.

239 567 273 594 Et
287 568 404 602 primum
421 567 529 602 quidem
549 572 718 594 crescentem
742 573 836 593 eorum
861 566 940 593 ﬁdem
961 566 1022 593 lau-

240 613 296 646 dat,
311 616 338 640 et
359 613 491 648 gloriatur
506 613 534 639 in
556 612 634 647 ipsis,
651 612 723 647 quod
744 612 902 639 aillictiones
917 611 1023 639 fortiter

240 659 392 686 tolerabant
407 663 516 693 propter
530 658 668 685 Christum
684 667 690 684 :
703 658 860 685 consolatur
871 665 917 685 cos
929 658 1020 690 etiam,

239 705 312 740 quod
331 705 422 732 futura
445 705 510 731 sita
526 703 581 731 Deo
604 704 671 731 ultio
690 712 803 737 eorum,
819 711 834 731 a
851 704 949 739 quibus
972 704 1023 730 im-

238 751 335 778 merito
359 750 558 784 alliigebantur.
586 749 689 777 Deinde
712 757 777 777 vero
801 754 827 777 et
848 750 882 777 de
904 748 1023 776 adventu

239 796 390 824 Salvatoris
410 804 457 824 eos
481 796 587 827 edocet,
605 803 640 823 ne
660 796 787 830 cuiquam
810 795 933 827 credant,
955 803 1023 823 nere

238 843 391 874 turbentur,
409 843 465 869 sive
479 850 526 877 per
538 841 682 877 Spiritum,
697 842 753 869 sive
768 845 895 876 tanquam
916 842 974 876 ipse
990 849 1021 869 ea

237 888 270 916 de
287 897 317 916 re
338 888 495 923 scripserit;
513 895 562 915 nec
588 888 643 915 ullo
663 887 744 915 modo
763 891 869 923 putent,
890 895 950 915 eam
966 887 1020 922 jam

236 935 350 967 instare,
382 938 429 961 aut
458 933 578 961 futuram
610 942 687 967 esse,
714 934 873 969 priusquam
903 933 1020 961 defectio

237 981 337 1012 veniat.
359 985 386 1008 et
409 984 470 1016 post
495 981 564 1007 hanc
589 980 882 1013 Antichristus,,lilins
895 980 940 1008 ille
959 987 1021 1014 per-

235 1027 357 1060 ditionis,
387 1027 466 1062 cujus
487 1027 631 1054 adventum
654 1027 682 1054 in
710 1026 796 1061 signis
827 1033 859 1052 ac
889 1025 1020 1060 prodigiis

234 1073 412 1101 mendacibus
439 1073 591 1100 secundum
616 1073 801 1107 operationem
823 1070 930 1099 Satanae
948 1071 1022 1098 futu-

236 1126 297 1146 rum
317 1126 380 1146 esse
404 1118 549 1153 signiﬁcat.
576 1117 676 1145 Postea
705 1117 866 1144 adhortatus
897 1125 962 1150 eos,
991 1121 1022 1144 ut

235 1164 342 1192 fortiter
352 1163 510 1199 persistant,
526 1169 553 1190 et
568 1163 739 1195 traditiones,
755 1170 824 1197 quas
843 1170 858 1189 a
873 1170 903 1190 se
919 1162 1021 1190 didice-

234 1215 307 1243 rant,
323 1212 441 1242 servent,
456 1209 599 1236 denuntiat
614 1209 667 1236 illis
694 1216 729 1235 ne
744 1216 826 1244 quam
837 1216 899 1235 cum
915 1209 959 1241 iis,
974 1208 1021 1243 qui

235 1255 387 1285 inordinate
407 1254 546 1288 vivebant,
573 1254 793 1282 communionem
819 1253 947 1285 habeant,
973 1253 1021 1281 sed

234 1301 322 1337 magis
346 1300 490 1336 repudient
515 1307 574 1327 eos.
605 1298 730 1327 Declarat
760 1298 833 1326 enim
863 1299 1019 1334 hujusmodi

234 1347 360 1375 curiosos
380 1354 441 1375 esse
463 1350 490 1373 et
505 1353 628 1373 errones.
648 1344 766 1372 Prorsus
785 1348 876 1371 autem
897 1345 1019 1380 praecipit

233 1393 284 1425 eis,
308 1396 337 1419 ut
360 1391 384 1420 si
403 1392 466 1427 quis
489 1391 660 1419 sermonibus
682 1391 740 1418 suis
762 1391 950 1425 immorigerus
972 1391 1017 1423 sit,

235 1439 307 1466 hunc
333 1445 348 1465 e
376 1444 512 1473 synagoga
535 1437 656 1471 ejiciant.
685 1437 816 1464 (latternm
841 1444 935 1471 pacem
965 1437 1018 1463 illis

233 1487 408 1518 apprecatus,
441 1483 498 1509 ﬁnit
524 1482 689 1517 Epistolam,
720 1482 882 1510 salutatione
909 1483 1018 1518 propria

817 127 846 157 S.
867 126 1098 156 ATHANASIUS.
1118 143 1153 148 —-
1171 127 1285 156 DUBIA.

1039 191 1059 218 Α
1109 187 1222 222 'Erdm,
1239 188 1331 215 πάλιν
1345 187 1393 214 καὶ
1404 187 1479 221 αὕτη
1495 187 1568 221 πρὸς
1583 185 1839 219 Θεσσαλονικεῗς.

1805 128 1878 156 424

1108 247 1151 273 67.
1173 246 1280 282 Ταύτην
1303 245 1461 272 ἀποστέλλει
1478 243 1532 271 ἀπὸ
1554 243 1674 279 Ῥώμης.
1691 243 1723 270 Ἦ
1745 242 1776 269 δὲ
1796 242 1877 278 πρό-

1073 300 1153 326 φασις
1177 292 1225 327 τῆς
1237 291 1395 326 Ἐπιστολῆς
1417 289 1500 325 αῦτη·
1523 289 1601 321 Τινὲς
1623 289 1652 316 ἐν
1674 288 1876 325 Θεσσαλονίκῃ

1073 339 1153 374 ἀργοὶ
1181 338 1228 365 καὶ
1259 337 1371 365 ἄτακτοι
1396 337 1602 373 περιερχόμενοι
1632 336 1695 367 τοὺς
1724 335 1875 370 ἀδελφοὺς

1073 383 1250 420 ὑφήρπαζον,
1277 384 1314 416 ὡς
1343 384 1392 420 ἤδη
1421 384 1471 418 τῆς
1502 383 1651 418 παρουσίας
1680 381 1727 409 τοῦ
1754 381 1873 417 Κυρίου

1073 431 1214 465 ἐνστάσης.
1229 430 1354 456 Ἡπὰτων
1368 430 1396 456 δὲ
1410 430 1473 461 τοὺς
1487 429 1644 460 ἀκούοντας,
1659 427 1697 459 ὼς
1710 427 1758 454 τοῦ
1776 428 1873 453 Ἀπο-

1074 476 1166 502 στόλου
1189 475 1266 502 τοῦτο
1286 475 1442 511 δηλοῦντος,
1464 475 1511 502 καὶ
1530 475 1582 501 ὑπὸ
1596 474 1755 509 ὶΙνεύματος
1777 473 1873 500 ἀκού-

1073 530 1177 553 σαντες.
1199 521 1292 548 Ταῦτα
1312 521 1400 548 τοίνυν
1425 520 1517 556 μαθὼν
1532 522 1547 547 ὁ
1574 519 1732 550 Ἀπόστολος
1756 519 1871 554 γράφει

1072 567 1121 603 τὴν
1136 568 1302 603 Ἐπιστολὴν.
1329 568 1383 593 Kal.
1412 566 1520 602 πρῶτον
1549 566 1597 602 μὲν
1621 565 1786 600 ἀποδέχεται
1815 564 1870 600 τὴν

1075 614 1163 640 πίστιν
1180 613 1270 639 αὐτῶν
1287 612 1454 645 αὖξάνουσαν
1465 633 1472 645 ,
1491 612 1539 639 καὶ
1558 613 1598 638 ὃτι
1615 612 1644 638 ἐν
1666 612 1758 642 αὐτοῖς
1778 612 1869 638 ὲκαυ-

1072 661 1149 695 χᾶτο,
1163 659 1212 691 τὰς
1229 659 1331 694 ϐλίψεις
1347 659 1478 693 γενναίως
1495 658 1659 694 ὑποφέρουσι
1673 658 1717 684 διὰ
1731 657 1778 684 τὸν
1795 658 1868 694 Χρι-

1074 707 1152 732 στόν·
1174 707 1221 733 καὶ
1243 705 1445 741 παραμυθεῖται
1467 706 1495 732 δὲ
1518 705 1633 737 αὐτοὺς,
1660 705 1698 736 ὡς
1723 705 1868 740 ἐσομένης

1073 752 1193 784 ἐκδικίας
1207 752 1281 788 παρὰ
1296 751 1342 778 τοῦ
1352 751 1418 777 Θεοῦ
1431 750 1501 777 κατὰ
1511 751 1563 788 τῶν
1578 750 1752 776 ἀδικούντωψ
1763 749 1867 776 ἔπειτα

1072 797 1099 823 δὲ
1124 798 1248 832 καὶπερὶ
1269 798 1318 832 τῆς
1338 797 1486 832 παρουσίας
1509 795 1556 824 τοῦ
1578 795 1702 830 Σωτῆρος
1725 795 1865 826 διδάσκει,

1075 843 1168 878 μηδενὶ
1183 843 1280 874 αὐτοὺς
1298 842 1455 874 πείθεσθαι,
1473 841 1540 877 μηδὲ
1557 841 1705 876 θροεῖσθαι,
1725 841 1795 876 μήτε
1816 840 1866 866 διὰ

1073 889 1240 924 Πηίειίματος,
1261 889 1329 924 μήτε
1349 889 1386 921 ὡς
1405 888 1486 915 αὑτοῦ
1510 887 1679 923 γράψαντος,
1698 886 1765 921 μηδὲ
1791 885 1865 917 ὅλως

1072 936 1192 970 νομίζειν
1207 935 1256 970 ἢδη
1270 935 1395 970 παρεῖναι
1411 934 1504 969 αὐτὴν,
1524 933 1589 969 μηδὲ
1604 933 1734 968 πρότερον
1748 931 1864 958 ἔσεσθαι

1071 981 1188 1017 ταύτην,
1211 980 1258 1007 ἐὰν
1285 981 1321 1015 μὴ
1344 981 1361 1015 ἡ
1381 980 1533 1006 ἀποστασία
1558 979 1689 1015 πρότερον
1711 978 1791 1013 ἕλοῃ,
1812 978 1864 1004 καὶ

1073 1029 1131 1062 μετ’
1145 1027 1228 1062 αὐτὴν
1243 1028 1256 1053 ὀ
1272 1027 1464 1063 Ἀντίχριστος,
1476 1028 1489 1054 ὁ
1512 1026 1569 1058 υίὸς
1589 1027 1639 1062 τῆς
1661 1024 1811 1056 ἀπωλείας,
1830 1021 1863 1051 οὖ

1071 1073 1119 1108 τὴν
1137 1073 1286 1108 παρουσίαν
1306 1073 1335 1098 ὲν
1349 1072 1471 1107 σημείοις
1486 1071 1532 1098 καὶ
1551 1071 1646 1107 τέρασι
1666 1070 1780 1106 ψεύδους
1797 1071 1861 1097 κατ’

1072 1119 1212 1154 ἐνέργειαν
1224 1117 1270 1145 τοῦ
1285 1118 1392 1145 Σατανᾶ
1406 1117 1516 1144 ἔσεσθαι
1530 1118 1666 1153 σημαίνει.
1680 1114 1746 1143 Εἶτα
1757 1125 1861 1152 παραι-

1072 1164 1152 1196 νέσας
1179 1164 1270 1195 αὐτοῖς
1295 1164 1404 1199 στήκειν
1421 1164 1565 1197 γενναίως,
1596 1163 1643 1190 καὶ
1671 1164 1781 1198 κρατεῖν
1808 1162 1859 1194 τὰς

1072 1209 1245 1245 παραδόσεις,
1259 1209 1296 1241 ὼς
1316 1209 1492 1245 ἐδιδάχθησαν
1507 1210 1571 1244 παρ’
1587 1209 1679 1242 αὑτοῦ,
1697 1208 1859 1244 παραγγέλ-

1071 1255 1111 1282 λει
1135 1256 1269 1292 μηδεμίαν
1291 1256 1434 1282 κοινωνίαν
1454 1255 1525 1291 ἔχειν
1549 1256 1617 1291 μετὰ
1643 1255 1697 1282 τῶν
1718 1256 1856 1287 ἀτάκτων,

1070 1301 1138 1328 ἀλλά
1150 1303 1197 1328 καὶ
1214 1301 1375 1328 ἀποϐάλλειν
1391 1302 1497 1334 αὐτούς.
1514 1300 1590 1329 Εἶναι
1611 1302 1664 1337 γὰρ
1676 1301 1723 1328 καὶ
1741 1302 1857 1336 περιέρ-

1070 1356 1133 1382 γους
1149 1347 1195 1374 καὶ
1212 1348 1329 1380 πλάνους
1338 1347 1455 1383 ἐδήλωσε
1470 1348 1532 1379 τοὺς
1552 1347 1698 1380 τοιούτους.
1716 1348 1771 1374 Καὶ
1788 1347 1856 1373 καθ-

1070 1394 1131 1420 όλου
1146 1393 1175 1419 δὲ
1192 1394 1359 1430 παρήγγειλε
1374 1393 1418 1421 τὸν
1452 1393 1489 1429 μὴ
1506 1393 1677 1420 ὑπακούοντα
1692 1395 1748 1425 τοῖς
1763 1393 1855 1427 λόγοις

1070 1440 1162 1473 αὑτοῦ,
1179 1440 1273 1467 τοῦτον
1299 1440 1509 1475 ἀποσυνάγωγον
1531 1440 1662 1474 γίνεσθαι.
1682 1441 1736 1466 Καὶ
1761 1439 1855 1466 λοιπὸν

1070 1487 1256 1523 ὑπευξάμενος
1272 1487 1363 1518 αὐτοῖς
1376 1487 1498 1522 εἰρήνην,
1514 1486 1611 1513 τελειοῖ
1625 1486 1673 1522 τὴν
1683 1486 1852 1522 Ἐπιστολὴν,

233 1538 315 1558 manu
330 1530 442 1565 scripta,
461 1528 534 1564 quod
549 1528 683 1563 cujusque
696 1528 824 1563 Epistolze
837 1535 893 1556 suae
909 1528 1016 1564 signum

1069 1534 1114 1561 τὸν
1128 1533 1272 1569 ἀσπασμὸν
1289 1534 1322 1568 τῇ
1349 1533 1401 1569 ἰδίᾳ
1421 1533 1493 1568 χειρὶ
1506 1532 1623 1569 γράψας,
1649 1534 1716 1568 ὅπερ
1741 1535 1853 1569 σημεῖον

232 1583 294 1604 esse
309 1575 421 1603 indicat.

460 1640 579 1675 Decima,
592 1640 627 1668 ad
644 1639 780 1668 Hebre-oe.

265 1699 310 1726 68.
325 1698 401 1726 Hanc
416 1698 501 1725 mittit
511 1706 545 1725 ex
559 1697 770 1726 ltalia.0ccasio
785 1702 874 1726 autem
890 1698 1017 1734 Epistula:

231 1745 293 1772 talis
312 1749 354 1772 est
370 1753 376 1771 :
393 1743 526 1777 Quoniam
545 1743 631 1771 Judmi
653 1744 705 1778 legi
719 1748 746 1771 et
761 1745 864 1772 umbris
884 1745 958 1773 illius
973 1745 1016 1772 in-

231 1790 412 1821 cumbebant,
445 1789 480 1816 ob
505 1796 565 1816 eam
590 1796 700 1816 causam
733 1789 833 1817 Paulus
865 1791 1015 1824 apostolus,

231 1835 326 1862 doetor
341 1835 460 1870 gentium
475 1834 563 1862 factus
574 1838 601 1861 et
612 1834 646 1861 ad
657 1839 750 1870 gentes
764 1835 875 1868 missus,
888 1842 917 1862 ut
929 1835 1017 1863 Evan-

231 1881 332 1917 gelium
363 1881 417 1909 illis
443 1881 613 1916 praedicaret,
642 1889 705 1909 cum
732 1881 860 1909 omnibus
889 1882 1016 1917 gentibus

232 1927 401 1962 scripsisset,
417 1927 474 1962 jam
495 1926 624 1962 deinceps
644 1927 771 1954 omnibus
786 1928 866 1955 etiam
883 1927 1015 1961 Hebreis,

231 1972 278 2008 qui
293 1979 327 1999 ex
342 1972 552 1999 circumcisione
567 1972 750 2005 crediderant,
773 1972 924 2008 Epistolam
946 1973 1016 2001 hanc

231 2018 329 2046 scribit
343 2017 571 2046 declarationibus
581 2022 608 2046 et
622 2019 829 2054 probationibus
841 2020 1014 2053 instructam,

231 2065 266 2092 de
285 2064 387 2092 Christi
411 2064 539 2097 adventu,
554 2065 667 2100 etquod
689 2065 757 2101 legis
780 2066 875 2094 umbra
892 2067 1013 2094 desierit.

231 2109 263 2137 Et
279 2109 414 2144 principio
439 2109 561 2137 declarat
584 2110 731 2146 prophetas
750 2110 810 2138 ideo
825 2119 885 2138 esse
904 2113 1013 2144 missos,

231 2159 262 2182 ut
276 2154 309 2183 de
321 2153 462 2182 Salvatore
482 2156 706 2190 praenuntiarcnt,
721 2159 748 2184 et
763 2161 792 2183 ut
805 2161 867 2191 post
882 2157 942 2185 illos
957 2158 1015 2192 ipse

1069 1578 1137 1607 εἶναι
1155 1579 1243 1614 πάσης
1252 1578 1410 1614 Ἐπιστολῆς
1424 1577 1525 1610 οἰκείας
1535 1578 1694 1614 δεδήλωκεν.

1260 1646 1383 1680 Δεκάτῃ,
1402 1646 1477 1681 πρὸς
1497 1645 1658 1680 Ἐϐραίους.

1103 1703 1148 1733 68.
1168 1703 1276 1739 Ταύτην
1289 1703 1447 1731 ἀποστέλλει
1471 1703 1524 1730 ἀπὺ
1548 1704 1673 1737 Ἰταλίας.
1694 1704 1726 1731 Ἦ
1740 1705 1769 1732 δὲ
1784 1706 1850 1742 πρό-

1068 1759 1150 1785 φασις
1164 1751 1213 1785 τῆς
1231 1750 1390 1785 Ἐπιστολῆς
1413 1749 1500 1786 αὕτη·
1534 1751 1641 1788 Ἐπειδὴ
1665 1752 1784 1778 Ἰουδαῖοι
1809 1753 1851 1779 ὲν-

1069 1797 1174 1823 ίσταντο
1203 1796 1282 1832 ἐντῷ
1306 1798 1380 1832 νόμῳ
1395 1797 1441 1824 καὶ
1465 1798 1524 1829 ταῖς
1542 1799 1646 1830 σκιαῖς,
1661 1797 1706 1824 διά
1732 1798 1809 1826 τοῦτο
1837 1800 1850 1825 ὁ

1067 1844 1215 1875 ἀπόστολος
1229 1843 1345 1876 Παῦλος,
1359 1844 1517 1876 διδάσκαλος
1532 1844 1617 1872 ὲθνῶν
1631 1845 1783 1880 γενόμενος,
1803 1847 1850 1872 καὶ

1067 1891 1107 1922 εἰς
1121 1889 1155 1916 τὰ
1180 1889 1243 1925 ἕονη
1259 1890 1421 1922 ἀποσταλεὶς
1449 1890 1593 1926 κηρύττειν
1621 1891 1651 1918 τὸ
1674 1892 1848 1926 Εὑαγγὲλιον.

1067 1935 1174 1970 γράψας
1186 1944 1215 1962 τε
1230 1937 1297 1962 πᾶσι
1321 1937 1377 1968 τοῖς
1394 1936 1492 1969 ἔθνεσι,
1504 1938 1603 1973 γράφει
1617 1937 1708 1965 λοιπὸν
1721 1939 1768 1965 καὶ
1783 1939 1848 1966 πᾶσι

1065 1983 1121 2014 τοῖς
1134 1983 1165 2009 ἐκ
1182 1981 1332 2018 περιτομῆς
1353 1982 1531 2010 πιστεύσασιν
1547 1984 1681 2020 Ἑϐραίοις
1697 1984 1847 2012 ἀποδεικτι-

1066 2028 1116 2064 κὴν
1128 2027 1229 2063 ταύτην
1237 2028 1394 2064 Ἐπιστολὴν
1412 2029 1476 2064 περὶ
1492 2029 1542 2065 τῆς
1558 2029 1605 2056 τοῦ
1619 2030 1737 2066 Χριστοῦ
1749 2040 1848 2067 παρου-

1067 2073 1138 2104 σίας,
1153 2073 1199 2099 καὶ
1215 2071 1261 2098 τοῦ
1285 2073 1440 2100 πεπαῦσθαι
1455 2073 1504 2110 τὴν
1530 2074 1609 2102 σκιὰν
1623 2075 1669 2102 τοῦ
1686 2076 1776 2112 νόμου.
1793 2078 1847 2104 Καὶ

1065 2119 1172 2154 πρῶτον
1188 2118 1237 2154 μὲν
1261 2119 1432 2146 ἀποδείκνυσι
1454 2121 1517 2152 τοὺς
1539 2121 1680 2157 προφήτας
1707 2122 1750 2149 διά
1770 2123 1847 2150 τοῦτο

1065 2165 1244 2198 ἀπεστάλθαι,
1256 2165 1298 2192 ἵνα
1312 2167 1377 2201 περὶ
1394 2165 1440 2192 τοῦ
1452 2167 1578 2202 Σωτῆρος
1589 2168 1785 2202 ἀπαγγείλωσι,
1801 2170 1846 2196 καὶ

232 2201 358 2229 Salvator
378 2202 483 2229 veniret
501 2211 508 2230 :
528 2210 622 2230 servos
639 2211 700 2231 esse
714 2204 879 2239 prophetas,
896 2209 923 2232 et
944 2214 1014 2233 nun-

1069 2210 1124 2245 μετ’
1139 2211 1238 2242 αὐτοὺς
1252 2211 1332 2242 αὐτὸς
1350 2211 1430 2247 ἔλθῃ·
1446 2201 1555 2243 δούλους
1570 2221 1599 2238 τε
1616 2201 1685 2240 εἶναι
1705 2214 1766 2246 τοὺς
1781 2220 1845 2250 προ-

230 2249 284 2276 tios
298 2249 431 2276 adventus
447 2248 545 2284 ipsius.
568 2249 660 2284 Ipsum
674 2257 739 2278 vero
762 2250 899 2278 Christum
916 2251 1014 2279 Filium

229 2303 292 2323 esse
306 2295 363 2328 Dei,
383 2303 430 2330 per
443 2303 524 2330 quem
538 2297 628 2323 omnia
644 2295 713 2324 facta
729 2296 794 2324 sint.
810 2297 842 2323 Et
855 2297 927 2332 quod
941 2297 1015 2326 hunc

231 2341 329 2368 Filium
353 2341 490 2369 incarnari
513 2341 706 2378 hominemque
728 2342 785 2370 ﬁeri
805 2344 967 2378 oportuerit,
983 2348 1014 2372 ut

229 2388 279 2421 per
294 2387 418 2422 corporis
439 2387 481 2414 sui
502 2387 716 2416 immolationem
733 2393 848 2416 mortem
869 2390 988 2418 aboleret
1005 2400 1011 2418 :

231 2439 318 2467 neque
340 2433 412 2460 enim
442 2440 490 2468 per
512 2434 670 2468 sanguinem
691 2434 768 2462 vituli
793 2439 840 2462 aut
865 2435 943 2470 hirci,
966 2436 1014 2464 sed

233 2485 280 2511 per
309 2478 468 2513 sanguinem
493 2478 594 2506 Christi
620 2479 678 2507 fore
701 2480 863 2508 mortalibus
885 2481 1012 2510 salutem.

231 2524 356 2551 Ostendit
366 2525 457 2556 etiam,
469 2525 542 2559 quod
558 2525 599 2552 lex
614 2525 749 2554 neminem
761 2527 909 2561 perfectum
922 2528 1013 2556 reddi-

231 2569 310 2602 derit,
324 2570 370 2597 sed
389 2570 511 2597 umbram
521 2571 648 2597 habuerit
664 2570 816 2600 futurorum
830 2573 908 2608 152
924 2573 1012 2602 bono-

231 2622 303 2648 rum,
319 2615 433 2650 etquod
448 2616 565 2650 populus
589 2617 710 2651 requiem
732 2625 781 2652 per
797 2618 870 2645 illam
890 2627 945 2646 non
967 2619 1012 2647 in-

231 2660 354 2692 venerit,
370 2661 417 2688 sed
432 2661 585 2688 communis
602 2661 681 2689 nobis
696 2663 823 2690 omnibus
842 2664 1012 2699 relinquatur

232 2705 329 2740 quietis
361 2705 431 2733 dies.
467 2705 532 2733 Item
573 2705 693 2734 declarat
735 2708 905 2735 sacerdotale
945 2709 1011 2737 illud

231 2751 330 2778 summi
361 2752 511 2779 sacerdotis
543 2760 643 2781 munus
677 2753 710 2780 ab
738 2753 846 2782 Aarone
873 2754 906 2782 ad
932 2755 1012 2783 Chri-

231 2798 471 2825 stumtranslatum
482 2806 552 2830 esse,
567 2798 646 2833 cujus
661 2802 741 2834 typus
757 2799 807 2827 fuit
823 2801 1010 2835 Melchisedec,

229 2849 284 2869 non
310 2851 342 2871 ex
365 2843 429 2872 Levi
456 2851 533 2874 orlus
562 2854 569 2873 :
596 2849 623 2872 et
651 2845 723 2880 quod
749 2849 840 2880 patres
865 2847 917 2876 [ide
944 2848 1009 2883 sint,

1065 2256 1168 2291 φήτας,
1192 2257 1240 2283 καὶ
1258 2257 1381 2292 μηνυτὰς
1406 2258 1456 2293 τῆς
1473 2258 1555 2284 αὐτοῦ
1577 2259 1743 2294 παρουσίας·
1767 2260 1846 2287 αὐτὸν

1063 2301 1092 2327 δὲ
1105 2300 1149 2328 τδν
1164 2302 1280 2338 Χριστὸν
1294 2303 1357 2329 Υἰὸν
1372 2301 1440 2329 εἶναι
1459 2303 1506 2329 τοῦ
1522 2303 1600 2337 Θεοῦ,
1617 2304 1650 2330 δι’
1664 2302 1694 2332 οὗ
1707 2305 1740 2332 τὰ
1760 2306 1843 2333 πάντα

1064 2346 1176 2380 γέγονε·
1201 2347 1250 2373 καὶ
1273 2347 1314 2373 ὅτι
1342 2347 1436 2374 τοῦτον
1460 2348 1505 2376 τὸν
1535 2348 1599 2375 Υἱὸν
1627 2349 1679 2375 ἔδει
1705 2350 1844 2386 ἄνθρωπον

1063 2391 1189 2425 γενέσθαι
1217 2392 1411 2428 σαρκωθέντα,
1439 2393 1482 2420 ἴνα
1507 2393 1551 2420 διὰ
1574 2394 1623 2429 τῆς
1649 2394 1695 2421 τοῦ
1723 2395 1843 2431 σώματος

1063 2436 1146 2464 αὑτοῦ
1171 2437 1265 2469 Θυσίας
1290 2439 1451 2475 καταργήσῃ
1468 2438 1513 2465 τὸν
1540 2439 1669 2466 θάνατον·
1687 2440 1716 2466 οὗ
1743 2440 1796 2476 γὰρ
1809 2441 1841 2468 δι’

1063 2484 1179 2519 αἵματος
1203 2484 1303 2519 μόσχου
1326 2484 1343 2520 ἢ
1371 2485 1491 2520 τράγου,
1517 2485 1586 2512 ἀλλὰ
1612 2486 1646 2512 δι’
1669 2486 1781 2521 αἵματος
1797 2487 1841 2514 τοῦ

1063 2528 1180 2564 Χριστοῦ
1215 2528 1324 2556 ἔσεσθαι
1350 2529 1399 2565 τὴν
1422 2530 1558 2566 σωτηρίαν
1588 2531 1645 2562 τοῖς
1680 2531 1838 2567 ἀνθρώποις.

1069 2575 1254 2602 ’Δποδείκνυσι
1267 2575 1305 2608 δὲ,
1320 2576 1360 2602 ὅτι
1371 2577 1385 2602 ὁ
1399 2576 1479 2612 νόμος
1492 2576 1586 2604 οὐδένα
1601 2576 1766 2610 ἐτελείωσεν,
1777 2578 1840 2605 ἀλλὰ

1063 2620 1142 2647 σκιὰν
1159 2618 1214 2656 εἶχε
1235 2621 1289 2647 τῶν
1313 2621 1461 2656 μελλόντων
1479 2622 1603 2656 ἀγαθῶν,
1632 2623 1679 2649 καὶ
1701 2623 1732 2649 οὺ
1762 2624 1838 2650 κατέ-

1063 2675 1165 2694 παυσεν
1181 2667 1195 2693 ὸ
1211 2667 1284 2699 λαὸς,
1303 2667 1371 2694 ἀλλά
1389 2669 1466 2704 κοινῇ
1489 2669 1571 2695 πᾶσιν
1585 2670 1651 2705 ἡμῖν
1668 2670 1838 2699 ἀπολείπεται

1062 2713 1078 2748 ἡ
1094 2713 1183 2748 ἡμέρα
1205 2712 1254 2748 τῆς
1275 2713 1481 2745 καταπαύσεως.
1499 2713 1582 2741 Πάλιν
1597 2715 1626 2741 δὲ
1646 2715 1836 2748 ἀποδείκνυσιν,

1061 2757 1102 2784 ὄτι
1115 2758 1131 2793 ἡ
1145 2758 1323 2793 ἀρχιερατικὴ
1338 2759 1491 2793 λειτουργία
1507 2759 1605 2796 μετέϐη
1619 2761 1672 2787 ἀπὸ
1688 2760 1788 2796 Ἀαρὼν
1799 2764 1836 2794 εἰς

1061 2802 1106 2829 τὸν
1128 2803 1254 2839 Χριστὸν,
1268 2800 1299 2830 οὗ
1309 2804 1392 2837 τύπος
1405 2802 1439 2840 ἦν
1456 2806 1470 2831 ό
1497 2805 1672 2841 Μελχισεδὲκ,
1688 2807 1738 2833 οὐκ
1753 2807 1788 2834 ὢν
1806 2809 1836 2834 ὲκ

1060 2848 1107 2875 τεῦ
1137 2849 1218 2876 Λευῖ·
1242 2850 1330 2877 πίστει
1359 2860 1389 2877 τε
1419 2851 1606 2879 δεδικαιὼσθαι
1629 2853 1691 2884 τοὺς
1722 2853 1834 2890 πατέρας
