1929 3056
115 151 173 179 δ’ἓὸ

114 211 257 246 σημαίνει,
273 214 320 240 καὶ
335 215 385 242 οὐκ
403 216 432 250 ἐξ
447 218 535 254 ἔργων
550 222 597 248 τοῦ
622 224 716 260 νόμου.
735 226 802 255 Εἶτα
819 231 900 259 πάλιν

113 261 157 288 εις
178 257 213 284 τὰ
230 258 281 293 ἤθη
298 262 520 298 προτρεψάμενος
534 268 580 294 καὶ
600 257 725 303 τούτους,
742 275 788 301 καὶ
804 257 902 304 αιτοᾷὲ

113 301 232 338 ξάμενος
245 305 335 332 αὐτῶν
353 308 402 344 τὴν
421 309 466 336 διὰ
484 312 529 338 τὸν
546 314 663 350 Χριστὸν
686 319 836 356 ὑπομονὴν,
855 324 902 350 καὶ

113 348 213 381 πείσας
233 352 314 386 τιμᾷν
336 353 400 385 τοὺς
421 357 633 395 πρεσϐυτέρους,
651 363 748 390 τελειοῖ
773 366 821 401 τὴν
842 368 901 394 ἐπι-

115 393 222 430 στολήν.

297 453 416 482 Ένδεκοί
421 466 465 491 τη,
483 460 558 494 πρὸς
575 464 722 498 Τιμόθεον.

148 505 192 533 69.
221 508 329 544 Ταύτην
355 511 506 540 ἐπιστέλλει
531 516 584 543 ἀπὸ
612 519 786 553 Μακεδονίας.
813 522 845 549 Ἡ
870 523 898 550 δὲ

110 553 249 587 πρόφασις
263 555 313 590 τῆς
326 556 468 594 ἐπιστολῆς
485 561 553 596 αὕτη
565 571 572 578 ³
595 563 638 590 Ἐν
653 566 684 600 τῇ
703 566 806 602 Ἐφέσῳ
825 570 897 602 τινὲς

117 597 306 632 Ἷουδαῖζοντες
323 602 480 639 ἐπεχείρουν
495 607 748 643 ἑτεροδιδασκαλεῖν,
763 614 809 639 καὶ
826 615 897 641 ἀπα-

109 645 160 679 τᾷν
172 646 235 677 τοὺς
252 647 398 682 ἀκεραίους
417 653 552 686 προφάσει
572 654 618 681 τοῦ
637 657 729 692 νόμου.
744 658 827 686 Τοῦτο
849 660 895 688 οὖν

111 689 205 723 μαθὼν
228 693 242 717 ό
260 692 436 727 Ἀπόστολος,
454 698 603 734 προτρέπει
627 689 674 728 τὸν
693 703 824 738 Τιμόθεον
837 708 896 733 ἐκεῖ

107 739 273 771 προσμεῖναι
287 739 355 775 πρὸς
373 740 515 777 διόρθωσιν
530 745 617 773 αὐτῶν
627 755 635 763 ο
649 749 749 783 γράφει
769 759 798 777 τε
820 752 894 787 αὐτῷ

107 781 158 816 τὴν
178 782 321 820 ἐπιστολὴν
342 786 454 822 ταύτην.
475 789 530 816 Καὶ
549 791 655 826 πρῶτον
675 794 723 828 μὲν
738 795 892 834 ὑπομιμνή-

108 833 169 851 σκει
181 828 286 860 τοῦτον,
307 831 397 857 εἰδότα
408 833 457 867 τὴν
472 834 501 860 ὲν
514 835 623 871 Χριστῷ
641 838 742 871 πίστιν,
760 840 893 869 διδάσκων

107 871 190 897 αὑτὸν
205 873 269 908 περὶ
286 875 332 901 τοῦ
345 876 438 911 νόμου⁷
452 879 567 906 κωλύειν
582 882 644 914 τοὺς
661 885 737 920 παρὰ
748 886 797 921 τὴν
809 887 891 923 ὀρθὴν

634 911 642 914 -
702 911 708 920 ι
769 911 793 921 νιν
813 911 837 922 ’r
847 911 887 923 "l'

105 915 281 946 διδασκαλίαν
305 921 468 955 λαλοῦντας,
495 926 623 962 ἐπιτιμᾷν
654 937 684 954 τε
711 930 820 963 αὐτούς.
835 932 890 959 Καὶ
909 911 928 938 Β

104 965 161 1001 γὰρ
178 967 224 993 καὶ
237 968 318 1000 αὐτὸς
332 969 474 1004 Ὑμέναιον
498 973 544 999 καὶ
562 974 748 1011 Ἀλέξανδρον,
772 980 890 1015 ναυαγή-

106 1019 206 1043 σαντας
221 1013 284 1048 περὶ
307 1014 355 1050 τὴν
373 1016 473 1050 πίστιν,
492 1020 632 1054 παρέδωκε
650 1021 688 1056 τῷ
706 1023 828 1059 Σατανᾷ,
846 1025 889 1051 ἵνα

103 1057 269 1085 παιδευθῶσι
303 1061 341 1095 μὴ
365 1061 545 1099 βλασφημεῖν.
578 1066 669 1094 Ταῦτα
706 1057 886 1105 ὑπομνήσας,

102 1101 196 1129 λοιπὸν
224 1103 360 1132 διατάττει
395 1108 468 1144 αὐτῷ
503 1111 617 1142 κανόνας
645 1113 888 1149 ἐκκλησιαστικοὺς

101 1148 168 1184 περὶ
185 1146 349 1186 προσευχῆς,
366 1153 432 1186 πῶς,
458 1155 504 1182 καὶ
522 1157 584 1188 ποῦ,
607 1159 653 1184 καὶ
668 1159 732 1194 περὶ
753 1160 833 1188 τίνων
847 1161 887 1188 δεῖ

101 1193 315 1229 προσεύχεσθαι·
340 1198 404 1233 περὶ
425 1199 471 1225 τοῦ
500 1202 579 1236 σιγᾷν
603 1203 632 1228 ἐν
655 1193 813 1240 ἐκκλησίαις
837 1207 886 1240 τὰς

100 1241 241 1273 γυναῖκας,
257 1242 302 1268 καὶ
323 1244 422 1278 μᾶλλον
441 1246 586 1280 μανθάνειν
599 1248 614 1283 ἢ
630 1249 765 1277 διδάσκειν
781 1252 884 1285 αὑτάς⁹

100 1284 165 1318 περὶ
177 1287 368 1320 καταστάσεως
382 1290 549 1323 ἐπισκόπων,
560 1293 606 1319 καὶ
621 1294 824 1331 πρεσϐυτέρων,
838 1298 885 1324 καὶ

98 1329 240 1364 διακόνων,
258 1333 316 1365 πῶς
337 1336 384 1361 καὶ
405 1336 514 1368 ὁποίους
528 1336 597 1364 εἶναι
614 1338 654 1365 δεῖ
669 1341 732 1371 τοὺς
756 1341 885 1369 καθιστα-

100 1376 198 1411 μένους
207 1386 215 1393 ·
228 1379 357 1414 περὶτῶν
369 1382 398 1406 ἐν
408 1383 442 1417 τῇ
457 1382 603 1419 Ἐκκλησία
615 1385 717 1421 χηρῶν,
732 1387 785 1414 ἀπὸ
795 1388 883 1415 πόσων

97 1422 167 1448 ὁτῶν
180 1424 232 1459 χρὴ
262 1425 365 1458 ταύτας
388 1428 595 1462 καταλέγεσθαι,
614 1432 661 1457 καὶ
681 1432 776 1465 ὁποίας
798 1434 883 1467 αὑτὰς

97 1466 166 1495 εἶναι
183 1470 231 1502 δεῖ,
246 1472 294 1498 καὶ
315 1473 373 1504 πῶς
395 1475 490 1507 αὑταῖς
517 1475 558 1502 δεῖ
582 1478 741 1512 προσέχειν
757 1480 820 1515 περὶ
834 1480 881 1507 τοῦ

97 1518 246 1550 σωφρονεῖν
257 1517 306 1549 τὰς
319 1520 464 1556 νεωτέρας,
482 1522 529 1548 καὶ
541 1525 640 1558 γαμεῖν
661 1523 770 1558 μᾶλλον,
784 1526 830 1552 καὶ
843 1527 880 1562 μὴ

649 165 812 198 SYNOPSIS
832 171 1038 203 SCRIPTURE
1057 177 1192 207 SACRIE.

1682 195 1735 222 ιξδ

914 241 1017 268 Anon:
1036 245 1069 265 ex
1091 235 1227 275 ioperihus
1253 243 1331 279 legis.
1358 244 1509 280 just-ilicati.
1539 247 1661 280 Tandem
1687 257 1734 284 ubi

952 285 979 308 et
1003 282 1071 312 istos
1093 286 1126 312 ad
1152 295 1258 316 morum
1278 289 1476 320 institutionem
1497 294 1657 326 adhortatus
1680 307 1732 334 est,

951 334 983 354 ac
1008 330 1180 360 tolerantiam
1198 341 1292 362 eorum
1313 341 1422 372 propter
1441 338 1579 368 Christum
1602 343 1732 380 laudavit,

951 375 1092 411 suasitque
1117 383 1146 405 ut
1175 381 1349 416 presbyteros
1365 381 1474 413 'honore
1493 386 1620 422 alliciant,
1641 375 1732 421 abso];

949 421 987 447 vit
1004 422 1161 457 Epistolam.
1621 428 1624 431 λ

1143 478 1295 513 Undecima,
1312 483 1346 508 ad
1364 483 1535 516 Timotheum.

982 530 1026 558 69.
1054 531 1129 560 lianc
1154 533 1303 569 Epistolam
1330 537 1404 564 misit
1426 546 1441 566 e
1459 539 1627 575 Macedonia,
1650 543 1730 578 cujus

948 575 1004 604 hzec
1028 583 1070 605 est
1090 580 1209 607 occasio.
1232 580 1333 616 Ephesi
1356 584 1465 618 quidam
1479 585 1652 617 Judaizantes
1666 590 1730 618 alie-

946 629 1010 649 nam
1034 625 1202 652 conabantur
1231 626 1358 656 invehere
1383 629 1546 666 doctrinam,
1570 638 1596 661 et
1624 635 1728 671 simpli-

945 665 1034 693 ciores
1058 672 1190 702 prtetextu
1217 669 1285 705 legis
1313 673 1453 702 seducere.
1480 665 1543 704 llocr
1565 686 1628 706 cum
1651 665 1727 707 com-

945 713 1061 746 perisset
1085 714 1241 749 Apostolus,
1263 718 1404 746 admonuit
1425 720 1607 757 Titnothcum,
1627 729 1656 752 ut
1671 727 1725 755 illic

945 757 1076 792 Intererat,
1104 768 1159 794 quo
1187 769 1234 789 eos
1258 764 1416 799 corrigeret.
1443 766 1543 796 Scribit
1569 774 1659 798 autem
1687 772 1725 800 illi

943 802 1091 837 Epistolam
1114 805 1184 833 hanc
1203 817 1208 834 :
1225 812 1252 836 et
1274 810 1392 844 primum
1421 816 1630 844 commonefacit
1651 825 1724 852 eum,

944 847 1016 880 fidei,
1032 857 1091 883 quae
1107 851 1135 878 in
1149 851 1258 880 Christo
1274 859 1325 886 est.
1346 863 1471 891 gnarum,
1492 860 1526 887 de
1542 861 1598 896 lege
1612 849 1724 897 docens,

943 896 971 919 ut
999 894 1124 922 cohibeat
1151 904 1215 930 cos,
1240 899 1286 933 qui
1312 905 1410 934 praeter
1440 907 1541 930 rectam
1569 894 1723 934 doctrinam

941 939 1132 974 loquebantur,
1154 942 1271 978 illosque
1290 945 1421 981 increpet.
1438 947 1503 975 Nam
1519 953 1546 976 et
1564 950 1621 985 ipse
1634 952 1722 987 Apos-

939 984 1012 1012 tolus
1044 984 1218 1021 Hymenaeum
1251 993 1278 1016 et
1310 990 1518 1026 Alexandrum,
1549 984 1721 1032 naufragium

938 1030 1012 1057 circa
1037 1030 1116 1059 ﬁdem
1145 1040 1252 1068 passos,
1281 1034 1387 1064 Satanae
1416 1038 1471 1072 jam
1499 1030 1664 1075 tradiderat,
1693 1049 1723 1071 ut

938 1075 1074 1104 discerent
1089 1086 1142 1105 non
1158 1079 1357 1114 blasphemare.
1373 1082 1424 1111 Ubi
1443 1085 1477 1112 de
1492 1085 1550 1113 istis
1567 1087 1721 1121 admonuit,

937 1128 1056 1150 canones
1094 1123 1134 1151 illi
1170 1126 1371 1156 ecclesiasticos
1406 1129 1536 1166 deinceps
1568 1134 1722 1167 praescribit

935 1166 969 1194 de
989 1168 1121 1202 oratione,
1148 1173 1294 1206 quomodo,
1318 1178 1346 1201 ct
1366 1175 1423 1206 ubi,
1446 1180 1473 1203 et
1497 1185 1546 1212 pro
1565 1166 1665 1213 quibus
1685 1181 1721 1208 sit

936 1213 1080 1241 orandum.
1111 1215 1187 1248 Quod
1212 1219 1340 1246 mulieres
1360 1220 1388 1247 in
1410 1221 1540 1251 Ecclesiis
1563 1229 1652 1252 tacere
1673 1225 1722 1253 de-

934 1258 1025 1293 beant,
1042 1264 1068 1287 ct
1090 1262 1176 1296 magis
1191 1263 1306 1298 discere,
1321 1272 1401 1299 quam
1423 1267 1532 1296 docere.
1557 1269 1595 1297 De
1615 1271 1720 1299 consti-

934 1305 1039 1333 tutione
1062 1306 1273 1343 episcoporum,
1294 1312 1514 1347 presbyterorum
1542 1319 1569 1342 et
1587 1316 1719 1344 diacono-

933 1358 994 1378 rum
1010 1361 1017 1385 ;
1033 1354 1169 1387 quomodo
1183 1363 1213 1382 se
1228 1364 1321 1391 gerere
1343 1362 1369 1385 et
1390 1360 1484 1393 quales
1505 1368 1567 1388 esse
1588 1362 1716 1396 debeant,

933 1398 980 1433 qui
996 1400 1210 1429 constituuntur.
1238 1402 1276 1430 De
1298 1404 1387 1432 viduis
1403 1406 1430 1433 in
1447 1406 1579 1440 Ecclesia,
1595 1417 1648 1444 qua
1665 1410 1718 1437 illaa

932 1448 1012 1472 relate
1026 1446 1099 1481 eligi,
1125 1451 1152 1474 et
1174 1449 1269 1483 quales
1293 1458 1353 1478 csse
1373 1451 1500 1484 debeant,
1525 1461 1558 1480 ac
1579 1455 1716 1489 quomodo

932 1490 1040 1518 illarum
1064 1499 1130 1520 cura
1155 1494 1279 1522 habenda
1303 1496 1349 1523 sit.
1366 1495 1494 1526 Juniores
1509 1499 1542 1525 ad
1561 1500 1712 1528 castitatem

931 1537 1114 1566 instituendas
1133 1547 1210 1572 esse,
1226 1545 1256 1567 ut
1271 1542 1375 1568 nubant
1391 1544 1481 1578 potius
1497 1552 1578 1579 quam
1601 1547 1711 1580 turpiter

95 1562 216 1596 αὶιηιρῶς
226 1562 275 1598 ζῇν
287 1573 293 1578 ·
312 1565 376 1600 περὶ¹
395 1566 442 1592 τοῦ
456 1569 657 1604 παραγγέλλειν
673 1571 730 1602 τοῖς
744 1571 880 1604 πλουσίοις

99 1607 134 1626 ιιῦι
149 1607 238 1626 u'u'm‘t'h
259 1613 367 1626 "rum-7..
405 1613 471 1626 ....rx
490 1614 579 1626 s\_nn
594 1624 607 1626 ..
636 1617 675 1626 17‘
727 1618 738 1623 ν
781 1618 790 1626 κ
820 1617 825 1625 ρ

932 1562 1112 1566 ,,,-_,.,,,____...
1135 1562 1210 1572 ...συντ
1227 1562 1256 1567 ..ν
1271 1562 1375 1568 ..η-ιι...-
1391 1562 1481 1578 run-us;
1497 1562 1578 1579 “uuln
1601 1562 1709 1580 ιυιμιιῦι

932 1583 1024 1611 vivant
1037 1593 1044 1618 ;
1057 1585 1186 1614 divitibus
1197 1587 1413 1616 denuntiandutn
1427 1598 1487 1617 esse
1499 1599 1533 1618 ne
1543 1592 1712 1626 superbiant,

97 1607 135 1642 μὴ
149 1607 238 1643 ὑψηλὰ
259 1613 377 1645 φρονεῖν,
405 1613 471 1648 μηδὲ
490 1614 608 1647 ἐλπίζειν
634 1617 679 1642 ἐπὶ
705 1618 743 1651 τῷ
760 1617 878 1653 πλούτῳ.

95 1653 163 1688 Περὶ
175 1654 278 1681 τούτων
291 1656 495 1693 διαταξάμενος,
505 1661 688 1697 προτρέπεται
701 1663 782 1690 αὑτὸν
794 1664 880 1691 ταῦτα

93 1697 238 1732 διδάσκειν,
257 1703 304 1728 καὶ
323 1703 420 1737 μηκέτι
436 1705 485 1740 μὲν
499 1706 670 1742 ὑδροποτεῖν
689 1710 832 1745 προσέχειν
850 1711 879 1738 δὲ

94 1745 183 1781 ἑαυτῷ
192 1747 239 1774 καὶ
253 1750 285 1784 τῇ
300 1749 468 1787 διδασκαλίᾳ,
484 1752 571 1779 εἰδότα
586 1754 693 1781 ἔσεσθαι
711 1757 834 1792 καιροὺς,
849 1758 878 1784 ἐν

91 1789 133 1823 οἷς
151 1793 349 1829 ἀποστήσονταί
365 1805 438 1829 τινες
448 1799 498 1833 τῆς
512 1799 638 1832 πίστεως.
658 1801 770 1835 Διδάξας
786 1803 814 1829 δὲ
827 1812 877 1831 κα-

92 1837 164 1874 θαρὰ
186 1838 254 1866 εἶναι
272 1842 320 1868 καὶ
334 1842 369 1869 τὰ
379 1843 520 1878 βρώματα,
539 1847 585 1872 καὶ
604 1848 791 1882 παραγγείλας
803 1850 877 1885 αὐτῷ

91 1884 272 1920 ἐκτρέπεσθαι
293 1887 343 1920 τὰς
365 1890 571 1924 ὲμφιλονείκους
588 1892 716 1929 ζητήσεις
737 1894 775 1926 ὡς
794 1884 875 1931 βεόήξ

90 1930 163 1963 λους,
179 1932 222 1967 ἐφ’
238 1931 281 1965 αἷς
298 1935 343 1961 καί
363 1945 434 1968 τινες
455 1938 625 1973 καυχώμενοι
647 1941 806 1976 παρέϐησαν
826 1930 875 1978 τὴν

91 1975 192 2008 πίστιν,
209 1978 308 2005 τελειοῖ
322 1980 371 2016 τὴν
388 1982 542 2019 ἐπιστολήν.

136 2033 299 2069 Δωδεκάτη,
317 2036 366 2063 καὶ
385 2038 460 2073 αὕτη
477 2039 570 2067 πάλιν
585 2041 659 2075 πρὸς
676 2044 822 2078 Τιμόθεον.

125 2089 167 2118 70.
193 2092 299 2128 Ταύτην
314 2095 465 2122 ἐπιστέλλει
484 2097 566 2124 πάλιν
583 2098 651 2134 πρὸς
670 2100 800 2135 Τιμόθεον
819 2102 874 2128 ἀπὸ

95 2134 211 2172 Ῥώμης.
234 2139 265 2164 Ἦ
281 2139 310 2166 δὲ
323 2141 457 2176 πρόφασις
475 2145 521 2170 καὶ
537 2143 638 2179 ταύτης
658 2134 709 2181 τῆς
728 2147 872 2184 ἐπιπολῆς

87 2182 161 2208 ἐστιν
174 2183 274 2216 οὕτως·
290 2185 350 2212 Τῶν
363 2189 646 2225 συναποδημησάντων
658 2191 697 2226 τῷ
711 2192 809 2228 Παύλῳ
823 2202 872 2220 κα-

87 2227 270 2263 ταὴιψὰντων
294 2233 374 2259 αὐτὸν
387 2253 394 2265 ,
423 2233 584 2270 βουλόμενος
606 2238 620 2263 ό
642 2227 801 2271 Ἀπόστιιλος
825 2241 870 2267 τὸν

87 2274 218 2309 Τιμόθεον
231 2276 317 2304 ἐλθεῖν
333 2280 400 2314 πρὸς
422 2281 512 2312 αὑτὸν,
533 2282 633 2317 γράφει
649 2283 697 2319 τὴν
714 2285 867 2321 ἐπιστολήν.

85 2318 142 2345 Καὶ
156 2319 263 2356 πρῶτον
277 2323 325 2357 μὲν
335 2323 410 2359 δηλοῖ
426 2325 521 2352 ἑαυτὸν
544 2328 724 2363 μνημονεύειν
740 2331 822 2358 αὑτοῦ
839 2340 869 2358 τε

85 2366 135 2402 τῆς
145 2367 287 2401 εὐλαϐείας
301 2371 347 2397 καὶ
360 2371 410 2407 τῆς
420 2372 474 2399 τῶν
488 2374 628 2410 προγόνων
642 2376 724 2403 αὐτοῦ
736 2378 867 2411 πίστεως·

83 2411 179 2439 ἔπειτα
197 2414 236 2445 δὲ,
250 2415 291 2441 ὃτι
311 2417 335 2442 οἱ
348 2417 402 2444 ἀπὸ
422 2418 523 2451 Ἀσίας,
544 2417 582 2446 ὧν
597 2422 653 2448 ἐστι
671 2422 802 2456 Φύγελλος
821 2425 868 2451 καὶ

89 2457 256 2496 Ἑρμογένης
267 2481 274 2494 ,
292 2462 508 2500 ἀπεστράφησαν
534 2467 616 2493 αὐτὸν
627 2487 634 2499 ,
657 2468 773 2503 ὁρῶντες
786 2471 867 2497 αὐτοῦ

81 2502 132 2535 τὰς
146 2504 265 2537 ἁλύσεις.
283 2507 334 2534 Τὸν
353 2508 526 2545 Ὀνησιφόρον
540 2510 568 2536 δὲ
583 2502 742 2543 ἀπεδέξατο,
758 2513 867 2540 ἐλθόντα

80 2548 122 2579 εὶς
136 2549 185 2584 τὴν
205 2550 327 2586 Ῥώμην,
355 2554 401 2580 καὶ
425 2555 628 2590 προσμείναντα
647 2557 731 2592 αὐτῷ.
757 2559 867 2595 Παραγ-

80 2594 170 2628 γέλλει
190 2596 218 2622 δὲ
241 2598 316 2633 αὐτῷ
340 2601 531 2636 παραιτεῖσθαι
554 2602 603 2634 τὰς
619 2604 714 2640 μωρὰς
727 2594 864 2640 ζητήσεις,

79 2639 124 2666 διὰ
131 2641 163 2667 τὸ
173 2641 205 2673 ἐξ
215 2643 303 2669 αὐτῶν
316 2645 460 2678 γεννᾶσθαι
475 2646 575 2682 μάχας.
588 2648 643 2674 Καὶ
655 2648 709 2684 γὰρ
724 2639 865 2685 Ὑμέναιος

80 2687 128 2714 καὶ
155 2688 277 2724 Φιλητὸς,
297 2690 383 2724 οὕτως
410 2693 612 2728 ἐκτραπέντες,
633 2695 791 2731 παρέϐησαν
815 2697 865 2733 τὴν

79 2732 225 2769 ἀλήθειαν,
248 2735 370 2770 λέγοντες
396 2738 542 2766 ἀνάστασιν
565 2741 615 2775 ἢδη
638 2742 795 2776 γεγονέναι.
817 2744 864 2771 καί

79 2786 155 2810 τινας
163 2779 354 2816 ἀνατρέπουσι.
365 2784 473 2811 Μᾶλλον
484 2784 530 2812 οὖν
544 2789 672 2821 παραινεῖ
682 2788 767 2824 τούτῳ
781 2799 864 2826 προσ-

80 2823 153 2861 έχειν
170 2826 258 2862 ἑαυτῷ
273 2829 320 2856 καὶ
337 2831 370 2865 τῇ
389 2830 556 2868 διδασκαλίᾳ,
569 2834 616 2861 καὶ
627 2835 727 2863 εἰδέναι
742 2823 809 2871 μὲνξ
822 2838 862 2865 ὅτι

79 2868 110 2898 ἑν
129 2871 251 2907 ὑστέροις
279 2877 382 2910 καιροῖς
397 2876 501 2905 ἔσονται
519 2880 543 2906 οἱ
564 2881 701 2918 ἄνθρωποι
728 2868 861 2918 (ριλήδονοι

236 2919 372 2952 ΡΑτιιοι..
389 2923 448 2954 Gn.
459 2925 604 2957 XXVIII.

930 1636 998 1656 neve
1025 1637 1101 1664 spem
1129 1632 1265 1659 colloctnt
1289 1633 1316 1660 in
1339 1633 1443 1662 divitiis
1467 1636 1535 1663 suis.
1565 1637 1713 1672 Postquam

930 1674 963 1701 de
986 1675 1047 1702 istis
1070 1677 1209 1711 przeccpit,
1229 1678 1353 1705 hortatur
1374 1687 1447 1713 eum,
1475 1685 1505 1707 ut
1528 1681 1586 1709 lucc
1606 1682 1712 1715 doceat,

930 1723 957 1746 et
980 1723 1011 1746 ut
1031 1728 1129 1754 aquatn
1150 1721 1221 1748 ultra
1244 1730 1297 1749 non
1320 1723 1405 1756 bibat,
1422 1724 1470 1752 sed
1490 1725 1542 1752 sibi
1558 1726 1609 1761 ipsi
1624 1731 1652 1754 et
1667 1727 1715 1755 do.

929 1766 1024 1793 ctrina:
1047 1768 1183 1802 attendat,
1211 1768 1283 1803 quod
1308 1770 1377 1797 sciat
1404 1771 1462 1799 fore
1485 1776 1623 1808 tempora,
1651 1775 1713 1810 qui-

927 1811 979 1840 bus
1011 1814 1134 1840 nonnulli
1162 1822 1176 1841 a
1204 1815 1256 1842 fide
1288 1815 1420 1843 defecturi
1452 1818 1516 1845 sint.
1548 1818 1596 1847 Ubi
1629 1821 1711 1848 etiam

928 1865 1007 1885 escas
1019 1859 1135 1886 mundas
1149 1867 1209 1888 esse
1227 1860 1330 1895 docuit,
1348 1870 1379 1890 ac
1393 1865 1532 1899 praecepit,
1551 1871 1579 1892 ut
1595 1871 1710 1895 conten-

928 1903 1012 1931 tiosas
1026 1908 1052 1931 et
1073 1905 1199 1939 profanas
1216 1908 1381 1942 quaestiones
1395 1914 1546 1944 aversetur,
1568 1911 1596 1938 in
1611 1913 1710 1948 quibus

925 1949 1035 1984 quidam
1052 1951 1198 1986 gloriantes
1213 1953 1294 1982 ﬁdem
1309 1958 1537 1993 transgressijam
1550 1964 1639 1992 erant,
1652 1960 1710 1987 linit

925 1994 1083 2030 Epistolam.

1064 2049 1236 2086 Duodecimn,
1257 2053 1320 2081 item
1339 2055 1374 2081 ad
1392 2055 1566 2086 Timet/leum.

959 2102 1003 2129 70.
1024 2102 1098 2132 llanc
1112 2105 1176 2133 item
1192 2108 1224 2134 ad
1243 2107 1413 2137 Timotheum
1425 2111 1510 2140 Roma
1525 2114 1607 2142 misit.
1622 2114 1708 2144 Occa-

923 2147 965 2174 sio
977 2149 1037 2183 ejus
1052 2151 1114 2178 talis
1131 2156 1183 2179 est.
1200 2153 1267 2180 Cum
1285 2155 1366 2182 Vellet
1379 2157 1544 2192 Apostolus,
1561 2164 1707 2195 postquam

921 2194 1046 2224 desertus
1061 2202 1119 2225 erat
1136 2199 1170 2225 ab
1190 2199 1233 2232 iis,
1249 2201 1296 2235 qui
1311 2201 1488 2236 profectionis
1502 2205 1570 2231 socii
1587 2205 1705 2238 fuerant,

886 2256 908 2283 D
923 2241 957 2268 ad
975 2250 1004 2269 se
1017 2244 1109 2271 venire
1125 2243 1307 2280 Timotheum,
1324 2248 1394 2275 hanc
1413 2249 1524 2284 scripsit
1544 2249 1704 2286 Epistolam.

922 2286 954 2313 Et
968 2287 1045 2315 initio
1056 2289 1191 2324 significat
1207 2299 1236 2319 se
1261 2300 1408 2321 memorem
1425 2303 1496 2327 esse,
1512 2303 1574 2323 cum
1596 2298 1706 2332 pietatis

920 2332 999 2366 ejus,
1027 2338 1084 2361 tum
1113 2336 1174 2363 lidei
1201 2337 1334 2372 majorum
1363 2340 1459 2375 ipsius.
1488 2341 1590 2371 Deinde
1619 2344 1704 2379 quod,

919 2379 965 2413 qui
985 2387 1016 2406 ex
1041 2380 1105 2408 Asia
1120 2386 1208 2415 erant,
1224 2391 1254 2410 ex
1270 2392 1385 2419 quorum
1407 2395 1520 2415 numero
1535 2395 1613 2417 erant
1633 2389 1706 2426 Phy-

919 2427 1005 2460 gellus
1021 2431 1049 2454 et
1072 2428 1256 2464 llertnogenes
1266 2450 1274 2464 ,
1290 2433 1408 2460 aversati
1424 2441 1454 2461 se
1467 2434 1522 2462 sint
1532 2457 1540 2469 ,
1556 2436 1584 2463 in
1599 2439 1704 2466 catenis

918 2474 1098 2502 constitutum
1119 2476 1252 2505 videntes.
1281 2477 1483 2516 Onesiphorum
1508 2489 1572 2510 vero
1598 2483 1702 2518 laudat,

917 2519 990 2553 quod
1022 2519 1046 2547 is
1075 2520 1188 2549 Romam
1213 2525 1326 2558 venerit,
1352 2529 1380 2553 ct
1410 2526 1482 2561 apud
1508 2535 1538 2555 se
1558 2530 1701 2558 manserit.

917 2565 1043 2601 Praecipit
1058 2572 1159 2601 autem,
1184 2573 1214 2596 ut
1237 2572 1336 2599 stultas
1359 2574 1525 2608 quaestiones
1549 2581 1701 2610 aversetur,

916 2612 988 2647 quod
1011 2612 1074 2640 hinc
1095 2622 1192 2649 pugna:
1204 2616 1373 2645 oboriantur.
1391 2618 1459 2646 Nam
1483 2621 1534 2648 hoc
1558 2627 1638 2657 pacto
1649 2623 1703 2660 Hy—

915 2666 1048 2685 menaeum
1071 2664 1098 2686 et
1118 2660 1251 2688 Philrtum
1272 2662 1401 2696 deﬂexos,
1427 2669 1614 2702 transgressos
1640 2677 1702 2698 esse

915 2705 1078 2738 veritatem,
1112 2705 1251 2740 dicentes,
1280 2711 1508 2740 resurrectionem
1541 2714 1599 2749 jam
1638 2724 1700 2745 esse

916 2750 1037 2784 lactant;
1077 2756 1106 2779 et
1142 2754 1288 2782 nonnullos
1316 2756 1484 2785 subvertere.
1516 2758 1574 2787 Hoc
1605 2760 1699 2797 itaque

915 2796 1001 2831 magis
1017 2796 1094 2824 illum
1119 2798 1253 2830 hortatur,
1267 2803 1297 2827 ut
1321 2801 1373 2828 sibi
1398 2801 1448 2837 ipsi
1470 2804 1594 2832 attendat
1606 2810 1634 2834 et
1649 2796 1696 2834 do-

914 2841 1018 2875 ctrina,
1043 2841 1166 2877 sciatque
1186 2843 1292 2872 futuros
1313 2846 1509 2880 posterioribus
1529 2851 1698 2884 temporibus

914 2887 1047 2921 homines,
1066 2888 1234 2923 voluptatum
1251 2892 1337 2926 magis
1355 2900 1436 2927 quam
1458 2893 1504 2921 Dei
1519 2900 1653 2929 amantes,
1669 2901 1697 2925 et
