1929 3056
202 158 251 185 ιε7

797 158 825 184 S.
848 156 1078 184 ATHANASIUS.
1100 172 1134 177 ———
1151 151 1266 184 DUBU.

1787 159 1848 186 ης

200 219 241 247 ut.
257 217 310 244 ista
325 215 489 250 praevidens,
500 214 630 250 populum
643 213 799 241 credentem
814 215 987 242 communiat.

1048 213 1147 248 μᾶλλον
1165 214 1182 249 ἢ
1200 213 1337 248 φιλόθεοι·
1357 213 1543 250 προΰλέποντα
1566 215 1594 242 δὲ
1610 214 1706 247 ταῦτα,
1722 214 1848 250 ἀσφαλί-

199 270 234 290 ne
247 262 310 297 quis
328 269 359 288 ex
377 261 424 288 illo
442 260 601 288 seducatur.
618 260 767 296 Postquam
784 265 875 288 autem
891 261 924 288 ad
939 268 996 288 mo-

199 316 260 336 rum
281 307 482 336 institutionem
506 311 533 334 et
559 307 692 334 doctrinm
710 307 882 334 severitatem
902 308 994 334 multis

200 355 276 382 illum
297 354 459 381 adhortatus
478 358 532 386 est,
554 362 586 381 ac
609 353 772 389 signiﬁcavit
791 359 897 388 tempus
920 362 995 382 reso-

200 400 314 428 lutionis
332 407 388 428 sua:
404 400 461 434 jam
485 400 638 430 imminere,
656 405 685 426 ut
703 407 753 434 pro
768 399 880 426 Christo
897 399 995 426 inuno-

200 448 281 480 letur,
307 447 433 482 praecipit
457 447 494 478 ei,
532 446 610 481 153
635 451 665 473 ut
687 446 720 473 ad
750 453 779 473 se
809 448 863 472 cito
892 446 992 477 veniat.

199 493 318 522 ali‘erens
356 501 451 521 secum
484 493 611 528 penulam
643 500 720 520 suam
746 498 773 519 et
806 492 899 519 libros.
930 491 996 518 llor-

199 544 274 567 tatur
301 540 395 572 etiam,
423 545 451 567 ut
473 538 656 566 Alexandrum
680 540 807 566 :erarium
830 542 934 569 caveat,
963 541 993 564 ut

199 586 246 621 qui
275 593 304 614 se
329 585 424 612 multis
451 585 533 612 malis
558 584 688 616 allecerit,
719 589 801 620 atque
828 585 865 611 ita
891 583 994 611 claudit

201 632 361 668 Fpistolam.

395 689 500 716 Decima
521 690 619 721 tertia,
638 688 672 715 ad
693 689 794 716 Titum.

235 746 280 774 7i.
297 745 374 773 Hanc
387 745 462 773 misit
474 745 598 780 Nicopoli
614 755 620 772 :
635 753 696 772 nam
710 745 746 771 ibi
762 744 928 773 hibernavit.
944 745 993 773 Est

199 796 291 820 autem
311 792 441 827 Epistolze
463 793 575 819 occasio
597 792 670 820 talis.
693 791 721 818 ln
744 791 825 819 Creta
842 791 992 826 reliquerat

199 839 290 866 Titum
301 859 308 869 .
331 843 361 866 ut
377 839 493 866 clericos
507 847 555 874 per
569 839 697 866 civitates
711 839 904 867 constitueret.
921 839 990 866 Cum

199 889 290 912 autem
309 884 366 911 illic
383 885 460 912 mulli
475 885 543 920 legis
561 888 692 920 praetextu
705 904 712 913 .
731 885 862 920 populum
877 885 991 913 creden-

199 935 253 957 tem
266 929 420 957 subducere
435 934 613 962 cmtarentur,
628 930 655 957 id
671 931 715 957 tibi
731 931 860 966 cognovit
874 931 992 966 Aposto-

199 977 252 1008 lus,
266 975 413 1010 Epistolam
426 976 546 1010 scripsit.
560 975 593 1002 Et
604 976 739 1011 principio
749 978 846 1012 gratiis
856 978 925 1005 actis
938 977 992 1005 Deo

199 1024 310 1056 propter
325 1020 412 1056 ipsius
425 1021 554 1056 pietatem
567 1040 575 1053 ,
592 1021 695 1049 indicat
711 1022 791 1050 Iidem
808 1023 835 1049 in
849 1023 990 1050 Christum

199 1076 254 1095 non
268 1075 330 1096 esse
348 1072 486 1095 recentem
500 1088 507 1099 ν
525 1068 573 1095 sed
590 1076 605 1095 il
619 1069 721 1096 SiﬁClliO
737 1075 917 1103 pra‘paratam
933 1074 960 1097 οι
975 1077 991 1096 ἔὶ

198 1113 255 1140 Deo
268 1113 446 1148 promissam.
470 1113 574 1141 Deinde
597 1113 631 1140 de
655 1115 859 1143 constituendis
882 1116 991 1143 clericis

197 1160 295 1192 ducet,
311 1159 450 1194 quomodo
465 1159 504 1186 illi
520 1161 681 1188 conversari
697 1165 723 1188 et
739 1162 834 1196 quales
856 1169 918 1189 esse
939 1162 988 1189 de-

199 1207 290 1235 beant.
312 1206 441 1241 Przecipit
461 1207 545 1234 etiam
571 1207 629 1239 illi,
657 1211 686 1234 ut
709 1208 831 1243 increpet
854 1217 917 1241 eos,
943 1210 989 1244 qui

199 1260 273 1280 sana:
290 1252 352 1280 ﬁdei
369 1252 610 1284 contradicerent,
624 1253 744 1281 maxime
760 1262 808 1281 eos
819 1274 826 1286 ,
845 1255 890 1289 qui
910 1259 989 1282 erant

198 1306 233 1325 ex
246 1297 458 1325 circumcisione
472 1307 478 1324 :
494 1298 619 1332 sciatque
633 1297 780 1326 Cretenses
797 1307 858 1326 esse
871 1299 987 1331 otiosos,

198 1348 310 1378 etopus
325 1343 426 1371 habere
441 1344 640 1378 increpatione.
668 1343 700 1371 Et
723 1349 870 1380 postquam
893 1346 988 1373 docuit

170 1400 177 1405 ~
199 1389 289 1417 omnis
304 1389 412 1425 generis
426 1397 504 1417 escas
522 1398 584 1418 esse
600 1391 716 1418 mundas
732 1392 858 1423 mundis,
875 1397 902 1419 et
918 1400 987 1427 qua-

200 1434 239 1462 les
253 1442 316 1462 esse
332 1434 448 1463 debeant
465 1443 535 1463 anus
546 1456 553 1468 ,
568 1444 684 1471 quarum
700 1441 743 1464 est
763 1437 882 1464 ollicium
905 1439 988 1466 casti-

198 1487 263 1516 gare
278 1479 498 1509 adolescentulus
509 1501 516 1513 ,
533 1481 679 1512 admonet.
694 1483 833 1516 quomodo
849 1483 922 1511 servi
936 1483 986 1510 do-

198 1524 281 1553 minis
297 1525 355 1553 suis
371 1526 471 1561 subjici
484 1527 610 1553 debeant.
627 1526 748 1562 Denique
764 1528 810 1555 ubi
826 1528 985 1562 admonuit,

198 1571 270 1606 quod
288 1572 377 1607 gratia
401 1571 551 1600 Salvatoris
575 1580 629 1600 non
651 1581 685 1600 ex
705 1575 835 1608 operibus
856 1583 908 1603 nos
925 1575 986 1610 jus-

197 1618 344 1645 tilicaverit
359 1639 366 1651 ,
385 1618 433 1646 sed
452 1627 491 1646 cx
512 1619 605 1646 divina
629 1621 814 1656 benignitate,
840 1622 986 1649 denuntia-

198 1664 309 1699 vitque,
334 1668 365 1692 ut
389 1665 490 1701 legales
517 1673 641 1701 pugnas,
658 1671 788 1703 tanquam
812 1668 987 1704 itnpudentes

197 1714 351 1743 aversetur,
367 1711 504 1747 significat
523 1713 580 1744 illi,
598 1717 628 1740 ut
641 1721 704 1740 cum
723 1715 756 1741 ad
770 1723 798 1742 se
815 1715 920 1742 miserit
935 1716 988 1742 Ar-

198 1760 314 1788 (emam,
331 1756 365 1783 ad
380 1764 411 1784 se
427 1758 530 1785 veniat.
545 1757 673 1794 Praecipit
688 1761 788 1792 etiam,
805 1764 834 1787 ut
848 1761 987 1789 auditores

198 1809 264 1828 suos
280 1801 359 1829 bonis
374 1803 504 1838 operibus
521 1811 637 1839 praeesse
651 1805 764 1837 doceat,
782 1810 864 1841 atque
878 1807 914 1833 ita
931 1812 987 1834 ter-

199 1848 284 1874 tninat
300 1848 460 1883 Epistolam.

342 1949 449 1978 Decima
465 1959 562 1986 quarta
574 1974 580 1985 ,
600 1955 634 1980 ad
655 1953 843 1981 Philemonem.

233 2006 278 2035 7'3.
296 2006 372 2036 Hanc
388 2008 475 2037 Roma
490 2011 582 2039 mittit.
599 2012 715 2040 Occasio
732 2017 822 2040 autem
845 2013 905 2047 ejus
930 2013 986 2041 hrcc

197 2053 417 2083 est:0nesimus
435 2065 530 2085 servus
545 2057 714 2087 Philemonis
732 2059 892 2095 aufugerat,
910 2065 937 2088 ct
952 2061 986 2088 ad

197 2098 314 2128 Paulum
329 2108 459 2135 verterat,
476 2109 558 2139 atque
575 2105 609 2132 ab
624 2106 671 2133 illo
694 2106 721 2133 in
745 2106 796 2133 fide
817 2107 985 2140 instructus,

197 2146 235 2173 illi
253 2147 328 2175 utilis
344 2148 378 2175 ad
393 2149 576 2177 ministerium
593 2156 662 2179 erat.
694 2152 732 2180 De
747 2152 799 2180 hoc
814 2153 905 2188 itaque
919 2154 988 2180 scri-

198 2191 237 2218 bit
252 2191 422 2226 Philemoni,
445 2195 539 2230 illique
560 2197 734 2224 commendat
757 2197 934 2230 Oncsimum,
957 2203 986 2225 ut

197 2238 306 2265 sincere
320 2246 385 2274 erga
401 2247 463 2267 eum
479 2241 625 2273 adiciatur,
643 2251 692 2270 nec
709 2244 828 2278 amplius
848 2253 910 2271 eum
935 2244 985 2271 ha—

1047 260 1142 292 ζεσθαι
1156 261 1220 292 τοὺς
1243 260 1334 292 λαοὺς,
1355 260 1391 296 μή
1410 269 1451 292 τις
1466 261 1496 293 ἐξ
1518 261 1607 287 αὐτῶν
1626 261 1767 297 ἀπατηθῇ.
1784 261 1850 289 Καὶ

1047 307 1087 338 εἰς
1099 306 1132 333 τὰ
1145 306 1197 342 ῆθη
1210 306 1238 332 δὲ
1253 306 1299 333 καὶ
1316 306 1355 338 εἰς
1373 306 1423 341 τὴν
1442 308 1493 342 τῆς
1507 306 1681 338 διδασκαλίας
1696 307 1850 343 ἀκρίϐειαν

1047 353 1132 379 πολλὰ
1143 352 1368 388 προτρεψάμενος
1379 352 1470 384 αὐτὸν,
1486 353 1533 379 καὶ
1546 353 1670 388 σημάνας
1685 353 1730 379 τὸν
1744 353 1850 388 καιρὸν

1045 398 1138 425 λοιπὸν
1157 399 1207 434 τῆς
1224 398 1380 429 ἀναλύσεως
1397 399 1478 425 αὑτοῦ
1494 400 1644 431 ἐνεστάναι,
1663 399 1709 425 καὶ
1733 399 1848 434 μέλλειν

1046 445 1206 472 σπένδεσθαι
1231 446 1277 472 καὶ
1294 447 1460 481 μαρτυρεῖν,
1485 445 1638 472 ἐνετείλατο
1654 444 1729 480 αὑτῷ
1753 445 1846 472 ἐλθεϋ

1045 492 1113 527 πρὸς
1129 491 1210 518 αὑτὸν
1238 491 1353 526 ταχέως,
1373 490 1520 526 κομίζοντα
1538 492 1582 518 τὸν
1606 491 1721 526 φελόνην
1741 492 1789 518 καὶ
1807 491 1850 519 τΞ;

1046 537 1146 573 βιϐλία.
1168 537 1308 573 Παρῂνεσε
1334 537 1362 563 δὲ
1385 537 1460 572 αὸτῷ
1478 537 1650 573 Ἀλέξανδρον
1673 539 1719 564 τὸν
1737 538 1851 573 χαλκεῖς.

1045 583 1239 618 φυλάττεσθαι,
1257 583 1294 614 ὡς
1323 582 1407 609 πολλὰ
1431 583 1505 610 κακὰ
1534 583 1721 619 ἐνδειξάμενον
1744 584 1848 619 abuit"

1043 630 1090 656 καὶ⁸
1104 630 1174 656 οὕτω
1190 631 1290 656 τελειοῐ
1305 629 1353 665 τὴν
1370 629 1524 666 ἐπιστολήν.

1222 687 1462 722 Τρισκιιιεεκάτη,
1483 687 1557 722 πρὸς
1579 687 1672 714 Τῖτον.

1078 744 1122 771 71.
1138 744 1245 779 Ταύτην
1259 743 1409 770 ἐπιστέλλει
1431 743 1486 770 ἀπὸ
1498 745 1688 776 Νικοπόλεως
1705 745 1764 771 ἐκεῖ
1782 744 1842 780 γὰρ

1042 788 1257 824 παρεχείμασεν.
1279 789 1310 815 ’Π
1327 788 1355 814 δὲ
1370 789 1507 824 πρόφασις
1521 789 1729 827 τῆςὲπιστολῆς
1746 789 1822 824 αὕτη
1833 798 1841 804 ·

1041 835 1089 866 El;
1106 835 1155 870 μὲν
1164 834 1213 869 τὴν
1227 835 1339 870 Κρήτην
1362 834 1478 860 ἀπέλιπε
1492 834 1537 861 τὸν
1560 835 1648 866 Τῖτον,
1678 835 1722 862 ἵνα
1750 843 1842 862 κατα-

1043 882 1128 917 στήσῃ
1143 881 1213 909 κατὰ
1227 881 1319 912 πόλεις
1333 881 1480 916 κληρικούς
1489 890 1495 896 ·
1511 881 1615 908 πολλῶν
1627 882 1655 908 δὲ
1671 882 1756 909 ὄντων
1779 883 1845 909 ἐκεῖ

1008 915 1028 943 Β
1043 927 1097 953 τῶν
1108 927 1319 963 ἐπιχειρούντων
1333 927 1469 961 προφάσει
1485 927 1532 954 τοῦ
1545 928 1628 963 νόμου
1649 929 1757 964 ἁπατᾷν
1771 929 1840 960 τοὺς

1043 974 1133 1005 λαοὺς,
1152 973 1244 1008 μαθὼν
1259 975 1272 1000 ὁ
1289 972 1460 1005 Ἀπόστολος,
1474 975 1584 1010 γράφει.
1600 974 1656 1000 Καὶ
1667 975 1774 1010 πρῶτον
1787 975 1842 1010 μὲν

1043 1019 1210 1055 εὐχαριστῶν
1221 1019 1260 1054 τῷ
1276 1018 1335 1054 Θεῷ
1347 1019 1391 1046 διὰ
1401 1019 1450 1054 τὴν
1463 1019 1544 1046 αὑτοῦ
1562 1020 1715 1053 εὐλάϐειαν,
1736 1022 1842 1056 σημαί-

1042 1074 1081 1091 νει
1094 1065 1143 1101 τὴν
1160 1067 1189 1092 ἐν
1203 1065 1314 1100 Χριστῷ
1329 1065 1421 1093 πίστιν
1435 1067 1472 1102 μὴ
1490 1067 1624 1102 νεωτέραν
1638 1064 1719 1100 εἶναι,
1735 1066 1794 1094 ἀλλ’
1808 1067 1841 1099 ἐξ

1041 1112 1138 1142 αἰῶνος
1153 1112 1328 1147 ἡτοιμάσθαι,
1346 1113 1392 1139 καὶ
1406 1113 1574 1148 ἐπηγγέλθαι
1595 1113 1671 1149 παρὰ
1694 1113 1742 1140 τοῦ
1767 1113 1839 1140 Θεοῦ

1040 1159 1159 1194 ταύτην·
1173 1158 1270 1186 ἔπειτα
1293 1159 1321 1185 δὲ
1346 1159 1394 1185 καὶ
1421 1158 1484 1194 περὶ
1508 1159 1557 1193 τῆς
1573 1159 1767 1190 καταστάσεως
1780 1159 1838 1186 τῶν

1041 1205 1190 1241 κληρικῶν.
1209 1205 1264 1232 Καὶ
1279 1205 1373 1232 τοῦτον
1384 1205 1515 1236 διδάσκει,
1525 1205 1593 1236 πῶς,
1606 1205 1653 1232 καὶ
1663 1205 1772 1237 ὁποίους
1785 1206 1839 1232 αὐ-

1040 1251 1102 1283 τοὺς
1115 1250 1184 1278 εἶναι
1195 1251 1244 1278 δεῖ.
1258 1251 1313 1277 Καὶ
1328 1251 1458 1286 ἐπιτιμᾷν
1475 1250 1503 1277 δὲ
1522 1250 1673 1278 ἐντέλλεται
1690 1251 1765 1286 αὐτῷ
1776 1253 1838 1283 τοῖς

1039 1296 1208 1330 ἀντιλέγουσι
1225 1298 1257 1332 τῇ
1278 1296 1438 1332 ὑγιαινούσῃ
1462 1296 1571 1323 πίστει·
1588 1297 1705 1332 μάλιστα
1720 1298 1776 1328 τοῖς
1803 1297 1837 1324 ἑκ

1040 1343 1200 1378 περιτομῆς,
1218 1342 1316 1370 εἰδέναι
1332 1351 1361 1370 τε
1374 1343 1437 1375 τοὺς
1460 1343 1582 1378 Κρῆτας,
1601 1344 1642 1370 ὃτι
1662 1343 1743 1379 ἀργοί
1768 1345 1834 1376 εισι,

1039 1390 1086 1416 καὶ
1102 1390 1248 1426 χρῄζουσιν
1265 1390 1417 1425 ἐπιτιμίας.
1436 1381 1548 1423 Ᾰιδάξοις
1563 1399 1592 1417 τε
1611 1390 1698 1417 πάντα
1712 1390 1746 1416 τὰ
1761 1390 1836 1426 βρώ-

1041 1444 1113 1471 ματα
1132 1435 1241 1470 καθαρὰ
1254 1434 1322 1462 εἶναι
1336 1437 1392 1467 τοῖς
1407 1436 1537 1471 καθαροῖς
1550 1456 1556 1468 ,
1573 1435 1620 1462 καὶ
1651 1435 1746 1473 simia;
1762 1434 1835 1463 εἶναι

1038 1482 1078 1508 δεῖ
1090 1482 1139 1513 τὰς
1153 1481 1347 1517 πρεσϐύτιδας,
1358 1481 1407 1513 τὰς
1419 1482 1582 1516 ὀφειλούσας
1597 1482 1772 1518 σωφρονίζειν
1782 1483 1833 1514 τὰς

1038 1527 1120 1562 νέας,
1150 1529 1279 1565 παραινεῖ
1298 1528 1357 1560 πῶς
1380 1528 1420 1555 δεῖ
1448 1529 1510 1561 τοὺς
1537 1527 1647 1560 δούλους
1677 1529 1735 1560 τοῖς
1758 1528 1836 1560 ἰδίοις

1038 1574 1181 1606 δεσπόταις
1196 1575 1408 1602 ὑποτάσσεσθαι.
1426 1576 1482 1602 Καὶ
1509 1575 1595 1607 τέλος,
1619 1575 1779 1610 ὑπομνήσας
1792 1575 1834 1602 ὅτι

1014 1619 1022 1628 ⁴
1039 1621 1055 1656 ή
1067 1621 1113 1647 τοῦ
1131 1621 1256 1657 Σωτῆρος
1268 1622 1348 1657 χάρις
1362 1623 1412 1648 οὐκ
1427 1621 1456 1654 ἐξ
1473 1621 1562 1658 ἔργων
1576 1621 1650 1656 ἡμᾶς
1661 1621 1832 1653 ἐδικαίωσεν,

1039 1667 1106 1694 ἀλλὰ
1121 1669 1153 1703 τῇ
1177 1667 1229 1703 ἰδίᾳ
1254 1668 1461 1704 φιλανθρωπίᾳ,
1491 1668 1537 1694 καὶ
1569 1667 1755 1703 παραγγείλας
1782 1668 1832 1700 τὰς

1038 1713 1154 1748 νομικὰς
1168 1713 1257 1749 μάχας
1271 1713 1463 1750 ἐκτρέπεσθαι,
1482 1715 1520 1746 ὡς
1530 1714 1724 1749 ἀναισχύντους
1737 1713 1830 1747 οὔσας,

1038 1758 1113 1794 δηλοῖ
1129 1759 1212 1794 αὐτῷ,
1232 1760 1302 1795 μετὰ
1317 1760 1346 1787 τὸ
1362 1759 1468 1796 πέμψαι
1489 1761 1556 1796 πρὸς
1576 1760 1658 1787 αὑτὸν
1679 1761 1828 1796 Ἀρτεμᾶν,

1039 1805 1082 1830 ἵνα
1093 1804 1157 1841 ἔλθῃ
1171 1806 1238 1840 πρὸς
1250 1806 1342 1832 αὐτόν.
1360 1806 1525 1833 Ἐνετείλατό
1546 1815 1575 1832 τε
1595 1806 1670 1841 αὐτῷ
1684 1826 1691 1838 ,
1706 1806 1776 1833 ὥστε
1789 1807 1830 1833 δι-

1037 1850 1157 1881 δάσκειν,
1171 1850 1218 1877 καὶ
1232 1852 1294 1883 τοὺς
1313 1852 1395 1878 αὑτοῦ
1412 1852 1502 1879 καλῶν
1517 1852 1604 1889 ἔργων
1635 1853 1828 1888 προΐστασθαι·

1039 1897 1084 1923 καὶ
1097 1896 1168 1923 οὕτω
1179 1897 1275 1924 τελειοῖ
1284 1899 1332 1934 τὴν
1346 1899 1497 1935 ἐπιστολήν.

1135 1956 1157 1980 Τ
1154 1955 1461 1990 εσσαρεσκαιδεκάτη,
1477 1956 1551 1990 πρὶς
1565 1956 1727 1992 Φιλήμονα.

1073 2012 1116 2038 72.
1131 2011 1239 2047 Ταύτην
1251 2012 1402 2040 ἐπιστέλλει
1417 2013 1470 2040 ἀπὸ
1493 2014 1613 2050 Ῥώμης.
1635 2015 1666 2040 Ἡ
1682 2015 1710 2041 δὲ
1725 2015 1829 2050 πρόφα-

1039 2065 1079 2089 σις
1093 2057 1142 2092 τῆς
1155 2057 1298 2093 ἐπιπολῆς
1318 2057 1387 2094 αὕτη
1399 2066 1405 2073 ⁸
1430 2059 1574 2094 Ὀνήσιμος
1589 2059 1603 2085 ὁ
1619 2059 1729 2094 οἰκέτης
1749 2060 1828 2096 Φιλή-

1039 2111 1117 2137 μονος
1129 2102 1224 2136 ἔφυγε,
1237 2103 1284 2129 καὶ
1299 2103 1434 2138 προσῆλθε
1451 2103 1490 2138 τῷ
1505 2103 1611 2139 Παύλῳ,
1626 2104 1672 2130 καὶ
1686 2105 1826 2141 κατηχήοη

1038 2149 1102 2182 παρ’
1117 2148 1210 2181 αὑτοῦ,
1224 2149 1271 2175 καὶ
1288 2149 1398 2183 γέγονεν
1415 2149 1490 2184 αὑτῷ
1515 2150 1648 2186 χρήσιμος
1670 2151 1710 2182 εἰς
1738 2151 1827 2178 διακο-

1037 2194 1106 2220 νίαν.
1124 2194 1192 2228 Περὶ
1205 2195 1299 2221 τούτου
1313 2195 1404 2221 τοίνυν
1423 2195 1525 2230 γράφει
1552 2196 1682 2232 Φιλήμονι
1712 2205 1827 2232 παρατι-

1038 2239 1150 2276 θέμενος
1175 2240 1249 2276 αὐτῷ
1280 2241 1326 2268 τὸν
1349 2241 1510 2276 Ὀνήσιμον,
1539 2242 1583 2269 ἴνα
1606 2243 1728 2280 προσέχῃ
1754 2244 1825 2279 αὑτῴ

198 2283 260 2310 beat
276 2288 306 2311 ut
329 2293 458 2319 servum,
475 2287 523 2314 sed
550 2293 579 2314 ut
608 2288 730 2317 fratrem.
757 2289 889 2318 Hortatur
907 2291 983 2318 illum

1041 2286 1167 2321 γνησίως,
1186 2286 1232 2312 καὶ
1253 2287 1351 2322 μηκέτι
1375 2287 1424 2324 ἔχῃ
1440 2289 1521 2315 αὐτὸν
1535 2289 1573 2320 ὡς
1598 2289 1700 2321 δοῦλον,
1717 2290 1773 2316 ἀλλ’
1789 2291 1826 2321 ὡς

197 2329 278 2356 etiam
308 2334 337 2357 ut
356 2331 508 2367 hospitium
534 2335 586 2361 sibi
608 2339 704 2369 paret,
731 2341 760 2364 ut
786 2337 832 2364 tibi
860 2338 984 2370 venerit,

198 2377 326 2404 manendi
340 2378 430 2405 locum
447 2379 586 2408 inveniat:
602 2386 628 2408 et
642 2382 682 2410 sic
697 2383 756 2410 linit
773 2383 933 2419 Epistolam.

324 2483 402 2510 Liber
415 2489 532 2512 octavus.
550 2486 724 2522 Apocalypsis
735 2487 859 2516 Joannis.

232 2539 275 2567 73.
294 2538 351 2568 Hoc
365 2543 476 2570 nomine
489 2548 602 2572 vocatur
618 2545 662 2573 hic
680 2546 759 2580 liber,
777 2549 841 2583 quia
856 2549 926 2576 hanc
941 2557 986 2577 re-

191 2585 359 2616 velationem
375 2589 433 2624 ipse
448 2589 568 2619 Joannes
579 2593 744 2628 evangelista
759 2598 786 2621 et
799 2595 943 2631 theologus
956 2596 985 2623 in

192 2632 293 2661 Patmo
309 2634 397 2662 insula
412 2636 499 2669 dicta,
513 2637 656 2666 Dominico
669 2639 714 2668 die
727 2639 809 2673 vidit,
834 2641 987 2677 jussusque

196 2680 381 2715 conscripsit,
398 2685 428 2708 ut
445 2682 478 2709 ad
497 2688 600 2718 septem
622 2684 760 2715 Ecclesias
779 2688 922 2721 mitteret,
945 2690 986 2717 vi-

197 2724 297 2753 delicet
324 2726 411 2755 istas:
437 2728 590 2764 Ephesum,
617 2730 779 2767 Smyrnam,
799 2733 982 2770 Pergamum,

197 2770 370 2807 Thyatiram.
399 2774 515 2808 Sardes,
532 2776 746 2814 Philadelphiam
766 2786 793 2807 et
808 2780 983 2810 Laodiceam.

197 2817 263 2850 Quae
278 2826 343 2846 vero
360 2819 387 2846 itt
404 2820 454 2848 hac
470 2822 576 2850 visione
594 2823 677 2857 vidit,
694 2827 779 2853 multa
804 2833 867 2854 sunt
888 2837 920 2856 ac
937 2838 985 2856 va-

197 2863 248 2889 ria.
262 2863 301 2890 Ac
315 2864 425 2892 demum
442 2867 622 2900 perditionem
638 2870 720 2897 etiam
738 2871 900 2900 Antichristi
920 2882 984 2902 cum

197 2909 308 2937 diabolo
324 2911 401 2939 vizlit.
417 2912 534 2942 Jubetur
549 2919 640 2943 autem
656 2924 774 2952 primum
792 2921 912 2950 scribere
927 2923 985 2950 sin-

1038 2331 1160 2365 ἁδελφόν.
1184 2332 1374 2368 Προετρέψατο
1392 2334 1420 2360 δὲ
1448 2334 1539 2366 αὐτὸν,
1568 2335 1615 2362 καὶ
1637 2335 1727 2368 ξενίαν
1752 2337 1825 2371 αὐτῷ

1038 2377 1190 2412 ἑτοιμάσαι,
1209 2377 1262 2408 ἵνα,
1280 2378 1327 2405 ἐὰν
1344 2379 1418 2415 ἔλθῃ,
1433 2379 1500 2416 εὕρῃ
1525 2381 1575 2407 ποῦ
1595 2381 1688 2418 μείνῃ·
1714 2383 1760 2409 καὶ
1781 2382 1824 2409 οὖ-

1036 2431 1075 2448 τω
1091 2423 1187 2450 τελειοῐ
1202 2423 1251 2459 τὴν
1268 2425 1422 2460 ἐπιστολήν.

1149 2471 1270 2497 meum-
1284 2474 1321 2505 η’.
1341 2471 1544 2507 Ἀποκάλυψις
1569 2473 1714 2500 Ἰωάννου.

1072 2515 1117 2542 75.
1133 2515 1211 2542 υῦτω
1227 2517 1349 2544 καλεῖται
1365 2518 1395 2545 τὸ
1413 2519 1526 2553 βιϐλίον,
1544 2520 1637 2556 ἐπειδὴ
1653 2521 1699 2547 καὶ
1723 2521 1822 2557 ταύτην

1036 2560 1085 2595 τὴν
1102 2561 1274 2598 ἀποκάλυψιν
1296 2564 1377 2596 αὐτὸς
1400 2565 1527 2601 Ἰωάννης
1542 2567 1556 2592 ὁ
1572 2566 1765 2604 εὑαγγελιστὴς
1779 2570 1821 2596 καὶ

1038 2605 1161 2640 θεολόγος
1175 2607 1298 2643 ἑώρακεν
1313 2610 1341 2636 ἐν
1355 2610 1387 2645 τῇ
1405 2610 1510 2646 Πάτμῳ
1529 2611 1686 2650 καλουμένῃ
1698 2614 1781 2649 νήσῳ,
1793 2616 1821 2642 ὲν

1037 2652 1128 2689 ἡμέρᾳ
1142 2654 1279 2690 Κυριακῇ,
1294 2656 1340 2682 καὶ
1353 2656 1509 2689 κελευσθεὶς
1520 2657 1639 2694 ἔγραψεν
1651 2659 1745 2695 αὐτὴν,
1754 2660 1819 2688 ὥστε

1037 2698 1142 2734 πέμψαι
1159 2701 1198 2732 εἰς
1209 2701 1257 2732 τὰς
1271 2702 1511 2738 ἑπτὰἘκκλησίας
1523 2704 1634 2737 ταύτας,
1649 2707 1688 2737 είς
1699 2707 1819 2741 Ἔφεσον,

1037 2746 1076 2776 εἰς
1091 2745 1226 2781 Σμύρναν,
1241 2749 1280 2779 εἰς
1296 2748 1449 2784 Πέργαμον,
1466 2751 1506 2782 εἰς
1522 2751 1684 2787 Θυάτειραν,
1701 2753 1740 2784 εἰς
1755 2754 1820 2789 Σάρ-

1037 2790 1102 2822 δεις,
1124 2792 1162 2823 εἰς
1187 2792 1388 2828 Φιλαδέλφειαν,
1416 2796 1463 2822 καὶ
1486 2797 1527 2828 είς
1552 2797 1720 2826 Λαοδίκειαν.
1744 2800 1773 2826 'A
1793 2800 1818 2827 δέ

1038 2837 1105 2863 εἰσιν
1121 2837 1149 2863 ὲν
1166 2839 1198 2873 τῇ
1216 2839 1342 2875 ὀπτασίᾳ,
1371 2840 1457 2867 πολλὰ
1485 2843 1538 2868 εἰσι
1557 2843 1605 2869 καὶ
1631 2843 1752 2881 διάφορα.
1768 2845 1817 2871 Καὶ

1037 2881 1114 2913 τέλος
1130 2882 1179 2918 τὴν
1199 2883 1244 2910 τοῦ
1272 2884 1454 2920 Ἀντιχρίστον
1471 2886 1609 2913 ἀπώλειαν
1626 2888 1694 2923 μετὰ
1709 2889 1753 2915 τοῦ
1765 2890 1816 2916 διας

1040 2925 1117 2952 ϐόλον)
1134 2926 1250 2961 ἑώρακε.
1266 2928 1412 2956 Κελεύεται
1425 2928 1454 2956 δὲ
1470 2929 1578 2965 πρῶτον
1599 2931 1702 2967 γράψαι
1719 2933 1815 2969 ἑκάστῃ
