1929 3056
102 170 154 198 4Ξο

638 165 806 194 SYNOPSIS
826 164 1033 193 SCRIPTUBIE
1049 164 1183 193 SACRE.

1681 168 1737 196 450

101 227 212 262 ἀγγέλῳ
225 226 280 253 τῶν
295 225 501 262 προειρημένων
509 225 677 261 Ἑκκλησιῶν
685 225 755 253 κατὰ
768 226 818 258 τὰς
830 225 895 252 ἑκά-

948 225 1019 261 gulis
1043 224 1238 260 praedictarum
1259 223 1445 253 Ecclesiarum
1460 225 1565 261 angelis
1584 225 1736 253 secundum

103 282 167 301 στου
186 272 309 310 πράξεις.
324 272 428 303 Πολλὰς
440 272 489 307 μὲν
514 269 559 298 οὖν
583 271 687 308 ἑώρακε
705 272 751 298 καὶ
779 272 898 307 παραδό-

103 322 165 351 ξους
185 318 328 349 ὀπτασίας,
344 315 397 344 εἶδε
409 317 437 343 δὲ
453 317 523 344 ἑπτὰ
540 317 650 352 λυχνίας
667 311 782 352 χρυσᾶς,
796 317 843 343 καὶ
868 317 898 343 ὲν

103 365 180 400 μέσῳ
195 364 286 391 αὐτῶν
302 365 393 399 ὅμοιον
410 363 467 399 Υἱῴ
480 362 623 398 ἀνθρώπου
635 372 642 378 ·
659 363 706 389 καὶ
722 361 896 398 ἡρμηνεύοη-

102 419 153 438 σαν
168 410 340 446 αὺτῴ,ὃτιαὶ
353 410 458 444 λυχνίαι
478 410 546 435 εἰσὶν
561 410 588 435 αἱ
610 408 680 435 ὲτι-εά
699 408 867 444 Ἐκκλησίαι·
883 409 897 435 ὁ

101 457 131 484 δὲ
146 457 175 483 εν
193 457 268 492 μέσῳ
283 456 372 484 αὐτῶν
390 457 404 483 ὁ
417 456 529 491 Κύριος.
542 454 603 482 Εἷδε
621 457 668 482 καὶ
688 454 771 491 θύραν
797 455 898 490 ἀνεῳγ-

103 502 203 538 μένην,
217 503 247 528 ὲν
270 501 309 537 τῷ
328 501 445 537 οὐρανῷ,
468 502 516 528 καὶ
533 502 562 528 ὲν
584 500 670 537 Θρόνῳ
680 501 834 537 καθήμενον
850 501 896 528 τὸν

101 549 215 584 Κύριον,
229 548 276 575 καὶ
288 547 490 584 πρεσϐυτέρους
508 547 556 579 κδ’,
580 547 751 583 καθημένους
767 547 813 574 ἐπὶ
832 547 896 583 θρό-

101 605 166 627 νους
183 596 230 622 καὶ
255 594 475 630 προσκυνοῦντας
494 595 539 621 τὸν
566 594 677 631 Κύριον.
700 594 822 630 Ἑώρακε
848 595 895 620 καὶ

102 642 254 678 σφραγῖδας
266 641 411 677 λυομένας,
428 641 475 668 καὶ
490 641 622 676 λυομένης
637 641 766 676 ἑκάστης,
779 641 896 668 ὸπτασία

101 697 144 719 τις
167 688 279 722 ἐγίνετο.
303 686 370 714 Εἶτα
397 687 518 724 ἑώρακεν
543 687 612 714 έπτά
637 687 771 722 ἀγγέλους
786 688 897 723 ἔχοντας

103 734 174 761 ὲπτά
199 733 362 768 σάλπιγγας,
385 734 432 761 καὶ
457 734 571 761 ἑκάστου
587 733 773 766 σαλπίζοντος,
792 733 896 767 ἐγίνετο

105 782 231 816 σημεῖον·
254 780 300 807 τοῦ
327 780 355 806 δὲ
380 779 494 816 ἑϐδόμου
519 780 704 812 σαλπίζοντος,
726 780 825 815 ἤκουσε
853 779 896 806 λε⁴

102 827 268 861 γόντων,ὂτι
287 836 297 852 ι
319 818 491 861 Ἡιβασιλέία
512 826 559 853 τοῦ
583 826 685 862 κόσμου
714 826 822 860 ἐγένετο
849 825 895 852 τοῦ

101 873 216 908 Κυρίου,
236 883 245 900 ι
263 874 317 901 Καὶ
336 873 442 909 ἑώρακε
458 873 506 908 τὴν
517 873 631 899 κιϐωτὸν
643 873 693 907 τῆς
707 872 843 907 Διαθήκης
867 872 896 898 ἐν

101 922 219 957 οὐρανῷ.
235 919 301 948 Εἶτα
317 921 423 958 ἑώρακε
449 923 564 957 γυναῖκα
577 921 736 952 ὠδίνουσαν,
762 922 808 948 καὶ
831 921 895 957 δρά-
911 938 932 966 Β

103 975 187 994 κοντα
200 967 284 1002 πυρὸς
302 967 434 994 διώκοντα
451 968 547 1003 αὑτήν.
567 966 598 992 Ἡ
611 966 660 1002 μὲν
676 964 722 993 οὖν
735 966 804 1002 γυνὴ
827 966 896 993 ἐσώ-

103 1013 137 1049 θη
155 1014 194 1044 εἰς
207 1014 256 1048 τὴν
270 1013 371 1049 ἔρημον
385 1022 392 1028 ·
406 1014 420 1040 ὁ
440 1013 468 1039 δὲ
484 1013 590 1049 δράκων
607 1012 708 1048 ἐϐλήθη
726 1013 766 1044 είς
781 1011 812 1039 τὸ
829 1011 896 1047 πῦρ.

101 1057 170 1087 Εἶτα
187 1059 292 1096 ἑώρακε
310 1059 404 1096 θηρίον
421 1059 481 1094 ἔχον
494 1059 597 1095 κέρατα
611 1058 676 1085 δέκα
686 1078 693 1090 ,
713 1058 760 1084 καὶ
775 1057 897 1092 κεφαλὰς

102 1105 184 1137 ἑπτὰ,
201 1105 250 1132 καὶ
264 1104 295 1131 τὸ
322 1105 440 1140 διάδημα
462 1103 544 1130 αὑτοῦ
561 1102 734 1138 βλασφημίας
747 1103 848 1138 γέμον·
866 1103 897 1129 τὸ

102 1151 131 1177 δὲ
146 1151 231 1186 ὄνομα
243 1149 324 1177 αὑτοῦ
339 1150 389 1177 οὐκ
402 1149 545 1185 ἐδήλωσεν,
559 1149 626 1176 ἀλλὰ
647 1149 693 1176 τὸν
712 1149 829 1185 ἀριθμὸν
849 1149 896 1176 τοῦ

102 1197 234 1232 ὀνόματος
250 1196 333 1223 αὑτοῦ
357 1195 429 1231 χξς¹.
449 1196 569 1222 Ἤκουσε
590 1195 636 1221 καὶ
659 1195 803 1230 παρθένων
822 1195 897 1231 ᾀδόν-

103 1251 169 1274 των,
187 1243 234 1270 καὶ
250 1242 467 1269 ἀκολουθούντων
483 1241 522 1276 τῷ
542 1241 650 1277 Ἀρνίῳ,
668 1241 715 1268 καὶ
730 1241 798 1268 εἶδεν
812 1242 896 1276 ἄγγε-

102 1289 148 1316 λον
160 1289 306 1324 πετόμενον
319 1289 348 1315 ὲν
367 1288 601 1324 μεσουρανήματι,
615 1287 662 1314 καὶ
686 1287 765 1314 ἄλλον
786 1287 897 1314 ἀκολου-

103 1334 213 1367 θοῦντα,
228 1335 274 1361 καὶ
287 1334 376 1365 ἄλλον,
393 1334 439 1361 καὶ
451 1333 566 1368 νεφέλην
589 1332 698 1368 λευκὴν,
719 1333 766 1359 καὶ
793 1333 836 1359 ἐπ’
849 1333 896 1359 αὐ.-

102 1380 153 1417 τῆς
167 1380 322 1416 καθήμενον
339 1380 432 1415 ὅμοιον
446 1378 502 1414 Υἱῷ
514 1378 668 1414 ἀνθρώπου,
682 1379 777 1414 ἔχοντα
790 1379 837 1405 ἐπὶ
849 1379 897 1414 τῆς

102 1425 225 1460 κεφαλῆς
242 1424 324 1451 αὑτοῦ
344 1423 474 1458 στέφανον
490 1422 618 1458 χρυσοῦν,
648 1424 695 1450 καὶ
720 1424 748 1449 ὲν
774 1425 807 1459 τῇ
826 1424 898 1459 χειρὶ

105 1470 189 1499 αὐτοῦ
202 1470 336 1507 δρέπανον
352 1470 410 1502 ὀξύ.
435 1468 503 1497 Εἶτα
527 1469 649 1506 ἑώρακεν
665 1469 797 1504 ἀγγέλους
815 1469 896 1502 έπτά,

105 1517 217 1553 ἔχοντας
231 1516 339 1551 πληγὰς
357 1516 428 1543 ὲπτά
443 1516 493 1548 τὰς
507 1516 636 1552 ὲσχάτας,
652 1516 699 1543 καὶ
711 1515 809 1550 φιάλας
833 1524 897 1552 χρυ-

105 1565 156 1595 σᾶς
170 1563 309 1599 γεμούσας
324 1564 356 1589 ὲκ
369 1563 415 1589 τοῦ
426 1563 511 1598 θυμοῦ
526 1563 573 1589 τοῦ
587 1562 667 1590 Θεοῦ.
680 1559 747 1590 Εἶτα
755 1562 896 1598 ἀπηνέχθη

948 272 1083 307 cujusque
1098 271 1232 298 actiones.
1247 270 1347 298 Multas
1359 271 1451 306 itaque
1462 274 1490 298 et
1504 270 1682 299 admirabiles
1697 271 1737 298 vi-

948 319 1040 346 siones
1061 318 1144 350 vidit,
1165 321 1196 346 ut
1219 322 1323 353 septem
1347 317 1512 345 candelabra
1532 324 1633 350 aurea,
1658 321 1686 344 et
1709 316 1737 343 in

948 365 1038 393 medio
1055 365 1163 392 illorum
1182 365 1299 393 similem
1315 364 1384 391 Filio
1400 362 1520 391 hominis
1534 372 1541 397 ;
1559 367 1585 391 et
1600 363 1738 398 interpre-

949 413 1082 439 tationem
1100 412 1223 447 accepit,
1241 410 1407 438 candelabra
1426 410 1473 437 illa
1490 417 1552 438 esse
1566 413 1670 444 septem
1687 409 1739 436 Ec-

947 458 1059 491 clesias,
1070 462 1096 484 et
1107 466 1169 486 eum
1180 479 1187 491 ,
1201 458 1248 493 qui
1263 458 1292 485 in
1307 457 1397 484 medio
1413 460 1473 484 erat
1483 477 1491 489 ,
1507 463 1568 484 esse
1579 455 1736 482 Dominum.

946 503 1066 531 Januam
1082 504 1147 532 item
1164 504 1231 531 vidit
1249 508 1373 539 apertam
1391 503 1418 530 in
1439 502 1527 534 cado,
1544 506 1572 529 et
1590 501 1737 529 Dominum

947 550 974 577 in
988 550 1088 578 throno
1101 550 1289 581 sedentem,et
1303 549 1402 584 viginti
1417 553 1535 583 quatuor
1549 547 1682 578 seniores,
1696 553 1739 574 se<

947 597 1044 624 dentes
1057 604 1140 632 super
1156 597 1271 623 thronos
1286 600 1313 622 et
1329 594 1474 622 adorantes
1490 593 1647 621 Dominum.
1663 592 1737 620 Vidit

947 644 1030 670 etiam
1047 647 1151 678 septem
1169 641 1258 676 sigilla
1276 641 1387 676 aperiri,
1403 643 1430 667 et
1443 647 1609 675 unoquoque
1628 644 1738 674 aperto.

946 690 1017 718 visio
1032 689 1157 725 quaedam
1173 688 1333 724 apparebat.
1352 686 1426 714 Vidit
1446 686 1545 714 deinde
1565 691 1669 721 septem
1689 693 1739 712 an—

947 737 1023 772 gelos
1037 734 1169 764 habentes
1185 740 1288 771 septem
1304 735 1384 762 tubas
1394 754 1401 766 ,
1416 738 1443 761 et
1454 738 1618 769 tmoquoque
1630 733 1738 760 illorum

947 785 1090 820 clangente
1108 783 1190 811 ﬁebat
1214 784 1342 818 signum,
1369 781 1487 816 septimo
1508 787 1575 808 vero
1597 779 1741 814 clangente

947 830 1068 862 audivit,
1086 829 1132 866 qui
1148 829 1293 856 dicerent:
1311 826 1427 863 Regnum
1443 824 1552 858 mundi,
1568 825 1677 852 Domini
1694 824 1738 860 fu-

947 882 1018 904 ctum
1034 877 1066 904 ιδ.
1082 876 1114 902 Et
1128 883 1218 903 arcam
1234 874 1391 902 testamenti
1405 873 1473 901 vidit
1486 873 1513 900 in
1536 874 1617 900 emlo.
1636 872 1741 900 Deinde

947 923 1090 950 mulierem
1105 921 1304 956 parturientem
1320 919 1388 947 vidit
1401 924 1428 947 et
1443 920 1590 947 draconem
1607 919 1738 955 ignitum,

946 969 992 1004 qui
1004 968 1077 995 illam
1099 966 1325 1002 persequebatur.
1340 965 1438 993 Mulier
1457 965 1567 1000 quidem
1580 970 1687 993 servata
1697 970 1741 993 est

947 1013 975 1041 in
992 1012 1139 1042 solitudine
1151 1034 1157 1045 ,
1174 1013 1258 1040 draco
1276 1011 1356 1048 154
1370 1019 1436 1039 vero
1451 1011 1575 1047 abjectus
1591 1012 1619 1039 in
1637 1012 1737 1047 ignem.

946 1059 1045 1088 Postea
1065 1060 1180 1087 bestiam
1201 1059 1269 1086 vidit
1289 1059 1435 1086 habentem
1456 1066 1560 1085 cornua
1580 1058 1691 1090 decem,
1713 1061 1740 1086 et

947 1106 1038 1141 capita
1053 1110 1157 1141 septem
1169 1125 1177 1138 ,
1191 1109 1218 1132 et
1231 1104 1357 1132 diadema
1371 1104 1430 1139 ejus
1445 1104 1613 1139 blasphemia
1628 1104 1740 1139 plenum

947 1156 1016 1180 erat.
1030 1152 1135 1180 Nomen
1150 1159 1216 1179 vero
1226 1151 1286 1186 ejus
1302 1158 1356 1178 non
1371 1151 1515 1186 patefecit,
1532 1150 1578 1178 sed
1595 1158 1739 1177 numerum

947 1199 1066 1227 nominis
1086 1198 1166 1233 ejus,
1188 1205 1286 1233 nempe
1310 1197 1433 1226 sexcenti
1456 1197 1598 1232 sexaginta
1622 1204 1681 1224 scx.
1706 1196 1740 1223 Et

946 1245 1067 1279 virgines
1078 1243 1184 1271 audivit
1194 1248 1326 1272 canentes
1337 1263 1345 1276 ,
1358 1248 1385 1271 et
1395 1242 1502 1279 Agnum
1518 1247 1674 1278 sequentes.
1691 1242 1740 1270 Vi-

948 1291 987 1318 dit
1002 1290 1085 1318 etiam
1105 1290 1232 1326 angelum
1250 1297 1300 1325 per
1316 1290 1437 1317 medium
1455 1289 1519 1317 cwli
1536 1289 1674 1316 volantem
1686 1309 1694 1323 ,
1712 1293 1741 1317 ct

947 1340 1106 1371 sequentem
1128 1337 1244 1363 alterum
1259 1354 1267 1368 ,
1291 1336 1431 1371 aliumque
1453 1339 1548 1370 postea
1558 1344 1571 1376 .;
1593 1335 1692 1363 deinde
1712 1339 1741 1362 et

947 1383 1048 1410 nubem
1070 1383 1218 1410 candidam
1239 1382 1325 1415 vidit,
1342 1388 1369 1410 et
1385 1382 1549 1410 insidentem
1567 1382 1606 1409 illi
1621 1382 1741 1410 similem

948 1427 1019 1455 Filio
1039 1428 1160 1456 hominis
1175 1449 1182 1461 ,
1202 1428 1231 1455 in
1248 1428 1338 1463 capite
1356 1435 1486 1455 coronam
1509 1435 1620 1455 auream
1637 1428 1741 1455 haben-

948 1477 1019 1506 tem,
1040 1477 1068 1501 et
1087 1474 1116 1501 in
1134 1481 1217 1500 manu
1234 1481 1286 1501 sua
1303 1473 1402 1501 falcem
1419 1479 1541 1500 acutam.
1572 1472 1676 1501 Deinde
1697 1481 1742 1501 se-

948 1523 1022 1554 ptem
1038 1520 1149 1555 angelos
1163 1519 1241 1552 vidit,
1251 1519 1384 1546 habentes
1394 1518 1489 1554 plagas
1503 1522 1606 1553 septem
1620 1517 1741 1546 novissi-

948 1573 1027 1600 mas,
1049 1569 1076 1593 et
1098 1566 1204 1600 phialas
1225 1573 1324 1593 aureas
1344 1565 1440 1600 plenas
1461 1565 1509 1592 ira:
1528 1564 1587 1592 Dei.
1603 1564 1668 1593 Post
1683 1565 1742 1593 haec

103 1610 144 1646 τῷ
156 1609 291 1645 πνεύματι
311 1611 350 1641 εἰς
368 1609 481 1646 ἔρημον,
510 1609 557 1636 καὶ
568 1609 675 1645 ἑώρακε
692 1610 810 1644 γυναῖκα
829 1608 896 1636 καθ-

949 1612 1058 1639 ablatus
1069 1616 1111 1640 est
1121 1613 1218 1647 spiritu
1232 1612 1260 1639 in
1272 1612 1448 1640 solitudinem
1459 1633 1465 1645 ,
1481 1615 1508 1639 et
1518 1611 1586 1638 vidit
1597 1611 1741 1639 mulierem

105 1657 211 1693 ημὲνην
224 1657 269 1683 ἐπὶ
281 1657 375 1692 θηρίον
390 1656 526 1690 κόκκινον,
537 1655 598 1691 ἕχον
615 1655 735 1690 κεφαλὰς
746 1655 816 1682 ἑπτά
827 1663 834 1670 ·
850 1655 898 1682 καὶ

105 1703 240 1738 ἐσήμανεν
253 1702 307 1728 ἀπὸ
320 1701 422 1737 ταύτης
437 1700 545 1727 ἔσεσθαι
559 1701 606 1727 τὸν
624 1700 817 1735 Ἀντίχριστον.
832 1697 898 1726 Εἶτα

105 1747 213 1783 ἑώρακε
226 1747 272 1773 τὸν
287 1746 400 1782 οὐρανὸν
409 1747 591 1782 ἀνεῳγμένον,
605 1746 652 1773 καὶ
666 1745 782 1780 ἔφιππον
791 1745 897 1777 λευκὸν,

105 1794 154 1821 καὶ
170 1793 291 1821 ἐκαλεῖτο
306 1794 335 1820 τὺ
347 1794 433 1828 ὄνομα
446 1793 527 1820 αὑτοῦ
544 1794 557 1819 ὁ
572 1793 657 1828 Λόγος
679 1792 726 1819 τοῦ
740 1792 820 1819 Θεοῦ.
831 1790 899 1819 Εῑτα

104 1840 212 1876 ἑώρακε
225 1841 254 1867 τὺ
268 1840 362 1876 θηρίον
384 1840 432 1867 καὶ
448 1840 511 1872 τοὺς
530 1839 649 1875 βασιλεῖς
661 1840 711 1875 τῆς
732 1839 794 1874 γῆς,
809 1838 899 1866 Θέλον-

104 1899 156 1922 tu;
172 1891 283 1926 ποιῆσαι
305 1890 422 1926 πόλεμον
447 1889 515 1925 μετὰ
532 1889 579 1916 τοῦ
596 1889 749 1924 καθημένου
775 1888 821 1915 ἐπὶ
851 1887 898 1914 τοῦ

104 1937 192 1963 ἵππου
207 1935 254 1962 τοῦ
265 1935 372 1962 λευκοῦ.
393 1937 450 1962 Καὶ
471 1935 588 1971 ἐπιάσθη
603 1936 634 1962 τὸ
650 1935 754 1971 θηρίον,
769 1935 816 1961 καὶ
840 1934 898 1969 μετ’

106 1983 190 2009 εν)τοῦ
202 1983 216 2008 ὁ
229 1982 463 2017 ψευδοπροφήτης,
480 1982 553 2013 ὅστις
567 1979 601 2017 ἦν
615 1982 629 2007 ὁ
649 1981 840 2016 Ἀντίχριστος,
852 1981 900 2007 καὶ

105 2027 161 2055 εἶδε
187 2028 366 2064 βαλλομένους
384 2029 481 2060 αὐτοὺς
498 2029 538 2056 εἰς
554 2027 604 2063 τὴν
624 2027 722 2062 λίμνην
736 2025 783 2053 τοῦ
801 2025 898 2061 πυρός.

105 2073 174 2101 Εἶτα
187 2074 292 2110 ἑώρακε
306 2074 505 2101 καταϐαίνοντα
519 2073 634 2108 ἄγγελον
650 2074 681 2099 ἐκ
703 2072 750 2099 τοῦ
771 2072 898 2108 οὐρανοῦ,

106 2120 155 2146 καὶ
173 2119 303 2154 βάλλοντα
315 2119 361 2146 τὸν
380 2120 501 2146 Σατανᾶν
517 2119 638 2151 καὶτοὺς
653 2118 764 2154 ἔχοντας
789 2119 820 2144 τὸ
848 2119 898 2154 χά-

108 2173 202 2202 ραγμα
220 2164 303 2192 αὑτοῦ
319 2165 359 2196 εἰς
384 2164 433 2201 τὴν
446 2165 574 2197 ἄϐυσσον,
592 2166 639 2192 καὶ
655 2165 780 2192 κλείοντα
804 2164 898 2191 ἐπάνω

106 2210 200 2242 αὑτοῦ,
213 2211 257 2238 ἴνα
270 2211 367 2246 μηκέτι
386 2211 510 2248 πλανήσῃ
526 2211 562 2237 τὰ
575 2211 638 2247 ἔθνη
651 2211 703 2243 ἕως
713 2211 780 2238 ὲτῶν
791 2211 895 2246 χιλίων.

105 2254 174 2284 Εἶτα
188 2256 294 2292 ἑώρακε
312 2257 375 2288 τοὺς
397 2256 539 2292 μάρτυρας
565 2257 594 2284 ὲν
618 2257 681 2292 δόξῃ
706 2256 898 2292 βασιλεύοντας

950 1658 1091 1686 sedentem
1107 1666 1191 1693 super
1205 1658 1322 1685 bestiam
1340 1657 1498 1686 coccineam
1509 1678 1517 1691 ,
1534 1657 1679 1685 habentem
1694 1665 1742 1685 ca-

949 1704 1006 1740 pita
1020 1708 1124 1739 septem
1140 1714 1147 1731 ;
1163 1708 1190 1732 et
1210 1704 1363 1732 indicatum
1385 1709 1427 1732 est
1446 1705 1470 1731 ei
1490 1713 1523 1732 ex
1543 1703 1596 1731 hac
1616 1703 1740 1731 futurum

948 1758 1011 1779 esse
1025 1750 1237 1778 Antichristum.
1253 1750 1328 1778 Vidit
1341 1751 1424 1778 etiam
1441 1751 1541 1778 emtum
1558 1753 1682 1785 apertum
1692 1770 1701 1783 ,
1715 1755 1743 1778 et

949 1797 1067 1832 equitem
1086 1797 1193 1830 album,
1206 1801 1234 1824 et
1254 1800 1313 1825 erat
1327 1804 1427 1824 nomen
1448 1797 1509 1832 ejus
1520 1817 1528 1830 ,
1546 1796 1666 1825 Verbum
1681 1796 1740 1825 Dei.

949 1843 1053 1872 Deinde
1064 1844 1131 1872 vidit
1140 1844 1256 1872 bestiam
1267 1865 1273 1877 .
1287 1852 1320 1872 ac
1331 1853 1410 1880 reges
1423 1849 1504 1873 terra:
1516 1865 1523 1878 ,
1536 1846 1637 1873 bellum
1651 1845 1743 1873 facere

951 1890 1074 1918 volentes
1093 1898 1156 1917 cum
1178 1898 1212 1918 eo
1228 1891 1275 1925 qui
1293 1890 1406 1918 sedebat
1421 1898 1504 1926 super
1520 1898 1620 1926 equum
1639 1890 1741 1918 album.

950 1935 985 1962 Et
998 1936 1171 1971 apprehensa
1186 1942 1228 1964 est
1242 1937 1330 1964 bestia
1340 1957 1347 1969 ,
1363 1941 1390 1964 et
1409 1944 1472 1964 cum
1492 1937 1552 1972 ipsa
1571 1937 1743 1972 pseudopro-

950 1981 1032 2016 pheta
1044 2002 1052 2014 ,
1069 1983 1115 2017 qui
1129 1986 1172 2010 est
1186 1982 1392 2015 Antichristus,
1407 1986 1434 2010 et
1455 1983 1524 2010 vidit
1544 1990 1591 2010 eos
1612 1983 1694 2017 abjici
1714 1983 1743 2010 in

951 2031 1078 2062 stagnum
1096 2027 1177 2062 ignis.
1191 2027 1257 2054 Post
1277 2027 1330 2055 ista
1344 2027 1411 2055 vidit
1427 2028 1553 2063 angelum
1574 2027 1743 2059 descenden‘

951 2077 1005 2101 tem
1019 2073 1052 2100 de
1066 2074 1137 2101 coelo
1150 2094 1157 2105 ,
1169 2077 1195 2101 et
1212 2074 1386 2108 abjicientem
1400 2072 1529 2100 Satanam
1544 2081 1606 2100 cum
1623 2074 1681 2106 his,
1696 2075 1742 2109 qui

951 2118 1139 2145 characterem
1154 2119 1241 2153 ipsius
1256 2118 1410 2150 habebant,
1426 2119 1453 2145 in
1467 2119 1596 2154 abyssum
1607 2138 1615 2151 ,
1627 2122 1653 2145 et
1667 2119 1743 2146 clau-

953 2165 1063 2193 dentem
1079 2165 1198 2201 desuper
1214 2166 1320 2201 ipsum,
1337 2174 1372 2193 ne
1387 2166 1504 2200 posthac
1526 2166 1644 2200 amplius
1660 2166 1743 2193 sedu-

952 2213 1027 2236 ceret
1038 2213 1143 2244 gentes.
1156 2210 1243 2237 donec
1255 2211 1411 2245 consumpti
1427 2210 1482 2237 sint
1494 2210 1566 2237 mille
1579 2211 1653 2237 anni.
1670 2210 1742 2238 Mar—

952 2259 1026 2290 tyres
1041 2255 1141 2283 deinde
1155 2256 1224 2283 vidit
1238 2264 1299 2283 cum
1314 2256 1398 2291 gloria
1415 2256 1444 2283 in
1457 2255 1569 2283 Christo
1585 2259 1740 2291 regnantes.

107 2304 265 2341 ἐνΧριστῷ.
289 2302 356 2330 Εἶτα
375 2303 514 2340 ἑώρακεν,
531 2304 571 2331 ὅτι
586 2304 655 2340 μετά
665 2304 738 2340 χίλια
755 2304 802 2340 ἔτη
817 2304 897 2340 λυθή-

952 2301 1028 2329 Vidit
1043 2303 1108 2330 item
1127 2302 1200 2337 quod
1218 2301 1334 2330 Satanas
1349 2305 1412 2340 post
1428 2302 1503 2329 mille
1522 2309 1610 2329 annos
1631 2302 1743 2329 solven-

107 2358 183 2376 σεται
197 2350 211 2375 6
223 2349 355 2381 Σατανᾶς,
365 2349 412 2375 καὶ
429 2349 593 2385 βληθήσεται
613 2350 653 2381 είς
668 2349 718 2383 τὴν
733 2349 833 2385 λίμνην
848 2349 896 2376 τοῦ

105 2396 193 2432 πυρὸς
215 2396 284 2431 μετὰ
306 2396 352 2422 τοῦ
376 2396 559 2431 Ἀντιχρίστου
579 2397 619 2428 εἰς
637 2396 701 2429 τοὺς
722 2396 822 2428 αἰῶνας
843 2397 898 2423 τῶν

104 2440 222 2468 αἰώνων.
240 2439 306 2467 Εἶτα
321 2440 444 2476 ἑώρακεν
457 2442 571 2478 οὐρανὸν
583 2442 685 2474 καινὸν,
701 2442 748 2469 καὶ
764 2442 815 2477 γῆν
825 2462 833 2475 ,
851 2443 899 2468 καὶ

103 2489 155 2523 τὴν
174 2488 350 2524 Ἰερουσαλὴμ
357 2488 463 2524 καινὴν,
477 2489 524 2516 καὶ
538 2489 643 2524 ἑώρακε
657 2489 778 2525 ποταμὸν
801 2489 896 2521 ὓδατος

104 2533 188 2568 ζωῆς,
201 2534 321 2565 καὶτοὺς
334 2533 441 2565 δούλους
450 2533 497 2560 τοῦ
512 2533 580 2560 Θεοῦ
589 2534 758 2569 θεωροῦντας
769 2534 800 2560 τὺ
812 2533 896 2569 πρόσ-

104 2588 179 2605 ωπον
191 2579 285 2611 αὑτοῦ,
300 2581 346 2606 καὶ
361 2580 472 2615 ἔχοντας
496 2581 543 2607 ἐπὶ
556 2579 602 2606 τοῦ
620 2578 746 2615 μετώπου
764 2579 795 2605 τὸ
811 2579 897 2614 ὄνομα

104 2625 199 2653 αὑτοῦ.
228 2626 321 2652 Ταῦτα
356 2626 484 2661 ἑωρακὼς
517 2626 642 2661 Ἰωάννης
672 2625 753 2652 ἔπεσε
770 2646 776 2655 .
815 2625 899 2652 θέλων

105 2672 295 2707 προσκυνῆσαι
309 2671 349 2707 τῷ
366 2673 473 2708 ἀγγέλῳ
488 2673 636 2700 δεικνύοντι
646 2672 721 2707 αὐτῷ
731 2672 818 2699 ταῦτα
830 2671 900 2699 πάν-

103 2726 150 2745 τα.
162 2719 218 2745 Kal.
234 2718 370 2745 ἐκώλυσεν
386 2719 466 2746 αὑτὸν
481 2720 495 2745 ὁ
508 2719 624 2754 ἄγγελος
636 2719 724 2753 λέγων
734 2727 740 2734 ·
754 2729 764 2745 ι
779 2719 826 2755 Μὴ
838 2720 899 2755 ἐμοὶ

105 2763 267 2799 προσκύνει,
284 2763 352 2790 ἀλλὰ
366 2764 404 2800 τῷ
421 2764 480 2800 Θεῷ
491 2774 498 2779 ·
513 2764 569 2799 ἐγὼ
594 2765 647 2801 γὰρ
682 2765 821 2799 σύνδουλός
850 2774 897 2792 σου

106 2809 175 2844 σίμί.
192 2819 202 2834 ι
229 2807 340 2836 Βλέπων
355 2810 383 2837 δὲ
405 2810 500 2843 ταῦτα,
520 2811 602 2846 ἦκουε
626 2811 700 2846 παρὰ
719 2811 766 2838 τοῦ
792 2811 897 2846 Κυρίου

144 2896 168 2915 ιδ
185 2897 271 2932 Apoc.
292 2906 332 2930 ςι,
354 2898 395 2925 l5.
435 2899 455 2914 ”
475 2899 559 2934 Apoc.
582 2907 642 2933 xxx,
666 2899 707 2927 i0.

952 2348 1005 2376 dus
1019 2349 1055 2376 sit
1065 2368 1072 2380 ,
1087 2352 1114 2376 et
1129 2348 1303 2382 abjiciendus
1317 2348 1344 2375 in
1360 2352 1486 2383 stagnum
1503 2348 1573 2383 ignis
1585 2367 1593 2380 ,
1609 2355 1671 2375 cum
1685 2347 1742 2374 An-

952 2394 1078 2422 tichristo
1088 2414 1096 2427 ,
1110 2395 1138 2421 in
1154 2394 1255 2422 sazcula
1270 2394 1443 2422 saeculorum.
1459 2394 1524 2421 Post
1536 2393 1594 2421 haec
1606 2393 1674 2421 vidit
1684 2400 1742 2421 cte-

952 2439 1009 2467 lum
1029 2447 1130 2467 novum
1141 2459 1148 2471 ,
1164 2443 1266 2466 terram
1287 2446 1386 2466 novam
1404 2447 1436 2466 ac
1451 2439 1603 2466 Jerusalem
1621 2446 1738 2472 novam,

951 2488 978 2512 et
994 2484 1104 2512 ﬂuvium
1121 2492 1198 2519 aquae
1211 2485 1294 2517 vivae,
1310 2493 1342 2513 ac
1354 2493 1449 2513 servos
1464 2485 1510 2512 Dei
1523 2484 1741 2519 contemplantes

950 2530 1048 2558 faciem
1069 2531 1146 2566 ejus,
1164 2535 1191 2558 et
1212 2531 1344 2560 habentes
1360 2540 1460 2559 nomen
1478 2532 1538 2567 ejus
1558 2532 1586 2559 in
1602 2530 1740 2558 frontibus

950 2577 1019 2605 suis.
1035 2577 1104 2605 Cum
1121 2577 1179 2605 haec
1193 2579 1306 2607 vidisset
1327 2579 1448 2606 Joannes
1459 2599 1465 2611 ,
1488 2578 1620 2613 procidit,
1645 2578 1740 2605 volens

951 2625 1066 2652 adorare
1085 2624 1230 2660 angelum,
1246 2625 1293 2660 qui
1315 2624 1367 2652 sibi
1384 2625 1442 2652 haec
1458 2624 1550 2651 omnia
1570 2623 1738 2652 ostenderat.

950 2673 985 2699 At
1004 2673 1117 2708 angelus
1135 2672 1275 2707 prohibuit
1291 2672 1384 2705 illum,
1400 2672 1514 2700 dicens;
1531 2670 1593 2697 Non
1613 2679 1653 2697 me
1667 2690 1674 2702 ,
1694 2669 1741 2697 sed

951 2719 1035 2746 Deum
1050 2719 1154 2751 adora;
1169 2727 1215 2754 ego
1229 2719 1300 2745 enim
1315 2726 1455 2745 conservus
1471 2722 1532 2744 tuus
1547 2725 1606 2744 sum
1619 2717 1652 2743 ²⁸.
1671 2715 1740 2743 Cum

952 2768 1041 2791 autem
1059 2764 1111 2792 ista
1129 2763 1249 2796 videret,
1266 2763 1370 2791 audivit
1389 2771 1404 2790 a
1424 2763 1540 2790 Domino
1562 2767 1657 2790 nostro
1675 2761 1742 2789 Jestt

951 2810 1079 2847 Christo_,
1099 2810 1173 2846 quod
1194 2810 1252 2846 ipse
1272 2811 1308 2838 sit
1327 2811 1373 2846 qui
1394 2814 1454 2844 est,
1479 2814 1507 2837 et
1526 2809 1598 2838 idem
1624 2809 1684 2845 ipse
1705 2808 1744 2836 sit
