  <div class='ocr_page' id='page_1' title='image "/cluster/home/n/w/nwhite01/storage/ocr_20150623/28/njp.32101007506148/230.png"; bbox 0 0 1929 3056; ppageno 0'>
   <div class='ocr_carea' id='block_1_1' title="bbox 153 94 209 128">
    <p class='ocr_par' dir='ltr' id='par_1_1' title="bbox 153 94 209 128">
     <span class='ocr_line' id='line_1_1' title="bbox 153 94 209 128; baseline 0 -21"><span class='ocrx_word' id='word_1_1' title='bbox 153 94 209 128; x_wconf 61' lang='grc' dir='ltr'><strong>α.</strong></span> 
     </span>
    </p>
   </div>
   <div class='ocr_carea' id='block_1_2' title="bbox 711 89 1265 127">
    <p class='ocr_par' dir='ltr' id='par_1_2' title="bbox 711 89 1265 127">
     <span class='ocr_line' id='line_1_2' title="bbox 711 89 1265 127; baseline -0.009 -6"><span class='ocrx_word' id='word_1_2' title='bbox 711 91 878 121; x_wconf 65' lang='lat' dir='ltr'><strong>SYNOPSIS</strong></span> <span class='ocrx_word' id='word_1_3' title='bbox 900 89 1108 119; x_wconf 60' lang='lat' dir='ltr'><strong>SCRIPTURAE</strong></span> <span class='ocrx_word' id='word_1_4' title='bbox 1130 89 1265 127; x_wconf 60' lang='grc' dir='ltr'><strong>ειΑίζῐζίΕἼ</strong></span> 
     </span>
    </p>
   </div>
   <div class='ocr_carea' id='block_1_3' title="bbox 1739 89 1790 118">
    <p class='ocr_par' dir='ltr' id='par_1_3' title="bbox 1739 89 1790 118">
     <span class='ocr_line' id='line_1_3' title="bbox 1739 89 1790 118; baseline -0.059 0"><span class='ocrx_word' id='word_1_5' title='bbox 1739 89 1790 118; x_wconf 65' lang='grc' dir='ltr'><strong>ιῆδ</strong></span> 
     </span>
    </p>
   </div>
   <div class='ocr_carea' id='block_1_4' title="bbox 156 143 947 191">
    <p class='ocr_par' dir='ltr' id='par_1_4' title="bbox 156 152 947 191">
     <span class='ocr_line' id='line_1_4' title="bbox 156 152 947 191; baseline -0.005 -9"><span class='ocrx_word' id='word_1_6' title='bbox 156 155 308 191; x_wconf 46' lang='lat' dir='ltr'><strong>adpetitio;</strong></span> <span class='ocrx_word' id='word_1_7' title='bbox 328 155 381 181; x_wconf 79' lang='grc' dir='ltr'><strong>ὑπὸ</strong></span> <span class='ocrx_word' id='word_1_8' title='bbox 400 154 570 190; x_wconf 78' lang='grc' dir='ltr'><strong>Σολομῶντος</strong></span> <span class='ocrx_word' id='word_1_9' title='bbox 593 152 850 188; x_wconf 69' lang='grc' dir='ltr'><strong>ἐκδεδόσθαι.φησὶν</strong></span> <span class='ocrx_word' id='word_1_10' title='bbox 867 153 883 188; x_wconf 88' lang='grc' dir='ltr'><strong>ἠ</strong></span> <span class='ocrx_word' id='word_1_11' title='bbox 901 152 947 179; x_wconf 65' lang='lat' dir='ltr'><strong>tibi</strong></span> 
     </span>
    </p>
   </div>
   <div class='ocr_carea' id='block_1_5' title="bbox 999 143 1808 191">
    <p class='ocr_par' dir='ltr' id='par_1_5' title="bbox 1006 143 1808 185">
     <span class='ocr_line' id='line_1_5' title="bbox 1006 143 1808 185; baseline -0.005 -7"><span class='ocrx_word' id='word_1_12' title='bbox 1006 150 1079 178; x_wconf 87' lang='lat' dir='ltr'><strong>edita</strong></span> <span class='ocrx_word' id='word_1_13' title='bbox 1094 159 1109 177; x_wconf 86' lang='lat' dir='ltr'><strong>a</strong></span> <span class='ocrx_word' id='word_1_14' title='bbox 1128 149 1275 177; x_wconf 87' lang='lat' dir='ltr'><strong>Salomone</strong></span> <span class='ocrx_word' id='word_1_15' title='bbox 1288 150 1372 177; x_wconf 80' lang='lat' dir='ltr'><strong>tradit</strong></span> <span class='ocrx_word' id='word_1_16' title='bbox 1381 149 1650 185; x_wconf 80' lang='lat' dir='ltr'><strong>Paralipomenorum</strong></span> <span class='ocrx_word' id='word_1_17' title='bbox 1667 146 1791 182; x_wconf 80' lang='lat' dir='ltr'><strong>Scriptu-</strong></span> <span class='ocrx_word' id='word_1_18' title='bbox 1805 143 1808 147; x_wconf 83' lang='grc'><strong>’</strong></span> 
     </span>
    </p>
   </div>
   <div class='ocr_carea' id='block_1_6' title="bbox 155 198 946 236">
    <p class='ocr_par' dir='ltr' id='par_1_6' title="bbox 155 198 946 236">
     <span class='ocr_line' id='line_1_6' title="bbox 155 198 946 236; baseline -0.005 -8"><span class='ocrx_word' id='word_1_19' title='bbox 155 201 408 236; x_wconf 64' lang='grc' dir='ltr'><strong>έὶιαραλειπομένων</strong></span> <span class='ocrx_word' id='word_1_20' title='bbox 427 201 520 236; x_wconf 85' lang='grc' dir='ltr'><strong>Γραφή</strong></span> <span class='ocrx_word' id='word_1_21' title='bbox 537 199 592 235; x_wconf 65' lang='grc'><strong>(46)</strong></span> <span class='ocrx_word' id='word_1_22' title='bbox 605 209 612 215; x_wconf 90' lang='grc'>·</span> <span class='ocrx_word' id='word_1_23' title='bbox 638 200 696 226; x_wconf 81' lang='grc' dir='ltr'>ἀλλ’</span> <span class='ocrx_word' id='word_1_24' title='bbox 717 200 768 226; x_wconf 81' lang='grc' dir='ltr'><strong>οὐκ</strong></span> <span class='ocrx_word' id='word_1_25' title='bbox 792 200 845 225; x_wconf 79' lang='grc' dir='ltr'>εἰσὶ</span> <span class='ocrx_word' id='word_1_26' title='bbox 864 198 911 225; x_wconf 74' lang='grc' dir='ltr'><strong>νῦν</strong></span> <span class='ocrx_word' id='word_1_27' title='bbox 930 199 946 234; x_wconf 85' lang='grc' dir='ltr'><strong>ἢ</strong></span> 
     </span>
    </p>
   </div>
   <div class='ocr_carea' id='block_1_7' title="bbox 156 243 948 283">
    <p class='ocr_par' dir='ltr' id='par_1_7' title="bbox 156 243 948 283">
     <span class='ocr_line' id='line_1_7' title="bbox 156 243 948 283; baseline -0.005 -10"><span class='ocrx_word' id='word_1_28' title='bbox 156 246 238 283; x_wconf 70' lang='grc' dir='ltr'>μόναι</span> <span class='ocrx_word' id='word_1_29' title='bbox 266 247 293 273; x_wconf 81' lang='grc' dir='ltr'><strong>αἱ</strong></span> <span class='ocrx_word' id='word_1_30' title='bbox 321 246 574 282; x_wconf 77' lang='grc' dir='ltr'><strong>ὲκκλησιαζὸμεναι.</strong></span> <span class='ocrx_word' id='word_1_31' title='bbox 600 246 636 272; x_wconf 85' lang='grc' dir='ltr'>Τὸ</span> <span class='ocrx_word' id='word_1_32' title='bbox 654 243 748 280; x_wconf 58' lang='lat' dir='ltr'><strong>&#39;Aapxz</strong></span> <span class='ocrx_word' id='word_1_33' title='bbox 772 245 800 278; x_wconf 77' lang='grc' dir='ltr'><strong>ἐξ</strong></span> <span class='ocrx_word' id='word_1_34' title='bbox 820 243 948 280; x_wconf 81' lang='grc' dir='ltr'><strong>ᾀσμάτων</strong></span> 
     </span>
    </p>
   </div>
   <div class='ocr_carea' id='block_1_8' title="bbox 155 289 949 328">
    <p class='ocr_par' dir='ltr' id='par_1_8' title="bbox 155 289 949 328">
     <span class='ocr_line' id='line_1_8' title="bbox 155 289 949 328; baseline -0.005 -9"><span class='ocrx_word' id='word_1_35' title='bbox 155 293 288 319; x_wconf 79' lang='grc' dir='ltr'><strong>πλειόνων</strong></span> <span class='ocrx_word' id='word_1_36' title='bbox 302 292 332 319; x_wconf 81' lang='grc' dir='ltr'><strong>τὸ</strong></span> <span class='ocrx_word' id='word_1_37' title='bbox 352 292 480 328; x_wconf 81' lang='grc' dir='ltr'><strong>μυστικὸν</strong></span> <span class='ocrx_word' id='word_1_38' title='bbox 499 291 647 326; x_wconf 73' lang='grc' dir='ltr'><strong>ὲξειλέχθειι</strong></span> <span class='ocrx_word' id='word_1_39' title='bbox 665 291 878 327; x_wconf 73' lang='grc' dir='ltr'><strong>ἐπιγέγραπται.</strong></span> <span class='ocrx_word' id='word_1_40' title='bbox 892 289 949 316; x_wconf 81' lang='grc' dir='ltr'><strong>Ἰώ-</strong></span> 
     </span>
    </p>
   </div>
   <div class='ocr_carea' id='block_1_9' title="bbox 158 336 947 377">
    <p class='ocr_par' dir='ltr' id='par_1_9' title="bbox 158 336 947 377">
     <span class='ocr_line' id='line_1_9' title="bbox 158 336 947 377; baseline -0.005 -11"><span class='ocrx_word' id='word_1_41' title='bbox 158 347 243 374; x_wconf 78' lang='grc' dir='ltr'><strong>σηπος</strong></span> <span class='ocrx_word' id='word_1_42' title='bbox 261 339 290 365; x_wconf 78' lang='grc' dir='ltr'><strong>δὲ</strong></span> <span class='ocrx_word' id='word_1_43' title='bbox 308 339 410 374; x_wconf 82' lang='grc' dir='ltr'>ἱστορεῖ</span> <span class='ocrx_word' id='word_1_44' title='bbox 427 338 474 364; x_wconf 81' lang='grc' dir='ltr'>δύο</span> <span class='ocrx_word' id='word_1_45' title='bbox 491 337 579 373; x_wconf 68' lang='grc' dir='ltr'><strong>βιϐλία</strong></span> <span class='ocrx_word' id='word_1_46' title='bbox 594 337 761 377; x_wconf 56' lang='grc' dir='ltr'><strong>προφητείεξς</strong></span> <span class='ocrx_word' id='word_1_47' title='bbox 778 337 823 363; x_wconf 79' lang='grc' dir='ltr'><strong>τὸν</strong></span> <span class='ocrx_word' id='word_1_48' title='bbox 840 336 947 372; x_wconf 77' lang='grc' dir='ltr'><strong>προφή-</strong></span> 
     </span>
    </p>
   </div>
   <div class='ocr_carea' id='block_1_10' title="bbox 156 381 947 422">
    <p class='ocr_par' dir='ltr' id='par_1_10' title="bbox 156 381 947 422">
     <span class='ocr_line' id='line_1_10' title="bbox 156 381 947 422; baseline -0.004 -11"><span class='ocrx_word' id='word_1_49' title='bbox 156 394 206 420; x_wconf 77' lang='grc' dir='ltr'>ἰην</span> <span class='ocrx_word' id='word_1_50' title='bbox 228 385 284 422; x_wconf 69' lang='grc'>(47)</span> <span class='ocrx_word' id='word_1_51' title='bbox 309 384 437 420; x_wconf 78' lang='grc' dir='ltr'><strong>Ἰεζεκιὴλ</strong></span> <span class='ocrx_word' id='word_1_52' title='bbox 451 385 620 420; x_wconf 49' lang='lat' dir='ltr'><strong>famas-«01V</strong></span> <span class='ocrx_word' id='word_1_53' title='bbox 636 384 664 412; x_wconf 84' lang='grc' dir='ltr'><strong>ἓν</strong></span> <span class='ocrx_word' id='word_1_54' title='bbox 679 384 707 410; x_wconf 76' lang='grc' dir='ltr'><strong>δὲ</strong></span> <span class='ocrx_word' id='word_1_55' title='bbox 719 383 799 419; x_wconf 85' lang='grc' dir='ltr'>μόνον</span> <span class='ocrx_word' id='word_1_56' title='bbox 818 381 947 416; x_wconf 73' lang='grc' dir='ltr'><strong>ἐπιγινώ-</strong></span> 
     </span>
    </p>
   </div>
   <div class='ocr_carea' id='block_1_11' title="bbox 157 431 453 467">
    <p class='ocr_par' dir='ltr' id='par_1_11' title="bbox 157 431 453 467">
     <span class='ocr_line' id='line_1_11' title="bbox 157 431 453 467; baseline 0 -9"><span class='ocrx_word' id='word_1_57' title='bbox 157 440 258 467; x_wconf 79' lang='grc' dir='ltr'><strong>σκομεν</strong></span> <span class='ocrx_word' id='word_1_58' title='bbox 271 431 453 467; x_wconf 76' lang='grc' dir='ltr'><strong>εὑρίσκεσθαι.</strong></span> 
     </span>
    </p>
   </div>
   <div class='ocr_carea' id='block_1_12' title="bbox 191 607 948 645">
    <p class='ocr_par' dir='ltr' id='par_1_12' title="bbox 191 607 948 645">
     <span class='ocr_line' id='line_1_12' title="bbox 191 607 948 645; baseline -0.005 -9"><span class='ocrx_word' id='word_1_59' title='bbox 191 609 246 645; x_wconf 65' lang='grc'><strong>(46)</strong></span> <span class='ocrx_word' id='word_1_60' title='bbox 265 608 359 638; x_wconf 74' lang='lat' dir='ltr'><strong>Jaroc.</strong></span> <span class='ocrx_word' id='word_1_61' title='bbox 372 609 526 637; x_wconf 77' lang='grc' dir='ltr'><strong>ἐκδεδόσθαι</strong></span> <span class='ocrx_word' id='word_1_62' title='bbox 541 610 558 644; x_wconf 79' lang='grc' dir='ltr'><strong>ἡ</strong></span> <span class='ocrx_word' id='word_1_63' title='bbox 573 608 626 635; x_wconf 74' lang='grc' dir='ltr'><strong>τῶν</strong></span> <span class='ocrx_word' id='word_1_64' title='bbox 640 607 887 643; x_wconf 76' lang='grc' dir='ltr'><strong>Παραλειπομένων</strong></span> <span class='ocrx_word' id='word_1_65' title='bbox 902 607 948 633; x_wconf 82' lang='grc' dir='ltr'><strong>λέ-</strong></span> 
     </span>
    </p>
   </div>
   <div class='ocr_carea' id='block_1_13' title="bbox 154 645 319 680">
    <p class='ocr_par' dir='ltr' id='par_1_13' title="bbox 154 645 319 680">
     <span class='ocr_line' id='line_1_13' title="bbox 154 645 319 680; baseline 0 -8"><span class='ocrx_word' id='word_1_66' title='bbox 154 654 198 680; x_wconf 75' lang='grc' dir='ltr'><strong>γει</strong></span> <span class='ocrx_word' id='word_1_67' title='bbox 214 645 319 680; x_wconf 63' lang='grc' dir='ltr'><strong>Γραφή.</strong></span> 
     </span>
    </p>
   </div>
   <div class='ocr_carea' id='block_1_14' title="bbox 190 676 944 716">
    <p class='ocr_par' dir='ltr' id='par_1_14' title="bbox 190 676 944 716">
     <span class='ocr_line' id='line_1_14' title="bbox 190 676 944 716; baseline -0.005 -8"><span class='ocrx_word' id='word_1_68' title='bbox 190 676 246 716; x_wconf 67' lang='grc'><strong>(47)</strong></span> <span class='ocrx_word' id='word_1_69' title='bbox 265 676 360 708; x_wconf 74' lang='lat' dir='ltr'><strong>Bai-0c.</strong></span> <span class='ocrx_word' id='word_1_70' title='bbox 381 680 533 715; x_wconf 74' lang='grc' dir='ltr'><strong>Ίώσηππος</strong></span> <span class='ocrx_word' id='word_1_71' title='bbox 548 679 575 705; x_wconf 81' lang='grc' dir='ltr'><strong>δὲ</strong></span> <span class='ocrx_word' id='word_1_72' title='bbox 591 680 691 715; x_wconf 74' lang='grc' dir='ltr'><strong>ἱστορεί</strong></span> <span class='ocrx_word' id='word_1_73' title='bbox 711 678 757 704; x_wconf 74' lang='grc' dir='ltr'><strong>δύο</strong></span> <span class='ocrx_word' id='word_1_74' title='bbox 775 676 865 713; x_wconf 75' lang='grc' dir='ltr'>βιϐλία</span> <span class='ocrx_word' id='word_1_75' title='bbox 891 678 944 704; x_wconf 82' lang='grc' dir='ltr'><strong>τῶν</strong></span> 
     </span>
    </p>
   </div>
   <div class='ocr_carea' id='block_1_15' title="bbox 1001 193 1791 231">
    <p class='ocr_par' dir='ltr' id='par_1_15' title="bbox 1001 193 1791 231">
     <span class='ocr_line' id='line_1_15' title="bbox 1001 193 1791 231; baseline -0.004 -8"><span class='ocrx_word' id='word_1_76' title='bbox 1001 204 1030 223; x_wconf 87' lang='lat' dir='ltr'><strong>ra</strong></span> <span class='ocrx_word' id='word_1_77' title='bbox 1050 206 1056 223; x_wconf 90' lang='lat'><strong>:</strong></span> <span class='ocrx_word' id='word_1_78' title='bbox 1076 196 1123 224; x_wconf 90' lang='lat' dir='ltr'><strong>sed</strong></span> <span class='ocrx_word' id='word_1_79' title='bbox 1148 197 1221 223; x_wconf 81' lang='lat' dir='ltr'><strong>nulla</strong></span> <span class='ocrx_word' id='word_1_80' title='bbox 1245 196 1302 230; x_wconf 86' lang='lat' dir='ltr'><strong>jam</strong></span> <span class='ocrx_word' id='word_1_81' title='bbox 1325 199 1435 223; x_wconf 76' lang='lat' dir='ltr'><strong>exstant</strong></span> <span class='ocrx_word' id='word_1_82' title='bbox 1450 203 1531 231; x_wconf 87' lang='lat' dir='ltr'><strong>quam</strong></span> <span class='ocrx_word' id='word_1_83' title='bbox 1557 203 1588 222; x_wconf 86' lang='lat' dir='ltr'><strong>ea</strong></span> <span class='ocrx_word' id='word_1_84' title='bbox 1618 201 1678 230; x_wconf 74' lang='lat' dir='ltr'><strong>qua:</strong></span> <span class='ocrx_word' id='word_1_85' title='bbox 1693 193 1791 228; x_wconf 84' lang='lat' dir='ltr'><strong>recipit</strong></span> 
     </span>
    </p>
   </div>
   <div class='ocr_carea' id='block_1_16' title="bbox 1001 238 1790 276">
    <p class='ocr_par' dir='ltr' id='par_1_16' title="bbox 1001 238 1790 276">
     <span class='ocr_line' id='line_1_16' title="bbox 1001 238 1790 276; baseline -0.006 -7"><span class='ocrx_word' id='word_1_86' title='bbox 1001 242 1134 269; x_wconf 80' lang='lat' dir='ltr'><strong>Ecclesia.</strong></span> <span class='ocrx_word' id='word_1_87' title='bbox 1168 242 1311 268; x_wconf 90' lang='lat' dir='ltr'><strong>Canticum</strong></span> <span class='ocrx_word' id='word_1_88' title='bbox 1340 241 1505 276; x_wconf 87' lang='lat' dir='ltr'><strong>tnysticum,</strong></span> <span class='ocrx_word' id='word_1_89' title='bbox 1534 248 1566 267; x_wconf 82' lang='lat' dir='ltr'><strong>ex</strong></span> <span class='ocrx_word' id='word_1_90' title='bbox 1603 238 1790 274; x_wconf 86' lang='lat' dir='ltr'><strong>compluribus</strong></span> 
     </span>
    </p>
   </div>
   <div class='ocr_carea' id='block_1_17' title="bbox 1001 283 1789 322">
    <p class='ocr_par' dir='ltr' id='par_1_17' title="bbox 1001 283 1789 322">
     <span class='ocr_line' id='line_1_17' title="bbox 1001 283 1789 322; baseline -0.006 -7"><span class='ocrx_word' id='word_1_91' title='bbox 1001 287 1117 316; x_wconf 81' lang='lat' dir='ltr'><strong>canticis</strong></span> <span class='ocrx_word' id='word_1_92' title='bbox 1129 288 1259 316; x_wconf 85' lang='lat' dir='ltr'><strong>selectum</strong></span> <span class='ocrx_word' id='word_1_93' title='bbox 1275 295 1337 315; x_wconf 85' lang='lat' dir='ltr'><strong>esse</strong></span> <span class='ocrx_word' id='word_1_94' title='bbox 1349 286 1408 322; x_wconf 91' lang='lat' dir='ltr'><strong>ipsa</strong></span> <span class='ocrx_word' id='word_1_95' title='bbox 1420 286 1471 313; x_wconf 83' lang='lat' dir='ltr'><strong>fert</strong></span> <span class='ocrx_word' id='word_1_96' title='bbox 1486 285 1640 321; x_wconf 74' lang='lat' dir='ltr'><strong>inscriptio.</strong></span> <span class='ocrx_word' id='word_1_97' title='bbox 1653 283 1789 318; x_wconf 82' lang='lat' dir='ltr'><strong>Josephus</strong></span> 
     </span>
    </p>
   </div>
   <div class='ocr_carea' id='block_1_18' title="bbox 1000 328 1790 367">
    <p class='ocr_par' dir='ltr' id='par_1_18' title="bbox 1000 328 1790 367">
     <span class='ocr_line' id='line_1_18' title="bbox 1000 328 1790 367; baseline -0.008 -6"><span class='ocrx_word' id='word_1_98' title='bbox 1000 341 1065 361; x_wconf 81' lang='lat' dir='ltr'><strong>vero</strong></span> <span class='ocrx_word' id='word_1_99' title='bbox 1081 333 1164 360; x_wconf 90' lang='lat' dir='ltr'><strong>tradit</strong></span> <span class='ocrx_word' id='word_1_100' title='bbox 1180 333 1350 360; x_wconf 85' lang='lat' dir='ltr'><strong>Ezechielem</strong></span> <span class='ocrx_word' id='word_1_101' title='bbox 1366 332 1527 367; x_wconf 81' lang='lat' dir='ltr'><strong>prophetam</strong></span> <span class='ocrx_word' id='word_1_102' title='bbox 1548 331 1619 358; x_wconf 87' lang='lat' dir='ltr'><strong>duos</strong></span> <span class='ocrx_word' id='word_1_103' title='bbox 1640 328 1790 365; x_wconf 65' lang='lat' dir='ltr'><strong>prophetia:</strong></span> 
     </span>
    </p>
   </div>
   <div class='ocr_carea' id='block_1_19' title="bbox 1000 375 1789 415">
    <p class='ocr_par' dir='ltr' id='par_1_19' title="bbox 1000 375 1789 415">
     <span class='ocr_line' id='line_1_19' title="bbox 1000 375 1789 415; baseline -0.009 -7"><span class='ocrx_word' id='word_1_104' title='bbox 1000 381 1086 408; x_wconf 90' lang='lat' dir='ltr'><strong>libros</strong></span> <span class='ocrx_word' id='word_1_105' title='bbox 1104 379 1321 415; x_wconf 82' lang='lat' dir='ltr'><strong>conscripsisse:</strong></span> <span class='ocrx_word' id='word_1_106' title='bbox 1339 379 1440 406; x_wconf 83' lang='lat' dir='ltr'><strong>scimus</strong></span> <span class='ocrx_word' id='word_1_107' title='bbox 1456 382 1546 405; x_wconf 91' lang='lat' dir='ltr'><strong>autem</strong></span> <span class='ocrx_word' id='word_1_108' title='bbox 1562 383 1645 404; x_wconf 92' lang='lat' dir='ltr'><strong>unum</strong></span> <span class='ocrx_word' id='word_1_109' title='bbox 1657 375 1789 402; x_wconf 74' lang='lat' dir='ltr'><strong>duntaxat</strong></span> 
     </span>
    </p>
   </div>
   <div class='ocr_carea' id='block_1_20' title="bbox 1001 419 1787 461">
    <p class='ocr_par' dir='ltr' id='par_1_20' title="bbox 1001 419 1787 461">
     <span class='ocr_line' id='line_1_20' title="bbox 1001 419 1787 461; baseline -0.005 -9"><span class='ocrx_word' id='word_1_110' title='bbox 1001 426 1126 460; x_wconf 86' lang='lat' dir='ltr'><strong>reperiri.</strong></span> <span class='ocrx_word' id='word_1_111' title='bbox 1150 425 1265 461; x_wconf 86' lang='lat' dir='ltr'><strong>(Itaque</strong></span> <span class='ocrx_word' id='word_1_112' title='bbox 1291 425 1349 452; x_wconf 65' lang='lat' dir='ltr'><strong>haec</strong></span> <span class='ocrx_word' id='word_1_113' title='bbox 1372 425 1463 451; x_wconf 81' lang='lat' dir='ltr'><strong>omnia</strong></span> <span class='ocrx_word' id='word_1_114' title='bbox 1489 431 1537 459; x_wconf 87' lang='lat' dir='ltr'><strong>per</strong></span> <span class='ocrx_word' id='word_1_115' title='bbox 1562 423 1707 458; x_wconf 91' lang='lat' dir='ltr'><strong>impiorum</strong></span> <span class='ocrx_word' id='word_1_116' title='bbox 1737 419 1787 448; x_wconf 85' lang='lat' dir='ltr'><strong>Ju-</strong></span> 
     </span>
    </p>
   </div>
   <div class='ocr_carea' id='block_1_21' title="bbox 1000 466 1789 501">
    <p class='ocr_par' dir='ltr' id='par_1_21' title="bbox 1000 466 1789 501">
     <span class='ocr_line' id='line_1_21' title="bbox 1000 466 1789 501; baseline -0.006 -2"><span class='ocrx_word' id='word_1_117' title='bbox 1000 473 1120 499; x_wconf 61' lang='lat' dir='ltr'><strong>daeorum</strong></span> <span class='ocrx_word' id='word_1_118' title='bbox 1144 471 1293 498; x_wconf 84' lang='lat' dir='ltr'><strong>amentiam</strong></span> <span class='ocrx_word' id='word_1_119' title='bbox 1322 473 1349 498; x_wconf 87' lang='lat' dir='ltr'><strong>et</strong></span> <span class='ocrx_word' id='word_1_120' title='bbox 1366 469 1500 497; x_wconf 89' lang='lat' dir='ltr'><strong>incuriam</strong></span> <span class='ocrx_word' id='word_1_121' title='bbox 1529 468 1676 501; x_wconf 88' lang='lat' dir='ltr'><strong>interiisse,</strong></span> <span class='ocrx_word' id='word_1_122' title='bbox 1700 466 1789 494; x_wconf 86' lang='lat' dir='ltr'><strong>mani-</strong></span> 
     </span>
    </p>
   </div>
   <div class='ocr_carea' id='block_1_22' title="bbox 1000 517 1176 554">
    <p class='ocr_par' dir='ltr' id='par_1_22' title="bbox 1000 517 1176 554">
     <span class='ocr_line' id='line_1_22' title="bbox 1000 517 1176 554; baseline -0.011 -8"><span class='ocrx_word' id='word_1_123' title='bbox 1000 517 1098 546; x_wconf 81' lang='lat' dir='ltr'><strong>festum</strong></span> <span class='ocrx_word' id='word_1_124' title='bbox 1111 518 1176 554; x_wconf 53' lang='lat' dir='ltr'><strong>est.)</strong></span> 
     </span>
    </p>
   </div>
   <div class='ocr_carea' id='block_1_23' title="bbox 998 603 1787 643">
    <p class='ocr_par' dir='ltr' id='par_1_23' title="bbox 998 603 1787 643">
     <span class='ocr_line' id='line_1_23' title="bbox 998 603 1787 643; baseline -0.004 -9"><span class='ocrx_word' id='word_1_125' title='bbox 998 607 1156 643; x_wconf 64' lang='grc' dir='ltr'><strong>προφητῶν,</strong></span> <span class='ocrx_word' id='word_1_126' title='bbox 1170 606 1222 643; x_wconf 54' lang='lat' dir='ltr'><strong>seu</strong></span> <span class='ocrx_word' id='word_1_127' title='bbox 1246 615 1330 643; x_wconf 69' lang='grc' dir='ltr'>προφ.</span> <span class='ocrx_word' id='word_1_128' title='bbox 1352 605 1468 643; x_wconf 73' lang='lat' dir='ltr'><strong>Prtestat</strong></span> <span class='ocrx_word' id='word_1_129' title='bbox 1490 604 1563 639; x_wconf 80' lang='lat' dir='ltr'><strong>Regii</strong></span> <span class='ocrx_word' id='word_1_130' title='bbox 1590 605 1678 632; x_wconf 82' lang='lat' dir='ltr'><strong>lectio.</strong></span> <span class='ocrx_word' id='word_1_131' title='bbox 1697 603 1787 643; x_wconf 63' lang='lat' dir='ltr'><strong>Porro</strong></span> 
     </span>
    </p>
   </div>
   <div class='ocr_carea' id='block_1_24' title="bbox 998 639 1786 677">
    <p class='ocr_par' dir='ltr' id='par_1_24' title="bbox 998 639 1786 677">
     <span class='ocr_line' id='line_1_24' title="bbox 998 639 1786 677; baseline -0.004 -8"><span class='ocrx_word' id='word_1_132' title='bbox 998 639 1064 677; x_wconf 69' lang='lat' dir='ltr'><strong>quae</strong></span> <span class='ocrx_word' id='word_1_133' title='bbox 1083 639 1191 669; x_wconf 85' lang='lat' dir='ltr'><strong>uncinis</strong></span> <span class='ocrx_word' id='word_1_134' title='bbox 1215 639 1392 668; x_wconf 79' lang='lat' dir='ltr'><strong>includuntur</strong></span> <span class='ocrx_word' id='word_1_135' title='bbox 1403 640 1515 677; x_wconf 76' lang='lat' dir='ltr'><strong>Latina,</strong></span> <span class='ocrx_word' id='word_1_136' title='bbox 1537 648 1670 677; x_wconf 82' lang='lat' dir='ltr'><strong>nusquam</strong></span> <span class='ocrx_word' id='word_1_137' title='bbox 1694 639 1786 667; x_wconf 76' lang='lat' dir='ltr'><strong>Grtcce</strong></span> 
     </span>
    </p>
   </div>
   <div class='ocr_carea' id='block_1_25' title="bbox 999 675 1733 713">
    <p class='ocr_par' dir='ltr' id='par_1_25' title="bbox 999 675 1733 713">
     <span class='ocr_line' id='line_1_25' title="bbox 999 675 1733 713; baseline -0.005 -8"><span class='ocrx_word' id='word_1_138' title='bbox 999 675 1162 713; x_wconf 74' lang='lat' dir='ltr'><strong>reperimus,</strong></span> <span class='ocrx_word' id='word_1_139' title='bbox 1176 677 1221 704; x_wconf 85' lang='lat' dir='ltr'><strong>sed</strong></span> <span class='ocrx_word' id='word_1_140' title='bbox 1239 685 1271 704; x_wconf 86' lang='lat' dir='ltr'><strong>ex</strong></span> <span class='ocrx_word' id='word_1_141' title='bbox 1287 677 1363 712; x_wconf 87' lang='lat' dir='ltr'><strong>prius</strong></span> <span class='ocrx_word' id='word_1_142' title='bbox 1378 676 1457 704; x_wconf 86' lang='lat' dir='ltr'><strong>editis</strong></span> <span class='ocrx_word' id='word_1_143' title='bbox 1469 676 1521 702; x_wconf 84' lang='lat' dir='ltr'><strong>huc</strong></span> <span class='ocrx_word' id='word_1_144' title='bbox 1534 675 1733 702; x_wconf 80' lang='lat' dir='ltr'><strong>transtulimus.</strong></span> 
     </span>
    </p>
   </div>
   <div class='ocr_carea' id='block_1_26' title="bbox 213 855 1722 906">
    <p class='ocr_par' dir='ltr' id='par_1_26' title="bbox 213 855 1722 906">
     <span class='ocr_line' id='line_1_26' title="bbox 213 855 1722 906; baseline -0.003 -2"><span class='ocrx_word' id='word_1_145' title='bbox 213 859 561 906; x_wconf 85' lang='lat' dir='ltr'><strong>ADMONITIO</strong></span> <span class='ocrx_word' id='word_1_146' title='bbox 599 859 662 903; x_wconf 91' lang='lat' dir='ltr'><strong>IN</strong></span> <span class='ocrx_word' id='word_1_147' title='bbox 705 856 1200 904; x_wconf 87' lang='lat' dir='ltr'><strong>DISPUTATIONEM</strong></span> <span class='ocrx_word' id='word_1_148' title='bbox 1239 855 1475 902; x_wconf 81' lang='lat' dir='ltr'><strong>CONTRA</strong></span> <span class='ocrx_word' id='word_1_149' title='bbox 1510 856 1722 902; x_wconf 85' lang='lat' dir='ltr'><strong>ABIUM.</strong></span> 
     </span>
    </p>
   </div>
   <div class='ocr_carea' id='block_1_27' title="bbox 190 965 947 1005">
    <p class='ocr_par' dir='ltr' id='par_1_27' title="bbox 190 967 947 1005">
     <span class='ocr_line' id='line_1_27' title="bbox 190 967 947 1005; baseline -0.005 -8"><span class='ocrx_word' id='word_1_150' title='bbox 190 969 268 1005; x_wconf 78' lang='lat'><strong>157</strong></span> <span class='ocrx_word' id='word_1_151' title='bbox 281 971 301 996; x_wconf 96' lang='lat' dir='ltr'><strong>I.</strong></span> <span class='ocrx_word' id='word_1_152' title='bbox 313 969 462 996; x_wconf 75' lang='lat' dir='ltr'><strong>Prmmissis</strong></span> <span class='ocrx_word' id='word_1_153' title='bbox 474 969 507 996; x_wconf 75' lang='lat' dir='ltr'><strong>iis</strong></span> <span class='ocrx_word' id='word_1_154' title='bbox 519 967 639 1003; x_wconf 74' lang='lat' dir='ltr'><strong>operibus</strong></span> <span class='ocrx_word' id='word_1_155' title='bbox 650 976 707 1003; x_wconf 60' lang='lat' dir='ltr'><strong>qua!</strong></span> <span class='ocrx_word' id='word_1_156' title='bbox 717 971 807 994; x_wconf 79' lang='lat' dir='ltr'><strong>nostra</strong></span> <span class='ocrx_word' id='word_1_157' title='bbox 818 967 947 994; x_wconf 82' lang='lat' dir='ltr'><strong>doctorun</strong></span> 
     </span>
    </p>
   </div>
   <div class='ocr_carea' id='block_1_28' title="bbox 999 965 1785 1005">
    <p class='ocr_par' dir='ltr' id='par_1_28' title="bbox 999 965 1785 1001">
     <span class='ocr_line' id='line_1_28' title="bbox 999 965 1785 1001; baseline 0 -9"><span class='ocrx_word' id='word_1_158' title='bbox 999 966 1113 1001; x_wconf 75' lang='lat' dir='ltr'><strong>zjtulicio</strong></span> <span class='ocrx_word' id='word_1_159' title='bbox 1122 971 1212 1001; x_wconf 82' lang='lat' dir='ltr'><strong>aperta</strong></span> <span class='ocrx_word' id='word_1_160' title='bbox 1225 965 1330 997; x_wconf 77' lang='grc' dir='ltr'>νοθείας</span> <span class='ocrx_word' id='word_1_161' title='bbox 1344 965 1381 992; x_wconf 76' lang='lat' dir='ltr'><strong>vel</strong></span> <span class='ocrx_word' id='word_1_162' title='bbox 1389 965 1564 1000; x_wconf 74' lang='grc' dir='ltr'><strong>γνησιότητος</strong></span> <span class='ocrx_word' id='word_1_163' title='bbox 1573 974 1622 992; x_wconf 88' lang='lat' dir='ltr'><strong>non</strong></span> <span class='ocrx_word' id='word_1_164' title='bbox 1636 965 1729 993; x_wconf 79' lang='lat' dir='ltr'><strong>habent</strong></span> <span class='ocrx_word' id='word_1_165' title='bbox 1744 966 1785 992; x_wconf 76' lang='lat' dir='ltr'><strong>in-</strong></span> 
     </span>
    </p>
   </div>
   <div class='ocr_carea' id='block_1_29' title="bbox 150 1010 1783 1051">
    <p class='ocr_par' dir='ltr' id='par_1_29' title="bbox 150 1010 1783 1051">
     <span class='ocr_line' id='line_1_29' title="bbox 150 1010 1783 1051; baseline -0.003 -8"><span class='ocrx_word' id='word_1_166' title='bbox 150 1017 235 1050; x_wconf 82' lang='lat' dir='ltr'><strong>dicia,</strong></span> <span class='ocrx_word' id='word_1_167' title='bbox 253 1025 285 1043; x_wconf 80' lang='lat' dir='ltr'><strong>ea</strong></span> <span class='ocrx_word' id='word_1_168' title='bbox 297 1016 357 1051; x_wconf 87' lang='lat' dir='ltr'><strong>jam</strong></span> <span class='ocrx_word' id='word_1_169' title='bbox 371 1015 484 1047; x_wconf 83' lang='lat' dir='ltr'><strong>edimus,</strong></span> <span class='ocrx_word' id='word_1_170' title='bbox 497 1023 554 1049; x_wconf 73' lang='lat' dir='ltr'><strong>qua:</strong></span> <span class='ocrx_word' id='word_1_171' title='bbox 569 1014 638 1048; x_wconf 74' lang='lat' dir='ltr'><strong>[also</strong></span> <span class='ocrx_word' id='word_1_172' title='bbox 651 1013 792 1040; x_wconf 76' lang='lat' dir='ltr'><strong>Athanasii</strong></span> <span class='ocrx_word' id='word_1_173' title='bbox 806 1013 931 1048; x_wconf 72' lang='lat' dir='ltr'><strong>pra‘ferre</strong></span> <span class='ocrx_word' id='word_1_174' title='bbox 948 1021 1040 1039; x_wconf 81' lang='lat' dir='ltr'><strong>nomen</strong></span> <span class='ocrx_word' id='word_1_175' title='bbox 1052 1012 1176 1047; x_wconf 78' lang='lat' dir='ltr'><strong>liquidius</strong></span> <span class='ocrx_word' id='word_1_176' title='bbox 1187 1011 1381 1046; x_wconf 81' lang='lat' dir='ltr'><strong>comprobatur.</strong></span> <span class='ocrx_word' id='word_1_177' title='bbox 1392 1010 1513 1037; x_wconf 87' lang='lat' dir='ltr'><strong>Primum</strong></span> <span class='ocrx_word' id='word_1_178' title='bbox 1533 1011 1558 1037; x_wconf 88' lang='lat' dir='ltr'><strong>in</strong></span> <span class='ocrx_word' id='word_1_179' title='bbox 1577 1010 1654 1037; x_wconf 80' lang='lat' dir='ltr'><strong>editis</strong></span> <span class='ocrx_word' id='word_1_180' title='bbox 1668 1012 1783 1038; x_wconf 83' lang='lat' dir='ltr'><strong>occurrit</strong></span> 
     </span>
    </p>
   </div>
   <div class='ocr_carea' id='block_1_30' title="bbox 149 1057 1783 1098">
    <p class='ocr_par' dir='ltr' id='par_1_30' title="bbox 149 1057 1783 1098">
     <span class='ocr_line' id='line_1_30' title="bbox 149 1057 1783 1098; baseline -0.003 -8"><span class='ocrx_word' id='word_1_181' title='bbox 149 1063 296 1098; x_wconf 77' lang='lat' dir='ltr'><strong>disputatio</strong></span> <span class='ocrx_word' id='word_1_182' title='bbox 314 1066 407 1089; x_wconf 79' lang='lat' dir='ltr'><strong>contra</strong></span> <span class='ocrx_word' id='word_1_183' title='bbox 424 1062 518 1088; x_wconf 82' lang='lat' dir='ltr'><strong>Arium</strong></span> <span class='ocrx_word' id='word_1_184' title='bbox 529 1060 555 1086; x_wconf 83' lang='lat' dir='ltr'><strong>in</strong></span> <span class='ocrx_word' id='word_1_185' title='bbox 575 1059 687 1086; x_wconf 82' lang='lat' dir='ltr'><strong>concilio</strong></span> <span class='ocrx_word' id='word_1_186' title='bbox 705 1058 825 1085; x_wconf 75' lang='lat' dir='ltr'><strong>Nicaruo.</strong></span> <span class='ocrx_word' id='word_1_187' title='bbox 852 1058 989 1093; x_wconf 81' lang='lat' dir='ltr'><strong>Opusjam</strong></span> <span class='ocrx_word' id='word_1_188' title='bbox 1003 1058 1104 1090; x_wconf 80' lang='lat' dir='ltr'><strong>pridem</strong></span> <span class='ocrx_word' id='word_1_189' title='bbox 1123 1066 1139 1084; x_wconf 88' lang='lat' dir='ltr'><strong>a</strong></span> <span class='ocrx_word' id='word_1_190' title='bbox 1160 1058 1224 1085; x_wconf 78' lang='lat' dir='ltr'><strong>uiris</strong></span> <span class='ocrx_word' id='word_1_191' title='bbox 1240 1057 1324 1084; x_wconf 75' lang='lat' dir='ltr'><strong>doctis</strong></span> <span class='ocrx_word' id='word_1_192' title='bbox 1342 1057 1489 1084; x_wconf 78' lang='lat' dir='ltr'><strong>Athanasio</strong></span> <span class='ocrx_word' id='word_1_193' title='bbox 1505 1058 1696 1093; x_wconf 83' lang='lat' dir='ltr'><strong>nbjudicatum.</strong></span> <span class='ocrx_word' id='word_1_194' title='bbox 1710 1058 1783 1086; x_wconf 93' lang='lat' dir='ltr'><strong>Libet</strong></span> 
     </span>
    </p>
   </div>
   <div class='ocr_carea' id='block_1_31' title="bbox 151 1104 1783 1143">
    <p class='ocr_par' dir='ltr' id='par_1_31' title="bbox 151 1104 1783 1143">
     <span class='ocr_line' id='line_1_31' title="bbox 151 1104 1783 1143; baseline -0.001 -8"><span class='ocrx_word' id='word_1_195' title='bbox 151 1113 240 1135; x_wconf 88' lang='lat' dir='ltr'><strong>autem</strong></span> <span class='ocrx_word' id='word_1_196' title='bbox 260 1108 302 1135; x_wconf 85' lang='lat' dir='ltr'><strong>hic</strong></span> <span class='ocrx_word' id='word_1_197' title='bbox 323 1115 462 1142; x_wconf 84' lang='lat' dir='ltr'><strong>apponere,</strong></span> <span class='ocrx_word' id='word_1_198' title='bbox 483 1116 542 1143; x_wconf 69' lang='lat' dir='ltr'><strong>qua:</strong></span> <span class='ocrx_word' id='word_1_199' title='bbox 557 1108 592 1134; x_wconf 84' lang='lat' dir='ltr'><strong>ad</strong></span> <span class='ocrx_word' id='word_1_200' title='bbox 609 1107 709 1134; x_wconf 80' lang='lat' dir='ltr'><strong>calcent</strong></span> <span class='ocrx_word' id='word_1_201' title='bbox 729 1107 851 1133; x_wconf 67' lang='lat' dir='ltr'><strong>editionis</strong></span> <span class='ocrx_word' id='word_1_202' title='bbox 871 1105 1090 1133; x_wconf 76' lang='lat' dir='ltr'><strong>Commeliniauw</strong></span> <span class='ocrx_word' id='word_1_203' title='bbox 1111 1114 1126 1132; x_wconf 87' lang='lat' dir='ltr'><strong>a</strong></span> <span class='ocrx_word' id='word_1_204' title='bbox 1147 1105 1228 1132; x_wconf 84' lang='lat' dir='ltr'><strong>Petro</strong></span> <span class='ocrx_word' id='word_1_205' title='bbox 1245 1105 1423 1132; x_wconf 77' lang='lat' dir='ltr'><strong>Felckmanno</strong></span> <span class='ocrx_word' id='word_1_206' title='bbox 1439 1104 1568 1132; x_wconf 83' lang='lat' dir='ltr'><strong>adnotata</strong></span> <span class='ocrx_word' id='word_1_207' title='bbox 1578 1111 1638 1133; x_wconf 84' lang='lat' dir='ltr'><strong>sunt</strong></span> <span class='ocrx_word' id='word_1_208' title='bbox 1661 1106 1688 1133; x_wconf 86' lang='lat' dir='ltr'><strong>in</strong></span> <span class='ocrx_word' id='word_1_209' title='bbox 1703 1107 1783 1133; x_wconf 76' lang='lat' dir='ltr'><strong>variis</strong></span> 
     </span>
    </p>
   </div>
   <div class='ocr_carea' id='block_1_32' title="bbox 151 1150 1784 1191">
    <p class='ocr_par' dir='ltr' id='par_1_32' title="bbox 151 1150 1784 1191">
     <span class='ocr_line' id='line_1_32' title="bbox 151 1150 1784 1191; baseline -0.002 -11"><span class='ocrx_word' id='word_1_210' title='bbox 151 1152 258 1180; x_wconf 82' lang='lat' dir='ltr'><strong>lection.</strong></span> <span class='ocrx_word' id='word_1_211' title='bbox 272 1160 298 1188; x_wconf 90' lang='lat' dir='ltr'><strong>p.</strong></span> <span class='ocrx_word' id='word_1_212' title='bbox 317 1151 363 1178; x_wconf 73' lang='lat'><strong>2|.</strong></span> <span class='ocrx_word' id='word_1_213' title='bbox 384 1152 542 1186; x_wconf 83' lang='lat' dir='ltr'><strong>Inscriptio,</strong></span> <span class='ocrx_word' id='word_1_214' title='bbox 559 1152 654 1187; x_wconf 83' lang='lat' dir='ltr'><strong>inquit,</strong></span> <span class='ocrx_word' id='word_1_215' title='bbox 671 1151 754 1186; x_wconf 85' lang='lat' dir='ltr'><strong>hujus</strong></span> <span class='ocrx_word' id='word_1_216' title='bbox 772 1150 968 1185; x_wconf 85' lang='lat' dir='ltr'><strong>disputationis</strong></span> <span class='ocrx_word' id='word_1_217' title='bbox 983 1151 1010 1177; x_wconf 91' lang='lat' dir='ltr'><strong>in</strong></span> <span class='ocrx_word' id='word_1_218' title='bbox 1034 1150 1129 1177; x_wconf 82' lang='lat' dir='ltr'><strong>codice</strong></span> <span class='ocrx_word' id='word_1_219' title='bbox 1148 1150 1309 1185; x_wconf 83' lang='lat' dir='ltr'><strong>Augustauo</strong></span> <span class='ocrx_word' id='word_1_220' title='bbox 1331 1155 1373 1178; x_wconf 87' lang='lat' dir='ltr'><strong>cst</strong></span> <span class='ocrx_word' id='word_1_221' title='bbox 1387 1161 1393 1178; x_wconf 96' lang='lat'>:</span> <span class='ocrx_word' id='word_1_222' title='bbox 1407 1154 1529 1188; x_wconf 79' lang='grc' dir='ltr'><strong>Διάλεξις</strong></span> <span class='ocrx_word' id='word_1_223' title='bbox 1551 1156 1580 1182; x_wconf 85' lang='grc' dir='ltr'><strong>ὲν</strong></span> <span class='ocrx_word' id='word_1_224' title='bbox 1593 1157 1625 1191; x_wconf 82' lang='grc' dir='ltr'><strong>τῇ</strong></span> <span class='ocrx_word' id='word_1_225' title='bbox 1642 1155 1713 1183; x_wconf 75' lang='grc' dir='ltr'><strong>κατὰ</strong></span> <span class='ocrx_word' id='word_1_226' title='bbox 1733 1156 1784 1182; x_wconf 59' lang='lat' dir='ltr'><strong>ﬁt-</strong></span> 
     </span>
    </p>
   </div>
   <div class='ocr_carea' id='block_1_33' title="bbox 150 1199 947 1239">
    <p class='ocr_par' dir='ltr' id='par_1_33' title="bbox 150 1199 947 1237">
     <span class='ocr_line' id='line_1_33' title="bbox 150 1199 947 1237; baseline -0.003 -9"><span class='ocrx_word' id='word_1_227' title='bbox 150 1208 232 1228; x_wconf 73' lang='grc' dir='ltr'><strong>καιαν</strong></span> <span class='ocrx_word' id='word_1_228' title='bbox 247 1201 348 1236; x_wconf 71' lang='grc' dir='ltr'>συνόδῳ</span> <span class='ocrx_word' id='word_1_229' title='bbox 367 1200 435 1237; x_wconf 82' lang='grc' dir='ltr'><strong>πρὸς</strong></span> <span class='ocrx_word' id='word_1_230' title='bbox 457 1200 605 1236; x_wconf 81' lang='grc' dir='ltr'><strong>Ἀρειανόν.</strong></span> <span class='ocrx_word' id='word_1_231' title='bbox 625 1199 773 1235; x_wconf 78' lang='lat' dir='ltr'><strong>Sequentia</strong></span> <span class='ocrx_word' id='word_1_232' title='bbox 789 1207 854 1226; x_wconf 71' lang='lat' dir='ltr'><strong>vero</strong></span> <span class='ocrx_word' id='word_1_233' title='bbox 867 1199 947 1226; x_wconf 80' lang='lat' dir='ltr'><strong>desur</strong></span> 
     </span>
    </p>
   </div>
   <div class='ocr_carea' id='block_1_34' title="bbox 999 1199 1781 1239">
    <p class='ocr_par' dir='ltr' id='par_1_34' title="bbox 999 1199 1781 1239">
     <span class='ocr_line' id='line_1_34' title="bbox 999 1199 1781 1239; baseline 0.008 -14"><span class='ocrx_word' id='word_1_234' title='bbox 999 1203 1021 1225; x_wconf 82' lang='lat' dir='ltr'><strong>ll.</strong></span> <span class='ocrx_word' id='word_1_235' title='bbox 1035 1203 1062 1226; x_wconf 83' lang='lat' dir='ltr'><strong>et</strong></span> <span class='ocrx_word' id='word_1_236' title='bbox 1077 1199 1103 1226; x_wconf 92' lang='lat' dir='ltr'><strong>in</strong></span> <span class='ocrx_word' id='word_1_237' title='bbox 1122 1199 1204 1227; x_wconf 86' lang='lat' dir='ltr'><strong>Basil.</strong></span> <span class='ocrx_word' id='word_1_238' title='bbox 1222 1203 1249 1226; x_wconf 90' lang='lat' dir='ltr'><strong>et.</strong></span> <span class='ocrx_word' id='word_1_239' title='bbox 1267 1199 1373 1235; x_wconf 77' lang='lat' dir='ltr'><strong>Anglic.</strong></span> <span class='ocrx_word' id='word_1_240' title='bbox 1390 1202 1470 1231; x_wconf 88' lang='lat' dir='ltr'><strong>codd.</strong></span> <span class='ocrx_word' id='word_1_241' title='bbox 1489 1203 1522 1230; x_wconf 67' lang='lat' dir='ltr'><strong>lit</strong></span> <span class='ocrx_word' id='word_1_242' title='bbox 1538 1207 1670 1239; x_wconf 58' lang='lat' dir='ltr'><strong>praeterea</strong></span> <span class='ocrx_word' id='word_1_243' title='bbox 1685 1205 1781 1232; x_wconf 83' lang='lat' dir='ltr'><strong>eadem</strong></span> 
     </span>
    </p>
   </div>
   <div class='ocr_carea' id='block_1_35' title="bbox 148 1245 1785 1284">
    <p class='ocr_par' dir='ltr' id='par_1_35' title="bbox 148 1245 1785 1284">
     <span class='ocr_line' id='line_1_35' title="bbox 148 1245 1785 1284; baseline 0.001 -7"><span class='ocrx_word' id='word_1_244' title='bbox 148 1252 233 1277; x_wconf 84' lang='lat' dir='ltr'><strong>etiam</strong></span> <span class='ocrx_word' id='word_1_245' title='bbox 247 1251 275 1276; x_wconf 93' lang='lat' dir='ltr'><strong>in</strong></span> <span class='ocrx_word' id='word_1_246' title='bbox 292 1253 414 1284; x_wconf 83' lang='lat' dir='ltr'><strong>tempore</strong></span> <span class='ocrx_word' id='word_1_247' title='bbox 430 1248 541 1276; x_wconf 80' lang='lat' dir='ltr'><strong>fallunt.</strong></span> <span class='ocrx_word' id='word_1_248' title='bbox 560 1245 628 1273; x_wconf 70' lang='lat' dir='ltr'><strong>Nam</strong></span> <span class='ocrx_word' id='word_1_249' title='bbox 645 1245 718 1281; x_wconf 82' lang='lat' dir='ltr'><strong>quod</strong></span> <span class='ocrx_word' id='word_1_250' title='bbox 732 1245 844 1276; x_wconf 86' lang='lat' dir='ltr'><strong>dicitur,</strong></span> <span class='ocrx_word' id='word_1_251' title='bbox 859 1245 996 1273; x_wconf 66' lang='lat' dir='ltr'><strong>Nicaenam</strong></span> <span class='ocrx_word' id='word_1_252' title='bbox 1013 1245 1147 1281; x_wconf 82' lang='lat' dir='ltr'><strong>synodum</strong></span> <span class='ocrx_word' id='word_1_253' title='bbox 1164 1245 1284 1272; x_wconf 82' lang='lat' dir='ltr'><strong>habitam</strong></span> <span class='ocrx_word' id='word_1_254' title='bbox 1301 1253 1373 1274; x_wconf 87' lang='lat' dir='ltr'><strong>anno</strong></span> <span class='ocrx_word' id='word_1_255' title='bbox 1387 1247 1489 1276; x_wconf 86' lang='lat' dir='ltr'><strong>Christi</strong></span> <span class='ocrx_word' id='word_1_256' title='bbox 1500 1250 1563 1282; x_wconf 76' lang='grc'>510,</span> <span class='ocrx_word' id='word_1_257' title='bbox 1575 1251 1601 1278; x_wconf 92' lang='lat' dir='ltr'><strong>id</strong></span> <span class='ocrx_word' id='word_1_258' title='bbox 1617 1258 1711 1278; x_wconf 80' lang='lat' dir='ltr'><strong>verum</strong></span> <span class='ocrx_word' id='word_1_259' title='bbox 1723 1259 1785 1280; x_wconf 67' lang='lat' dir='ltr'><strong>esse</strong></span> 
     </span>
    </p>
   </div>
   <div class='ocr_carea' id='block_1_36' title="bbox 150 1293 1775 1333">
    <p class='ocr_par' dir='ltr' id='par_1_36' title="bbox 150 1293 1775 1333">
     <span class='ocr_line' id='line_1_36' title="bbox 150 1293 1775 1333; baseline 0 -11"><span class='ocrx_word' id='word_1_260' title='bbox 150 1302 206 1322; x_wconf 75' lang='lat' dir='ltr'><strong>non</strong></span> <span class='ocrx_word' id='word_1_261' title='bbox 225 1298 333 1329; x_wconf 87' lang='lat' dir='ltr'><strong>potest:</strong></span> <span class='ocrx_word' id='word_1_262' title='bbox 352 1294 489 1329; x_wconf 83' lang='lat' dir='ltr'><strong>siquidem</strong></span> <span class='ocrx_word' id='word_1_263' title='bbox 506 1302 549 1327; x_wconf 85' lang='lat' dir='ltr'><strong>ea,</strong></span> <span class='ocrx_word' id='word_1_264' title='bbox 566 1302 640 1322; x_wconf 90' lang='lat' dir='ltr'><strong>coss.</strong></span> <span class='ocrx_word' id='word_1_265' title='bbox 657 1293 767 1321; x_wconf 79' lang='lat' dir='ltr'><strong>Juliano</strong></span> <span class='ocrx_word' id='word_1_266' title='bbox 783 1297 810 1321; x_wconf 88' lang='lat' dir='ltr'><strong>et</strong></span> <span class='ocrx_word' id='word_1_267' title='bbox 823 1293 950 1325; x_wconf 83' lang='lat' dir='ltr'><strong>Paulino,</strong></span> <span class='ocrx_word' id='word_1_268' title='bbox 967 1294 1026 1321; x_wconf 86' lang='lat' dir='ltr'><strong>sive</strong></span> <span class='ocrx_word' id='word_1_269' title='bbox 1041 1298 1140 1329; x_wconf 75' lang='lat' dir='ltr'><strong>empta.</strong></span> <span class='ocrx_word' id='word_1_270' title='bbox 1158 1295 1216 1321; x_wconf 77' lang='lat' dir='ltr'><strong>sive</strong></span> <span class='ocrx_word' id='word_1_271' title='bbox 1233 1294 1310 1321; x_wconf 85' lang='lat' dir='ltr'><strong>ﬁnita</strong></span> <span class='ocrx_word' id='word_1_272' title='bbox 1325 1299 1377 1328; x_wconf 88' lang='lat' dir='ltr'><strong>est,</strong></span> <span class='ocrx_word' id='word_1_273' title='bbox 1397 1302 1429 1323; x_wconf 93' lang='lat' dir='ltr'><strong>ut</strong></span> <span class='ocrx_word' id='word_1_274' title='bbox 1451 1303 1525 1333; x_wconf 76' lang='lat' dir='ltr'><strong>patet</strong></span> <span class='ocrx_word' id='word_1_275' title='bbox 1541 1308 1574 1326; x_wconf 73' lang='lat' dir='ltr'><strong>ex</strong></span> <span class='ocrx_word' id='word_1_276' title='bbox 1596 1299 1710 1328; x_wconf 55' lang='lat' dir='ltr'><strong>Socrate</strong></span> <span class='ocrx_word' id='word_1_277' title='bbox 1726 1301 1775 1328; x_wconf 74' lang='lat' dir='ltr'><strong>ub,</strong></span> 
     </span>
    </p>
   </div>
   <div class='ocr_carea' id='block_1_37' title="bbox 152 1343 1784 1381">
    <p class='ocr_par' dir='ltr' id='par_1_37' title="bbox 152 1343 1784 1381">
     <span class='ocr_line' id='line_1_37' title="bbox 152 1343 1784 1381; baseline 0.002 -10"><span class='ocrx_word' id='word_1_278' title='bbox 152 1343 269 1377; x_wconf 68' lang='lat' dir='ltr'><strong>&quot;istan.</strong></span> <span class='ocrx_word' id='word_1_279' title='bbox 287 1352 348 1380; x_wconf 85' lang='lat' dir='ltr'><strong>cap.</strong></span> <span class='ocrx_word' id='word_1_280' title='bbox 369 1345 414 1377; x_wconf 82' lang='grc'><strong>15,</strong></span> <span class='ocrx_word' id='word_1_281' title='bbox 433 1345 522 1372; x_wconf 65' lang='lat' dir='ltr'><strong>Graec.</strong></span> <span class='ocrx_word' id='word_1_282' title='bbox 540 1344 606 1380; x_wconf 78' lang='lat' dir='ltr'><strong>Reg.</strong></span> <span class='ocrx_word' id='word_1_283' title='bbox 626 1345 692 1373; x_wconf 85' lang='lat' dir='ltr'><strong>edit.</strong></span> <span class='ocrx_word' id='word_1_284' title='bbox 709 1349 736 1373; x_wconf 86' lang='lat' dir='ltr'><strong>et</strong></span> <span class='ocrx_word' id='word_1_285' title='bbox 752 1345 820 1380; x_wconf 90' lang='lat' dir='ltr'><strong>ipsis</strong></span> <span class='ocrx_word' id='word_1_286' title='bbox 837 1345 914 1373; x_wconf 82' lang='lat' dir='ltr'><strong>Actis</strong></span> <span class='ocrx_word' id='word_1_287' title='bbox 927 1344 1046 1373; x_wconf 66' lang='lat' dir='ltr'><strong>Nicaanis</strong></span> <span class='ocrx_word' id='word_1_288' title='bbox 1062 1353 1150 1380; x_wconf 87' lang='lat' dir='ltr'><strong>nuper</strong></span> <span class='ocrx_word' id='word_1_289' title='bbox 1162 1345 1278 1373; x_wconf 79' lang='lat' dir='ltr'><strong>Lutetia:</strong></span> <span class='ocrx_word' id='word_1_290' title='bbox 1295 1346 1386 1379; x_wconf 91' lang='lat' dir='ltr'><strong>editis,</strong></span> <span class='ocrx_word' id='word_1_291' title='bbox 1403 1350 1429 1374; x_wconf 87' lang='lat' dir='ltr'><strong>et</strong></span> <span class='ocrx_word' id='word_1_292' title='bbox 1441 1346 1582 1381; x_wconf 83' lang='lat' dir='ltr'><strong>Alphonso</strong></span> <span class='ocrx_word' id='word_1_293' title='bbox 1600 1346 1702 1374; x_wconf 86' lang='lat' dir='ltr'><strong>Pisano</strong></span> <span class='ocrx_word' id='word_1_294' title='bbox 1713 1347 1784 1374; x_wconf 89' lang='lat' dir='ltr'><strong>libro</strong></span> 
     </span>
    </p>
   </div>
   <div class='ocr_carea' id='block_1_38' title="bbox 147 1392 707 1428">
    <p class='ocr_par' dir='ltr' id='par_1_38' title="bbox 147 1392 707 1428">
     <span class='ocr_line' id='line_1_38' title="bbox 147 1392 707 1428; baseline 0.002 -9"><span class='ocrx_word' id='word_1_295' title='bbox 147 1393 270 1420; x_wconf 84' lang='lat' dir='ltr'><strong>secundo</strong></span> <span class='ocrx_word' id='word_1_296' title='bbox 281 1396 308 1420; x_wconf 81' lang='lat' dir='ltr'><strong>et</strong></span> <span class='ocrx_word' id='word_1_297' title='bbox 323 1393 405 1420; x_wconf 84' lang='lat' dir='ltr'><strong>tertio</strong></span> <span class='ocrx_word' id='word_1_298' title='bbox 419 1392 457 1419; x_wconf 86' lang='lat' dir='ltr'><strong>De</strong></span> <span class='ocrx_word' id='word_1_299' title='bbox 470 1393 569 1428; x_wconf 75' lang='lat' dir='ltr'><strong>synodo</strong></span> <span class='ocrx_word' id='word_1_300' title='bbox 586 1393 707 1420; x_wconf 76' lang='lat' dir='ltr'><strong>Nicama.</strong></span> 
     </span>
    </p>
   </div>
   <div class='ocr_carea' id='block_1_39' title="bbox 183 1439 1785 1478">
    <p class='ocr_par' dir='ltr' id='par_1_39' title="bbox 183 1439 1785 1478">
     <span class='ocr_line' id='line_1_39' title="bbox 183 1439 1785 1478; baseline 0 -12"><span class='ocrx_word' id='word_1_301' title='bbox 183 1440 219 1467; x_wconf 81' lang='lat' dir='ltr'><strong>At</strong></span> <span class='ocrx_word' id='word_1_302' title='bbox 236 1440 275 1466; x_wconf 91' lang='lat' dir='ltr'><strong>illi</strong></span> <span class='ocrx_word' id='word_1_303' title='bbox 290 1447 364 1468; x_wconf 89' lang='lat' dir='ltr'><strong>coss.</strong></span> <span class='ocrx_word' id='word_1_304' title='bbox 383 1439 495 1467; x_wconf 82' lang='lat' dir='ltr'><strong>fuerunt</strong></span> <span class='ocrx_word' id='word_1_305' title='bbox 512 1441 586 1468; x_wconf 87' lang='lat' dir='ltr'><strong>circa</strong></span> <span class='ocrx_word' id='word_1_306' title='bbox 608 1449 710 1468; x_wconf 92' lang='lat' dir='ltr'><strong>annum</strong></span> <span class='ocrx_word' id='word_1_307' title='bbox 731 1441 768 1469; x_wconf 69' lang='lat'><strong>20</strong></span> <span class='ocrx_word' id='word_1_308' title='bbox 782 1442 890 1477; x_wconf 89' lang='lat' dir='ltr'><strong>imperii</strong></span> <span class='ocrx_word' id='word_1_309' title='bbox 904 1441 1080 1470; x_wconf 87' lang='lat' dir='ltr'><strong>Constantini</strong></span> <span class='ocrx_word' id='word_1_310' title='bbox 1098 1442 1169 1478; x_wconf 77' lang='lat' dir='ltr'><strong>Mag.</strong></span> <span class='ocrx_word' id='word_1_311' title='bbox 1196 1443 1249 1470; x_wconf 83' lang='lat' dir='ltr'><strong>hoc</strong></span> <span class='ocrx_word' id='word_1_312' title='bbox 1265 1447 1317 1476; x_wconf 90' lang='lat' dir='ltr'><strong>est,</strong></span> <span class='ocrx_word' id='word_1_313' title='bbox 1335 1443 1453 1478; x_wconf 79' lang='lat' dir='ltr'><strong>(variant</strong></span> <span class='ocrx_word' id='word_1_314' title='bbox 1467 1442 1539 1469; x_wconf 86' lang='lat' dir='ltr'><strong>enim</strong></span> <span class='ocrx_word' id='word_1_315' title='bbox 1555 1441 1692 1477; x_wconf 88' lang='lat' dir='ltr'><strong>auctores)</strong></span> <span class='ocrx_word' id='word_1_316' title='bbox 1714 1441 1785 1468; x_wconf 79' lang='lat' dir='ltr'><strong>inter</strong></span> 
     </span>
    </p>
   </div>
   <div class='ocr_carea' id='block_1_40' title="bbox 149 1487 1782 1525">
    <p class='ocr_par' dir='ltr' id='par_1_40' title="bbox 149 1487 1782 1525">
     <span class='ocr_line' id='line_1_40' title="bbox 149 1487 1782 1525; baseline 0.001 -12"><span class='ocrx_word' id='word_1_317' title='bbox 149 1495 252 1514; x_wconf 84' lang='lat' dir='ltr'><strong>annum</strong></span> <span class='ocrx_word' id='word_1_318' title='bbox 269 1487 372 1514; x_wconf 75' lang='lat' dir='ltr'><strong>Christi</strong></span> <span class='ocrx_word' id='word_1_319' title='bbox 395 1487 449 1514; x_wconf 76' lang='lat'><strong>5&#39;25</strong></span> <span class='ocrx_word' id='word_1_320' title='bbox 465 1492 492 1515; x_wconf 86' lang='lat' dir='ltr'><strong>et</strong></span> <span class='ocrx_word' id='word_1_321' title='bbox 515 1489 577 1516; x_wconf 59' lang='grc' dir='ltr'><strong>ὄξει.</strong></span> <span class='ocrx_word' id='word_1_322' title='bbox 597 1489 688 1522; x_wconf 82' lang='lat' dir='ltr'><strong>Quare</strong></span> <span class='ocrx_word' id='word_1_323' title='bbox 715 1490 772 1517; x_wconf 86' lang='lat' dir='ltr'><strong>ﬁeri</strong></span> <span class='ocrx_word' id='word_1_324' title='bbox 791 1499 846 1518; x_wconf 92' lang='lat' dir='ltr'><strong>non</strong></span> <span class='ocrx_word' id='word_1_325' title='bbox 863 1494 963 1525; x_wconf 85' lang='lat' dir='ltr'><strong>potest,</strong></span> <span class='ocrx_word' id='word_1_326' title='bbox 989 1494 1019 1518; x_wconf 95' lang='lat' dir='ltr'><strong>ut</strong></span> <span class='ocrx_word' id='word_1_327' title='bbox 1034 1491 1057 1518; x_wconf 82' lang='lat' dir='ltr'><strong>is</strong></span> <span class='ocrx_word' id='word_1_328' title='bbox 1075 1499 1164 1518; x_wconf 89' lang='lat' dir='ltr'><strong>annus</strong></span> <span class='ocrx_word' id='word_1_329' title='bbox 1184 1491 1309 1518; x_wconf 85' lang='lat' dir='ltr'><strong>decimus</strong></span> <span class='ocrx_word' id='word_1_330' title='bbox 1330 1491 1413 1518; x_wconf 82' lang='lat' dir='ltr'><strong>fuerit</strong></span> <span class='ocrx_word' id='word_1_331' title='bbox 1438 1497 1522 1524; x_wconf 79' lang='lat' dir='ltr'><strong>supra</strong></span> <span class='ocrx_word' id='word_1_332' title='bbox 1545 1488 1782 1519; x_wconf 71' lang='lat' dir='ltr'><strong>trecentesiimnu,</strong></span> 
     </span>
    </p>
   </div>
   <div class='ocr_carea' id='block_1_41' title="bbox 148 1533 1785 1574">
    <p class='ocr_par' dir='ltr' id='par_1_41' title="bbox 148 1533 1785 1574">
     <span class='ocr_line' id='line_1_41' title="bbox 148 1533 1785 1574; baseline -0.001 -11"><span class='ocrx_word' id='word_1_333' title='bbox 148 1533 286 1563; x_wconf 60' lang='lat' dir='ltr'><strong>Praeterea</strong></span> <span class='ocrx_word' id='word_1_334' title='bbox 302 1542 353 1562; x_wconf 90' lang='lat' dir='ltr'><strong>nec</strong></span> <span class='ocrx_word' id='word_1_335' title='bbox 377 1535 403 1561; x_wconf 88' lang='lat' dir='ltr'><strong>id</strong></span> <span class='ocrx_word' id='word_1_336' title='bbox 427 1537 499 1569; x_wconf 89' lang='lat' dir='ltr'><strong>quod</strong></span> <span class='ocrx_word' id='word_1_337' title='bbox 514 1537 627 1570; x_wconf 81' lang='lat' dir='ltr'><strong>dicitur,</strong></span> <span class='ocrx_word' id='word_1_338' title='bbox 644 1538 831 1566; x_wconf 80' lang='lat' dir='ltr'><strong>Alexandrum</strong></span> <span class='ocrx_word' id='word_1_339' title='bbox 855 1539 945 1574; x_wconf 76' lang='lat' dir='ltr'><strong>egisse</strong></span> <span class='ocrx_word' id='word_1_340' title='bbox 965 1539 1021 1573; x_wconf 87' lang='lat' dir='ltr'><strong>jam</strong></span> <span class='ocrx_word' id='word_1_341' title='bbox 1042 1543 1100 1565; x_wconf 90' lang='lat' dir='ltr'><strong>tum</strong></span> <span class='ocrx_word' id='word_1_342' title='bbox 1116 1539 1277 1574; x_wconf 84' lang='lat' dir='ltr'><strong>episcopum</strong></span> <span class='ocrx_word' id='word_1_343' title='bbox 1292 1538 1427 1574; x_wconf 76' lang='lat' dir='ltr'><strong>Byzantii,</strong></span> <span class='ocrx_word' id='word_1_344' title='bbox 1449 1536 1587 1572; x_wconf 88' lang='lat' dir='ltr'><strong>quomodo</strong></span> <span class='ocrx_word' id='word_1_345' title='bbox 1602 1543 1697 1562; x_wconf 87' lang='lat' dir='ltr'><strong>verum</strong></span> <span class='ocrx_word' id='word_1_346' title='bbox 1723 1542 1785 1562; x_wconf 77' lang='lat' dir='ltr'><strong>esse</strong></span> 
     </span>
    </p>
   </div>
   <div class='ocr_carea' id='block_1_42' title="bbox 148 1582 1785 1622">
    <p class='ocr_par' dir='ltr' id='par_1_42' title="bbox 148 1582 1785 1622">
     <span class='ocr_line' id='line_1_42' title="bbox 148 1582 1785 1622; baseline -0.001 -13"><span class='ocrx_word' id='word_1_347' title='bbox 148 1583 248 1614; x_wconf 57' lang='lat' dir='ltr'><strong>ﬂossit,</strong></span> <span class='ocrx_word' id='word_1_348' title='bbox 261 1582 360 1609; x_wconf 76' lang='lat' dir='ltr'><strong>video:</strong></span> <span class='ocrx_word' id='word_1_349' title='bbox 375 1590 448 1615; x_wconf 84' lang='lat' dir='ltr'><strong>cum,</strong></span> <span class='ocrx_word' id='word_1_350' title='bbox 463 1587 492 1610; x_wconf 92' lang='lat' dir='ltr'><strong>ut</strong></span> <span class='ocrx_word' id='word_1_351' title='bbox 506 1589 582 1619; x_wconf 84' lang='lat' dir='ltr'><strong>patet</strong></span> <span class='ocrx_word' id='word_1_352' title='bbox 602 1594 636 1613; x_wconf 82' lang='lat' dir='ltr'><strong>ex</strong></span> <span class='ocrx_word' id='word_1_353' title='bbox 653 1586 779 1614; x_wconf 88' lang='lat' dir='ltr'><strong>historiis</strong></span> <span class='ocrx_word' id='word_1_354' title='bbox 799 1590 826 1614; x_wconf 89' lang='lat' dir='ltr'><strong>et</strong></span> <span class='ocrx_word' id='word_1_355' title='bbox 844 1587 912 1622; x_wconf 89' lang='lat' dir='ltr'><strong>ipsis</strong></span> <span class='ocrx_word' id='word_1_356' title='bbox 929 1587 1060 1614; x_wconf 85' lang='lat' dir='ltr'><strong>Actorum</strong></span> <span class='ocrx_word' id='word_1_357' title='bbox 1078 1586 1251 1614; x_wconf 70' lang='lat' dir='ltr'><strong>Nicmnmum</strong></span> <span class='ocrx_word' id='word_1_358' title='bbox 1265 1585 1531 1621; x_wconf 86' lang='lat' dir='ltr'><strong>&#39;subscriptionibus,</strong></span> <span class='ocrx_word' id='word_1_359' title='bbox 1551 1582 1706 1619; x_wconf 82' lang='lat' dir='ltr'><strong>Alexander</strong></span> <span class='ocrx_word' id='word_1_360' title='bbox 1723 1590 1785 1617; x_wconf 83' lang='lat' dir='ltr'><strong>pre—</strong></span> 
     </span>
    </p>
   </div>
   <div class='ocr_carea' id='block_1_43' title="bbox 148 1626 1785 1666">
    <p class='ocr_par' dir='ltr' id='par_1_43' title="bbox 148 1626 1785 1666">
     <span class='ocr_line' id='line_1_43' title="bbox 148 1626 1785 1666; baseline -0.002 -8"><span class='ocrx_word' id='word_1_361' title='bbox 148 1630 244 1665; x_wconf 81' lang='lat' dir='ltr'><strong>sbyter</strong></span> <span class='ocrx_word' id='word_1_362' title='bbox 255 1634 282 1657; x_wconf 91' lang='lat' dir='ltr'><strong>ct</strong></span> <span class='ocrx_word' id='word_1_363' title='bbox 298 1631 403 1666; x_wconf 79' lang='lat' dir='ltr'><strong>legatus</strong></span> <span class='ocrx_word' id='word_1_364' title='bbox 421 1631 505 1659; x_wconf 84' lang='lat' dir='ltr'><strong>fuerit</strong></span> <span class='ocrx_word' id='word_1_365' title='bbox 520 1629 709 1666; x_wconf 82' lang='lat' dir='ltr'><strong>Metrophanis</strong></span> <span class='ocrx_word' id='word_1_366' title='bbox 725 1631 847 1666; x_wconf 84' lang='lat' dir='ltr'><strong>episcopi</strong></span> <span class='ocrx_word' id='word_1_367' title='bbox 863 1631 1173 1666; x_wconf 82' lang='lat' dir='ltr'><strong>Constantinopolitani.</strong></span> <span class='ocrx_word' id='word_1_368' title='bbox 1191 1626 1322 1659; x_wconf 78' lang='lat' dir='ltr'><strong>Videatur</strong></span> <span class='ocrx_word' id='word_1_369' title='bbox 1334 1631 1367 1659; x_wconf 86' lang='lat' dir='ltr'><strong>de</strong></span> <span class='ocrx_word' id='word_1_370' title='bbox 1383 1632 1434 1658; x_wconf 89' lang='lat' dir='ltr'><strong>hac</strong></span> <span class='ocrx_word' id='word_1_371' title='bbox 1452 1638 1482 1658; x_wconf 85' lang='lat' dir='ltr'><strong>re</strong></span> <span class='ocrx_word' id='word_1_372' title='bbox 1492 1630 1650 1666; x_wconf 80' lang='lat' dir='ltr'><strong>Alphonsus</strong></span> <span class='ocrx_word' id='word_1_373' title='bbox 1666 1628 1785 1656; x_wconf 87' lang='lat' dir='ltr'><strong>Pisanus</strong></span> 
     </span>
    </p>
   </div>
   <div class='ocr_carea' id='block_1_44' title="bbox 147 1678 1246 1715">
    <p class='ocr_par' dir='ltr' id='par_1_44' title="bbox 147 1678 1246 1715">
     <span class='ocr_line' id='line_1_44' title="bbox 147 1678 1246 1715; baseline 0.001 -10"><span class='ocrx_word' id='word_1_374' title='bbox 147 1678 183 1706; x_wconf 87' lang='lat' dir='ltr'><strong>de</strong></span> <span class='ocrx_word' id='word_1_375' title='bbox 198 1679 314 1706; x_wconf 88' lang='lat' dir='ltr'><strong>concilio</strong></span> <span class='ocrx_word' id='word_1_376' title='bbox 331 1678 443 1706; x_wconf 85' lang='lat' dir='ltr'><strong>Nicaeno</strong></span> <span class='ocrx_word' id='word_1_377' title='bbox 458 1687 520 1715; x_wconf 79' lang='lat' dir='ltr'><strong>pag.</strong></span> <span class='ocrx_word' id='word_1_378' title='bbox 539 1679 583 1711; x_wconf 81' lang='lat' dir='ltr'><strong>7i,</strong></span> <span class='ocrx_word' id='word_1_379' title='bbox 597 1679 663 1711; x_wconf 72' lang='lat'><strong>€22,</strong></span> <span class='ocrx_word' id='word_1_380' title='bbox 680 1679 733 1706; x_wconf 71' lang='grc'><strong>525</strong></span> <span class='ocrx_word' id='word_1_381' title='bbox 749 1683 776 1707; x_wconf 91' lang='lat' dir='ltr'><strong>et</strong></span> <span class='ocrx_word' id='word_1_382' title='bbox 792 1680 855 1712; x_wconf 61' lang='grc'>529,</span> <span class='ocrx_word' id='word_1_383' title='bbox 877 1683 903 1707; x_wconf 86' lang='lat' dir='ltr'><strong>ct</strong></span> <span class='ocrx_word' id='word_1_384' title='bbox 914 1680 982 1706; x_wconf 83' lang='lat' dir='ltr'><strong>Acta</strong></span> <span class='ocrx_word' id='word_1_385' title='bbox 995 1679 1116 1711; x_wconf 68' lang='lat' dir='ltr'><strong>Niciena,</strong></span> <span class='ocrx_word' id='word_1_386' title='bbox 1133 1684 1204 1715; x_wconf 88' lang='lat' dir='ltr'><strong>part.</strong></span> <span class='ocrx_word' id='word_1_387' title='bbox 1217 1688 1246 1707; x_wconf 82' lang='grc' dir='ltr'>ιι.</span> 
     </span>
    </p>
   </div>
   <div class='ocr_carea' id='block_1_45' title="bbox 185 1722 1781 1762">
    <p class='ocr_par' dir='ltr' id='par_1_45' title="bbox 185 1722 1781 1762">
     <span class='ocr_line' id='line_1_45' title="bbox 185 1722 1781 1762; baseline -0.001 -12"><span class='ocrx_word' id='word_1_388' title='bbox 185 1722 319 1758; x_wconf 80' lang='lat' dir='ltr'><strong>Equidem</strong></span> <span class='ocrx_word' id='word_1_389' title='bbox 338 1732 393 1750; x_wconf 94' lang='lat' dir='ltr'><strong>non</strong></span> <span class='ocrx_word' id='word_1_390' title='bbox 408 1724 505 1751; x_wconf 90' lang='lat' dir='ltr'><strong>dubito</strong></span> <span class='ocrx_word' id='word_1_391' title='bbox 528 1725 710 1762; x_wconf 77' lang='lat' dir='ltr'><strong>Athanasium</strong></span> <span class='ocrx_word' id='word_1_392' title='bbox 732 1728 858 1751; x_wconf 84' lang='lat' dir='ltr'><strong>nostrum</strong></span> <span class='ocrx_word' id='word_1_393' title='bbox 880 1725 973 1751; x_wconf 78' lang='lat' dir='ltr'><strong>varios</strong></span> <span class='ocrx_word' id='word_1_394' title='bbox 995 1725 1140 1752; x_wconf 79' lang='lat' dir='ltr'><strong>conﬂictus</strong></span> <span class='ocrx_word' id='word_1_395' title='bbox 1162 1725 1294 1752; x_wconf 79' lang='lat' dir='ltr'><strong>habuisse</strong></span> <span class='ocrx_word' id='word_1_396' title='bbox 1314 1733 1376 1752; x_wconf 69' lang='lat' dir='ltr'><strong>cu-n</strong></span> <span class='ocrx_word' id='word_1_397' title='bbox 1401 1724 1466 1752; x_wconf 82' lang='lat' dir='ltr'><strong>Ario</strong></span> <span class='ocrx_word' id='word_1_398' title='bbox 1483 1725 1511 1751; x_wconf 92' lang='lat' dir='ltr'><strong>in</strong></span> <span class='ocrx_word' id='word_1_399' title='bbox 1532 1723 1638 1760; x_wconf 86' lang='lat' dir='ltr'><strong>synodo</strong></span> <span class='ocrx_word' id='word_1_400' title='bbox 1659 1722 1781 1753; x_wconf 67' lang='lat' dir='ltr'><strong>Nicaana,</strong></span> 
     </span>
    </p>
   </div>
   <div class='ocr_carea' id='block_1_46' title="bbox 149 1768 1785 1807">
    <p class='ocr_par' dir='ltr' id='par_1_46' title="bbox 149 1768 1785 1807">
     <span class='ocr_line' id='line_1_46' title="bbox 149 1768 1785 1807; baseline 0 -13"><span class='ocrx_word' id='word_1_401' title='bbox 149 1768 262 1803; x_wconf 85' lang='lat' dir='ltr'><strong>quando</strong></span> <span class='ocrx_word' id='word_1_402' title='bbox 276 1769 397 1804; x_wconf 74' lang='lat' dir='ltr'><strong>(Iyrillus</strong></span> <span class='ocrx_word' id='word_1_403' title='bbox 413 1769 617 1796; x_wconf 85' lang='lat' dir='ltr'><strong>Alexandrinus</strong></span> <span class='ocrx_word' id='word_1_404' title='bbox 635 1769 735 1796; x_wconf 88' lang='lat' dir='ltr'><strong>alicubi</strong></span> <span class='ocrx_word' id='word_1_405' title='bbox 753 1769 808 1804; x_wconf 73' lang='lat'><strong>(48)</strong></span> <span class='ocrx_word' id='word_1_406' title='bbox 829 1769 914 1796; x_wconf 82' lang='lat' dir='ltr'><strong>refert</strong></span> <span class='ocrx_word' id='word_1_407' title='bbox 930 1777 992 1797; x_wconf 89' lang='lat' dir='ltr'><strong>cum</strong></span> <span class='ocrx_word' id='word_1_408' title='bbox 1009 1770 1035 1796; x_wconf 90' lang='lat' dir='ltr'><strong>in</strong></span> <span class='ocrx_word' id='word_1_409' title='bbox 1062 1770 1172 1797; x_wconf 72' lang='lat' dir='ltr'><strong>Nicmna</strong></span> <span class='ocrx_word' id='word_1_410' title='bbox 1189 1771 1294 1807; x_wconf 78' lang='lat' dir='ltr'><strong>synodo</strong></span> <span class='ocrx_word' id='word_1_411' title='bbox 1309 1771 1436 1798; x_wconf 84' lang='lat' dir='ltr'><strong>omnibus</strong></span> <span class='ocrx_word' id='word_1_412' title='bbox 1452 1771 1627 1798; x_wconf 88' lang='lat' dir='ltr'><strong>admirationi</strong></span> <span class='ocrx_word' id='word_1_413' title='bbox 1645 1769 1740 1800; x_wconf 82' lang='lat' dir='ltr'><strong>fuisse,</strong></span> <span class='ocrx_word' id='word_1_414' title='bbox 1758 1772 1785 1795; x_wconf 85' lang='lat' dir='ltr'><strong>ct</strong></span> 
     </span>
    </p>
   </div>
   <div class='ocr_carea' id='block_1_47' title="bbox 149 1814 1784 1853">
    <p class='ocr_par' dir='ltr' id='par_1_47' title="bbox 149 1814 1784 1853">
     <span class='ocr_line' id='line_1_47' title="bbox 149 1814 1784 1853; baseline 0.001 -12"><span class='ocrx_word' id='word_1_415' title='bbox 149 1814 306 1842; x_wconf 78' lang='lat' dir='ltr'><strong>Alexandro</strong></span> <span class='ocrx_word' id='word_1_416' title='bbox 322 1816 451 1850; x_wconf 86' lang='lat' dir='ltr'><strong>episcopo</strong></span> <span class='ocrx_word' id='word_1_417' title='bbox 466 1816 546 1850; x_wconf 87' lang='lat' dir='ltr'><strong>quasi</strong></span> <span class='ocrx_word' id='word_1_418' title='bbox 570 1816 619 1842; x_wconf 72' lang='lat' dir='ltr'><strong>via:</strong></span> <span class='ocrx_word' id='word_1_419' title='bbox 638 1816 736 1843; x_wconf 85' lang='lat' dir='ltr'><strong>ducem</strong></span> <span class='ocrx_word' id='word_1_420' title='bbox 754 1817 786 1843; x_wconf 90' lang='lat' dir='ltr'><strong>ad</strong></span> <span class='ocrx_word' id='word_1_421' title='bbox 803 1817 894 1844; x_wconf 89' lang='lat' dir='ltr'><strong>omnia</strong></span> <span class='ocrx_word' id='word_1_422' title='bbox 909 1827 915 1844; x_wconf 86' lang='lat'><strong>:</strong></span> <span class='ocrx_word' id='word_1_423' title='bbox 930 1817 985 1843; x_wconf 92' lang='lat' dir='ltr'><strong>imo</strong></span> <span class='ocrx_word' id='word_1_424' title='bbox 1004 1817 1094 1844; x_wconf 80' lang='lat' dir='ltr'><strong>editus</strong></span> <span class='ocrx_word' id='word_1_425' title='bbox 1116 1821 1158 1845; x_wconf 87' lang='lat' dir='ltr'><strong>est</strong></span> <span class='ocrx_word' id='word_1_426' title='bbox 1175 1819 1230 1853; x_wconf 89' lang='lat' dir='ltr'><strong>jam</strong></span> <span class='ocrx_word' id='word_1_427' title='bbox 1247 1817 1352 1853; x_wconf 86' lang='lat' dir='ltr'><strong>pridem</strong></span> <span class='ocrx_word' id='word_1_428' title='bbox 1373 1826 1387 1844; x_wconf 89' lang='lat' dir='ltr'><strong>a</strong></span> <span class='ocrx_word' id='word_1_429' title='bbox 1405 1817 1440 1845; x_wconf 89' lang='lat' dir='ltr'><strong>M.</strong></span> <span class='ocrx_word' id='word_1_430' title='bbox 1457 1818 1555 1846; x_wconf 92' lang='lat' dir='ltr'><strong>Crusio</strong></span> <span class='ocrx_word' id='word_1_431' title='bbox 1572 1817 1722 1852; x_wconf 84' lang='lat' dir='ltr'><strong>Catalogus</strong></span> <span class='ocrx_word' id='word_1_432' title='bbox 1737 1815 1784 1842; x_wconf 86' lang='lat' dir='ltr'><strong>Bi-</strong></span> 
     </span>
    </p>
   </div>
   <div class='ocr_carea' id='block_1_48' title="bbox 149 1854 1784 1899">
    <p class='ocr_par' dir='ltr' id='par_1_48' title="bbox 149 1854 1784 1899">
     <span class='ocr_line' id='line_1_48' title="bbox 149 1854 1784 1899; baseline -0.001 -11"><span class='ocrx_word' id='word_1_433' title='bbox 149 1861 348 1890; x_wconf 87' lang='lat' dir='ltr'><strong>bliothecarum</strong></span> <span class='ocrx_word' id='word_1_434' title='bbox 362 1863 435 1898; x_wconf 90' lang='lat' dir='ltr'><strong>apud</strong></span> <span class='ocrx_word' id='word_1_435' title='bbox 452 1862 578 1890; x_wconf 86' lang='lat' dir='ltr'><strong>diversos</strong></span> <span class='ocrx_word' id='word_1_436' title='bbox 592 1862 702 1889; x_wconf 66' lang='lat' dir='ltr'><strong>Gnaeos</strong></span> <span class='ocrx_word' id='word_1_437' title='bbox 719 1863 961 1898; x_wconf 86' lang='lat' dir='ltr'><strong>Constantinopoli</strong></span> <span class='ocrx_word' id='word_1_438' title='bbox 982 1863 1124 1898; x_wconf 78' lang='lat' dir='ltr'><strong>degentes,</strong></span> <span class='ocrx_word' id='word_1_439' title='bbox 1141 1864 1169 1890; x_wconf 90' lang='lat' dir='ltr'><strong>in</strong></span> <span class='ocrx_word' id='word_1_440' title='bbox 1188 1871 1243 1899; x_wconf 85' lang='lat' dir='ltr'><strong>quo</strong></span> <span class='ocrx_word' id='word_1_441' title='bbox 1260 1865 1354 1896; x_wconf 81' lang='lat' dir='ltr'><strong>refert,</strong></span> <span class='ocrx_word' id='word_1_442' title='bbox 1372 1865 1444 1899; x_wconf 85' lang='lat' dir='ltr'><strong>apud</strong></span> <span class='ocrx_word' id='word_1_443' title='bbox 1465 1854 1608 1893; x_wconf 84' lang='lat' dir='ltr'><strong>Illustriss.</strong></span> <span class='ocrx_word' id='word_1_444' title='bbox 1631 1861 1784 1898; x_wconf 86' lang='lat' dir='ltr'><strong>principem</strong></span> 
     </span>
    </p>
   </div>
   <div class='ocr_carea' id='block_1_49' title="bbox 147 1907 1785 1948">
    <p class='ocr_par' dir='ltr' id='par_1_49' title="bbox 147 1907 1785 1948">
     <span class='ocr_line' id='line_1_49' title="bbox 147 1907 1785 1948; baseline -0.002 -12"><span class='ocrx_word' id='word_1_445' title='bbox 147 1909 280 1938; x_wconf 69' lang='lat' dir='ltr'><strong>Iacobum</strong></span> <span class='ocrx_word' id='word_1_446' title='bbox 295 1911 500 1943; x_wconf 71' lang='lat' dir='ltr'><strong>hlarmorctam,</strong></span> <span class='ocrx_word' id='word_1_447' title='bbox 525 1911 619 1939; x_wconf 87' lang='lat' dir='ltr'><strong>haberi</strong></span> <span class='ocrx_word' id='word_1_448' title='bbox 645 1912 784 1939; x_wconf 90' lang='lat' dir='ltr'><strong>oralioncs</strong></span> <span class='ocrx_word' id='word_1_449' title='bbox 808 1912 968 1940; x_wconf 80' lang='lat' dir='ltr'><strong>dialecticas</strong></span> <span class='ocrx_word' id='word_1_450' title='bbox 990 1912 1136 1940; x_wconf 73' lang='lat' dir='ltr'><strong>Athanasii</strong></span> <span class='ocrx_word' id='word_1_451' title='bbox 1152 1913 1275 1948; x_wconf 80' lang='lat' dir='ltr'><strong>episcopi</strong></span> <span class='ocrx_word' id='word_1_452' title='bbox 1301 1911 1489 1943; x_wconf 83' lang='lat' dir='ltr'><strong>Alexandrini,</strong></span> <span class='ocrx_word' id='word_1_453' title='bbox 1509 1911 1609 1946; x_wconf 83' lang='lat' dir='ltr'><strong>quibus</strong></span> <span class='ocrx_word' id='word_1_454' title='bbox 1633 1907 1785 1943; x_wconf 78' lang='lat' dir='ltr'><strong>disputavit</strong></span> 
     </span>
    </p>
   </div>
   <div class='ocr_carea' id='block_1_50' title="bbox 148 1953 1785 1993">
    <p class='ocr_par' dir='ltr' id='par_1_50' title="bbox 148 1953 1785 1993">
     <span class='ocr_line' id='line_1_50' title="bbox 148 1953 1785 1993; baseline -0.002 -10"><span class='ocrx_word' id='word_1_455' title='bbox 148 1956 246 1984; x_wconf 63' lang='lat' dir='ltr'><strong>Nicwaa</strong></span> <span class='ocrx_word' id='word_1_456' title='bbox 263 1958 291 1984; x_wconf 94' lang='lat' dir='ltr'><strong>in</strong></span> <span class='ocrx_word' id='word_1_457' title='bbox 307 1958 394 1992; x_wconf 88' lang='lat' dir='ltr'><strong>prima</strong></span> <span class='ocrx_word' id='word_1_458' title='bbox 411 1956 581 1985; x_wconf 74' lang='lat' dir='ltr'><strong>mcumenica</strong></span> <span class='ocrx_word' id='word_1_459' title='bbox 601 1957 705 1992; x_wconf 79' lang='lat' dir='ltr'><strong>synodo</strong></span> <span class='ocrx_word' id='word_1_460' title='bbox 724 1961 820 1983; x_wconf 90' lang='lat' dir='ltr'><strong>contra</strong></span> <span class='ocrx_word' id='word_1_461' title='bbox 840 1957 935 1984; x_wconf 86' lang='lat' dir='ltr'><strong>Arium</strong></span> <span class='ocrx_word' id='word_1_462' title='bbox 955 1965 1048 1984; x_wconf 88' lang='lat' dir='ltr'><strong>coram</strong></span> <span class='ocrx_word' id='word_1_463' title='bbox 1079 1958 1145 1993; x_wconf 90' lang='lat' dir='ltr'><strong>imp.</strong></span> <span class='ocrx_word' id='word_1_464' title='bbox 1163 1958 1345 1985; x_wconf 80' lang='lat' dir='ltr'><strong>Constantino</strong></span> <span class='ocrx_word' id='word_1_465' title='bbox 1367 1957 1474 1993; x_wconf 82' lang='lat' dir='ltr'><strong>Magno.</strong></span> <span class='ocrx_word' id='word_1_466' title='bbox 1493 1956 1593 1983; x_wconf 75' lang='lat' dir='ltr'><strong>Verum</strong></span> <span class='ocrx_word' id='word_1_467' title='bbox 1610 1962 1645 1981; x_wconf 86' lang='lat' dir='ltr'><strong>an</strong></span> <span class='ocrx_word' id='word_1_468' title='bbox 1661 1955 1728 1987; x_wconf 71' lang='lat' dir='ltr'><strong>hmc,</strong></span> <span class='ocrx_word' id='word_1_469' title='bbox 1750 1953 1785 1979; x_wconf 88' lang='lat' dir='ltr'><strong>de</strong></span> 
     </span>
    </p>
   </div>
   <div class='ocr_carea' id='block_1_51' title="bbox 147 1999 1783 2041">
    <p class='ocr_par' dir='ltr' id='par_1_51' title="bbox 147 1999 1783 2041">
     <span class='ocr_line' id='line_1_51' title="bbox 147 1999 1783 2041; baseline -0.003 -10"><span class='ocrx_word' id='word_1_470' title='bbox 147 2013 204 2040; x_wconf 79' lang='lat' dir='ltr'><strong>qua</strong></span> <span class='ocrx_word' id='word_1_471' title='bbox 219 2006 273 2038; x_wconf 88' lang='lat' dir='ltr'><strong>hic,</strong></span> <span class='ocrx_word' id='word_1_472' title='bbox 292 2006 453 2041; x_wconf 86' lang='lat' dir='ltr'><strong>disputatio,</strong></span> <span class='ocrx_word' id='word_1_473' title='bbox 472 2011 519 2033; x_wconf 90' lang='lat' dir='ltr'><strong>aut</strong></span> <span class='ocrx_word' id='word_1_474' title='bbox 535 2005 569 2032; x_wconf 93' lang='lat' dir='ltr'><strong>de</strong></span> <span class='ocrx_word' id='word_1_475' title='bbox 587 2006 696 2032; x_wconf 88' lang='lat' dir='ltr'><strong>illarum</strong></span> <span class='ocrx_word' id='word_1_476' title='bbox 715 2013 842 2038; x_wconf 89' lang='lat' dir='ltr'><strong>numero,</strong></span> <span class='ocrx_word' id='word_1_477' title='bbox 866 2010 914 2033; x_wconf 91' lang='lat' dir='ltr'><strong>aut</strong></span> <span class='ocrx_word' id='word_1_478' title='bbox 930 2007 1043 2033; x_wconf 90' lang='lat' dir='ltr'><strong>omnino</strong></span> <span class='ocrx_word' id='word_1_479' title='bbox 1066 2006 1211 2033; x_wconf 82' lang='lat' dir='ltr'><strong>Athanasii</strong></span> <span class='ocrx_word' id='word_1_480' title='bbox 1232 2007 1277 2039; x_wconf 86' lang='lat' dir='ltr'><strong>sit,</strong></span> <span class='ocrx_word' id='word_1_481' title='bbox 1293 2007 1373 2033; x_wconf 77' lang='lat' dir='ltr'><strong>video</strong></span> <span class='ocrx_word' id='word_1_482' title='bbox 1390 2006 1486 2033; x_wconf 87' lang='lat' dir='ltr'><strong>doctos</strong></span> <span class='ocrx_word' id='word_1_483' title='bbox 1505 2011 1559 2030; x_wconf 89' lang='lat' dir='ltr'><strong>non</strong></span> <span class='ocrx_word' id='word_1_484' title='bbox 1577 2001 1714 2030; x_wconf 90' lang='lat' dir='ltr'><strong>immerito</strong></span> <span class='ocrx_word' id='word_1_485' title='bbox 1730 1999 1783 2026; x_wconf 94' lang='lat' dir='ltr'><strong>du-</strong></span> 
     </span>
    </p>
   </div>
   <div class='ocr_carea' id='block_1_52' title="bbox 147 2052 1447 2089">
    <p class='ocr_par' dir='ltr' id='par_1_52' title="bbox 147 2052 1447 2089">
     <span class='ocr_line' id='line_1_52' title="bbox 147 2052 1447 2089; baseline 0 -10"><span class='ocrx_word' id='word_1_486' title='bbox 147 2052 247 2080; x_wconf 84' lang='lat' dir='ltr'><strong>bitare.</strong></span> <span class='ocrx_word' id='word_1_487' title='bbox 266 2052 404 2087; x_wconf 87' lang='lat' dir='ltr'><strong>Quidquid</strong></span> <span class='ocrx_word' id='word_1_488' title='bbox 421 2053 457 2080; x_wconf 89' lang='lat' dir='ltr'><strong>sit</strong></span> <span class='ocrx_word' id='word_1_489' title='bbox 474 2053 562 2080; x_wconf 90' lang='lat' dir='ltr'><strong>nostri</strong></span> <span class='ocrx_word' id='word_1_490' title='bbox 579 2053 687 2081; x_wconf 89' lang='lat' dir='ltr'><strong>codices</strong></span> <span class='ocrx_word' id='word_1_491' title='bbox 700 2061 795 2081; x_wconf 88' lang='lat' dir='ltr'><strong>omnes</strong></span> <span class='ocrx_word' id='word_1_492' title='bbox 810 2062 909 2089; x_wconf 84' lang='lat' dir='ltr'><strong>magno</strong></span> <span class='ocrx_word' id='word_1_493' title='bbox 921 2062 1057 2081; x_wconf 82' lang='lat' dir='ltr'><strong>consensu</strong></span> <span class='ocrx_word' id='word_1_494' title='bbox 1073 2055 1198 2082; x_wconf 87' lang='lat' dir='ltr'><strong>tribuunt</strong></span> <span class='ocrx_word' id='word_1_495' title='bbox 1210 2063 1269 2082; x_wconf 86' lang='lat' dir='ltr'><strong>eam</strong></span> <span class='ocrx_word' id='word_1_496' title='bbox 1287 2054 1447 2081; x_wconf 81' lang='lat' dir='ltr'><strong>Athanasio.</strong></span> 
     </span>
    </p>
   </div>
   <div class='ocr_carea' id='block_1_53' title="bbox 183 2095 947 2139">
    <p class='ocr_par' dir='ltr' id='par_1_53' title="bbox 183 2101 947 2137">
     <span class='ocr_line' id='line_1_53' title="bbox 183 2101 947 2137; baseline 0.003 -9"><span class='ocrx_word' id='word_1_497' title='bbox 183 2101 217 2130; x_wconf 89' lang='lat' dir='ltr'><strong>II.</strong></span> <span class='ocrx_word' id='word_1_498' title='bbox 239 2102 304 2130; x_wconf 76' lang='lat' dir='ltr'><strong>Ilwc</strong></span> <span class='ocrx_word' id='word_1_499' title='bbox 324 2102 528 2135; x_wconf 79' lang='lat' dir='ltr'><strong>Felckmannus,</strong></span> <span class='ocrx_word' id='word_1_500' title='bbox 543 2103 587 2136; x_wconf 85' lang='lat' dir='ltr'><strong>qui</strong></span> <span class='ocrx_word' id='word_1_501' title='bbox 606 2103 679 2137; x_wconf 84' lang='lat' dir='ltr'><strong>prius</strong></span> <span class='ocrx_word' id='word_1_502' title='bbox 696 2104 828 2130; x_wconf 82' lang='lat' dir='ltr'><strong>editorum</strong></span> <span class='ocrx_word' id='word_1_503' title='bbox 851 2103 947 2130; x_wconf 81' lang='lat' dir='ltr'><strong>titulun</strong></span> 
     </span>
    </p>
   </div>
   <div class='ocr_carea' id='block_1_54' title="bbox 999 2095 1785 2139">
    <p class='ocr_par' dir='ltr' id='par_1_54' title="bbox 999 2095 1785 2139">
     <span class='ocr_line' id='line_1_54' title="bbox 999 2095 1785 2139; baseline -0.013 -8"><span class='ocrx_word' id='word_1_504' title='bbox 999 2104 1088 2138; x_wconf 71' lang='lat' dir='ltr'><strong>spicit,</strong></span> <span class='ocrx_word' id='word_1_505' title='bbox 1105 2105 1150 2130; x_wconf 84' lang='lat' dir='ltr'><strong>ubi</strong></span> <span class='ocrx_word' id='word_1_506' title='bbox 1166 2104 1203 2130; x_wconf 82' lang='lat' dir='ltr'><strong>sic</strong></span> <span class='ocrx_word' id='word_1_507' title='bbox 1219 2104 1368 2139; x_wconf 76' lang='lat' dir='ltr'><strong>legebatur:</strong></span> <span class='ocrx_word' id='word_1_508' title='bbox 1385 2101 1528 2131; x_wconf 78' lang='grc' dir='ltr'><strong>Διάλεκτος</strong></span> <span class='ocrx_word' id='word_1_509' title='bbox 1545 2099 1572 2124; x_wconf 70' lang='grc' dir='ltr'><strong>ἒν</strong></span> <span class='ocrx_word' id='word_1_510' title='bbox 1594 2099 1626 2132; x_wconf 82' lang='grc' dir='ltr'><strong>τῇ</strong></span> <span class='ocrx_word' id='word_1_511' title='bbox 1644 2095 1716 2123; x_wconf 84' lang='grc' dir='ltr'>κατὰ</span> <span class='ocrx_word' id='word_1_512' title='bbox 1734 2095 1785 2122; x_wconf 77' lang='grc' dir='ltr'><strong>Νι-</strong></span> 
     </span>
    </p>
   </div>
   <div class='ocr_carea' id='block_1_55' title="bbox 147 2143 1783 2188">
    <p class='ocr_par' dir='ltr' id='par_1_55' title="bbox 147 2143 1783 2188">
     <span class='ocr_line' id='line_1_55' title="bbox 147 2143 1783 2188; baseline -0.002 -10"><span class='ocrx_word' id='word_1_513' title='bbox 147 2156 230 2175; x_wconf 80' lang='grc' dir='ltr'>καιαν</span> <span class='ocrx_word' id='word_1_514' title='bbox 245 2149 346 2183; x_wconf 77' lang='grc' dir='ltr'><strong>συνόδῳ</strong></span> <span class='ocrx_word' id='word_1_515' title='bbox 360 2149 427 2184; x_wconf 77' lang='grc' dir='ltr'>πρὸς</span> <span class='ocrx_word' id='word_1_516' title='bbox 438 2151 583 2186; x_wconf 72' lang='grc' dir='ltr'><strong>’Ἃρειονὲν</strong></span> <span class='ocrx_word' id='word_1_517' title='bbox 599 2152 654 2178; x_wconf 78' lang='grc' dir='ltr'><strong>ἔτει</strong></span> <span class='ocrx_word' id='word_1_518' title='bbox 669 2153 718 2187; x_wconf 79' lang='grc' dir='ltr'><strong>τῆς</strong></span> <span class='ocrx_word' id='word_1_519' title='bbox 730 2152 805 2183; x_wconf 74' lang='grc' dir='ltr'>Θείας</span> <span class='ocrx_word' id='word_1_520' title='bbox 825 2152 988 2188; x_wconf 73' lang='grc' dir='ltr'><strong>σαρκώσεως</strong></span> <span class='ocrx_word' id='word_1_521' title='bbox 1001 2156 1034 2178; x_wconf 85' lang='grc' dir='ltr'><strong>τι¹</strong></span> <span class='ocrx_word' id='word_1_522' title='bbox 1049 2153 1077 2178; x_wconf 77' lang='grc' dir='ltr'>ἐν</span> <span class='ocrx_word' id='word_1_523' title='bbox 1087 2153 1205 2188; x_wconf 72' lang='grc' dir='ltr'><strong>ἡμέραις</strong></span> <span class='ocrx_word' id='word_1_524' title='bbox 1218 2151 1263 2178; x_wconf 76' lang='grc' dir='ltr'><strong>τοῦ</strong></span> <span class='ocrx_word' id='word_1_525' title='bbox 1280 2151 1407 2182; x_wconf 69' lang='grc' dir='ltr'><strong>εὐσεϐοῦς</strong></span> <span class='ocrx_word' id='word_1_526' title='bbox 1417 2148 1547 2184; x_wconf 71' lang='grc' dir='ltr'><strong>βασιλέως</strong></span> <span class='ocrx_word' id='word_1_527' title='bbox 1568 2143 1783 2175; x_wconf 73' lang='grc' dir='ltr'><strong>Κωνσταντίνου,</strong></span> 
     </span>
    </p>
   </div>
   <div class='ocr_carea' id='block_1_56' title="bbox 147 2192 947 2234">
    <p class='ocr_par' dir='ltr' id='par_1_56' title="bbox 147 2193 932 2233">
     <span class='ocr_line' id='line_1_56' title="bbox 147 2193 932 2233; baseline 0.006 -14"><span class='ocrx_word' id='word_1_528' title='bbox 147 2193 196 2219; x_wconf 75' lang='grc' dir='ltr'><strong>καὶ</strong></span> <span class='ocrx_word' id='word_1_529' title='bbox 206 2193 252 2220; x_wconf 66' lang='lat' dir='ltr'><strong>toﬁ</strong></span> <span class='ocrx_word' id='word_1_530' title='bbox 273 2194 408 2230; x_wconf 69' lang='grc' dir='ltr'>μακαρίου</span> <span class='ocrx_word' id='word_1_531' title='bbox 424 2195 505 2222; x_wconf 56' lang='lat' dir='ltr'><strong>Ilia:</strong></span> <span class='ocrx_word' id='word_1_532' title='bbox 526 2197 698 2233; x_wconf 59' lang='grc' dir='ltr'><strong>Σιλῆέςτρῡυ,</strong></span> <span class='ocrx_word' id='word_1_533' title='bbox 719 2199 766 2224; x_wconf 69' lang='grc' dir='ltr'><strong>καὶ</strong></span> <span class='ocrx_word' id='word_1_534' title='bbox 779 2198 932 2224; x_wconf 69' lang='grc' dir='ltr'>ἐπισκόπου</span> 
     </span>
    </p>
   </div>
   <div class='ocr_carea' id='block_1_57' title="bbox 999 2192 1783 2234">
    <p class='ocr_par' dir='ltr' id='par_1_57' title="bbox 999 2192 1783 2234">
     <span class='ocr_line' id='line_1_57' title="bbox 999 2192 1783 2234; baseline -0.006 -10"><span class='ocrx_word' id='word_1_535' title='bbox 999 2198 1096 2229; x_wconf 69' lang='grc' dir='ltr'><strong>ζαντίου</strong></span> <span class='ocrx_word' id='word_1_536' title='bbox 1116 2198 1302 2234; x_wconf 74' lang='grc' dir='ltr'><strong>Ἀλεξάνδρου.</strong></span> <span class='ocrx_word' id='word_1_537' title='bbox 1321 2197 1396 2231; x_wconf 83' lang='lat' dir='ltr'><strong>Quod</strong></span> <span class='ocrx_word' id='word_1_538' title='bbox 1411 2203 1499 2224; x_wconf 86' lang='lat' dir='ltr'><strong>autem</strong></span> <span class='ocrx_word' id='word_1_539' title='bbox 1517 2195 1592 2222; x_wconf 87' lang='lat' dir='ltr'><strong>habet</strong></span> <span class='ocrx_word' id='word_1_540' title='bbox 1608 2194 1652 2220; x_wconf 82' lang='lat' dir='ltr'><strong>ille</strong></span> <span class='ocrx_word' id='word_1_541' title='bbox 1670 2193 1702 2220; x_wconf 86' lang='lat' dir='ltr'><strong>de</strong></span> <span class='ocrx_word' id='word_1_542' title='bbox 1716 2192 1783 2219; x_wconf 78' lang='lat' dir='ltr'><strong>Diu-</strong></span> 
     </span>
    </p>
   </div>
   <div class='ocr_carea' id='block_1_58' title="bbox 149 2240 1784 2281">
    <p class='ocr_par' dir='ltr' id='par_1_58' title="bbox 149 2240 1784 2281">
     <span class='ocr_line' id='line_1_58' title="bbox 149 2240 1784 2281; baseline 0 -14"><span class='ocrx_word' id='word_1_543' title='bbox 149 2240 215 2276; x_wconf 79' lang='lat' dir='ltr'><strong>logis</strong></span> <span class='ocrx_word' id='word_1_544' title='bbox 232 2241 380 2269; x_wconf 80' lang='lat' dir='ltr'><strong>Athanasio</strong></span> <span class='ocrx_word' id='word_1_545' title='bbox 398 2243 544 2275; x_wconf 81' lang='lat' dir='ltr'><strong>attributis,</strong></span> <span class='ocrx_word' id='word_1_546' title='bbox 557 2244 614 2279; x_wconf 80' lang='lat' dir='ltr'><strong>[use</strong></span> <span class='ocrx_word' id='word_1_547' title='bbox 631 2254 647 2271; x_wconf 87' lang='lat' dir='ltr'><strong>a</strong></span> <span class='ocrx_word' id='word_1_548' title='bbox 663 2245 736 2272; x_wconf 84' lang='lat' dir='ltr'><strong>nobis</strong></span> <span class='ocrx_word' id='word_1_549' title='bbox 753 2246 822 2272; x_wconf 79' lang='lat' dir='ltr'><strong>alias</strong></span> <span class='ocrx_word' id='word_1_550' title='bbox 839 2250 1030 2280; x_wconf 81' lang='lat' dir='ltr'><strong>pertractatum</strong></span> <span class='ocrx_word' id='word_1_551' title='bbox 1046 2251 1095 2273; x_wconf 82' lang='lat' dir='ltr'><strong>est.</strong></span> <span class='ocrx_word' id='word_1_552' title='bbox 1113 2245 1190 2272; x_wconf 84' lang='lat' dir='ltr'><strong>Hunc</strong></span> <span class='ocrx_word' id='word_1_553' title='bbox 1211 2254 1270 2273; x_wconf 77' lang='lat' dir='ltr'><strong>vero</strong></span> <span class='ocrx_word' id='word_1_554' title='bbox 1286 2245 1355 2281; x_wconf 86' lang='lat' dir='ltr'><strong>quod</strong></span> <span class='ocrx_word' id='word_1_555' title='bbox 1372 2251 1471 2280; x_wconf 80' lang='lat' dir='ltr'><strong>spectat</strong></span> <span class='ocrx_word' id='word_1_556' title='bbox 1493 2243 1633 2278; x_wconf 74' lang='lat' dir='ltr'><strong>Dialogum</strong></span> <span class='ocrx_word' id='word_1_557' title='bbox 1648 2262 1654 2274; x_wconf 92' lang='lat'><strong>,</strong></span> <span class='ocrx_word' id='word_1_558' title='bbox 1681 2245 1784 2268; x_wconf 78' lang='lat' dir='ltr'><strong>constat</strong></span> 
     </span>
    </p>
   </div>
   <div class='ocr_carea' id='block_1_59' title="bbox 148 2291 1785 2330">
    <p class='ocr_par' dir='ltr' id='par_1_59' title="bbox 148 2291 1785 2330">
     <span class='ocr_line' id='line_1_59' title="bbox 148 2291 1785 2330; baseline -0.002 -13"><span class='ocrx_word' id='word_1_559' title='bbox 148 2291 234 2324; x_wconf 75' lang='lat' dir='ltr'><strong>primo</strong></span> <span class='ocrx_word' id='word_1_560' title='bbox 250 2300 307 2318; x_wconf 76' lang='lat' dir='ltr'><strong>esse</strong></span> <span class='ocrx_word' id='word_1_561' title='bbox 318 2294 515 2327; x_wconf 73' lang='lat' dir='ltr'><strong>supposititium</strong></span> <span class='ocrx_word' id='word_1_562' title='bbox 528 2301 537 2320; x_wconf 97' lang='lat'><em>:</em></span> <span class='ocrx_word' id='word_1_563' title='bbox 550 2299 604 2320; x_wconf 81' lang='lat' dir='ltr'><strong>tttm</strong></span> <span class='ocrx_word' id='word_1_564' title='bbox 617 2302 650 2321; x_wconf 74' lang='lat' dir='ltr'><strong>ea:</strong></span> <span class='ocrx_word' id='word_1_565' title='bbox 665 2295 728 2329; x_wconf 80' lang='lat' dir='ltr'><strong>styli</strong></span> <span class='ocrx_word' id='word_1_566' title='bbox 742 2303 844 2329; x_wconf 76' lang='lat' dir='ltr'><strong>genere.</strong></span> <span class='ocrx_word' id='word_1_567' title='bbox 858 2295 927 2330; x_wconf 79' lang='lat' dir='ltr'><strong>quod</strong></span> <span class='ocrx_word' id='word_1_568' title='bbox 945 2295 977 2321; x_wconf 88' lang='lat' dir='ltr'><strong>ab</strong></span> <span class='ocrx_word' id='word_1_569' title='bbox 994 2294 1190 2327; x_wconf 76' lang='lat' dir='ltr'><strong>Athanasiuno,</strong></span> <span class='ocrx_word' id='word_1_570' title='bbox 1212 2295 1308 2320; x_wconf 82' lang='lat' dir='ltr'><strong>mirum</strong></span> <span class='ocrx_word' id='word_1_571' title='bbox 1322 2302 1400 2328; x_wconf 83' lang='lat' dir='ltr'><strong>quam</strong></span> <span class='ocrx_word' id='word_1_572' title='bbox 1417 2292 1573 2321; x_wconf 80' lang='lat' dir='ltr'><strong>abhorreat;</strong></span> <span class='ocrx_word' id='word_1_573' title='bbox 1592 2294 1690 2315; x_wconf 76' lang='lat' dir='ltr'><strong>tumea:</strong></span> <span class='ocrx_word' id='word_1_574' title='bbox 1702 2295 1785 2322; x_wconf 82' lang='lat' dir='ltr'><strong>argn-</strong></span> 
     </span>
    </p>
   </div>
   <div class='ocr_carea' id='block_1_60' title="bbox 151 2334 1784 2375">
    <p class='ocr_par' dir='ltr' id='par_1_60' title="bbox 151 2334 1784 2375">
     <span class='ocr_line' id='line_1_60' title="bbox 151 2334 1784 2375; baseline -0.001 -13"><span class='ocrx_word' id='word_1_575' title='bbox 151 2337 244 2363; x_wconf 75' lang='lat' dir='ltr'><strong>mentis</strong></span> <span class='ocrx_word' id='word_1_576' title='bbox 264 2336 418 2371; x_wconf 86' lang='lat' dir='ltr'><strong>plerumque</strong></span> <span class='ocrx_word' id='word_1_577' title='bbox 434 2337 571 2369; x_wconf 80' lang='lat' dir='ltr'><strong>invalidis.</strong></span> <span class='ocrx_word' id='word_1_578' title='bbox 590 2347 620 2364; x_wconf 86' lang='lat' dir='ltr'><strong>ne</strong></span> <span class='ocrx_word' id='word_1_579' title='bbox 632 2339 754 2365; x_wconf 86' lang='lat' dir='ltr'><strong>umbram</strong></span> <span class='ocrx_word' id='word_1_580' title='bbox 772 2340 876 2374; x_wconf 81' lang='lat' dir='ltr'><strong>quidem</strong></span> <span class='ocrx_word' id='word_1_581' title='bbox 897 2339 1090 2367; x_wconf 75' lang='lat' dir='ltr'><strong>Atlmnasiame</strong></span> <span class='ocrx_word' id='word_1_582' title='bbox 1106 2340 1246 2375; x_wconf 76' lang='grc' dir='ltr'>ἐνεργείας</span> <span class='ocrx_word' id='word_1_583' title='bbox 1260 2339 1442 2373; x_wconf 74' lang='lat' dir='ltr'><strong>referentibus.</strong></span> <span class='ocrx_word' id='word_1_584' title='bbox 1464 2338 1552 2370; x_wconf 80' lang='lat' dir='ltr'><strong>Quare</strong></span> <span class='ocrx_word' id='word_1_585' title='bbox 1567 2344 1612 2363; x_wconf 86' lang='lat' dir='ltr'><strong>nec</strong></span> <span class='ocrx_word' id='word_1_586' title='bbox 1626 2335 1653 2362; x_wconf 86' lang='lat' dir='ltr'><strong>in</strong></span> <span class='ocrx_word' id='word_1_587' title='bbox 1669 2334 1784 2368; x_wconf 77' lang='lat' dir='ltr'><strong>antiquis</strong></span> 
     </span>
    </p>
   </div>
   <div class='ocr_carea' id='block_1_61' title="bbox 152 2379 1785 2421">
    <p class='ocr_par' dir='ltr' id='par_1_61' title="bbox 152 2379 1785 2421">
     <span class='ocr_line' id='line_1_61' title="bbox 152 2379 1785 2421; baseline -0.002 -12"><span class='ocrx_word' id='word_1_588' title='bbox 152 2382 293 2410; x_wconf 72' lang='lat' dir='ltr'><strong>Athanasii</strong></span> <span class='ocrx_word' id='word_1_589' title='bbox 308 2391 415 2417; x_wconf 81' lang='lat' dir='ltr'><strong>operum</strong></span> <span class='ocrx_word' id='word_1_590' title='bbox 432 2383 629 2411; x_wconf 80' lang='lat' dir='ltr'><strong>collectionibus</strong></span> <span class='ocrx_word' id='word_1_591' title='bbox 642 2390 786 2420; x_wconf 78' lang='lat' dir='ltr'><strong>comparet,</strong></span> <span class='ocrx_word' id='word_1_592' title='bbox 803 2394 848 2412; x_wconf 79' lang='lat' dir='ltr'><strong>nec</strong></span> <span class='ocrx_word' id='word_1_593' title='bbox 865 2385 896 2412; x_wconf 83' lang='lat' dir='ltr'><strong>ab</strong></span> <span class='ocrx_word' id='word_1_594' title='bbox 919 2386 1089 2420; x_wconf 76' lang='lat' dir='ltr'><strong>antiquorum</strong></span> <span class='ocrx_word' id='word_1_595' title='bbox 1114 2386 1203 2421; x_wconf 86' lang='lat' dir='ltr'><strong>aliquo</strong></span> <span class='ocrx_word' id='word_1_596' title='bbox 1218 2385 1355 2417; x_wconf 80' lang='lat' dir='ltr'><strong>laudatur,</strong></span> <span class='ocrx_word' id='word_1_597' title='bbox 1376 2385 1445 2419; x_wconf 87' lang='lat' dir='ltr'><strong>quod</strong></span> <span class='ocrx_word' id='word_1_598' title='bbox 1460 2383 1574 2409; x_wconf 77' lang='lat' dir='ltr'><strong>sciamus</strong></span> <span class='ocrx_word' id='word_1_599' title='bbox 1590 2380 1705 2416; x_wconf 81' lang='lat' dir='ltr'><strong>quidem.</strong></span> <span class='ocrx_word' id='word_1_600' title='bbox 1728 2379 1785 2406; x_wconf 74' lang='lat' dir='ltr'><strong>Nec</strong></span> 
     </span>
    </p>
   </div>
   <div class='ocr_carea' id='block_1_62' title="bbox 151 2427 1785 2466">
    <p class='ocr_par' dir='ltr' id='par_1_62' title="bbox 151 2427 1785 2466">
     <span class='ocr_line' id='line_1_62' title="bbox 151 2427 1785 2466; baseline -0.002 -10"><span class='ocrx_word' id='word_1_601' title='bbox 151 2429 209 2457; x_wconf 87' lang='lat' dir='ltr'><strong>ideo</strong></span> <span class='ocrx_word' id='word_1_602' title='bbox 224 2429 367 2464; x_wconf 83' lang='lat' dir='ltr'><strong>quidquam</strong></span> <span class='ocrx_word' id='word_1_603' title='bbox 387 2429 414 2456; x_wconf 84' lang='lat' dir='ltr'><strong>in</strong></span> <span class='ocrx_word' id='word_1_604' title='bbox 430 2429 570 2456; x_wconf 78' lang='lat' dir='ltr'><strong>aduersum</strong></span> <span class='ocrx_word' id='word_1_605' title='bbox 588 2430 661 2457; x_wconf 85' lang='lat' dir='ltr'><strong>dubii</strong></span> <span class='ocrx_word' id='word_1_606' title='bbox 678 2432 810 2463; x_wconf 82' lang='lat' dir='ltr'><strong>nascitur,</strong></span> <span class='ocrx_word' id='word_1_607' title='bbox 826 2432 907 2466; x_wconf 84' lang='lat' dir='ltr'><strong>quod,</strong></span> <span class='ocrx_word' id='word_1_608' title='bbox 936 2437 964 2458; x_wconf 86' lang='lat' dir='ltr'><strong>ut</strong></span> <span class='ocrx_word' id='word_1_609' title='bbox 981 2433 1018 2459; x_wconf 77' lang='lat' dir='ltr'><strong>ait</strong></span> <span class='ocrx_word' id='word_1_610' title='bbox 1037 2431 1241 2463; x_wconf 78' lang='lat' dir='ltr'><strong>Felckmannus.</strong></span> <span class='ocrx_word' id='word_1_611' title='bbox 1259 2439 1347 2458; x_wconf 82' lang='lat' dir='ltr'><strong>omnes</strong></span> <span class='ocrx_word' id='word_1_612' title='bbox 1360 2431 1460 2458; x_wconf 75' lang='lat' dir='ltr'><strong>codices</strong></span> <span class='ocrx_word' id='word_1_613' title='bbox 1481 2429 1556 2455; x_wconf 88' lang='lat' dir='ltr'><strong>illum</strong></span> <span class='ocrx_word' id='word_1_614' title='bbox 1573 2427 1720 2454; x_wconf 80' lang='lat' dir='ltr'><strong>Athanasio</strong></span> <span class='ocrx_word' id='word_1_615' title='bbox 1737 2428 1785 2453; x_wconf 90' lang='lat' dir='ltr'><strong>tri-</strong></span> 
     </span>
    </p>
   </div>
   <div class='ocr_carea' id='block_1_63' title="bbox 150 2474 1785 2513">
    <p class='ocr_par' dir='ltr' id='par_1_63' title="bbox 150 2474 1785 2513">
     <span class='ocr_line' id='line_1_63' title="bbox 150 2474 1785 2513; baseline -0.001 -11"><span class='ocrx_word' id='word_1_616' title='bbox 150 2479 243 2504; x_wconf 83' lang='lat' dir='ltr'><strong>buant.</strong></span> <span class='ocrx_word' id='word_1_617' title='bbox 261 2476 333 2503; x_wconf 79' lang='lat' dir='ltr'><strong>Nam</strong></span> <span class='ocrx_word' id='word_1_618' title='bbox 351 2477 396 2503; x_wconf 87' lang='lat' dir='ltr'><strong>ubi</strong></span> <span class='ocrx_word' id='word_1_619' title='bbox 413 2478 492 2504; x_wconf 80' lang='lat' dir='ltr'><strong>semel</strong></span> <span class='ocrx_word' id='word_1_620' title='bbox 508 2477 540 2504; x_wconf 85' lang='lat' dir='ltr'><strong>ab</strong></span> <span class='ocrx_word' id='word_1_621' title='bbox 557 2483 675 2509; x_wconf 83' lang='lat' dir='ltr'><strong>auctore,</strong></span> <span class='ocrx_word' id='word_1_622' title='bbox 690 2477 832 2503; x_wconf 76' lang='lat' dir='ltr'><strong>Athanasii</strong></span> <span class='ocrx_word' id='word_1_623' title='bbox 852 2485 944 2504; x_wconf 87' lang='lat' dir='ltr'><strong>nomen</strong></span> <span class='ocrx_word' id='word_1_624' title='bbox 959 2478 1069 2512; x_wconf 71' lang='lat' dir='ltr'><strong>accepit,</strong></span> <span class='ocrx_word' id='word_1_625' title='bbox 1084 2478 1144 2504; x_wconf 87' lang='lat' dir='ltr'><strong>hinc</strong></span> <span class='ocrx_word' id='word_1_626' title='bbox 1158 2478 1335 2513; x_wconf 70' lang='lat' dir='ltr'><strong>consequitur,</strong></span> <span class='ocrx_word' id='word_1_627' title='bbox 1349 2481 1378 2504; x_wconf 85' lang='lat' dir='ltr'><strong>ut</strong></span> <span class='ocrx_word' id='word_1_628' title='bbox 1392 2485 1407 2503; x_wconf 75' lang='grc' dir='ltr'><em>α</em></span> <span class='ocrx_word' id='word_1_629' title='bbox 1427 2476 1544 2503; x_wconf 84' lang='lat' dir='ltr'><strong>librariis</strong></span> <span class='ocrx_word' id='word_1_630' title='bbox 1558 2475 1678 2509; x_wconf 79' lang='lat' dir='ltr'><strong>deinceps</strong></span> <span class='ocrx_word' id='word_1_631' title='bbox 1700 2474 1785 2501; x_wconf 75' lang='lat' dir='ltr'><strong>omni-</strong></span> 
     </span>
    </p>
   </div>
   <div class='ocr_carea' id='block_1_64' title="bbox 149 2524 1103 2560">
    <p class='ocr_par' dir='ltr' id='par_1_64' title="bbox 149 2524 1103 2560">
     <span class='ocr_line' id='line_1_64' title="bbox 149 2524 1103 2560; baseline 0.003 -10"><span class='ocrx_word' id='word_1_632' title='bbox 149 2525 197 2550; x_wconf 79' lang='lat' dir='ltr'><strong>bus</strong></span> <span class='ocrx_word' id='word_1_633' title='bbox 210 2524 374 2559; x_wconf 84' lang='lat' dir='ltr'><strong>autographo</strong></span> <span class='ocrx_word' id='word_1_634' title='bbox 387 2525 556 2557; x_wconf 69' lang='lat' dir='ltr'><strong>lavrentibus,</strong></span> <span class='ocrx_word' id='word_1_635' title='bbox 574 2525 715 2552; x_wconf 77' lang='lat' dir='ltr'><strong>Athanasii</strong></span> <span class='ocrx_word' id='word_1_636' title='bbox 727 2534 820 2553; x_wconf 80' lang='lat' dir='ltr'><strong>nomen</strong></span> <span class='ocrx_word' id='word_1_637' title='bbox 831 2527 1000 2560; x_wconf 67' lang='lat' dir='ltr'><strong>propositum</strong></span> <span class='ocrx_word' id='word_1_638' title='bbox 1013 2527 1103 2560; x_wconf 74' lang='lat' dir='ltr'><strong>fuerit.</strong></span> 
     </span>
    </p>
   </div>
   <div class='ocr_carea' id='block_1_65' title="bbox 186 2569 1783 2608">
    <p class='ocr_par' dir='ltr' id='par_1_65' title="bbox 186 2569 1783 2608">
     <span class='ocr_line' id='line_1_65' title="bbox 186 2569 1783 2608; baseline 0.001 -13"><span class='ocrx_word' id='word_1_639' title='bbox 186 2569 231 2597; x_wconf 90' lang='lat' dir='ltr'><strong>III.</strong></span> <span class='ocrx_word' id='word_1_640' title='bbox 253 2569 339 2596; x_wconf 83' lang='lat' dir='ltr'><strong>I’orr&#39;o</strong></span> <span class='ocrx_word' id='word_1_641' title='bbox 361 2571 430 2598; x_wconf 82' lang='lat' dir='ltr'><strong>male</strong></span> <span class='ocrx_word' id='word_1_642' title='bbox 448 2571 521 2605; x_wconf 83' lang='lat' dir='ltr'><strong>jacet</strong></span> <span class='ocrx_word' id='word_1_643' title='bbox 537 2573 563 2598; x_wconf 88' lang='lat' dir='ltr'><strong>in</strong></span> <span class='ocrx_word' id='word_1_644' title='bbox 581 2572 677 2599; x_wconf 84' lang='lat' dir='ltr'><strong>titulo:</strong></span> <span class='ocrx_word' id='word_1_645' title='bbox 693 2573 819 2608; x_wconf 82' lang='lat' dir='ltr'><strong>Dialogus</strong></span> <span class='ocrx_word' id='word_1_646' title='bbox 838 2573 865 2599; x_wconf 81' lang='lat' dir='ltr'><strong>in</strong></span> <span class='ocrx_word' id='word_1_647' title='bbox 882 2573 997 2600; x_wconf 78' lang='lat' dir='ltr'><strong>concilio</strong></span> <span class='ocrx_word' id='word_1_648' title='bbox 1010 2573 1121 2600; x_wconf 79' lang='lat' dir='ltr'><strong>Nimmo</strong></span> <span class='ocrx_word' id='word_1_649' title='bbox 1135 2582 1193 2600; x_wconf 84' lang='lat' dir='ltr'><strong>eum</strong></span> <span class='ocrx_word' id='word_1_650' title='bbox 1212 2573 1276 2600; x_wconf 73' lang='lat' dir='ltr'><strong>Aria</strong></span> <span class='ocrx_word' id='word_1_651' title='bbox 1292 2573 1395 2599; x_wconf 84' lang='lat' dir='ltr'><strong>habitus</strong></span> <span class='ocrx_word' id='word_1_652' title='bbox 1407 2579 1416 2600; x_wconf 91' lang='lat'><strong><em>:</em></strong></span> <span class='ocrx_word' id='word_1_653' title='bbox 1429 2572 1517 2608; x_wconf 77' lang='lat' dir='ltr'><strong>palatii</strong></span> <span class='ocrx_word' id='word_1_654' title='bbox 1533 2571 1624 2607; x_wconf 82' lang='lat' dir='ltr'><strong>quippe</strong></span> <span class='ocrx_word' id='word_1_655' title='bbox 1638 2574 1676 2598; x_wconf 79' lang='lat' dir='ltr'><strong>est</strong></span> <span class='ocrx_word' id='word_1_656' title='bbox 1693 2569 1733 2597; x_wconf 72' lang='lat' dir='ltr'><strong>rel</strong></span> <span class='ocrx_word' id='word_1_657' title='bbox 1751 2576 1783 2596; x_wconf 70' lang='lat' dir='ltr'><strong>c1?</strong></span> 
     </span>
    </p>
   </div>
   <div class='ocr_carea' id='block_1_66' title="bbox 152 2615 1782 2655">
    <p class='ocr_par' dir='ltr' id='par_1_66' title="bbox 152 2615 1782 2655">
     <span class='ocr_line' id='line_1_66' title="bbox 152 2615 1782 2655; baseline 0.001 -14"><span class='ocrx_word' id='word_1_658' title='bbox 152 2615 209 2648; x_wconf 82' lang='lat' dir='ltr'><strong>ipso</strong></span> <span class='ocrx_word' id='word_1_659' title='bbox 226 2616 311 2649; x_wconf 81' lang='lat' dir='ltr'><strong>operis</strong></span> <span class='ocrx_word' id='word_1_660' title='bbox 327 2617 413 2649; x_wconf 87' lang='lat' dir='ltr'><strong>initio,</strong></span> <span class='ocrx_word' id='word_1_661' title='bbox 433 2626 483 2644; x_wconf 83' lang='lat' dir='ltr'><strong>non</strong></span> <span class='ocrx_word' id='word_1_662' title='bbox 500 2619 525 2645; x_wconf 85' lang='lat' dir='ltr'><strong>in</strong></span> <span class='ocrx_word' id='word_1_663' title='bbox 540 2619 651 2646; x_wconf 75' lang='lat' dir='ltr'><strong>concilio</strong></span> <span class='ocrx_word' id='word_1_664' title='bbox 671 2619 815 2645; x_wconf 82' lang='lat' dir='ltr'><strong>admissam</strong></span> <span class='ocrx_word' id='word_1_665' title='bbox 832 2619 886 2645; x_wconf 87' lang='lat' dir='ltr'><strong>dici</strong></span> <span class='ocrx_word' id='word_1_666' title='bbox 906 2619 1123 2654; x_wconf 80' lang='lat' dir='ltr'><strong>disputationem,</strong></span> <span class='ocrx_word' id='word_1_667' title='bbox 1142 2619 1188 2646; x_wconf 86' lang='lat' dir='ltr'><strong>sed</strong></span> <span class='ocrx_word' id='word_1_668' title='bbox 1204 2621 1230 2647; x_wconf 89' lang='lat' dir='ltr'><strong>in</strong></span> <span class='ocrx_word' id='word_1_669' title='bbox 1248 2619 1393 2646; x_wconf 82' lang='lat' dir='ltr'><strong>diversorio</strong></span> <span class='ocrx_word' id='word_1_670' title='bbox 1408 2619 1631 2655; x_wconf 61' lang='lat' dir='ltr'><strong>quedammeque</strong></span> <span class='ocrx_word' id='word_1_671' title='bbox 1646 2625 1704 2644; x_wconf 85' lang='lat' dir='ltr'><strong>cum</strong></span> <span class='ocrx_word' id='word_1_672' title='bbox 1718 2616 1782 2644; x_wconf 79' lang='lat' dir='ltr'><strong>Aria</strong></span> 
     </span>
    </p>
   </div>
   <div class='ocr_carea' id='block_1_67' title="bbox 151 2661 1782 2700">
    <p class='ocr_par' dir='ltr' id='par_1_67' title="bbox 151 2661 1782 2700">
     <span class='ocr_line' id='line_1_67' title="bbox 151 2661 1782 2700; baseline 0.002 -13"><span class='ocrx_word' id='word_1_673' title='bbox 151 2661 193 2688; x_wconf 84' lang='lat' dir='ltr'><strong>hic</strong></span> <span class='ocrx_word' id='word_1_674' title='bbox 207 2661 367 2696; x_wconf 84' lang='lat' dir='ltr'><strong>colloquium</strong></span> <span class='ocrx_word' id='word_1_675' title='bbox 385 2662 508 2694; x_wconf 83' lang='lat' dir='ltr'><strong>habetur,</strong></span> <span class='ocrx_word' id='word_1_676' title='bbox 521 2664 567 2691; x_wconf 78' lang='lat' dir='ltr'><strong>sed</strong></span> <span class='ocrx_word' id='word_1_677' title='bbox 582 2673 640 2690; x_wconf 83' lang='lat' dir='ltr'><strong>eum</strong></span> <span class='ocrx_word' id='word_1_678' title='bbox 662 2665 721 2691; x_wconf 84' lang='lat' dir='ltr'><strong>Arii</strong></span> <span class='ocrx_word' id='word_1_679' title='bbox 742 2673 861 2699; x_wconf 75' lang='lat' dir='ltr'><strong>sequucc.</strong></span> <span class='ocrx_word' id='word_1_680' title='bbox 880 2664 946 2696; x_wconf 76' lang='lat' dir='ltr'><strong>Quw</strong></span> <span class='ocrx_word' id='word_1_681' title='bbox 957 2673 1015 2692; x_wconf 77' lang='lat' dir='ltr'><strong>t&#39;ero</strong></span> <span class='ocrx_word' id='word_1_682' title='bbox 1031 2669 1176 2700; x_wconf 72' lang='lat' dir='ltr'><strong>sequuntur</strong></span> <span class='ocrx_word' id='word_1_683' title='bbox 1191 2666 1216 2691; x_wconf 87' lang='lat' dir='ltr'><strong>in</strong></span> <span class='ocrx_word' id='word_1_684' title='bbox 1230 2664 1304 2698; x_wconf 82' lang='lat' dir='ltr'><strong>prius</strong></span> <span class='ocrx_word' id='word_1_685' title='bbox 1323 2664 1410 2697; x_wconf 79' lang='lat' dir='ltr'><strong>editis,</strong></span> <span class='ocrx_word' id='word_1_686' title='bbox 1430 2666 1461 2692; x_wconf 88' lang='lat' dir='ltr'><strong>de</strong></span> <span class='ocrx_word' id='word_1_687' title='bbox 1474 2671 1587 2699; x_wconf 75' lang='lat' dir='ltr'><strong>teiupote</strong></span> <span class='ocrx_word' id='word_1_688' title='bbox 1606 2662 1724 2693; x_wconf 59' lang='lat' dir='ltr'><strong>Nicena:</strong></span> <span class='ocrx_word' id='word_1_689' title='bbox 1737 2671 1782 2700; x_wconf 75' lang='lat' dir='ltr'><strong>sy-</strong></span> 
     </span>
    </p>
   </div>
   <div class='ocr_carea' id='block_1_68' title="bbox 152 2707 1451 2746">
    <p class='ocr_par' dir='ltr' id='par_1_68' title="bbox 152 2707 1451 2746">
     <span class='ocr_line' id='line_1_68' title="bbox 152 2707 1451 2746; baseline 0.005 -13"><span class='ocrx_word' id='word_1_690' title='bbox 152 2707 224 2738; x_wconf 77' lang='lat' dir='ltr'><strong>nodi.</strong></span> <span class='ocrx_word' id='word_1_691' title='bbox 239 2711 305 2739; x_wconf 78' lang='lat' dir='ltr'><strong>ctc.,</strong></span> <span class='ocrx_word' id='word_1_692' title='bbox 319 2708 345 2734; x_wconf 85' lang='lat' dir='ltr'><strong>in</strong></span> <span class='ocrx_word' id='word_1_693' title='bbox 361 2709 479 2736; x_wconf 66' lang='lat' dir='ltr'><strong>maxime</strong></span> <span class='ocrx_word' id='word_1_694' title='bbox 492 2710 611 2741; x_wconf 69' lang='lat' dir='ltr'><strong>codicum</strong></span> <span class='ocrx_word' id='word_1_695' title='bbox 628 2716 702 2744; x_wconf 79' lang='lat' dir='ltr'><strong>parte</strong></span> <span class='ocrx_word' id='word_1_696' title='bbox 719 2719 769 2737; x_wconf 88' lang='lat' dir='ltr'><strong>non</strong></span> <span class='ocrx_word' id='word_1_697' title='bbox 786 2715 952 2745; x_wconf 83' lang='lat' dir='ltr'><strong>comparent,</strong></span> <span class='ocrx_word' id='word_1_698' title='bbox 968 2711 1076 2746; x_wconf 82' lang='lat' dir='ltr'><strong>ideoque</strong></span> <span class='ocrx_word' id='word_1_699' title='bbox 1092 2711 1140 2737; x_wconf 80' lang='lat' dir='ltr'><strong>illa</strong></span> <span class='ocrx_word' id='word_1_700' title='bbox 1152 2719 1297 2746; x_wconf 58' lang='lat' dir='ltr'><strong>expungere</strong></span> <span class='ocrx_word' id='word_1_701' title='bbox 1307 2711 1389 2738; x_wconf 81' lang='lat' dir='ltr'><strong>visunt</strong></span> <span class='ocrx_word' id='word_1_702' title='bbox 1402 2716 1451 2740; x_wconf 78' lang='lat' dir='ltr'><strong>est.</strong></span> 
     </span>
    </p>
   </div>
   <div class='ocr_carea' id='block_1_69' title="bbox 189 2810 1213 2850">
    <p class='ocr_par' dir='ltr' id='par_1_69' title="bbox 189 2810 1213 2850">
     <span class='ocr_line' id='line_1_69' title="bbox 189 2810 1213 2850; baseline 0.006 -14"><span class='ocrx_word' id='word_1_703' title='bbox 189 2810 247 2847; x_wconf 63' lang='lat'><strong>(48)</strong></span> <span class='ocrx_word' id='word_1_704' title='bbox 268 2811 364 2846; x_wconf 76' lang='lat' dir='ltr'><strong>Cyrill.</strong></span> <span class='ocrx_word' id='word_1_705' title='bbox 384 2817 448 2839; x_wconf 67' lang='lat' dir='ltr'><strong>tom.</strong></span> <span class='ocrx_word' id='word_1_706' title='bbox 467 2812 498 2846; x_wconf 68' lang='grc' dir='ltr'><strong>ν,</strong></span> <span class='ocrx_word' id='word_1_707' title='bbox 516 2819 586 2848; x_wconf 78' lang='lat' dir='ltr'><strong>part.</strong></span> <span class='ocrx_word' id='word_1_708' title='bbox 602 2822 631 2847; x_wconf 84' lang='lat' dir='ltr'><strong>II,</strong></span> <span class='ocrx_word' id='word_1_709' title='bbox 650 2814 736 2850; x_wconf 64' lang='lat' dir='ltr'><strong>Epist.</strong></span> <span class='ocrx_word' id='word_1_710' title='bbox 755 2815 765 2842; x_wconf 87' lang='lat' dir='ltr'><strong>I</strong></span> <span class='ocrx_word' id='word_1_711' title='bbox 785 2815 818 2842; x_wconf 84' lang='lat' dir='ltr'><strong>ad</strong></span> <span class='ocrx_word' id='word_1_712' title='bbox 836 2814 956 2842; x_wconf 69' lang='lat' dir='ltr'><strong>moui-rh.</strong></span> <span class='ocrx_word' id='word_1_713' title='bbox 974 2812 1126 2849; x_wconf 38' lang='lat' dir='ltr'><strong>{Egyptian</strong></span> <span class='ocrx_word' id='word_1_714' title='bbox 1144 2822 1170 2850; x_wconf 86' lang='lat' dir='ltr'><strong>p.</strong></span> <span class='ocrx_word' id='word_1_715' title='bbox 1188 2814 1213 2842; x_wconf 77' lang='lat' dir='ltr'><strong>ll.</strong></span> 
     </span>
    </p>
   </div>
  </div>
