1929 3056
87 117 146 149 ιιι

665 116 872 146 DlSPUTATIO
889 116 1031 145 CONTRA
1050 118 1178 148 ΑΒΗ]Μέ

1677 119 1729 149 ηε

90 179 148 206 ὅσα
167 178 236 214 ἔχει,
263 179 311 205 καὶ
325 177 454 214 ἀγοράζει
484 177 528 204 τὸν
556 178 641 214 ἀγρόν
659 179 772 206 ἐκεῖνον.
791 189 801 205 ι
822 176 883 205 Εἴτε

941 179 997 211 bet,
1010 183 1037 208 et
1058 180 1124 207 emit
1147 187 1241 216 agrum
1261 179 1336 208 illum
1348 181 1381 208 ".
1399 190 1410 206 ι
1427 179 1530 209 Deinde
1546 182 1625 216 quasi
1652 186 1729 210 stans

90 225 192 260 ὥσπερ
203 224 289 256 ἑστὼς
302 225 331 251 ὲν
343 226 375 260 τῇ
389 224 487 260 καρδίᾳ
496 233 556 259 μου,
565 224 733 260 προσωμίλει
748 233 792 259 μοι
806 232 889 259 προσ-

92 271 180 307 ηνῶς,
197 272 244 298 καί
262 279 361 306 φησιν’
378 270 534 306 Ἄνθρωπε,
552 271 576 297 εἰ
593 270 640 297 καὶ
655 270 751 297 πολλαί
762 278 809 297 σου
820 270 889 297 εἰσὶν

91 319 122 345 αἱ
135 317 281 352 ἁμαρτίαι,
308 317 404 352 κράτει
425 318 543 353 ἰσχυρῶς
559 317 614 354 (58)
631 317 681 354 τὴν
702 319 742 350 είς
766 318 797 344 τὸ
813 318 889 344 Θετον

91 364 249 391 εὐσέϐειαν.
264 362 313 389 Διὰ
329 362 384 398 γὰρ
396 363 508 399 ταύτην,
527 364 574 390 καὶ
587 364 604 398 ἡ
623 363 720 398 ἄφεσις
735 363 788 390 τῶν
800 364 890 400 ἀμαρ-

91 410 164 437 τιῶν
183 409 259 445 παρὰ
277 409 344 436 Θεοῦ
371 410 484 441 δίδοται,
504 410 552 436 καὶ
566 409 681 442 θάνατος
697 411 817 441 νικᾶται,
840 410 888 436 καὶ

91 457 135 488 εἰς
150 455 292 491 βασιλείαν
317 455 440 491 οὐρανῶν
461 455 606 492 ἄνθρωπος
626 456 766 482 εἰσελάσαι
789 456 889 490 ἄριστα

91 503 255 537 δυνήσεται.
272 501 345 537 Πρὸς
368 501 398 528 δὲ
423 501 530 534 τούτοις
554 503 593 533 εἰς
623 501 774 538 ὑπόμνησιν
789 502 888 537 εἴληφα

92 548 143 575 καὶ
158 547 199 580 τὸ,
215 557 225 574 ‹
243 546 319 574 οἶδεν
333 549 347 575 ό
371 548 437 580 Θεὸς
452 547 573 580 εὐσεϐεῖς
587 547 708 583 ῥύεσθαι,
729 547 846 583 ἀνόμους
859 548 887 574 δὲ

91 596 190 630 τηρεῖν
217 595 258 626 είς
282 594 389 630 ἡμέραν
413 594 532 630 κρίσεως
564 593 761 629 κολαζομένους
787 593 888 629 αἰωνίῳ

93 640 174 675 πυρὶ.
196 649 206 665 ›
228 640 283 665 Kal.
296 639 350 675 γὰρ
362 641 376 666 ό
393 640 492 675 ἄνομος
515 636 592 672 οὗτος
610 640 738 675 τυγχάνει
759 640 806 667 καὶ
825 640 888 666 ἀσε-

94 686 148 721 6ἡς
158 694 165 700 ·
185 687 217 711 ἐκ
232 685 261 711 δὲ
273 686 322 721 τῆς
334 686 460 718 ἀσεϐείας
471 687 594 722 ἁμαρτία
603 686 716 720 γίνεται.
729 687 829 722 Μήτηρ
841 683 887 712 οὖν

94 732 207 758 πάντων
222 731 277 758 τῶν
305 732 427 768 κακῶνή
448 732 569 764 ἀσέϐεια,
596 732 702 767 τιθηνὸς
728 732 756 758 δὲ
779 731 886 767 ψεκτῶν

92 778 224 804 ἀπάντων
239 779 256 813 ἡ
277 777 352 804 ἀνοια
369 778 508 813 τυγχάνει.
524 778 668 813 Μακάριος
686 776 731 804 οὖν
748 779 762 804 ό
776 778 827 812 τῆς
840 778 886 804 εὑ-

95 823 204 855 σεϐείας
219 823 285 855 υἱὸς,
298 824 338 850 ὃτι
349 820 430 855 οὗτος
446 823 504 855 υίὸς
515 824 633 860 Χριστοῦ
649 823 826 859 κληθήσεται.

131 870 158 897 5.
178 853 298 905 nemo;
308 870 336 896 δὲ
354 853 508 905 ἐπέστημεν
527 853 566 905 τιῇ
581 870 656 906 τόπῳ
670 853 736 896 ἔνθα
746 867 817 905 ἦμεν
836 869 885 904 τὴν
899 853 924 884 Β

92 915 184 951 ὁρμὴν
205 916 395 951 πεποιημένοι,
424 917 470 943 καὶ
492 917 735 953 περιτυγχάνοντες
748 918 802 948 τοῖς
817 925 884 951 γνη-

95 962 175 993 σίοις,
192 962 320 998 ἁσμένως
341 962 513 997 διετελοῦμεν
533 963 654 994 ἅπαντες
673 964 755 998 ἡμεῖς
784 971 823 993 τε,
843 963 884 989 ὅτι

92 1007 253 1044 ἠξιώθημεν
279 1009 342 1040 τοὺς
365 1009 460 1043 ἁγίους
483 1009 641 1040 θεάσασθαι,
663 1010 761 1035 ἐκεῖνοι
785 1008 823 1040 δὲ,
844 1009 885 1035 ὅτι

93 1054 227 1088 ἀδελφοὺς
251 1054 401 1090 ἑωράκασι.
429 1054 660 1089 Κοινῇλογούντων
684 1055 712 1080 δὲ
743 1054 820 1090 ἡμῶν
840 1054 886 1080 ἐπὶ

92 1100 162 1126 πολὺ
191 1100 245 1126 τῶν
275 1100 429 1136 ἀνηκόντων
450 1102 483 1137 τῇ
514 1100 723 1138 σεϐασμιωτάτῃ
753 1101 886 1137 θρησκείᾳ

95 1146 167 1181 μετά
184 1147 284 1182 πολλῆς
310 1147 437 1180 εὐταξίας
462 1148 509 1174 καὶ
528 1147 644 1182 φειδοῦς,
668 1148 806 1183 αἰφνιδίως
832 1148 885 1175 ἀπὸ

93 1194 144 1228 τῆς
159 1193 236 1229 ῥίζης
249 1193 296 1220 τοῦ
314 1193 498 1229 χριστομάχου
516 1194 621 1230 Ἀρείου
636 1193 729 1230 θηρίον
745 1194 886 1230 ἀνθρωπό-

95 1248 200 1275 μορφον
230 1240 395 1275 εἰσεπήδησε
429 1240 497 1276 πρὸς
522 1241 605 1275 ἡμᾶς,
634 1240 681 1266 καὶ
709 1240 777 1276 πρὸς
799 1240 884 1276 βραχὺ

93 1285 339 1320 ἐπακροασάμενος
360 1284 414 1311 τῶν
431 1285 572 1317 εὐσεϐείας
589 1285 731 1321 ῥημάτων,
748 1286 784 1320 μὴ
803 1285 884 1312 δυνά-

94 1341 176 1368 μενος
184 1333 287 1368 φέρειν,
301 1332 374 1365 ἔλεξε
386 1333 476 1359 τοιάδε
487 1341 493 1347 ·
508 1342 516 1357 ι
534 1332 662 1365 Διδαξατὲ
680 1341 712 1368 με
721 1333 769 1368 τὴν
785 1332 883 1368 ὑμετέ-

94 1388 144 1415 ραν
156 1379 245 1412 δόξαν,
257 1379 273 1415 ἦ
283 1379 462 1414 διδάξωιύμᾶς
477 1379 507 1405 τὸ
519 1379 584 1414 ἐμὸν
593 1379 747 1414 φρόνημα.»
771 1378 843 1414 Ἐγὼ
855 1379 884 1405 δὲ

92 1426 284 1462 ἀπεκρινάμην
293 1426 361 1462 πρὸς
374 1425 456 1452 αὐτόν
466 1433 473 1440 ·
487 1436 495 1451 ι
508 1425 553 1461 Μὴ
566 1426 670 1456 πάντας
684 1425 838 1461 προσκαλοῦ
845 1426 885 1457 είς

92 1473 224 1509 ζήτησιν·
246 1472 358 1508 μεγάλοι
372 1473 427 1508 γάρ
452 1473 519 1499 εἰσιν
541 1474 570 1498 ὲν
593 1472 632 1507 τῷ
652 1471 717 1506 οἴκῳ
737 1472 784 1499 τοῦ
804 1471 881 1499 Θεοῦ.

941 225 1000 261 ipse
1016 225 1044 253 in
1064 226 1147 254 corde
1172 233 1244 259 meo,
1274 227 1314 254 sic
1338 234 1381 264 pie
1400 227 1495 254 leviter
1513 227 1702 262 alloquebatur
1720 237 1726 253 :

939 271 1036 304 Homo.
1052 276 1079 300 et
1087 273 1110 300 si
1121 272 1206 299 mull:
1221 272 1277 300 sint
1291 276 1401 308 peccata
1417 277 1473 304 tua,
1489 277 1647 300 constanter
1661 274 1728 300 reti—

939 325 974 345 ne
983 318 1118 345 sinceram
1131 317 1158 345 in
1165 317 1270 346 Numen
1287 318 1426 353 pietatem.
1440 317 1481 346 Ob
1492 318 1562 346 hanc
1569 318 1641 346 enim
1657 318 1729 346 Deus

939 368 1052 398 peccata
1070 364 1217 397 condonat,
1228 372 1305 392 mors
1314 364 1445 396 vincitur,
1457 365 1615 399 optimeque
1629 365 1730 400 poterit

939 407 1020 434 homo
1035 408 1061 435 in
1071 416 1183 443 regnum
1193 409 1324 436 caelorum
1340 409 1492 443 pervenire.
1505 408 1649 442 Praeterea,
1661 409 1727 437 illud

939 461 1047 488 quoque
1061 454 1238 481 commemini
1254 463 1260 481 :
1275 453 1369 480 «Novit
1379 454 1450 482 Deus
1462 454 1520 489 pios
1530 454 1659 487 liberare,
1676 455 1728 482 ini-

938 507 1008 534 quos
1022 507 1086 527 vero
1101 508 1212 527 servare
1226 500 1254 526 in
1267 499 1338 527 diem
1352 499 1462 534 judieii,
1476 504 1579 528 aeterno
1603 501 1664 535 igne
1678 509 1728 536 pu-

939 546 1066 574 niendos.
1086 555 1094 572 l
1111 545 1178 573 Nam
1190 547 1236 581 qui
1249 546 1359 580 iniquus
1370 550 1422 577 est,
1433 546 1504 573 idem
1516 551 1557 573 est
1572 550 1598 574 et
1614 547 1725 581 impius:

937 600 971 619 ex
988 592 1124 627 impietate
1145 600 1210 619 vero
1220 593 1344 620 na5citur
1362 596 1514 627 peceatum.
1531 593 1622 627 itaque
1638 597 1727 620 mater

937 639 1059 665 omnium
1075 638 1208 665 malorum
1224 642 1266 666 est
1281 638 1418 673 impietas,
1437 638 1530 664 nutrix
1547 643 1637 665 autem
1655 639 1727 665 vitu-

937 685 1098 720 perabilium
1110 685 1230 711 onmium
1247 684 1430 712 estamentia.
1446 684 1618 720 Quapropter
1631 685 1727 712 beatus

937 732 1047 767 pietatis
1064 731 1146 763 illius,
1159 731 1223 766 quia
1240 731 1283 758 hic
1297 731 1369 758 [ilius
1379 730 1483 758 Christi
1498 731 1642 758 vocabitur

974 863 1000 891 3.
1021 863 1133 890 Interim
1149 870 1215 890 vero
1226 863 1259 890 ad
1275 863 1377 895 locum,
1395 869 1450 897 quo
1463 862 1653 893 tendebamus,
1670 862 1728 890 sine

937 917 1013 937 mora
1023 909 1192 939 devenimus,
1203 908 1295 943 ibique
1305 915 1448 943 germanos
1459 909 1543 941 nacti,
1552 907 1730 942 nuituol59

936 964 1031 984 omnes
1045 956 1144 991 gaudio
1164 955 1384 991 pcrfrucbamur,
1399 962 1450 982 nos
1461 954 1534 989 quod
1550 955 1624 988 digni
1642 954 1728 981 habili

938 1003 1097 1035 fuissemus,
1118 1002 1164 1036 qui
1187 1005 1299 1028 sanctos
1321 1000 1488 1032 videremus,
1511 1000 1548 1026 illi
1575 999 1647 1034 quod
1673 999 1729 1026 fra-

937 1053 992 1076 tres
1005 1048 1208 1083 conspicerent.
1226 1048 1293 1074 Cum
1307 1051 1397 1073 autem
1412 1047 1483 1073 inter
1495 1054 1545 1073 nos
1562 1045 1729 1080 colloquere-

937 1103 1007 1126 ntur,
1022 1102 1071 1122 nec
1084 1102 1180 1129 pauca,
1194 1102 1254 1129 qua:
1267 1093 1426 1120 venerandzc
1439 1092 1585 1120 admodum
1602 1092 1728 1126 religioni

936 1146 1127 1176 congruerent,
1149 1141 1236 1167 multo
1257 1148 1319 1167 Clllll
1341 1139 1437 1166 ordine
1458 1142 1485 1166 et
1505 1138 1636 1165 modestia
1654 1138 1728 1165 (li-re-

936 1195 1040 1220 remus,
1058 1194 1122 1214 ecce
1144 1187 1236 1214 subito
1253 1194 1285 1213 ex
1303 1186 1395 1212 radice
1409 1184 1466 1211 Arii
1481 1184 1591 1212 Christo
1616 1184 1726 1218 infensi,

936 1236 1025 1263 bellua
1052 1235 1197 1262 humanam
1223 1234 1335 1261 mentita
1357 1233 1475 1268 speciem
1500 1233 1528 1260 in
1545 1241 1596 1260 nos
1619 1233 1727 1265 insilitt,

937 1288 1054 1316 cumque
1085 1279 1281 1315 aliquantisper
1300 1278 1410 1314 pietatis
1425 1278 1508 1305 verba
1528 1277 1660 1310 audisset,
1681 1285 1728 1305 eo-

936 1334 996 1354 rum
1011 1326 1166 1360 impatiens,
1178 1325 1216 1351 ita
1231 1325 1314 1359 cmpit
1330 1324 1402 1359 loqui
1417 1332 1426 1351 τ
1444 1333 1453 1349 ι
1472 1323 1526 1350 Aut
1547 1331 1590 1350 me
1607 1327 1727 1350 vestram

935 1373 1031 1400 docete
1057 1372 1232 1402 sententiam,
1254 1375 1300 1397 aut
1318 1378 1368 1406 ego
1387 1369 1453 1405 quid
1474 1370 1590 1397 sentiant
1606 1377 1654 1396 vos
1677 1369 1728 1396 do-

935 1419 1012 1445 cebo.
1030 1418 1099 1451 (Cui
1109 1425 1175 1453 ego:
1188 1426 1197 1442 ι
1211 1416 1248 1443 Μ
1259 1424 1355 1443 omnes
1364 1416 1396 1443 ad
1412 1415 1608 1451 disputandum
1629 1423 1729 1452 provo-

936 1473 983 1497 ca;
1003 1464 1092 1499 magni
1115 1464 1187 1491 enim
1204 1467 1267 1491 sunt
1288 1464 1314 1490 in
1341 1463 1423 1490 domo
1439 1463 1497 1490 Dei.
1520 1463 1568 1490 Sin
1587 1468 1677 1490 autem
1699 1464 1726 1490 in

92 1521 123 1546 El
141 1519 170 1547 δὲ
184 1519 273 1555 βούλει
290 1519 337 1546 ἐπὶ
352 1519 398 1546 τοῦ
419 1519 554 1555 παρόντος
571 1519 640 1555 πρὸς
660 1520 693 1552 μὲ
711 1519 756 1546 τὸν
772 1519 883 1555 σμικρό-

938 1511 1079 1546 prmseutia
1096 1517 1202 1537 mecum
1224 1512 1342 1541 tantum,
1358 1510 1403 1544 qui
1424 1509 1555 1536 minimus
1578 1517 1638 1536 sum
1660 1509 1726 1536 velis

90 1576 173 1594 τατον
188 1568 269 1604 μόνον
286 1567 472 1600 συνεξετάσαι,
489 1567 585 1602 ἥδιστα
601 1567 656 1602 ἐγώ
670 1575 712 1593 σοι
726 1568 805 1594 τοῦτο
813 1576 883 1604 παρ-

90 1616 145 1648 έξω
162 1616 224 1652 περὶ
243 1615 289 1642 τοῦ
310 1615 476 1651 ζητήματος.
501 1613 665 1650 Προσαγαγε
701 1613 810 1650 πρῶτος
833 1614 883 1649 τὴν

91 1662 240 1698 πρότασινε
257 1662 336 1697 μόνον
355 1661 510 1696 φιλαλήθως
528 1662 687 1697 ποιήσωμεν
707 1661 756 1696 τὴν
773 1661 883 1694 συνεξέ-

90 1717 179 1741 τασιν,
191 1709 238 1734 καὶ
260 1708 297 1743 μὴ
312 1708 525 1744 φιλονεικότερον
538 1708 606 1743 πρὸς
621 1707 656 1734 τὰ
674 1708 884 1742 προσφερόμενα

90 1755 144 1782 ὑπὸ
155 1755 201 1782 τοῦ
216 1754 329 1790 πλησίον
347 1755 512 1781 θεόπνευστα
526 1755 636 1789 ῥήματα
653 1753 845 1789 διατεθῶμεν.)

127 1801 154 1828 4.
182 1801 317 1828 ἈΡΕΙΟΣ
343 1799 432 1827 εἶπεν·
466 1801 544 1835 Ἐμοὶ
571 1800 645 1827 δοκεῖ
669 1800 883 1836 προηγουμένως

89 1848 234 1884 ὁρισθῆναι
251 1847 296 1882 ὑφ’
318 1847 457 1883 ἑκατέρων
470 1846 537 1882 ἐμοῦ
553 1855 581 1872 τε
601 1847 647 1872 καὶ
664 1846 710 1872 σοῦ
726 1847 764 1878 είς
779 1846 814 1873 τὰ
834 1846 883 1881 ζη-

89 1893 219 1928 τούμενα,
236 1892 351 1919 ἕκαστόν
372 1901 402 1919 τε
418 1891 497 1928 ἡμῶν
518 1891 650 1923 ἐκθεῖναι,
668 1891 685 1918 ἃ
705 1893 798 1927 φρονεῖ
820 1891 884 1926 περὶ

90 1939 160 1966 Θεοῦ
173 1939 221 1966 καὶ
232 1938 362 1974 Χριστοῦ,
375 1938 423 1964 καὶ
439 1936 596 1972 Πνεύματος
608 1937 696 1970 ἁγίου,
713 1937 741 1962 ὲν
755 1936 882 1971 ἐπιτομῇ,

90 1987 165 2017 ὅπως
187 1985 257 2011 κατὰ
274 1985 373 2011 σκοπὸν
390 1984 546 2019 πέμπωμεν
567 1983 630 2014 τοὺς
645 1982 751 2016 λόγους,
775 1982 822 2009 καὶ
846 1982 883 2017 μὴ

91 2033 132 2064 εἱς
146 2033 222 2058 κενὸν
237 2030 415 2066 ποιησώμεθα
432 2029 547 2065 ᾶμιλλαν
560 2029 656 2063 λόγων,
676 2029 780 2064 φανερά
794 2036 824 2054 τε
866 2029 882 2063 ἡ

91 2076 279 2113 ἐπικρατοῦσα
301 2076 363 2110 δόξα
382 2075 482 2111 ὁμοίως
509 2083 538 2102 τε
562 2076 607 2101 καὶ
625 2076 642 2111 ὴ
669 2074 883 2110 καθαιρουμένη.

91 2123 160 2159 Περὶ
173 2123 228 2158 γὰρ
242 2123 359 2153 πίστεως
374 2121 504 2156 βούλομαι
517 2121 633 2156 ζητῆσαι
649 2121 718 2156 πρὸς
735 2121 775 2151 σὲ,
790 2119 884 2156 ἐπειδὴ

94 2170 212 2205 μάλιστα
232 2170 339 2204 ἀκήκοα
360 2168 447 2204 ὀρθῶς
471 2168 508 2204 μὴ
522 2168 698 2204 ,ὁμιλούντων
721 2167 798 2202 ὑμῶν
820 2167 885 2203 περὶ

90 2217 141 2252 τῆς
153 2217 193 2248 εἰς
204 2216 233 2242 τὸ
246 2215 323 2242 Θεῖον
341 2215 459 2247 πίστεως
473 2215 520 2242 καὶ
534 2215 687 2246 εὐσεϐείας.

127 2263 154 2291 5.
181 2262 381 2289 ’ΔΘΑΝΑΣΙΟΣ
402 2259 477 2288 εἶπεν
503 2260 559 2296 (59)
573 2269 579 2276 ·
604 2259 771 2296 Θεοπρεπῶς
795 2259 884 2287 πάντα

93 2318 134 2336 σοι
147 2308 338 2344 εὐτρέπισται·
358 2306 413 2341 ἐγὼ
428 2307 457 2333 δὲ
477 2307 491 2333 ὂ
507 2306 609 2343 φρονῶ,
627 2306 697 2342 φημὶ
712 2306 740 2332 ὲν
755 2306 871 2341 ἐπιτομῇ

93 2354 217 2382 Πιστεύω
233 2355 273 2386 είς
296 2353 344 2380 ἕνα
370 2353 436 2380 Θεὸν
464 2353 575 2388 Πατέρα
597 2351 815 2388 παντοκράτορα,
841 2346 885 2378 dei

92 2402 156 2427 ὂντα
167 2400 235 2427 Θεὸν
250 2400 370 2436 Πατέρα,
389 2400 436 2426 καὶ
453 2400 493 2430 είς
511 2398 557 2425 τὸν
573 2398 639 2425 Θεὸν
652 2398 707 2434 (60)
728 2399 824 2432 Λόγον,
838 2398 889 2424 τὸν

92 2445 231 2480 Μονογενῆ
245 2444 307 2471 Υἱὸν
319 2445 366 2471 τοῦ
378 2444 457 2475 Θεοῦ,
469 2444 511 2470 ὅτι
525 2444 694 2480 συνυπάρχει
703 2443 742 2479 τῷ
756 2444 813 2479 ἰδίῳ
825 2445 882 2471 Παα

93 2489 147 2525 τρὶ,
168 2490 215 2516 καὶ
237 2490 278 2516 ὅτι
304 2490 335 2516 ὲκ
355 2489 404 2524 τῆς
420 2489 514 2520 οὐσίας
541 2488 587 2515 τοῦ
610 2489 678 2515 Θεοῦ
703 2490 751 2515 καὶ
775 2489 883 2525 Πατρός

93 2537 167 2562 ἐστιν
182 2536 197 2562 ὁ
213 2535 287 2568 Υἱὸς,
302 2535 349 2562 καὶ
361 2535 402 2562 ὃτι
419 2535 476 2566 ἴσος
489 2535 503 2560 ὁ
520 2534 584 2566 Υἱὸς
596 2534 642 2560 τοῦ
659 2535 765 2570 Πατρός
782 2535 884 2570 τυγχά-

94 2591 145 2614 νει,
168 2582 215 2608 καὶ
229 2582 270 2608 ὅτι
290 2581 410 2616 ίσότιμός
427 2583 500 2608 ἐστιν
516 2581 530 2607 ὁ
545 2580 608 2612 Υἱὸς
622 2580 668 2607 τοῦ
684 2580 762 2612 Θεοῦ,
779 2581 826 2617 καὶ
843 2581 883 2607 ὅτι

95 2629 143 2655 σὺν
158 2627 199 2664 τῷ
214 2628 303 2664 Πατρὶ
319 2627 401 2655 αὑτοῦ
426 2627 544 2660 πάρεστι
570 2626 707 2662 πανταχοῦ
732 2628 765 2662 τῇ
790 2626 885 2663 θεότη-

130 2707 151 2722 “
170 2705 266 2733 Matth.
282 2713 349 2738 xm,
365 2705 412 2734 Μ.

129 2783 185 2819 (58)
202 2783 270 2818 Reg.
286 2784 382 2819 κρατεῖ
395 2783 526 2819 εὑσεὸῷςτ
538 2781 598 2819 Mox
614 2781 705 2819 Basil._
713 2786 740 2809 et
757 2781 824 2819 Reg.
835 2781 882 2808 καὶ

96 2816 264 2855 παραθεοῇ
286 2816 348 2845 Mox
365 2817 420 2855 lteg
449 2818 496 2846 καὶ
518 2817 664 2845 ϐασιλείαν.
682 2816 754 2851 Mox,
772 2817 883 2854 ἄριστα,

97 2853 171 2882 deést
182 2855 211 2882 in
230 2853 346 2890 August.

934 1558 1086 1593 disputare,
1103 1557 1136 1583 ad
1153 1556 1179 1583 id
1196 1563 1238 1583 me
1255 1556 1304 1582 tibi
1321 1555 1502 1582 libentissime
1520 1554 1615 1582 oiTero.
1630 1553 1727 1582 Profer

935 1605 1039 1640 primus
1065 1603 1298 1638 propositionem:
1321 1601 1369 1629 sed
1390 1601 1426 1628 ita
1460 1609 1510 1628 nos
1533 1609 1671 1636 geramus.
1696 1605 1726 1628 ut

935 1651 993 1678 solo
1006 1649 1061 1676 veri
1077 1657 1170 1676 amore
1184 1649 1364 1678 disseramus,
1377 1655 1427 1674 nec
1439 1647 1539 1674 divinis
1554 1647 1654 1678 verbis,
1667 1655 1726 1681 qua)

934 1703 949 1723 a
971 1696 1051 1723 nobis
1069 1699 1165 1722 mutuo
1186 1694 1323 1721 aﬂ‘crcnda
1343 1697 1418 1726 sunt,
1446 1694 1623 1729 pertinaciter
1645 1701 1728 1728 repu-

933 1750 1058 1778 gnemus.
1066 1751 1075 1768 ι

969 1790 995 1817 ι.
1015 1788 1122 1817 ARIUS
1134 1788 1222 1815 dixit:
1238 1787 1302 1815 Mihi
1317 1789 1343 1814 in
1359 1787 1455 1822 primis
1470 1786 1659 1814 necessarium
1685 1785 1726 1812 vi-

934 1836 1024 1868 detur,
1043 1839 1073 1862 ut
1092 1839 1207 1870 uterque
1225 1840 1362 1865 nostrum,
1377 1833 1404 1860 id
1420 1833 1454 1860 de
1471 1841 1526 1868 quo
1542 1833 1622 1860 nobis
1645 1839 1727 1866 agen-

934 1882 998 1909 dum
1014 1885 1067 1913 est,
1082 1880 1257 1913 deliniamus,
1274 1879 1446 1914 breviterque
1464 1886 1645 1914 exponamus,
1665 1885 1726 1912 qua:

935 1932 1029 1955 nostra
1046 1929 1082 1955 sit
1100 1927 1244 1962 utriusque
1266 1927 1359 1962 opinio
1379 1927 1413 1953 de
1431 1926 1494 1959 Deo,
1511 1925 1544 1953 de
1558 1925 1680 1956 Christo,
1698 1929 1726 1951 et

934 1973 968 2002 de
991 1973 1096 2009 Spiritu
1124 1976 1220 2000 sancto
1237 1981 1244 2000 :
1261 1976 1290 1999 ut
1314 1979 1414 2006 scopus
1441 1972 1476 1999 sit
1502 1971 1602 2005 aliquis
1624 1969 1725 1997 nostris

935 2020 1122 2051 sermonibus,
1139 2027 1191 2047 nec
1208 2019 1327 2046 inaniter
1347 2018 1439 2045 verbis
1465 2016 1658 2052 digladiemur,
1678 2023 1726 2051 pa-

935 2071 1046 2102 teatque
1076 2073 1201 2101 quaenam
1233 2065 1331 2092 vicerit
1361 2064 1518 2094 sententia,
1552 2067 1580 2090 et
1599 2069 1725 2097 quaenam

935 2121 1031 2142 eversa
1047 2113 1140 2140 fuerit.
1154 2111 1256 2139 Tecum
1269 2111 1342 2138 enim
1358 2110 1432 2136 lubet
1447 2109 1480 2136 de
1493 2108 1544 2136 ﬁde
1559 2109 1724 2142 diSceptare,

937 2160 1055 2187 maxime
1073 2167 1136 2186 cum
1153 2157 1303 2185 audiverim
1327 2164 1375 2183 vos
1392 2163 1446 2182 non
1471 2159 1545 2182 recte
1567 2154 1601 2182 de
1617 2161 1680 2181 vera
1697 2153 1725 2181 in

900 2199 922 2226 Ῑ)
936 2205 1021 2232 Deum
1034 2203 1085 2231 llde
1101 2208 1128 2231 et
1145 2204 1246 2238 pietate
1260 2203 1406 2230 disserere.

972 2251 998 2279 5.
1017 2248 1240 2278 ATHANASIUS
1267 2246 1552 2283 respondit:0mnia,
1579 2249 1607 2272 ut
1639 2244 1724 2272 Deum

936 2297 1025 2329 decet,
1051 2297 1154 2332 Optime
1175 2295 1399 2331 digessisti:ego
1427 2300 1490 2320 vero
1516 2300 1577 2327 quae
1602 2299 1662 2319 mea
1689 2292 1727 2319 sit

939 2344 1085 2375 :ententia,
1102 2342 1198 2379 paucis
1211 2342 1311 2369 dicam.
1329 2339 1418 2368 Credo
1431 2339 1458 2366 in
1472 2346 1556 2366 unum
1574 2337 1659 2365 Deum
1673 2337 1726 2364 Pa-

928 2394 1006 2418 Itrem
1022 2390 1248 2424 omnipotentem.
1271 2387 1318 2423 qui
1331 2394 1439 2421 semper
1451 2387 1487 2412 sit
1505 2384 1576 2412 Deus
1588 2383 1678 2412 Pater.
1693 2383 1726 2411 Et

937 2438 966 2465 in
981 2437 1066 2465 Deum
1080 2435 1199 2464 Verbum
1216 2434 1389 2470 Unigenitum
1403 2431 1450 2459 Dei
1467 2431 1577 2463 Filium,
1595 2439 1725 2466 eumque,

937 2485 1019 2513 simul
1043 2491 1105 2510 cum
1127 2483 1238 2518 proprio
1259 2481 1340 2508 Patre
1363 2480 1506 2510 exsistere,
1531 2477 1630 2505 Filium
1662 2479 1738 2505 item

936 2539 999 2559 esse
1024 2538 1057 2557 ex
1087 2529 1241 2557 substantia
1266 2527 1314 2555 Dei
1338 2531 1365 2554 et
1393 2525 1498 2558 Patris,
1528 2524 1627 2552 Filium
1653 2523 1727 2551 Patri

937 2577 1070 2613 aequalem
1093 2584 1165 2609 esse,
1184 2575 1283 2602 Filium
1300 2574 1424 2609 ejusdem
1442 2581 1474 2600 ac
1499 2572 1583 2600 Deum
1602 2579 1664 2599 esse
1684 2571 1726 2598 di-

938 2625 1063 2661 gnitatis,
1080 2624 1223 2659 ipsumque
1240 2629 1294 2650 una
1309 2629 1372 2649 cum
1387 2620 1468 2648 Patre
1487 2622 1651 2655 prtesentem
1666 2618 1727 2645 ubi-

974 2780 1030 2816 (59)
1049 2779 1153 2816 [legitis
1166 2779 1210 2807 hic
1223 2783 1250 2806 et
1263 2779 1393 2816 deineeps
1405 2778 1505 2806 omittit
1520 2773 1606 2804 εἶπεν.

973 2817 1029 2854 (60)
1049 2815 1152 2853 Regius
1171 2815 1270 2844 omittit
1284 2815 1359 2842 Θεόν.
