1929 3056
79 163 81 165 .
107 141 162 168 645

678 141 885 172 DISPUTATIO
904 143 1043 173 CONTRA
1060 147 1191 176 ARIUMJ

1671 146 1673 149 ‘
1683 152 1737 180 lio

145 195 172 223 8.
198 197 257 230 Ἄρ.
280 194 355 223 εἶπεν
366 204 374 212 ο
389 195 487 228 Καλῶς
501 196 708 232 εμνημὸνευσας
723 198 787 234 περὶ
804 198 899 225 τούτου

986 201 1013 228 8.
1034 202 1082 230 Ar.
1104 203 1188 232 Recte
1208 204 1344 240 integrum
1364 206 1486 242 Apostoli
1502 208 1590 235 locum
1606 215 1638 235 ac
1654 208 1688 235 de
1707 216 1737 234 re

108 241 175 278 ὃλην
189 241 239 278 τὴν
255 241 406 277 περικοπὴν
419 241 466 268 τοῦ
488 242 649 269 Ἀποστόλου
660 251 667 258 '
685 243 742 270 ἀλλ’
758 243 814 278 ἐγὼ
829 245 901 278 ἀξιο-

110 287 271 323 πιστότερον
292 287 412 322 ὴγοῦμαι
429 287 574 323 τυγχάνειν
590 287 637 314 τοῦ
658 289 836 316 ἀποστολικοῦ
854 291 902 326 ρη-

110 333 158 359 τοῦ
174 333 205 359 τὸ
219 333 417 368 προειρημένον
431 333 570 368 Κυριακὺν
583 334 628 359 ὑπ’
644 334 711 369 ἐμοῦ
726 334 901 370 λόγιον.”Εφη

111 378 167 414 γὰρ
178 379 193 404 ό
206 378 319 413 Κύριος,
335 378 372 414 μὴ
385 378 514 405 δύνασθαι
527 379 572 414 ἀφ’
591 379 687 406 ἑαυτοῦ
708 381 796 407 ποιεῖν
813 380 900 412 οὐδὲν,

112 424 159 451 ἐὰν
176 425 213 459 μή
228 433 254 450 τι
273 424 358 460 βλέπῃ
380 425 427 451 τὸν
444 425 552 460 Πατέρα
572 425 709 452 ποιοῦντα.
731 426 785 452 Ἀθ.
807 425 899 453 εἶπεν·

111 470 146 496 Τί
165 469 292 505 ἐποίησεν
312 471 327 496 ὁ
346 471 412 502 Θεὸς
431 472 460 498 ὲν
479 473 566 507 ἀρχῆς
586 473 645 506 Ἀρ.
662 470 750 499 εἶπεν·
770 472 900 508 Οὐρανὸν,

112 517 175 552 γῆν,
194 515 342 549 θάλασσαν,
358 518 404 544 καὶ
421 518 510 545 πάντα
528 519 563 546 τὰ
581 520 610 545 ἐν
625 520 728 552 αὐτοῖς,
751 520 842 552 καθὼς
857 520 903 554 γέ-

112 571 244 598 γραπται.
273 564 328 591 Ἀθ.
351 561 441 590 εἶπεν·
460 564 563 591 Οὐκοῦν
582 565 674 593 λοιπόν
698 566 772 593 ἐστιν
794 566 900 593 ἀποδει-

112 609 211 644 χθῆναι
225 608 279 644 (69)
297 609 371 645 παρὰ
385 609 441 642 σοῦ,
455 611 548 642 ποίους
567 611 707 647 οὐρανοὺς,
721 612 768 638 καὶ
779 612 841 647 γῆν,
855 613 902 640 καὶ

114 654 261 686 θάλασσαν,
279 656 326 682 καὶ
341 655 374 682 τὰ
389 657 417 682 ἐν
431 656 524 688 αὐτοῖς
536 657 663 693 ἐποίησεν
679 658 692 684 ὁ
709 657 774 690 Θεὸς
786 659 815 684 ὲν
828 657 904 693 πρώ-

113 708 184 732 νοις,
208 699 258 727 εἷθ’
281 700 368 733 οὕτως
389 703 402 728 ὁ
428 702 492 734 Υἱὸς
515 703 598 729 αὐτοῦ
624 703 754 739 ἑωρακὼς
776 704 902 740 ἐποίησεν

113 746 214 782 ὁμοίως
227 746 266 781 τῷ
280 748 368 783 Πατρ).
380 747 472 774 αὐτοῦ.
489 749 548 782 Ἀρ.
563 746 650 775 εἶπεν*
669 748 809 784 ’Λθέμιτον
822 749 903 784 ἠγοῦ-

115 801 165 827 μαι
180 792 326 827 τυγχάνειν
346 792 376 819 τὸ
395 793 496 824 εἰπεῖν,
522 793 630 828 πρῶτον
651 793 753 828 κόσμον
781 794 834 820 ὑπὸ
855 793 903 821 τοῦ

113 837 182 864 Θεοῦ
203 837 461 873 δεδημιουργῆσθαι,
475 839 570 875 ἕτερον
583 839 611 865 δὲ
625 839 676 864 ὑπὸ
690 839 736 867 τοῦ
752 839 829 871 Υίοῦ,
844 839 904 866 δευ-

112 883 195 919 τέρου
210 883 247 918 μὴ
266 883 416 919 δυναμένου
436 884 638 920 ἀποδειχθῆναι,
658 884 807 920 καταδήλου
828 884 902 916 ὖντος

112 929 160 954 τοῦ
173 929 334 964 πράγματος
351 929 425 965 παρὰ
439 931 530 962 πᾶσιν,
548 930 588 956 ὃτι
603 927 643 961 εἷς
662 930 789 965 τυγχάνει
806 931 819 956 ὁ
833 929 902 965 ὀρώ-

115 982 196 1008 μενος
211 974 323 1009 κόσμος.
351 974 407 1001 Ἀθ.
431 973 522 1001 εἶπεν·
549 975 652 1001 Οὐκοῦν
671 975 717 1009 ἀφ’
739 973 836 1001 ἑαυτοῦ
857 975 904 1010 δη-

115 1022 242 1056 μιουργεῖ
254 1021 268 1047 ὁ
281 1020 344 1051 Υἱὸς
356 1021 386 1047 τὺ
398 1021 460 1047 πᾶν.
481 1021 540 1054 Ἀρ.
557 1019 632 1047 εἶπεν
642 1029 648 1035 ·
664 1020 828 1056 Παρακαλῶ,
843 1021 903 1047 εὶπέ

116 1075 172 1101 μοι,
195 1066 254 1098 πῶς
272 1066 319 1101 ἀφ’
344 1067 459 1099 ὲαυτοῦ;
477 1067 532 1093 Οὺκ
553 1066 609 1092 ἔστι
632 1066 661 1093 δὲ
684 1066 713 1097 ὃς
728 1065 798 1099 λέξει
813 1066 902 1093 τοῦτο.

118 1112 177 1140 Ἂθ.
192 1111 268 1139 εἶπεν
278 1121 284 1127 ·
305 1113 334 1139 '0
348 1113 428 1146 σοφὸς
439 1112 486 1148 τὴν
501 1112 596 1148 βουλὴν
608 1112 689 1139 αὑτοῦ
702 1112 753 1139 ﬁcii
764 1112 884 1148 εὑρίσκει
896 1121 902 1145 ;

116 1159 176 1192 ".lp.
194 1156 271 1185 εἶπεν
281 1167 287 1174 ’
311 1159 354 1185 Ἑν
364 1160 396 1194 τῇ
415 1159 495 1193 σοφίᾳ
507 1159 600 1185 αὐτοῦ.
623 1159 677 1185 Ἀθ.
689 1157 774 1185 εἶπεν·
788 1158 904 1194 Χριστὸς

114 1204 144 1230 δὲ
155 1204 222 1230 Θεοῦ
235 1203 349 1240 δύναμις
364 1204 411 1231 καὶ
426 1204 506 1239 σοφία
517 1204 645 1239 τυγχάνει
658 1204 727 1231 κατὰ
747 1205 792 1230 τὸν
814 1204 904 1240 μακά-

118 1258 176 1285 ριον
193 1249 309 1281 Παῦλον,
328 1249 373 1276 ναὶ
387 1249 404 1285 ἦ
418 1248 464 1281 OG;
481 1250 540 1284 Ἄρ.
556 1247 644 1276 εἶπεν·
667 1249 904 1285 ὐμολογουμένως

116 1295 234 1330 Χριστὸς
249 1295 316 1322 Θεοῦ
330 1295 385 1331 (70)
399 1295 514 1331 δύναμις
533 1296 579 1322 κα).
598 1294 665 1322 Θεοῦ
681 1296 771 1330 σοφία.
796 1296 849 1322 Ἀθ.
867 1293 905 1322 εί-

117 1349 185 1366 θιεν·
209 1341 241 1367 Ἦ
269 1340 347 1374 σοφία
372 1338 418 1367 οὖν
444 1341 481 1376 μὴ
501 1339 648 1376 ἀλλαχόθεν
668 1341 824 1375 captiaut;
844 1341 902 1376 "Ap.

117 1384 209 1412 εἶπεν·
223 1386 268 1422 Μὴ
291 1386 412 1420 γένοιτοί
438 1378 492 1414 Ἀθ.
511 1384 602 1412 εἶπεν·
621 1386 727 1413 Οὐκοῦν
747 1387 792 1421 ἀφ⁴
807 1387 905 1422 ἑαυτῆς

118 1432 208 1458 πάντα
225 1432 262 1464 ὼς
284 1431 363 1467 σοφία
384 1431 515 1467 πράττεις
531 1432 590 1465 Ἀρ.
612 1430 700 1458 εἶπεν·
722 1431 815 1463 Οὕτως
837 1432 903 1467 ἔχει,

116 1477 249 1504 Οὐκοῦνὸ
272 1478 369 1513 Πατὴρ
390 1477 465 1504 οὐδὲν
490 1476 720 1513 ὲδημιούργησεν;
744 1477 797 1504 Ἀθ.
814 1476 903 1504 εἶπεν·

952 247 1215 282 protulistizvcrum
1237 258 1297 285 quae
1317 259 1368 286 ego
1391 253 1602 280 commemoravi
1629 252 1736 279 Domini

951 293 1032 320 verba
1048 294 1135 329 magis
1149 295 1230 330 digna
1249 297 1300 324 lide
1313 301 1425 324 autumo
1443 305 1503 325 esse
1518 305 1599 332 quam
1611 305 1673 332 qua:
1686 297 1736 324 ha-

952 337 997 366 bet
1020 339 1178 374 Apostolus.
1197 341 1338 376 Siquidem
1365 343 1403 369 ait
1420 343 1552 371 Dominus
1574 344 1642 370 nihil
1669 351 1698 370 se
1721 351 1737 370 a

952 384 1042 418 seipso
1065 393 1146 419 posse
1175 386 1279 418 facere,
1304 388 1357 414 nisi
1379 388 1445 422 quid
1468 388 1611 416 facientem
1637 388 1736 416 viderit

952 429 1061 457 Patrem
1072 431 1105 458 ’³.
1123 431 1187 458 ΑιΙι.
1203 431 1272 464 Quid
1297 432 1361 460 fecit
1382 433 1453 460 Deus
1474 434 1501 460 in
1518 434 1670 469 principio?
1686 434 1735 461 Ar.

952 475 1070 508 Caelum,
1087 480 1201 508 terram.
1219 486 1305 510 mare,
1322 482 1349 519 et
1362 480 1454 506 omnia
1469 487 1529 514 quae
1544 479 1572 506 in
1586 479 1640 507 illis
1652 479 1737 506 conti-

952 526 1062 556 nentur,
1084 523 1123 549 uti
1144 523 1276 559 scriptum
1299 521 1351 552 est.
1375 524 1438 553 Alli.
1458 525 1588 560 Superest
1606 526 1688 560 igitur
1704 529 1736 552 ut

952 568 1080 596 ostendas
1097 578 1231 604 quosnam
1248 571 1344 602 caelos,
1362 579 1478 606 quamve
1492 575 1601 603 terram,
1619 579 1693 599 mare
1708 574 1735 598 et

953 621 1013 648 qum
1036 613 1079 642 his
1104 614 1290 646 continentur,
1315 617 1431 649 primum
1456 615 1550 642 fecerit
1571 615 1652 647 Deus,
1676 622 1737 650 qua:

953 657 1050 685 deinde
1066 659 1163 686 videns
1177 658 1272 691 Filius,
1290 659 1414 686 similiter
1427 664 1456 686 ut
1472 659 1553 687 Pater
1567 660 1671 686 fecerit.
1686 660 1735 688 Ar.

953 703 1034 731 Nefas
1053 704 1128 731 dictu
1156 710 1220 740 puto
1243 714 1314 738 esse,
1346 706 1463 740 primum
1492 706 1622 732 mundum
1648 713 1663 732 a
1682 705 1737 733 Deo

955 749 1040 777 fuisse
1056 750 1207 783 conditum,
1226 751 1339 778 alterum
1362 756 1453 779 autem
1470 759 1484 778 a
1500 751 1578 784 Filio,
1590 759 1651 778 cum
1669 751 1738 778 alter

954 796 1074 823 mundus
1089 797 1270 824 demonstrari
1291 805 1344 825 non
1367 798 1464 832 possit,
1479 798 1578 832 quippe
1597 805 1658 824 cum
1674 805 1738 832 per-

955 842 1080 875 spicuum
1094 843 1130 870 sit
1143 844 1270 871 omnibus
1287 852 1369 871 unum
1381 844 1454 870 hunc
1469 844 1598 870 mundum
1615 847 1739 878 aspecta-

920 875 939 902 Β
955 887 1035 915 bilem
1056 896 1127 915 esse.
1144 889 1207 916 Alli.
1228 889 1312 924 Igitur
1327 889 1413 916 Filius
1427 897 1442 915 a
1460 897 1490 916 se
1506 890 1564 924 ipso
1581 890 1738 916 universum

954 939 1028 960 creat
1037 933 1103 961 ?Ar.
1115 934 1212 966 Qumso
1228 939 1263 966 te,
1277 935 1413 969 quomodo
1426 944 1440 961 a
1454 935 1562 970 seipse?
1575 935 1658 962 Nemo
1672 942 1738 962 sane

954 978 979 1004 id
995 977 1105 1005 dixerit.
1121 978 1183 1005 Alit.
1203 978 1317 1014 Sapiens
1335 979 1445 1006 ubinam
1459 987 1536 1006 suum
1554 979 1656 1006 invenit
1672 986 1739 1005 con.

954 1023 1126 1050 siliuin?Ar.
1144 1025 1172 1050 ln
1190 1025 1324 1059 sapientia
1340 1032 1399 1051 sua.
1418 1024 1480 1051 Alli.
1497 1024 1595 1051 Annon
1611 1025 1738 1051 Christus

955 1067 1000 1095 Dei
1016 1068 1104 1096 virtus
1128 1073 1154 1096 et
1178 1070 1311 1104 sapientia
1334 1075 1385 1101 est,
1411 1074 1440 1096 ut
1461 1070 1540 1096 docet
1556 1070 1650 1096 beatus
1668 1069 1738 1096 Pau-

955 1114 996 1141 lus
1008 1114 1051 1140 “‘3
1062 1115 1132 1146 Ain‘,
1147 1123 1181 1141 an
1200 1116 1302 1149 negas?
1316 1114 1364 1141 Ar.
1383 1115 1447 1142 Siue
1461 1114 1646 1142 controversia
1659 1114 1738 1141 Chri-

954 1163 1014 1186 stus
1029 1159 1076 1186 Dei
1093 1160 1183 1187 virtus
1199 1164 1225 1187 et
1235 1159 1282 1187 Dei
1297 1160 1430 1195 sapientia
1442 1164 1494 1188 est.
1511 1162 1574 1187 Alli.
1590 1159 1657 1187 Num
1673 1168 1739 1194 ergo

955 1206 1088 1240 sapientia
1102 1206 1213 1233 aliunde
1228 1206 1344 1234 cﬂicitur
1359 1207 1483 1242 sapiens?
1498 1207 1545 1233 Ar.
1567 1206 1656 1233 Absit.
1674 1206 1737 1233 Alli.

955 1251 1040 1286 Igitur
1056 1259 1070 1278 a
1087 1252 1178 1286 seipsa
1193 1252 1296 1282 omnia,
1312 1257 1341 1279 ul
1355 1253 1499 1287 sapientia,
1518 1252 1581 1287 agit.
1600 1252 1645 1279 Ar.
1658 1253 1697 1278 Ita
1711 1259 1740 1278 se

955 1304 1000 1324 res
1011 1296 1102 1324 habet.
1120 1296 1189 1323 Num
1207 1297 1290 1332 igitur
1303 1298 1369 1324 nihil
1383 1304 1457 1325 creat
1472 1298 1571 1325 Pater?
1584 1297 1645 1324 Alli.
1659 1297 1739 1330 Audi,

956 1350 1006 1369 nec
1027 1347 1129 1369 temere
1156 1343 1270 1377 loquere
1291 1351 1351 1377 qua:
1368 1351 1418 1370 nec
1440 1343 1531 1371 dicere
1554 1343 1595 1370 fas
1614 1348 1668 1375 est,
1691 1350 1742 1369 nec

956 1388 1060 1419 audire,
1082 1388 1160 1422 quasi
1187 1397 1267 1416 nemo
1288 1390 1374 1424 possit
1398 1390 1449 1417 ista
1469 1395 1514 1416 tua
1531 1395 1663 1416 evertere.
1688 1388 1742 1416 Vc-

956 1439 1108 1462 runitamen
1119 1436 1174 1470 jam
1191 1435 1257 1462 mihi
1272 1436 1407 1470 responde
1430 1436 1464 1463 ad
1482 1436 1507 1462 id
1523 1435 1594 1470 quod
1617 1438 1642 1462 te
1658 1434 1742 1462 inter—

956 1488 1032 1515 rogo.
1055 1481 1080 1508 ls
1095 1482 1140 1516 qui
1155 1485 1251 1516 potens
1263 1486 1314 1512 est,
1334 1481 1470 1516 quomodo
1485 1481 1543 1516 ipse
1559 1489 1608 1516 per
1619 1489 1648 1508 se
1670 1480 1743 1515 agit?

119 1524 235 1555 Ἀκουε,
251 1523 297 1550 καὶ
322 1523 360 1558 μὴ
376 1522 518 1559 προπετῶς
533 1522 614 1549 ’λάλει
637 1522 704 1557 (71),
729 1522 747 1549 ἃ.
769 1522 806 1558 μὴ
827 1523 906 1558 θέμις

959 1526 1005 1552 Ar.
1028 1526 1124 1553 Omnia
1148 1527 1249 1554 virtute
1276 1535 1325 1554 sua
1348 1527 1439 1553 eliicit.
1470 1527 1531 1553 Alli.
1555 1527 1652 1553 Annon
1676 1534 1741 1552 vero

119 1569 190 1605 μήτε
204 1569 308 1603 λέγειν,
327 1570 395 1604 μήτε
410 1567 529 1600 ἀκούειν,
551 1569 588 1600 ὼς
607 1568 644 1603 μὴ
663 1568 811 1603 δυναμένου
833 1569 904 1600 τινος

120 1613 287 1650 μετατρέψαι
306 1613 340 1640 τὰ
354 1613 478 1640 τοιαῦτα.
494 1613 567 1648 Πλὴν
582 1613 628 1639 ἐπὶ
647 1612 692 1639 τοῦ
710 1613 842 1647 παρόντος
862 1613 905 1645 δός

121 1668 167 1695 μοι
179 1659 257 1693 λόγον
274 1660 337 1695 περὶ
349 1656 379 1685 οὗ
393 1658 534 1694 ἐπερωτῶ.
555 1659 583 1685 Ὀ
596 1658 706 1690 δυνατὸς
719 1658 776 1690 πῶς
792 1659 906 1694 αὐτουρ-

119 1707 178 1740 γεῖ;
194 1706 254 1740 Ἀρ.
268 1703 361 1731 εἶπενο
383 1705 427 1731 Ἐν
442 1705 475 1740 τῇ
490 1705 601 1740 δυνάμει
617 1703 699 1731 αὑτοῦ
711 1704 741 1730 τὸ
755 1705 810 1730 πᾶν
823 1706 907 1740 πράτ-

958 1571 1085 1599 Christus
1097 1573 1291 1599 convenienter
1307 1572 1351 1599 Dei
1364 1573 1450 1600 virtus
1462 1573 1584 1600 exsistit?
1595 1571 1642 1599 Ar.
1658 1571 1743 1598 Nemo

959 1624 1012 1642 non
1035 1616 1162 1644 fateatur.
1189 1617 1252 1645 Allr.
1280 1618 1373 1652 ltaque
1399 1625 1460 1644 cum
1487 1618 1612 1645 Christus
1636 1617 1671 1644 sit
1697 1616 1742 1643 Dei

958 1662 1058 1694 virtus,
1074 1670 1134 1697 qua:
1151 1663 1249 1695 virtus,
1270 1663 1297 1689 id
1319 1667 1361 1691 est
1382 1663 1520 1695 Christus,
1537 1662 1630 1695 efﬁcit,
1648 1662 1742 1690 eadem

959 1707 1041 1735 ellicit
1054 1707 1144 1735 Pater.

119 1762 172 1780 τει.
197 1754 251 1781 Ἀθ.
269 1753 361 1781 εἶπεν·
375 1754 493 1790 Χριστὸς
513 1754 540 1780 δὲ
555 1752 696 1789 ἀραρότως
710 1751 777 1778 Θεοῦ
805 1753 918 1789 δύναμις
938 1754 1070 1791 ὑπάρχει;
1091 1757 1150 1790 Ἄρ.
1168 1755 1259 1784 εἶπεν·
1280 1757 1470 1792 Ὠμολόγηται.
1494 1757 1548 1783 Ἀθ.
1565 1755 1658 1782 εἶπεν·
1690 1755 1743 1782 Οὐ-

121 1799 187 1826 κοῦν
207 1800 324 1835 Χριστοῦ
340 1800 480 1836 δυνάμεως
494 1800 568 1832 ὄντος
589 1799 635 1826 τοῦ
652 1798 718 1825 Θεοῦ
739 1799 805 1835 (72),
829 1799 899 1837 ἅπερ
926 1800 1086 1838 δημιουργεῖ
1107 1804 1123 1838 ἡ
1144 1803 1266 1838 δύναμις,
1288 1803 1426 1831 τουτέστιν
1464 1804 1478 1829 ὁ
1511 1803 1636 1839 Χριστὸς,
1659 1801 1746 1829 ταῦτα.

120 1847 194 1872 ποιεῖ
207 1847 221 1873 ὁ
237 1847 342 1882 Πατήρ.

157 1906 185 1933 9.
196 1906 254 1940 Ἀρ.
262 1903 346 1932 εἶπενο
356 1905 419 1937 Πῶς
427 1905 497 1942 ἆπερ
504 1905 683 1940 δημιουργεῖὸ
689 1905 814 1940 Χριστὸς,
823 1905 909 1932 ταῦτα

120 1953 285 1988 δημιουργεῖ
303 1953 317 1978 ὁ
333 1952 416 1984 Θεόςς
434 1953 487 1979 Ἀθ.
501 1949 591 1978 εἶπεν·
619 1953 652 1978 Ἠ
663 1951 777 1987 δύναμις
792 1952 845 1978 ἀπὸ
861 1951 908 1978 τοῦ

121 1997 236 2024 δυνατοῦ
247 1997 425 2033 κεχώρισταις
439 1997 499 2031 Ἀρ,
511 1995 586 2024 εἶπεν
595 2006 601 2012 ·
612 1997 657 2032 Μὴ
670 1997 787 2031 γένοιτοι
801 1996 848 2027 Τίς
856 1997 909 2032 γάρ

123 2053 189 2071 ποτε
197 2044 476 2080 ἑώρακενάγωνιστὴν
487 2043 560 2079 πάλῃ
571 2043 643 2074 ἰδίως
651 2042 852 2078 ἀνδριζόμενον,
861 2051 911 2068 κα-

122 2091 241 2125 ταμόνας
255 2090 284 2116 δὲ
300 2090 349 2126 τὴν
361 2091 475 2125 δύναμιν
489 2089 570 2116 αὐτοῦ
582 2097 589 2122 ;
602 2090 633 2115 Εἰ
645 2089 699 2124 γὰρ
714 2087 747 2124 ἦν
764 2088 852 2119 τοῦτο,
866 2088 909 2114 ἐπ’

122 2137 297 2173 ἀμφοτέρους
311 2136 344 2163 ἂν
361 2136 493 2172 ἐκομίσθη
508 2135 542 2162 τὰ
557 2135 680 2171 βραϐεῐα,
707 2136 764 2170 ἤτοι
776 2135 800 2162 οἱ
813 2134 911 2168 στέφα-

123 2193 163 2210 νοι
177 2182 242 2218 (75).
261 2183 315 2210 Ἀθ.
330 2181 420 2209 εἷπεν’
440 2182 540 2218 Ὀρθῶς
554 2182 631 2217 ἔφης.
645 2182 677 2207 ΕΞ
690 2179 736 2207 οὗν
747 2182 790 2207 ἐπ’
805 2179 911 2216 ἀνθρώ-

123 2238 176 2256 που
198 2229 277 2256 τοῦτο
299 2228 410 2262 ἔδωκας,
434 2229 501 2264 μήτε
524 2228 639 2263 δύναμιν
659 2227 867 2263 κεχωρισμένως
883 2235 910 2253 τι

124 2275 266 2310 πράττειν,
283 2275 351 2310 μήτε
371 2276 425 2310 μὴν
436 2275 467 2301 τὸ
482 2274 561 2310 σῶμα
575 2275 674 2310 ἑτέρως
688 2275 809 2310 ἐνεργεῖν
820 2283 856 2305 τι,
868 2273 913 2299 οὐ-

125 2319 189 2346 κοῦν
208 2320 222 2346 ὁ
240 2320 371 2355 Χριστὸς,
394 2320 508 2355 δύναμις
531 2320 568 2346 ὢν
593 2319 731 2356 πατρικὴ,
756 2319 914 2356 ἀχωρίστως

125 2367 223 2397 πάντα,
235 2366 253 2392 ἃ
265 2366 378 2401 πράττει
397 2367 411 2392 ὁ
426 2366 532 2402 Πατὴρ,
546 2365 758 2403 πράττειταῦτα
776 2366 822 2392 καὶ
833 2364 914 2396 αὐτός

125 2412 192 2446 (74).
205 2412 264 2446 Ἄρ.
277 2409 362 2438 εἶπεν·
375 2412 465 2438 Ἔστω
489 2411 568 2444 οὕτω,
582 2411 612 2438 τὸ
622 2411 778 2446 ἅχωρίστως
787 2410 916 2445 δημιουρ-

128 2460 182 2492 γεῖν
199 2457 244 2484 τὸν
260 2457 324 2484 Υἱὸν
336 2458 384 2484 σὺν
398 2457 436 2493 τῷ
450 2457 509 2494 Θεῷ
525 2458 556 2486 τὸ
572 2458 625 2484 πᾶν
636 2466 642 2472 ·
663 2457 727 2493 μήτι
746 2457 857 2484 δύναται
869 2458 916 2486 καὶ

162 2547 184 2562 ’³
203 2546 282 2575 Joan.
299 2556 326 2581 ν,
341 2547 383 2575 19.
433 2547 456 2563 ’³
476 2547 485 2574 l
501 2546 564 2574 Cor.
583 2555 608 2579 ι,
626 2546 670 2573 24.

163 2636 218 2671 (69)
235 2636 311 2672 Angl.
330 2636 434 2663 Οὐκοῦν
451 2635 636 2671 περιλείπεται
652 2634 745 2661 λοιπὸν
762 2633 914 2669 ἀποδεχθῆ-

129 2681 273 2746 “impia
286 2705 396 2742 Regius.
414 2707 466 2732 Alii
484 2710 574 2734 autem
595 2710 622 2732 et
635 2705 700 2732 editi
720 2705 850 2731 omittunt
867 2711 915 2730 vo-

129 2741 296 2829 ῗθῗέι
311 2775 441 2811 φθέγγου,
454 2779 481 2803 et
495 2775 575 2810 paulo
585 2779 647 2811 post
662 2774 743 2806 idem,
765 2773 914 2805 μεταστρέ-

131 2821 223 2879 {af-72}
241 2847 278 2873 lla
306 2855 360 2882 reg.
378 2846 406 2873 in
423 2847 483 2873 aliis
511 2850 538 2874 et
563 2845 653 2875 editis.
676 2844 723 2871 τοῦ
748 2844 832 2874 deest.
853 2843 916 2872 Mox

997 1904 1025 1933 9.
1045 1905 1093 1932 Ar.
1113 1905 1165 1939 Qui
1189 1905 1218 1932 ﬁt
1238 1909 1267 1932 ut
1286 1914 1346 1941 quze
1362 1906 1490 1933 Christus
1511 1905 1600 1937 edicit,
1618 1912 1648 1932 ea
1673 1903 1746 1932 Deus

961 1950 1080 1978 efﬁciat?
1105 1951 1167 1979 Alli.
1190 1951 1230 1978 An
1245 1951 1332 1979 virtus
1349 1952 1406 1979 sive
1428 1952 1548 1986 potentia
1569 1951 1745 1986 distinguitur

962 1995 996 2023 ab
1013 2004 1044 2023 eo
1059 1997 1105 2032 qui
1124 2001 1218 2032 potens
1239 1998 1298 2025 est?
1320 1998 1367 2024 Ar.
1387 1997 1474 2024 Absit.
1494 1997 1593 2032 Ecquis
1614 1996 1685 2023 enim
1702 1996 1744 2022 vi—

962 2041 1002 2069 dit
1019 2051 1136 2077 unquam
1153 2044 1280 2070 athletam
1295 2044 1322 2070 in
1339 2044 1486 2070 luctatione
1502 2043 1616 2070 seorsim
1636 2042 1745 2068 fortiter

963 2095 993 2115 se
1007 2093 1156 2122 gerentem,
1179 2093 1207 2116 et
1228 2089 1343 2116 seorsim
1360 2088 1481 2123 ejusdem
1505 2087 1654 2114 virtutem?
1677 2086 1745 2113 Nam

963 2134 987 2161 si
1002 2134 1037 2160 ita
1053 2138 1135 2165 esset,
1160 2134 1194 2161 ad
1215 2138 1362 2169 utrumque
1382 2139 1456 2168 certe
1472 2133 1582 2168 praemia
1599 2133 1654 2159 sive
1670 2139 1747 2158 coro-

962 2187 1013 2206 nas
1037 2178 1143 2207 (leferre
1163 2183 1311 2214 oporteret.
1333 2179 1396 2207 Alli.
1413 2179 1496 2206 Recte
1522 2178 1604 2205 dicis.
1625 2177 1748 2210 Quapro-

928 2247 950 2274 D
964 2229 1023 2261 pter
1039 2227 1061 2252 si
1079 2226 1105 2252 id
1121 2226 1147 2253 in
1167 2226 1278 2254 homine
1290 2227 1428 2262 agnoscis,
1443 2232 1550 2259 nempe,
1566 2231 1616 2251 nec
1626 2223 1686 2257 ejus
1695 2223 1747 2248 vir-

964 2275 1050 2299 tutem
1063 2273 1210 2307 separatim
1222 2273 1286 2307 quid
1299 2273 1414 2304 efficere,
1428 2279 1478 2299 nec
1487 2278 1586 2305 corpus
1598 2269 1669 2296 aliud
1682 2268 1748 2303 quill

966 2325 1061 2353 agere:
1081 2318 1203 2351 profecto
1226 2319 1364 2351 Christus,
1390 2318 1436 2353 qui
1459 2321 1571 2352 paterna
1591 2319 1632 2343 est
1650 2315 1748 2345 virtus,

966 2365 1068 2395 omnia,
1077 2373 1137 2399 qua:
1145 2365 1227 2393 Pater
1239 2366 1329 2395 ellicit.
1340 2366 1397 2400 ipse
1407 2372 1513 2399 quoque
1522 2362 1685 2397 absque-ulla
1693 2361 1750 2387 dis-

958 2411 1114 2446 ijunetione
1125 2411 1218 2439 eﬂicit.
1233 2411 1282 2438 Ar.
1297 2411 1376 2442 dixit,
1391 2411 1471 2437 Esto:
1483 2409 1567 2436 Filius
1579 2409 1682 2441 absdue
1695 2407 1750 2433 ulla

968 2457 1156 2492 disiunctione
1173 2458 1331 2485 universum
1350 2456 1447 2484 efficiat
1467 2455 1548 2483 simul
1564 2462 1625 2482 cum
1639 2453 1694 2480 Deo
1706 2462 1713 2480 :
1724 2456 1751 2481 at

965 2631 1033 2660 Amr.

1004 2641 1033 2666 ig.
1053 2641 1070 2668 η
1086 2641 1200 2668 ουναμις
1215 2641 1308 2661 αυτοῦ,
1324 2641 1446 2658 τουτεστι
1460 2641 1506 2656 του
1523 2641 1648 2665 Αριστου.

1004 2669 1058 2703 (75)
1076 2669 1113 2694 lla
1129 2667 1306 2703 RegillssAlii
1319 2674 1394 2703 vero.
1408 2667 1466 2703 ἦτοι
1480 2666 1525 2692 καὶ
1543 2665 1681 2700 στέφανος.
1692 2663 1754 2696 Mox

968 2701 1097 2736 August”
1110 2704 1152 2729 ἐπ’
1166 2702 1301 2737 ἀνθρώπῳ
1317 2701 1396 2727 τοῦτο
1411 2701 1540 2732 δέδωκας.

1004 2734 1059 2774 (74)
1080 2738 1117 2765 lla
1138 2737 1203 2772 Reg.
1220 2734 1368 2774 Eanum?
1382 2735 1581 2774 pmillunt-xal.
1597 2734 1680 2774 Paulo
1695 2739 1756 2773 pm}

969 2769 1079 2806 Regius,
1097 2774 1127 2807 δη
1134 2769 1271 2807 μιοῦργεῐν
1285 2772 1330 2798 τὸν
1344 2771 1409 2797 Θεὸν
1425 2770 1564 2802 συναὶδίως
1580 2771 1626 2797 καὶ
1649 2771 1697 2797 σὺν
1715 2769 1756 2806 τῷ

969 2782 1079 2806 ﬂegltts,
1097 2782 1193 2807 οημιου
1215 2782 1271 2806 γειν
1285 2782 1330 2798 τον
1344 2782 1409 2797 ι-ιεην
1425 2782 1448 2797 cn

969 2809 1035 2845 Υίῷ,
1052 2813 1117 2845 Aug.
1132 2808 1176 2834 τὸν
1192 2782 1257 2834 gem
1274 2807 1320 2833 τίν
1333 2806 1370 2841 τῷ
1382 2806 1448 2843 Υἱῷ,

1053 2633 1070 2668 ἡ
1086 2633 1200 2668 δύναμις
1215 2631 1308 2668 αὑτοῦ,
1324 2631 1446 2668 τουτέστι
1460 2629 1506 2656 τοῦ
1515 2629 1648 2668 Χριστοῦ.
