1929 3056
198 120 252 150 M7

773 120 805 148 Ξ.
823 117 1060 147 ATHANASIUS.
1079 133 1115 138 —
1135 117 1271 156 SPURlA,

1792 118 1855 147 με

203 181 283 217 161
302 180 423 216 nunquid
449 180 504 208 Deo
523 180 611 216 possit
630 180 746 215 aqualis
761 187 834 212 esse,
851 187 915 207 cum
932 180 991 214 ipse

1055 186 1100 210 σος
1114 177 1183 205 εἶναι
1202 178 1242 214 τῷ
1254 178 1330 214 Θεῷ,
1346 178 1438 212 καθὼς
1455 179 1487 206 σὺ
1506 179 1626 215 ἤκουσας
1643 177 1690 205 τοῦ
1710 178 1852 214 Σωτῆρος

200 226 372 256 Salvutorem
389 226 510 254 audieris
534 227 591 254 hzec
606 226 742 254 dicentem
761 234 769 254 :
788 235 797 252 ι
811 225 892 253 Pater
904 233 993 257 meus,

200 273 247 309 qui
261 274 334 301 misit
349 281 402 304 ine,
413 273 501 307 major
515 281 558 300 me
565 276 607 300 est
617 273 628 300 ?
639 283 648 298 ι
659 272 720 299 Alli.
728 272 906 307 Interrogabo
913 276 940 299 te
948 281 955 300 :
964 278 995 298 tu

201 327 267 347 vero
282 319 348 346 mihi
366 319 501 354 responde
520 328 527 346 :
545 318 615 346 Num
632 318 758 346 Salvator
775 326 854 347 meus
865 319 920 346 sibi
928 325 996 345 con-

201 366 289 393 traria
306 366 448 400 loquitur?
463 366 511 393 Ar.
528 366 607 394 Absit
627 375 633 393 2
652 366 755 400 ubique
777 365 850 393 enim
867 365 919 393 sibi
943 365 995 400 ipsi

202 406 439 440 consonat'Filius
466 411 524 440 Dei.
547 412 610 439 At/i.
625 411 770 445 Quomodo
782 419 847 447 ergo
864 412 995 439 Dominus

202 458 268 484 alibi
289 458 338 491 ait,
359 467 368 484 ‹
390 458 446 493 Ego
463 462 490 485 et
508 457 588 485 Pater
604 466 689 485 unum
718 466 816 485 sumus
833 458 875 484 ’5?
889 459 937 484 Ar.
954 458 995 485 An

204 503 342 533 Sabellius
358 505 411 532 es?
430 505 494 532 Atii.
519 505 575 533 Cur
602 506 653 533 sint
681 505 841 532 Sabellius?
864 504 912 531 Ar.
927 504 995 537 Quia

202 550 311 580 Patrem
328 556 355 579 et
366 552 464 578 Filium
490 560 574 578 unum
600 559 662 579 esse
684 551 787 579 dixisti.
812 552 876 578 Alli.
895 551 935 578 Ne
953 559 997 578 me

203 597 455 625 calumnieris.Nec
468 599 540 625 enim
555 597 610 624 dixi
628 597 736 625 Patrem
753 601 780 624 et
797 596 894 624 Filium
912 604 996 624 unum

204 653 277 677 esse,
298 644 346 672 sed
360 645 505 671 Domimnn
518 644 623 671 dixisse
642 654 648 671 :
665 653 674 669 ί
695 644 752 679 Ego
767 649 794 671 et
813 643 893 671 Pater
910 652 995 671 unum

205 699 312 719 sumus.
335 702 344 717 ι
364 691 411 717 Ar.
432 691 514 725 Atqui
533 691 590 717 hinc
607 691 667 726 ipsa
683 694 726 718 est
743 690 853 717 Sabellii
872 690 994 718 hmresis.

205 737 268 765 Alli.
284 736 354 764 Num
370 737 455 771 igitur
474 736 608 764 Dominus
621 737 667 772 qui
685 737 723 763 ait
739 746 745 763 :
762 746 771 762 ι
794 736 850 771 Ego
869 741 895 763 et
917 736 997 763 Pater

205 791 290 810 unum
319 791 425 815 sumtis,
445 793 454 809 ι
478 782 615 810 Sabellius
645 786 714 810 erat.
741 782 782 809 An
810 790 865 808 non
900 789 996 809 omnes

204 828 357 856 Christiani
372 828 465 856 .Iesum
473 828 572 855 Filium
583 829 630 856 Dei
645 836 706 856 esse
721 829 867 856 novimus?
878 828 918 854 Tu
931 836 994 856 vero

1045 223 1171 258 λέγοντος
1181 233 1188 239 ·
1208 235 1217 251 ι
1229 225 1258 251 '0
1275 225 1370 260 Πατήρ
1386 233 1446 260 μου,
1459 225 1474 251 6
1487 225 1598 260 πέμψας
1613 233 1658 260 με,
1675 224 1778 260 μείζων
1792 233 1853 259 μου

1046 271 1138 303 Early;
1155 280 1164 296 ι
1187 271 1241 298 ‘A0.
1260 269 1351 298 εἶπεν·
1376 271 1523 308 Ἐρωτήσω
1541 279 1586 298 σε·
1613 272 1645 297 σὺ
1672 270 1700 297 δὲ
1723 271 1853 307 ἀποκρε-

1047 317 1110 353 θητί
1127 325 1188 352 μοι·
1209 318 1237 344 '0
1254 317 1350 354 Σωτήρ
1366 327 1416 353 μου
1438 317 1474 354 μὴ
1487 318 1595 345 ἐναντία
1611 317 1762 353 ἐφθέγξατο
1779 319 1852 344 ἐαυ-

1045 365 1085 400 τῷ
1101 365 1169 400 (75);
1194 366 1258 400 'Ap.
1285 363 1378 392 εἶπεν·
1401 366 1448 401 Μὴ
1479 365 1597 400 γένοιτοῐ
1623 366 1763 401 πανταχοῦ
1790 366 1852 402 γὰρ

1048 410 1192 446 σύμφωνος
1212 410 1301 446 ἐαυτῷ
1317 411 1446 446 τυγχάνει
1459 413 1473 438 6
1488 411 1550 443 Υἱὸς
1566 411 1611 438 τοῦ
1624 410 1703 437 Θεοῦ.
1728 411 1786 437 Ἀθ.
1807 409 1852 437 εἶ-

1047 465 1098 482 πεν
1108 465 1115 472 σ
1139 456 1203 488 Πῶς
1215 455 1280 483 οὖνὸ
1294 457 1397 493 Κύριος
1411 458 1439 483 ὲν
1451 457 1522 492 ἄλλῳ
1536 457 1611 491 τόπῳ
1626 457 1736 492 φάσκει,
1748 466 1757 482 ι
1771 457 1852 491 Ἐγὼ

1047 502 1093 529 καὶ
1104 502 1118 528 6
1132 503 1228 539 Πατὴρ
1243 503 1273 529 ἓν
1287 504 1385 538 ὲσμεν;
1403 504 1467 538 Ἀρ.
1484 501 1576 530 εἶπεν·
1602 503 1638 529 Σὺ
1654 503 1802 534 Σαϐἐλ).ιος
1811 501 1850 530 εἴ.

1053 549 1107 576 Ἀθ.
1126 547 1217 575 εἶπεν
1235 549 1284 576 Διὰ
1309 549 1335 576 τί
1349 551 1406 586 εἰμι
1424 550 1583 582 Eam-fnum;
1601 551 1661 584 Ἀρ.
1680 547 1757 576 εἶπεν
1769 558 1777 564 ·
1805 549 1854 576 Ἐ-

1047 595 1126 630 πειδὴ
1143 593 1234 628 εἴπας,
1249 596 1277 622 Ὀ
1291 596 1385 632 Πατὴρ
1406 597 1454 623 καὶ
1468 598 1482 623 6
1499 597 1563 628 Υἱὸς
1579 597 1608 623 ἓν
1624 598 1708 623 ἐστιν.
1731 597 1790 623 Ἀθ.
1806 593 1850 622 εἷ-

1048 649 1120 668 πεν·
1146 642 1191 678 Μὴ
1220 642 1390 676 καταψεύδου
1416 651 1485 678 μου’
1511 643 1540 669 οὺ
1564 643 1618 679 γὰρ
1657 643 1728 670 οὓτω
1757 642 1851 678 φημὶ,

1047 688 1088 714 δτι
1104 689 1118 714 6
1132 688 1225 724 Πατὴρ
1251 689 1298 715 καὶ
1318 690 1332 715 6
1355 689 1419 721 Υἱὸς
1435 690 1464 716 ἕν
1484 690 1569 723 ἐστιν,
1583 690 1640 717 ἀλλ’
1654 691 1694 716 ὅτι
1713 691 1726 716 6
1739 690 1852 725 K23pr

1048 734 1114 769 ἔφη’
1127 745 1136 759 ‹
1158 735 1228 769 Ἐγὼ
1239 736 1287 762 καὶ
1298 736 1312 761 ὀ
1329 736 1424 772 Πατὴρ
1438 736 1467 762 ἓν
1482 737 1575 771 ἐσμεν.
1587 747 1596 761 ι
1610 737 1669 770 Ἄρ.
1683 734 1760 763 εἶπεν
1774 735 1848 771 (76)·

1048 781 1122 816 Αὕτη
1140 783 1156 816 ἡ
1174 783 1278 817 αἵρεσις
1293 782 1440 808 Σαϐελλίου
1455 782 1538 809 ἐστίν.
1556 783 1610 810 Ἀθ.
1626 780 1718 809 εἶπεν·
1737 782 1851 809 Οὐκοῦν

1048 828 1062 853 6
1076 826 1178 862 Κύριος
1195 827 1208 853 ὁ
1223 827 1352 863 εἰρηκὼς,
1372 837 1381 853 ι
1407 828 1478 863 Ἐγὼ
1488 828 1535 856 καὶ
1547 829 1561 854 6
1577 829 1672 864 Πατὴρ
1685 829 1713 855 Ξν
1728 830 1846 864 ἐσμεν.»

205 875 296 910 ipsum
307 875 377 901 dicis
393 874 545 901 Sabellium
563 882 625 902 esse
641 879 668 901 et
685 874 798 901 haeresis
819 873 999 909 magistrum?

1055 861 1261 908 Σαῦὲλλιοςῆνξ
1279 861 1318 900 Οὐ
1333 861 1478 906 πάντες-οἱ
1501 861 1663 910 Χριστιανθοῖ
1675 861 1779 910 Ἰησοῦν
1801 875 1849 902 τὸν

207 922 253 948 Ar.
270 921 349 948 Absit
362 929 377 948 a
395 929 438 948 me
451 927 481 948 ut
499 922 535 948 ita
551 921 678 953 sentiam,
695 921 742 948 sed
759 921 885 948 Salvator
899 920 934 947 de
949 928 999 948 sua

205 975 268 995 cum
286 967 366 995 Patre
377 968 525 995 concordia
540 969 585 994 illa
599 968 733 995 intellexit
748 967 832 994 verba
849 977 855 994 :
877 976 885 992 ι
902 967 958 1002 Ego
972 971 999 994 et

206 1015 287 1042 Pater
307 1023 392 1042 unum
417 1023 524 1042 sumus.
546 1024 555 1040 ι
575 1014 637 1040 Alli.
654 1014 740 1048 Cujus
754 1021 838 1041 causa
859 1013 916 1040 haec
931 1013 1000 1040 dixit

205 1061 350 1093 Dominus,
372 1061 471 1096 quidve
504 1061 547 1088 his
575 1061 685 1088 volebat
705 1060 849 1087 indicare?
874 1067 998 1092 suamne,

205 1111 236 1134 ut
252 1111 342 1142 putas,
358 1115 421 1134 cum
439 1107 520 1134 Patre
536 1106 722 1139 concordiam,
735 1114 768 1132 an
787 1106 878 1141 potius
899 1105 1000 1132 divini-

205 1158 301 1186 tatem,
316 1159 344 1180 ut
358 1158 432 1181 rei-ta
449 1154 519 1180 ratio
535 1153 649 1188 probat?
662 1153 684 1180 si
697 1153 886 1185 concordiam,
900 1157 928 1179 ut
943 1153 1000 1179 cxi-

207 1201 317 1234 stimas,
337 1201 421 1234 igitur
434 1203 519 1227 testes
535 1203 632 1226 contra
643 1199 753 1226 Patrem
775 1199 954 1231 subornabat,
966 1206 1000 1225 ne

205 1246 332 1273 videlicet
348 1253 362 1272 a
379 1246 460 1272 Patre
480 1245 665 1273 abdicaretur.
695 1244 773 1277 Quod
790 1245 812 1272 si
830 1252 923 1271 verum
940 1247 998 1276 est;

205 1291 294 1319 Filius
308 1299 374 1326 ergo
389 1291 494 1318 Patrem
506 1295 629 1324 accusat,
644 1291 717 1326 quod
737 1291 874 1325 ingratum
891 1298 919 1318 se
931 1298 1001 1326 prce-

206 1338 374 1370 buerit.nec
399 1343 478 1374 pacta
502 1338 656 1366 concordia:
672 1338 797 1365 servat-it.
815 1337 892 1370 Quod
916 1337 939 1363 si
963 1337 1000 1364 ita

205 1388 268 1410 esse
284 1382 362 1413 velis,
375 1382 506 1418 intelligo,
522 1390 688 1418 qumso,quo
698 1386 723 1409 te
739 1381 898 1417 hujusmodi
912 1381 1000 1409 abdu-

206 1432 252 1456 cat
270 1429 421 1456 sententia.

239 1562 287 1589 10.
304 1562 351 1589 Ar.
371 1561 472 1590 Verum
501 1563 567 1598 quid
586 1571 638 1591 nos
655 1564 696 1591 vis
714 1563 816 1596 dicere,
841 1572 905 1591 num
925 1564 999 1599 quod

206 1607 288 1635 Pater
305 1613 331 1635 et
344 1608 432 1635 Filius
444 1617 527 1635 unum
545 1609 603 1636 sit?
617 1609 680 1636 Alli.
699 1609 833 1637 Dominus
849 1609 930 1638 Jesus
946 1619 999 1638 non

207 1654 244 1681 ait
262 1663 289 1681 ει
301 1654 357 1689 Ego
372 1659 399 1681 et
415 1654 495 1682 Pater
504 1663 588 1682 unum
605 1663 677 1688 sum,
693 1657 740 1683 sed
755 1664 839 1683 unum
857 1665 970 1684 sumus:
989 1666 998 1683 ι

208 1699 304 1735 hisque
322 1701 424 1733 verbis,
443 1710 452 1726 ι
474 1710 557 1728 unum
580 1710 686 1733 sumus,
706 1712 714 1727 ι
731 1702 879 1737 perfectam
897 1703 1002 1729 indica-

207 1743 247 1770 vit
263 1744 423 1771 dualitalem
435 1753 443 1777 ;
456 1749 483 1771 et
495 1745 626 1777 dictione,
643 1755 652 1770 ι
675 1753 771 1776 ιιιιιιηι,
792 1755 800 1770 ι
819 1745 1002 1772 substantiam

208 1790 384 1824 significavit.
401 1790 467 1823 Qua:
490 1791 554 1826 quia
580 1799 635 1817 non
654 1791 826 1822 intellexisti,
842 1791 867 1817 in
882 1790 1002 1818 absurda

209 1835 313 1862 idcirco
327 1836 458 1863 incidisti.
474 1836 523 1863 Ar.
537 1836 579 1864 An
594 1845 648 1864 non
664 1837 796 1864 Dominus
810 1837 880 1864 dixit
896 1846 902 1864 :
925 1847 934 1862 ι
952 1837 1004 1864 Pa-

208 1885 252 1908 ter
274 1882 321 1916 qui
346 1883 421 1910 misit
441 1891 494 1915 me,
513 1884 603 1918 major
623 1892 666 1910 me
691 1883 750 1911 est?
771 1893 780 1909 ι
803 1883 866 1910 Alli.
891 1883 923 1911 At
948 1891 1003 1910 non

210 1926 337 1955 Salvator
353 1928 422 1955 dixit
440 1938 446 1956 :
464 1939 473 1954 ‹
494 1929 550 1964 Ego
566 1934 592 1956 et
607 1929 687 1957 Pater
706 1938 790 1956 llllutll
807 1938 922 1963 smnus;
945 1939 953 1956 I
975 1934 1003 1957 et

209 1981 309 2001 rursus
333 1982 341 2001 :
377 1983 385 1998 ι
410 1974 461 2007 Qui
478 1974 545 2001 vidit
569 1982 621 2007 me,
639 1975 706 2002 vidit
728 1975 836 2002 Patrem
849 1975 891 2002 "‘I
912 1986 920 2002 ι
946 1975 1003 2003 lmo

209 2018 359 2053 Apostolus
374 2027 484 2055 quoque
508 2019 569 2048 Filii
597 2027 624 2048 et
651 2021 740 2048 Patris
759 2021 942 2055 a-qnalitatem
965 2022 1004 2048 di-

211 2069 284 2093 serte
301 2065 344 2092 bis
359 2066 449 2093 verbis
462 2065 606 2094 declarat:
627 2076 636 2091 ι
655 2067 707 2100 Qui
728 2075 790 2094 cum
808 2067 835 2094 in
853 2067 940 2094 forma
953 2067 1001 2095 Dei

210 2115 296 2145 esset,
307 2120 362 2140 non
378 2113 502 2148 rapinam
529 2113 679 2141 arbitratus
695 2119 737 2141 est
750 2122 811 2142 esse
824 2122 853 2141 se
869 2115 1001 2150 mqualem

211 2157 267 2185 Deo
284 2168 290 2186 :
307 2159 354 2186 sed
377 2160 720 2194 semetipsumexinanivit
736 2161 758 2176 ’⁷
777 2170 783 2188 :
805 2170 814 2187 ι
835 2161 929 2189 Viden'
956 2161 1001 2188 Fi-

1051 920 1115 946 Υἱὸν
1135 920 1182 946 τοῦ
1205 920 1273 946 Θεοῦ
1290 920 1420 956 οἱ’δαμεν;
1441 921 1473 947 σὺ
1496 921 1525 947 δὲ
1544 921 1687 948 Σαϐέλ).ιον
1706 922 1752 948 καὶ
1769 921 1848 948 διδά-

1051 965 1150 993 σκαλον
1171 966 1304 1001 αἱρέσεως
1319 966 1400 993 αὑτὸν
1416 966 1468 1002 φῄς
1481 975 1487 998 ;
1506 967 1565 1000 Ἄρ.
1587 965 1663 992 εἷπε·
1677 967 1722 1002 Μὴ
1738 966 1849 1000 γένοιτό

1052 1022 1098 1048 μοι
1110 1012 1188 1039 τοῦτο
1202 1014 1334 1048 φρονῆσαι
1348 1012 1353 1038 l
1368 1013 1382 1038 6
1400 1013 1455 1047 γὰρ
1466 1011 1561 1048 Σωτὴρ
1574 1009 1634 1038 εἷπε
1649 1012 1713 1048 περὶ
1734 1020 1850 1048 συμφω-

1050 1059 1120 1090 νίας,
1133 1059 1173 1084 ὅτι
1191 1068 1200 1083 ι
1229 1057 1300 1092 Ἐγὼ
1317 1058 1364 1084 καὶ
1390 1059 1403 1084 6
1424 1058 1519 1093 Πατὴρ
1543 1057 1572 1084 ἓν
1596 1058 1689 1092 ἐσμεν.
1715 1067 1724 1084 ›
1746 1058 1846 1084 Ἄθαν.

1051 1102 1141 1131 εἶπεν·
1168 1104 1261 1130 ἓνεκεν
1287 1105 1360 1136 τίνος
1374 1104 1448 1137 ἔλεξε
1463 1104 1551 1130 τοιάδε
1563 1104 1577 1129 ὀ
1589 1103 1705 1139 Κύριος;
1720 1104 1746 1130 τι
1759 1103 1848 1130 Θέλων

1051 1150 1242 1184 amputet-ﬁdat;
1262 1150 1310 1186 τὴν
1324 1150 1482 1185 συμφωνίαν
1496 1149 1566 1176 κατὰ
1586 1149 1625 1180 σὲ,
1639 1149 1656 1184 ἢ
1670 1149 1719 1184 τὴν
1727 1148 1848 1184 θεότητα

1051 1195 1121 1222 κατὰ
1140 1196 1185 1222 τὸν
1207 1195 1286 1232 ὀρθὸν
1307 1196 1402 1230 λόγον;
1427 1196 1458 1222 Εἰ
1474 1195 1522 1230 μὲν
1545 1194 1599 1231 γὰρ
1611 1194 1661 1230 τὴν
1683 1195 1847 1230 συμφωνίαν

1051 1241 1122 1268 κατὰ
1144 1242 1182 1274 σὲ,
1204 1243 1257 1277 ἄρα
1278 1241 1420 1277 μάρτυρας
1439 1241 1494 1276 (77)
1509 1241 1693 1274 κατεσκεύαζε
1712 1241 1782 1268 κατὰ
1797 1241 1847 1267 τοῦ

1052 1287 1168 1323 Ila-:96;
1195 1288 1232 1323 μὴ
1258 1288 1312 1322 ἄρα
1333 1287 1462 1322 ἀθέτησις
1485 1287 1559 1322 αὐτῷ
1579 1287 1692 1323 γένηται
1715 1287 1768 1314 ὑπὸ
1795 1287 1845 1314 τοῦ

1051 1333 1172 1368 Πατρός·
1189 1335 1213 1360 ει
1232 1333 1260 1359 δὲ
1283 1332 1356 1359 τοῦεΥ
1372 1333 1458 1365 οὕτως
1479 1333 1547 1368 ἔχει,
1571 1335 1585 1360 6
1607 1333 1672 1365 Υἱὸς
1696 1334 1849 1369 κατηγορεῖ

1051 1379 1098 1405 τοῦ
1113 1379 1220 1415 [ἰατρὸς
1234 1379 1305 1406 κατὰ
1319 1379 1357 1411 σὲ,
1373 1380 1411 1411 ὡς
1429 1379 1596 1414 ἀγνώμονος,
1618 1379 1665 1406 καὶ
1692 1380 1729 1415 μὴ
1752 1379 1848 1413 μένον-

1051 1435 1097 1458 τος
1108 1427 1136 1452 ἐν
1150 1427 1210 1456 ταῖς
1225 1427 1373 1461 συνθήκαις
1387 1425 1437 1460 τῆς
1449 1425 1609 1460 συμφωνίας
1622 1425 1668 1451 τοῦ
1681 1425 1798 1460 Πατρός.
1815 1426 1847 1452 Εἰ

1052 1472 1080 1498 δὲ
1093 1472 1140 1499 καὶ
1157 1472 1229 1498 1050‘
1248 1471 1334 1504 οὕτως
1347 1472 1414 1507 ἔχει,
1423 1472 1517 1498 λοιπὸν
1530 1472 1626 1507 νόησον
1633 1471 1685 1498 ποῦ
1700 1480 1729 1498 σε
1742 1471 1846 1506 ἀπάγει

1015 1538 1036 1565 C
1054 1519 1085 1545 τὸ
1101 1519 1146 1545 σὸν
1165 1518 1303 1565 φρόνημα.

1092 1563 1135 1591 10.
1155 1565 1214 1598 Ἃρ.
1231 1561 1323 1589 εἷπεν³
1351 1563 1430 1590 Ἀλλὰ
1446 1563 1472 1589 τί
1497 1563 1582 1595 θέλεις
1599 1563 1642 1589 ἵνα
1658 1563 1790 1598 εἴπωμεν,
1803 1563 1846 1590 ἔτι

1051 1611 1065 1636 6
1079 1610 1174 1646 Πατὴρ
1188 1610 1234 1636 καὶ
1250 1610 1262 1636 ὁ
1275 1609 1338 1641 Υἱὸς
1351 1610 1380 1636 ’ἐν
1391 1610 1482 1641 ὲστινς
1502 1610 1557 1636 Ἀθ.
1579 1607 1669 1636 εἶπεν·
1693 1609 1720 1636 '0
1743 1609 1847 1645 Κύριος

1058 1656 1162 1691 Ἰησοῦς
1178 1656 1228 1682 οὐκ
1251 1653 1338 1689 εἶπεν,
1361 1665 1370 1681 t
1391 1655 1462 1690 Ἐγὼ
1485 1656 1532 1682 καὶ
1548 1657 1562 1682 ὁ
1586 1656 1681 1691 Πατὴρ
1697 1656 1725 1682 ἓν
1739 1657 1812 1690 εἰμι·
1833 1665 1843 1682 ι

1053 1702 1111 1729 ἀλλ’
1126 1702 1235 1738 ἔφησεν,
1249 1712 1258 1727 ‹
1276 1703 1304 1728 ἓν
1320 1703 1413 1737 ἐσμεν,
1433 1713 1440 1728 ι
1456 1703 1502 1729 καὶ
1515 1702 1563 1738 τὴν
1573 1702 1655 1728 δυάδα
1665 1702 1769 1728 τελείαν
1778 1711 1847 1738 παρ-

1054 1749 1167 1784 έστησεν
1184 1750 1213 1775 ἐν
1225 1748 1264 1784 τῷ
1280 1748 1366 1781 λέξαι,
1383 1758 1391 1774 ι
1408 1749 1437 1775 ’ἐν
1454 1749 1548 1784 ἐσμεν.
1568 1757 1577 1773 ι
1598 1748 1634 1774 Τὸ
1648 1748 1686 1780 δὲ,
1706 1757 1715 1772 ι
1735 1748 1774 1779 ἓν,
1792 1757 1801 1774 ι
1817 1748 1847 1774 τὺ

1053 1795 1103 1829 τῆς
1120 1795 1213 1826 οὐσίας
1225 1796 1360 1830 ἐσήμανε’
1386 1796 1418 1822 σὺ
1433 1795 1471 1827 δὲ,
1491 1795 1528 1830 μὴ
1549 1795 1658 1830 νοήσας,
1675 1795 1715 1826 εἰς
1732 1794 1842 1822 ἁτοπὶαι

1054 1839 1206 1875 ἐχώρησας.
1231 1842 1289 1875 Ἀρ.
1309 1838 1403 1867 εἶπεν·
1432 1842 1460 1867 '0
1487 1840 1588 1876 Κύριος
1607 1841 1657 1867 οὐκ
1681 1839 1772 1867 εἶπεν·
1790 1850 1798 1866 ι
1817 1841 1845 1867 '0

1054 1886 1160 1922 Πατὴρ,
1176 1888 1189 1913 6
1207 1887 1318 1922 πέμψας
1331 1895 1377 1922 με,
1395 1886 1495 1922 μείζων
1515 1895 1565 1922 μου
1585 1886 1658 1913 ἐστίν
1673 1894 1680 1918 ;
1701 1897 1710 1911 ι
1729 1888 1784 1913 Ἀθ.
1810 1884 1846 1912 εἶ-

1054 1942 1120 1959 πεν·
1147 1933 1243 1969 Σωτὴρ
1268 1933 1318 1959 οὐκ
1343 1931 1437 1959 εἶπεν
1468 1942 1476 1958 ι
1500 1932 1570 1966 Ἐγὼ
1593 1933 1640 1958 καὶ
1667 1933 1681 1958 6
1707 1932 1801 1968 Πατὴρ
1817 1933 1844 1959 ἓν

1054 1980 1153 2014 ἐσμεν,
1173 1990 1182 2005 ι
1201 1980 1248 2005 καὶ
1266 1979 1346 2005 πάλιν
1360 1987 1366 1993 “
1389 1988 1398 2004 ι
1417 1978 1446 2005 Ὀ
1462 1977 1592 2014 ἑωρακὼς
1605 1978 1666 2013 ἐμὲ,
1683 1978 1787 2013 ἑώρακε
1801 1978 1844 2004 τὸν

1053 2025 1180 2061 Hart-‘91;
1201 2035 1211 2051 ι
1236 2024 1316 2051 Ἀλλὰ
1332 2025 1385 2060 μὴν
1402 2025 1450 2051 καὶ
1464 2026 1477 2051 6
1499 2024 1658 2056 Ἀπὸστολος
1672 2024 1722 2060 τὴν
1739 2025 1845 2060 ἰσότητα

1053 2070 1100 2097 τοῦ
1117 2070 1193 2102 Υἰοῦ,
1209 2071 1242 2106 ἢν
1259 2070 1316 2106 ἔχει
1336 2070 1406 2106 πρὸς
1427 2070 1472 2096 τὸν
1490 2070 1586 2096 ἑαυτοῦ
1609 2070 1732 2105 Πατέρα,
1754 2071 1845 2105 σαφῶς

1053 2115 1180 2151 ἐδήλωσε,
1194 2116 1298 2150 λέγων’
1310 2126 1320 2141 ί
1342 2117 1400 2148 Ὃς,
1413 2117 1442 2142 ὲν
1458 2117 1548 2151 μορφῇ
1561 2115 1629 2142 Θεοῦ
1642 2117 1783 2152 ὑπάρχων,
1797 2117 1845 2152 οὐχ

1054 2161 1201 2196 ἁρπαγμὸν
1218 2162 1339 2197 ἡγήσατο
1359 2161 1390 2188 το
1412 2159 1481 2188 εἶναι
1500 2161 1545 2188 ἴσα
1571 2161 1649 2197 Θεῷ·
1674 2161 1730 2188 ἀλλ’
1750 2163 1845 2188 ἑαυτὸν

210 2203 276 2231 lium
291 2206 403 2239 proprio
418 2205 493 2232 Patri
515 2206 648 2240 :equalem
671 2214 742 2237 esse,
764 2214 819 2233 non
840 2211 930 2234 autem
951 2208 999 2234 mi-

1055 2202 1189 2233 ὲκένωσεν
1205 2206 1271 2243 (78).
1294 2217 1303 2233 ›
1327 2208 1419 2244 Ὁρᾷς,
1442 2208 1483 2234 ὅτι
1507 2208 1564 2239 ἴσος
1580 2208 1655 2234 ἐστὶν
1677 2209 1692 2235 6
1717 2208 1780 2239 Υἱὸς
1798 2207 1845 2234 τοῦ

209 2251 323 2278 norem?
333 2251 382 2277 Ar.
397 2251 493 2286 Magna
511 2253 577 2279 mihi
591 2252 699 2280 videtur
709 2251 915 2288 Scripturarum
928 2254 962 2281 de
973 2261 1003 2282 re

210 2297 338 2331 prsescnti
368 2297 516 2325 dissensio.
547 2297 610 2325 Alli.
633 2297 712 2325 Absit
731 2302 759 2325 ut
789 2298 871 2325 homo
894 2298 1002 2326 divinos

211 2343 314 2378 Deique
331 2343 421 2370 alllatu
444 2344 563 2378 scriptos
587 2344 672 2372 libros
693 2345 792 2372 audeat
825 2345 1000 2378 calumniari,

210 2387 290 2422 quasi
302 2387 407 2414 scilicet
420 2395 475 2414 non
489 2387 561 2415 inter
578 2395 608 2415 se
623 2388 650 2414 in
667 2388 710 2415 bis
720 2388 849 2416 omnibus
862 2389 1002 2416 consenti-

211 2438 282 2461 rent.
307 2433 389 2462 Certe
411 2442 507 2462 omnes
524 2434 684 2470 Scriptum,
704 2435 793 2462 instar
807 2443 891 2471 requa:
915 2437 1001 2469 librae,

211 2481 289 2508 valde
310 2489 403 2509 secum
427 2483 614 2510 consentiunt.
642 2483 690 2510 Ar.
707 2482 759 2516 Qui
776 2483 833 2510 ﬁeri
858 2488 948 2519 potest
974 2490 1003 2512 ut

212 2527 407 2556 consentiant?
426 2527 551 2555 Salvator
565 2529 604 2555 ait
622 2538 629 2556 :
649 2539 658 2555 ι
678 2529 759 2557 Pater
776 2531 825 2565 qui
853 2531 928 2558 misit
948 2539 1002 2564 me,

211 2575 301 2608 major
313 2581 356 2602 me
368 2578 429 2602 est:
451 2585 460 2602 ι
482 2575 554 2603 idem
572 2583 672 2604 rursus
687 2577 726 2604 ait
743 2586 750 2604 :
767 2586 777 2601 σ
798 2576 856 2612 Ego
871 2581 898 2605 et
920 2577 1003 2604 Pater

247 2655 269 2671 ’⁵
287 2654 368 2682 Joan.
389 2664 422 2687 ι,
441 2655 485 2684 50.

247 2745 304 2782 (75)
321 2745 424 2781 Ἑαυτῷ
441 2746 517 2774 deest
532 2747 559 2774 in
572 2747 641 2781 Aug.
654 2745 714 2773 Mox
729 2747 811 2778 idem,
829 2747 874 2782 Μὴ
883 2748 1004 2781 γένοιτο.

211 2781 277 2818 παρ’
285 2781 370 2818 αὑτοῦ
386 2782 450 2817 γάρ.

248 2814 306 2853 (76)
323 2814 430 2852 'Apsto;
451 2814 528 2843 εἶπεν
543 2817 620 2844 deest
637 2817 664 2853 in
679 2817 746 2851 Aug.
763 2816 791 2845 In
807 2817 879 2846 Felc.
895 2826 960 2846 vero
975 2818 1002 2851 2,

212 2857 240 2881 et
258 2853 316 2882 haec
327 2856 354 2881 et
368 2853 509 2887 sequentia
524 2859 610 2888 usque
631 2852 664 2880 ad
680 2853 774 2887 ἔσμεν.

1059 2253 1123 2279 ἰδίου
1141 2253 1257 2288 Πατρδς,
1276 2254 1323 2280 καὶ
1331 2253 1361 2280 οὺ
1377 2253 1554 2290 μικρότερος
1570 2252 1727 2288 Ἅμεϊπεν·
1748 2254 1845 2290 Ἀσυμ-

1056 2299 1145 2333 φωνία
1164 2298 1247 2334 πολλή
1263 2308 1307 2334 μοι
1321 2300 1518 2334 καταφαίνεται
1536 2300 1589 2326 τῶν
1603 2300 1624 2326 Γ
1627 2300 1719 2336 ραφῶν
1732 2301 1777 2327 ἐπὶ
1798 2300 1844 2327 τοῦ

1057 2345 1197 2381 παρόντος.
1219 2344 1356 2372 Ἀθ.εἷπεν
1367 2355 1373 2362 ·
1395 2346 1440 2382 Μὴ
1453 2346 1558 2380 γένοιτο
1569 2346 1612 2374 ἴνα
1628 2346 1770 2382 ἄνθρωπος
1781 2355 1845 2374 κατ-

1055 2392 1118 2428 είπῃ
1130 2392 1184 2418 τῶν
1206 2392 1285 2419 Θείων
1307 2392 1353 2419 καὶ
1381 2392 1569 2419 Θεοπνεύστων
1596 2393 1724 2430 Γραφῶν,
1755 2394 1792 2425 ὡς
1812 2396 1843 2421 οὐ

1058 2440 1126 2473 μετὰ
1141 2439 1302 2474 συμφωνίας
1315 2439 1403 2467 ταῦτα
1420 2439 1508 2466 πάντα
1524 2440 1738 2475 φθεγγομένωνΊ
1761 2440 1845 2475 Ζυγδς

1055 2485 1109 2520 γὰρ
1125 2484 1220 2521 ὥσπερ
1233 2485 1347 2518 δίκαιος,
1366 2485 1437 2513 οὕτω
1464 2486 1639 2522 συμφωνοῦσι
1664 2486 1733 2522 πρὸς
1748 2487 1844 2519 ἑαυτὰς

1056 2532 1141 2557 πᾶσαι
1154 2532 1181 2558 αἱ
1196 2531 1311 2567 Γραφαί.
1330 2532 1390 2565 Ἀρ.
1409 2530 1485 2558 εἶπεν
1495 2540 1501 2546 ·
1517 2531 1578 2563 Πῶς
1593 2531 1797 2567 συμφωνοῦσινς
1816 2533 1844 2560 '0

1056 2578 1153 2614 Σωτὴρ
1174 2578 1244 2614 ἔφη·
1265 2589 1274 2604 ‹
1293 2580 1320 2605 '0
1335 2578 1430 2614 Πατὴρ
1446 2580 1459 2605 6
1477 2577 1588 2613 πέμψας
1609 2587 1654 2614 με,
1676 2579 1776 2614 μείζων
1795 2587 1842 2614 μου

524 2656 546 2672 ’⁸
561 2654 639 2683 Joan.
659 2664 714 2687 xiv.
734 2656 761 2683 9.
787 2655 810 2672 ¹⁷
830 2655 950 2692 Philipp.
971 2657 1047 2691 ",7.

1095 2747 1151 2782 (77)
1170 2747 1357 2782 Augustanus,
1378 2747 1428 2782 τὴν
1451 2756 1610 2782 συμφωνίαν
1635 2746 1704 2773 κατὰ
1727 2746 1766 2777 σὲ,
1791 2745 1841 2782 ἄρα

1061 2783 1212 2818 μάρτυρας,
1223 2784 1333 2810 omissis
1349 2783 1516 2810 intermediis
1524 2782 1774 2818 6t’6jiotozé}eurcv.

1094 2816 1234 2855 (78j'Aug.
1252 2819 1383 2845 ἐκένωσεν
1399 2819 1506 2854 μορφὴν
1523 2816 1615 2845 δυύὶζω
1629 2816 1730 2844 λαϐὼν.
