1929 3056
91 161 146 190 449

93 217 154 245 ἐστι
165 225 173 233 δ
189 226 199 242 ι
214 216 294 243 πάλιν
306 217 320 243 ὁ
333 215 412 247 αὐτὸς
425 215 498 249 λέγει
511 223 517 229 ·
542 223 551 239 α
572 213 644 247 Ἐγὼ
658 213 705 240 καὶ
721 213 735 238 0
749 211 845 246 Πατὴρ
858 210 888 236 ἓν

947 218 1023 237 iniim
1054 218 1152 238 sumus
1177 219 1184 237 τ
1203 218 1211 235 i
1234 213 1262 236 et
1282 219 1288 236 :
1309 218 1318 235 i
1339 209 1392 242 Qui
1420 208 1489 236 vidit
1514 215 1568 240 me,
1588 207 1656 236 vidit
1671 206 1725 236 Pa-
1775 226 1778 229 η

93 265 197 298 ἐσμεν·
219 271 229 288 ι
251 262 299 288 καὶ
323 261 440 296 ἑτέρως·
460 260 509 286 «Ὁ
531 258 662 294 ἑωρακὼς
685 257 751 292 ἐμὲ,
779 255 886 291 ἑώρακε

92 308 140 334 τὸν
166 306 292 342 Πατέρα·
319 315 328 332 ι
357 306 391 332 δι’
410 303 440 332 οὗ
462 304 590 340 σημαίνει
611 303 659 338 τὴν
678 301 886 338 ἀπαράλλακτον

93 353 177 381 αὐτοῦ
193 353 274 385 ἰδέαν,
292 352 325 388 ἢν
348 352 405 386 ἔχει
430 351 499 386 πρὸς
518 350 564 376 τὸν
585 348 682 375 ἑαυτοῦ
702 348 828 382 Πατέρα·
849 346 887 378 ὡς

94 400 144 425 καὶ
161 398 287 429 ὀΠαῦλός
302 406 367 433 φησι
381 397 436 424 ἴσον
448 397 493 423 τὸν
502 396 565 423 Υἰὸν
577 395 632 431 (79)
643 394 691 421 τοῦ
704 393 768 420 ἰδίου
781 393 887 428 Πατρὺς

94 445 251 480 τυγχάνειν.
275 444 329 471 Ἀθ.
346 442 423 470 εἶπεν
464 443 621 479 ΙἌνθρωπε,
636 441 718 468 ἄκουε
731 440 778 466 καὶ
795 440 887 473 σύνες,

95 491 139 518 δτι
164 492 213 518 οὐκ
245 489 412 522 ὰπέξευκται
439 490 527 516 ἐκεῖνο
546 488 576 515 τὸ
601 487 758 522 κεφάλαιον,
781 485 811 512 τὸ
837 485 889 520 φάο

98 537 245 573 εκυν(80)·
261 547 270 563 ι
294 537 324 563 '0
349 537 444 572 Πατήρ
471 544 532 571 μου,
555 536 569 562 0
588 533 699 569 πέμψας
720 541 765 568 με,
789 531 888 567 μείζων

99 592 150 619 μου
167 583 236 612 ἐστι.
253 593 262 609 ι
281 583 335 609 τῶν
346 582 447 609 λοιπῶν
458 581 622 616 κεφαλαίων.
640 581 699 614 Ἀρ.
717 579 810 606 εἶπεν*
827 578 890 605 Ἐὰν

97 629 179 656 τοῦτο
192 629 347 664 ἀποδείξῃς,
361 629 428 663 ὅπερ
446 626 635 662 ἀνεγχώρητόν
651 627 720 657 ἐστι,
734 625 804 660 τάχα
816 623 889 659 κάμὲ

99 676 224 711 ποιήσεις
242 674 280 710 τῷ
294 674 332 710 σῷ
345 675 499 710 φρονήματι
519 672 747 707 ἐπακολουθῆσαι.

137 722 181 748 Η.
204 721 259 748 Ἀθ,
280 718 373 746 εἶπεν·
399 720 427 746 Ὁ
452 719 499 745 τοῦ
516 718 583 744 Θεοῦ
598 718 663 749 Υἱὸς
681 717 747 748 Θεός
770 717 854 748 ἐστιν,
872 714 889 750 ἢ

100 768 149 800 οὗ;
169 769 228 801 Ἀρ.
241 765 316 793 εἶπεν
326 774 333 781 ⁸
350 765 415 797 Θεὸς
430 764 550 796 κτισθεὶς
561 763 613 790 ὑπὸ
626 763 705 790 Θεοῦ.
732 764 786 789 ‘A0.
801 760 888 788 εἶπεν·

107 815 151 846 Ὧς
168 813 264 846 θέλεις,
292 810 458 846 ἀποκρίθητί
485 819 529 845 μοι
552 810 615 845 περὶ
627 806 656 836 οὗ
675 809 781 845 ὲρωτῶ.
801 809 830 835 Ὀ
844 807 890 834 τοῦ

101 859 170 887 θεοῦ
182 858 244 889 Υἱὸς
262 857 350 884 πάντα
365 856 501 890 ἐποίησεν,
514 854 558 881 ναὶ
583 854 649 890 (81),
668 854 685 889 ἢ
706 852 755 885 οΰ;
775 853 836 886 Ἄρ.
853 851 892 878 εἷ-

657 153 868 184 DISPUTATIO
887 153 1028 182 CONTRA
1049 154 1171 183 ARIUM.

1671 151 1725 179 050

936 259 1006 282 trem
1022 265 1028 282 ε
1052 265 1061 282 ι
1080 256 1181 291 quibus
1196 255 1289 283 verbis
1307 255 1475 282 simillimam
1491 255 1620 289 nullaque
1634 254 1725 282 varie-

936 305 992 328 tate
1019 301 1155 329 diversam
1181 302 1224 329 sui
1253 306 1281 328 et
1312 300 1402 328 Patris
1427 301 1546 335 speciem
1573 299 1724 335 designat:

937 347 1168 382 quemadmodum
1198 352 1225 374 et
1246 346 1347 374 Paulus
1373 347 1467 374 scribit
1492 345 1590 373 Filium
1616 346 1724 381 propric

937 392 1012 420 Patri
1028 393 1158 428 aequalem
1175 400 1246 420 esse.
1263 392 1327 419 Alli.
1341 392 1422 424 Audi,
1435 392 1528 423 homo,
1555 395 1583 418 et
1606 391 1726 427 intellige

940 439 1008 466 illud
1021 439 1171 474 capitulum
1189 448 1195 465 :
1212 448 1221 464 ε
1235 438 1316 466 Pater
1329 446 1418 470 meus,
1428 438 1474 473 qui
1491 438 1565 464 misit
1575 445 1629 469 me,
1639 438 1727 472 major

938 491 983 511 me
998 487 1051 516 est,
1070 493 1080 510 ι
1101 483 1135 510 ab
1149 483 1212 510 aliis
1227 483 1339 510 minime
1354 483 1464 510 differre
1481 482 1618 517 capitulis.
1637 482 1686 510 Ar.
1696 481 1726 509 Si

939 530 965 557 id
981 529 1145 561 ostenderis,
1164 528 1236 564 quod
1258 537 1324 556 sane
1342 529 1400 556 fieri
1418 536 1471 555 non
1495 532 1594 564 potest,
1609 527 1681 556 forte
1698 532 1726 556 et

939 583 983 604 me
995 575 1108 602 intuain
1125 574 1289 602 sententiam
1306 575 1347 602 ire
1357 574 1515 609 compelles.

976 709 1021 736 Η.
1040 708 1102 736 Alli.
1128 707 1176 735 Dei
1204 707 1291 735 Filius
1319 707 1429 734 Densne
1452 709 1505 738 est,
1521 705 1563 733 vel
1586 704 1726 733 non?Ar.

941 753 1013 782 Dens
1027 758 1068 782 est
1083 758 1194 781 creatus
1208 761 1223 780 a
1241 753 1307 781 Deo.
1330 753 1393 781 Alli.
1419 752 1504 780 Prout
1523 751 1564 779 vis
1593 751 1729 786 responde

941 801 1007 828 mihi
1024 801 1057 828 ad
1079 800 1105 827 id
1123 799 1197 835 quod
1213 807 1229 826 a
1246 803 1271 827 te
1294 799 1431 827 sciscitor.
1449 799 1495 826 Dei
1516 797 1601 824 Filius
1630 797 1730 825 fecitne

942 848 1044 878 omnia,
1060 854 1093 873 an
1110 846 1244 873 non?Ar.
1261 845 1321 872 Jani
1338 853 1422 880 supra
1441 852 1603 871 concessum
1620 847 1662 871 est
1671 851 1730 870 om-

102 915 167 934 πεν-
186 903 412 940 Προαποόἐδοται,
425 903 466 928 ὅτι
479 901 567 927 πάντα
578 900 714 935 ἐποίησεν,
728 900 765 931 ὡς
778 899 891 934 δύναμις

947 893 987 920 nia
1002 900 1063 919 eum
1086 891 1194 925 fecisse,
1210 891 1310 926 quippe
1326 891 1372 925 qui
1397 890 1433 918 sit
1451 889 1497 916 Dei
1522 890 1609 916 virtus
1628 892 1655 916 et
1683 895 1729 931 sa.

102 950 150 977 καὶ
165 949 246 982 σοφία
256 947 396 982 τυγχάνων
408 945 486 972 Θεοῦ.
508 946 562 972 Ἀθ.
572 943 663 971 εἶπεν·
683 943 788 971 Οὐκοῦν
803 944 891 971 πάντα

102 993 267 1031 περιέχειτὰ
276 993 321 1019 ὑπ’
334 991 415 1018 αὑτοῦ
430 990 585 1026 ποιηθέντα,
601 990 659 1024 ἧτοι
669 988 753 1023 ὁρατὰ
769 989 827 1024 ἤτοι
837 988 891 1023 (82)

102 1041 206 1075 ἀόρατα
227 1040 241 1065 0
265 1038 313 1065 τοῦ
333 1037 399 1064 Θεοῦ
423 1036 497 1068 Υἱός.
515 1036 578 1069 "Ap.
603 1035 673 1071 ἔφη’
703 1034 798 1066 Οὕτως
819 1034 890 1070 ἔχει.

110 1087 164 1115 'A0.
180 1084 255 1113 εἶπεν
268 1094 274 1100 '
293 1084 433 1119 Πανταχοῦ
450 1081 497 1110 οὖν
507 1083 622 1118 πάρεστι
637 1083 670 1118 τῇ
683 1082 763 1117 οὐσία
778 1082 827 1116 τῆς
845 1089 892 1116 με-

102 1133 253 1168 γαλοσύνης
267 1131 359 1158 αὑτοῦ.
380 1131 442 1157 Ἐὰν
459 1130 549 1166 εἴπῃς,
563 1129 604 1155 ὅτι
618 1129 647 1155 οὺ
662 1129 776 1164 πάρεστι
791 1136 893 1154 παντα-

103 1180 165 1216 χοῦ,
180 1179 234 1214 ἄρα
249 1178 360 1214 μείζονα
374 1178 446 1213 ἐρεῖς
460 1177 494 1202 τὰ
509 1176 645 1211 γενόμενα
656 1175 702 1202 τοῦ
715 1174 890 1210 δημιουργοῦ.

106 1228 166 1260 Ἃρ.
182 1224 273 1252 εἶπεν·
294 1224 412 1259 Πάρεστι
435 1223 583 1258 πανταχοῦ.
611 1223 664 1249 Ἀθ.
688 1219 777 1248 εἶπεν·
800 1221 832 1247 Εἰ
847 1219 893 1247 οὖν

105 1269 202 1306 παρὼν
218 1269 348 1304 τυγχάνει
370 1267 507 1302 πανταχοῦ
525 1269 538 1294 0
562 1267 607 1293 τοῦ
634 1266 702 1292 Θεοῦ
720 1266 818 1299 Λόγος,
835 1265 894 1296 πῶς

105 1317 196 1351 λέγεις
211 1315 250 1347 τὸ,
266 1325 275 1341 ι
303 1315 331 1341 ’0
342 1315 437 1349 Πατήρ
449 1323 498 1349 μου
511 1314 525 1340 0
541 1313 651 1348 πέμψας
670 1321 714 1348 με,
728 1311 828 1347 μείζων
843 1320 893 1347 μου

106 1363 191 1394 ἐστίν,
207 1373 216 1388 ι
231 1362 330 1393 ἀπόδος
353 1370 397 1396 μοι
422 1362 468 1387 τὸν
485 1361 574 1394 λόγον.
591 1361 651 1393 Ἄρ.
673 1357 766 1386 εἶπεν·
787 1358 894 1394 Ἀπορῶ

107 1410 172 1445 περὶ
190 1409 294 1437 τούτου,
309 1407 364 1434 ἀλλ’
380 1406 458 1440 ἀξιῶ,
472 1407 574 1442 φράσον
594 1413 649 1440 μοι,
666 1405 718 1432 τίνι
735 1405 806 1440 λόγῳ
818 1402 895 1431 εἶπεν

106 1458 120 1483 0
137 1455 232 1490 Σωτὴρ
245 1453 357 1489 μείζονα
383 1453 481 1479 ἑαυτοῦ
499 1452 545 1479 τὸν
569 1451 694 1486 Πατέρα;
720 1452 774 1478 'Ao.
800 1448 892 1477 εἶπεν·

114 1502 177 1528 Ἐὰν
196 1501 233 1536 μὴ
247 1500 377 1536 πρότερόν
392 1508 435 1534 μοι
453 1498 544 1534 εἴπῃς,
559 1498 573 1524 ὃ
595 1496 736 1532 ἐπερωτῶ,
751 1497 781 1523 οὐ
800 1497 835 1532 μή
854 1504 895 1522 σοι

107 1545 186 1587 εζπω,
201 1546 269 1580 ὅπερ
292 1544 388 1575 Θέλεις.
400 1544 463 1577 Ἀρ.
478 1540 568 1569 εἶπεν·
587 1542 667 1576 Λέγε,
687 1542 700 1568 ὃ
718 1541 814 1576 βούλει.
839 1541 893 1568 Ἀθ.
909 1557 930 1587 c

107 1586 200 1615 εἶπεν·
220 1590 251 1615 Oi
266 1589 375 1623 ἄγγελοι
392 1587 532 1623 ἀσώματοι
554 1587 744 1621 τυγχάνουσιν,
759 1586 776 1621 ἢ
793 1586 897 1622 ἄνθρω-

108 1644 170 1668 ποι;
186 1637 250 1670 Ἀρ.
270 1633 520 1670 εἶπεν-’Λνῦρωποι
534 1634 562 1660 ἐν
583 1633 688 1668 σώματι
708 1633 896 1668 τυγχάνουσιν,

107 1681 219 1716 ἄγγελοι
235 1682 263 1708 δὲ
276 1682 419 1716 πνεύματα
437 1680 522 1712 ὄντες,
537 1679 677 1714 ἀσώματοί
690 1680 768 1705 εἰσιν.
787 1679 846 1705 Ἀθ.
857 1677 896 1704 εἷ-

107 1736 175 1754 ⁴ιτεν·
206 1728 284 1759 Τίνες
307 1725 353 1754 οὖν
373 1726 515 1758 κοπιῶσιν,
544 1725 697 1761 ἄνθρωποι,
721 1725 737 1760 ἢ
768 1723 896 1758 ἄγγελοι;

110 1774 176 1808 Ἀρ.
192 1772 429 1807 εἶπεν·-”Δγγελοι
445 1771 586 1806 ἀσώματοι
602 1771 774 1806 τυγχάνουσι,
787 1770 854 1806 πρὸς
868 1769 898 1796 τὸ

108 1818 300 1850 διακονοῦντας
317 1818 391 1853 αὑτῷ
408 1818 531 1853 καμάτου
547 1812 644 1852 πεῖραν
661 1817 697 1852 μὴ
721 1816 828 1842 λαϐεῖν·
850 1816 897 1842 ἀν-

109 1864 213 1901 θρώπῳ
227 1865 255 1891 δὲ
273 1864 312 1899 τῷ
329 1864 444 1899 κάμνειν
471 1864 546 1894 ἱδιον,
573 1862 617 1889 διὰ
637 1862 684 1898 τὴν
704 1861 751 1888 τοῦ
773 1861 898 1897 σώματος

111 1910 224 1946 βαρεῖαν
238 1910 331 1944 ὁλκήν.
352 1909 412 1936 ‘A0.
433 1906 523 1935 εἶπεν·
545 1908 572 1935 '0
589 1906 635 1935 οὖν
655 1908 757 1943 Κύριος
772 1908 830 1940 πῶς
840 1909 899 1934 ἐκο-

110 1956 208 1989 πίασε;
222 1955 375 1990 γέγραπται
389 1954 452 1989 γὰρ,
474 1963 483 1980 i
506 1953 608 1988 Ἰησοῦς
625 1955 653 1980 δὲ
667 1953 841 1986 κεκοπιακὼς
865 1955 898 1980 ἐκ

108 2003 161 2037 τῆς
171 2001 336 2038 ὁδοιπορίας,
353 2000 508 2032 ἐκαθέζετο.
525 2010 534 2026 ι
551 2001 616 2034 "Ap.
633 1998 725 2026 εἶπεν·
741 2000 898 2035 Συνήγαγές

112 2058 157 2084 με,
174 2048 212 2080 ὡς
224 2048 359 2083 ὴοέλησας
367 2047 399 2073 ὲκ
411 2046 458 2072 τοῦ
475 2046 695 2082 παραδείγματος
707 2045 761 2072 τῶν
775 2045 898 2080 ἀγγέλων

111 2094 227 2122 καὶτῶν
249 2093 409 2129 ἀνθρώπων,
421 2092 469 2127 οὐχ
485 2092 524 2124 ὡς
546 2092 613 2123 Θεὸς
632 2092 717 2126 Λόγος
742 2091 898 2122 ἐκοπίασεν,

111 2141 226 2168 ἀλλ’ἵνα
240 2141 322 2175 φανῇ,
342 2139 382 2165 ὃτι
411 2138 511 2173 σάρκα,
526 2138 560 2173 ἣν
584 2138 633 2164 οὐκ
656 2135 713 2173 εἶχε
737 2138 869 2173 πρότερον
885 2138 900 2164 ό

111 2187 198 2221 Λόγος
217 2186 264 2214 καὶ
280 2186 356 2218 Θεὸς,
366 2184 468 2220 ταύτην
478 2184 592 2211 ἀνέλαϐε
602 2193 608 2199 ·
630 2184 674 2211 διὰ
683 2184 761 2210 τοῦτο
771 2185 804 2219 τῇ
814 2183 896 2219 σαρκὶ

113 2233 288 2269 συνεχώρησε
317 2233 431 2267 πάσχειν
455 2230 489 2257 τὰ
514 2230 577 2261 ἴδια,
600 2231 643 2257 ῐνα
667 2231 738 2266 φανῇ
765 2231 805 2257 ὅτι
831 2229 900 2265 σάρξ

113 2280 197 2306 ἐστιν.

150 2326 194 2352 η.
215 2326 270 2353 Ἀθ.
282 2322 358 2352 εἴπεν
368 2333 374 2338 ·
389 2324 531 2360 Μέμνησο,
551 2323 591 2349 ὅτι
608 2321 846 2358 προωμολόγηται,
858 2321 899 2348 ὃτι

114 2370 253 2407 πανταχοῖ
278 2372 409 2407 ’πάρεστιν
421 2372 436 2397 0
452 2371 539 2404 Λόγος
558 2369 606 2396 καὶ
620 2369 696 2401 Θεός.
719 2369 785 2402 Ἀρ.
806 2366 899 2394 εἷπενο

122 2417 350 2454 Ἀραρότως.Ἁθ.
371 2415 462 2443 εἶπεν·
482 2417 514 2443 El
537 2413 584 2443 οὖν
608 2414 746 2450 πανταχοῦ
768 2414 901 2449 πάρεστιν

115 2464 181 2500 (85),
195 2464 267 2496 τίνος
276 2464 368 2490 ἕνεκεν
384 2462 513 2497 ἔφασκεν,
532 2471 542 2488 ‹
567 2462 596 2488 '0
611 2461 707 2496 Πατήρ
729 2468 779 2496 μου
798 2460 813 2486 0
830 2459 901 2494 πέμ-

114 2511 171 2546 ψας
191 2519 235 2546 με,
253 2509 353 2545 μείζων
376 2517 426 2544 μου
441 2507 531 2539 ἑστίη
549 2517 558 2534 i
575 2508 642 2542 Ἀρ.
662 2504 738 2533 εἶπεν
749 2514 756 2521 ·
769 2506 902 2541 Παρακα-

115 2556 155 2584 λῶ
171 2565 212 2589 σε,
226 2556 263 2592 μὴ
277 2555 396 2591 ὀκνήσῃς
411 2553 584 2587 ἀποκαλῦψαι
596 2553 626 2580 τὸ
640 2553 773 2588 ιιάλυμμα
787 2551 841 2579 ἀπὸ
853 2550 901 2577 τοῦ

116 2603 280 2639 γράμματος
294 2602 322 2628 ἐν
338 2601 425 2637 τάχει.
440 2600 506 2627 Δίαν
522 2599 576 2635 γὰρ
586 2599 718 2635 ἀνιῶμαι,
735 2599 795 2626 Ἀθ.
810 2595 900 2625 εἶπεν·

154 2680 177 2696 ⁸*
195 2679 275 2708 Joau.
292 2687 330 2712 ιν,
348 2679 374 2707 6.

154 2759 210 2795 (79)
236 2758 282 2786 Sic
305 2755 479 2795 Reg._»Angl._
503 2758 529 2795 et
552 2750 902 2795 Βσξί1.“εςοιιξιι1ἦπιιιῐιιιέ

117 2785 270 2822 Eli‘itilvero
283 2785 432 2821 οιιιῐινιιὶὶίς.
442 2785 488 2826 νμὴ
501 2789 564 2826 [σον
576 2788 630 2826 τὸν
640 2787 715 2826 Υἱόν.
726 2786 761 2813 At
775 2785 845 2826 Aug.
865 2785 905 2812 sic

118 2821 215 2860 liabet,
231 2821 288 2860 ἴσος
302 2826 348 2855 οὖν
359 2828 373 2854 0
382 2821 458 2863 tibi
467 2821 514 2851 τοῦ
532 2824 595 2863 ιδίου
605 2822 714 2863 ματρὸς
728 2821 858 2863 τυγχάνῃ.

231 2855 361 2891 ἱιιιόηπι.
379 2862 433 2889 fere
443 2855 524 2892 inss.;
537 2859 564 2885 in
580 2858 662 2885 editis
670 2855 774 2888 autem,
784 2856 820 2881 τὸ
835 2855 901 2889 ἐράσ-

157 2909 169 2926 ν
202 2903 267 2927 eest.

120 2909 169 2928 κον
183 2903 267 2927 deest.

944 938 1052 975 pientia.
1066 937 1128 963 Alli.
1145 935 1243 963 Omnia
1263 936 1346 971 igitur
1363 935 1410 962 Dei
1427 934 1513 962 Filius
1527 934 1658 965 continet,
1670 942 1731 969 qua:

942 986 977 1012 ab
997 985 1057 1019 ipso
1077 987 1141 1010 sunt
1158 982 1242 1014 facta,
1260 983 1318 1010 sive
1344 981 1475 1013 visibilia,
1492 980 1550 1008 sive
1570 979 1729 1007 invisibilia.

942 1032 990 1058 Ar.
1017 1031 1057 1057 ita
1075 1034 1128 1057 est.
1149 1029 1213 1056 Alli.
1230 1028 1338 1064 Ubique
1361 1035 1427 1062 ergo
1444 1027 1522 1054 adest
1548 1030 1647 1053 natura
1672 1033 1730 1053 suae

943 1077 1105 1112 majestatis.
1128 1075 1196 1102 Nam
1212 1075 1236 1102 si
1251 1074 1329 1101 dicas
1352 1081 1409 1100 non
1427 1072 1528 1107 ubique
1543 1071 1640 1099 adesse
1658 1080 1665 1098 :
1681 1071 1732 1105 igi-

943 1127 988 1150 tur
1013 1131 1057 1150 res
1078 1122 1163 1149 factas
1190 1120 1320 1148 fateberis
1350 1119 1428 1155 162
1454 1118 1583 1146 Creatore
1611 1117 1731 1152 majores

943 1176 1015 1196 esse.
1033 1168 1081 1194 Ar.
1104 1167 1188 1194 Adest
1217 1166 1329 1200 ubique.
1361 1165 1425 1191 Alli.
1452 1163 1481 1190 Si
1509 1163 1592 1198 igitur
1609 1170 1730 1198 prmsens

943 1215 1045 1249 ubique
1060 1216 1102 1241 est
1119 1213 1167 1239 Dei
1180 1211 1297 1240 Verbum
1315 1221 1321 1238 :
1337 1210 1474 1246 quomodo
1488 1209 1555 1236 illud
1574 1208 1703 1244 intelligis
1721 1217 1728 1235 :

946 1269 955 1286 i
968 1260 1049 1287 Pater
1063 1267 1139 1286 meus
1147 1259 1192 1294 qui
1205 1258 1280 1285 misit
1292 1265 1344 1289 me,
1363 1256 1450 1291 major
1462 1263 1505 1283 me
1515 1256 1596 1283 est?»
1616 1255 1652 1282 Da
1665 1254 1731 1282 mihi

945 1307 1090 1334 rationem.
1109 1305 1156 1332 Ar.
1183 1304 1232 1331 llic
1261 1303 1368 1330 hatreo:
1389 1302 1436 1330 sed
1462 1309 1522 1333 oro.
1540 1308 1644 1336 expone
1665 1300 1733 1327 Inibi

945 1361 998 1389 qua
1021 1353 1127 1380 ratione
1153 1351 1279 1378 Salvator
1292 1349 1392 1377 dixerit
1417 1347 1550 1382 majorem
1577 1354 1605 1374 se
1622 1346 1731 1374 Patrem

945 1407 1018 1427 esse.
1035 1399 1098 1425 Alli.
1112 1397 1170 1425 Nisi
1188 1397 1253 1424 milii
1265 1396 1341 1431 prius
1357 1394 1471 1424 dixeris,
1489 1393 1586 1428 quoda
1598 1397 1624 1420 le
1639 1397 1733 1428 postu-

946 1445 995 1472 lo:
1017 1452 1067 1472 nec
1081 1451 1131 1479 ego
1153 1443 1227 1478 quod
1244 1442 1284 1469 vis
1306 1441 1355 1468 tibi
1377 1448 1436 1468 sum
1454 1440 1589 1466 dicturus.
1608 1439 1655 1465 Ar.
1684 1438 1734 1464 Dic

947 1490 1019 1526 quod
1036 1490 1087 1518 vis.
1104 1489 1167 1517 Alli.
1188 1488 1320 1523 Angeline
1338 1486 1491 1521 incorporei
1506 1488 1581 1515 sunt.
1599 1491 1632 1510 an
1648 1483 1736 1510 homi-

948 1537 1013 1565 nes?
1037 1537 1085 1563 Ar.
1112 1535 1241 1562 Homines
1267 1537 1331 1561 sunt
1361 1532 1389 1559 in
1406 1539 1521 1566 corpore
1537 1540 1544 1558 :
1560 1529 1648 1565 angeli
1669 1536 1734 1557 vero

948 1590 1010 1610 cum
1040 1582 1095 1609 sint
1115 1580 1240 1615 spiritus,
1262 1576 1417 1612 incorporei
1439 1579 1514 1603 sunt.
1530 1574 1592 1602 Alli.
1618 1573 1736 1606 Quinam

947 1629 1030 1664 igitur
1041 1627 1208 1662 fatigantur:
1223 1623 1394 1653 hominesne,
1411 1629 1444 1648 an
1457 1621 1567 1656 angeli?
1590 1620 1638 1647 Ar.
1650 1618 1734 1652 Dixit,

948 1663 1035 1709 angeli
1051 1670 1206 1706 ineorporei
1221 1673 1296 1701 sunt,
1315 1672 1343 1695 ut
1356 1675 1418 1695 cum
1432 1667 1469 1693 illi
1486 1666 1656 1696 ministrant,
1671 1663 1735 1691 nul-

949 1720 1004 1746 lum
1021 1717 1194 1746 lassitudinis
1215 1715 1432 1751 experimentum
1449 1712 1613 1747 percipiant.
1629 1710 1664 1737 At
1682 1709 1734 1736 lio-

948 1766 1016 1793 mini
1037 1765 1180 1800 proprium
1193 1766 1235 1790 est
1251 1761 1369 1796 fatigari,
1387 1763 1498 1795 propter
1514 1764 1623 1793 gravem
1636 1763 1735 1791 nempe

948 1812 1072 1847 corporis
1094 1810 1204 1838 molem.
1222 1807 1285 1835 Alli.
1303 1806 1445 1840 Quomodo
1461 1812 1526 1839 ergo
1548 1803 1678 1838 fatigatus
1693 1805 1737 1830 est

950 1857 1102 1886 Dominus?
1117 1855 1254 1891 Scriptum
1270 1854 1343 1882 enim
1355 1856 1396 1880 est
1409 1862 1415 1879 :
1435 1860 1444 1876 (
1462 1849 1543 1878 Jesus
1556 1856 1621 1876 vero
1637 1848 1736 1883 fatiga-

949 1908 993 1931 tus
1008 1911 1040 1931 ex
1058 1903 1165 1933 itinere,
1178 1900 1290 1928 sedebat
1301 1899 1334 1925 ’⁸.
1355 1908 1364 1924 ›
1379 1898 1427 1924 Ar.
1443 1895 1489 1923 Uti
1505 1893 1626 1926 voluisti,
1638 1900 1670 1921 eo
1682 1901 1735 1925 me.

949 1949 1107 1984 angelorum
1122 1947 1317 1980 hominumque
1330 1942 1465 1977 exemplo,
1482 1939 1633 1972 adduxisti,
1649 1942 1679 1965 ut
1693 1937 1737 1965 fa-

950 2002 1008 2024 tear
1026 1995 1143 2022 Verbum
1157 2001 1212 2020 non
1228 1997 1257 2020 ut
1275 1991 1361 2018 Deum
1378 1989 1520 2024 fatigatum
1536 1994 1608 2014 esse.
1626 1984 1738 2013 Scilicet

950 2046 979 2070 ut
990 2044 1132 2076 appareret
1151 2046 1261 2067 carnem
1279 2037 1360 2068 lianc,
1375 2043 1457 2070 quani
1483 2033 1559 2068 prius
1575 2030 1695 2059 Verbum
1711 2034 1739 2058 et

950 2088 1022 2115 Deus
1035 2095 1089 2114 non
1103 2085 1234 2117 habebat,
1247 2083 1448 2117 assumpsisse;
1466 2080 1569 2107 idcirco
1586 2078 1662 2104 carni
1677 2083 1739 2112 qua)

951 2135 1002 2164 sibi
1018 2137 1096 2162 erant
1115 2132 1226 2168 propria
1252 2130 1309 2166 pati
1333 2128 1470 2165 permisit,
1484 2130 1514 2153 ut
1538 2131 1650 2151 carnem
1676 2130 1739 2150 esse

950 2181 1063 2210 evidens
1075 2183 1158 2207 esset.

916 2236 939 2265 ι)
986 2227 1032 2255 12.
1044 2225 1106 2253 ΑιΙι.
1123 2225 1225 2252 Memor
1248 2222 1286 2249 sis
1303 2225 1466 2248 concessum
1491 2220 1571 2244 antea
1593 2223 1655 2244 esse
1670 2213 1740 2242 Ver-

951 2275 1016 2302 bum
1031 2277 1059 2302 et
1074 2273 1157 2299 Deum
1179 2269 1280 2303 ubique
1303 2273 1375 2294 esse.
1402 2265 1451 2292 Ar.
1476 2262 1560 2290 Recte
1579 2261 1736 2289 admodum.

953 2321 1015 2348 Alli.
1035 2319 1065 2347 Si
1081 2318 1164 2353 igitur
1181 2315 1282 2349 ubique
1294 2318 1416 2348 praesens
1427 2312 1480 2341 est,
1497 2308 1577 2342 cujus
1590 2313 1673 2333 causa
1688 2305 1737 2336 ait,

955 2377 965 2394 ‹
983 2367 1063 2394 Pater
1077 2350 1155 2392 uicus
1172 2361 1219 2397 qui
1242 2359 1318 2387 misit
1342 2365 1385 2384 me
1408 2355 1496 2390 major
1516 2361 1560 2381 me
1582 2351 1644 2380 est?
1663 2361 1672 2378 i
1691 2350 1737 2379 Ar.

953 2414 1075 2442 Obsecro
1088 2414 1124 2444 te,
1137 2417 1171 2437 ne
1181 2396 1308 2444 graveris
1324 2404 1414 2432 velum
1440 2410 1455 2429 a
1470 2401 1562 2428 littera
1584 2405 1667 2444 quam
1685 2396 1739 2444 cito

954 2439 1210 2487 detrahere.’Valde
1222 2451 1296 2479 enim
1310 2455 1394 2484 angor
1412 2447 1513 2473 animo.
1534 2443 1596 2470 Ath.
1615 2441 1682 2487 Quis
1700 2439 1740 2467 fa-

955 2486 1056 2540 tigatus
1079 2505 1132 2533 est,
1147 2500 1277 2529 bomone,
1289 2504 1323 2523 an
1341 2494 1412 2521 Deus
1427 2489 1569 2540 Verbum?-
1583 2486 1739 2540 ArLHomo.

955 2531 1017 2577 Alli.
1030 2531 1217 2580 Tuum-igitur
1229 2543 1286 2578 jam
1307 2544 1350 2568 est
1368 2537 1531 2572 intelligere.
1552 2535 1601 2562 Ar.
1616 2531 1741 2568 Percipio

955 2593 1021 2631 quid
1034 2597 1081 2620 tuo
1096 2578 1297 2624 hoc—responso
1313 2585 1460 2620 intelligas,
1474 2589 1582 2618 nempe,
1596 2587 1658 2608 cum
1668 2578 1742 2607 Deus

992 2747 1049 2780 (8t)
1065 2745 1119 2773 Ναί
1131 2745 1209 2773 abest
1222 2744 1255 2770 ab
1270 2743 1384 2780 August.

1003 2778 1047 2815 82)
1063 2780 1205 2817 Αιιεζεῐτε
1215 2778 1392 2817 ῥρατάκεῐτε.
1456 2814 1463 2817 _
1479 2810 1486 2816 _

1003 2783 1047 2815 82)
1063 2783 1131 2817 Aug.
1150 2783 1205 2806 εἴτε
1215 2783 1310 2816 ὁρατὰ,
1327 2783 1392 2804 εῑτε.
1479 2810 1486 2816 _
1551 2809 1567 2816 μ

956 2783 1048 2881 deﬁgi)
1065 2817 1106 2844 lta
1129 2816 1194 2851 Reg.
1217 2815 1247 2842 ln
1260 2814 1341 2841 editis
1362 2819 1428 2839 vero
1440 2814 1466 2838 et
1480 2818 1508 2838 in
1525 2810 1596 2843 aliis,
1610 2807 1746 2844 πάρεστιν
