1929 3056
175 147 253 193 \lSI

763 150 793 169 ra.
815 140 1049 169 ATIIANASIUS.
1069 155 1104 161 —
1123 141 1260 169 SPURIA.

1775 143 1828 173 εδει.

200 207 317 234 Verbum
337 205 439 239 ubique
454 203 536 235 adsit,
551 203 656 230 clarum
673 210 734 231 esse
754 204 842 238 ipsum
869 207 981 238 propter

1040 203 1080 235 Γίς
1094 203 1167 229 ἐστιν
1177 204 1191 230 ὁ
1203 201 1388 235 κεκοπιακὼς,
1415 203 1570 239 ἄνθρωπος,
1589 203 1605 239 ἦ
1621 204 1634 230 6
1647 202 1714 236 Θεὸς
1723 203 1807 238 Λόγος
1818 213 1826 236 -,

197 259 308 279 carnem
323 251 444 278 dixisse:
467 258 476 274 ι
495 248 574 276 Pater
586 257 664 276 meus
679 248 726 284 qui
744 249 818 275 misit
836 256 878 275 me
891 268 898 279 ,
928 255 986 274 ma-

196 299 240 333 jor
255 306 297 324 me
316 301 367 324 est.
382 306 390 322 ι
406 295 468 322 Haec
482 295 554 322 enim
570 295 745 330 gradiebatnr
760 299 787 321 et
807 294 984 329 fatigabatur,

196 348 224 371 et
239 351 255 370 a
275 343 334 370 loco
347 343 374 369 in
404 342 494 369 locum
506 341 648 376 migrabat.
665 341 746 368 Certe
765 340 791 367 id
807 347 837 367 se
850 343 924 368 recte
936 340 986 366 ha-

197 391 253 417 bet.

1040 250 1099 283 Ἀρ.
1117 247 1192 275 εἶπεν
1205 257 1211 264 ·
1230 249 1401 285 Ἀνθρωπος.
1419 249 1480 276 Ἀθ.
1495 248 1586 276 εἴπεν·
1600 250 1704 277 Οὐκοῦν
1713 249 1757 276 σόν
1772 251 1827 276 ἐστι

1038 295 1068 321 τὸ
1083 295 1177 330 νοῆσαι
1192 295 1294 322 λοιπόν.
1315 296 1380 329 Ἀρ.
1404 294 1480 322 εἶπεν
1492 304 1498 311 ·
1510 296 1708 332 Κατελαϐόμην
1724 305 1771 322 σου
1784 296 1829 322 τὸν

1038 339 1100 367 νοῦν
1115 341 1143 366 ἐν
1158 339 1196 375 τῷ
1208 340 1278 375 λόγῳ
1289 339 1386 376 τούτῳ,
1399 341 1440 367 ὅτι
1454 340 1500 367 τοῦ
1515 340 1582 367 Θεοῦ
1593 341 1678 375 Λόγου
1692 339 1828 376 πανταχοῦ

1038 385 1182 421 παρόντος,
1195 385 1274 420 δῆλον
1291 386 1331 412 ὅτι
1345 385 1389 413 διὰ
1402 387 1451 422 τὴν
1467 386 1556 422 σάρκα
1578 385 1670 419 εἶπεν,
1690 396 1699 412 ι
1725 387 1754 413 '0
1774 386 1828 413 Πα-

196 439 247 474 τήρ
263 447 323 474 μου,
341 440 354 465 ό
369 437 480 473 πέμψας
492 446 536 472 με,
552 436 652 472 μείζων
667 445 717 471 μου
734 435 818 467 ἐστίν,
837 445 845 461 ι
863 435 913 470 τὴν
929 434 1088 470 βαδίζουσαν
1108 434 1156 461 καὶ
1177 434 1326 467 κοπιῶσαν,
1353 435 1401 461 καὶ
1416 435 1470 461 ἀπὸ
1498 434 1582 462 τόπου
1606 436 1647 468 εἰς
1672 436 1755 462 τόπον
1774 434 1830 461 ἓτε-

199 495 244 521 ρον
259 487 454 522 πορευομένην.
475 485 594 520 ’Λληθὼς
610 484 698 520 ὀρθῶς
712 484 768 520 ἔχει
788 484 877 512 τοῦτο.

232 534 349 561 15.ΑῑΙι.
373 533 433 560 Jam
460 535 487 560 in
515 538 633 560 mentem
657 540 754 560 revoca
780 532 854 567 quod
882 531 987 562 dixisti,

197 579 282 607 Deum
299 580 420 607 Verbum
442 584 565 607 creatum
589 587 660 606 esse.
682 578 760 606 Unde
778 579 819 606 vis
845 586 986 606 sumamus

197 625 392 660 initium?Ego
415 633 480 652 vero
502 632 558 651 non
585 625 672 651 audeo
698 629 754 651 tam
777 625 897 650 Iidenter.
913 623 987 658 loqui

197 675 292 698 eontra
309 675 438 697 attentam
455 670 514 704 ejus
528 669 780 696 Filiidivinitatcm.
795 669 845 698 Ar.
862 669 988 705 Egoqui-

197 717 257 744 dem
275 717 301 743 id
319 725 351 743 ex
366 715 516 750 Seripturis
531 716 616 750 probo
634 725 640 742 :
657 719 685 741 tu
701 723 766 742 vero
783 715 918 742 undenam
938 715 988 741 ha-

198 762 246 788 bes
260 761 358 788 Filium
375 764 507 788 aeternum
520 768 582 787 esse
594 761 605 786 Ἰ
616 759 678 786 Alli.
689 758 744 793 Ego
757 767 789 786 ex
806 759 883 786 libris
896 758 988 785 divino

197 806 287 832 alllatu
306 806 418 840 scriptis
433 805 515 832 didici
530 809 662 831 :eternum
678 812 740 832 esse
753 803 799 831 Dei
818 803 987 830 Filitlllt.Ar.

1079 527 1123 554 15.
1148 526 1207 553 Ἀθ.
1224 524 1315 552 εἶπεν·
1332 525 1433 571 Λοιπὸν
1447 525 1513 552 λάϐε
1528 535 1572 561 μοι
1587 527 1616 553 ἐν
1632 527 1669 562 νῷ
1686 528 1716 555 τὸ
1739 529 1829 565 ῥητὸν,

1041 574 1110 609 ὅπερ
1121 572 1199 608 ἔφης,
1215 572 1255 598 ὅτι
1266 572 1280 597 ό
1296 571 1363 603 Θεὸς
1375 572 1460 606 Λόγος
1473 572 1688 608 ἐκτίσθη.Πόθεν
1706 574 1830 609 λάϐωμεν

1039 619 1088 654 τὴν
1104 619 1208 654 ἁρχήνς
1226 618 1262 644 Οὐ
1275 617 1366 652 τολμῶ
1376 617 1463 649 οὕτως
1471 618 1579 652 ἀφόϐως
1587 619 1754 654 φθέγγεσθαι
1763 622 1832 648 κατὰ

1039 665 1089 700 τῆς
1101 665 1184 691 ἀϊδίου
1200 663 1325 699 θεότητος
1338 663 1383 690 τοῦ
1399 663 1464 690 Υίοῦ
1481 665 1563 691 αὑτοῦ
1575 665 1640 701 (Μ).
1658 667 1724 700 Ἀρ.
1739 665 1828 695 εἶπεν

1048 709 1119 744 Ἐγὼ
1136 710 1184 745 μὲν
1194 709 1248 735 ἀπὺ
1263 709 1316 735 τῶν
1329 708 1444 744 Γραφῶν
1457 709 1536 735 τοῦτο
1548 710 1619 744 λέγω
1632 720 1638 727 ·
1658 711 1690 737 σὺ
1708 711 1737 738 δὲ
1751 712 1830 739 πόθεν

1040 756 1126 783 ἀΐδιον
1138 755 1227 789 λέγεις
1242 755 1287 781 τὸν
1304 755 1383 787 Υἱόν;
1405 756 1465 782 Ἀθ.
1482 753 1574 782 εἶπεν·
1603 756 1669 782 Ἀπὸ
1696 757 1750 784 τῶν
1776 757 1831 784 θεο-

1041 802 1181 828 πνεύστων
1190 801 1306 836 Γραφῶν
1319 800 1432 836 ἔμαθον,
1451 802 1492 827 ὅτι
1505 802 1589 833 ἅῖδιός
1605 802 1678 828 ἐστιν
1690 804 1704 829 ὁ
1717 803 1779 835 Υἱὸς
1786 791 1829 830 τοῦ

197 852 327 884 Quaenam
342 850 493 886 Scriptura:
517 851 616 877 docent
632 854 764 877 mtcrnum
785 857 846 877 esse
871 848 986 875 Filium?

1040 848 1118 875 Θεοῦ.
1136 849 1200 881 Ἀρ.
1213 844 1304 873 εἶπεν·
1322 847 1401 873 Ποῐαί
1415 847 1483 873 εἰσιν
1494 848 1522 873 αἱ
1536 848 1653 883 Γραίραὶ,
1670 849 1699 875 αἱ
1717 849 1830 883 φάσκου-

197 897 260 925 ΑιΙι.
290 897 492 925 Celeberrimus
513 896 616 923 Paulus
646 897 672 923 in
699 896 818 923 medium
845 895 987 930 prodiens,

196 943 339 970 veritatem
353 950 403 970 suo
424 944 583 970 testimonio
607 942 791 970 conﬁrmabit.
811 951 819 967 ι
840 941 988 969 Invisibilia

195 989 268 1016 cnim
281 989 378 1023 ipsius,
401 989 501 1023 inquit,
532 997 565 1016 ex
595 989 734 1016 creatione
747 988 852 1017 mundi.
882 996 931 1022 per
944 995 989 1015 res

196 1036 283 1063 factas
299 1033 439 1062 intellecta
451 1035 672 1070 conspiciuntur,
694 1034 916 1068 sempiternaque
928 1034 988 1068 ejus

194 1081 294 1113 virtus,
311 1085 338 1108 et
352 1080 483 1108 divinitas
503 1090 510 1107 :
526 1084 556 1107 ut
571 1081 626 1107 sint
638 1080 690 1115 ipsi
703 1080 988 1114 iuexcusabilcs,quia

195 1135 257 1154 cum
272 1127 356 1154 Deum
373 1127 577 1162 cognovissent,
595 1135 649 1153 non
661 1127 733 1153 sicut
751 1126 836 1152 Deum
853 1126 989 1160 gloriﬁca-

194 1178 304 1205 verunt,
321 1177 368 1199 aut
380 1174 486 1207 gratias
510 1177 623 1208 egerunt
637 1174 670 1200 "’.
689 1182 698 1198 )
716 1173 763 1199 Ar.
780 1171 843 1199 llaec
861 1172 895 1199 de
907 1172 988 1200 Patre

195 1219 264 1246 dicit
281 1218 432 1253 Scriptura.
451 1220 513 1245 Alli.
532 1218 627 1246 Nonne
650 1219 746 1246 beatus
761 1218 863 1246 Paulus
879 1227 926 1246 eos
944 1227 988 1246 ar-

196 1266 264 1300 guit,
279 1266 326 1300 qui
343 1265 427 1292 Deum
444 1265 491 1292 Dei
510 1264 609 1292 Filium
628 1273 677 1300 per
689 1273 791 1300 corpus
810 1269 986 1300 apparantem

196 1319 252 1338 non
270 1316 466 1346 cognoverant,
482 1319 532 1338 nec
555 1312 750 1348 sempiternam
779 1311 840 1345 ejus
856 1311 987 1338 divinita-

196 1360 262 1387 tem,
279 1357 324 1391 qui
348 1357 507 1384 universum
528 1356 691 1383 adornavit?
714 1355 855 1391 Siquidem
875 1364 909 1383 ex
929 1364 987 1383 ma-

196 1403 340 1438 gnitudine
365 1407 392 1429 et
405 1402 612 1437 pulchritudine
627 1410 719 1429 rerum
737 1407 903 1436 creatarum,
917 1411 986 1431 con-

195 1450 337 1476 venienter
354 1451 493 1485 cognosci,
509 1457 571 1476 cum
602 1451 753 1485 gratiarum
775 1451 883 1479 actione
907 1450 987 1478 debet

196 1491 312 1521 Creator
327 1495 360 1521 ²⁰.
377 1494 551 1521 Manifestum
565 1498 608 1522 est
626 1499 717 1522 autem
731 1495 823 1521 omnia
841 1501 901 1529 qua:
915 1494 986 1520 facta

196 1549 261 1568 sunt
278 1549 326 1577 per
346 1540 465 1568 Verbum
481 1541 550 1568 facta
568 1549 639 1573 esse,
652 1541 776 1576 nihilque
791 1541 850 1568 sine
861 1540 908 1567 illo
923 1547 985 1567 esse

196 1587 308 1614 factum.
324 1587 497 1623 Quapropter
512 1587 626 1614 deberes
640 1590 669 1614 tu
685 1594 794 1622 quoque
810 1594 844 1613 ex
854 1586 987 1621 prmclara

196 1634 392 1661 elementorum
403 1634 639 1668 coagmentatione
652 1633 811 1660 Creatorem
825 1631 989 1659 convenien-

195 1684 238 1706 ter
252 1680 415 1715 intelligere,
429 1684 510 1714 teque
527 1679 567 1706 tui
590 1679 678 1714 ipsius
698 1687 752 1705 non
768 1678 893 1713 ignarum
915 1685 986 1709 esse,

196 1726 391 1760 percipercque
421 1725 554 1752 mundum
574 1724 669 1751 aeterni
684 1724 731 1750 Dei
758 1731 828 1759 opus
849 1731 921 1754 esse,
938 1730 988 1750 nec

196 1772 319 1806 potuisse
342 1775 463 1799 creatam
495 1775 622 1798 naturam
655 1774 763 1797 tantum
791 1777 861 1805 opus
884 1769 988 1804 produ<

194 1825 270 1845 cere.

230 1863 274 1890 Η.
289 1862 336 1888 Ar.
350 1862 425 1895 Esto,
442 1863 478 1890 sit
495 1868 615 1890 azternus
630 1861 717 1889 Filius
735 1871 741 1888 :
761 1862 807 1889 sed
826 1862 860 1888 ab
876 1861 987 1889 :eterni-

193 1913 250 1935 tate
269 1911 390 1941 creatus,
405 1909 586 1936 aeternitatem
602 1909 716 1936 obtinet.
729 1909 791 1935 Alli.
815 1907 844 1934 Si
867 1912 987 1936 {eternus

193 1958 235 1981 est
248 1953 345 1986 Filius,
358 1962 413 1980 non
429 1959 471 1982 est
495 1962 540 1981 res
559 1959 650 1982 creata
669 1964 675 1982 :
690 1955 762 1990 quod
779 1955 802 1982 si
819 1962 863 1982 res
881 1960 985 1987 creata,

193 2008 248 2028 non
264 2006 306 2028 est
320 2004 452 2028 aeternus.
470 2000 518 2027 Αν.
534 2000 604 2028 Num
623 2002 680 2028 hazc
699 2008 750 2036 ego
769 2009 803 2028 ex
820 2001 930 2036 propria
947 2001 987 2028 lo-

192 2053 262 2080 quor
277 2045 457 2072 auctoritate?
470 2045 555 2073 Filius
576 2047 635 2081 ipse
657 2047 695 2073 ait
711 2054 740 2074 se
754 2054 769 2072 a
786 2046 841 2073 Deo
866 2047 985 2082 prinmm

192 2091 315 2118 omnium
339 2094 461 2118 creatum
486 2100 556 2119 esse.
580 2092 642 2118 ΑιΙι.
663 2091 760 2119 Tibine
784 2093 836 2120 soli
853 2101 887 2119 an
902 2092 985 2119 etiam

194 2137 255 2165 aliis
280 2138 430 2165 revelatum
443 2142 484 2166 est
500 2138 552 2165 hoc
570 2139 648 2173 163
664 2137 726 2165 Filii
741 2138 788 2165 Dei
806 2138 985 2174 mysterium?

193 2183 241 2210 Ar.
267 2183 327 2211 Non
353 2184 475 2211 omnium
496 2188 538 2212 est
569 2184 635 2212 lides
655 2185 688 2212 ".
712 2184 907 2212 Verumtamen
927 2192 984 2212 non

193 2229 260 2257 mihi
272 2230 334 2263 soli,
348 2231 396 2257 sed
408 2231 490 2257 etiam
508 2230 568 2257 aliis
583 2229 692 2265 cognita
707 2233 749 2256 est
766 2229 983 2257 ιιιιιοιιὶἀοε.ΑιΙι,

193 2275 338 2303 Undenam
355 2276 433 2302 vobis
455 2283 486 2302 ea
499 2275 621 2302 revelata
649 2275 708 2302 est?
732 2274 771 2302 Ex
790 2274 866 2308 Deo,
893 2282 927 2301 an
952 2282 986 2301 ex

193 2320 369 2348 hominibus?
393 2322 442 2348 Ar.
468 2320 507 2347 Ex
522 2320 587 2348 Deo.
613 2320 677 2347 ΑιΙι.
693 2319 770 2347 Tune
790 2320 849 2355 ipse
878 2320 987 2348 auditor

193 2367 280 2399 fuisti,
297 2376 331 2394 an
346 2368 391 2394 alii
408 2368 456 2394 tibi
473 2367 673 2395 narrav’erunt?
689 2367 738 2394 Ar.
759 2367 818 2395 Non
842 2368 908 2394 mihi
923 2375 989 2395 nar-

192 2417 332 2446 raverunt,
343 2414 390 2441 sed
405 2414 483 2441 lnulti
498 2414 597 2444 sancti,
608 2414 636 2440 in
650 2413 754 2449 Spiritu
766 2413 814 2441 Dei
831 2414 986 2448 loquentes,

192 2457 292 2486 Filium
323 2463 447 2486 creatum
481 2467 543 2486 esse
573 2459 752 2487 allirmarunt.
770 2459 834 2486 ΑιΙι.
865 2459 984 2493 Quinam

193 2509 255 2532 sunt
267 2504 332 2532 isti?
344 2505 385 2531 An
401 2511 428 2532 et
440 2501 490 2533 nos
504 2513 587 2532 nosse
601 2513 656 2532 non
673 2513 820 2540 possumus
831 2506 898 2533 ?Ar.
910 2505 981 2533 Tute

192 2551 251 2590 ipse
264 2551 338 2579 nosti
353 2555 379 2578 et
395 2551 542 2586 prophetas
555 2555 582 2578 et
600 2552 742 2586 apostolos
756 2552 852 2579 multis
867 2552 894 2578 in
915 2552 982 2579 locis

193 2598 297 2626 dixisse
311 2598 451 2626 Christum
469 2605 527 2625 rem
545 2602 665 2625 creatam
677 2606 750 2626 esse.
764 2597 827 2625 ΑιΙι.
846 2597 885 2625 Te
900 2598 982 2633 paulo

192 2647 255 2671 ante
268 2644 404 2671 dicentem
429 2644 521 2671 audivi
545 2644 572 2671 id
596 2652 610 2670 ει
631 2643 701 2672 Filio
716 2644 818 2672 dictum
835 2652 907 2678 esse,
925 2644 981 2679 jam

1042 904 1087 922 σαι
1112 895 1196 921 ἁῖδιον
1217 894 1263 920 τὸν
1280 893 1360 926 Υἱόν;
1383 895 1442 920 Ἀθ.
1456 891 1549 920 εἶπεν·
1572 894 1672 921 Ἐλθὼν
1686 897 1700 922 6
1714 896 1830 931 ἀοίδιμος

1040 941 1145 972 Παῦλος
1164 940 1332 976 μαρτυρήσει
1354 941 1386 975 τῇ
1416 939 1545 976 ἀληθείᾳ·
1565 950 1573 966 ι
1591 941 1631 967 Τὰ
1653 942 1710 977 γὰρ
1731 942 1833 977 ἀόρατα

1040 987 1134 1018 αὑτοῦ,
1156 987 1250 1022 φησιν,
1274 985 1329 1011 ἀπὸ
1343 986 1459 1018 κτίσεως
1483 987 1585 1022 κόσμου
1614 989 1672 1019 τοῖς
1701 989 1830 1024 ποιήμασι

1039 1033 1172 1068 νοούμενα
1186 1031 1348 1066 καθορᾶται,
1364 1031 1381 1067 ἦ
1396 1039 1426 1057 τε
1448 1032 1532 1064 ἀΐδιος
1552 1033 1634 1059 αὑτοῦ
1647 1034 1766 1070 δύναμις
1784 1035 1830 1061 καὶ

1040 1079 1145 1114 θειότης
1155 1078 1220 1114 (85),
1237 1077 1278 1108 είς
1289 1077 1319 1103 τὺ
1335 1075 1404 1104 εἶναι
1416 1078 1513 1110 αὐτοὺς
1526 1079 1757 1116 ἀναπολογήτους,
1769 1080 1830 1107 διότι

1039 1126 1148 1159 γνόντες
1170 1125 1215 1152 τὸν
1230 1126 1306 1158 Θεὸν,
1322 1125 1371 1161 οὐχ
1387 1126 1425 1157 ὠς
1439 1125 1505 1151 Θεὸν
1523 1125 1662 1158 ἐδόξασαν,
1689 1127 1705 1159 ἢ
1721 1127 1831 1162 ηὐχαρί-

1040 1179 1151 1206 στησαν.
1183 1181 1192 1197 ι
1216 1173 1275 1206 Ἀρ.
1304 1170 1396 1199 εἶπεν
1415 1172 1483 1208 Περὶ
1523 1172 1570 1198 τοῦ
1612 1172 1722 1208 Ila-:96;
1760 1172 1832 1206 λέγει

1039 1217 1119 1243 τοῦτο
1143 1219 1159 1253 ή
1185 1218 1290 1254 Γραφή.
1323 1219 1377 1246 Ἀθ.
1406 1217 1501 1245 εἶπεν·
1531 1219 1634 1245 Οὐκοῦν
1665 1220 1682 1245 ὁ
1701 1219 1832 1254 μακάριος

1040 1263 1190 1303 ἀπόστολος
1212 1265 1318 1296 Παῦλος
1347 1260 1467 1291 αἰτῖᾶται
1489 1265 1553 1296 τοὺς
1583 1265 1614 1291 τὸ
1635 1264 1683 1291 διὰ
1707 1264 1830 1301 σώματος

1039 1310 1204 1343 ἐπιφανέντα
1217 1310 1283 1336 Θεὸν
1302 1310 1366 1337 Υἱὸν
1387 1310 1455 1337 Θεοῦ
1478 1311 1514 1346 μὴ
1536 1310 1730 1345 ὲπεγνωκότας
1749 1310 1830 1337 ἀΐδιον

1039 1355 1154 1391 θεότητα
1171 1356 1264 1389 αὑτοῦ,
1279 1356 1325 1382 τοῦ
1340 1356 1370 1383 τὸ
1386 1357 1440 1383 πᾶν
1463 1356 1714 1392 διακοσμήσαντος;
1730 1358 1761 1383 ἐκ
1778 1356 1831 1392 γὰρ

1041 1401 1172 1436 μεγέθους
1189 1403 1236 1429 καὶ
1249 1402 1381 1438 καλλονῆς
1400 1403 1558 1438 κτισμάτων
1581 1402 1722 1437 ἀναλόγως
1734 1403 1773 1429 δεῖ
1787 1404 1829 1430 τὸν

1038 1447 1202 1483 δημιουργὸν
1217 1449 1402 1484 γνωρισθέντα
1416 1449 1655 1485 εὐχαριστηθῆναι.
1675 1449 1791 1485 Φανερὸν
1803 1449 1830 1475 δέ

1039 1495 1112 1521 ἐστιν
1129 1495 1184 1530 (86)
1199 1495 1240 1521 ὃτι
1263 1496 1351 1523 πάντα
1364 1496 1408 1522 διὰ
1424 1495 1471 1523 τοῦ
1488 1497 1575 1530 Λόγου
1599 1497 1634 1523 τὰ
1661 1497 1829 1532 γεγενημένα

1040 1539 1146 1573 γέγονε,
1163 1540 1211 1567 καὶ
1233 1542 1318 1576 χωρὶς
1331 1541 1413 1568 αὑτοῦ
1430 1542 1542 1576 γέγονεν
1565 1542 1625 1568 οὐδὲ
1641 1542 1672 1568 ἓν
1685 1550 1692 1557 ·
1711 1542 1763 1569 ἔδει
1785 1539 1829 1569 οὖν

1040 1586 1087 1612 καὶ
1110 1586 1139 1613 σὲ
1158 1588 1190 1613 ἐκ
1215 1587 1265 1622 τῆς
1286 1587 1340 1614 τῶν
1358 1588 1498 1623 στοιχείων
1520 1588 1645 1624 ἐναρέτου
1669 1588 1829 1624 συμπήξεως

1040 1632 1251 1667 ἀναλογίσασθαι
1263 1633 1309 1659 τὸν
1323 1633 1354 1668 δη
1360 1634 1487 1669 μιουργὸν
1500 1633 1650 1669 ἀναλόγως,
1672 1636 1718 1662 καὶ
1735 1633 1829 1661 σαυτοῦ

1039 1679 1212 1714 ὲπιγνώμονα
1225 1679 1361 1714 γενέσθαι,
1373 1680 1413 1706 ὅτι
1427 1680 1511 1706 ἀϊδίου
1527 1680 1594 1706 Θεοῦ
1611 1681 1742 1715 τυγχάνει
1754 1681 1829 1716 ἔργον

1038 1727 1052 1751 ό
1067 1726 1179 1761 κόσμος,
1194 1726 1224 1752 οὐ
1242 1726 1353 1761 κτιστῆς
1365 1726 1393 1752 δὲ.
1407 1725 1523 1760 φύσεως,
1538 1728 1575 1762 μὴ
1585 1726 1738 1763 δυναμένης
1748 1729 1828 1762 emp-

1039 1771 1118 1798 κέσαι
1131 1771 1250 1798 τοσαῦτα
1263 1772 1339 1808 δρᾷν.

1075 1861 1119 1888 μ.
1138 1863 1198 1896 Ἄρ.
1223 1860 1315 1890 εἶπεν·
1335 1865 1427 1890 Ἔστω
1449 1864 1534 1896 ἀΐδιος
1557 1866 1571 1892 ό
1599 1865 1675 1897 Υἱὸς,
1698 1865 1764 1893 ἀλλὰ
1783 1864 1826 1891 καὶ

1038 1907 1130 1938 ἀϊδίως
1144 1907 1264 1940 κτισθεὶς
1278 1908 1332 1944 ἔχει
1348 1909 1379 1935 τὸ
1404 1910 1498 1937 ἀΐδιον.
1518 1911 1575 1938 Ἀθ.
1589 1909 1667 1938 εἶπεν
1681 1920 1688 1927 ·
1701 1913 1732 1938 Εἰ
1747 1909 1825 1940 ataw';

1037 1952 1111 1980 ἐστιν
1137 1955 1152 1980 6
1168 1954 1242 1986 Υἱὸς,
1261 1956 1311 1982 οὐκ
1331 1953 1365 1991 ἦν
1389 1956 1510 1991 κτίσμα’
1541 1957 1565 1983 εἰ
1588 1957 1617 1983 δὲ
1640 1957 1744 1993 κτίσμα
1765 1965 1824 1990 τυγ-

1037 1999 1124 2034 χάνει,
1141 2000 1190 2027 οὐκ
1207 1999 1241 2036 ἦν
1269 2001 1364 2033 ἀΐδιος.
1381 2002 1446 2037 Ἀρ.
1466 2000 1558 2029 εἶπεν·
1578 2003 1624 2038 Μὴ
1647 2003 1703 2040 γὰρ
1724 2002 1777 2038 ἐγὼ
1797 2001 1824 2034 ἐξ

1038 2047 1139 2078 οἰκείας
1152 2047 1294 2080 αὺθεντίας
1309 2048 1364 2083 (87)
1380 2049 1466 2075 ταῦτά
1481 2058 1550 2085 φημι
1562 2058 1568 2065 ’
1584 2051 1597 2076 6
1610 2050 1675 2082 Υἱὸς
1688 2049 1771 2082 εἶπεν,
1786 2050 1822 2076 ὅτι

1038 2092 1145 2128 πρῶτον
1163 2093 1272 2120 πάντων
1296 2093 1402 2120 ἔκτισεν
1416 2094 1497 2121 αὑτὸν
1521 2096 1534 2121 ὁ
1563 2095 1639 2128 Θεός.
1659 2096 1720 2124 Ἀθ.
1737 2095 1821 2123 εἶπεν

1039 2137 1123 2164 Τοῦτό
1136 2147 1178 2165 σοι
1202 2139 1276 2175 μόνῳ
1291 2141 1485 2176 ἀπεκαλύφθη,
1502 2141 1518 2176 ἢ
1541 2142 1587 2168 καὶ
1607 2141 1699 2174 ἄλλοις
1713 2143 1746 2168 τὸ
1762 2141 1821 2177 περὶ

1037 2183 1084 2210 τοῦ
1102 2183 1167 2210 Υἰοῦ
1184 2184 1251 2211 Θεοῦ
1269 2186 1434 2221 μυστήριον;
1455 2188 1518 2221 Ἀρ.
1536 2187 1625 2214 εἶπεν·
1639 2197 1648 2213 ε
1664 2189 1702 2215 Οὐ
1721 2188 1821 2215 πάντων

1037 2232 1053 2267 ἡ
1071 2231 1175 2263 πίστις’
1194 2232 1264 2267 ’πλὴν
1274 2233 1324 2259 οὐκ
1334 2233 1396 2267 ἐμοὶ
1413 2233 1494 2269 μόνῳ,
1503 2233 1570 2261 ἀλλὰ
1584 2234 1630 2260 καὶ
1648 2235 1749 2270 ἑτέροις
1763 2233 1820 2260 πολ-

1033 2277 1091 2309 λοῖς
1105 2278 1256 2314 ἐγνωρίσθη
1269 2279 1285 2314 ὴ
1299 2279 1389 2310 πίστις
1402 2279 1480 2315 αὕτη.
1491 2280 1548 2306 Ἀθ.
1561 2278 1637 2307 εἶπεν
1647 2289 1653 2296 ·
1667 2281 1750 2307 Πόθεν
1762 2279 1820 2313 ὑμῖν

1037 2323 1227 2358 ἀπεκαλύφθη,
1242 2324 1274 2350 ὲκ
1289 2324 1368 2357 Θεοῦ,
1386 2325 1402 2360 ἢ
1420 2325 1449 2358 ἐξ
1466 2325 1635 2360 ἁνθρώπων;
1655 2327 1717 2360 Ἀρ.
1733 2323 1817 2352 εἶπεν

1042 2369 1090 2395 Ἒκ
1105 2369 1182 2396 Θεοῦ.
1206 2370 1265 2397 Ἀθ.
1277 2368 1352 2398 εἶπεν
1364 2379 1371 2386 ”
1390 2372 1426 2397 Σὺ
1440 2371 1572 2407 αὐτήκοος
1587 2372 1711 2406 γέγονας,
1723 2372 1739 2406 ῆ
1752 2370 1819 2397 ἄλλοι

1037 2422 1078 2440 σοι
1102 2415 1278 2451 ὑφηγήσαντο
1295 2417 1359 2452 περὶ
1374 2417 1468 2444 τούτου
1481 2423 1489 2448 ς
1511 2418 1575 2451 Ἀρ.
1591 2416 1682 2444 εἶπεν·
1697 2417 1751 2444 Οὐκ
1763 2414 1819 2450 ἐμοὶ

1037 2460 1224 2496 ὑφηγήσαντο,
1253 2461 1319 2489 ἀλλὰ
1344 2462 1436 2489 πολλοὶ
1451 2463 1540 2497 ἅγιοι,
1566 2464 1595 2489 ἐν
1609 2463 1745 2498 Πνεύματι
1757 2461 1819 2488 Θεοῦ

1034 2504 1186 2537 λαλοῦντες,
1202 2506 1306 2542 ἔφησαν
1333 2508 1373 2534 ὅτι
1396 2508 1506 2544 ἐκτίσθη
1530 2510 1543 2535 6
1560 2509 1633 2540 Υἱός.
1659 2511 1716 2536 Ἀθ.
1743 2505 1817 2534 εἷπε·

1036 2551 1115 2583 Τίνες
1131 2552 1198 2578 εἰσὶν
1220 2550 1310 2586 οῦτοι;
1341 2554 1378 2580 υὺ
1391 2555 1528 2590 δυνάμεθα
1543 2555 1644 2589 γνῶναι
1665 2555 1711 2582 καὶ
1726 2553 1816 2589 ἡμεῖςῖ

1037 2598 1100 2633 Ἀρ.
1121 2597 1213 2626 εἶπεν⁸
1226 2597 1313 2631 ,Οἶσθα
1336 2601 1383 2627 καὶ
1405 2601 1497 2633 αὐτὸς,
1515 2601 1555 2627 ὅτι
1570 2601 1616 2628 καὶ
1629 2602 1653 2627 ot
1677 2599 1817 2636 προφῆται.

1035 2645 1082 2671 κα)⁵
1095 2646 1119 2672 οι
1132 2646 1275 2673 ἀπόστολοι
1287 2646 1421 2683 ἐλάλησαν
1432 2647 1565 2684 πολλαχοῦ
1573 2645 1629 2684 '(88)
1639 2647 1683 2674 τὸν
1695 2646 1758 2675 Υίὸν
1768 2642 1818 2672 κτί-

227 2721 250 2736 ¹⁹
270 2720 350 2748 Rom.
369 2729 388 2754 ι,
405 2721 452 2749 ‘20.
490 2722 513 2737 ³⁰
534 2721 598 2756 Sap.
617 2731 678 2755 xm,
695 2723 721 2750 5.
760 2723 812 2759 “_ll
830 2722 928 2751 Thess.
949 2731 990 2756 ιιι,
1007 2722 1035 2750 2.

258 2833 271 2858 ὅ

226 2795 282 2861 μοι)
303 2799 370 2832 Aug.
381 2798 428 2824 τοῦ
448 2798 512 2825 Tia?»
528 2799 574 2825 τοῦ
587 2798 664 2826 Θεοῦ.

239 2832 350 2861 8Ξ)’Κάὶ
362 2834 467 2861 θειότης
479 2836 552 2860 deest
572 2834 597 2860 in
613 2836 664 2861 Au:

239 2832 350 2869 $5)'Krit
362 2834 467 2869 θειότης
479 2836 552 2869 deest
572 2834 597 2860 in
613 2836 680 2869 Aug.

301 2868 370 2904 Aug.
387 2863 502 2905 φανερὸν
516 2867 561 2896 οὖν
576 2863 659 2898 eam:

1083 2835 1098 2862 8

1072 2800 1127 2836 (37)
1227 2805 1252 2827 et
1268 2801 1334 2836 Aug.
1349 2801 1377 2834 ἐξ
1391 2801 1458 2833 ἰδίας
1471 2801 1529 2828 αὺθ.

1072 2835 1127 2871 (SS)
1145 2835 1208 2870 ltl‘g.
1226 2835 1334 2863 Gubfcl'.
1352 2841 1377 2864 et
1394 2840 1461 2872 Aug.
1480 2837 1626 2872 πανταχοῦ.
