1929 3056
225 140 279 169 459

227 197 267 227 'l'e
281 199 439 226 conclusum
454 194 541 229 vides,
555 200 582 224 et
607 196 639 223 ad
656 196 770 231 injurias
786 199 812 223 te
832 196 926 223 vertis.
941 195 1013 228 Quin

229 245 332 280 potius,
349 245 372 272 si
387 244 471 275 vales,
487 243 521 270 ad
544 243 604 270 haec
624 242 769 278 responde,
785 242 828 269 vel
858 245 954 276 sponte
975 241 1008 268 ad

228 291 369 318 veritatem
378 289 501 324 profuge.
513 289 532 314 Α
539 288 576 314 ιΙι.
584 287 695 322 Perlege
706 288 839 322 integrum
849 286 1007 321 capitulum.

230 337 277 363 Ar.
294 346 303 361 ι
322 335 482 363 Certissime
505 341 570 369 ergo
587 334 655 361 sciat
676 333 766 360 omnis
791 332 889 359 domus
915 333 1009 365 Israel.

230 382 294 418 quia
314 386 342 409 et
365 381 508 408 Dominum
529 388 590 408 eum
613 384 640 407 et
658 379 798 407 Christum
821 378 895 406 Deus
911 379 985 406 fecit.
998 388 1007 404 ι

229 428 292 456 Atii.
311 427 371 456 Noli
389 426 539 462 Scriptura;
556 426 638 453 verba
659 425 798 452 mutilare.
822 424 967 452 Enimvero
988 425 1012 452 si

229 482 330 510 corpus
351 479 451 507 manet,
467 479 495 500 ut
508 472 596 508 primo
620 471 766 498 formatum
786 474 838 503 est,
859 470 1010 498 formosum

230 525 304 548 certe
318 524 361 548 est
376 529 383 546 :
400 523 428 546 at
443 519 466 546 si
483 526 531 554 per
547 522 640 554 partes
664 517 845 549 discindatur,
864 517 1010 544 avellatur-

230 574 283 602 que
303 573 410 600 manus,
430 572 479 600 pes
505 564 547 592 vel
585 563 699 599 digitus,
727 562 844 590 informe
875 562 1009 590 redditur.

230 609 365 644 Quocirca
390 610 475 637 recita
495 608 644 643 Scriptura
661 607 743 635 verba
766 614 826 642 qua;
849 612 1009 642 sequuntur.

230 658 276 684 Ar.
289 656 352 684 Hec
369 659 432 683 sunt
448 664 454 683 :
469 664 479 680 ι
494 653 587 682 Jesum
600 660 681 688 quem
692 659 741 679 vos
752 651 939 680 cruciﬁxistis.
955 662 964 678 ι

787 137 815 164 S.
837 135 1067 164 ATHANASIUS.
1093 152 1127 156 —
1145 136 1282 165 SPURIA.

1791 139 1846 164 6W

1059 193 1148 222 εἶπεν*
1167 197 1222 232 Οὐχ
1238 197 1316 232 ὑμεῖς
1333 197 1483 232 ὲχαράξατε
1499 196 1594 232 αὐτὴν,
1606 195 1674 223 ἀλλὰ
1687 195 1845 232 παρεχαρά-

1061 241 1123 274 ξατε
1140 242 1206 276 (l5).
1226 243 1286 275 Ἀρ.
1306 239 1397 268 εἶπεν·
1421 241 1591 277 Ἐοεώρησας
1611 241 1845 275 περιγραφόμενον

1062 288 1182 320 σεαυτὸν,
1196 289 1242 314 καὶ
1257 289 1296 319 εἰς
1306 287 1399 322 ’ύὸρεις
1414 287 1544 322 ὲτράπης.
1558 286 1665 314 Μᾶλλον
1677 286 1715 318 δὲ,
1731 287 1755 312 εἰ
1767 285 1846 313 δύνα-

1062 342 1117 365 σαι.
1135 333 1195 367 λέγε
1211 334 1278 369 πρὸς
1294 333 1388 366 ταῦτα,
1404 333 1420 369 ἢ
1440 333 1622 368 αὺτομόλησον
1640 332 1707 368 πρὸς
1720 331 1768 367 τὴν
1782 331 1846 367 ἁλή-

1063 378 1146 406 θειαν.
1177 380 1235 407 Ἀθ.
1257 378 1348 406 εἶπεν·
1379 378 1525 413 ’Λνὰγνωθι
1550 379 1581 405 τὸ
1606 378 1751 413 κεφάλαιον
1774 378 1844 404 ὅλον.

1065 426 1129 459 Ἀρ.
1153 423 1245 452 εἶπεν·
1268 435 1276 451 ι
1300 425 1441 461 Ἀσφαλῶς
1463 424 1509 452 οὖν
1533 425 1588 462 (14)
1611 426 1767 460 γινωσκέτω
1792 426 1846 457 πᾶς

1062 468 1135 502 οἶκος
1158 471 1276 507 Ἰσραὴλ,
1297 471 1339 498 ὅτι
1365 472 1412 497 καὶ
1432 471 1533 507 Κύριον
1557 472 1604 498 καὶ
1629 471 1744 506 Χριστὸν
1765 471 1846 498 αὑτὸν

1065 517 1190 551 ἐποίησεν
1204 518 1218 543 6
1238 517 1312 548 Θεός.
1333 526 1342 543 ι
1362 518 1421 544 Ἀθ.
1446 515 1506 543 εἷπε
1518 525 1525 532 η
1544 517 1589 552 Μὴ
1606 515 1795 552 ἀκρωτηρίαζε
1810 516 1846 543 τὰ

1064 562 1171 598 ῥήματα
1184 562 1234 595 τῆς
1248 562 1369 598 Γραφῆς,
1385 563 1440 590 Καὶ
1453 562 1506 599 γὰρ
1520 562 1550 589 τὸ
1563 562 1641 598 σῶμα
1657 562 1695 594 ὡς
1707 563 1781 598 παρὰ
1796 561 1846 598 τὴν

1063 607 1150 643 ἀρχὴν
1166 607 1297 644 ἐπλάσθη,
1315 608 1362 635 ἐὰν
1378 608 1468 644 μείνῃ,
1488 608 1623 644 εὔμορφον
1635 608 1780 642 τυγχάνει·
1797 607 1847 635 ἐὰν

1063 653 1091 680 δὲ
1110 655 1185 690 παρὰ
1203 655 1281 690 μέλος
1294 655 1417 691 γένηται,
1441 654 1562 682 τουτέστι
1585 656 1673 690 χεῖρα,
1697 654 1714 689 ἢ
1736 654 1813 686 πόδα,
1827 653 1846 688 ἢ

229 703 367 733 δάκτυλον,
380 702 501 740 ἄσχημον
518 700 662 726 δείκνυται.
675 696 757 725 Εἶπον
771 696 817 725 οὖν
831 698 878 726 καὶ
895 698 928 725 τὰ
944 699 1065 735 ἑπόμενα
1081 699 1135 726 τῶν
1154 700 1269 735 Γραφῶν
1289 701 1356 737 (15).
1371 702 1434 736 Ἀρ.
1452 699 1526 727 εἷπε·
1544 700 1682 734 Τουτέστι,
1700 709 1710 726 ι
1729 699 1780 727 Τὸν
1795 700 1848 734 Ἰη-

231 750 302 782 σοῦν,
319 749 347 775 ὃν
362 749 439 784 ὑμεῖς
453 747 652 783 ἐσταυρώσατε.
677 757 686 773 ι

263 807 308 835 19.
329 807 391 834 Atil.
405 806 472 840 Quis
486 810 527 833 est
544 806 591 840 qui
613 805 764 833 cruciﬁxus
778 809 831 839 est,
856 803 1013 833 Verbumne

231 855 314 888 Deus,
325 861 361 881 an
381 861 481 889 corpus
496 851 569 887 quod
584 851 702 879 Verbum
727 851 798 879 Deus
811 859 844 878 ex
860 851 945 878 Maria
958 851 1014 878 vir-

229 900 292 936 gine
319 898 441 934 accepit?
467 898 517 924 Ar.
543 895 613 923 Num
640 900 669 923 tu
690 895 809 924 Verbum
835 903 890 923 non
919 895 1013 923 fateris

1101 806 1144 834 19.
1163 806 1223 834 Ἀθ.
1248 803 1325 834 εἷπε·
1344 807 1392 839 Τίς
1412 807 1485 834 ἐστιν
1498 807 1513 833 6
1534 807 1709 843 σταυρωθεὶς,
1729 808 1743 833 6
1762 806 1848 841 Λόγος

1065 852 1139 885 Θεὸς,
1156 853 1172 888 ἢ
1185 853 1216 879 τὸ
1230 852 1309 888 σῶμα
1323 853 1391 889 ὅπερ
1407 855 1421 879 6
1437 853 1523 887 Λόγος
1539 853 1604 884 Θεὸς
1618 853 1650 879 ὲκ
1666 853 1774 888 Μαρίας
1797 852 1848 888 τῆς

1065 899 1197 934 παρθένου
1212 899 1324 932 ἐλαϐεν;
1341 900 1405 933 Ἀρ.
1423 897 1482 925 εἶπε
1493 908 1499 914 ·
1518 899 1553 925 Σὺ
1568 899 1614 925 τὸν
1627 898 1712 933 Λόγον
1727 898 1776 933 οὐχ
1787 899 1849 933 ὁμο-

230 947 316 974 l‘uisse
341 945 523 973 cruciﬁxum?
537 944 600 971 Ath.
618 943 674 979 Ego
690 943 775 971 Deum
786 942 905 971 Verbum
925 943 1012 970 conﬁ-

1067 946 1150 979 λογεῖς
1163 944 1365 981 ἐσταυρῶσθαι;
1383 945 1438 972 Ἀθ.
1455 942 1530 971 εἶπεν
1542 953 1548 959 ”
1568 944 1638 978 Ἐγὼ
1653 944 1698 971 τὸν
1711 944 1776 970 Θεὸν
1795 944 1847 971 A6-

229 997 288 1020 teor
304 992 441 1019 hominem
456 991 569 1023 factum.
588 997 671 1017 carne
687 997 749 1017 esse
771 989 944 1017 cruciﬁxum.
962 990 1010 1016 Ar.

229 1038 300 1071 Quid
315 1041 367 1070 est,
383 1044 466 1064 carne
478 1036 492 1063 ‘?
503 1043 595 1064 nonne
605 1034 726 1062 Verbum
747 1042 859 1070 passum
874 1035 936 1062 est?
951 1034 1011 1062 ΑιΙι.

229 1083 271 1111 Tu
287 1087 378 1111 autem
391 1082 455 1118 quid
472 1081 574 1109 sentias
593 1081 711 1116 primum
726 1079 821 1108 latere.
838 1081 886 1107 Ar.
900 1079 1013 1106 Etiamsi

229 1135 260 1158 tu
279 1137 334 1158 non
348 1129 435 1161 dicas,
454 1135 504 1163 ego
518 1127 621 1154 allirmo
639 1126 760 1154 Verbum
784 1133 839 1152 una
852 1133 914 1152 cum
931 1133 1014 1152 carne

229 1175 314 1203 clavis
326 1174 414 1201 fuisse
428 1172 537 1200 aﬁixum
553 1177 580 1199 et
591 1179 702 1207 passum
717 1178 790 1198 esse.
807 1170 869 1198 Ath.
880 1169 1014 1198 Parabola

230 1223 280 1251 tibi
297 1218 544 1250 demonstrandum
566 1226 617 1252 est,
638 1224 732 1247 utrum
747 1219 867 1246 Verbum
888 1222 916 1245 et
943 1217 1014 1244 Deus

231 1276 330 1304 passus
347 1268 393 1296 sit.
408 1268 457 1294 Ar.
476 1266 524 1294 Die
539 1267 611 1301 quod
641 1265 724 1293 lubet.
750 1265 812 1291 Ath.
825 1263 923 1292 Vidisti
940 1271 1013 1290 nun-

229 1321 312 1349 quam
326 1312 480 1348 quempiam
500 1311 576 1338 cruci
589 1310 718 1338 aﬁixum?
730 1310 778 1337 Ar.
797 1309 836 1336 lta
858 1316 934 1337 sane.
952 1308 1012 1334 ΑιΙι.

230 1359 301 1386 Num
312 1366 376 1394 ergo
388 1356 508 1393 quandiu
527 1364 627 1391 corpus
645 1356 730 1383 clavis
752 1356 781 1382 in
805 1362 887 1382 cruce
908 1354 1014 1382 detine-

231 1410 288 1436 tur,
303 1403 394 1430 anima
410 1402 492 1430 simul
517 1402 666 1431 detinetur.
681 1408 732 1429 nec
756 1408 771 1428 a
797 1407 912 1435 corpore
925 1402 1015 1434 potest

231 1448 377 1477 recedere?
389 1447 438 1475 Ar.
449 1447 563 1475 Recedit
588 1454 651 1474 cum
661 1446 752 1473 anima
767 1445 802 1473 sit
816 1445 939 1479 spiritus.
951 1444 1013 1470 ΑιΙι.

229 1494 387 1528 Sirecedit,
401 1493 506 1521 clarum
520 1497 562 1521 est
578 1500 639 1521 eam
650 1492 678 1520 in
690 1499 772 1519 cruce
787 1499 841 1518 non
851 1490 977 1523 detineri,
988 1489 1015 1517 id

230 1547 284 1576 est,
300 1544 329 1570 in
346 1543 424 1578 ligno
441 1546 468 1569 et
494 1541 590 1573 clavis,
613 1540 687 1576 quod
710 1539 820 1575 quidem
847 1546 942 1566 verum
963 1541 1014 1565 est.

228 1588 298 1616 Nam
311 1595 427 1623 corpore
440 1588 469 1615 in
483 1593 566 1614 cruce
585 1585 706 1617 detento,
730 1586 832 1617 anima,
852 1592 912 1619 quae
930 1583 1015 1611 libera

232 1639 275 1662 est
287 1642 338 1662 nec
353 1633 470 1662 detineri
480 1636 711 1668 potest,'corpore
726 1632 833 1664 relicto,
849 1631 966 1659 discedit
982 1630 1015 1657 ad
1029 1623 1049 1651 C

231 1688 311 1709 suum
320 1680 419 1708 locum.
435 1680 482 1706 Ar.
501 1679 530 1706 ld
540 1679 578 1706 ita
596 1687 625 1706 se
642 1678 734 1705 habet.
751 1678 813 1704 ΑιΙι.
823 1677 900 1710 Quod
915 1677 937 1704 si
951 1684 1016 1712 ergo

230 1726 259 1752 in
273 1725 454 1752 condemnato
467 1724 578 1750 homine
593 1722 723 1750 concedis
741 1722 860 1749 animam
874 1722 943 1748 nihil
960 1721 1016 1756 pati

229 1771 360 1806 praesenti
377 1770 503 1805 corporis
525 1768 677 1804 supplicio;
689 1767 827 1803 quomodo
844 1768 885 1794 ais
899 1767 1016 1794 Verbum

231 1820 259 1843 et
268 1815 352 1843 Deum
370 1815 453 1843 simul
468 1822 531 1842 cum
548 1821 663 1849 corpore
682 1814 769 1841 fuisse
788 1813 873 1841 clavis
888 1812 1017 1839 alﬁxum?

231 1861 278 1887 Ar.
295 1860 395 1888 Demus
409 1868 475 1896 ergo
495 1859 574 1896 166
588 1858 673 1887 Deum
688 1857 810 1886 Verbum
829 1865 884 1885 non
903 1865 1016 1892 passum

232 1913 295 1934 esse
306 1913 360 1933 una
377 1913 438 1933 cum
455 1913 582 1940 corpore.
605 1905 667 1931 ΑιΙι.
692 1904 779 1940 Igitur
803 1904 944 1939 apostolus
964 1902 1016 1931 Pe-

229 1954 292 1978 trus
304 1950 463 1978 cautissime
489 1950 598 1978 locutus
623 1954 675 1982 est,
695 1950 833 1977 neminem
854 1948 950 1976 volens
962 1956 1017 1984 prae

233 1996 386 2032 ignorantia
401 1995 500 2031 perire.
517 1995 586 2023 Cum
608 1995 680 2022 enim
698 1994 746 2022 lilii
769 1994 852 2022 lsrael
877 1994 1016 2021 Christum

227 2043 430 2070 arbitrarentur
457 2042 592 2070 hominem
613 2050 675 2070 esse
702 2041 782 2069 nobis
809 2041 939 2073 similem,
966 2048 1016 2068 suo

228 2089 280 2117 ille
313 2089 471 2116 testimonio
497 2088 658 2119 declaravit,
690 2087 767 2115 illum
809 2087 927 2114 electum
969 2086 1016 2114 Dei

232 2144 304 2167 esse,
317 2135 429 2170 haecque
447 2138 527 2161 erant
545 2141 606 2169 quae
623 2133 713 2161 aiebat
733 2132 885 2165 :Quamvis
903 2139 963 2164 vos,
987 2135 1017 2158 ut

234 2182 383 2214 hominem,
401 2180 507 2216 justum
527 2180 723 2216 suspendistis,
740 2187 775 2207 ne
802 2179 933 2213 ignoretis
953 2178 1017 2213 quia

232 2228 304 2256 Deus
323 2228 395 2255 hunc
422 2227 563 2255 Christum
590 2229 617 2254 et
642 2226 786 2253 Dominum
811 2225 885 2252 fecit.
908 2226 955 2251 Ar.
976 2223 1016 2251 En

230 2274 325 2309 igitur,
341 2273 467 2301 Christus
486 2277 513 2300 et
530 2272 662 2299 Dominus
679 2279 694 2298 a
710 2271 765 2298 Deo
782 2271 872 2298 factus
885 2275 937 2298 est.
954 2270 1015 2296 ΑιΙι.

235 2319 306 2346 Deus
319 2318 453 2349 Verbum,
473 2317 520 2345 Dei
544 2316 641 2349 Filius,
670 2320 766 2344 eratne
799 2315 930 2343 Dominus
953 2320 1016 2342 ante

231 2366 399 2402 passionem,
417 2373 450 2392 an
462 2365 537 2392 non?
547 2365 596 2392 Ar.
610 2364 689 2392 Certe
714 2363 846 2391 Dominus
867 2369 935 2390 erat.
950 2363 1013 2390 ΑιΙι.

231 2412 314 2448 Atqui
334 2411 432 2439 Petrus
451 2411 489 2438 ait
503 2418 578 2444 eum,
596 2418 675 2446 quem
701 2409 788 2437 Judaai
806 2409 1013 2442 cruciﬁxerunt,

232 2458 334 2485 factum
345 2457 432 2485 fuisse
452 2456 609 2484 Dominum.
626 2456 674 2484 Ar.
690 2456 762 2489 Quid
779 2456 831 2484 sibi
855 2456 913 2483 vult
941 2455 1016 2491 quod

231 2505 283 2536 ais,
301 2503 497 2532 cruciﬁxerunt
512 2503 651 2531 Christum
671 2507 699 2531 et
723 2502 869 2530 Dominum
895 2502 1016 2530 factum?

230 2551 319 2585 Cupio
336 2557 418 2577 nosse
431 2549 498 2584 quid
513 2549 600 2576 dicas.

269 2641 434 2677 (l'5)l1eg.et
446 2641 528 2677 Basil.
543 2639 599 2677 5m;
608 2638 889 2677 anaxapagm._naui
901 2639 1012 2674 aliique,

229 2675 299 2704 ἀλλὰ
313 2675 528 2712 παρέχαράξατε.
543 2675 609 2712 Ibid.
617 2675 713 2712 AAugf6
730 2675 869 2712 θεωρήσας
882 2680 1013 2710 περιγρα-

228 2709 466 2748 φόμενονέαυτὸν,
482 2712 528 2748 ita}
540 2712 579 2748 είς
596 2709 812 2748 ὓὸρμειςλὲτράπη.

269 2745 322 2783 (14)
343 2746 482 2783 Ἀσφαλῶς
494 2745 539 2783 ορν
552 2745 670 2783 όεεειέιι

268 2777 323 2818 (-15}
339 2777 408 2825 Aug:
434 2777 484 2816 τῆς
499 2781 618 2817 Γραφῆς.
635 2780 702 2808 Ibid.
724 2777 879 2821 Ἄθανόισιος
891 2777 966 2840 εἶπεν
983 2783 1015 2822 et

271 2827 341 2840 ηεωε
353 2825 427 2840 ειπεν
443 2818 519 2840 abest
533 2817 566 2840 ah
593 2815 697 2840 eodem.
720 2815 779 2840 Mox
801 2816 882 2840 idem.
921 2824 943 2840 ιε
967 2823 1013 2840 ουν

232 2812 427 2853 Ἀρειοςῗεῖἦεν
440 2812 700 2853 νοΒεειίιὶίᾲέοᾱθιη,
720 2815 780 2853 Mox
801 2816 882 2853 idem,
896 2812 943 2847 Τίς
967 2812 1013 2853 οὖν

229 2850 313 2881 ἑστιν.
345 2852 412 2881 Ibid.
431 2852 500 2888 Aug.
518 2853 531 2878 6
547 2851 632 2886 Λόγος
653 2851 667 2877 6
684 2851 758 2883 Θεός.
787 2851 838 2878 Alii
859 2858 919 2878 cum
945 2850 1011 2878 edit.

1063 1001 1110 1026 γον
1136 992 1275 1028 ὁμολογῶ,
1301 991 1444 1028 ἄνθρωπον
1469 992 1632 1026 γενόμενον,
1660 990 1849 1025 ἐσταυρῶσθαι

1064 1038 1154 1073 σαρκί.
1173 1038 1236 1072 Ἀρ.
1259 1036 1336 1064 εἷπε·
1352 1038 1384 1064 Τί
1400 1039 1456 1064 ὲστι
1475 1037 1573 1073 σαρκίς
1588 1037 1636 1072 οὐχ
1651 1038 1665 1063 6
1684 1037 1769 1070 Λόγος
1783 1035 1850 1062 ἑπα-

1063 1084 1125 1116 θεν;
1147 1084 1206 1112 Ἀθ.
1231 1081 1307 1110 εἷπε·
1323 1083 1359 1110 Σὺ
1381 1083 1407 1109 τί
1424 1084 1531 1119 φρονεῖς
1543 1081 1706 1117 ὁμολόγησον
1726 1082 1754 1108 έν
1773 1081 1849 1117 πρώ-

1063 1138 1127 1161 τοις.
1146 1130 1209 1164 "Ap.
1225 1126 1285 1155 εἷπε
1296 1138 1302 1144 ·
1316 1129 1375 1156 Κᾶν
1396 1128 1433 1164 μὴ
1449 1130 1482 1155 σὺ
1495 1128 1587 1164 λέγῃς,
1605 1121 1661 1161 ὲγιίῖ
1673 1135 1754 1162 φημι,
1770 1127 1784 1153 ὁ
1797 1127 1850 1153 Λό-

1063 1184 1110 1210 γος
1138 1174 1346 1211 συγκαθηλώθη,
1371 1176 1418 1202 καὶ
1447 1174 1580 1202 meme;
1607 1175 1640 1209 τῇ
1670 1173 1761 1209 σαρκί.
1789 1173 1848 1200 Ἀθ.

1064 1219 1124 1248 εἶπε
1134 1230 1140 1236 ·
1155 1221 1205 1248 Διᾶ
1215 1221 1371 1258 παραϐολῆς
1388 1221 1440 1257 χρὴ
1453 1220 1625 1257 παραστῆσαι
1640 1220 1689 1255 τὴν
1701 1218 1848 1252 ἀπόδειξιν,

1064 1269 1088 1294 sl
1105 1267 1237 1295 πέπονθεν
1259 1269 1273 1294 6
1295 1268 1379 1302 Λόγος
1402 1267 1451 1293 καὶ
1473 1267 1549 1298 Θεός.
1569 1266 1627 1300 Ἀρ.
1648 1263 1707 1291 εἷπε
1720 1273 1726 1279 ·
1751 1264 1821 1298 Λέγε
1836 1263 1850 1290 ὅ

1066 1313 1163 1348 βούλει.
1185 1314 1282 1341 Ἀθαν.
1298 1311 1374 1340 εἷπε·
1392 1312 1503 1349 Σταυρῷ
1523 1311 1730 1347 προσηλωμένον
1747 1310 1851 1336 ἐθεάσω

1065 1360 1145 1392 ποτέ;
1161 1360 1275 1393 ’Ἄρειος
1294 1357 1368 1385 εἷπε·
1392 1359 1456 1386 Ναί.
1478 1359 1576 1386 Ἀθαν.
1598 1354 1689 1383 εἶπενε
1704 1354 1777 1391 ’Λρα
1798 1355 1851 1387 ἕως

1064 1405 1108 1432 ὅτε
1120 1404 1150 1431 τὸ
1169 1404 1249 1440 σῶμα
1267 1396 1323 1440 (ι’δ)
1342 1404 1494 1439 κεκράτητο
1510 1403 1562 1429 ὑπὸ
1577 1403 1631 1429 τῶν
1647 1402 1719 1438 ἥλων
1736 1401 1781 1427 ἐπὶ
1802 1400 1851 1427 τοῦ

1066 1450 1193 1486 σταυροῦ,
1207 1451 1254 1477 καὶ
1267 1451 1284 1486 ἡ
1299 1450 1371 1486 ψυχὴ
1385 1450 1526 1485 κατείχετο
1544 1449 1582 1485 μὴ
1592 1449 1729 1483 δυναμένη
1745 1448 1852 1482 ἀναχω-

1067 1497 1148 1533 ρῆσαι
1170 1494 1223 1523 ἀπὸ
1243 1495 1290 1522 τοῦ
1317 1495 1459 1530 σώματος;
1482 1496 1546 1529 Ἀρ,
1573 1493 1665 1521 εἶπενι
1691 1493 1850 1527 Ἀναχωρεζ,

1066 1542 1157 1578 ἐπειδὴ
1175 1542 1282 1577 πνεῦμα
1297 1541 1423 1576 τυγχάνει
1444 1542 1460 1576 ή
1482 1540 1564 1576 ψυχή.
1588 1541 1687 1567 Ἀθαν.
1709 1537 1801 1565 εἶπεν·
1818 1536 1852 1564 Et

1066 1589 1211 1624 ἀναχωρεῖ,
1221 1588 1297 1623 δῆλόν
1308 1589 1390 1620 ἐστιν,
1406 1588 1446 1614 ὅτι
1460 1588 1490 1614 οὐ
1503 1587 1644 1623 κρατεῖται
1655 1586 1700 1612 ἐπὶ
1712 1585 1758 1612 τοῦ
1770 1593 1852 1612 σταυ-

1068 1635 1126 1671 ροῦ,
1142 1635 1213 1661 τοῦτ’
1228 1634 1300 1661 ἐστιν
1315 1635 1359 1661 ἐπὶ
1374 1633 1421 1660 τοῦ
1436 1631 1514 1666 ξύλου
1527 1633 1574 1660 καὶ
1588 1633 1642 1659 τῶν
1654 1633 1736 1668 ἦλων,
1751 1632 1798 1658 καὶ
1810 1631 1854 1657 οὗ·

1066 1689 1119 1712 τως
1138 1681 1206 1715 ἔχει.
1225 1678 1278 1706 Τοῦ
1301 1679 1354 1716 γὰρ
1378 1679 1502 1715 σώματος
1525 1678 1717 1714 κατεχομένου,
1739 1679 1756 1713 ἡ
1778 1677 1853 1713 ψυχὴ

1066 1727 1095 1753 τὸ
1109 1726 1249 1761 ἐλεύθερον
1262 1726 1360 1762 ἔχουσα
1376 1726 1423 1752 καὶ
1444 1726 1474 1752 τὸ
1488 1725 1653 1760 ἀκράτητον,
1665 1723 1855 1757 καταλείψασα

1066 1772 1098 1798 τὸ
1121 1772 1210 1807 σῶμα,
1227 1771 1372 1807 πορεύεται
1387 1772 1426 1803 είς
1440 1771 1486 1798 τὸν
1508 1771 1606 1806 ἑαυτῆς
1624 1770 1715 1797 τόπον.
1732 1771 1795 1803 Ἃρ.
1813 1767 1855 1795 εἷ-

1068 1826 1130 1844 πεν·
1144 1817 1236 1848 Οὖτως
1249 1817 1306 1843 ἐστὶ
1318 1817 1364 1844 καὶ
1376 1816 1465 1844 τοῦτο.
1481 1817 1579 1844 Ἀθαν.
1594 1813 1683 1842 εἶπεν·
1699 1815 1730 1841 El
1744 1812 1790 1841 οὗν
1806 1815 1855 1841 ἐπὶ

1067 1862 1210 1898 ἀνθρώπου
1225 1862 1369 1889 καταδίκου
1389 1862 1490 1895 ἔδωκας
1511 1863 1549 1898 μὴ
1564 1862 1678 1897 πάσχειν
1695 1862 1744 1897 τὴν
1765 1861 1855 1898 ψυχὴν

1066 1910 1094 1935 ὲν
1108 1910 1141 1944 τῇ
1164 1909 1286 1945 παρούσῃ
1303 1911 1443 1944 σωματικῇ
1467 1909 1607 1944 καταδίκῃ,
1625 1909 1683 1940 πῶς
1698 1908 1743 1934 τὸν
1764 1909 1854 1942 Λόγον

1067 1956 1113 1983 καὶ
1128 1955 1195 1996 Θεὸν
1210 1955 1276 1991 ἔφης
1291 1955 1484 1991 συμπεπῆχθαι
1498 1955 1537 1991 τῷ
1554 1955 1676 1991 σώματι;
1695 1956 1761 1989 Ἀρ.
1776 1953 1852 1981 εἶπε·

1067 2001 1186 2029 Δεδόσθω
1207 2002 1243 2038 μὴ
1260 2001 1478 2037 συμπεπονθέναι
1499 1998 1545 2028 τὸν
1561 2001 1626 2028 Θεὸν
1642 2001 1727 2035 Λόγον
1742 2001 1782 2036 τῷ
1799 2000 1854 2027 σώ-

1069 2057 1142 2083 ματι.
1168 2048 1226 2074 Ἀθ.
1243 2045 1333 2074 εἶπεν·
1348 2047 1451 2074 Οὐκοῦν
1463 2049 1476 2074 6
1487 2047 1633 2078 ἀπόστολος
1647 2047 1750 2082 Πέτρος
1766 2047 1857 2081 ἠσφα-

1067 2094 1158 2120 λίσατο
1173 2093 1218 2120 τὸν
1235 2093 1322 2127 λόγον,
1346 2093 1383 2128 μὴ
1401 2093 1559 2128 βουλόμενός
1578 2101 1653 2124 τινας
1670 2092 1722 2119 ὑπὸ
1741 2092 1856 2126 ἀγνοίας

1067 2139 1225 2167 ἀπολέσθαι.
1248 2139 1420 2174 Νομιζόντων
1438 2139 1491 2175 γὰρ
1509 2138 1561 2165 τῶν
1585 2138 1650 2165 υίῶν
1672 2137 1778 2174 Ἰσραὴλ
1804 2137 1855 2163 ἆν-

1067 2185 1174 2220 Θρωπον
1193 2182 1262 2211 εἶναι
1282 2185 1327 2211 τὸν
1350 2185 1411 2212 καθ’
1436 2185 1509 2221 ἡμᾶς
1529 2184 1656 2220 Χριστὸν,
1674 2184 1793 2219 ὲσήμανε
1809 2181 1857 2209 διὰ

1066 2233 1115 2266 τῆς
1129 2231 1290 2266 μαρτυρίας,
1304 2231 1344 2257 ὃτι
1359 2227 1436 2262 οὗτός
1447 2231 1519 2257 ἐστιν
1534 2231 1548 2256 6
1560 2230 1686 2261 ἐκλεκτὸς
1704 2228 1750 2255 τοῦ
1767 2228 1836 2255 Θεοῦ
1847 2238 1855 2244 ·

1067 2277 1114 2303 καί
1144 2284 1243 2311 φησιν·
1270 2277 1302 2302 Et
1328 2276 1375 2303 καὶ
1400 2276 1478 2311 ὑμεῖς
1503 2275 1540 2308 ὡς
1563 2275 1704 2310 ἄνθρωπον
1735 2274 1858 2310 ἐκρεμά-

1071 2330 1134 2349 σατε
1151 2322 1206 2357 (Π)
1220 2323 1264 2349 τὸν
1277 2322 1390 2354 δίκαιον,
1406 2322 1442 2358 μὴ
1457 2322 1620 2357 ὰγνοήσατε,
1633 2321 1672 2347 ’ότι
1685 2319 1778 2346 τοῦτον
1791 2319 1859 2354 Χριξ

1070 2368 1130 2394 στὸν
1151 2368 1196 2395 καὶ
1213 2369 1314 2404 Κύριον
1328 2369 1453 2404 ἐποίησεν
1467 2369 1481 2394 6
1497 2368 1573 2400 Θεός.
1591 2368 1656 2402 "Ap.
1676 2364 1768 2392 εἴπεν·
1787 2365 1857 2392 Ἰδοὺ

1069 2409 1125 2444 οὖν,
1140 2412 1256 2448 Χριστὸς
1269 2413 1316 2439 καὶ⁷
1329 2412 1428 2447 Κύριος
1444 2413 1555 2447 γέγονεν
1570 2412 1621 2444 ὑπὸ
1637 2412 1683 2438 τοῦ
1696 2410 1773 2438 Θεοῦ.
1793 2411 1857 2437 Ἀθ.

1069 2455 1143 2484 εἶπεν
1153 2467 1159 2473 ·
1180 2459 1209 2485 '0
1223 2458 1288 2490 Θεὸς
1305 2459 1399 2493 Λόγος,
1411 2460 1425 2485 6
1440 2458 1487 2486 τοῦ
1503 2457 1569 2485 Θεοῦ
1584 2457 1658 2490 Υἱὸς,
1677 2457 1730 2493 πρὸ
1741 2456 1788 2483 τοῦ
1802 2457 1859 2483 πά-

1070 2503 1131 2535 Θους
1148 2504 1202 2539 (18)
1215 2504 1316 2540 Κύριος
1327 2502 1371 2539 ἧν,
1386 2505 1431 2531 ναὶ
1447 2504 1462 2539 ἦ
1475 2503 1524 2537 οὖς
1543 2504 1608 2538 Ἀρ.
1625 2501 1685 2530 εἷπε
1697 2511 1703 2517 ·
1723 2502 1786 2535 Ναὶ,
1799 2502 1861 2528 Κύ-

1071 2558 1126 2585 ριος
1142 2548 1186 2586 ἦν.
1204 2549 1266 2577 Ἀθ.
1284 2548 1375 2577 εἶπεν*
1398 2550 1426 2576 Ὀ
1442 2550 1543 2585 Πέτρος
1560 2549 1622 2584 ἔφη,
1643 2549 1672 2575 ὃν
1694 2549 1717 2575 οἱ
1733 2547 1860 2574 Ἰουδαῖοι

1066 2640 1174 2668 Comm.
1191 2641 1205 2667 6
1220 2641 1305 2675 Λόγος
1317 2640 1393 2672 Θεός.

1103 2676 1158 2714 (ἰᾷ)
1171 2675 1240 2714 Aug.
1251 2673 1361 2714 _06xo§_v
1375 2676 1427 2714 ἕως
1440 2673 1504 2714 ὅτου.
1517 2675 1547 2714 τὸ
1561 2674 1650 2714 σῶμα.
1665 2675 1744 2714 Reg.l
1750 2676 1860 2703 Οὐκοῦν

1066 2709 1117 2742 ἕως
1131 2709 1175 2738 ὅτε
1189 2709 1318 2746 τὸσῶμα.
1331 2710 1392 2737 Mox
1406 2710 1476 2746 Aug.
1493 2709 1547 2746 ὑπὸ
1556 2709 1614 2746 Δτοίξ
1629 2709 1756 2746 σταυροῦ.

1102 2747 1157 2781 (l7)
1168 2747 1237 2782 Aug.
1251 2744 1450 2782 ἐσταυρώσατε.
1464 2744 1532 2782 lbid.
1547 2744 1627 2782 Angl.
1640 2746 1678 2781 μὴ
1691 2744 1858 2782 ἀγνοήσατε.

1066 2781 1160 2809 Οιιξιεινί
1177 2787 1204 2808 et
1215 2780 1307 2809 ‘editio
1321 2781 1428 2808 Comm.
1449 2780 1485 2815 μὴ
1505 2780 1666 2815 ὰγνοήσητε.

1101 2817 1157 2852 (l8)
1175 2817 1242 2853 Reg.
1262 2819 1276 2844 6
1297 2816 1343 2843 τοῦ
1358 2815 1425 2843 Θεοῦ
1439 2815 1504 2848 Υίὸς
1516 2816 1563 2842 καὶ
1578 2815 1694 2851 Πατρός.
