1929 3056
103 155 152 183 461

670 158 876 187 DISPUTATIO
894 159 1033 187 CONTRA
1051 154 1173 189 ARIUM.

1664 164 1716 192 462

102 213 279 249 ἐσταύρωσαν
291 235 298 247 ,
315 210 473 250 γεγενῆσθαι
491 217 598 252 Κύριον.
616 219 680 252 Ἀρ.
697 216 756 245 εἷπε
767 228 774 233 δ
793 219 824 245 Τί
841 220 898 246 ἐστι
917 220 957 252 τὸ,
979 221 1166 256 Ἐσταύρωσαν
1177 223 1293 257 Χριστὸν
1308 223 1354 250 καὶ
1369 223 1468 259 Κύριον
1487 226 1615 258 γεγονότα
1647 225 1720 260 (19,);

106 261 220 288 "usam
237 262 336 297 γνῶναι
351 263 376 289 τί
387 264 485 299 λέγεις.

138 307 184 334 20.
205 309 300 336 Ἀθαν,
319 307 408 336 εἶπεν·
428 311 456 337 '0
467 311 532 343 Θεὸς
546 312 630 346 Λόγος
646 313 748 349 Κύριός
761 314 818 340 ὲστι
834 313 885 339 τῶν

972 311 1017 339 20.
1033 311 1096 340 Alli.
1121 312 1192 340 Deus
1216 313 1333 341 Verbum
1367 314 1496 343 Dominus
1518 320 1560 343 est
1582 317 1717 350 omnium,

103 353 231 380 ἁπάντων
257 355 299 380 ἀεὶ
321 355 421 390 Κύριος
443 355 489 383 ὧν.
517 358 623 394 Ἐπειδὴ
650 359 678 385 δὲ
705 359 737 386 ὲκ
759 359 808 393 τῆς
834 360 886 386 ὑπὸ

102 399 241 433 ἁμαρτίας
257 399 482 437 βεδασιλευμένης
506 403 604 438 σαρκὸς
621 404 699 430 ἔλαϐε
721 405 768 440 τὴν
786 405 884 440 σάρκα,

100 444 195 483 ¹καθὼς
207 445 369 480 γέγραπται·
385 455 394 471 ι
416 447 445 472 '0
456 447 540 481 Λόγος
556 447 624 483 σὰρξ
637 448 757 482 ἐγένετοο
771 459 780 474 ι
797 448 886 485 σάρκα

101 486 130 513 δέ
147 495 217 522 φημι
232 487 373 523 ἄνθρωπον
384 490 494 523 τέλειον,
510 488 560 517 οἷοι
572 491 627 527 (20)
641 493 687 519 καὶ
698 493 777 528 ἡμεῖς
789 493 887 528 τυγχά-

101 540 194 567 νομεν,
212 533 281 560 κατὰ
297 534 327 560 τὸ
344 532 412 562 εἶναι
431 536 504 571 ἡμᾶς
518 536 675 572 ἀνθρώπους
689 538 767 572 μόνον
777 546 784 552 ·
804 538 885 571 αὐτὸς

101 579 157 615 γὰρ
174 579 238 606 ἄνευ
261 580 396 616 ἁμαρτίας
411 581 522 615 γέγονεν
545 581 702 618 ἄνθρωπος’
725 582 818 609 τοῦτον
839 581 885 610 οὖν

100 617 219 659 Χριστὸν
234 626 281 652 καὶ
298 626 399 662 Κύριον
413 628 427 653 ό
440 626 505 659 Θεὸς
519 617 641 664 ἐποίησε,
658 629 703 655 τὸν
717 630 748 655 ὲκ
760 629 885 665 σπέρμα-

101 678 148 701 τος
163 670 246 697 Δαόὶδ
257 671 408 707 ἄνθρωπον,
423 673 558 706 ὑποτάξας
570 673 644 709 αὺτῷ
658 673 742 709 ἀρχὰς
758 674 804 701 καὶ
815 674 886 706 ἐξου-

103 714 164 746 σίας
179 715 226 742 καὶ
245 715 417 752 κυριότητας,
435 717 482 743 καὶ
500 716 669 753 ἀνθρώπους,
680 719 728 745 ’καὶ
742 719 884 753 ἀγγέλους,

102 760 150 787 καὶ
169 760 278 788 πάντων
292 761 384 793 ἁπλῶς
401 757 588 796 ὑποταγέντων
601 763 695 797 γέγονε
710 764 824 800 Χριστὸς
838 764 886 791 καὶ

101 806 202 843 Κύριος
213 807 284 843 (21)’
298 808 413 843 Χριστὸς
430 809 478 844 μὲν
492 808 534 835 διὰ
548 809 596 844 τὴν
610 809 657 836 τοῦ
672 809 748 844 ἁγίου
762 806 886 845 Πνεῦμα.

100 855 157 885 τος,
167 849 243 888 δίκην
251 853 354 886 ἐλαίουι
364 855 407 880 ἐπ’
416 854 490 889 αὐτῷ
501 855 648 891 γενομένην
655 855 798 891 οὐρανόθεν
810 856 886 891 ἔγχυ-

102 904 158 924 σιν·
176 898 278 934 Κύριος
291 899 319 925 δὲ
336 899 379 926 διὰ
394 899 425 926 τὸ
439 899 508 927 κατὰ
521 900 628 927 πάντων
643 900 781 936 εἰληφέναι
794 902 824 928 τὸ
838 902 886 928 κῦ-

102 952 150 979 ρος
173 944 241 979 (22).
264 946 327 979 Ἃρ.
347 942 438 972 εἶπεν·
460 945 542 977 ’ἰδίως
563 945 608 973 οὖν
628 947 691 978 Υἱὸς
715 948 762 974 καὶ
783 948 885 983 Κύριός

938 362 1000 382 cum
1029 356 1065 384 sit
1089 364 1195 392 semper
1217 357 1359 386 Dominus.
1380 358 1526 395 Postquam
1558 367 1659 394 autem,
1684 371 1719 390 ex

937 409 1019 430 carne
1032 403 1137 438 peccati
1150 404 1264 439 imperio
1277 405 1410 440 subjecta,
1430 414 1540 434 carnem
1557 410 1717 444 assumpsit,

937 448 1166 482 quemadmodum
1197 451 1330 485 scriptum
1355 455 1438 479 est”
1456 451 1573 480 Verbum
1595 462 1659 482 caro
1675 455 1717 482 fa-

936 497 1010 521 ctum
1022 498 1065 522 est
1075 494 1118 520 "z
1140 505 1149 521 ι
1171 496 1292 530 (carnem
1316 501 1406 525 autem
1427 497 1546 533 intelligo
1568 499 1719 534 perfectum

936 538 1072 567 hominem
1087 541 1181 574 quales
1203 548 1254 568 nos
1278 549 1383 574 sumus,
1403 547 1537 577 quatenus
1558 552 1612 572 non
1629 545 1717 574 homi-

936 592 985 613 nes
997 588 1103 612 tantum
1120 594 1215 614 sumus
1231 596 1238 613 :
1258 587 1317 622 ipse
1339 588 1411 614 enim
1431 589 1536 624 absque
1553 594 1665 624 peccato
1677 591 1718 618 fa-

936 633 998 658 ctus
1010 634 1053 657 est
1068 630 1161 666 homo)
1179 631 1252 658 hunc
1271 630 1355 666 igitur
1370 632 1510 660 Christum
1528 639 1555 661 et
1573 634 1718 662 Dominum

936 673 1009 703 Deus
1030 675 1105 709 fecit,
1131 676 1270 704 hominem
1307 678 1410 705 semine
1438 678 1522 706 David
1544 685 1717 715 prognatum,
1741 700 1751 709 .

936 721 1068 756 subjectis
1086 721 1110 749 ei
1143 722 1354 756 principatibus,
1380 724 1571 757 potestatibus.
1598 724 1718 752 domina-

937 767 1068 800 tionibus,
1098 768 1266 801 hominibus,
1294 769 1462 804 angelisque,
1493 771 1567 798 unde
1596 771 1719 798 omnium

937 812 990 848 ipsi
1007 813 1194 848 subjectorum
1218 813 1307 842 factus
1324 818 1366 842 est
1381 815 1509 844 Christus
1524 820 1550 844 et
1566 816 1717 844 Dominus:

937 857 1075 890 Christus,
1095 859 1218 894 inquam,
1240 863 1353 894 propter
1376 862 1463 888 sancti
1483 860 1602 895 Spiritus
1618 860 1720 888 factam

937 903 964 930 in
980 904 1069 939 ipsum
1095 904 1128 932 de
1150 905 1231 937 cmlo,
1248 906 1337 933 instar
1363 907 1426 939 olei,
1439 907 1613 940 eﬂ‘usionem;
1626 907 1719 935 Domi-

937 958 990 977 nus
1002 955 1106 983 aulem,
1121 955 1231 986 propter
1254 959 1345 979 rerum
1360 953 1481 980 omnium
1506 960 1586 988 quem
1614 953 1721 988 accepit

100 991 176 1016 ἐστιν
192 991 206 1017 ό
222 991 318 1024 Λόγος,
338 992 384 1017 καὶ
406 991 482 1024 Θεὸς,
496 993 542 1018 καὶ
560 992 632 1024 ίδίως
649 992 805 1028 ἄνθρωπος;
826 994 885 1021 Ἀθ.

939 996 1115 1024 dominatum.
1134 998 1181 1024 Ar.
1194 998 1324 1025 Seorsum
1339 999 1423 1034 igitur
1435 999 1522 1027 Filius
1538 1003 1564 1026 et
1585 997 1719 1027 Dominus

101 1032 178 1061 εἶπεν
188 1035 233 1070 Μὴ
246 1036 365 1069 γένοιτοῐ
381 1037 439 1070 Ἃρ.
453 1034 528 1063 εἶπεν
538 1045 544 1052 ⁸
562 1037 629 1064 Εἰπὲ
645 1035 702 1070 οὖν,
717 1038 785 1069 πῶς.
799 1039 887 1074 Ἔφης

99 1081 156 1116 γὰρ
175 1081 275 1116 Κύριον
289 1081 334 1107 τὸν
348 1081 413 1107 Θεὸν
431 1082 527 1116 Λόγον,
539 1083 585 1109 καὶ
597 1083 642 1109 τὸν
661 1083 722 1110 ναὸν
735 1083 816 1110 αὐτοῦ
829 1084 886 1110 Κύ-

100 1134 170 1158 ριον,
190 1126 311 1153 τουτέστι
333 1127 377 1153 τὸν
398 1127 549 1162 ἄνθρωπον.
571 1119 641 1162 Ἐγὼ
663 1128 692 1154 δὲ
709 1128 821 1164 νομίζω,
846 1130 886 1157 ὅτι

98 1171 147 1198 δύο
161 1172 256 1208 Κύριοί
271 1174 348 1199 εἰσιν.
367 1173 426 1200 Ἀθ.
448 1171 539 1199 εἶπεν
559 1175 615 1199 Οὐκ
637 1175 691 1200 εἰσὶ
707 1174 767 1201 δύο·
788 1175 824 1210 μὴ
839 1175 880 1210 γέ-

99 1219 188 1244 νοιτοί
208 1216 256 1250 Εἷς
277 1219 330 1254 γάρ
352 1220 424 1245 ἐστιν
438 1220 452 1245 ὁ
472 1219 519 1245 τοῦ
538 1220 604 1246 Θεοῦ
622 1221 695 1252 Υἱὸς,
714 1222 728 1247 ό
744 1222 887 1256 γενόμενος

98 1260 136 1290 δι’
154 1265 227 1300 ἡμᾶς
245 1265 396 1300 ἄνθρωπος.
414 1265 442 1291 '0
459 1265 512 1300 γὰρ
533 1266 653 1300 ἐπίγειος
669 1266 803 1301 βασιλεὺς,
828 1267 887 1293 εἰπέ

101 1319 158 1346 μοι,
178 1310 248 1342 ἰδίως
259 1312 273 1337 ὁ
287 1311 428 1347 ἄνθρωπος
442 1311 586 1347 βασιλεύει,
603 1313 649 1339 καὶ
667 1313 738 1345 ἰδίως
750 1315 766 1348 ἡ
784 1323 887 1349 πορφυ-

99 1358 155 1392 ρὶς,
178 1357 220 1383 ναὶ
239 1356 313 1393 ἢοῦ;
333 1358 390 1391 Ἄρ.
406 1356 495 1385 εἷπεν⁴
516 1357 577 1390 Πῶς
595 1359 719 1394 ἐγχωρεῖ,
736 1359 752 1395 ἢ
770 1360 816 1386 τὸν
839 1360 884 1386 ἄν-

97 1397 210 1438 ¹θρωπον
224 1403 302 1435 ἐκτὸς
314 1403 465 1438 βασιλεύειν
478 1404 545 1438 (‘25),
558 1404 574 1439 ἢ
588 1403 636 1439 τὴν
653 1404 802 1440 πορφυρίδα
815 1405 887 1437 ἰδίως

97 1451 196 1486 ἄρξαις
209 1450 281 1486 Πλὴν
296 1451 382 1486 ἔγνων
396 1451 422 1477 τί
438 1451 523 1483 θέλεις
537 1451 708 1486 παραστῆσαι
722 1453 752 1478 ὲκ
768 1451 814 1478 τοῦ
833 1461 886 1478 πα-

99 1497 291 1532 ραδείγματος.
317 1498 376 1524 Ἀθ.
401 1495 493 1524 εἶπεν·
515 1498 546 1524 Εἰ
568 1496 614 1524 οὖν
638 1497 826 1534 ἀνεγχώρητον
841 1498 888 1525 δύο

39 1546 45 1572 ,λ
101 1543 222 1577 βασιλεῖς
230 1543 314 1578 φῆσαι
329 1543 375 1570 ὲπί
387 1543 521 1578 βασιλέως
533 1544 602 1576 ἐνὸς,
612 1544 682 1578 λέγω
695 1543 726 1579 δὴ
744 1543 886 1579 ἀνθρώπου

76 1616 86 1625 τ
101 1589 150 1615 καὶ
172 1589 328 1625 πορφύρας,
345 1590 403 1621 πῶς
427 1591 544 1624 ἐγχωρεῖ
569 1589 642 1621 ἰδίως
663 1589 712 1625 μὲν
729 1590 776 1616 τοῦ
800 1590 886 1624 Λόγου

99 1636 150 1662 καὶ
168 1635 234 1661 Θεοῦ
252 1636 404 1679 κυριότητα
421 1637 544 1674 φάο-ζειν,
563 1636 767 1671 κεχωρισμένην
788 1635 815 1662 δὲ
839 1636 886 1671 τὴν

98 1683 179 1717 δίκην
192 1674 333 1717 πορφύρας
343 1674 450 1717 Ῠὲἶδῦμα
461 1683 614 1716 γεγονυίας,
627 1682 706 1715 ἁγίας
727 1682 773 1708 καὶ
793 1682 886 1717 τιμίας

101 1728 213 1763 σαρκὸς,
226 1727 311 1763 ἀρχὴν
329 1728 534 1762 καταγγέλλειν,
549 1729 609 1762 ἥτις
630 1728 704 1754 ἐστὶν
721 1728 822 1761 ἔνδυμα
839 1727 885 1754 τοῦ

99 1771 236 1807 βασιλέως
256 1772 343 1805 Λόγου
363 1772 430 1798 Θεοῦ
443 1773 630 1808 γεγενημένης
647 1773 727 1799 Ἀλλὰ
744 1773 796 1808 μὴν
810 1773 855 1799 καὶ
872 1773 886 1799 ὁ

98 1817 251 1850 ἀπόστολος
274 1818 388 1850 Παῦλος,
403 1819 452 1854 τὴν
471 1819 583 1854 ἑνότητα
603 1819 652 1854 τῆς
670 1819 837 1854 κυριότητος,
853 1820 886 1854 ἢν

100 1864 160 1899 εχει
175 1865 189 1890 ό
203 1863 339 1899 Κυριακὸς
351 1864 491 1899 ἄνθρωπος
505 1866 551 1891 σὺν
564 1864 602 1899 τῷ
621 1864 679 1899 Θεῷ
689 1865 776 1900 Λόγῳ,
790 1866 885 1900 ἀκραι-

101 1909 240 1943 φνέστατα
260 1909 390 1944 ὲσήμανε,
408 1909 446 1944 τῷ
466 1909 551 1943 φῆσαι
577 1909 657 1935 αὐτόν
680 1909 734 1943 (24)
746 1918 752 1924 ·
771 1919 780 1934 ‹
797 1907 886 1935 Ὦνοὶ

101 1955 232 1990 πατέρες,
247 1955 293 1981 καὶ
306 1955 335 1987 ἐξ
348 1952 384 1981 ὧν
406 1956 420 1981 ὁ
440 1955 555 1990 Χριστὸς
568 1955 598 1981 τὸ
613 1954 682 1981 κατὰ
705 1955 803 1989 σάρκα,
820 1956 834 1981 ὁ
849 1954 886 1981 ὢν

100 2000 149 2026 ἐπὶ
176 1999 283 2026 πάντων
304 1999 369 2030 Θεὸς
390 2000 429 2031 εἰς
449 1999 511 2030 τοὶς
533 2000 642 2031 αἰῶνας,
663 2000 745 2034 ἀμήν.
765 2009 773 2024 ι
796 2000 885 2035 Ὀρᾷς,

99 2046 142 2072 ὅτι.
155 2045 201 2071 καὶ
210 2044 275 2072 Θεὸν
286 2045 332 2072 ἐπὶ
344 2046 451 2072 πάντων
463 2043 515 2072 οἶδε
528 2045 572 2072 τὸν
585 2047 615 2072 ἐκ
627 2046 782 2080 σπέρματος
794 2044 884 2077 Δαϐὶδ,

100 2092 116 2118 ό
134 2090 294 2122 Ἀπόστολος
306 2099 314 2124 ;

138 2178 184 2204 21.
202 2178 265 2212 Ἀρ,
280 2175 373 2203 εἶπεν·
393 2178 429 2204 Οὐ
448 2177 516 2213 φοὸῇ
534 2177 579 2203 ἐπὶ
599 2178 704 2204 πάντων
719 2178 785 2204 Θεὸν
799 2178 887 2212 λέγειν

102 2225 150 2251 τὸν
164 2224 319 2259 ἄνθρωπον;
341 2224 400 2251 Ἀθ.
414 2221 474 2250 εἷπε
486 2224 608 2255 -Παῦλος
621 2225 669 2250 οὐκ
681 2225 812 2260 ὲφρόήθη,
826 2225 887 2252 οὔτε

103 2269 161 2304 ἐγὼ
177 2269 321 2305 φοδοῦμαι,
338 2269 378 2294 ὅτι
401 2268 490 2302 βλέπω
511 2269 543 2295 ἐκ
561 2269 661 2304 μέρους
681 2269 729 2304 τὴν
755 2270 800 2296 τοῦ
821 2270 887 2296 Θεοῦ

936 1047 978 1069 est
993 1041 1110 1070 Verbum
1121 1047 1148 1070 et
1158 1040 1241 1075 Deus,
1255 1048 1281 1070 et
1295 1051 1418 1071 seorsum
1433 1044 1533 1072 homo?
1548 1044 1609 1071 Ath.
1619 1044 1696 1072 Absit
1709 1046 1717 1071 ι

937 1085 984 1112 Ar.
1000 1085 1048 1112 Dic
1067 1085 1150 1121 igitur
1160 1094 1278 1120 quanam
1295 1087 1409 1115 ratione.
1430 1088 1527 1116 Dixisti
1539 1089 1611 1116 enim
1625 1089 1719 1117 Domi-

936 1138 1001 1158 num
1018 1130 1102 1158 Deum
1114 1130 1244 1163 Verbum,
1260 1136 1286 1159 et
1302 1133 1433 1168 templum
1454 1134 1525 1169 ejus,
1552 1142 1650 1169 nempe
1667 1135 1718 1162 ho-

936 1177 1048 1209 minem,
1061 1177 1186 1205 similiter
1207 1177 1361 1206 Dominum.
1380 1179 1437 1215 Ego
1450 1188 1514 1208 vero
1531 1188 1632 1209 censeo
1648 1181 1719 1210 dimi

936 1230 997 1259 esse
1025 1221 1167 1250 Dominos.
1183 1224 1244 1252 Ath.
1263 1223 1321 1252 Non
1351 1232 1414 1253 sunt
1443 1226 1515 1254 duo:
1529 1228 1620 1254 absitl
1638 1227 1716 1256 Unu’.‘

936 1269 1008 1295 enim
1020 1272 1062 1295 est
1077 1267 1124 1296 Dei
1134 1268 1233 1303 Filius,
1248 1270 1329 1298 homo
1345 1275 1455 1306 propter
1465 1280 1515 1300 nos
1534 1272 1633 1300 factus.
1648 1272 1720 1300 Num

937 1313 1009 1340 enim
1023 1317 1149 1341 terrenus
1165 1315 1324 1350 imperator,
1341 1317 1385 1344 die
1404 1318 1481 1350 mihi,
1501 1326 1623 1346 seorsum
1638 1319 1720 1346 homo

937 1357 1062 1392 imperat.
1075 1363 1101 1385 et
1117 1366 1242 1387 seorsum
1259 1368 1390 1396 purpura,
1413 1362 1518 1389 necne?
1533 1362 1579 1389 Ar.
1594 1363 1644 1395 Qui
1661 1362 1721 1391 ﬁeri

936 1411 1018 1439 queat
1042 1410 1071 1432 ut
1086 1407 1126 1433 vel
1144 1406 1226 1434 homo
1242 1407 1344 1442 absque
1373 1416 1494 1444 purpura
1523 1409 1648 1444 imperet,
1676 1410 1721 1438 vel

937 1458 1060 1478 seorsum
1077 1457 1169 1487 regnet
1186 1453 1328 1487 purpura?
1345 1453 1400 1481 Nee
1415 1459 1506 1482 tamen
1517 1463 1561 1482 me
1574 1454 1643 1490 fugit
1654 1456 1721 1491 quid

937 1496 1095 1531 hu'jusmodi
1125 1499 1249 1533 exemplo
1271 1499 1340 1526 velis
1359 1498 1488 1526 indicare.
1513 1500 1573 1528 Ath.
1592 1500 1619 1527 Si
1637 1501 1720 1536 igitur

937 1541 996 1569 ﬁeri
1027 1549 1081 1568 non
1102 1546 1202 1576 potest,
1228 1546 1258 1569 ut
1280 1542 1335 1570 duo
1366 1543 1546 1578 imperatores
1569 1544 1719 1580 (hominem

937 1581 1180 1623 scilicet‘intelligo
1194 1592 1220 1616 et
1236 1588 1397 1624 purpuram)
1414 1589 1448 1616 de
1471 1597 1526 1617 uno
1555 1590 1721 1625 imperatore
1774 1599 1778 1605 '
1830 1592 1835 1596 ’

937 1633 1065 1660 dicantur
1081 1643 1087 1660 :
1105 1641 1164 1665 cur,
1179 1641 1282 1668 quaeso,
1299 1641 1422 1660 seorsum
1436 1632 1519 1661 Verbi
1536 1637 1562 1661 et
1577 1633 1624 1661 Dei
1636 1642 1721 1670 agno-

938 1687 1045 1707 scemus
1060 1679 1240 1712 dominatum,
1255 1680 1400 1714 carnisque
1416 1684 1516 1707 sanctae
1543 1683 1571 1708 et
1594 1682 1721 1715 pretiosa

938 1725 1082 1760 imperium
1102 1723 1313 1760 distinguemus,
1334 1733 1405 1760 quae,
1424 1726 1512 1752 instar
1529 1733 1668 1761 purpurm,
1682 1726 1722 1757 in;

937 1771 1096 1798 dumentum
1134 1771 1206 1798 facta
1242 1775 1301 1804 est;
1332 1772 1434 1807 quippe
1457 1779 1519 1806 qua:
1547 1772 1721 1807 imperatoris

937 1815 1019 1843 Verbi
1034 1816 1081 1843 Dei
1097 1815 1168 1843 facta
1185 1816 1221 1844 sit
1232 1813 1439 1844 indumentum?
1453 1816 1506 1844 Sed
1525 1820 1552 1844 et
1580 1817 1721 1852 apostolus

936 1857 1038 1889 Paulus
1052 1862 1232 1889 disertissime
1246 1862 1377 1889 unitatem
1389 1855 1557 1895 dominatus,
1574 1870 1654 1899 quem
1672 1862 1722 1889 Do-

938 1907 1056 1934 minicus
1066 1906 1150 1934 homo
1164 1915 1229 1934 eum
1245 1906 1300 1935 Deo
1311 1907 1401 1935 Verbo
1418 1907 1533 1940 obtinet,
1546 1907 1589 1937 his
1600 1908 1722 1936 declarat

937 1953 1027 1981 verbis
1048 1962 1054 1979 :
1071 1962 1080 1979 ι
1099 1953 1220 1986 Quorum
1245 1958 1348 1988 patres,
1366 1957 1393 1982 et
1409 1961 1441 1981 ex
1453 1953 1553 1989 quibus
1576 1953 1722 1981 est/Chri-

938 2003 996 2027 stus
1011 1998 1161 2026 secundum
1179 2007 1300 2032 carnem,
1323 2000 1369 2034 qui
1386 2003 1428 2028 est
1445 2007 1528 2035 super
1545 2000 1635 2026 omnia
1649 1999 1722 2027 Deus

938 2045 965 2071 in
980 2046 1091 2074 saecula.
1101 2045 1187 2072 Amen
1196 2046 1229 2072 ³³.
1243 2055 1252 2070 ι
1268 2044 1386 2072 Videsne
1396 2045 1554 2080 Apostolum
1566 2052 1627 2071 eum
1638 2052 1719 2078 agno-

937 2099 1014 2118 scere
1031 2089 1126 2124 Deum,
1142 2091 1189 2126 qui
1213 2095 1255 2119 est
1279 2099 1360 2127 super
1384 2091 1486 2123 omnia,
1502 2090 1548 2125 qui
1568 2098 1600 2117 ex
1617 2090 1722 2117 semine

938 2137 973 2164 sit
989 2136 1073 2163 David
1084 2137 1095 2163 ’ἶ

972 2182 1015 2209 21.
1037 2183 1084 2209 Ar.
1101 2183 1167 2210 dixit
1183 2192 1189 2209 :
1203 2183 1275 2210 Nihil
1290 2183 1393 2211 vereris
1415 2182 1499 2210 Deum
1517 2182 1563 2217 qui
1583 2185 1625 2208 est
1640 2188 1721 2216 super

938 2228 1038 2259 omnia,
1052 2228 1189 2256 hominem
1204 2228 1312 2257 dicere?
1324 2228 1385 2254 ΑιΙι.
1402 2226 1504 2254 Paulus
1521 2233 1575 2253 non
1591 2229 1632 2253 est
1651 2226 1722 2252 veri-

938 2278 992 2304 tus,
1008 2282 1058 2301 nec
1075 2282 1125 2310 ego
1145 2282 1250 2306 vereor,
1270 2274 1372 2309 quippe
1395 2273 1441 2307 qui
1460 2281 1494 2300 ex
1516 2277 1592 2307 parte
1617 2270 1722 2299 videam

101 2316 268 2350 οἰκονομίαν.
287 2316 350 2349 "Ap.
363 2312 423 2342 εἶπε
434 2323 440 2329 ·
455 2314 537 2340 Ποίαν
549 2315 716 2350 οἰκονομίαν;
736 2316 796 2343 Ἀθ.
809 2314 869 2343 εἷπε
878 2324 884 2331 ·

939 2318 985 2346 Dei
1002 2319 1180 2346 ceconomiam
1206 2319 1264 2348 sive
1289 2319 1533 2353 dispensationem.
1560 2318 1607 2344 Ar.
1633 2316 1721 2349 Quam

100 2362 172 2398 Περὶ
197 2362 246 2396 τῆς
272 2361 318 2387 τοῦ
345 2362 453 2388 πάντων
474 2361 529 2396 (25)
552 2361 619 2387 Θεοῦ
646 2361 884 2398 ὲνανθρωπήσεως.

103 2409 170 2441 Ἀρ.
184 2405 243 2433 εἷπε
253 2415 259 2421 “
273 2408 339 2442 Περὶ
349 2407 397 2442 τῆς
408 2407 637 2442 ὲνανθρωπήσεως
650 2407 697 2434 τοῦ
712 2409 797 2442 Λόγου
810 2409 887 2443 κάγὼ

97 2453 240 2489 ὁμολογῶ*
263 2453 326 2488 περὶ
352 2453 379 2479 δὲ
397 2453 444 2479 τοῦ
466 2451 535 2480 εἶναι
555 2454 601 2480 ἐπὶ
626 2454 734 2480 πάντων
754 2454 818 2480 Θεὸν
841 2454 886 2481 τὸν

100 2498 293 2534 σταυρωθέντα
314 2499 448 2534 φοὸοῦμαι
468 2499 565 2532 λέγειν.
584 2499 642 2525 Ἀθ.
663 2497 755 2525 εἶπεν*
776 2499 885 2532 Ἀκουε,

100 2545 150 2571 καὶ
168 2544 358 2580 περισσότερον
373 2543 506 2579 θαύμαζε,
521 2544 561 2570 ὅτι
577 2545 622 2570 καὶ
636 2544 700 2570 Θεὸν
719 2545 764 2570 ἐπὶ
779 2545 886 2572 πάντων

139 2621 163 2636 ⁸³
180 2621 260 2648 Joan.
281 2630 308 2654 ι,
328 2622 371 2649 Η.
410 2622 432 2637 ³⁸
452 2621 531 2661 item.
553 2629 596 2653 Ix,
616 2621 642 2648 5.

140 2699 197 2735 (l9)
210 2699 255 2726 Sic
268 2699 333 2735 Reg.
350 2699 384 2725 At
397 2699 426 2735 in
434 2698 494 2735 aliis
504 2703 531 2735 et
539 2698 628 2735 editis
637 2697 686 2735 ‘xal
703 2697 788 2735 deest,
802 2697 888 2735 Paulo

102 2733 165 2771 post
188 2735 302 2771 Regius,
327 2733 435 2771 Ἐπειδὴ
456 2733 485 2759 δὲ
498 2733 551 2771 inre
567 2733 778 2771 τῆς-ἁμαρτίας.
794 2733 887 2771 ,ιξιιθιι-

103 2767 176 2799 sta".
202 2767 312 2804 Ἐἷιτειδὴ
334 2769 386 2794 ἀπὸ
403 2768 548 2802 ἁμαρτίας.
578 2767 651 2794 lnl'ra
674 2768 741 2799 lieg.
757 2772 784 2795 et
805 2768 886 2795 Basil.

103 2806 176 2843 καθρι
192 2803 396 2843 γέζί,ραξέαι-,,
491 2841 495 2843 .
622 2835 635 2843 τ

144 2837 203 2874 (Qui
220 2837 267 2865 Sic
287 2839 352 2872 Reg.
363 2837 400 2874 At
417 2839 462 2874 alii
474 2841 499 2864 et
515 2837 590 2874 editi,
607 2837 671 2874 οἷον.

145 2872 200 2912 (⁵21.)
217 2874 262 2902 Sic
277 2874 344 2908 lirg.
362 2873 389 2899 in
405 2873 463 2898 alis
480 2877 505 2899 et
518 2872 607 2904 editis,
626 2873 671 2898 καί
682 2872 766 2900 deest.

939 2363 1189 2398 dispensationem?
1204 2363 1267 2389 Ath.
1282 2362 1391 2397 Loquor
1409 2361 1442 2388 de
1457 2361 1516 2393 Dei,
1530 2361 1576 2395 qui
1592 2367 1722 2394 estsuper

940 2409 1042 2440 omnia,
1060 2399 1268 2436 incarnatione.
1293 2408 1341 2434 Ar.
1369 2405 1508 2433 Conﬁteor
1532 2412 1641 2440 quoque
1664 2404 1724 2438 ipse

940 2453 1022 2481 Verbi
1049 2454 1288 2481 incarnationem:
1307 2453 1355 2480 sed
1379 2452 1475 2482 Deum,
1502 2451 1548 2485 qui
1572 2454 1613 2477 est
1641 2457 1724 2484 super

940 2500 1043 2531 omnia.
1059 2500 1220 2527 cruciﬁxum
1244 2499 1336 2526 dicere
1362 2506 1415 2524 non
1443 2496 1540 2524 audeo.
1562 2496 1621 2523 ΑιΙι.
1639 2495 1720 2527 Audi,

939 2553 1026 2581 eoque
1041 2546 1126 2581 magis
1147 2545 1294 2577 admirare,
1310 2543 1382 2579 quod
1404 2543 1499 2575 Deum,
1519 2542 1617 2579 quiest
1641 2548 1723 2576 super
1750 2580 1753 2582 _

975 2697 1029 2732 (22)
1050 2697 1133 2724 Basil.
1148 2701 1174 2724 et
1193 2697 1273 2731 Angl.
1290 2697 1382 2732 κῦρος.

976 2729 1030 2766 (‘23)
1046 2732 1112 2766 Reg.
1131 2733 1162 2758 ἐκ
1174 2729 1402 2767 τῆςςῖιορφυρίδος
1413 2731 1572 2766 βασιλεύειν.
1582 2729 1642 2758 Mox
1653 2731 1724 2758 Idem

940 2771 966 2794 et
983 2765 1150 2797 BaSlllt‘llSiS.
1166 2765 1253 2794 Είοῦν
1267 2765 1467 2802 ἆνεγχείρητον.

977 2802 1031 2836 (24)
1050 2802 1116 2836 Aug.
1136 2803 1163 2829 ἐν
1178 2802 1216 2837 τῷ
1236 2803 1330 2836 φῆσαι.

970 2837 1031 2878 ,(25)
1050 2835 1182 2874 Sic’Aug.
1203 2835 1278 2865 Ειιιιῑ
1297 2845 1360 2866 vero
1384 2840 1411 2866 et
1435 2836 1492 2871 alii,
1518 2835 1582 2873 περὶ
1607 2835 1655 2873 τῆς
1678 2836 1726 2867 ἐπὶ

941 2881 979 2899 πει
986 2881 1058 2900 ιτων.
