1929 3056
223 124 277 153 465

802 122 831 150 S.
852 120 1083 150 ATHANASIUS.
1103 135 1138 140 -—-
1158 119 1295 148 SPURIA.

1795 116 1851 144 ιθι

224 185 327 219 omnia,
343 185 484 217 conﬁteor.
499 192 548 212 nec
567 184 649 211 alium
672 191 752 218 posse
777 183 909 211 adversus
933 183 1008 210 illum

1062 181 1196 217 ὁμολογῶ,
1215 181 1261 208 καὶ
1283 179 1320 215 μὴ
1336 179 1484 215 δυνάμενον
1507 179 1599 214 ἕτερον
1618 177 1790 211 λογισθῆναι“
1803 177 1852 204 τὺν

225 231 368 263 mtimari,
401 231 447 266 qui
474 233 546 258 Deus
573 238 634 257 cum
657 237 765 264 semper
791 229 835 261 sit,
859 229 940 257 homo
959 236 1008 263 pro

226 275 306 303 nobis
323 280 364 303 est
387 276 475 303 factus
489 279 516 303 et
533 275 692 302 cruciﬁxus.
715 276 761 302 Ar.
778 274 895 302 Ubinam
916 282 1010 301 recen—

226 321 283 348 tius
307 320 379 348 istud
408 321 540 355 scriptum
561 321 621 347 est?
642 320 719 356 167
744 320 806 346 Ath.
832 319 910 354 Apud
931 318 1008 347 Jere-

226 367 308 393 miam
325 366 496 402 prophetam,
513 366 593 401 cujus
610 366 666 393 haec
680 371 746 393 sunt
758 366 839 393 verba
855 375 860 392 :
878 375 889 390 ‹
904 365 954 393 Hic
967 370 1009 393 est

226 411 298 439 Deus
320 416 424 445 noster,
452 415 479 439 et
504 419 557 438 non
576 412 756 438 aestimabitur
779 411 849 437 alius
878 410 1009 438 adversus

225 463 298 483 eum.
316 456 461 484 Adinvenit
473 464 580 484 omnem
593 456 663 483 viam
675 456 837 491 disciplina),
852 459 879 482 et
897 455 1009 482 tradidit

226 502 300 529 illam
319 501 404 530 Iacob
420 510 505 537 puero
523 510 583 534 suo,
599 507 627 529 et
643 502 725 530 lsrael
744 502 844 529 dilecto
869 510 929 529 suo.
945 501 1009 530 Post
1037 535 1040 537 Δ

226 546 283 573 haec
302 546 330 573 in
346 547 426 574 terris
440 549 514 574 visus
527 552 578 578 est,
591 553 619 574 et
640 555 702 574 cum
717 548 874 574 hominibus
896 555 1009 575 conver-

224 596 302 620 satus
313 597 354 620 est
365 593 397 620 "°.
416 603 424 619 ι
442 593 503 620 isne
521 593 614 629 igitur,
627 594 673 629 qui
698 594 773 621 visus
793 597 846 625 est,
863 593 934 621 Deus
950 597 1009 621 erat

225 641 252 665 et
263 642 315 670 est,
331 638 462 666 adversus
480 647 558 674 quem
574 647 627 667 non
643 640 712 666 alius
727 639 908 666 aastimabitur
926 639 1007 672 Deus.

225 691 260 710 an
273 683 344 710 non?
360 684 407 711 Ar.
436 683 471 710 Ut
492 685 529 711 ait
551 685 692 720 propheta,
712 685 770 719 ipse
790 689 832 712 est
856 684 938 712 Deus.
952 683 1008 711 Nec

225 729 297 755 enim
323 728 363 756 fas
379 732 421 756 est
433 729 525 756 dicere
539 729 647 757 Patrem
663 730 752 764 ipsum
769 731 858 756 visum
877 737 948 761 esse,
968 729 1009 756 fa-

225 778 354 809 ctumque
369 775 518 807 hominem,
530 783 591 802 cum
607 775 764 803 hominibus
779 780 918 803 versatum
935 783 1007 809 esse,

225 828 287 848 cum
307 828 352 848 res
363 821 398 848 sit
410 821 554 849 manifesta
567 821 650 848 Deum
665 820 783 849 Verbum
797 822 934 849 hominem
946 829 1008 849 esse

1062 229 1130 264 πρὸς
1149 228 1195 254 τὸν
1212 227 1357 262 γενόμενον
1375 225 1517 261 ἄνθρωπον
1542 224 1589 251 καὶ
1613 223 1803 259 σταυρωθέντα
1815 223 1852 250 δι”

1061 274 1134 309 ἡμᾶς
1149 273 1214 300 Θεὸν
1227 273 1272 299 ἀεὶ
1285 273 1358 299 ὄντα.
1377 273 1435 306 Ἀρ.
1450 269 1510 298 εἶπε
1519 279 1526 286 ·
1539 270 1593 297 Ποῦ
1608 270 1762 305 γέγραπται
1773 270 1853 296 τοῦτο

1059 320 1090 346 τὸ
1116 319 1290 354 καινότερον;
1310 319 1370 345 Ἀθ.
1390 315 1465 344 εἷπε·
1488 316 1566 353 Παρὰ
1590 316 1707 352 Ἱερεμίᾳ
1725 316 1764 352 τῷ
1785 325 1854 352 σιρο-

1061 366 1133 402 φήτῃ
1144 373 1150 378 ·
1167 365 1232 400 φησὶ
1243 365 1297 400 γάρ
1307 374 1313 379 ·
1333 374 1341 390 ι
1363 362 1444 396 Οὗτος
1459 365 1473 390 6
1485 363 1551 394 Θεὸς
1568 363 1658 398 ἡμῶν,
1679 363 1709 389 οὺ
1725 363 1854 399 λογισθή-

1061 419 1136 437 σεται
1149 411 1241 446 ἓτερος
1254 411 1320 446 πρὸς
1331 411 1422 437 αὐτόν.
1438 409 1546 445 Ἐξεῦρε
1560 411 1649 436 πᾶσαν
1664 409 1724 436 ὁδὸν
1737 410 1854 445 ἐπιστή-

1062 464 1125 492 μης,
1142 456 1189 482 καὶ
1211 455 1309 482 ἔδωκεν
1325 456 1410 491 αὐτὴν
1429 455 1526 482 Ἰακὼὸ
1540 455 1579 490 τῷ
1596 455 1671 482 παιδὶ
1690 455 1784 486 αὑτοῦ,
1803 455 1853 481 κα)⁵

1066 501 1174 536 Ἰσραὴλ
1190 501 1229 536 τῷ
1242 501 1416 536 ἠγαπημένῳ
1428 502 1473 528 ὑπ’
1491 500 1583 528 αὑτοῦ.
1605 500 1683 527 Μετὰ
1698 501 1784 528 ταῦτα
1803 501 1853 528 ἐπὶ

1059 547 1108 582 τῆς
1121 547 1172 582 γῆς
1184 546 1272 582 ῶςροη,
1293 547 1340 573 καὶ
1355 548 1411 579 τοῖς
1431 547 1584 583 ἀνθρώποις
1604 547 1822 582 συνανεστράφη.
1839 556 1849 572 ι

1066 593 1095 619 '0
1111 591 1157 619 οὖν
1177 593 1269 626 ὀφθεὶς
1285 593 1339 627 (26)
1362 590 1439 625 οὗτος
1459 590 1492 628 ἦν
1516 593 1591 625 Θεὸς,
1607 593 1653 619 καὶ
1674 592 1757 623 ἐστιν.
1777 589 1800 626 ᾦ
1820 593 1851 619 οὐ

1060 638 1321 674 προσλογισθήςεται
1336 638 1428 674 ἕτερος
1444 638 1520 670 Θεὸς,
1539 638 1612 674 ναὶῆ
1627 637 1657 664 οὗ
1670 647 1677 671 ;
1693 639 1756 672 Ἀρ.
1773 635 1850 664 εἶπε·

1059 682 1158 714 Καθὼς
1173 684 1187 708 ὁ
1204 684 1344 718 προφήτης
1357 683 1441 717 λέγει,
1463 683 1543 714 αὑτός
1561 683 1635 709 ἐστιν
1647 683 1661 709 ὁ
1677 683 1752 715 Θεὸς.
1773 682 1851 709 Ἀϐέ-

1061 738 1137 764 μιτον
1147 729 1201 764 γάρ
1220 730 1278 756 ἐστι
1293 730 1356 764 περὶ
1372 729 1418 755 τοῦ
1437 729 1542 764 Πατρδς
1558 728 1657 762 λέγειν,
1671 728 1711 755 ὅτι
1729 728 1819 764 ὤφθη,
1833 728 1850 764 ἢ

1058 776 1099 802 ὅτι
1115 775 1256 811 ἄνθρωπος
1277 775 1395 809 γεγονὼς
1411 773 1652 801 συνεπολιτεύσατο
1671 776 1725 806 τοῖς
1745 773 1851 809 ἀνθρὼ-

1059 830 1131 854 ποις,
1153 821 1270 857 φανεροῦ
1294 821 1371 853 ὄντος
1393 821 1439 848 τοῦ
1466 820 1644 857 πράγματος,
1666 821 1706 848 ὅτι
1728 822 1743 848 ὁ
1763 821 1851 855 Λόγος

224 865 337 894 factum.
352 866 415 893 ΑιΙι.
432 867 517 901 Igitur
529 875 599 894 unus
612 866 708 900 Filius,
717 867 763 902 qui
781 871 842 894 ante
853 867 944 898 omnia
956 875 1007 895 sa”:-

1062 867 1122 898 ῡεὺς
1139 866 1356 902 ὲνηνῢρὼπησεν.
1377 868 1435 894 Ἀθ.
1453 863 1530 892 εἶπεν
1542 874 1549 881 ·
1566 866 1670 893 Οὐκοῦν
1686 864 1726 897 εἷς
1744 867 1759 892 6
1774 866 1850 898 Υιὺςι

222 913 286 939 cuia
295 920 348 939 una
359 920 419 939 eum
429 912 508 940 Patre
518 913 677 944 exsistebat,
685 912 810 948 Deusque
819 917 877 940 erat
886 913 1010 941 invisibi-

226 960 272 991 lis.
283 959 370 987 factus
381 962 423 986 est
433 959 515 986 homo
525 959 652 987 visibilis.
662 960 710 986 Ar.
722 959 812 987 Unum
829 968 892 988 esse
909 960 1008 988 Filium

224 1004 271 1032 Dei
288 1012 452 1032 concessum
471 1009 513 1032 est
540 1005 652 1040 quidem
669 1012 675 1030 :
694 1008 722 1031 at
747 1009 822 1033 certe
846 1013 901 1033 non
928 1006 1010 1034 simul

222 1057 285 1077 cum
300 1047 380 1077 Patre
393 1049 497 1077 inﬁnite
522 1050 640 1077 exsistit.
661 1049 724 1077 ΑιΙι.
742 1050 783 1077 An
806 1059 862 1081 non
875 1051 1010 1086 sapientia

223 1100 250 1123 et
267 1095 356 1122 virtus
383 1095 466 1122 simul
478 1102 542 1121 cum
553 1094 635 1122 Patre
650 1099 677 1122 et
701 1094 806 1130 Spiritu
830 1101 926 1124 sancto
937 1097 1010 1124 exsi-

223 1141 290 1169 stit?
307 1142 355 1168 Ar.
369 1141 409 1168 ita
426 1145 479 1169 est.
495 1141 558 1168 ΑιΙι.
577 1141 652 1169 Unus
667 1150 732 1177 ergo
748 1148 790 1170 est
805 1143 952 1171 invisibilis
963 1143 1010 1170 Fi-

224 1186 278 1213 lius
299 1186 358 1218 Dei,
372 1186 419 1221 qui
447 1185 519 1213 idem
538 1190 565 1213 et
587 1186 663 1214 visus
684 1191 743 1218 est;
760 1187 949 1222 incorporeus,
963 1187 1010 1223 qui

223 1234 251 1258 et
280 1238 381 1266 corpus
411 1231 576 1265 assumpsit;
601 1231 774 1264 immortalis.
800 1233 847 1267 qui
873 1237 901 1260 et
927 1240 1010 1261 carne

222 1281 341 1304 mortem
354 1281 396 1304 est
411 1281 558 1312 expertus;
577 1277 697 1305 intactus
712 1277 781 1305 idem
798 1283 825 1306 et
846 1283 945 1307 tactus.
960 1280 1007 1308 Ar.

224 1321 273 1350 His
290 1330 350 1358 qua:
363 1322 455 1351 dixisn
467 1324 614 1351 assentior.
630 1324 694 1351 Alli.
715 1325 760 1352 Ille
777 1326 861 1360 igitur
876 1330 902 1354 et
917 1325 1010 1354 Domi-

225 1377 278 1397 nus
290 1373 318 1397 et
330 1368 402 1397 Deus
416 1374 458 1398 est
472 1371 506 1397 ob
521 1378 632 1397 carnem
643 1378 704 1398 cum
719 1371 806 1400 Verbo
818 1373 1006 1407 conjunctam:

224 1422 276 1442 nec
306 1419 431 1450 separate
457 1420 505 1442 aut
529 1416 731 1444 dominationes
757 1417 896 1452 dicuntur,
914 1423 942 1446 at
961 1419 1009 1447 Dei

172 1459 180 1467 ‘
223 1459 310 1489 Filius
331 1460 411 1489 Jesus
425 1460 562 1495 Christus,
582 1461 701 1489 Verbum
722 1468 748 1490 et
765 1463 846 1497 Deus,
868 1473 939 1493 unus
954 1470 1007 1494 est.

208 2785 210 2800 λ

259 1594 304 1621 22.
314 1594 362 1621 Ar.
372 1593 455 1622 Recte
463 1593 607 1622 admodum
615 1595 681 1623 mihi
691 1603 720 1624 se
729 1596 829 1625 habere
837 1597 942 1626 videtur
954 1597 1011 1626 haec

222 1639 258 1668 de
278 1640 468 1667 incarnatione
485 1640 627 1668 deﬁnitio:
646 1647 834 1670 verumtamen
856 1643 942 1672 Filius
961 1645 1011 1672 uii-

222 1687 298 1714 nime
311 1690 354 1714 est
371 1694 451 1714 verus
470 1686 551 1719 Deus,
569 1688 658 1722 qualis
686 1693 727 1715 est
748 1688 838 1716 Pater.
855 1690 915 1717 Ath.
935 1690 1012 1719 Unde

224 1732 277 1758 hoc
291 1735 432 1766 acceptum
451 1732 566 1759 attulisti
592 1733 693 1760 nobis?
708 1733 755 1760 Ar.
772 1734 952 1769 Nunquamne
969 1736 1010 1763 le-

223 1777 286 1809 gisti
297 1776 484 1812 Evangelium,
500 1777 546 1804 ubi
562 1777 693 1806 Dominus
714 1779 750 1805 ita
770 1778 878 1806 Patrem
895 1780 1012 1814 alloqui-

224 1826 270 1848 tur
286 1832 293 1849 :
311 1831 321 1848 ἰ
340 1821 403 1849 Haec
411 1827 454 1850 est
469 1823 524 1850 vita
536 1828 648 1856 aeterna,
661 1827 691 1850 ut
702 1829 869 1859 cognoscant
883 1829 910 1852 te
922 1826 1010 1853 solum

223 1874 317 1894 verum
325 1867 457 1900 Deum,et
466 1876 547 1903 quem
565 1867 776 1900 misisti,Jesum
792 1870 930 1897 Christum
943 1870 983 1896 “?
999 1881 1008 1897 ι

223 1911 306 1948 Vides
321 1914 410 1940 solum
427 1922 521 1941 verum
543 1913 626 1941 Deum
640 1915 743 1943 dixisse
764 1915 889 1948 Patrem,
918 1921 1011 1952 utpote

218 1965 285 1986 cum
300 1958 357 1993 ipse
375 1967 428 1986 non
442 1960 478 1986 sit
488 1968 569 1988 verus
578 1961 668 1989 Deus?
679 1961 741 1988 Alli.
754 1961 782 1988 ld
790 1962 948 1996 conjunctio
957 1967 1010 1995 est,

224 2004 306 2031 verba
321 2012 381 2039 quae
397 2008 459 2032 ante
476 2009 540 2032 sunt
556 2006 643 2040 posita
652 2011 678 2033 et
692 2014 752 2041 qua:
766 2012 921 2041 sequuntur
936 2008 1011 2035 nullo

224 2050 306 2077 modo
322 2050 456 2079 dividens.
473 2050 597 2079 Profecto
610 2052 655 2087 qui
672 2056 745 2080 recte
769 2053 892 2080 sentiunt
903 2074 910 2086 ,
937 2054 1010 2081 illam

225 2101 377 2132 agnoscunt
401 2098 621 2132 conjunctionem
650 2099 676 2125 in
701 2106 768 2126 voce
791 2098 939 2126 Dominica.
966 2100 1012 2126 Ni-

225 2143 374 2171 hilominus
398 2151 476 2179 requo
490 2145 581 2171 animo
603 2145 697 2172 audias
714 2153 774 2180 qua:
797 2153 857 2173 sum
875 2146 1009 2174 dicturus.

1059 913 1074 938 ὁ
1091 913 1143 948 πρὸ
1161 913 1269 940 πάντων
1284 912 1388 939 αἰώνων
1404 911 1584 948 συνυπάρχων
1596 911 1636 947 τῷ
1650 912 1737 947 Πατρὶ
1753 911 1850 943 αὐτοῦ,

1060 959 1126 991 Θεὸς
1148 959 1185 986 ὢν
1206 959 1330 994 ἀόρατος,
1356 958 1496 994 ἄνθρωπος
1520 957 1630 992 γέγονεν
1652 957 1757 992 ὁρατός.
1784 957 1849 991 Ἀρ.

1060 1002 1136 1031 εἶπεν
1147 1013 1154 1019 ·
1171 1005 1231 1032 Ὅτι
1249 1002 1288 1036 εἷς
1302 1005 1375 1030 ἐστιν
1391 1005 1405 1031 6
1420 1003 1483 1036 Υἱὸς
1501 1003 1548 1030 τοῦ
1569 1003 1647 1035 Θεοῦ,
1660 1002 1849 1038 ὡμολόγηται·

1060 1052 1090 1078 οὐ
1108 1051 1274 1087 συνυπάρχει
1290 1051 1318 1077 δὲ
1333 1050 1372 1086 τῷ
1390 1050 1477 1086 Harp).
1492 1050 1662 1085 ἀπεράντως.
1683 1050 1741 1076 Ἀθ.
1758 1047 1849 1076 εἶπεν·

1067 1099 1098 1125 Ἡ
1114 1098 1193 1133 σοφία
1207 1099 1254 1125 καὶ
1266 1099 1282 1133 ἡ
1297 1098 1411 1133 δύναμις
1425 1097 1591 1133 συνυπάρχει
1604 1097 1643 1132 τῷ
1655 1097 1741 1132 Πατρ¹ι
1751 1096 1798 1123 καὶ
1811 1095 1851 1131 τῷ

1061 1145 1197 1180 Πνεύματι
1214 1143 1252 1179 τῷ
1270 1144 1356 1182 ἁγ-ίῳ;
1385 1145 1443 1178 Ἀρ.
1467 1141 1556 1170 εἶπεν
1581 1142 1674 1174 οὕτως
1690 1142 1757 1178 ἔχει.
1787 1141 1849 1169 Ἀθ.

1060 1189 1152 1216 εἶπεν·
1168 1188 1215 1221 Εἷς
1231 1187 1277 1216 οὖν
1291 1183 1328 1216 ὣν
1347 1191 1361 1216 6
1385 1189 1498 1224 ἀόρατος
1515 1189 1578 1220 Υἱὸς
1601 1188 1647 1216 τοῦ
1665 1188 1744 1220 Θεοῦ,
1768 1188 1782 1214 ὁ
1802 1187 1852 1214 καὶ

1059 1236 1178 1272 ὀραθεὶς,
1200 1235 1345 1271 ἀσώματος
1365 1237 1413 1262 καὶ
1436 1235 1514 1271 σῶμα
1533 1234 1633 1266 λαϐὼν,
1655 1234 1787 1265 ἀθάνατος
1802 1233 1852 1260 καὶ

1060 1283 1174 1310 θανάτου
1191 1284 1287 1318 πεῖραν
1300 1281 1391 1309 λαὸὼν
1405 1284 1496 1319 σαρκὶ,
1510 1284 1523 1309 6
1537 1282 1714 1318 ἀψηλάφητος
1731 1281 1778 1308 καὶ
1794 1281 1850 1317 ψηο

1059 1328 1200 1364 λαφηθείς.
1214 1329 1278 1362 Ἀρ.
1300 1325 1373 1354 εἷπε·
1390 1328 1520 1364 Σύμφημι
1536 1328 1607 1364 ἅπερ
1625 1325 1714 1359 εἶπας.
1729 1327 1790 1354 Ἀθ.
1807 1324 1849 1354 εἴ·

1060 1383 1126 1401 πεν·
1150 1372 1233 1406 οὗτος
1251 1371 1297 1400 οὗν
1317 1374 1364 1400 καὶ
1389 1373 1487 1410 Κύριος
1504 1374 1559 1409 (27)
1582 1375 1628 1401 καὶ
1652 1373 1727 1405 Θεὸς,
1752 1373 1796 1400 διὰ
1819 1373 1852 1400 τὸ

1043 1419 1226 1460 ίσυναφθῆναι
1248 1419 1297 1455 τὴν
1315 1419 1404 1455 σάρκα
1427 1420 1466 1455 τῷ
1484 1420 1563 1455 Λόγῳ
1575 1428 1581 1435 ’
1598 1420 1645 1447 καὶ
1667 1420 1698 1446 οὺ
1715 1420 1848 1456 διῃρημέ-

1036 1462 1043 1505 Ι¹
1059 1474 1130 1496 νως,
1156 1465 1203 1491 καὶ
1222 1464 1382 1507 χιλριέτητες
1407 1466 1454 1500 μὲν
1472 1465 1596 1500 λέγονται
1608 1474 1614 1480 ·
1631 1466 1645 1492 ὁ
1667 1465 1695 1491 δὲ
1714 1464 1760 1491 τοῦ
1780 1465 1850 1492 Θεοῦ

1023 1533 1046 1564 C

1060 1511 1124 1543 Υἱὸς
1147 1509 1250 1545 Ἰησοῦς
1265 1510 1394 1546 Χριστὸς,
1419 1511 1434 1537 6
1449 1511 1534 1545 Λόγος
1551 1511 1598 1538 καὶ
1622 1511 1698 1543 Θεὸς,
1721 1508 1761 1542 εἷς
1782 1519 1851 1545 τυγ-

1061 1558 1147 1594 χάνει.

1095 1601 1139 1628 2%.
1159 1602 1222 1636 Ἀρ.
1240 1599 1300 1628 εἷπε
1311 1611 1317 1618 ·
1334 1602 1413 1628 Δοκεῖ
1429 1601 1473 1637 μοί
1490 1610 1548 1633 πως
1562 1601 1694 1636 ὀρθότατα
1711 1601 1849 1636 καταφαί-

1060 1647 1153 1674 νεσθαι
1175 1648 1189 1674 6
1215 1648 1280 1684 περὶ
1303 1647 1353 1682 τῆς
1372 1647 1536 1683 σαρκώσεως
1555 1647 1617 1684 ὃρος
1629 1657 1636 1662 -
1659 1648 1783 1683 μέντοιγε
1797 1647 1851 1674 οὐκ

1061 1692 1184 1728 ἀληθινὸς
1204 1693 1269 1724 Θεός
1285 1694 1358 1720 ἐστιν
1379 1694 1393 1720 ὁ
1416 1693 1495 1725 Υἱὸς,
1512 1693 1606 1729 ὥσπερ
1628 1694 1642 1719 6
1661 1694 1767 1730 Πατήρ.
1791 1694 1849 1721 Ἀθ.

1061 1737 1135 1766 εἶπε’
1155 1739 1240 1766 Πόθεν
1256 1740 1334 1766 τοῦτο
1350 1739 1469 1775 εἰληφὼς
1482 1740 1614 1775 ἐκόμισας
1631 1741 1713 1776 ὴμῖν;
1731 1742 1789 1775 Ἀρ.
1810 1739 1852 1767 εἶ-

1061 1794 1111 1812 πεν
1124 1794 1130 1801 ·
1148 1786 1282 1813 Οὐδέποτε
1306 1786 1426 1821 ἀνέγνως
1448 1786 1479 1813 τὸ
1494 1787 1669 1821 Εὑαγγέλιον,
1687 1786 1724 1818 ὥς
1739 1795 1821 1821 φησιν
1835 1787 1851 1813 ὁ

1061 1832 1162 1868 Κύριος
1183 1833 1250 1868 πρὸς
1272 1832 1318 1859 τὸν
1342 1832 1440 1859 ἑαυτοῦ
1463 1833 1590 1868 Πατέρα·
1610 1842 1618 1859 ι
1638 1832 1710 1868 Αὕτη
1737 1833 1811 1860 ἐστὶν
1832 1834 1850 1868 ἠ

1062 1877 1168 1909 αἰώνιος
1183 1877 1249 1913 ζωὴ,
1267 1878 1310 1904 ἵνα
1325 1878 1478 1912 γινώσκωσι
1499 1887 1528 1904 σε
1549 1878 1595 1905 τὸν
1623 1879 1702 1914 μόνον
1722 1878 1850 1913 ἀληθινὸν

1061 1922 1137 1954 Θεὸν,
1155 1924 1201 1950 καὶ
1213 1923 1243 1949 ὃν
1265 1924 1428 1956 ἀπέστειλας
1448 1924 1551 1960 Ἰησοῦν
1565 1925 1702 1959 Χριστόν;
1722 1933 1731 1950 ι
1755 1924 1849 1960 Ὁρᾷς,

1061 1968 1101 1995 ὅτι
1126 1969 1204 2004 μόνον
1222 1968 1346 2004 ἀληθινὸν
1359 1969 1423 1996 Θεὸν
1444 1969 1496 2004 ἔφη
1513 1969 1558 1995 τὸν
1573 1969 1694 2004 Πατέρα,
1715 1968 1752 2000 ὡς
1765 1967 1850 1996 αὑτοῦ

1063 2014 1100 2049 μὴ
1109 2014 1183 2046 ὄντος
1195 2014 1322 2050 ἀληθινοῦ
1333 2014 1419 2048 Θεοῦ;
1437 2015 1496 2042 Ἀθ.
1512 2012 1585 2041 εἶπε’
1602 2014 1687 2041 Τοῦτο
1701 2014 1850 2049 σύνδεσμός

1062 2061 1131 2091 ἐστι,
1146 2059 1200 2086 τῶν
1218 2061 1426 2096 προειρημένων
1444 2061 1573 2096 ῥημάτων
1588 2060 1635 2087 καὶ
1650 2060 1703 2086 τῶν
1717 2059 1853 2095 ἐπαχθέν-

1061 2114 1114 2132 των
1130 2106 1159 2131 οὺ
1176 2105 1307 2140 διαίρεσιν
1323 2105 1454 2140 ἐμποιῶν.
1479 2106 1632 2141 Ἀραρότως
1651 2106 1680 2132 δὲ
1698 2105 1772 2142 παρὰ
1793 2106 1851 2137 τοῖς

1062 2150 1236 2186 εὑφφνοῦσιν
1259 2150 1430 2186 ὡμολόγηται
1446 2151 1501 2186 (28)
1524 2151 1670 2186 σύνδεσμος
1685 2150 1715 2177 τὸ
1735 2151 1784 2177 ἐπὶ·
1797 2151 1851 2185 τῆς

226 2189 255 2216 Si
271 2189 332 2224 quis
348 2190 430 2217 alicui
444 2190 482 2217 ita
497 2190 530 2217 de
542 2190 722 2218 Constantino
737 2192 896 2226 pricciperet
912 2191 1009 2220 :Certo

1062 2197 1202 2232 Κυριακῆς
1219 2197 1320 2232 φωνῆς.
1345 2197 1417 2232 Πλὴν
1438 2197 1520 2224 ἄκουε
1545 2197 1613 2233 μετὰ
1628 2197 1818 2233 μακροθυμίας
1836 2198 1852 2224 ὃ

226 2242 344 2269 agnosce
359 2235 446 2262 solum
458 2235 607 2270 Augustum
625 2239 652 2263 et
673 2236 812 2263 dominum
828 2241 906 2264 terra:
919 2240 945 2264 et
956 2245 1013 2264 ma-

226 2281 264 2309 ris
280 2281 469 2316 imperatorem
488 2281 698 2309 Constantinum
723 2285 750 2309 et
777 2283 966 2310 Constantium
982 2283 1013 2310 ﬁ-

225 2327 292 2354 lium
302 2328 373 2362 ejus,
387 2335 453 2354 num
465 2327 489 2355 is
505 2328 589 2354 ﬁlium
606 2335 668 2354 cum
682 2332 761 2363 patre
779 2329 965 2361 conﬁteretur,
977 2337 1013 2357 an

224 2380 279 2400 non
291 2373 303 2399 ‘2
317 2373 366 2399 Ar.
394 2371 452 2400 Non
470 2373 527 2400 leve
542 2377 584 2400 est
604 2373 754 2407 periculum
770 2374 861 2401 dicere
877 2374 1013 2402 Conslan-

223 2419 293 2446 tium
307 2426 362 2446 non
381 2419 516 2454 imperare
527 2427 588 2447 cum
603 2419 785 2447 Constantino
804 2426 880 2455 patre
897 2429 947 2449 suo
957 2441 964 2451 .
980 2430 1013 2449 eo

224 2463 299 2499 quod
311 2471 364 2491 una
381 2472 443 2491 cum
460 2465 520 2500 ipso
546 2469 713 2492 numeretur.
732 2465 794 2493 Ath.
808 2465 849 2492 An
867 2473 932 2500 ergo
946 2474 1010 2501 gra-

223 2509 368 2538 vissimum
382 2511 531 2545 periculum
548 2511 638 2538 cernis
658 2511 831 2545 impendere,
846 2512 869 2539 si
887 2511 921 2539 de
937 2512 1009 2539 Gon-

225 2556 346 2583 stantino
363 2560 390 2584 et
405 2555 566 2583 Constantio
589 2556 626 2583 ita
643 2556 719 2585 ausis
732 2557 816 2592 loqui,
834 2557 901 2584 nihil
917 2562 1008 2585 autem

224 2601 306 2629 times
321 2602 367 2637 qui
380 2602 445 2629 talia
459 2601 493 2629 de
508 2601 573 2629 Iesu
585 2602 696 2630 Christo
708 2607 736 2630 et
750 2604 809 2638 ejus
821 2603 900 2631 Patre
913 2604 1009 2639 loque-

259 2680 282 2697 ⁸ο
302 2680 408 2708 Baruch
426 2687 475 2713 ιιι,
491 2681 585 2708 56-58.
623 2681 645 2696 ⁸³
666 2680 745 2709 Joan.
762 2689 837 2715 xvu,
856 2682 885 2710 5.

271 2773 316 2808 26)
329 2773 391 2801 Haec
413 2774 442 2800 '0
458 2771 503 2800 οὖν
517 2772 618 2807 ὀφθείς,
633 2771 732 2808 desunt
748 2771 775 2798 in
789 2772 857 2808 Aug.

271 2805 315 2843 Z7)
332 2809 371 2836 Ita
390 2807 456 2842 Reg.
483 2805 551 2835 Edit.
577 2815 641 2835 vero
653 2807 776 2843 C9mm.._
794 2805 877 2843 Οὗτος
894 2806 1021 2842 Κύριος(

224 2839 296 2872 Edit.
307 2839 399 2872 ’νει-ξς.
416 2839 478 2871 cum
494 2843 553 2870 alii:
570 2850 636 2870 mss.
653 2840 736 2873 Οὗτος
751 2839 796 2868 οὖν
809 2841 920 2877 Κύριος.

1065 2251 1145 2277 φημι.
1167 2242 1201 2268 Εἴ
1214 2251 1256 2274 τις
1269 2242 1308 2278 τῷ
1328 2243 1440 2279 πλησίον
1458 2243 1607 2270 ἐντέλλεται
1623 2244 1686 2279 περὶ
1702 2243 1851 2270 Κωνσταν-

1063 2288 1135 2314 τίνου
1154 2288 1239 2321 λέγων
1251 2296 1258 2303 ·
1277 2289 1418 2323 Ἀσφαλῷς
1441 2290 1559 2323 γίνωσκε
1578 2290 1624 2316 τὸν
1649 2290 1729 2324 μόνον
1744 2288 1853 2323 Αὔγου-

1064 2341 1125 2360 στον
1150 2334 1196 2360 καὶ
1218 2334 1404 2370 αὐτοκράτορα
1433 2335 1484 2370 γῆς
1505 2335 1552 2361 καὶ
1573 2334 1710 2369 θαλάσσης
1736 2333 1853 2370 βασιλέα

1063 2379 1266 2405 Κωνσταντῖνον
1283 2380 1330 2405 καὶ
1346 2380 1532 2407 Κωνστάντιον
1544 2379 1588 2406 τδν
1606 2380 1663 2406 υἱὸν
1677 2379 1770 2411 αὑτοῦ,
1786 2388 1853 2406 συν-

1062 2424 1220 2460 ωμολόγησε
1235 2424 1280 2451 τὸν
1291 2425 1348 2451 υἱὸν
1361 2425 1400 2460 τῷ
1421 2425 1520 2460 πατρὶ,
1538 2425 1583 2452 ναὶ
1607 2425 1622 2460 ἦ
1645 2424 1694 2456 οὕ;
1723 2425 1784 2459 Ἀρ.
1810 2421 1853 2451 εἷ-

1065 2478 1114 2495 πεν
1124 2478 1130 2484 ·
1147 2470 1184 2495 Οὑ
1202 2470 1298 2506 μικρὸς
1316 2470 1436 2503 κίνδυνος
1452 2471 1482 2497 τὺ
1499 2472 1596 2501 εἰπεῖν,
1612 2472 1652 2497 ὅτι
1666 2471 1696 2496 οὐ
1712 2470 1853 2506 animam.—

1064 2514 1136 2541 λεύει
1149 2515 1336 2547 Κωνστάντιος
1349 2517 1545 2552 Κωνσταντίνῳ
1558 2516 1596 2552 τῷ
1610 2517 1694 2552 πατρὶ
1706 2515 1801 2548 αὐτοῦ,
1818 2517 1852 2543 ἐκ

1061 2559 1107 2586 τοῦ
1126 2559 1349 2594 ύπαριθμηθῆναι
1362 2560 1437 2596 αὐτῷ
1454 2561 1520 2596 (29).
1540 2562 1593 2589 Ἀθ.
1609 2559 1701 2588 εἶπεν·
1720 2561 1783 2587 Ἐπὶ
1799 2561 1852 2596 μὲν

1061 2604 1251 2632 Κωσταντινου
1277 2606 1323 2632 καὶ
1352 2607 1541 2635 Κωνσταντίου
1572 2606 1693 2635 κίνδυνον
1719 2607 1851 2642 μέγιστα

1167 2773 1249 2808 θυι,
1264 2773 1443 2808 ὁμολογεῖται.

1096 2771 1154 2842 (ἓδζ
1167 2773 1249 2806 ᾼιικη
1264 2773 1350 2807 ὸμολο·

1099 2806 1142 2842 (29
1169 2806 1248 2842 Reg,
1260 2808 1350 2834 αὐτόν.

1099 2806 1142 2842 (29
