1929 3056
78 110 84 120 1
97 138 153 168 465

75 232 81 284 ξ
97 232 128 271 oi‘a
138 232 214 280 ipoﬁﬁ
231 232 343 272 τοιαῦτα
359 232 542 283 φθεγγόμενος
555 258 562 282 ;
575 251 621 277 Δεῖ
633 259 663 277 σε
676 232 890 288 coutiqu

73 293 78 329 ι
97 289 240 317 εὐσέϐειαν
257 292 297 323 εἰς
313 292 358 318 τὸν
372 292 483 329 Κύριον,
499 295 557 322 οἵαν
571 296 617 322 καὶ
635 297 672 328 εἰς
688 298 890 326 Κωνστανττνον

72 330 74 333 ’
97 335 227 370 ρηθέντα.
243 337 300 363 Οὐκ
320 336 464 373 ἀφῄρησας
488 339 542 366 ἀπὸ
562 340 609 367 τοῦ
626 341 685 368 υἱοῦ
707 342 789 369 αὐτοῦ
814 344 890 371 Κων-

97 381 236 413 σταντίου,
251 382 389 409 τουτέστιν
405 384 486 410 αὐτὸν
501 385 667 420 Αὔγουστον,
681 388 728 414 καὶ
740 388 828 415 πάντα
839 390 890 417 ὅσα

95 426 139 457 εις
161 427 206 453 τὸν
229 428 336 464 πατέρα
357 429 438 456 αὑτοῦ
456 432 611 467 προερρήθη
623 452 630 464 ,
650 434 699 460 οὐκ
715 434 826 462 ἄλλοθεν
839 436 889 470 τὴν

96 472 214 506 ἑνότητα
227 474 277 509 τῆς
292 474 369 508 ἀξίας
384 476 512 510 ἐπιγνοὺς
526 477 543 513 ἢ
559 478 593 504 δι’
607 479 701 506 αὐτοῦ.
721 481 779 514 Ἄρ.
789 478 869 507 εἶπεν
879 489 887 497 ’

101 517 246 550 Ἐκκλίνας
261 520 315 547 ἀπὸ
331 521 384 547 τῶν
405 522 602 559 συλλογισμῶν,
626 524 763 561 ἔγγραφον
780 535 824 562 μοι
844 527 889 558 δὸς

94 563 245 598 ἀπόδειξιν,
258 567 281 592 εὶ
293 566 419 602 ἀληθινὸς
430 568 495 600 Θεός
506 570 579 596 ἐστιν
592 571 606 597 ό
618 571 690 604 Υἱὸς,
703 571 796 607 ὥσπερ
810 572 888 607 κάγώ

96 619 139 637 σοι
153 611 246 647 φωνὴν
263 613 424 649 παρεθέμην
439 615 631 651 εὐαγγελικήν.
653 617 708 644 Ἀθ.
724 616 800 645 εἶπεν
813 627 819 634 ”
837 619 886 646 Ἂ-

95 666 159 684 atoue
174 659 223 685 καὶ
243 660 308 695 περὶ
325 660 421 698 τούτου
447 661 584 698 ἔγγραφον
607 663 657 699 τὴν
672 664 825 698 ἀπόδειξιν,
841 666 888 693 καὶ

97 704 135 739 μὴ
150 704 253 731 πλανῶ.
278 705 404 742 Ἰωάννης
418 708 432 733 ό
450 708 598 741 ἀπόστολος
611 709 696 742 οὕτως
713 711 763 747 ἔφη
776 719 784 726 ·
803 721 812 737 ι
833 713 887 739 Καὶ

94 750 216 785 οἴδαμεν,
231 751 272 778 ὃτι
288 752 302 777 ὁ
318 752 364 778 τοῦ
379 753 447 780 Θεοῦ
462 754 526 786 Υἱὸς
547 755 609 790 ἥκει
619 776 626 788 ,
644 757 691 783 καὶ
707 757 806 784 ἔδωκεν
820 759 886 793 ἡμῖν

93 795 227 829 διάνοιαν,
253 797 296 824 ἵνα
321 798 499 834 γινώσκωμεν
524 801 570 828 τὸν
584 801 711 838 ἀληθινὸν
734 803 799 830 Θεόν
813 812 819 819 ’
839 803 887 831 καί

92 841 177 876 ἐσμεν
191 842 220 867 ὲν
234 841 273 878 τῷ
288 842 406 878 ἀληθινῷ
423 844 480 880 Υἱῷ
496 845 577 872 αὐτοῦ
599 847 685 881 Ἰησοῦ
699 847 818 884 Χριστῷ.
833 846 885 876 Οὗ-

686 146 896 176 DlSPUTATlO
915 148 1056 177 CONTRA
1074 149 1193 179 ARIUM.

97 199 176 234 ὁρᾷς,
195 200 241 226 ἐπὶ
257 200 285 227 δὲ
305 200 392 236 Ἰησοῦ
412 202 530 238 Χριστοῦ
551 204 598 231 καὶ
616 204 664 232 τοῦ
685 206 793 242 Πατρὺς
806 206 878 234 αὐτοί

941 208 1001 236 ris?
1017 208 1146 237 Eamdem
1172 209 1307 238 adversus
1321 210 1465 238 Dominum
1493 211 1622 240 exhibere
1647 213 1731 241 debes
1788 231 1792 234 ν

1679 156 1732 184 468

941 254 1085 288 pietatem,
1114 263 1146 282 ac
1163 255 1190 282 in
1215 260 1394 284 memoratum
1419 257 1640 287 Constantinum.
1669 259 1730 287 Non

941 300 1078 327 abstulisti
1097 301 1131 328 ab
1145 301 1206 336 ejus
1224 300 1279 330 [ilio
1291 301 1451 331 Constantio
1467 303 1582 339 Augusti
1600 305 1731 340 majesta-

940 349 1005 378 tem,
1024 354 1075 374 nec
1089 347 1142 374 alia
1155 348 1246 376 omnia
1264 356 1324 384 quae
1338 349 1371 377 de
1387 354 1464 385 patre
1482 352 1542 385 ejus
1562 355 1642 379 antea
1665 357 1730 379 sunt

940 391 1013 419 dicta
1029 402 1035 419 :
1051 401 1101 421 nec
1117 393 1226 422 aliunde
1243 394 1386 430 dignitatis
1400 396 1492 425 unitas
1510 398 1557 425 tibi
1575 403 1637 426 nota
1656 398 1707 426 fuit
1719 419 1727 430 .

939 446 1021 472 quam
1037 447 1085 474 per
1103 439 1202 474 ipsum.
1221 440 1269 468 Ar.
1298 440 1414 470 Omissis
1437 444 1601 479 syllogismis
1615 464 1622 477 ,
1643 445 1729 480 proba

939 484 1006 510 mihi
1041 485 1189 520 Scriptura!
1219 488 1382 516 auctoritate
1412 488 1512 517 Filium
1546 498 1641 518 verum
1668 499 1730 519 esse

938 529 1043 563 Deum,
1068 532 1297 565 quemadmodum
1325 541 1376 569 ego
1397 535 1446 562 tibi
1470 543 1564 563 vocem
1590 538 1728 573 evangeli-

939 582 997 601 cam
1015 576 1155 610 proposui.
1182 576 1245 604 Ath.
1265 578 1337 605 Audi
1353 580 1445 614 itaque
1459 580 1608 615 Scriptura:
1627 581 1678 609 hac
1693 582 1731 610 de

939 627 969 648 re
980 621 1072 653 verba,
1087 629 1138 649 nec
1153 630 1226 650 erra.
1241 623 1362 653 Joannes
1373 626 1513 660 apostolus
1524 627 1582 655 haec
1596 628 1633 655 ait
1646 638 1653 655 :
1668 638 1678 654 ι
1694 629 1730 655 Ει

939 666 1042 695 scimus
1056 668 1185 702 quoniam
1196 668 1281 698 Filius
1293 669 1341 698 Dei
1354 673 1474 704 venit,et
1484 672 1559 700 dedit
1570 674 1650 701 nobis
1664 682 1728 702 sen-

938 719 1010 745 sum,
1029 717 1058 740 ut
1079 721 1278 749 cognoscamus
1296 724 1389 744 verum
1412 717 1497 745 Deum
1514 728 1519 745 :
1536 722 1564 745 ot
1578 726 1674 747 sumus
1699 721 1727 747 in

937 767 1002 786 vero
1018 758 1087 787 Filio
1104 760 1163 794 ejus
1180 759 1244 788 Jesu
1253 761 1372 790 Christo.
1391 762 1440 791 Hic
1456 767 1499 792 est
1513 772 1596 792 verus
1612 764 1683 793 Deus
1700 770 1729 793 et

937 805 993 832 vita
1007 808 1109 833 aeterna
1126 806 1159 834 δ’.
1182 816 1191 833 ι
1214 802 1293 835 Vides
1318 809 1427 836 easdem
1452 817 1534 838 voces
1550 810 1583 838 de
1596 810 1676 838 Patre
1700 815 1728 838 et

937 850 1005 879 Filio
1021 851 1157 886 proferri,
1183 851 1338 889 Filiumque
1366 863 1442 890 atque
1458 863 1490 884 ac
1509 856 1617 884 Patrem
1640 856 1726 884 Deum

91 887 138 918 τός
159 887 233 914 ἐστιν
257 889 272 914 ὁ
292 888 418 924 ἀληθινὸς
439 890 505 922 Θεὸς
520 892 567 918 καὶ
591 893 607 927 ή
627 892 683 928 ζωὴ
707 893 855 928 ήαιώνιος.
873 904 878 920 l

935 895 1045 924 dicere?
1060 896 1127 924 Nam
1141 887 1369 933 quemadmodum
1390 887 1423 928 de
1446 900 1524 928 Patre
1539 901 1597 929 ait:
1625 911 1635 928 ι
1663 902 1727 930 Ηεοο

96 932 191 969 Ὁρᾷς,
208 935 249 961 ὅτι
275 935 354 962 αὐταὶ
377 937 404 963 αἱ
421 937 507 971 φωναὶ
531 939 659 974 φέρονται
681 939 804 975 περὶτοῦ
819 940 884 967 Υῑοῦ

91 980 141 1007 καὶ
162 981 286 1017 Πατρὸς,
301 982 473 1017 θεολογοῦσαι
497 984 554 1011 ἴσον
577 985 622 1012 τὸν
645 985 710 1012 Υἱὸν
730 985 769 1021 τῷ
786 987 882 1022 Πατρὶ.

91 1024 198 1062 Ὠσπερ
215 1026 270 1062 γὰρ
293 1029 339 1054 ἐπὶ
364 1028 410 1055 τοῦ
436 1029 541 1065 Πατρὸς
563 1030 631 1066 ἔφη·
651 1041 659 1056 ι
680 1031 753 1068 Αὕτη
778 1033 852 1059 ἐστὶν
866 1034 883 1069 ὴ

90 1070 200 1103 αἰώνιος
223 1073 290 1108 ζωὴ,
314 1074 355 1100 ἵνα
376 1075 530 1109 γινώσκωσί
545 1086 575 1104 σε
601 1078 646 1105 τὸν
662 1079 740 1114 μόνον
756 1079 883 1114 ἀληθινὸν

89 1117 169 1150 Θεόν,
190 1128 199 1144 ι
219 1119 266 1145 καὶ
285 1120 402 1148 ἐνταῦθα
424 1123 488 1158 περὶ
509 1123 556 1150 τοῦ
573 1125 637 1151 Υἱοῦ
660 1134 755 1161 φησιν·
774 1135 783 1152 ι
799 1123 882 1159 Οὗτός

89 1164 165 1191 ἐστιν
189 1166 204 1192 ό
229 1166 354 1202 ἀληθινὸς
377 1169 443 1201 Θεὸς
465 1171 512 1197 καὶ
526 1171 582 1207 ζωὴ
604 1171 722 1206 αἰώνιος.
744 1183 753 1200 ι
771 1173 808 1200 Τὸ
824 1171 881 1206 οὖν,

93 1221 103 1237 ε
121 1212 178 1238 Καὶ
198 1212 228 1239 ὃν
244 1213 407 1247 ἀπέστειλας
426 1216 529 1251 Ἰησοῦν
545 1217 679 1253 Χριστὸν,
703 1227 712 1244 ι
734 1218 882 1254 σύνδεσμος

87 1258 228 1292 τυγχάνει,
244 1258 304 1285 ἀντὶ
319 1258 365 1286 τοῦ
381 1260 470 1295 λέγειν
481 1282 489 1294 ,
506 1271 514 1287 ι
530 1262 563 1288 Σὲ
580 1264 659 1298 μόνον
673 1263 799 1300 ἀληθινὸν
815 1264 882 1291 Θεὸν

89 1303 138 1330 καὶ
149 1303 179 1330 ὃν
193 1304 357 1337 ἀπέστειλας
374 1307 477 1342 Ἰησοῦν
493 1308 621 1343 Χριστὸν,
635 1318 644 1334 ι
672 1309 715 1336 ῐνα
726 1310 880 1344 γινώσκωσι

87 1350 135 1378 τὸν
149 1351 214 1378 Υἰδν
226 1351 352 1388 ἀληθινὸν
365 1353 447 1386 Θεὸν,
464 1353 559 1391 ὥσπερ
575 1355 622 1382 καὶ⁴
642 1355 671 1382 σὲ
687 1356 732 1383 τὸν
751 1356 859 1392 Πατέρα
871 1364 879 1372 ·

934 941 1046 968 estvita
1065 947 1180 974 aeterna,
1209 946 1240 969 ut
1262 949 1428 978 cognoscant
1455 948 1482 971 te
1513 944 1602 972 solum
1631 953 1726 972 verum

935 986 1035 1015 Deum:
1048 997 1058 1013 ›
1067 987 1104 1014 ita
1112 991 1139 1014 et
1151 987 1188 1016 ibi
1201 987 1235 1015 de
1245 987 1314 1016 Filio
1325 988 1406 1016 dicit:
1422 999 1431 1015 ι
1447 989 1498 1017 Hic
1510 995 1552 1017 est
1561 998 1643 1017 verus
1653 990 1727 1018 Deus

933 1037 960 1060 et
973 1034 1028 1060 vita
1043 1038 1154 1062 aeterna.
1171 1043 1181 1060 ι
1198 1034 1261 1062 Haec
1275 1035 1358 1071 igitur
1371 1036 1455 1063 verba
1471 1046 1478 1063 :
1499 1045 1508 1062 ι
1528 1036 1560 1063 Et
1577 1044 1659 1072 quem
1671 1037 1724 1064 rui-

934 1079 993 1106 sisti
1008 1078 1101 1107 Jesum
1115 1079 1272 1113 Christum,
1298 1089 1308 1106 ι
1327 1080 1486 1115 coniunctio
1503 1085 1555 1113 est,
1573 1089 1635 1117 qua:
1652 1081 1725 1109 idem

933 1124 1068 1159 signiﬁcat
1078 1129 1161 1160 atque
1171 1125 1329 1160 hujusmodi
1342 1127 1442 1154 verba:
1457 1137 1466 1152 ι
1478 1126 1516 1155 Te
1527 1127 1617 1155 solum
1628 1134 1724 1155 verum

932 1170 1017 1198 Deum
1030 1175 1057 1199 et
1069 1179 1150 1207 quem
1167 1172 1267 1200 misisti
1281 1172 1375 1200 Jesum
1394 1173 1562 1206 Christum,»
1582 1173 1676 1207 idest,
1692 1177 1724 1201 ut

932 1223 1102 1254 cognoscant
1137 1218 1237 1248 Filium
1272 1224 1349 1247 tuum
1378 1227 1472 1248 verum
1507 1220 1588 1256 168
1612 1215 1722 1252 Deum,

932 1265 1162 1300 quemadmodum
1179 1270 1206 1293 et
1220 1269 1247 1293 te
1262 1265 1383 1294 Patrem.
1401 1265 1479 1294 Sicut
1492 1270 1520 1294 et
1534 1267 1601 1294 alibi
1619 1267 1657 1294 ait
1671 1266 1725 1293 Do.

931 1310 1034 1344 minusI
1054 1320 1067 1337 ι
1079 1310 1136 1347 Ego
1150 1319 1211 1339 sum
1226 1311 1328 1340 veritas
1342 1311 1376 1339 ".
1393 1321 1403 1338 ι
1419 1311 1528 1341 Veritas
1543 1319 1635 1341 autem
1652 1321 1725 1340 nun-

932 1364 1012 1392 quam
1028 1358 1115 1392 possit
1133 1365 1194 1386 esse
1206 1357 1390 1387 mendacium.

87 1396 213 1433 καθάπερ
229 1399 276 1426 καὶ
289 1400 318 1426 ὲν
330 1399 403 1436 ἄλλῳ
417 1401 492 1437 τόπῳ
508 1401 598 1434 ἔλεξεν
611 1403 626 1430 ὁ
638 1402 740 1439 Κύριος
751 1411 758 1418 ·
777 1412 787 1429 ι
807 1402 877 1437 Ἐγὼ
896 1404 981 1439 ειμιή
996 1404 1118 1440 ἀλήθεια.
1139 1413 1149 1431 ι
1175 1405 1302 1441 Ἀλήθεια
1315 1405 1343 1431 δὲ
1365 1406 1415 1433 οὐκ
1446 1406 1479 1433 ἂν
1502 1405 1598 1440 ψεῦδος
1615 1405 1726 1440 ἐγένετό

87 1452 166 1471 ποτε.

121 1492 167 1519 25.
182 1493 241 1527 Ἄρ.
262 1492 353 1520 εἶπεν·
375 1495 513 1531 Ὁμολογῶ
526 1497 603 1531 κάγὼ
615 1497 681 1532 (50),
695 1499 735 1524 ὅτι
751 1497 876 1533 ἀληθινὸς

965 1495 1010 1523 25.
1031 1495 1078 1522 Ar.
1097 1494 1234 1522 Conﬁteor
1250 1498 1278 1522 et
1292 1502 1342 1530 ego
1357 1494 1456 1522 Filium
1476 1494 1523 1523 Dei
1550 1504 1645 1524 verum
1659 1505 1722 1526 esse

86 1536 154 1568 Θεός
175 1537 248 1564 ἐστιν
264 1540 278 1565 ό
295 1539 357 1571 Υἱὸς
371 1539 417 1567 τοῦ
432 1541 512 1568 Θεοῦ·
537 1543 573 1577 μή
595 1551 626 1576 γε
647 1543 759 1570 δύνασαι
781 1543 875 1578 φάναι,

932 1541 1014 1569 Deum
1031 1550 1037 1568 ;
1055 1549 1120 1568 num
1135 1548 1200 1569 vero
1212 1541 1303 1569 dicere
1325 1545 1413 1576 poles,
1429 1542 1511 1569 simul
1527 1541 1615 1576 Deus,
1636 1544 1720 1572 simul

87 1583 147 1618 ἅμα
160 1583 236 1617 Θεὸς,
252 1584 310 1620 ἅμα
324 1585 402 1619 Υἱός;
420 1587 473 1614 Ἀθ.
490 1585 549 1614 εἶπε
561 1597 568 1604 ·
585 1589 617 1615 Τί
629 1589 717 1624 λέγεις
730 1590 787 1625 ἃμα
799 1590 875 1621 Θεὸς,

88 1627 148 1662 ἃμα
164 1628 244 1662 Υἱόςς
261 1630 320 1658 Ὅτι
343 1632 357 1658 ό
383 1632 446 1664 Υἱὸς
469 1634 527 1668 ἅμα
544 1634 606 1666 Υἱὸς
630 1634 697 1661 Θεοῦ
722 1636 797 1668 tam;
811 1636 875 1663 Ναί.

91 1674 122 1700 '0
133 1673 187 1710 γὰρ
199 1675 267 1702 Θεοῦ
278 1677 364 1711 Λόγος
377 1678 433 1714 (31)
446 1679 513 1711 Θεὸς
527 1680 665 1716 τυγχάνει,
678 1681 741 1712 Υἱὸς
757 1682 803 1708 τοῦ
821 1683 877 1709 Πα-

84 1717 151 1755 τρὸς
175 1719 224 1749 ὢν.
241 1723 300 1756 Ἃρ.
321 1721 397 1750 εἶπεν
408 1733 416 1740 ο
433 1726 489 1760 Οὐχ
502 1726 588 1758 οὕτως
609 1727 690 1762 φημὶ,
712 1727 770 1754 ἀλλ’
783 1728 823 1754 ὅτι
838 1728 876 1764 μὴ

84 1764 198 1791 δύνασαι
214 1766 299 1801 φῆσαι
316 1767 383 1802 (52),
398 1768 456 1804 ἅμα
473 1769 538 1802 Θεὸς
551 1771 656 1806 Πατὴρ,
672 1771 730 1806 ἅμα
747 1771 811 1804 Υἱὸς
827 1773 876 1799 σὺν

85 1810 184 1846 Πατρι.
206 1812 260 1839 Ἀθ.
277 1810 337 1839 εἶπε
350 1822 356 1828 ·
372 1814 422 1840 Διὰ
440 1815 466 1841 τι
487 1816 516 1842 οὺ
532 1816 649 1851 δύναμαι
672 1817 750 1844 τοῦτο
771 1819 873 1850 εἰπεῖν;

86 1857 148 1891 Ἀρ.
165 1854 256 1884 εἶπεν·
276 1859 336 1886 ὀτι
349 1859 362 1885 ό
376 1860 442 1892 Θεὸς
464 1861 558 1897 Πατὴρ
575 1862 721 1897 ἀγέννητος
735 1864 874 1899 τυγχάνει,

83 1903 99 1929 ό
113 1902 142 1928 δὲ
158 1902 223 1934 Υξὺς
236 1903 363 1940 γεννητός
375 1904 458 1932 ἐστιν.
483 1907 538 1933 Ἀθ.
550 1905 625 1933 εἶπεν
638 1916 644 1922 ·
667 1908 698 1934 'H
711 1908 876 1943 ἀγέννητοι*

85 1949 162 1984 φωνὴ
180 1949 228 1976 ἐπὶ
241 1949 288 1976 τοῦ
303 1950 370 1977 Θεοῦ
387 1952 468 1987 μόνου
483 1953 620 1986 τάττεται,
635 1954 653 1989 ἥ
667 1955 712 1980 καὶ
730 1955 775 1981 ἐπὶ
788 1955 874 1983 ἄλλων

83 1994 184 2028 τινῶν;
203 1996 264 2030 Ἀρ.
281 1993 358 2024 εἶπεν
370 2005 376 2012 ·
395 1997 475 2024 Ἄλλο
489 2007 514 2025 τι
529 1999 566 2034 μὴ
583 2000 686 2033 γένοιτο
702 2002 785 2036 φῆσαι
800 2001 876 2035 ἀγέν-

85 2049 166 2076 νητον
177 2049 184 2056 ·
200 2041 214 2068 ὃ
227 2042 282 2077 γὰρ
296 2043 451 2079 ἀγέννητον,
468 2044 546 2071 τοῦτο
569 2046 616 2072 καὶ
641 2047 758 2082 ἄναρχον
773 2048 874 2082 τυγχά-

84 2094 136 2113 νει.
146 2087 201 2114 Ἀθ.
220 2085 310 2114 εἶπεν·
333 2088 365 2115 Ἣ
380 2089 466 2125 φωνὴ,
478 2091 495 2125 ἡ
510 2090 683 2125 ἀγέννητος,
696 2093 773 2119 οὐσία
788 2093 872 2125 ἐστὶν,

85 2132 102 2167 ἢ
119 2133 214 2165 οὐσίας
240 2135 414 2170 σημαντική;
433 2136 493 2170 'Ap.
516 2134 606 2163 εἶπεν·
628 2138 712 2164 Οὺσια
734 2139 871 2174 τυγχάνει.

92 2178 147 2205 Ἀθ.
161 2177 254 2205 εἶπεν*
273 2179 365 2216 Ψεὺδῃ
376 2189 382 2195 ·
395 2181 445 2208 οὐκ
459 2181 532 2208 ἔστιν
545 2183 633 2214 οὐσία,
646 2183 703 2210 ἀλλ’
716 2184 809 2216 οὐσίας
826 2194 872 2221 ση-

87 2224 214 2258 μαντική.
232 2224 296 2258 Ἀρ.
318 2222 377 2251 εἷπε
388 2233 394 2240 ·
410 2225 441 2251 Τί
459 2226 601 2261 σημαίνειν
618 2227 704 2260 θέλεις
721 2228 776 2263 (55)
790 2237 796 2261 ;
817 2230 870 2257 Ἀθ.

85 2266 162 2294 εἶπεν
175 2277 183 2284 ·
203 2269 261 2296 Ὀτι
278 2270 308 2296 οὐ
324 2270 449 2305 γέγονεν,
466 2272 528 2298 οὒτε
558 2271 611 2308 μὴν
635 2273 765 2310 ἐγεννήθη
788 2276 804 2310 ἡ
825 2275 872 2302 τοῦ

84 2316 153 2343 Θεοῦ
163 2317 255 2343 οὐσία·
269 2317 330 2344 ὅθεν
346 2318 510 2354 προσφόροις
531 2319 647 2354 λέγομεν
660 2320 807 2356 ἀγέννητον
823 2322 872 2357 τὴν

83 2362 178 2389 οὐσίαν
202 2363 248 2389 τοῦ
270 2363 347 2390 Θεοῦ.
365 2362 431 2390 Εἶτα
455 2364 515 2390 εξπέ
530 2373 589 2399 μοι’
609 2365 694 2400 Ἀδὰμ
718 2367 849 2402 ἐγεννήθη
863 2387 871 2399 ,

82 2407 158 2443 να¹ιῆ
175 2407 223 2440 ob;
241 2408 298 2443 Ἀρ.
319 2407 395 2435 εἶπεν
407 2418 413 2424 ·
430 2409 487 2435 Οὐκ
502 2409 644 2444 ἐγεννήθη,
661 2409 718 2436 ἀλλ’
738 2410 871 2447 ἐπλάσθη.

88 2454 146 2481 Ἀθ.
163 2452 223 2480 εἷπε
235 2463 242 2469 ·
259 2455 327 2491 Περὶ
340 2455 387 2482 τοῦ
399 2455 545 2490 ἐγεννήθη
563 2455 739 2491 ὲπηρώτησα,
760 2457 790 2483 οὐ
809 2459 873 2493 περὶ

81 2500 130 2527 τοῦ
148 2500 287 2535 ἐπλάσθη
304 2501 371 2536 (54).
391 2502 451 2536 Ἀρ.
475 2499 550 2528 εἶπεν
563 2510 569 2516 ·
583 2502 639 2528 Οὐκ
653 2502 795 2538 ἐγεννήθη.
817 2503 871 2530 Ἀθ.

81 2544 162 2573 εἶπεν
175 2556 182 2562 ·
196 2547 300 2574 οὐκοῦν
315 2548 391 2575 ἔσται
414 2548 532 2584 ἄναρχος
546 2548 617 2576 κατὰ
635 2549 674 2575 σέ.
700 2549 779 2576 Ἀλλὰ
793 2550 840 2576 καὶ
855 2551 872 2585 ἡ

83 2593 142 2620 Εὔα
156 2593 206 2620 οὐκ
221 2594 363 2630 ἐγεννήθη,
374 2594 431 2622 ἀλλ’
445 2595 657 2632 ἐδημιουργήθη.
670 2595 702 2622 Τί
715 2595 742 2622 δὲ
759 2597 811 2631 φῂς
827 2597 873 2624 καὶ

121 2671 145 2687 ⁸⁸
165 2671 268 2698 lJoan.
286 2680 312 2705 ν,
327 2671 371 2699 20.
410 2672 431 2687 ⁸³
450 2671 528 2700 Joan.
547 2681 601 2704 xw,
620 2673 646 2700 6.

122 2761 178 2798 (ξο)
194 2761 279 2795 Κάγώ
295 2761 371 2798 deest
388 2762 415 2789 in
428 2762 497 2798 Aug.

124 2797 179 2839 ει)
196 2797 302 2839 senet
315 2797 467 2839 ιρειίολυο
477 2797 534 2839 γάρ
546 2798 611 2839 ea:
626 2798 722 2833 Mm

123 2831 178 2864 (δὲ)
196 2831 302 2867 Anglic.
324 2831 451 2860 δύνασθαι
482 2831 553 2860 lnt‘ra
571 2834 641 2861 idem
657 2831 765 2871 semper
778 2836 869 2870 habet,

88 2867 230 2901 ἑγένητοςὶ

930 1585 1035 1614 Filius?
1050 1587 1112 1614 ΑιΙι.
1129 1586 1199 1620 Quid
1212 1587 1293 1620 dicis,
1309 1588 1391 1615 simul
1409 1587 1480 1616 Deus
1491 1608 1498 1620 ,
1519 1588 1601 1616 simul
1618 1589 1724 1618 Filius?

928 1629 998 1658 Num
1009 1631 1081 1666 quod
1097 1630 1183 1659 Filius
1199 1631 1281 1659 simul
1298 1631 1333 1659 sit
1348 1631 1436 1660 Filius
1451 1632 1518 1660 Dei?
1530 1632 1568 1660 Ita
1580 1639 1633 1661 est.
1650 1633 1721 1662 Nam

928 1676 1000 1704 Deus
1015 1676 1134 1704 Verbum
1163 1676 1236 1704 Deus
1262 1681 1325 1710 est,
1351 1685 1413 1705 cum
1444 1677 1480 1705 sit
1511 1677 1603 1707 Patris
1624 1679 1721 1708 Filius.

927 1722 975 1749 Ar.
998 1721 1058 1748 Non
1084 1722 1142 1749 haec
1173 1721 1256 1756 dico,
1285 1723 1344 1755 sed,
1372 1724 1445 1758 quod
1472 1724 1529 1758 ipse
1554 1724 1646 1753 dicere
1673 1734 1721 1753 ne-

927 1774 1022 1802 queas,
1039 1767 1121 1794 simul
1137 1766 1209 1795 Deus
1226 1766 1308 1795 Pater
1319 1788 1328 1801 ,
1353 1769 1434 1796 simul
1448 1768 1534 1797 Filius
1548 1778 1610 1797 cum
1628 1770 1719 1800 Patre.

926 1812 989 1840 Ath.
1016 1812 1072 1840 Cur
1092 1813 1120 1840 id
1142 1812 1233 1841 dicere
1251 1814 1405 1849 nequeam?
1431 1815 1479 1842 Ar.
1495 1815 1564 1849 Quia
1584 1816 1656 1844 Deus
1669 1816 1721 1844 Pa-

926 1866 967 1889 ter
982 1861 1120 1896 ingenitus
1133 1865 1186 1894 est,
1201 1860 1287 1889 Filius
1298 1869 1365 1889 vero
1378 1866 1421 1889 est
1437 1863 1557 1898 genitus.
1578 1863 1641 1892 ΑιΙι.
1656 1864 1719 1892 Haec

927 1913 990 1939 vox,
1007 1906 1158 1941 ingenitus,
1176 1906 1210 1934 de
1232 1907 1327 1934 solone
1342 1906 1397 1934 Deo
1409 1913 1570 1944 usurpatur,
1587 1917 1621 1936 an
1637 1904 1720 1940 etiam

925 1952 959 1980 de
984 1951 1045 1980 aliis
1072 1951 1252 1987 quibusdam?
1269 1952 1318 1980 Ar.
1335 1952 1407 1980 Nihil
1424 1958 1498 1982 certe
1514 1955 1589 1982 aliud
1615 1955 1658 1983 fas
1675 1959 1720 1984 est

925 1998 1017 2026 dicere
1035 1998 1196 2034 ingenitum.
1209 1998 1277 2026 Nam
1297 1999 1370 2035 quod
1394 2000 1545 2035 ingenitum
1564 2006 1606 2029 est
1618 2021 1626 2034 ,
1645 2001 1718 2030 idem

924 2048 952 2071 et
968 2044 1095 2079 principii
1108 2048 1150 2072 est
1175 2052 1282 2080 expers.
1303 2045 1367 2073 ΑιΙι.
1389 2045 1466 2079 Vox,
1485 2047 1634 2082 ingenitus,
1648 2048 1716 2075 sub-

925 2091 1062 2118 stantianc
1076 2095 1128 2123 est,
1143 2099 1178 2118 an
1192 2091 1374 2119 substantiam
1390 2093 1577 2128 signiﬁcans?
1590 2093 1639 2120 Ar.
1650 2093 1719 2121 Sub-

925 2136 1025 2163 stantia
1046 2140 1098 2164 est.
1119 2137 1181 2164 Ath.
1200 2136 1278 2165 Falsa
1298 2137 1386 2166 dicis:
1410 2146 1464 2166 non
1487 2143 1530 2167 est
1551 2139 1715 2172 substantia,

925 2182 973 2210 sed
1000 2183 1182 2210 substantiam
1208 2183 1378 2219 signiﬁcans.
1401 2184 1449 2211 Ar.
1470 2184 1541 2218 Quid
1565 2185 1716 2220 intelligis?

925 2228 988 2257 ΑιΙι,
1015 2228 1137 2265 intelligo
1166 2237 1215 2257 nec
1234 2230 1331 2257 factam
1357 2238 1409 2258 nec
1432 2231 1551 2266 genitam
1574 2239 1635 2259 esse
1665 2231 1712 2261 Dei

926 2275 1106 2302 substantiam
1123 2285 1129 2303 :
1149 2275 1221 2303 unde
1238 2275 1434 2304 convenienter
1459 2275 1506 2304 Dei
1531 2277 1715 2304 substantiam

925 2320 1041 2348 dicimus
1060 2321 1218 2357 ingenitam.
1242 2320 1343 2349 Deinde
1363 2322 1498 2356 responde
1519 2321 1604 2349 mihi:
1630 2320 1714 2349 Geni-

925 2370 1007 2394 tusne
1021 2370 1063 2394 est
1077 2367 1173 2400 Adam,
1188 2375 1223 2394 an
1238 2367 1315 2395 non?
1330 2370 1378 2394 Ar.
1397 2367 1456 2395 Non
1468 2370 1510 2396 est
1531 2367 1650 2403 genitus,
1666 2368 1713 2395 sed

926 2412 1070 2441 formatus.
1086 2413 1148 2441 Ath.
1163 2413 1329 2449 Interrogavi
1344 2417 1436 2441 utrum
1447 2418 1520 2442 esset
1531 2414 1649 2449 genitus,
1658 2423 1713 2443 non

927 2462 1018 2485 utrum
1029 2462 1102 2486 esset
1118 2459 1262 2488 formatus.
1285 2460 1334 2487 Ar.
1351 2458 1412 2487 Non
1436 2464 1478 2488 est
1503 2461 1623 2495 genitus.
1648 2461 1711 2490 Atil.

926 2504 985 2532 Erit
1002 2505 1083 2540 igitur
1096 2507 1223 2541 principii
1236 2514 1335 2541 expers
1350 2507 1499 2534 secundum
1527 2512 1562 2535 te.
1580 2507 1635 2535 Eva
1646 2508 1711 2535 item

926 2558 982 2578 non
996 2554 1037 2578 est
1055 2551 1161 2586 genita,
1186 2551 1234 2578 sed
1252 2555 1353 2580 creata.
1368 2552 1438 2585 Quid
1465 2561 1529 2580 vero
1545 2552 1615 2581 dicis
1630 2553 1663 2581 de
1680 2562 1712 2581 eo

926 2598 973 2633 qui
993 2597 1114 2625 nondum
1125 2599 1232 2634 genitus
1244 2602 1296 2632 est,
1309 2599 1464 2634 genitumne
1481 2607 1541 2627 esse
1555 2607 1589 2626 an
1605 2599 1711 2635 ingeni-

961 2764 1115 2804 (53)Ang.l.,
1129 2765 1204 2801 θέλῃ.
1218 2764 1303 2793 Paulo
1315 2769 1377 2801 post
1392 2766 1475 2800 idem,
1491 2767 1619 2804 ἐγενήθη,
1635 2773 1660 2798 et
1675 2771 1712 2798 in-

924 2799 976 2830 fra'.
990 2799 1102 2836 γενητόν
1119 2799 1235 2836 semper.

924 2809 976 2830 Ira.
1009 2809 1038 2826 εν
1057 2809 1102 2827 τον
1119 2809 1235 2836 semper.

922 2809 1106 2897 ὲκξῗέζηῗίθε.
1138 2839 1164 2864 et
1189 2836 1269 2872 Aug.,
1286 2836 1416 2873 ἐπλάσθη.
1447 2837 1500 2866 Alii
1526 2846 1589 2866 cum
1617 2839 1709 2875 editis,

937 2879 1042 2907 κτισνη.
