1929 3056
246 145 301 174 467

830 146 858 174 s.
881 128 1164 174 ATHMASIUSJZ
1185 129 1322 177 SPURIA.

1821 139 1878 170 468

246 209 328 235 tum?
343 208 391 236 Ar.
407 200 489 236 Recte
504 215 533 236 sc
543 207 624 236 habet
635 215 687 236 vox
701 208 843 244 ingenitus.
872 209 930 236 Erit
952 209 1031 244 igitur

1086 208 1149 243 περὶ
1175 207 1221 234 τοῦ
1240 207 1350 243 μηδέπω
1365 206 1557 243 γεννηθέντοςζ
1575 204 1702 242 γεννητὸν
1719 203 1736 240 ἢ
1751 203 1877 239 ἀγέννη-

249 253 329 281 Pater
358 253 465 288 quidem
485 253 632 287 ingenitus.
661 252 746 280 Filius
760 261 824 280 vero
836 253 953 288 genitus.
970 253 1032 278 Ath.

247 298 320 331 Quid
335 299 398 327 inde
413 299 454 327 vis
465 299 645 330 concludere?
655 299 703 326 Ar.
721 299 869 328 Genitusne
881 303 923 327 est
937 298 1033 330 Filius.

248 353 284 372 an
313 345 389 372 non?
409 345 473 372 Ath.
503 345 617 373 Genitos
635 349 687 373 est.
709 345 757 372 Ar.
780 344 863 373 Vides
889 353 951 374 eum
980 352 1035 372 non

248 388 334 417 fuisse
356 393 500 425 antequam
519 395 592 418 esset
610 391 735 425 genitus:
752 398 813 418 nam
834 391 857 418 si
878 391 962 418 fuisse
983 391 1034 424 ais,

249 435 301 462 erit
327 436 477 463 secundum
507 440 534 464 te
560 436 707 471 ingenitus.
725 437 803 470 Quod
818 437 840 464 si
856 437 893 463 ita
913 441 972 470 est,
990 436 1036 463 Fi-

251 482 303 509 lius
317 489 369 508 non
381 482 432 508 erit
444 482 562 517 genitus.
589 482 650 509 Ath.
665 482 736 510 Deus
751 483 866 510 simulne
882 482 961 510 Pater
982 486 1034 515 est,

250 536 285 557 an
298 528 371 555 non?
387 528 435 554 Ar.
447 528 571 558 Potentia
584 529 694 564 quidem
703 532 858 564 semperest
871 528 961 560 Pater,
974 532 1035 555 actu

249 581 315 605 vero
330 581 384 605 non
396 582 512 609 semper.

284 705 329 732 24.
350 705 412 732 Ath.
434 704 475 732 An
490 705 608 733 mundus
629 705 750 740 potentia
762 709 822 733 erat
842 704 948 733 inﬁnite
964 705 1035 741 apud

252 750 350 782 Deum,
369 751 410 777 vel
435 751 507 778 non?
527 751 575 778 Ar.
593 751 631 777 Ita
648 755 699 778 est.
714 751 776 778 Ath.
799 751 884 786 Igitur
904 752 1035 787 quemad-

249 796 359 823 modum
375 796 506 824 mundum
525 797 597 825 Deus
609 797 749 825 voluntate
762 801 804 825 est
821 797 981 832 fabricatus,
994 798 1035 826 sic

248 847 275 869 et
289 841 386 868 Filium
400 842 550 870 secundum
562 847 588 870 te
603 843 750 871 fabricatus
762 847 813 872 est.
828 844 876 870 Ar.
890 843 949 871 Non
963 844 1035 872 sicut

248 887 379 914 mundum
392 897 398 914 :
413 895 475 914 nam
483 888 593 918 memini
605 896 664 923 qua:
675 889 752 924 prius
761 889 947 917 demonstrata
958 893 1033 918 sunt.
1049 876 1070 904 Β

248 932 283 959 At
296 933 358 960 dico
369 932 466 960 Filium
478 934 615 962 voluntate
630 934 759 962 habuisse
773 941 835 963 ante
851 935 964 964 saecula:
974 936 1034 963 vexi-

247 985 330 1014 guum
345 985 408 1004 vero
422 977 483 1005 Filii
497 979 644 1014 generandi
659 983 749 1009 statuo
761 981 944 1015 intervallum,
957 986 988 1009 ut
998 982 1033 1009 sit

247 1022 364 1058 genitus.
378 1022 441 1050 ΑιΙι.
455 1023 573 1051 Rectane
587 1032 631 1052 res
642 1029 685 1053 est
697 1025 781 1053 Deum
791 1025 899 1054 Patrem
914 1034 986 1058 esse.
998 1035 1034 1054 an

245 1068 446 1103 vituperatione
462 1069 564 1104 digna?
588 1071 634 1097 Ar.
662 1071 740 1099 Absit
760 1076 790 1099 ut
813 1071 868 1100 Deo
891 1073 1034 1109 aﬁingatur

247 1114 351 1149 aliquid
363 1115 559 1150 vituperatione
573 1116 684 1150 dignum
697 1118 703 1144 ἰ
719 1118 766 1145 sed
779 1122 854 1145 recta
866 1119 977 1146 omnino
990 1128 1034 1147 res

246 1163 290 1186 est
304 1159 388 1187 Deum
400 1168 461 1188 esse
475 1160 595 1189 Patrem.
610 1161 672 1189 ΑιΙι.
690 1161 775 1198 Igitur
791 1171 824 1190 ex
839 1167 885 1190 tua
899 1165 1033 1192 sententia

247 1204 319 1232 Deus
335 1212 351 1232 ιι
374 1206 557 1234 deterioribus
579 1207 606 1234 in
631 1207 743 1234 meliora
770 1208 897 1243 profecit.
927 1209 994 1236 Nam
1010 1210 1033 1237 si

246 1258 309 1279 Cum
325 1250 406 1278 Pater
421 1259 475 1278 non
488 1256 572 1283 esset,
590 1252 679 1280 factus
696 1258 738 1281 est
749 1254 849 1289 postea
864 1255 953 1288 Pater,
969 1264 1033 1291 ergo

247 1303 261 1323 ε
277 1295 429 1323 minoribus
445 1296 479 1323 ad
493 1297 611 1324 maxima
631 1303 674 1325 est
687 1306 849 1327 conversus.
867 1300 945 1332 Quod
959 1301 981 1328 si
991 1301 1034 1328 di-

245 1349 292 1369 cas
311 1341 416 1376 ipsum,
438 1347 582 1377 antequam
604 1342 683 1370 Pater
703 1344 799 1377 lieret,
831 1345 1033 1373 honoratiorem

246 1386 348 1419 fuisse,
368 1395 433 1423 ergo
459 1388 493 1415 ab
509 1388 732 1427 honoratioribus
750 1391 782 1417 ad
801 1390 935 1418 deteriora
953 1391 1033 1419 deve-

245 1433 306 1461 nit:
323 1441 383 1468 qua:
396 1434 420 1461 si
436 1441 499 1461 vera
517 1439 580 1462 sunt
592 1455 598 1467 ,
625 1443 678 1470 qua
697 1436 803 1464 ratione
825 1437 918 1465 dicere
933 1437 1032 1472 poteri-

246 1486 308 1506 mus
322 1478 428 1507 Numen
443 1487 505 1507 esse
520 1480 700 1515 immutabile,
715 1489 748 1509 ex
762 1490 791 1510 se
806 1482 966 1517 perfectum,
983 1491 1032 1511 nec

1085 263 1149 287 τον;
1167 255 1225 288 'Ap.
1236 252 1310 280 sImv
1323 262 1329 269 ⁸
1347 253 1448 289 Ὀρθῶς
1469 253 1540 289 ἔχειν
1554 252 1602 288 τὴν
1622 251 1788 286 ἀγόν-γητος
1815 259 1878 284 φω-

1085 302 1143 337 νήν.
1164 301 1258 327 Ἔσται
1279 298 1325 327 οὖν
1341 299 1354 326 ό
1378 300 1426 335 μὲν
1448 299 1542 335 Πατὴρ
1558 298 1712 333 ἀγέννητος,
1729 297 1743 323 ὁ
1761 296 1792 323 δὲ
1806 295 1879 325 Υῐδς

1085 347 1223 381 γεννητός.
1250 347 1309 373 Ἀθ.
1334 344 1410 372 εἴπε-
1425 345 1457 372 Τί
1482 343 1527 372 οὖν
1543 344 1629 375 θέλεις
1651 343 1816 377 συναγαγεῖν
1843 341 1878 367 ἐκ

1085 392 1180 418 τούτου
1193 400 1200 424 ;
1220 393 1282 426 Ἀρ.
1310 390 1386 418 εἷπεν
1398 400 1404 406 ·
1430 392 1458 417 '0
1475 391 1538 422 Υἱὸς
1553 388 1684 424 ἐγεννήθη
1695 409 1702 421 ,
1721 388 1764 414 ναὶ
1779 387 1797 422 ἢ
1823 386 1856 412 οὗ
1869 395 1876 417 ;

1093 439 1150 466 Ἀθ.
1176 436 1274 464 εἷπεν¹
1299 436 1456 472 Ἐγεννήθη.
1480 437 1538 470 Ἀρ.
1562 433 1657 462 εἶπεν
1691 435 1791 470 Ὁρᾷς,
1820 434 1876 464 ὅτι,

1087 485 1151 519 πρὶν
1166 485 1182 521 ἢ
1198 483 1368 518 γεννηθῆναι,
1380 484 1429 509 οὐκ
1441 481 1484 518 ἦν·
1496 483 1518 509 εἰ
1535 482 1564 508 δὲ
1573 480 1617 518 ἦν,
1630 481 1775 516 ἀγέννητος
1794 479 1876 506 ἔσται

1086 529 1156 556 κατὰ
1171 530 1210 556 σέ.
1229 529 1260 555 Εἰ
1273 528 1301 555 δὲ
1314 528 1384 555 τοῦθ’
1398 527 1482 559 οὕτως
1497 527 1552 562 ἔχει
1565 547 1572 559 ,
1588 527 1637 553 οὐκ
1653 527 1728 552 ἔσται
1741 524 1876 559 γεννητὸς

1085 576 1099 601 ὁ
1115 575 1188 606 Υἱός.
1209 575 1268 601 Ἀθ.
1292 571 1383 600 εἶπεν·
1404 574 1432 600 ’0
1445 573 1512 604 Θεὸς
1535 572 1592 607 ἅμα
1613 571 1707 606 Πατήρ
1731 571 1802 602 ἐστι,
1829 570 1875 595 ναὶ

1085 619 1102 654 ἢ
1117 618 1147 645 οὖ
1161 627 1168 651 ;
1183 620 1246 652 Ἀρ.
1269 616 1344 644 εἶπε·
1362 617 1479 652 Δυνάμει
1497 617 1546 652 μὲν
1567 616 1610 643 ἀεὶ
1624 615 1728 650 Πατὴρ,
1743 613 1874 649 ἐνεργείᾳ

1086 665 1114 691 δὲ
1128 665 1177 691 οὐκ
1190 664 1242 690 ἀει.

1119 710 1164 737 24.
1187 711 1246 737 Ἀθ.
1264 709 1351 736 εἶπεν·
1374 709 1491 744 Δυνάμει
1507 707 1540 744 ἦν
1565 709 1579 734 ὁ
1602 708 1702 743 κόσμος
1718 706 1796 742 παρὰ
1811 706 1874 741 Θεῷ

1086 756 1244 793 ἀπεράντως
1253 777 1261 790 ,
1278 755 1322 783 ναὶ
1336 755 1352 791 ἢ
1369 755 1399 781 οὕ
1412 764 1419 788 ;
1437 756 1500 789 Ἀρ.
1514 752 1590 781 εἶπεν
1600 763 1606 769 ·
1621 753 1712 785 Οὕτως
1723 752 1790 787 ἔχει.
1809 752 1871 779 Ἀθ.

1086 799 1161 828 εἶπεν
1172 811 1178 816 ·
1193 801 1296 828 Οὐκοῦν
1313 801 1406 836 ὥσπερ
1424 801 1548 836 βουλήσει
1568 800 1612 826 τὸν
1634 800 1734 834 κόσμον
1757 798 1874 834 ἐτεκτή-

1086 857 1148 875 νατο
1163 850 1176 875 ὁ
1189 849 1254 880 Θεὸς
1265 868 1271 880 ,
1295 847 1381 879 οὕτως
1403 847 1449 873 καὶ
1473 846 1519 873 τὸν
1536 846 1598 872 Υἱὸν
1619 845 1782 880 ἐτεκτήνατο
1798 844 1872 870 κατὰ

1085 895 1125 921 σέ.
1143 895 1207 928 Ἀρ.
1224 893 1298 921 εἶπεν
1310 903 1316 908 ·
1335 894 1390 928 Οὐχ
1402 893 1439 925 ὡς
1458 893 1504 919 τὸν
1525 893 1642 927 κόσμον
1659 891 1802 927 μέμνημαι
1815 890 1871 924 γὰρ

1084 939 1136 966 τῶν
1150 938 1433 974 προαποδεδειγμένων
1446 937 1512 973 (55).
1534 936 1612 963 Ἀλλὰ
1626 936 1679 972 πρὸ
1693 936 1746 962 τῶν
1762 934 1872 962 αἰώνων

1084 985 1155 1020 φημὶ
1171 984 1293 1020 βουλήσει
1309 983 1452 1019 ἐσχηκέναι
1466 983 1511 1009 τὸν
1528 983 1590 1009 Υῐόν
1603 991 1609 997 ⁸
1629 981 1714 1016 βραχὺ
1730 981 1757 1007 δὲ
1773 981 1872 1016 δίδωμι

1083 1031 1219 1066 διάστημα
1237 1030 1286 1065 τῆς
1302 1030 1452 1064 γεννήσεως
1472 1027 1518 1054 τοῦ
1532 1027 1597 1054 Υἱοῦ
1610 1047 1616 1060 ,
1635 1025 1706 1062 ἳναῇ
1728 1026 1870 1061 γεννητός.

1091 1077 1150 1104 Ἀθ,
1169 1073 1228 1102 εἷπε
1239 1084 1245 1090 ·
1261 1076 1298 1102 Τὸ
1313 1075 1423 1110 Πατέρα
1436 1072 1506 1101 εἶναι
1523 1073 1568 1100 τὸν
1589 1073 1655 1099 Θεὸν
1669 1072 1751 1100 καλὸν
1766 1072 1871 1107 τυγχά-

1083 1131 1134 1154 νει,
1148 1122 1164 1157 ἢ
1179 1122 1260 1156 ψόγος
1276 1121 1349 1156 αὑτῷ
1362 1121 1456 1153 serat;
1477 1121 1540 1154 "Ap.
1556 1117 1626 1145 εἷπε·
1641 1118 1687 1155 Μὴ
1705 1118 1811 1153 γένοιτο
1821 1118 1871 1152 ψό-

1083 1176 1130 1202 γον
1148 1167 1286 1202 προσάψαι
1301 1166 1355 1201 (56)
1375 1165 1413 1201 τῷ
1427 1164 1504 1200 Θεῴι
1519 1164 1587 1191 ἀλλὰ
1604 1163 1673 1190 πάνυ
1687 1171 1719 1197 γε
1742 1162 1826 1190 καλὸν
1839 1162 1871 1188 τὸ

1084 1211 1152 1239 εἶναι
1163 1213 1207 1239 τὸν
1220 1212 1285 1238 Θεὸν
1303 1212 1421 1247 Πατέρα.
1445 1212 1499 1238 Ἀθ.
1514 1207 1590 1236 εἶπεν
1602 1218 1609 1224 ⁸
1626 1208 1729 1236 Οὐκοῦν
1746 1208 1802 1234 ἀπὸ
1815 1207 1871 1234 τῶν

1083 1259 1212 1294 χειρόνων
1228 1258 1274 1284 ἐπὶ
1290 1258 1323 1284 τὰ
1350 1257 1490 1293 κρείττονα
1514 1255 1663 1292 προέκοψεν
1683 1256 1698 1281 ό
1716 1254 1783 1286 Θεὸς
1798 1253 1871 1280 κατὰ

1085 1305 1122 1331 σέ.
1141 1305 1171 1330 Εἰ
1186 1303 1249 1339 γὰρ,
1268 1303 1303 1338 μὴ
1328 1302 1365 1329 ὢν
1392 1302 1505 1337 Πατὴρ,
1529 1301 1640 1335 γέγονεν
1663 1298 1740 1331 αὖθις
1761 1299 1869 1334 Πατὴρ,

1083 1350 1137 1386 ἆρα
1152 1350 1257 1385 ἐτράπη
1273 1349 1326 1375 ἀπὸ
1339 1348 1392 1375 τῶν
1405 1348 1522 1383 ἡττόνων
1539 1347 1584 1373 ἐπὶ
1597 1346 1631 1373 τὰ
1651 1347 1777 1380 μέγιστα,
1791 1346 1823 1372 Εἰ
1840 1345 1870 1371 δὲ

1083 1396 1310 1432 ἐρεῖς-«πρότερον,
1326 1395 1380 1430 πρὸ
1393 1394 1439 1421 τοῦ
1455 1394 1563 1429 Πατέρα
1577 1393 1658 1420 αὑτὸν
1674 1393 1812 1427 γενέσθαι,
1829 1401 1869 1419 τι-

1085 1443 1215 1478 μιώτερον
1227 1440 1295 1468 εἶναι
1310 1442 1400 1473 αὑτὸν,
1415 1441 1468 1477 ἄρα
1488 1441 1541 1467 ἀπὸ
1559 1440 1612 1466 τῶν
1632 1440 1801 1475 τιμιωτέρων
1822 1440 1869 1465 ἐπὶ

1083 1489 1117 1516 τὰ
1133 1489 1241 1524 χείρονα
1254 1488 1362 1523 ἔφθασε.
1378 1488 1409 1513 Εἰ
1420 1487 1447 1513 δὲ
1458 1487 1531 1513 τοῦθ’
1545 1486 1631 1518 οὕτως
1644 1485 1777 1521 ἐχει,πῶς
1788 1485 1868 1520 ἐροῦ-

245 1524 274 1551 in
289 1524 386 1552 melius
398 1525 544 1560 proﬁciens
557 1546 565 1558 ,
589 1535 639 1554 nec
655 1535 671 1554 a
685 1528 867 1556 deterioribus
881 1529 914 1556 ad
931 1529 1031 1563 optima

1087 1543 1135 1570 μεν
1152 1534 1284 1570 ἄτρεπτον
1299 1534 1329 1560 τὸ
1343 1534 1419 1560 Θεῐον
1433 1554 1439 1566 ,
1458 1533 1608 1564 αὐτοτελὲς,
1625 1533 1692 1568 μήτε
1713 1532 1868 1567 προκόπτον

245 1570 395 1598 desinens?
412 1570 513 1599 Rerum
526 1573 659 1607 siquidem
670 1573 840 1609 corruptioni
852 1574 1032 1602 obnoxiarum

247 1616 387 1651 proprium
402 1621 444 1645 est
458 1619 569 1651 mutari,
587 1619 721 1653 modoque
736 1627 752 1646 a
765 1620 923 1648 melioribus
938 1622 970 1648 ad
988 1623 1034 1649 de-

245 1663 346 1690 teriora
367 1665 500 1696 converti,
516 1664 597 1692 modo
615 1665 649 1692 ab
672 1666 849 1694 inferioribus
865 1667 898 1694 ad
918 1668 1032 1702 majora.

246 1709 293 1735 Ar.
309 1707 364 1736 Nec
374 1709 446 1736 oculi
457 1710 541 1741 ictum
554 1710 596 1738 vis
607 1711 767 1740 concedere.
784 1720 839 1747 quo
853 1720 907 1739 non
925 1713 976 1740 fuit
989 1713 1034 1740 Fi-

246 1754 301 1780 lius
314 1758 458 1788 antequam
469 1759 543 1782 esset
557 1756 687 1790 genitus?
716 1757 777 1783 Ath.
808 1757 886 1790 Quod
902 1767 956 1786 non
973 1763 1032 1792 est,

245 1799 395 1827 concedere
408 1808 462 1827 non
475 1808 596 1835 possum.
619 1802 663 1828 Ar.
678 1802 786 1835 Quare?
797 1803 859 1830 Ath.
884 1804 952 1836 Quia
966 1804 1034 1831 scri-

247 1849 321 1879 ptum
335 1849 394 1873 est:
409 1855 418 1871 ‹
430 1845 489 1873 Non
500 1847 551 1874 erit
565 1847 593 1874 in
609 1851 635 1875 te
650 1848 721 1876 Deus
733 1855 828 1876 recens
840 1849 871 1874 “.
893 1859 902 1874 ι
920 1849 947 1876 Si
961 1850 1033 1877 enim

246 1890 387 1917 minimum
412 1892 595 1920 concesserim
627 1894 758 1928 temporis
789 1894 960 1922 intervallum
980 1903 1033 1930 quo

246 1941 301 1962 non
317 1935 409 1969 fuerit,
426 1941 499 1964 certe
526 1945 622 1966 recens
644 1939 696 1966 erit
710 1947 790 1975 quem
814 1947 864 1975 ego
890 1940 1032 1969 conﬁteor.

247 1980 325 2007 Absit
338 1988 403 2008 vero
419 1986 449 2008 ut
460 1982 497 2008 ita
508 1983 786 2013 sentiatChristianus
797 1985 893 2018 homo.
914 1991 941 2014 et
965 1994 1032 2014 con-

244 2028 328 2054 traria
343 2028 445 2055 divinis
461 2024 610 2064 Scripturis
621 2030 801 2058 conﬁteatur!
816 2032 863 2058 Ar.
881 2032 951 2065 Quid
965 2040 1032 2060 con—

236 2074 370 2115 trarium,
382 2076 405 2102 si
419 2074 517 2102 Filium
533 2076 588 2103 ictu
609 2077 681 2103 oculi
702 2076 788 2105 fuisse
800 2077 934 2110 dicamus,
953 2082 1031 2106 ante-

236 2118 326 2159 iquam
342 2121 509 2157 gigneretur.
534 2130 569 2151 ne
597 2123 702 2151 scilicet
722 2132 784 2151 eum
807 2124 957 2160 ingenitum
972 2133 1033 2153 esse

243 2167 448 2203 intelligamus?
472 2169 534 2195 Ath.
566 2168 594 2196 ld
619 2169 686 2196 mihi
703 2169 782 2197 valde
798 2170 905 2197 videtur
923 2175 1032 2200 contra-

1085 1581 1130 1608 ἐπὶ
1146 1581 1180 1607 τὰ
1194 1581 1344 1617 κρείττονα,
1363 1581 1432 1615 μήτε
1450 1579 1502 1614 μὴν
1521 1579 1602 1614 λῆγον
1623 1580 1662 1609 εἰς
1681 1578 1789 1613 χείρονα
1813 1577 1868 1604 ἀπὸ

1083 1627 1136 1654 τῶν
1153 1628 1287 1662 dplex-rem»;
1303 1625 1431 1661 Φθαρτῶν
1451 1625 1505 1661 γὰρ
1523 1625 1586 1652 ἴδιον
1607 1623 1637 1650 τὸ
1658 1623 1814 1659 τρέπεσθαι,
1829 1623 1867 1658 τιὴ

1086 1674 1134 1709 μὲν
1147 1673 1200 1700 ἀπὸ
1222 1672 1276 1700 τῶν
1303 1671 1443 1707 βελτιόνων
1468 1672 1514 1698 ἐπὶ
1529 1670 1563 1697 τὰ
1582 1670 1700 1706 χείρονα,
1716 1669 1753 1704 πὴ
1771 1669 1799 1695 δὲ
1812 1669 1868 1695 ἀπὸ

1083 1719 1136 1745 τῶν
1159 1718 1275 1754 ἡττόνων
1292 1718 1338 1744 ἐπὶ
1357 1717 1391 1744 τὰ
1418 1717 1586 1752 ἐντιμότερα.
1602 1717 1666 1751 εἈρ.
1681 1713 1754 1742 εἷπε·
1771 1714 1868 1750 Ῥιπὴν

1083 1765 1222 1800 ὀφθαλμοῦ
1239 1765 1269 1792 οὺ
1285 1764 1372 1796 θέλεις
1393 1763 1493 1796 δοῦναι,
1511 1764 1555 1789 ὅτε
1570 1763 1621 1788 οὐκ
1643 1760 1676 1798 ἦν
1692 1762 1755 1798 πρὶν
1771 1770 1868 1796 γεννη-

1084 1809 1163 1845 θῆναι
1175 1810 1221 1837 τὸν
1233 1810 1295 1836 Υἰόν
1309 1818 1316 1842 ;
1331 1809 1390 1836 Ἀθ.
1408 1806 1466 1834 εἶπε
1476 1816 1482 1822 ⁸
1498 1807 1534 1834 Τὸ
1547 1807 1584 1843 μὴ
1595 1807 1625 1833 ὃν
1637 1807 1667 1833 οὐ
1680 1807 1785 1842 δίδωμι.
1801 1807 1865 1840 Ἀρ.

1083 1853 1143 1882 εἷπε
1156 1864 1162 1870 ·
1179 1856 1228 1882 Διὰ
1253 1855 1298 1887 τί;
1315 1855 1375 1881 Ἀθ.
1398 1852 1489 1880 εἶπεν·
1511 1854 1571 1880 Ὅτι
1592 1853 1761 1890 γέγραπται⁸
1780 1861 1790 1878 ‹
1809 1852 1866 1878 οὐκ

1083 1901 1156 1928 ἔσται
1173 1903 1202 1928 ἐν
1216 1902 1256 1927 σοὶ
1270 1901 1335 1932 Θεὸς
1351 1900 1512 1936 πρόσφατος.
1530 1909 1539 1924 ι
1555 1899 1645 1934 Βραχὺ
1658 1898 1685 1924 δὲ
1705 1898 1752 1925 ἐὰν
1764 1897 1810 1930 δῶ,
1824 1898 1866 1924 ὅτι

1082 1945 1115 1983 ἦν
1136 1956 1200 1979 ποτε
1215 1947 1319 1983 καιρὸς,
1335 1948 1378 1973 ἅτε
1392 1947 1441 1973 οὐκ
1457 1944 1501 1981 ἦν,
1517 1945 1591 1972 ἔσται
1605 1945 1758 1980 πρόσφατος
1773 1945 1787 1971 ὁ
1799 1945 1865 1979 παρ’

1082 1993 1150 2029 ἐμοῦ
1166 1993 1392 2029 ὁμολογούμενος·
1416 1993 1484 2027 ὅπερ
1498 1992 1534 2027 μὴ
1549 1991 1653 2025 γένοιτο
1666 1989 1752 2022 οὕτως
1765 1990 1865 2025 φρονῆ-

1084 2048 1128 2066 σαι
1147 2039 1288 2074 ἄνθρωπον
1302 2038 1472 2074 Χριστιανὸν,
1486 2036 1667 2072 ὁμολογοῦντα
1684 2035 1791 2062 ἐναντία
1804 2038 1863 2067 ταῖς

1082 2086 1168 2117 θείαις
1182 2085 1318 2121 Γραφαῖςῐ
1336 2086 1399 2118 Ἀρ.
1413 2081 1473 2110 εἶπε
1482 2092 1489 2099 ⁸
1506 2083 1573 2110 Ποία
1589 2082 1753 2117 ἐναντιότης,
1767 2082 1812 2109 ἐὰν
1825 2082 1864 2108 εἵ-

1083 2141 1177 2168 πωμεν
1191 2130 1330 2166 ὀφθαλμοῦ
1342 2130 1424 2166 ριπὴν
1437 2129 1489 2165 πρὸ
1497 2128 1544 2155 τοῦ
1558 2127 1718 2163 γεννηθῆναι
1731 2128 1768 2163 μὴ
1784 2127 1862 2160 εἶναι,

1084 2177 1126 2204 ἴνα
1144 2177 1181 2212 μὴ
1194 2176 1341 2210 ἀγέννητον
1364 2175 1522 2210 νοήσωμεν;
1540 2174 1598 2200 Ἀθ.
1618 2171 1677 2199 εἶπε
1690 2182 1697 2188 ⁸
1715 2173 1800 2208 Πολλή
1819 2182 1862 2208 μοι

236 2206 320 2242 frium
349 2220 410 2240 esse
430 2212 584 2240 divinarum
609 2213 811 2249 Scripturarum
842 2216 947 2249 pietati,
970 2224 1031 2251 qua:

1085 2206 1236 2257 ἐναντιότης
1261 2206 1481 2256 δε”ί’κνυται’πρὸς
1507 2219 1556 2255 τὴν
1581 2218 1635 2245 τῶν
1658 2219 1737 2246 θείων
1749 2206 1862 2253 Γραςέῶν

236 2257 347 2292 ‘ubique
362 2261 497 2286 testantur
513 2259 593 2294 169
609 2258 708 2286 Filium
723 2267 829 2295 semper
852 2259 945 2294 fuisse,
965 2263 1027 2288 nul-

242 2303 355 2338 lumque
368 2311 488 2338 unquam
507 2303 592 2331 fuisse
606 2307 724 2339 tempus,
739 2313 800 2332 cum
816 2313 871 2333 non
887 2310 970 2334 esset.
985 2306 1027 2334 An

243 2357 298 2376 non
309 2349 357 2376 tibi
369 2348 485 2380 videtur,
497 2349 520 2376 si
535 2349 562 2376 id
574 2349 707 2382 dicamus,
716 2351 852 2378 contraria
864 2359 914 2385 nos
927 2354 1028 2381 sentire

243 2395 393 2429 Scripturis
411 2395 542 2422 divinitus
556 2396 711 2431 inspiratis?

276 2451 322 2479 25.
342 2451 389 2478 Ar.
413 2451 508 2479 Profer
532 2453 698 2481 testimonia.
722 2454 784 2482 ΑιΙι.
806 2453 938 2482 Joannem
964 2456 1029 2488 audi

233 2488 388 2528 'diccntem,
408 2506 416 2522 ι
437 2497 466 2524 In
486 2498 620 2533 principio
634 2504 692 2526 erat
707 2498 844 2531 Verbum,
864 2504 891 2526 et
909 2500 1027 2530 Verbum

239 2547 300 2570 erat
315 2543 386 2578 apud
399 2543 495 2576 Deum,
508 2548 535 2572 et
547 2544 619 2573 Deus
631 2549 690 2572 crat
699 2544 815 2573 Verbum
838 2556 844 2573 :
865 2547 916 2574 hoc
927 2554 984 2575 erat
1000 2549 1026 2575 in

239 2589 378 2624 principio
394 2590 464 2624 apud
477 2590 561 2618 Deum
578 2591 638 2619 ιν.»
655 2591 722 2627 Quis
737 2597 892 2620 sanctorum
907 2594 1024 2629 prophe-

239 2639 331 2662 tarum
348 2636 390 2662 vel
409 2637 594 2671 apostolorum
611 2639 675 2666 talia
695 2647 814 2674 unquam
830 2640 898 2667 dixit
911 2661 917 2672 ,
935 2641 1024 2676 qualia

277 2713 300 2728 “
319 2712 391 2742 Psal.
411 2722 492 2747 Lxxx,
511 2716 555 2743 10.
594 2716 627 2732 δι’
646 2716 726 2745 Joan.
745 2726 770 2749 ι,
788 2718 813 2750 l,
837 2718 864 2745 2.

276 2792 331 2827 (35)
347 2792 416 2831 Edit.
432 2794 541 2831 Comm.
554 2803 614 2822 cum
633 2796 794 2831 quibusdam
816 2796 1020 2831 manuscriptis,

241 2828 504 2867 προαποξεδομὲνων.
524 2830 593 2857 Edit.
621 2828 707 2858 Paris.
730 2839 791 2858 cum
814 2832 884 2863 aliis,
904 2828 1022 2867 προᾶπο-

237 2862 426 2899 ,δεδειγμέ-ιιιιν.

1082 2269 1232 2301 εὺσέὗειαν,
1250 2266 1386 2302 πανταχοῦ
1403 2265 1607 2302 μαρτυῳυσῶν,
1626 2265 1666 2292 ’ὁτι
1685 2264 1748 2296 Υἱὸς
1760 2265 1803 2291 ἀεὶ
1818 2262 1860 2300 ἦν,

1081 2317 1128 2343 καὶ
1149 2315 1276 2342 οὐδέποτε
1300 2312 1334 2349 ἦν
1359 2313 1468 2348 καιρὸς,
1487 2313 1531 2339 ὅτε
1551 2312 1601 2338 οὐκ
1622 2309 1665 2347 ἦν.
1690 2311 1725 2337 Ἢ
1745 2311 1774 2337 οὺ
1792 2311 1862 2338 δοκεί

1082 2370 1134 2393 σοι,
1149 2360 1196 2387 ἐὰν
1207 2359 1262 2395 (57)
1272 2359 1403 2394 εἴπωμεν,
1417 2357 1526 2384 ἐναντία
1539 2358 1645 2393 φρονεῖν
1658 2357 1719 2388 ταῖς
1735 2356 1860 2383 θεοπνεύ-

1083 2416 1152 2439 στοις
1168 2407 1287 2441 Γραφαῖς
1300 2415 1307 2438 ;

1115 2453 1159 2480 25.
1179 2450 1311 2486 ”Αρ.εἶπε
1322 2460 1328 2467 ⁸
1345 2451 1394 2482 Δός
1410 2459 1453 2486 μοι
1467 2450 1517 2482 τὰς
1535 2449 1694 2485 μαρτυρίας.
1709 2449 1761 2476 Ἀθ.
1781 2445 1855 2475 εἴπε-

1082 2502 1181 2527 Ἀκουε
1204 2499 1325 2526 Ἰωάννου
1342 2498 1465 2532 λέγοντος
1477 2505 1483 2511 ·
1504 2507 1512 2522 ι
1525 2497 1567 2523 Ἐν
1585 2497 1655 2532 ἀρχῇ
1669 2491 1703 2531 ἦν
1729 2495 1743 2520 ὁ
1765 2494 1855 2528 Λόγος,

1080 2547 1126 2573 καὶ
1136 2547 1150 2573 ὁ
1162 2546 1246 2580 Λόγος
1257 2543 1290 2580 ἦν
1302 2545 1370 2580 πρὸς
1382 2544 1426 2570 τὸν
1438 2543 1514 2575 Θεὸν,
1531 2543 1577 2570 καὶ
1593 2543 1659 2573 Θεὸς
1673 2539 1706 2577 ῆν
1727 2543 1741 2568 ό
1755 2541 1837 2575 Λόγος
1849 2549 1854 2555 ·

1079 2590 1154 2625 οὗτος
1169 2591 1203 2629 ἦν
1219 2594 1247 2620 ἐν
1263 2593 1333 2628 ἀρχῇ
1351 2591 1418 2626 πρὸς
1433 2591 1478 2617 τὸν
1491 2590 1566 2616 Θεόν.
1587 2599 1595 2615 ι
1615 2589 1662 2620 Τίς
1681 2588 1754 2621 ἔλεξε
1773 2588 1856 2615 τοιάδε

1078 2639 1132 2666 τῶν
1147 2639 1232 2673 ἁγίων
1248 2637 1394 2674 προφητῶν
1422 2637 1468 2664 καὶ
1484 2635 1649 2667 ἀποστόλων,
1664 2632 1707 2661 οἷα
1734 2634 1781 2661 καὶ
1803 2634 1833 2660 σύ
1847 2643 1854 2666 ;

1112 2794 1167 2832 (ξς)
1185 2795 1250 2832 Aug.
1270 2794 1408 2832 προτάξαι.
1453 2829 1478 2832 γ’
1524 2829 1546 2832 __
1599 2826 1622 2832 Ι.
1736 2826 1746 2832 _

1112 2823 1168 2862 (ὅτ)
1184 2823 1249 2864 Aug.
1270 2823 1436 2865 ἦέὑδιιᾶξήσει
1451 2829 1508 2856 ἐάν.
1524 2829 1582 2856 Mox
1598 2826 1678 2858 idem,
1702 2826 1759 2856 ταῖς
1774 2823 1854 2853 Οεῑαις

1076 2865 1205 2897 Γραεαῖς.
