1929 3056
149 117 204 146 4419

739 108 944 146 Disrurtrlo
963 116 1103 145 CONTRA
1122 117 1244 146 amuu.

1719 121 1771 150 670

146 177 218 205 Εἰπέ
237 186 293 213 μοι⁷
309 178 334 205 εἰ
350 177 461 206 δυνατὸν
478 177 524 206 καὶ
538 178 577 211 εις
605 177 708 205 ἔννοιαν
721 177 813 204 λαϐεῖν
825 198 832 209 ,
859 178 899 204 ὅτι
924 180 929 204 l

989 177 1047 212 ipse
1068 177 1129 205 ais?
1154 177 1202 205 Dic
1215 177 1292 212 mihi,
1308 185 1373 206 num
1391 163 1432 205 vel
1455 177 1482 206 in
1497 177 1688 214 cogitationem
1710 178 1771 206 cui-

144 225 234 258 Λόγος
254 224 329 256 Θεὸς,
339 222 373 259 ἦν
386 233 448 251 ποτε
465 225 568 260 καιρὸς,
581 225 624 251 ὅτε
639 224 688 250 οὐκ
703 222 736 260 ἦν
749 233 756 257 ;
771 225 802 251 EI
818 224 846 250 δὲ
860 224 938 251 τοῦτο

145 270 220 297 οὕτω
241 270 350 306 νοηθείη
360 290 367 302 ,
382 268 416 306 ἦν
429 279 494 298 ποτε
511 271 616 307 καιρὸς,
630 271 673 298 ὅτε
691 270 786 305 ἄλογος
796 267 830 305 ἦν
844 271 858 297 6
872 270 936 301 Θεὸς

146 317 256 353 Πατήρ.
276 318 334 351 Ἃρ.
352 314 428 344 εἷπε-
463 317 630 353 Προφορικὸν
657 314 703 343 οὖν
725 315 778 352 φῂς
804 315 850 342 τὸν
873 315 936 342 Υἱὺν

147 363 254 397 Λόγον;
280 363 339 390 Ἀθ.
355 360 429 389 εἷπε·
459 363 504 398 Μὴ
519 363 638 397 γένοιτοῑ
653 362 705 389 Τὸν
716 362 770 398 γὰρ
786 362 870 396 Λόγον
881 361 936 395 ἐγώ

148 417 222 445 φημι
249 408 378 440 ἐνούσιον,
396 409 443 435 καὶ
461 409 492 436 οὐ
510 409 585 445 ῥῆμα
603 409 789 445 διαλυόμενον,
807 408 867 436 οὗτε
884 407 935 443 μὴν

148 454 351 491 προεληλυθότα
361 456 393 481 ἐκ
405 455 452 482 τοῦ
469 455 546 488 Θεοῦ,
560 455 607 482 καὶ
620 455 699 482 πάλιν
715 455 754 487 εἰς
765 454 810 481 τὸν
827 454 935 489 Πατέρα

147 500 317 527 ἁναλυθέντα
332 499 401 526 κατὰ
412 499 555 526 Σαὸέλλιον
564 509 570 515 ·
590 499 658 526 ἀλλὰ
671 499 834 534 γεννηθέντα
849 499 935 534 ᾰῤῥή-

146 555 213 578 τως,
230 545 412 580 συνυπάρχειν
427 546 497 580 φημὶ
512 545 559 571 τὸν
572 545 635 571 Υἱὺν
650 544 688 580 τῷ
705 544 800 580 Πατρί.
821 545 865 575 Ὧς
880 544 933 579 γὰρ

145 593 200 618 οὐκ
230 592 288 618 ἐστι
315 591 403 626 ψυχὴν
431 591 495 618 ἄνευ
521 590 601 624 λόγου
626 589 860 625 ἐννοῆσαινοῦτως
873 590 933 616 οὐδέ

145 637 215 663 θεὸν
231 636 275 664 τὸν
292 636 401 672 Πατέρα
416 635 480 662 ἄνευ
504 635 570 662 Υἱοῦ
595 635 814 670 πιστεῦσαι
831 635 934 671 ’Ὠσπερ

147 682 202 718 γὰρ
217 683 231 709 6
242 682 335 718 Πατὴρ
349 682 465 719 άναρχός
480 682 563 713 ἐστιν,
581 681 650 708 οὕτω
664 682 710 708 καὶ
728 682 742 707 6
762 681 846 715 Λόγος
858 681 906 707 καὶ
920 681 934 706 6

144 728 215 760 Θεὸς
247 728 310 760 Υἱὸς
339 728 407 755 Θεοῦ
442 728 507 763 (59).
541 729 604 762 Ἀρ.
631 725 706 754 εἷπε·
734 727 796 759 Πῶς
819 727 934 763 ἄναρχός

147 774 222 801 ἐστιν
235 775 250 800 6
273 774 350 806 Υἱὸς,
364 774 393 806 ὃς
415 775 520 808 ἀγνοεῖν
537 774 661 809 ὁμολογεῖ
679 774 728 809 τὴν
754 774 859 809 ἡμέραν
884 774 934 809 τῆς

146 819 320 852 συντελείας;
347 820 406 848 Ἀθ.
427 819 500 847 εἷπε”
526 820 595 854 Λέγε
625 828 680 855 μοι,
709 819 845 854 ἄνθρωπε,
865 821 932 856 ὅπερ

143 866 294 902 ἐπερωτῶ·
317 866 507 902 ’Δρχιτέκτων,
521 867 610 894 λαϐὼν
624 867 756 902 κάλαμον,
783 866 868 902 μέτρα
893 866 933 893 τί-
948 857 969 884 Β

147 911 242 947 θησινο
260 910 319 938 εἶτα
336 911 478 947 διαγράφει
492 911 599 946 ὰνὼγεα
611 913 658 939 καὶ
668 911 803 945 χατώγεα,
823 911 934 946 διόροφά

144 967 218 993 φημι
228 958 275 984 καὶ
287 958 417 994 τριόροφα
433 957 500 992 (40).
526 958 588 985 Ἐὰν
608 957 699 994 φθάσῃ
714 957 778 993 περὶ
794 957 843 993 τὴν
860 956 933 992 πρώ-

145 1012 197 1039 την
212 1003 324 1039 ὀροφὴν,
339 1003 484 1037 γινώσκει,
500 1003 540 1029 ὅτι
555 1004 619 1039 περὶ
634 1003 682 1039 τὴν
695 1003 822 1040 δευτέραν
852 1004 933 1038 ἀσχο-

145 1049 250 1076 λεῖσθαι
268 1049 324 1075 δεῖ·
341 1049 410 1076 ἐπὰν
420 1049 448 1076 δὲ
461 1050 510 1085 τὴν
523 1049 651 1084 δευτέραν
664 1049 761 1085 στέγην
776 1048 930 1084 συντελέσῃ.

146 1095 213 1128 νοεῖ,
221 1095 263 1121 ὅτι
278 1094 361 1129 ἐγγύς
377 1096 433 1122 ἐστι
453 1096 520 1131 πρὸς
540 1095 734 1131 συμπλήρωσιν
754 1095 800 1122 τοῦ
817 1095 932 1130 κτίσμα-

144 1147 202 1170 τος.
221 1139 317 1166 Ἡνίκα
330 1139 353 1165 δ’
367 1139 400 1166 ἂν
413 1139 674 1175 προσστοιϐασθῆναι
691 1139 748 1174 (Μ)
761 1139 871 1175 γένηται
883 1140 931 1176 τὴν

146 1184 242 1219 τρίτην
255 1184 366 1220 ὀροφὴν,
383 1184 421 1216 ὡς
435 1185 488 1221 πρὸ
503 1185 550 1211 δύο
564 1185 581 1221 ἦ
594 1184 676 1220 τριῶν
690 1184 791 1220 δόμων,
804 1184 932 1219 ἀσφαλῶς

146 1229 309 1262 ἐπίσταται,
333 1230 373 1256 ὅτι
396 1230 493 1265 ἦγγικε
519 1230 550 1257 τὸ
573 1230 758 1265 συμπέρασμα
784 1230 833 1265 τῆς
857 1230 930 1256 οἰκο-

145 1274 242 1310 δομῆς.
257 1275 340 1301 Ταῦθ’
353 1274 438 1306 οὕτως
449 1275 516 1310 ἔχει,
530 1274 574 1301 ναὶ
586 1274 602 1310 ἢ
615 1275 644 1301 οῠ
657 1283 664 1307 ;
682 1276 744 1310 Ἀρ.
764 1272 824 1301 εἷπε
839 1283 845 1290 ν
862 1275 931 1309 Σύμ-

146 1329 220 1356 φημι
231 1319 307 1347 ταῦθ’
320 1320 405 1352 οὕτως
426 1321 497 1355 ἐχειν
513 1320 580 1355 (42).
599 1321 652 1348 Ἀθ.
670 1318 744 1347 εἶπεν
755 1329 762 1335 ·
792 1320 895 1347 οὐκοῦν
916 1321 930 1346 6

147 1365 212 1397 Υἱὸς
225 1365 272 1392 τοῦ
290 1365 368 1397 Θεοῦ,
382 1366 396 1392 6
415 1366 448 1392 τὰ
462 1365 551 1392 πάντα
570 1367 602 1392 ἐκ
625 1365 671 1392 τοῦ
692 1365 728 1401 μὴ
743 1365 818 1398 δντος
839 1367 878 1398 εις
899 1366 930 1392 τὸ

145 1408 217 1438 εἶναι
232 1412 357 1447 ποιήσας,
373 1412 419 1438 καὶ
444 1412 616 1448 συναρμόσας
632 1412 661 1438 τὸ
675 1413 805 1447 στοιχεῖον
816 1413 902 1445 τοῦτο,
915 1413 930 1439 6

147 1456 343 1492 προνοούμενος
359 1457 406 1483 καὶ
425 1457 572 1493 οἰκονομῶν
593 1458 639 1484 τὸν
658 1457 759 1493 κόσμον
778 1457 830 1489 ἕως
856 1457 927 1493 ἄρτι,

144 1500 239 1532 καθὼς
249 1501 329 1533 αὐτὸς
338 1502 352 1527 6
365 1501 466 1537 Κύριος
480 1502 531 1537 ἐφη
541 1510 547 1516 ·
569 1512 577 1527 ι
595 1503 624 1528 '0
638 1503 730 1538 Πατήρ
743 1511 792 1537 μου
805 1502 857 1534 ἓως
868 1502 929 1538 ἄρτι

145 1547 301 1582 ἐργάζεται,
330 1547 407 1581 κάγὼ
432 1548 598 1583 ἐργάζομαι,
624 1558 633 1574 ο
658 1549 688 1574 οὐ
714 1547 840 1582 γινώσκει
864 1548 929 1575 πότε

146 1592 255 1626 περαιοῖ
269 1591 337 1627 ὅπερ
350 1592 429 1624 αὐτὸς
443 1592 474 1627 δη
479 1594 617 1628 μιουργεῖ;
634 1593 694 1620 Ἔτι
709 1592 761 1628 μὴν
773 1593 927 1628 δοκίμασον,

147 1636 236 1672 φημί”
253 1637 394 1673 πορευθεὶς
415 1639 586 1674 ἐπερώτησον
616 1639 680 1674 περὶ
709 1639 929 1675 συμπληρώσεως

146 1681 194 1708 τοῦ
218 1682 300 1718 μηνὸς
328 1682 409 1717 ἄνδρα
436 1682 558 1718 ἄπειρον,
573 1683 602 1714 ὃς
626 1683 675 1709 οὐκ
697 1683 858 1716 ἐπίσταται,
889 1683 929 1710 ὅτι

146 1725 292 1760 τριάκοντα
306 1726 416 1761 ήμερῶν
433 1728 447 1756 6
458 1727 510 1762 μὴν
527 1727 664 1762 τυγχάνει,
675 1729 699 1754 εἰ
715 1727 796 1762 δώσει
808 1728 863 1763 (45)
889 1727 929 1754 σοι

146 1770 291 1807 ἀπόκρισιν
303 1773 366 1807 περὶ
378 1769 408 1799 οὗ
423 1772 552 1809 πυνθάνῃ.
575 1773 637 1800 Ἐὰν
651 1773 679 1800 δέ
695 1774 871 1810 προσαγάγῃς
880 1774 929 1809 τὴν

146 1817 243 1844 πεῦσιν
265 1817 304 1852 τῷ
330 1818 417 1854 ἔχοντι
434 1819 482 1854 τὴν
500 1819 610 1854 γνῶσιν,
621 1819 719 1852 εὐθέως
742 1821 800 1856 ἐρεῖ
815 1829 865 1853 σοι,
882 1820 929 1847 ἐὰν

147 1862 200 1897 μὲν
261 1863 341 1892 πέντε
362 1864 408 1890 καὶ
430 1864 546 1900 δεκάτην
578 1864 646 1900 ἔχων
674 1866 689 1892 6
713 1865 776 1902 μὴν,
791 1866 831 1893 ὄτι
848 1867 929 1902 μέσος

145 1907 231 1934 ἐστιν·
244 1907 291 1937 ἐὰν
304 1908 332 1934 δὲ
359 1909 423 1944 περὶ
444 1909 568 1945 εἰκοστὴν
587 1910 713 1947 ἑϐδόμην,
740 1911 809 1945 λέξει
827 1922 878 1946 σοι,
889 1914 929 1940 ὅτι

146 1953 212 1989 περὶ
229 1954 424 1991 συμπλήρωσιν
436 1956 564 1991 τυγχάνει
579 1957 593 1983 6
608 1958 671 1992 μήν.
689 1957 718 1984 '0
730 1959 811 1991 αὐτὸς
826 1959 855 1986 δὲ
868 1960 929 1996 ὄρος

145 1999 195 2028 καὶ
208 1999 270 2035 περὶ
286 1999 410 2036 σελήνης,
427 2001 526 2036 ὁμοίως
542 2001 569 2028 δὲ
583 2003 630 2029 καὶ
643 2003 707 2039 περὶ
721 2003 766 2030 τοῦ
795 2005 928 2037 ἐνιαυτοῦ·

145 2044 195 2073 ἐὰν
208 2045 263 2080 (44)
283 2046 460 2083 ἐπερωτήσῃς
484 2049 652 2084 ἐπιστήμονα
681 2050 774 2086 ἄνδρα,
803 2051 843 2079 ὅτι
865 2053 930 2079 πότε

146 2091 363 2128 συμπληροῦται,
380 2094 448 2120 κατὰ
459 2093 508 2130 τήν
523 2094 627 2123 σύνεσιν
639 2096 688 2132 τήν
699 2097 849 2136 προσοῦσαν
857 2099 930 2134 αὐτῷ

142 2136 296 2172 δοκιμάσας
311 2157 319 2168 .
344 2139 384 2165 ὅτι
411 2139 552 2172 ἑνδέκατος
577 2140 630 2176 μὴν
660 2142 856 2178 πεπλήρωται,
883 2145 930 2171 καὶ

986 231 1067 258 quam
1084 224 1176 251 venire
1191 224 1287 259 possit,
1299 224 1372 260 quod
1391 224 1473 252 fuerit
1490 225 1636 260 aliquando
1650 228 1769 260 tempus.

987 275 1048 295 cum
1072 268 1188 297 Verbum
1211 269 1284 297 Deus
1308 278 1364 297 non
1385 271 1481 298 esset?
1501 270 1572 300 Nam,
1593 271 1616 298 si
1638 271 1666 298 id
1684 271 1770 306 possit

986 315 1122 350 cogitari,
1148 314 1199 343 fuit
1219 323 1283 351 ergo
1302 319 1409 352 tempus
1434 324 1496 344 cum
1521 317 1581 347 sine
1602 316 1693 344 Verbo
1712 317 1770 344 sive

985 361 1090 388 ratione
1115 366 1188 389 esset
1204 361 1275 390 Deus
1298 361 1388 389 Pater.
1406 362 1454 389 Ar.
1477 361 1575 391 Filium
1598 362 1681 398 igitur
1700 362 1769 389 dicis

986 405 1104 434 Verbum
1134 415 1195 435 esse
1220 408 1409 444 prolatitium?
1434 407 1495 436 ΑιΙι,
1525 407 1622 437 Absit!
1651 408 1767 436 Verbum

985 453 1056 479 enim
1068 461 1118 487 ego
1131 454 1262 481 conﬁteor
1274 453 1461 485 substantiale,
1478 461 1531 481 non
1552 458 1641 481 autem
1656 455 1767 481 verbum

984 498 1159 531 dissolubile,
1182 507 1271 535 neque
1286 507 1319 527 ex
1337 498 1393 527 Deo
1406 499 1601 534 progrediens,
1617 507 1768 534 rursusque

984 544 1018 572 ad
1043 544 1149 572 Patrem
1175 545 1341 581 regrediens,
1359 544 1437 579 juxta
1462 543 1620 572 Sabellium.
1647 544 1700 572 Sed
1726 544 1768 572 Fi-

984 590 1049 618 lium
1066 591 1128 618 dico
1138 591 1218 619 modo
1233 591 1360 619 inetIabili
1372 591 1504 626 genitum,
1517 591 1598 619 simul
1613 598 1675 618 cum
1687 590 1768 618 Patre

983 637 1126 665 exsistere.
1144 636 1179 664 Ut
1194 637 1266 666 enim
1283 637 1373 664 anima
1396 636 1456 664 sine
1478 640 1568 664 mente
1589 637 1695 671 concipi
1712 644 1766 663 non

983 685 1084 716 potest,
1098 682 1139 709 sic
1160 689 1211 709 nec
1233 681 1305 709 Deus
1320 681 1380 709 sine
1395 680 1465 708 Filio
1481 680 1562 708 Pater
1577 685 1666 716 potest
1681 681 1764 708 credi.

982 719 1050 753 Nam
1065 727 1294 762 quemadmodum
1309 726 1389 754 Pater
1404 734 1502 762 expers
1520 731 1563 754 est
1579 727 1716 762 principii,
1728 727 1766 754 ita

983 776 1010 800 et
1020 772 1140 800 Verbum
1154 777 1181 800 et
1197 772 1269 800 Deus
1283 772 1368 800 Filius
1380 772 1439 800 Dei.
1454 772 1502 799 Ar.
1517 771 1568 805 Qui
1580 773 1668 807 possit
1682 771 1767 800 Filius

983 825 1080 852 expers
1091 826 1151 846 esse
1166 818 1305 854 principii,
1322 819 1369 854 qui
1389 818 1460 846 diem
1473 818 1721 846 consummationis
1737 826 1766 846 se

983 863 1109 898 ignorare
1125 864 1246 891 fatetur?
1262 864 1325 891 ΑιΙι.
1345 863 1490 899 Responde
1502 865 1579 897 mihi,
1594 871 1610 891 o
1626 864 1718 897 homo,
1732 865 1765 891 ad

983 902 1010 936 id
1028 909 1100 944 quod
1117 913 1142 936 le
1158 909 1297 944 interrogo
1316 917 1321 934 :
1343 909 1515 937 Architectus
1530 914 1642 944 accepto
1661 910 1766 938 calamo

982 956 1072 983 locum
1090 954 1279 983 aediﬁcandum
1299 955 1459 989 dimetitur;
1475 955 1616 990 superiora
1628 955 1766 984 deinde.et

982 1001 1113 1028 inferiora
1134 1000 1276 1033 describit,
1300 1001 1426 1030 cubicula
1448 1001 1576 1029 secundae
1598 1002 1713 1034 scilicet.
1737 1005 1766 1029 et

981 1045 1069 1073 tertia:
1083 1045 1306 1081 contignationis.
1324 1045 1374 1073 Hic
1392 1050 1475 1079 certe,
1488 1053 1550 1074 cum
1570 1047 1685 1082 primam
1699 1047 1765 1073 atti--

981 1091 1021 1126 git
1044 1091 1294 1129 contignationem,
1323 1092 1400 1118 novit
1427 1092 1480 1119 sibi
1509 1093 1655 1123 secundam
1681 1093 1751 1120 aediﬁ

981 1136 1096 1166 caudam
1118 1145 1195 1170 esse;
1216 1145 1271 1173 qua
1292 1138 1412 1172 perfecta
1424 1157 1432 1170 ,
1451 1138 1578 1174 intelligit
1595 1147 1664 1174 opus
1680 1147 1764 1175 prope

981 1191 1042 1211 esse
1069 1183 1238 1211 absolutum.
1281 1183 1348 1210 Cum
1383 1191 1448 1211 vero
1483 1185 1563 1212 tertia
1597 1185 1765 1220 contignatio

981 1233 1139 1256 constructa
1155 1229 1247 1262 fuerit,
1262 1229 1386 1265 profecto
1399 1230 1627 1264 quemadmodum
1643 1235 1705 1259 ante
1720 1239 1764 1259 se-

980 1274 1098 1302 cundam
1114 1275 1155 1302 vel
1171 1275 1278 1302 tertiam
1295 1274 1391 1308 aedem,
1405 1275 1445 1302 sic
1456 1275 1536 1302 etiam
1554 1279 1630 1302 certo
1646 1277 1696 1304 scit
1712 1277 1764 1304 im-

980 1320 1085 1348 minere
1099 1320 1206 1348 aediﬁcii
1221 1321 1429 1348 absolutionem.
1446 1320 1530 1352 Itane.
1551 1329 1653 1357 quasso,
1669 1330 1698 1350 se
1719 1330 1764 1351 rel

979 1367 1071 1400 habet,
1089 1375 1123 1395 an
1139 1367 1212 1394 non?
1232 1367 1280 1394 Ar.
1299 1367 1448 1394 Consentio
1466 1367 1517 1394 ista
1537 1367 1578 1394 sic
1599 1375 1628 1395 se
1652 1368 1762 1397 habere.

980 1412 1042 1440 ΑιΙι.
1061 1413 1147 1447 Igitur
1165 1412 1211 1440 Dei
1228 1412 1325 1444 Filius,
1339 1413 1385 1446 qui
1402 1412 1493 1439 omnia
1509 1420 1570 1439 cum
1588 1421 1642 1440 non
1659 1418 1762 1448 essent,

979 1459 1044 1487 fecit
1061 1462 1092 1486 ut
1101 1458 1214 1494 Iesscnt,
1236 1459 1283 1494 qui
1309 1458 1381 1486 istud
1403 1459 1556 1493 composuit
1585 1459 1762 1487 elementum.

979 1505 1026 1540 qui
1043 1504 1175 1532 hactenus
1197 1503 1327 1531 mundum
1350 1504 1518 1539 pr0videntia
1536 1505 1616 1540 regit,
1632 1506 1764 1541 quemad»

979 1551 1090 1578 modum
1120 1551 1178 1586 ipse
1199 1550 1237 1577 ait
1259 1549 1402 1582 Dominus,
1430 1559 1439 1575 ι
1467 1549 1555 1577 Pater‘
1572 1558 1659 1578 meus‘
1676 1559 1762 1586 usque

979 1597 1060 1624 modo
1069 1600 1207 1632 operatur,
1218 1600 1242 1624 et
1254 1604 1303 1632 ego
1317 1604 1414 1631 operor
1425 1596 1459 1628 “,
1476 1605 1486 1622 ›
1499 1603 1553 1623 non
1569 1597 1763 1632 novitquando

980 1643 1013 1670 ad
1024 1634 1269 1678 exitumperducet
1285 1642 1356 1677 quod
1373 1642 1431 1677 ipse
1443 1642 1594 1670 construit?
1610 1641 1687 1676 Rem,
1701 1650 1761 1676 oro,

979 1690 1112 1726 experire.
1129 1689 1254 1723 Vade,,et
1267 1689 1301 1716 de
1316 1688 1368 1715 ﬁne
1387 1688 1488 1716 mensis
1506 1688 1662 1723 imperitum
1678 1689 1763 1716 homi-

979 1742 1041 1765 nem
1058 1735 1208 1769 interroga,
1228 1734 1275 1769 qui
1300 1734 1406 1761 nesciat
1427 1741 1547 1762 mensem
1571 1734 1683 1769 triginta
1705 1733 1763 1762 die-

979 1788 1039 1809 rum
1056 1788 1127 1814 esse,
1143 1781 1258 1815 videque
1270 1788 1303 1807 an
1318 1780 1368 1808 tibi
1384 1779 1563 1813 interroganti
1576 1787 1763 1815 responsurus

979 1827 1025 1854 sit.
1057 1825 1093 1853 At
1117 1826 1140 1854 si
1165 1825 1303 1853 eruditum
1328 1825 1480 1859 interroges
1497 1824 1646 1857 hominem,
1669 1824 1763 1853 statim

979 1871 1052 1900 dicet
1063 1871 1122 1903 tibi,
1139 1871 1162 1899 si
1180 1871 1304 1899 decimus
1327 1871 1440 1905 quintus
1461 1870 1520 1898 dies
1540 1873 1592 1902 est,
1619 1870 1763 1899 dimidium

979 1926 1041 1946 esse
1061 1925 1201 1950 mensem;
1228 1918 1271 1945 sin
1292 1920 1381 1944 autem
1406 1917 1442 1945 sit
1458 1916 1517 1944 dies
1537 1916 1685 1945 vicesimus
1701 1924 1764 1952 sep-

980 1962 1062 1989 timus
1087 1961 1129 1989 vel
1152 1961 1274 1993 circiter,
1297 1960 1475 1996 respondebit
1501 1960 1551 1989 tibi
1581 1960 1665 1991 ﬁnem
1686 1969 1764 1989 men-

980 2007 1019 2035 sis
1033 2008 1184 2035 imminere.
1198 2006 1299 2035 Eadem
1315 2015 1399 2042 porro
1419 2007 1491 2034 ratio
1505 2011 1558 2039 est.
1573 2007 1631 2039 sive
1646 2007 1680 2035 de
1698 2007 1762 2034 luna

980 2052 1037 2080 sive
1049 2052 1083 2080 de
1094 2059 1167 2080 anno
1178 2056 1284 2087 agatur.
1304 2051 1331 2078 Si
1344 2043 1418 2080 enim
1435 2052 1552 2088 peritum
1568 2052 1706 2080 hominem
1721 2051 1764 2079 in-

979 2100 1161 2135 terrogaveris
1190 2100 1365 2135 quandonam
1398 2100 1530 2134 ﬁnietur,
1558 2100 1605 2133 ille
1632 2107 1681 2137 pro
1712 2107 1763 2128 sua

980 2145 1157 2181 intelligentia
1172 2146 1340 2182 perspiciens
1353 2145 1526 2175 undecimum
1546 2153 1667 2175 mensem
1688 2153 1764 2174 com-

144 2181 247 2229 ἤρξατο
260 2183 440 2217 ὁδωδέκατος,
460 2186 516 2220 ἐρεῖ
530 2194 581 2218 σοι,
605 2187 647 2213 ὃτι
661 2188 724 2224 περὶ
751 2190 782 2216 τὸ
805 2190 927 2216 συντελε-

983 2191 1081 2225 pletum
1094 2199 1166 2225 esse,
1181 2181 1373 2229 incepisseque
1393 2191 1598 2226 duodecimum,
1614 2193 1764 2228 responde-

145 2226 241 2262 σθῆναι
251 2228 317 2264 ἔχει.

179 2283 225 2311 26.
245 2286 308 2319 Ἀρ.
330 2285 421 2313 εἶπεν
443 2288 535 2320 Οὕτως
557 2288 611 2324 ἔχει
640 2290 671 2316 τὸ
691 2291 843 2326 εἰρημένον.
873 2293 927 2319 Ἀθ.

143 2326 237 2356 εἶπεν·
252 2331 284 2357 Et
296 2330 341 2359 οὖν
356 2333 522 2368 ἁρχιτέκτων
539 2335 680 2362 ἐπίσταται
696 2356 704 2368 ,
729 2335 793 2362 πότε
810 2336 930 2363 συντελεῖ

142 2377 193 2413 τὴν
208 2379 359 2415 οἰκοδομὴν,
374 2382 420 2407 καὶ
434 2382 448 2408 6
460 2383 619 2418 ἐπιστήμων
634 2383 703 2419 ἀνὴρ
711 2384 743 2410 ἐκ
755 2383 802 2410 τοῦ
812 2385 928 2421 ἀριθμοῦ

142 2422 209 2448 πότε
223 2424 384 2452 συντελεῖται
397 2426 411 2452 6
425 2426 488 2462 μὴν,
504 2428 535 2453 ἐκ
547 2427 574 2454 δὲ
594 2427 645 2462 τῆς
659 2428 803 2465 ἐμπειρίας
817 2430 863 2456 τοῦ
879 2439 927 2457 κυ-

141 2467 238 2494 κλικοῦ
253 2468 362 2505 δρόμον,
377 2471 441 2498 πότε
459 2472 508 2507 μὲν
523 2473 578 2508 (45)
597 2473 748 2509 πληροῦται
775 2476 791 2510 ή
816 2475 924 2510 σελήνη.

180 2544 203 2560 ⁸³
222 2544 299 2573 Joan.
318 2556 345 2580 v,
364 2548 406 2574 t7.

145 2665 158 2671 υ
181 2631 327 2673 (58)_Aus_r_._
341 2634 379 2673 ὡς
398 2634 769 2673 γᾶῇοὐκέἔστιγΧριστιανὸν
788 2640 834 2667 τοῦ
853 2642 926 2667 ἑννο-

144 2667 275 2709 ιῖῖεῐαλ.ηιξ’ὺν¹
286 2668 348 2695 Υἱὸν
365 2670 427 2709 given
437 2667 548 2709 ’Πατρδς
561 2672 621 2709 οὐδὲ
633 2667 678 2700 τὸν
691 2675 800 2709 Πατέρα
816 2676 889 2702 ἄνευ.

181 2701 236 2771 (δή
262 2703 330 2738 Aug.
341 2704 434 2745 eum;
455 2701 545 2732 xat'tv'
557 2708 628 2743 ἀρχῇ
643 2708 706 2740 Υἱὸς
721 2701 783 2742 m‘;
795 2701 873 2738 θέοιῇ.

181 2736 225 2764 [40
256 2737 321 2771 Reg.
335 2747 467 2771 ανωγαιον
487 2743 533 2768 καὶ
550 2743 711 2771 κατώγαιον.
725 2744 844 2771 διώοοωά
857 2755 873 2771 ω

256 2736 321 2779 Reg:
335 2738 467 2772 ἀνώγαιον
487 2743 533 2768 καὶ
550 2736 711 2777 ﬁcu-quoa,
725 2736 927 2782 Btm'poqadpnpt

144 2779 191 2808 και
199 2780 350 2808 λτριωροφα.

182 2806 236 2840 (61⁷)
253 2806 297 2835 Sic
310 2806 420 2847 Regius.
435 2811 514 2838 Bastl.
530 2812 670 2847 Anglican.
688 2815 799 2842 ct.Fclc.
814 2815 841 2841 2.
857 2815 926 2843 Edili

147 2848 220 2874 vero,
236 2845 488 2886 προποιεαςθῆναι.
506 2845 632 2884 August.,
648 2850 887 2886 προσϐιϐασθῆναι,
902 2857 925 2880 ct

981 2237 1021 2266 bit
1035 2239 1106 2267 circa
1120 2239 1201 2266 ﬁnem
1215 2247 1285 2268 esse.

1016 2293 1062 2320 26.
1082 2294 1130 2322 Ar.
1155 2293 1193 2321 lta
1213 2299 1266 2326 est,
1286 2299 1316 2321 ut
1336 2295 1415 2322 dicis.
1438 2294 1500 2321 ΑιΙι.
1524 2293 1617 2330 Itaque
1639 2295 1663 2322 si
1687 2295 1763 2326 novit

983 2340 1150 2368 architectus
1163 2340 1336 2376 quandonam
1351 2340 1496 2370 aediﬁcium
1515 2341 1551 2367 sit
1570 2340 1761 2375 perfecturus;

982 2385 1005 2413 si
1034 2386 1136 2420 pel-itus
1158 2386 1240 2414 homo
1261 2394 1422 2417 exnumero
1446 2386 1571 2422 intelligit
1590 2387 1762 2421 quandonam

982 2431 1136 2458 absolvetur
1163 2432 1277 2463 mensis,
1303 2436 1330 2459 et
1356 2439 1388 2459 ex
1415 2439 1512 2459 cursus
1541 2432 1636 2467 cyclici
1667 2433 1763 2461 notitia

980 2476 1154 2511 quandonam
1177 2477 1254 2512 plena
1270 2481 1310 2505 est
1331 2477 1394 2504 luna
1409 2477 1452 2505 vel
1471 2476 1630 2509 decrescere
1651 2478 1764 2512 desinit.

980 2640 1006 2667 in
1017 2641 1147 2683 margine
1159 2641 1222 2683 ἴσως
1235 2641 1490 2683 προετοιμασθῆναξ

996 2676 1070 2719 με)
1086 2675 1156 2711 Aug.
1173 2676 1239 2712 ἔχει.
1257 2675 1333 2705 ‘lbid.
1347 2675 1414 2713 Aug.
1429 2675 1444 2704 ὂ
1458 2675 1505 2705 οὖν
1522 2678 1594 2708 Υἱός.
1610 2677 1677 2709 Reg.
1699 2677 1764 2709 Υἱὸς

980 2719 1036 2741 ουν,

1016 2746 1072 2781 (45)
1086 2746 1154 2781 Aug.

1016 2781 1072 2823 (Mi
1087 2783 1124 2808 lta
1141 2781 1206 2826 βοᾷ.
1218 2783 1312 2816 prohc.
1327 2782 1394 2812 Editj
1409 2791 1473 2810 vero
1485 2787 1513 2810 et-
1524 2783 1580 2814 alii,
1596 2784 1642 2810 ὲὰν
1662 2783 1702 2812 δέ.
1722 2781 1761 2811 ib.

982 2818 1050 2851 Aug.
1064 2818 1211 2857 ἐρωτήσῃς.
1390 2854 1405 2859 υ
1532 2853 1537 2858 ⁸
1554 2853 1559 2858 .
1684 2853 1696 2864 τ

1017 2853 1074 2888 (45)
1092 2852 1135 2879 Su‘
1153 2853 1215 2885 Reg.
1233 2858 1257 2879 cl
1273 2854 1339 2888 Aug.
1356 2854 1407 2881 Alu
1421 2861 1482 2881 cum
1496 2853 1586 2888 editis,
1602 2856 1650 2890 μὲν
1668 2862 1727 2883 ουν.

1170 2748 1186 2783 ἦ
1197 2745 1286 2774 δώσει.
