1929 3056
199 59 231 86 -Π
237 60 248 86 Ι

794 57 822 84 S.
841 57 1069 87 ATHANASIUS.
1090 77 1123 82 ——
1144 61 1278 92 SPURIA.

1761 53 1823 81 ιτα

200 124 255 150 quo
273 116 336 144 item
353 120 474 151 tempore
493 123 580 143 annus
601 115 741 151 perlicitur
757 125 763 142 :
782 123 816 143 an
831 124 885 144 non
901 117 977 145 nobis

1032 120 1096 147 πότε
1108 120 1136 147 δὲ
1155 121 1301 156 μειουμένη
1319 118 1466 154 ἀπολήγει,
1481 115 1549 151 ποίῳ
1573 113 1602 142 δέ
1617 111 1704 148 καιρῷ
1719 120 1821 138 συντε-

201 163 345 190 dicendum
359 163 470 190 omnino
483 167 524 189 est
541 161 684 189 Dominum
700 161 805 194 Iesum,
822 164 869 198 qui
885 164 980 192 mundi

201 213 243 237 est
255 208 344 244 opifex
355 229 362 241 ,
376 213 559 243 venturusque
574 214 616 235 est
634 208 667 235 ad
682 208 771 243 ipsum
785 216 981 237 consumman-

200 255 277 286 dum,
294 255 364 282 diem
389 254 474 288 ipsam
501 255 684 288 cognoscere?
708 254 829 290 Namque
856 257 879 282 si
904 256 982 290 igno-

200 304 298 329 rasset,
315 298 453 334 quomodo
473 299 656 333 interrogatus
669 298 703 326 de
713 298 766 326 line
782 299 863 333 hujus
876 300 979 331 saeculi,

200 345 376 381 secundoque
405 353 456 372 suo
480 346 608 378 adventu,
625 353 687 373 vera
713 346 846 380 potuisset
869 354 981 382 respon-

200 391 287 418 dere?
312 391 455 426 Proprium
478 391 550 418 enim
575 391 682 418 illorum
704 395 746 419 est
771 399 834 418 vera
857 400 979 423 narrare,

199 437 245 472 qui
276 441 376 464 certam
400 437 500 464 habent
523 437 705 472 cognitionem
734 444 828 464 eorum
851 445 911 471 qua:
938 437 980 464 hic

199 486 265 511 sunt.
298 486 325 510 et
362 483 440 510 liunt.
471 482 656 518 Interrogatus
695 483 809 517 proinde
845 482 979 516 Salvator,

200 530 280 564 17o
292 530 434 556 veritatem
452 537 532 564 quam
544 533 657 556 noverat
675 529 815 556 indicavit.
831 529 980 557 Sciscitan-

197 576 273 603 tibus
312 575 384 602 enim
421 575 564 610 discipulis
590 575 661 610 quod
699 576 806 610 signum
847 575 980 604 adventus

197 620 305 648 Domini
325 620 401 653 Jcsu,
416 625 443 649 et
455 622 700 649 consummationis
713 622 796 656 hujus
817 622 920 653 saeculi,
938 622 981 650 his

196 667 288 695 verbis
314 667 454 702 respondit
473 677 479 693 :
507 676 515 692 ι
536 667 631 695 Videte
656 676 691 696 ne
711 669 773 703 quis
791 676 838 696 vos
857 669 978 697 seducat.

197 711 274 738 Multi
300 713 373 740 enim
399 713 508 740 venient
530 714 558 740 in
585 715 695 741 nomine
722 722 794 746 meo,
819 715 943 743 dicentes
971 725 978 742 :

197 758 254 794 Ego
273 766 332 786 sum
356 759 500 792 Christus;
525 764 552 787 et
575 760 673 788 multos
695 760 833 788 seducent.
856 761 980 788 Audituri

196 804 271 832 enim
293 805 360 832 estis
379 805 471 840 prmlla
489 809 517 832 et
534 805 677 840 opiniones
703 807 870 841 przeliorum.
884 805 980 834 Videte

197 858 232 877 ne
243 851 400 878 turbemini.
413 850 525 885 Oportet
545 851 617 878 enim
639 851 697 879 haec
712 852 781 884 ﬁeri.
797 852 844 880 sed
859 853 979 881 nondum

196 900 240 922 est
267 895 338 923 ﬁnis.
368 895 521 930 Consurget
548 896 621 923 enim
660 904 726 932 gens
757 897 784 924 in
817 902 923 933 gentem
954 901 981 924 et

196 948 310 976 regnum
334 941 362 968 in
386 949 498 976 regnum
525 951 531 968 :
557 945 584 968 et
603 931 684 968 erunt
703 931 917 977 pestilentiae,‘et
940 941 981 969 fa-

196 995 266 1019 mes,
281 991 309 1014 et
323 992 401 1015 terra:
423 991 514 1015 motus
530 995 578 1022 per
593 987 662 1015 loca.
679 987 741 1016 Haec
762 993 851 1016 autem
877 988 978 1020 omnia,

197 1033 275 1060 initia
293 1037 356 1061 sunt
378 1033 513 1061 dolorum.
535 1033 612 1061 Tunc
632 1034 740 1062 tradent
755 1042 804 1062 vos
819 1035 846 1062 in
867 1035 975 1061 tribula-

197 1079 297 1111 tiones,
314 1083 342 1107 et
360 1079 487 1107 occident
509 1086 558 1107 vos
581 1088 588 1107 :
614 1083 641 1107 et
666 1080 743 1108 eritis
767 1081 829 1108 odio
853 1081 979 1108 omnibus

197 1129 308 1160 propter
326 1131 425 1152 nomen
450 1132 550 1152 meum.
574 1124 607 1152 Et
632 1129 698 1152 tunc
722 1126 980 1153 scandalizabuntur

197 1171 286 1203 multi,
301 1174 329 1198 et
348 1170 465 1198 invicem
488 1171 604 1204 tradent,
624 1175 651 1199 et
666 1172 729 1199 odio
750 1172 887 1200 habebunt
910 1173 980 1199 invi-

196 1224 266 1244 cem.
291 1216 325 1243 Et
345 1216 423 1243 multi
450 1217 690 1252 pseudoprophetae
710 1221 830 1253 surgent,
848 1222 874 1246 et
899 1218 980 1246 sedu—

195 1265 259 1290 cent
291 1262 402 1290 multos.
436 1262 469 1289 Et
498 1263 627 1298 quoniam
659 1264 809 1291 abundabit
836 1263 977 1299 iniquitas,

195 1307 356 1342 refrigescet
379 1307 502 1335 charitas
524 1308 680 1335 multorum.
705 1308 757 1341 Qui
780 1313 870 1336 autem
891 1317 979 1344 perse-

195 1354 331 1382 veraverit
345 1362 432 1389 usque
448 1355 475 1381 in
491 1353 582 1387 ﬁnem,
599 1354 644 1381 hic
664 1355 755 1382 salvus
775 1355 836 1382 erit.
854 1354 888 1381 Et
910 1362 979 1389 prae-

195 1399 331 1427 dicabitur
354 1399 528 1435 Evangelinm
542 1401 617 1435 regni
637 1402 665 1428 in
681 1401 808 1428 universo
821 1401 933 1434 mundo,
951 1401 977 1429 in

195 1445 382 1472 testimonium
412 1446 540 1473 omnibus
567 1446 713 1481 gentibus,
739 1450 767 1474 et
794 1451 859 1474 tunc
888 1448 1013 1491 venietc

194 1490 257 1517 Iinis
269 1489 302 1517 ".
324 1500 334 1516 ι
358 1490 391 1516 Ει
408 1491 488 1525 paulo
506 1495 565 1526 post
577 1491 614 1517 ait
630 1500 637 1518 :
654 1500 663 1516 ι
682 1490 740 1518 Erit
752 1492 824 1519 enim
838 1492 978 1520 tribulatio

195 1541 304 1569 magna,
333 1535 423 1569 qualis
452 1543 507 1562 non
532 1535 582 1562 fuit
607 1536 641 1563 ab
668 1535 746 1563 initio
774 1536 868 1564 mundi
891 1545 978 1573 usque

194 1579 284 1611 modo,
301 1587 389 1614 neque
404 1580 459 1607 ﬁet.
474 1579 507 1606 Et
525 1579 578 1607 nisi
594 1580 709 1607 breviati
724 1580 841 1608 fuissent
854 1581 913 1609 dies
928 1582 976 1614 illi,

193 1631 249 1651 non
274 1624 351 1652 ﬂeret
376 1625 451 1652 salva
473 1625 564 1652 omnis
585 1633 660 1652 caro.
687 1625 763 1653 Tunc
782 1626 805 1653 si
824 1627 886 1661 quis
900 1627 977 1654 vobis

193 1669 305 1702 dixerit,
327 1669 397 1698 Ecce
419 1670 464 1697 hic
487 1674 529 1698 est
550 1670 688 1703 Christus,
714 1679 778 1699 ecce
798 1672 875 1700 illic:
894 1674 979 1701 nolite

193 1716 305 1743 credere
321 1715 355 1742 ⁸⁷.
378 1725 387 1742 ι
404 1715 436 1742 Et
449 1716 510 1744 aliis
524 1716 675 1751 interiectis
692 1727 698 1744 :
718 1726 727 1742 ι
748 1717 824 1745 Sicut
838 1718 909 1745 enim
923 1718 977 1745 ful-

193 1770 244 1797 gur
257 1763 312 1789 exit
325 1762 359 1789 ab
372 1763 477 1789 oriente
488 1767 515 1789 et
534 1766 646 1798 apparet
657 1770 743 1797 usque
758 1763 785 1790 in
797 1763 976 1795 occidentem,

193 1807 230 1834 ita
246 1807 299 1834 erit
313 1807 448 1834 adventus
471 1806 533 1834 Filii
558 1807 689 1835 hominis.
716 1807 876 1842 Ubicunque
897 1808 977 1835 fuerit

193 1860 311 1886 corpus,
337 1853 402 1879 illuc
427 1853 667 1887 congregabuntur
695 1856 722 1880 et
745 1853 851 1888 aquilae.
881 1852 976 1880 Statim

193 1902 284 1926 autem
323 1902 387 1933 post
420 1898 622 1926 tribulationem
656 1899 763 1926 dierum
795 1899 905 1926 illorum
936 1900 977 1927 Sol

192 1945 398 1977 obscurabitur,
421 1948 448 1971 et
471 1944 534 1971 luna
558 1952 612 1971 non
634 1945 709 1972 dabit
725 1946 816 1973 lumen
836 1954 926 1977 suum,
949 1951 976 1974 et

191 1990 277 2018 stellae
297 1990 359 2017 cceli
380 1989 487 2022 cadent,
502 1994 527 2017 et
546 1990 659 2018 virtutes
678 1991 809 2018 cmlorum
824 1999 977 2019 commove-

190 2035 294 2063 buntur
314 2044 320 2063 :
338 2041 365 2063 et
388 2041 453 2063 tunc
478 2037 618 2072 apparebit
642 2037 750 2072 signum
777 2036 840 2064 Filii
858 2037 976 2066 hominis

191 2083 220 2109 in
243 2082 312 2110 ccelo
327 2082 359 2108 ⁸⁸.
374 2092 383 2108 ι
405 2081 436 2108 Ει
462 2082 541 2117 paulo
558 2086 619 2117 post
637 2092 643 2109 :
666 2092 675 2109 ‹
693 2072 779 2110 Amen
804 2083 865 2110 dico
887 2083 974 2115 vobis,

1031 166 1116 193 λείται
1127 167 1313 203 πληρούμενος
1326 167 1340 192 ὁ
1355 163 1475 194 ὲνιαυτδς
1493 160 1547 188 οἶδε
1557 170 1564 176 -
1578 159 1635 192 πῶς
1646 157 1691 186 οὖν
1711 159 1761 184 οὐκ
1781 158 1821 184 ἂν

1031 211 1153 247 εἴποιμεν
1168 213 1258 247 ἡμεῖς,
1273 212 1313 238 ὅτι
1324 212 1337 237 ὁ
1348 210 1448 245 Κύριος
1467 207 1579 244 Ἰησοῦς,
1591 206 1606 232 ὁ
1628 205 1744 240 ποιήσας
1767 203 1820 231 τὸν

1032 258 1148 293 κόσμον,
1164 258 1211 284 καὶ
1233 258 1246 283 ὁ
1265 257 1367 292 μέλλων
1394 254 1474 282 αὑτὸν
1496 252 1642 283 συντελεῖν,
1668 251 1819 277 ἐπίσταται

1031 303 1079 338 τὴν
1093 303 1198 339 ἡμέραν
1209 311 1216 336 ;
1229 303 1259 329 Εἰ
1275 302 1330 338 γὰρ
1342 301 1432 336 ἠγνόει
1445 320 1452 332 ,
1468 299 1527 330 πῶς
1539 296 1721 333 ἐπερωτηθεὶς
1748 296 1820 328 περὶ

1030 350 1080 384 τῆς
1096 349 1247 380 συντελείας
1270 348 1316 375 τοῦ
1331 347 1425 378 αἰῶνος
1453 345 1559 377 τούτου,
1574 344 1621 371 καὶ
1638 343 1687 379 τῆς
1706 350 1818 378 παρου-

1032 395 1091 426 σίας
1106 395 1187 422 αύτοῦ
1202 395 1250 430 τῆς
1266 394 1403 430 δευτέρας,
1419 392 1533 428 ἠδύνατο
1554 389 1711 426 ἀποκριθεὶς
1726 389 1819 424 φῆσαι

1031 441 1079 476 τὴν
1096 440 1224 474 ἀλήθειαν
1237 448 1245 472 ;
1259 439 1318 466 Τῶν
1333 439 1386 474 γὰρ
1396 437 1549 473 ἀκραιφνῶς
1564 437 1678 472 ἐχόντων
1689 434 1739 470 τὴν
1749 434 1819 470 περὶ

1031 485 1083 511 τῶν
1105 482 1155 512 ὧδε
1173 485 1227 520 (46)
1244 485 1328 511 ὀντων
1346 484 1522 520 ῆγινομένων
1539 482 1650 516 γνῶσιν,
1676 479 1741 507 ῐδιόν
1755 481 1818 506 ἐστι
1866 492 1874 499 -

1031 530 1079 566 τὴν
1094 531 1220 566 ἀλήθειαν
1245 529 1417 566 ἀφηγεῖσθαι.
1442 529 1521 556 Ὅθεν
1534 529 1580 554 καὶ
1593 528 1607 553 ὁ
1623 526 1716 562 Σωτὴρ
1731 525 1819 560 γινώ-

1032 583 1104 601 σκων
1118 576 1164 611 ὲσή
1170 584 1235 610 μανε
1248 576 1296 611 τὴν
1307 575 1434 611 ἀλήθειαν
1446 573 1636 610 ἐπερωτηθείς.
1651 572 1819 607 Πυθομένων

1030 621 1084 656 γὰρ
1097 621 1150 647 τῶν
1165 621 1301 656 μαθητῶν,
1317 621 1342 647 τί
1358 622 1388 647 τὺ
1405 622 1514 656 σημεῖον
1525 620 1573 655 τῆς
1593 618 1741 654 παρουσίας
1765 616 1818 644 τοῦ

1031 667 1134 702 Κυρίου
1153 667 1250 702 Ἰησοῦ,
1266 667 1378 702 καὶτῆς
1397 666 1549 697 συντελείας
1569 665 1614 692 τοῦ
1633 664 1728 696 αἰῶνος
1752 663 1819 689 τού-

1030 721 1087 745 του,
1105 712 1261 748 ἀποκριθεὶς
1279 712 1331 748 ἔφη
1344 712 1431 739 οὕτω·
1466 721 1475 738 ‹
1493 712 1618 743 Βλέπετε,
1636 711 1672 746 μή
1686 719 1727 742 τις
1741 710 1818 745 ὑμᾶς

1031 758 1165 794 πλανήσῃ.
1175 758 1270 785 Πολλοὶ
1285 758 1338 794 γὰρ
1348 759 1500 785 ἐλεύσονται
1517 758 1562 784 ἐπὶ
1575 757 1614 792 τῷ
1628 756 1738 792 ὀνόματί
1751 764 1816 791 μου,

996 788 1016 816 Β
1030 788 1153 838 λέγοντες
1164 813 1170 819 ·
1196 805 1266 838 Ἐγώ
1281 788 1336 840 εἰμι
1350 805 1364 831 ὁ
1375 805 1500 840 Χριστὸς,
1519 804 1565 830 καὶ
1586 788 1700 834 πολλούς
1715 788 1818 837 πλανή-

1032 857 1116 876 σουσι.
1141 849 1295 885 Μελλήσετε
1325 849 1353 876 δὲ
1379 850 1487 876 ἀκούειν
1510 849 1643 884 πολέμους
1657 848 1703 875 καὶ
1729 846 1818 879 ἀκοὰς

1031 895 1165 930 πολέμων.
1174 896 1268 930 Ὁρᾶτε
1278 896 1314 931 μὴ
1325 895 1455 932 θροεῖσθε·
1468 896 1507 922 δεῖ
1514 895 1568 930 γὰρ
1575 894 1665 921 ταῦτα
1672 892 1798 925 γενέσθαι
1807 911 1815 924 ς

1030 941 1088 968 ἀλλ’
1108 941 1183 968 οὔπω
1204 941 1236 968 τὸ
1256 942 1341 973 τέλος.
1370 941 1563 977 Ἐγερθήσεται
1587 940 1641 976 γὰρ
1665 939 1740 971 ἔθνος
1767 938 1817 965 ἐπὶ

1031 987 1115 1019 ἔθνος,
1130 987 1177 1014 καὶ
1191 986 1310 1021 βασιλεία
1322 987 1368 1014 ἐπὶ
1384 987 1529 1022 βασιλείαν,
1546 987 1591 1013 καὶ
1610 986 1713 1012 ἔσονται
1728 984 1816 1020 λιμοὶ,

1031 1033 1077 1059 καὶ
1092 1032 1190 1068 λοιμοὶ,
1207 1033 1253 1059 καὶ
1265 1033 1370 1068 σεισμοὶ
1386 1033 1457 1059 κατὰ
1469 1033 1576 1064 τόπους.
1597 1031 1690 1059 Ταῦτα
1704 1031 1733 1057 δὲ
1747 1030 1817 1057 πάν-

1030 1086 1063 1104 τα
1074 1078 1144 1113 ἀρχὴ
1156 1078 1265 1104 ὠδίνων.
1275 1079 1341 1105 Τότε
1354 1077 1556 1114 παραδώσουσιν
1569 1078 1640 1113 ὑμᾶς
1649 1078 1687 1109 είς
1697 1076 1811 1111 θλίψεις,

1031 1123 1077 1149 κα).
1096 1123 1288 1151 ἀποκτενοῦσιν
1304 1125 1374 1159 ὑμᾶς
1386 1133 1392 1139 ·
1408 1124 1455 1150 καὶ
1469 1123 1561 1150 ἔσεσθε
1579 1123 1735 1158 μισούμενοι
1762 1121 1816 1148 ὑπὸ

1030 1169 1137 1196 πάντων
1155 1169 1198 1196 διὰ
1212 1170 1242 1196 τὸ
1263 1170 1347 1205 ὄνομά
1369 1178 1428 1205 μου.
1457 1170 1511 1196 Καὶ
1536 1169 1594 1196 τότε
1620 1166 1814 1202 σκανδαλισθή-

1031 1223 1121 1241 σονται
1131 1214 1233 1247 πολλοὶ,
1245 1216 1291 1242 κα).
1305 1214 1433 1250 ἀλλήλους
1449 1213 1646 1250 παραδώσουσι,
1660 1213 1707 1239 καὶ
1732 1212 1812 1247 μισή-

1031 1269 1120 1287 σουσιν
1139 1260 1277 1296 ἀλλήλους.
1295 1261 1349 1287 Καὶ
1361 1260 1451 1287 πολλοὶ
1461 1259 1679 1302 ipsum-71m:
1697 1257 1813 1293 ἐγερθή-

1030 1315 1131 1338 σονται,
1147 1307 1193 1332 καὶ
1212 1306 1378 1342 πλανήσουσι
1390 1301 1639 1338 πολλούςξῙί-αἱῖῑιὰ
1653 1305 1683 1331 τὸ
1694 1303 1813 1338 πληθυν-

1029 1353 1106 1388 θῆναι
1120 1351 1169 1388 τὴν
1181 1352 1305 1388 ἀνομίαν,
1322 1352 1472 1388 ψυγήσεται
1489 1353 1505 1387 ή
1520 1351 1612 1387 ἀγάπη
1627 1351 1680 1377 τῶν
1697 1349 1811 1377 πολλῶν.

1036 1399 1064 1425 Ὁ
1080 1398 1108 1425 δὲ
1133 1399 1281 1439 ὑπομὲιας
1302 1400 1342 1430 εἰς
1368 1399 1454 1430 τέλος,
1473 1396 1548 1429 οὗτος
1573 1396 1734 1435 σωθήσεται.
1758 1396 1813 1422 Καὶ

1029 1445 1227 1480 κηρυχθήσεται
1247 1445 1278 1471 τὸ
1298 1445 1460 1479 Εὐαγγέλιον
1480 1445 1527 1479 τῆς
1551 1443 1687 1478 βασιλείας
1708 1444 1737 1469 ὲν
1759 1442 1812 1477 ὅλῳ

1015 1490 1066 1525 ’τῷ
1081 1491 1189 1526 κόσμῳ,
1206 1492 1245 1523 είς
1261 1491 1408 1527 μαρτύριον
1424 1491 1477 1526 (47)
1493 1491 1560 1517 πᾶσι
1579 1491 1636 1521 τοῖς
1651 1489 1748 1521 ἔθνεσι,
1765 1488 1812 1515 καὶ

1028 1537 1086 1564 τότε
1101 1537 1159 1573 ἥξει
1174 1538 1204 1564 τὺ
1217 1538 1302 1569 τέλος.
1318 1547 1327 1563 ι
1342 1538 1396 1564 Καὶ
1412 1537 1468 1572 μετ’
1483 1537 1560 1571 ὀλίγα
1575 1537 1672 1572 φησίν·
1691 1545 1699 1561 ι
1716 1535 1811 1562 Ἔσται

1028 1581 1081 1618 γὰρ
1093 1582 1180 1617 θλίψις
1192 1582 1305 1617 μεγάλη,
1316 1582 1358 1608 οἵα
1377 1582 1406 1608 οὐ
1424 1582 1533 1616 γέγονεν
1548 1582 1594 1607 ἀπ’
1611 1581 1697 1615 ἀρχῆς
1708 1581 1809 1615 κόσμου

1028 1628 1079 1659 ἕως
1091 1628 1137 1654 τοῦ
1156 1628 1214 1661 νῦν,
1229 1629 1281 1654 οὐδ’
1296 1628 1326 1654 οὐ
1355 1628 1392 1664 μὴ
1418 1628 1537 1666 γένηται.
1554 1627 1607 1654 Καὶ
1618 1628 1641 1653 εί
1662 1627 1698 1662 μὴ
1721 1626 1811 1652 ὲκολο-

1028 1674 1152 1709 ὁώθησαν
1175 1675 1202 1700 αἱ
1225 1674 1325 1710 ἡμέραι
1353 1675 1473 1705 ἐκεῖναι,
1499 1673 1549 1700 οὐκ
1567 1673 1600 1699 ἂν
1620 1672 1709 1707 ἐσώθη
1736 1672 1810 1698 πᾶσα

1028 1719 1184 1755 σάρξ.Τότε
1193 1720 1239 1746 ἐάν
1251 1729 1293 1751 τις
1313 1720 1375 1755 ὑμῖν
1393 1719 1469 1756 εἴπῃ*
1489 1719 1553 1746 Ἰδοὺ
1576 1717 1627 1746 ὧδε
1647 1720 1662 1745 ό
1682 1718 1808 1753 Χριστὸς,

1029 1765 1084 1791 ίδοὺ
1115 1765 1192 1791 ἐκεῖ·
1224 1764 1260 1800 μὴ
1283 1764 1469 1799 ίπιστεύσητεο
1506 1774 1515 1790 ι
1547 1765 1592 1791 καὶ
1620 1763 1678 1800 μεθ’
1709 1763 1806 1799 ἕτερα·

1030 1820 1039 1836 ε
1052 1811 1156 1846 Ὥσπερ
1171 1811 1225 1846 γὰρ
1244 1812 1260 1846 ὴ
1284 1811 1408 1846 ἀστραπὴ
1425 1811 1564 1846 ἐξέρχεται
1584 1810 1637 1837 ἀπὸ
1662 1808 1808 1840 ἀνατολῶν,

1027 1856 1072 1882 καὶ
1101 1856 1223 1890 φαίνεται
1243 1857 1295 1888 ἓως
1311 1856 1419 1891 δυσμῶν
1433 1856 1500 1890 (48),
1512 1855 1597 1887 οὕτως
1611 1855 1686 1882 ἔσται
1706 1856 1722 1890 ὴ
1740 1863 1809 1889 παρ-

1026 1901 1102 1927 ουσία
1122 1901 1166 1927 τοῦ
1191 1901 1255 1927 Υίοῦ
1272 1901 1318 1927 τοῦ
1346 1900 1500 1936 ἀνθρώπου.
1528 1901 1613 1927 ’Ὅπου
1645 1899 1674 1926 δὲ
1694 1899 1726 1926 ἂν
1778 1899 1810 1925 τὸ

1026 1946 1137 1982 πτῶμα,
1154 1947 1211 1973 ἐκεῖ
1224 1946 1433 1981 συναχθήσονται
1444 1946 1467 1971 οἱ
1483 1945 1564 1971 ἀετοί.
1576 1944 1681 1976 Εὐθέως
1695 1944 1722 1970 δὲ
1741 1944 1808 1979 μετὰ

1026 1992 1074 2029 τὴν
1088 1992 1176 2027 θλίψιν
1187 1992 1240 2019 τῶν
1254 1992 1364 2028 ἡμερῶν
1379 1992 1490 2018 ἐκείνων
1506 1991 1519 2017 ὁ
1542 1991 1616 2026 ἥλιος
1634 1990 1807 2025 σκοτισθήσε-

1025 2048 1081 2070 ται,
1093 2039 1138 2065 καὶ
1152 2039 1168 2074 ἡ
1186 2038 1283 2073 σελήνη
1299 2038 1329 2063 οὺ
1344 2036 1424 2063 δώσει
1437 2036 1466 2063 τὸ
1490 2037 1589 2071 φέγγος
1606 2035 1700 2071 αὐτῆς,
1723 2035 1769 2062 καὶ
1783 2036 1807 2061 οἱ

1025 2085 1138 2121 ἀστέρες
1152 2085 1198 2111 τοῦ
1211 2083 1325 2119 οὐρανοῦ
1343 2083 1496 2114 πεσοῦνται,
1512 2082 1558 2108 καὶ
1570 2082 1598 2108 αἱ
1615 2082 1742 2117 δυνάμεις
1755 2081 1807 2108 τῶν

191 2129 255 2164 quia
269 2137 322 2156 non
334 2128 482 2164 praeteribit
493 2129 630 2162 generatio
641 2129 708 2162 haec,
720 2129 806 2156 donec
817 2130 907 2156 omnia
921 2130 977 2157 [nec

1029 2130 1149 2167 οὐρανῶν
1178 2129 1406 2165 σαλευθήσονται·
1442 2129 1488 2155 καὶ
1513 2128 1573 2155 τότε
1603 2129 1752 2164 φανήσεται
1777 2128 1807 2153 τὸ

191 2174 267 2200 tiant.
283 2174 388 2201 (lcelum
398 2180 425 2202 et
437 2179 509 2201 terra
525 2175 679 2202 transibunt
693 2185 699 2202 :
712 2175 794 2202 verba
809 2179 898 2202 autem
915 2182 975 2202 mea

191 2227 247 2246 non
257 2220 443 2254 praeteribunt.
458 2219 496 2247 De
514 2220 558 2248 die
574 2224 663 2248 autem
680 2220 723 2248 vel
736 2220 802 2247 hora
819 2227 898 2247 nemo
911 2220 973 2252 scit,

191 2273 282 2300 neque
300 2266 387 2301 angeli
407 2266 550 2298 cmlorum,
572 2266 625 2293 nisi
645 2267 719 2294 solus
740 2266 820 2293 Pater
834 2266 867 2294 λθ.
889 2277 898 2292 ι
916 2266 976 2293 Jam

192 2311 334 2338 hominum
355 2315 397 2338 est
419 2312 583 2346 sapientium
608 2320 641 2339 ex
657 2312 701 2340 his
715 2320 775 2347 quae
798 2311 922 2339 Salvator
943 2313 976 2340 de

192 2356 237 2384 die
259 2360 286 2383 et
304 2356 372 2383 hora
389 2357 609 2392 praesigniﬁcavit
624 2358 789 2393 perspicere,
806 2358 895 2393 ipsum
916 2365 976 2385 cer-

191 2402 297 2429 tissime
317 2409 482 2436 cognoscere
495 2403 669 2438 quandonam
686 2407 817 2431 venturus
838 2404 896 2438 ipse
919 2407 970 2436 est,

191 2447 423 2483 restituturusqne
443 2449 550 2482 omnia,
571 2453 651 2484 prout
673 2450 811 2481 deﬁnitum
827 2455 879 2482 est,
894 2450 972 2485 juxta

190 2493 364 2521 individuum
379 2494 465 2529 ipsius
479 2502 505 2523 et
520 2495 609 2523 Patris
625 2497 667 2524 sui
683 2497 838 2524 consilium.
852 2497 971 2532 Accepto

189 2540 265 2568 enim
278 2539 428 2575 Evangelio
444 2542 471 2568 in
485 2542 622 2576 manibus,
637 2544 693 2578 lege
711 2543 798 2570 locum
810 2543 926 2571 Matthzei
938 2543 971 2570 de

1029 2176 1140 2212 σημεῖον
1160 2174 1207 2201 τοῦ
1229 2174 1293 2201 Υἱοῦ
1313 2174 1358 2200 τοῦ
1380 2172 1522 2208 ἀνθρώπου
1550 2174 1578 2198 ἐν
1604 2171 1642 2207 τῷ
1657 2170 1773 2207 οὐρανῷ.
1794 2180 1804 2196 ι

1027 2222 1082 2248 Καὶ
1097 2222 1153 2256 μετ’
1166 2220 1242 2254 ὀλίγα
1261 2220 1357 2254 φησίν·
1379 2229 1388 2244 ι
1411 2219 1496 2254 Ἀμὴν
1507 2238 1515 2250 ,
1532 2219 1603 2251 λέγω
1624 2218 1698 2253 ὑμῖν,
1717 2218 1757 2244 ὅτι
1774 2217 1804 2244 οὐ

1028 2267 1065 2303 μὴ
1078 2265 1198 2302 παρέλθῃ
1212 2267 1228 2301 ἡ
1243 2265 1323 2299 γενεὰ
1339 2264 1417 2298 αὕτη,
1433 2265 1485 2296 ἕως
1505 2264 1537 2291 ἂν
1554 2265 1641 2291 πάντα
1655 2264 1742 2290 ταῦτα
1761 2263 1806 2298 γέ-

1025 2321 1114 2349 νηται.
1130 2313 1158 2338 ’0
1169 2311 1283 2347 οὐρανὸς
1297 2312 1341 2338 καὶ
1366 2312 1382 2346 ἠ
1402 2311 1438 2346 γῆ
1455 2310 1661 2346 παρελεύσεται·
1680 2311 1704 2336 οἱ
1719 2309 1748 2336 δὲ
1764 2309 1806 2336 λό-

1026 2367 1069 2393 γοι
1087 2366 1136 2393 μου
1151 2357 1180 2383 οὐ
1198 2357 1234 2393 μὴ
1253 2356 1417 2392 παρέλθωσι.
1433 2357 1501 2391 Περὶ
1518 2356 1547 2382 δὲ
1562 2356 1612 2390 τῆς
1629 2355 1685 2390 (49)
1702 2355 1805 2390 ἡμέρας

1024 2405 1040 2440 ἢ
1061 2405 1109 2439 τῆς
1126 2403 1199 2439 ὦρας
1221 2403 1308 2434 οὐδεὶς
1329 2401 1412 2436 οἶδεν,
1434 2402 1495 2429 οὗτε
1516 2403 1540 2428 οἱ
1557 2402 1665 2436 ἄγγελοι
1688 2401 1742 2428 τῶν
1761 2402 1805 2428 οὑ-

1027 2450 1126 2486 ρανῶν,
1138 2451 1161 2477 εἰ
1181 2451 1217 2486 μὴ
1236 2450 1250 2475 ὁ
1264 2449 1357 2484 Πατὴρ
1377 2449 1465 2484 μόνος.
1481 2458 1491 2474 ι
1511 2448 1610 2475 Λοιπὸν
1627 2447 1734 2479 πάντως
1749 2447 1804 2482 (56)

1024 2496 1077 2522 τῶν
1093 2495 1293 2532 εὐφρονούντων
1304 2495 1376 2521 ἐστὶν
1385 2494 1530 2528 ἐπιγνῶναι
1542 2494 1573 2520 ὲκ
1583 2493 1637 2519 τῶν
1650 2500 1736 2528 προση
1741 2501 1806 2527 μαν-

1024 2542 1125 2569 θέντων
1140 2543 1172 2568 ὲκ
1182 2541 1230 2568 τοῦ
1246 2541 1371 2576 Σωτῆρος
1387 2541 1450 2576 περὶ
1470 2540 1518 2575 τῆς
1537 2539 1643 2575 ἡμέρας
1658 2539 1705 2565 καὶ
1720 2538 1804 2574 ὥρας.

226 2617 249 2634 ﬂ
267 2618 362 2646 Matth.
380 2627 453 2651 xm,
470 2613 545 2647 74—14.
582 2620 604 2636 ιτ
623 2612 688 2648 Ibid.
706 2621 806 2649 21-25.
844 2620 977 2648 unum

1029 2621 1067 2648 50.
1105 2619 1128 2636 δ’
1146 2619 1214 2648 Ibid.
1232 2619 1326 2647 34-56.

227 2695 282 2729 (46)
296 2693 360 2735 ῘΩδε
377 2696 457 2735 deest
469 2698 496 2724 in
510 2698 576 2733 Reg.
591 2698 673 2726 Basil.
688 2699 765 2735 Angl.
777 2703 804 2727 et
815 2699 883 2735 Aug.
899 2698 966 2726 Ibid.

188 2729 276 2768 5'41qu
287 2731 361 2768 deest
376 2732 403 2759 in
420 2733 490 2768 Aug.

227 2766 280 2802 (47)
295 2766 363 2802 Aug.
377 2768 416 2799 εἰς
431 2766 589 2803 μαρτυρίαν.

1058 2696 1114 2733 (48)
1130 2696 1198 2732 Reg.
1228 2697 1307 2732 μέχρι
1323 2697 1442 2733 δυσμῶν.
1462 2697 1532 2724 Infra
1546 2695 1610 2732 Reg.
1627 2695 1673 2722 καὶ
1682 2694 1708 2722 οἱ
1723 2693 1804 2723 and.

1057 2732 1111 2766 (49)
1126 2732 1204 2766 Angl.
1219 2733 1280 2768 περ).
1293 2733 1350 2767 τῆς.

1057 2767 1113 2802 (50)
1125 2768 1191 2802 Aug.
1218 2768 1334 2794 πάντων.
