1929 3056
86 111 141 139 475

665 117 872 150 DISPUTATIO
890 121 1029 150 CONTRA
1047 123 1170 152 ARlUM..

1654 129 1706 155 474

84 167 126 198 ῖτι
136 170 264 205 γινώσκει
281 173 469 209 ἀσφαλέστατα
493 175 556 202 πότε
576 176 667 212 μέλλει
690 178 816 214 ἔρχεσθαι
828 189 863 207 κα

925 190 957 209 eo
971 183 1044 217 quod
1059 183 1086 210 in
1099 183 1286 211 controversia
1299 189 1350 216 est,
1363 184 1466 219 tibique
1480 185 1590 212 omnino
1606 186 1708 220 patebit

83 217 311 246 ἀποκαθιστάνειν
337 221 443 249 ἅπαντα
457 242 465 254 ,
491 222 582 254 καθὼς
606 223 783 260 προώρισται,
804 227 872 262 πρὸς

82 263 131 298 τὴν
143 263 318 295 ἀδιάζευκτον
328 267 407 293 αὐτοῦ
425 267 521 304 βουλὴν
534 268 581 294 καὶ
594 269 640 294 τοῦ
657 269 765 305 Πατρδς
777 271 871 298 αὑτοῦ.

81 309 180 336 Λαϐὼν
198 311 253 346 γὰρ
274 312 304 338 τὸ
320 313 484 348 Εὐαγγέλιον
499 315 527 341 ἐν
545 315 648 350 χερσὶν,
665 316 800 349 ἀνάγνωθι
822 318 871 353 τὴν

81 357 235 393 περικοπὴν
254 359 301 385 τοῦ
321 359 460 386 Ματθαίου
480 361 544 396 περὶ
562 361 608 387 τοῦ
620 362 803 398 ζητουμένου,
823 364 871 390 καὶ

80 402 159 430 ἔσται
181 413 221 431 σοι
238 406 324 432 πάντα
340 407 476 442 κατάδηλα
486 428 493 439 ,
514 408 552 440 ὡς
565 409 614 435 οὐκ
629 409 724 443 ἀγνοεῖ
738 411 752 436 ὁ
769 412 870 447 Κύριος

80 449 148 484 περὶ
161 450 210 485 τῆς
224 452 339 487 ἡμέρας.
352 453 383 479 EE
401 453 429 480 δὲ
447 453 547 487 ἠγνόει.
562 454 620 486 πῶς
636 455 749 490 ἠδύνατο
767 457 801 483 τά
819 465 871 492 μη-

78 492 156 519 δέπω
169 493 243 527 ὄντα,
262 497 329 531 μήτε
345 497 398 532 μὴν
411 498 544 533 γενόμενα
565 499 621 534 (51)
645 501 744 536 σημεῖά
767 510 796 527 τε
822 503 869 529 καὶ

50 533 59 542 ’
78 540 262 576 πειρατήρια,
282 542 353 577 ειπερ
378 543 556 579 προτρέχουσι
588 533 641 580 πρὸ
743 547 866 582 ἡμέρας,

923 227 1069 255 Dominum
1079 229 1149 256 diem
1163 229 1273 257 minime
1285 230 1419 265 ignorare.
1431 230 1498 258 Nam
1510 230 1532 258 si
1543 231 1706 266 ignorasset,

922 275 1059 308 quomodo
1084 275 1229 310 praedicere
1253 276 1388 311 potuisset
1405 277 1482 312 signa
1495 280 1522 304 et
1539 281 1706 304 tentamenta

921 319 992 347 diem
1019 322 1225 355 pmcurrentia,
1247 329 1308 349 cum
1326 322 1446 350 nondum
1461 327 1552 350 essent
1566 324 1608 350 vel
1632 323 1705 350 acci-
1725 324 1727 326 ’

921 365 1195 402 ὀὶεεοιιιῖζείιιιιίᾱοιιι
1222 376 1309 404 usque
1335 369 1368 396 ad
1389 369 1649 397 consummationem
1677 374 1705 397 et

923 414 1067 440 adventum
1109 422 1190 441 suum
1231 415 1309 450 signa
1350 419 1377 442 et
1420 423 1514 443 eorum
1559 415 1704 450 qualitates

922 459 1126 493 praenuntiavit,
1143 460 1180 486 ita
1205 464 1235 487 ut
1260 460 1439 488 studiosiores
1464 465 1491 488 et
1510 461 1703 488 laboriosiores

921 511 954 531 ex
984 504 1018 531 iis
1043 513 1103 539 qua:
1131 506 1292 540 pramonuit
1311 506 1443 534 Dominus
1466 510 1573 542 tempus
1597 506 1706 542 possint

920 556 1093 584 cognoscere.

77 585 240 635 προλέγεινς
261 588 312 620 ἕως
331 588 384 623 γὰρ
398 589 448 624 τῆς
466 591 620 623 συντελείας
642 593 689 619 καὶ
711 595 861 628 παρουσίας
889 596 985 623 ἑαυτοῦ
1013 597 1184 633 προεδήλωσε
1206 598 1240 625 τὰ
1263 600 1379 634 σημεῖα,
1407 599 1453 626 καὶ¹
1485 599 1533 631 τὰς
1557 599 1703 635 ποιότητας

76 632 177 666 αὐτῶν,
200 635 247 682 ,ὡς
275 635 403 664 δύνασθαι
429 639 475 664 καὶ
509 640 572 671 τοὺς
593 640 818 677 σπουδαιοτέρους
842 642 900 678 (52)
919 644 966 671 καὶ
988 644 1148 679 φιλοπόνους
1170 632 1315 679 ἐπιγνῶναι
1335 646 1379 672 τὸν
1395 646 1489 682 καιρὸν
1514 647 1546 672 ὲκ
1561 647 1614 673 τῶν

77 681 260 716 μεμνημένων
280 682 348 717 πρὸς
365 682 412 709 τοῦ
430 684 543 720 Κυρίου.

110 725 155 751 27.
175 727 240 760 Ἀρ.
251 725 326 754 εἶπεν
337 737 344 743 ·
366 729 398 756 Εἰ
413 729 520 765 άληθῶς
529 731 674 758 ἐπίσταται
684 731 732 768 τὴν
745 733 861 769 ἡμέραν,

74 768 159 796 διὰτί
185 771 265 803 αὐτὸς
285 773 356 808 ἔφη·
385 782 395 799 ‹
413 775 479 802 Οὐδὲ
499 776 512 802 ὁ
533 776 596 808 re;
620 774 673 803 oras
690 777 738 813 τὴν
757 768 862 813 ἡμέραν

73 814 199 851 ἐκείνην;
227 827 237 843 ι
262 818 321 845 Ἀθ.
338 817 429 846 εἶπεν·
460 821 516 847 Οὐκ
529 819 604 848 εἶπεν
624 823 638 848 6
663 822 775 858 Κύριος,
795 824 861 850 Οὐδὲ

74 859 127 872 1...‘.
147 859 202 872 ‘71-"
243 863 248 872 I
299 865 304 872 1
340 865 346 872 υ
431 866 438 872 .
481 867 488 872 ι
567 868 588 872 -.
606 867 618 872 -
694 869 699 872 .
760 870 765 872 _
798 869 811 872 Α,

916 823 1057 855 Dominus,
1074 822 1168 858 Neque
1191 831 1241 859 ego
1261 824 1324 851 novi
1348 825 1419 852 diem
1444 825 1517 852 illam
1545 833 1551 850 :

73 859 130 895 ἐγὼ
144 859 203 889 οἴδα
223 863 272 899 τὴν
293 865 400 900 ἡμέραν
430 866 546 902 ἐκείνην.
566 867 651 895 Τοῦτο
671 869 724 904 γὰρ
754 869 865 896 ἀκόλου-

73 906 119 933 θον
144 906 179 944 ἦν
195 909 276 943 φάναι
300 910 346 936 τὸν
369 910 480 946 Κύριον,
494 913 573 947 εἴπερ
593 912 673 948 ἡθελε
688 914 752 949 περὶ
768 914 863 940 ἑαυτοῦ

71 954 258 989 παραστῆσαι,
275 955 313 987 ὡς
337 956 374 991 μὴ
402 955 472 992 ἔχων
495 958 595 992 γνῶσιν
627 958 673 985 τοῦ
693 959 864 994 πράγματος,

70 1000 129 1027 Καὶ
145 1001 175 1027 ὲν
197 1001 246 1036 μὲν
260 1001 300 1037 τῷ
321 1003 453 1038 Ματθαίῳ
474 1004 503 1030 οὺ
531 1004 655 1040 φέρεται,
674 1005 741 1032 Οὐδὲ
765 1007 779 1032 6
800 1006 864 1038 Υἱὸς

68 1042 126 1072 οῐδε
142 1045 199 1080 (53)
218 1046 267 1082 τὴν
279 1047 385 1083 ἡμέραν
405 1048 525 1084 ἐκείνην·
545 1051 569 1076 οἱ
589 1049 617 1076 δὲ
637 1049 724 1077 λοιποὶ
748 1051 864 1085 εὐαγγε-

68 1090 161 1118 λισταὶ
174 1092 323 1128 παρέλιπον
344 1093 392 1129 τὴν
413 1095 477 1130 περὶ
500 1095 594 1122 τούτου
622 1096 762 1132 διήγησιν·
783 1096 865 1132 μονώ-

68 1145 151 1169 τατος
160 1137 188 1164 δὲ
195 1139 308 1174 Μάρκος
322 1138 384 1175 ἔφη·
396 1149 405 1165 1
423 1141 490 1168 Οὐδὲ
502 1142 516 1168 6
530 1141 593 1174 Υἱὸς
605 1151 614 1167 ι
625 1139 677 1169 οῐδε
686 1143 734 1178 τὴν
746 1142 862 1178 ἡμέραν.

68 1182 129 1210 Καὶ
149 1184 199 1219 τὴν
224 1184 271 1211 τοῦ
299 1185 413 1221 Μάρκου
441 1187 581 1222 ἀφήγησιν
608 1189 636 1214 ἐν
669 1188 788 1224 στέρνοις
817 1197 863 1215 σου

69 1230 174 1264 γνῶθι,
192 1231 232 1258 ὅτι
253 1232 301 1259 οὐκ
316 1233 408 1267 ἀγνοεῖ
426 1234 440 1259 6
461 1233 564 1270 Κύριος
584 1234 634 1270 τὴν
656 1234 772 1270 ἡμέραν.
795 1236 864 1272 Φησὶ

68 1276 127 1312 γὰρ
148 1277 162 1303 6
181 1277 282 1313 Κύριος
303 1279 404 1314 Ἰησοῦς
416 1289 422 1295 ·
444 1289 454 1305 1
467 1280 536 1316 Περὶ
556 1281 585 1307 δὲ
604 1281 653 1316 τῆς
670 1282 775 1317 ἡμέρας
792 1281 863 1308 ὲκεί-

67 1331 121 1358 νης
133 1323 180 1349 καὶ
205 1323 278 1360 ὥρας
297 1324 383 1356 οὐδεὶς
397 1324 478 1359 οἶδεν,
495 1327 555 1353 οὐδὲ
574 1328 599 1353 οἱ
623 1327 732 1361 ἄγγελοι
753 1327 807 1354 τῶν
818 1328 863 1354 οὐ·

70 1369 172 1404 ρανῶν,
184 1370 244 1396 οὐδὲ
254 1371 268 1397 6
282 1370 355 1403 Υἱὸς,
375 1372 399 1397 εἰ
413 1372 451 1407 μὴ
472 1373 486 1398 6
505 1373 608 1409 Πατήρ.
627 1383 636 1399 ι
649 1374 793 1401 Γινώσκων
809 1374 863 1410 γὰρ

70 1415 169 1442 ἑαυτὸν
190 1416 228 1452 μὴ
247 1416 377 1443 διεστῶτα
404 1418 458 1444 ἀπὸ
481 1418 528 1444 τοῦ
550 1419 657 1454 Πατρὸς
672 1420 732 1446 κατ’
759 1420 862 1452 οὐσίαν,

70 1461 129 1488 ἀλλ’
140 1461 279 1497 ἡνωμένον
290 1464 322 1498 τῇ
335 1463 442 1498 θεότητι
459 1463 497 1499 τῷ
511 1464 570 1499 Θεῴ
594 1465 682 1499 lla-cpi.
701 1465 794 1498 αὐτοῦ,
813 1466 863 1502 τὴν

950 732 995 760 27.
1024 733 1072 760 Ar.
1098 732 1125 760 Si
1154 742 1215 762 vere
1239 733 1310 762 diem
1334 734 1429 767 novit,
1457 742 1542 768 quare
1564 735 1629 769 ipse
1645 735 1702 768 ait,

918 788 927 805 1
944 778 1038 814 Neque
1053 779 1139 807 Filius
1153 779 1225 807 diem
1242 780 1316 807 illam
1333 781 1408 808 novit
1423 781 1464 808 ὀἳ
1483 790 1492 807 ι
1510 781 1572 808 ΑιΙι.
1586 780 1645 808 Non
1661 782 1703 809 ait.

1579 825 1604 852 id
1627 825 1699 852 enim

916 868 1060 896 Dominum
1096 869 1187 896 dicere
1221 874 1432 897 consentaneum
1462 876 1537 903 erat,
1566 871 1698 906 siquidem

915 916 1060 943 ostendere
1079 915 1129 950 ipsi
1147 916 1256 942 animus
1270 919 1353 949 esset,
1371 924 1400 944 se
1420 917 1458 943 rei
1478 917 1550 944 illius
1567 917 1694 951 cognitio-

915 969 975 988 nem
990 969 1046 989 non
1066 961 1176 989 habere.
1189 962 1259 994 Quin
1273 962 1353 989 etiam
1371 962 1397 989 in
1409 962 1533 990 Mattme
1545 971 1598 990 non
1616 963 1699 990 habe-

914 1012 968 1039 tur,
984 1006 1075 1042 Neque
1090 1006 1175 1034 Filius
1189 1007 1260 1035 diem
1274 1008 1347 1034 illam
1361 1009 1446 1040 ιιονίι,
1463 1009 1563 1043 aliique
1583 1016 1698 1043 evange-

914 1050 983 1078 lista;
1005 1049 1162 1083 hujusmodi
1187 1049 1226 1077 rei
1248 1050 1413 1077 mentionem
1435 1051 1585 1077 omiserunt
1601 1059 1607 1076 :
1623 1050 1700 1077 solus

914 1101 1002 1123 autem
1023 1095 1130 1122 Marcus
1145 1095 1192 1128 ait,
1213 1104 1222 1120 1
1237 1094 1328 1130 Neque
1343 1095 1428 1123 Filius
1444 1096 1517 1123 novit
1529 1095 1610 1123 diem.
1629 1105 1638 1122 ι
1656 1095 1696 1122 Tu

913 1145 1003 1168 autem
1023 1140 1107 1168 Marci
1127 1141 1310 1168 narrationem
1332 1145 1420 1169 tecum
1437 1141 1529 1168 animo
1549 1141 1696 1176 perpende,

913 1189 939 1214 et
967 1186 1028 1213 vide
1055 1185 1126 1213 diem
1151 1186 1224 1213 illam
1252 1185 1396 1213 Dominum
1423 1186 1534 1213 minime
1559 1187 1695 1221 ignorare.

912 1232 957 1260 Ait
977 1233 1049 1260 enim
1071 1232 1203 1261 Dominus
1222 1232 1302 1261 Jesus
1321 1243 1328 1260 :
1352 1242 1362 1259 1
1385 1232 1423 1260 De
1439 1233 1483 1261 die
1496 1237 1585 1260 autem
1604 1233 1651 1261 illo
1671 1238 1699 1260 et

913 1279 991 1311 hora,
1021 1286 1101 1306 nemo
1126 1279 1189 1310 scit,
1217 1287 1305 1314 neque
1327 1280 1415 1315 angeli
1427 1280 1584 1312 (caelorum,
1610 1287 1701 1314 neque

913 1325 1009 1357 Filius,
1026 1325 1080 1353 nisi
1098 1325 1180 1353 Pater
1195 1326 1229 1352 “.
1250 1334 1259 1351 ι
1278 1324 1373 1352 Sciens
1387 1325 1458 1355 enim
1474 1333 1504 1353 se
1522 1333 1537 1352 a
1556 1324 1636 1353 Patre
1655 1333 1701 1353 se—

913 1371 1032 1397 cundum
1053 1375 1178 1398 naturam
1200 1377 1254 1398 non
1269 1370 1397 1402 diﬂerre,
1417 1371 1463 1398 sed
1483 1371 1536 1398 Deo
1552 1370 1624 1398 Patri
1648 1379 1698 1398 suo

912 1416 1055 1443 divinitate
1081 1416 1198 1447 unitum,
1228 1422 1306 1443 suam
1330 1415 1526 1450 praenotionem
1552 1416 1579 1442 in
1608 1415 1698 1443 Patris

913 1470 968 1497 pra:
983 1463 1080 1491 unione
1107 1461 1283 1496 significavit,
1309 1461 1537 1497 quemadmodum
1567 1461 1698 1491 Dominus

71 1506 169 1535 ἑαυτοῦ
203 1507 356 1543 πρόγνωσιν
384 1509 413 1535 ὲν
436 1510 469 1544 τῇ
497 1509 543 1535 τοῦ
574 1510 679 1546 Πατρὺς
707 1511 861 1546 προγνώσει

916 1508 950 1535 ait
962 1515 972 1534 ·,
988 1516 999 1534 1
1017 1508 1073 1544 Ego
1089 1508 1167 1543 171
1183 1512 1209 1536 et
1227 1507 1307 1535 Pater
1328 1517 1411 1536 unum
1428 1517 1523 1536 sumus
1538 1518 1544 1536 :
1565 1519 1574 1535 ι
1592 1512 1618 1536 et
1635 1517 1691 1536 rur-

71 1551 218 1587 ἐσήμανεν,
238 1551 276 1584 ὦς
304 1561 385 1588 φησιν
397 1553 411 1579 6
423 1553 539 1588 Κύριος⁸
559 1564 567 1579 1
589 1555 658 1589 Ἐγὼ
674 1556 721 1583 καὶ
737 1556 751 1581 6
768 1556 864 1592 Πατὴρ

71 1594 100 1621 ἓν
122 1596 205 1630 ἐσμεν
217 1603 225 1611 ο
246 1605 255 1622 ι
275 1597 321 1623 καὶ¹
336 1597 430 1624 πάλιν·
449 1607 459 1623 1
471 1598 573 1630 Πάντα,
590 1600 639 1626 ὅσα
653 1600 709 1636 ἔχει
724 1601 738 1627 6
755 1601 862 1636 Πατὴρ,

72 1640 129 1676 ἐμά
152 1641 236 1668 ἐστιν.
255 1651 265 1667 ι
284 1642 339 1677 Οὐχ
356 1643 448 1670 ἕνεκεν
465 1645 581 1671 κτιστῶν
598 1646 766 1682 πραγμάτων
785 1647 863 1673 τοῦτο

71 1686 123 1722 ἔφη
137 1687 151 1712 ὁ
167 1687 263 1724 Σωτὴρ
275 1688 316 1720 τὸ,
326 1689 418 1715 Πάντα
432 1690 482 1716 ὅσα
495 1690 552 1726 ἔχει
566 1692 580 1717 6
590 1692 695 1727 Πατὴρ,
710 1692 765 1727 ἐμά
778 1693 861 1719 ἔστιν·

70 1732 129 1760 ἀλλ’
147 1733 196 1759 ὅσα
210 1733 293 1768 ἀνῆκε
306 1735 339 1768 τῇ
358 1734 463 1769 θειότητι
479 1735 525 1761 τοῦ
544 1736 658 1771 Πατρὸς,
669 1736 738 1763 αὐτὰ
747 1736 799 1763 ἴδια
810 1736 861 1772 ἔφη

69 1780 85 1805 6
96 1778 211 1814 Κύριος.
229 1777 284 1806 οἷον
309 1780 339 1806 τὸ
357 1780 502 1813 ἀθάνατον,
518 1782 548 1807 τὸ
578 1782 726 1818 ἄφθαρτον,
743 1783 774 1810 τὸ
794 1783 863 1818 ἀχεί-

72 1833 170 1860 ρωτον,
186 1825 216 1851 τὸ
231 1824 376 1860 ἄτρεπτον,
393 1826 422 1852 τὺ
436 1826 637 1862 ἀκατάληπτον,
655 1828 683 1854 τὸ
694 1828 816 1859 δυνατὸν,
832 1828 863 1855 τὺ

70 1871 286 1906 προγνωστικὸν,
308 1873 354 1899 καὶ
377 1873 427 1900 ὅσα
455 1873 529 1900 ἐστὶν
553 1874 566 1900 6
595 1874 690 1909 Πατὴρ
707 1875 775 1909 ἔχων
795 1874 861 1909 (54),

70 1917 159 1943 ταῦτα
174 1917 227 1943 ἴδια
246 1917 293 1944 τοῦ
322 1917 387 1945 Υἱοῦ
414 1918 552 1954 τυγχάνει.
571 1919 689 1954 Ἀγνοείν
699 1920 727 1946 δὲ
745 1920 808 1956 ἔφη,
825 1921 865 1953 ὡς

69 1961 246 1997 προείρηται,
259 1962 392 1996 ἀγγέλους
406 1963 453 1989 καὶ
467 1964 513 1990 τὸν
534 1963 610 1991 Υίόν.

105 2006 152 2033 28.
172 2008 236 2040 Ἀρ.
254 2005 330 2034 εἶπε·
358 2009 404 2044 Μὴ
424 2009 502 2042 ἄλλος
517 2011 592 2037 ἐστὶν
615 2012 629 2037 6
645 2011 724 2043 Υἱός;
750 2011 804 2037 Ἀθ.
824 2008 864 2037 εἷ-

71 2060 122 2078 πεν
134 2060 141 2067 ³
155 2052 218 2084 Υἱὸς
231 2054 279 2088 μὲν
293 2053 417 2089 ἀληθινὸς
436 2055 483 2082 τοῦ
506 2055 573 2082 Θεοῦ
585 2053 625 2088 εἷς
640 2056 768 2091 τυγχάνει
782 2057 796 2082 ὁ
811 2057 863 2083 A6-

71 2105 120 2131 γος
137 2098 185 2124 καὶ
206 2097 282 2130 Θεὸς.
299 2099 376 2126 Ἔστι
391 2100 420 2126 δὲ
436 2101 482 2126 καὶ
499 2100 537 2132 ὡς
560 2101 639 2133 ἄλλος
661 2101 724 2132 Υἱὸς
747 2101 864 2136 υἱοποιη-

72 2142 130 2175 Osi;
162 2143 205 2169 διὰ
229 2143 275 2169 τοῦ
293 2143 357 2170 ναοῦ
382 2145 429 2171 τοῦ
448 2145 573 2180 σώματος
594 2146 677 2172 αὐτοῦ
702 2145 747 2172 τοῦ
762 2146 862 2181 Κυρίου

913 1561 943 1581 su
956 1561 978 1582 ,ε
991 1563 1000 1579 1
1016 1553 1122 1586 Omnia,
1136 1561 1307 1589 qurecunque
1321 1554 1402 1582 habet
1415 1554 1504 1587 Pater,
1519 1562 1578 1582 mea
1592 1559 1666 1582 sunt.
1686 1565 1696 1581 ι

912 1596 971 1626 Fin
987 1602 1097 1633 propter
1114 1605 1161 1626 res
1173 1602 1281 1626 creatas
1294 1598 1331 1625 ait
1349 1597 1486 1630 Salvator,
1498 1598 1607 1631 Omnia,
1624 1607 1699 1634 quae-

911 1651 1021 1679 Ilnque
1044 1644 1126 1672 habet
1147 1642 1242 1677 Pater,
1263 1652 1323 1671 mea
1347 1647 1411 1671 sunt
1432 1653 1438 1672 :
1457 1644 1505 1672 sed
1528 1652 1701 1680 quascunque

913 1690 946 1717 ad
970 1689 1062 1717 Patris
1078 1689 1217 1725 pertinent
1237 1690 1409 1718 divinitatem
1420 1711 1428 1722 ,
1443 1690 1500 1717 haec
1519 1691 1629 1725 propria
1645 1691 1698 1718 sibi

913 1743 974 1763 esse
988 1735 1027 1762 ait
1041 1733 1185 1768 Dominus,
1202 1740 1230 1762 ut
1247 1736 1489 1767 immortalitatem.
1503 1735 1698 1770 incorruptibi-

912 1782 1025 1814 litatem,
1050 1781 1106 1808 vim
1131 1781 1272 1814 invictam,
1299 1781 1560 1814 immutabilitatem,
1591 1781 1697 1808 incom-

913 1827 1183 1862 prehensibilitatem,
1194 1827 1355 1862 potentiam,
1363 1827 1573 1861 praescientiam,
1583 1831 1610 1854 et
1623 1835 1698 1862 qure-

913 1879 1022 1906 cunque
1038 1871 1095 1906 ipse
1112 1871 1192 1899 Pater
1216 1871 1309 1903 habet,
1337 1871 1393 1898 haec
1408 1871 1467 1906 ipsa
1479 1870 1539 1898 Filii
1556 1874 1621 1898 sunt
1635 1879 1700 1906 pro-

913 1918 981 1952 pria.
1014 1917 1142 1952 Ignorare
1164 1925 1228 1944 vero
1245 1917 1292 1949 ait,
1315 1921 1344 1944 ut
1366 1924 1449 1952 supra
1469 1916 1573 1943 dictum
1594 1920 1650 1948 est.
1673 1921 1700 1944 et

913 1963 1024 1998 angelos
1038 1966 1064 1990 et
1083 1962 1191 1989 Filium.

948 2008 993 2035 28.
1014 2008 1059 2034 Ar.
1083 2007 1218 2042 Numquid
1241 2007 1312 2034 alius
1337 2011 1379 2034 est
1401 2006 1504 2034 Filius?
1524 2006 1585 2033 Ath.
1613 2005 1700 2034 Verus

914 2054 1023 2088 quidem
1048 2052 1134 2080 Filius
1154 2051 1200 2079 Dei
1222 2059 1293 2079 unus
1307 2055 1349 2079 est
1371 2050 1489 2078 Verbum
1508 2055 1535 2078 et
1555 2050 1636 2077 Deus.
1651 2049 1701 2076 Est

914 2103 1004 2127 autem
1023 2100 1105 2126 veluti
1131 2099 1202 2126 alius
1230 2098 1315 2125 Filius
1334 2097 1480 2132 adoptatus
1506 2104 1553 2131 per
1568 2095 1699 2130 templum

914 2145 1040 2181 corporis
1056 2145 1143 2180 ipsius
1167 2144 1276 2171 Domini
1299 2144 1386 2171 nostri
1399 2143 1465 2170 Jesu
1481 2142 1596 2173 Christi,
1618 2144 1647 2167 ut
1661 2141 1699 2167 ait

71 2188 153 2223 ἡμῶν
173 2188 259 2225 Ἰησοῦ
275 2190 404 2225 Χριστοῦ,
416 2191 453 2222 ὥς
468 2200 548 2226 φησιν
563 2192 576 2218 6
593 2192 664 2224 Οεῖος
687 2180 861 2224 Ἀπόστολος·

916 2180 1022 2219 divinus
1037 2191 1201 2226 Apostolus:
1217 2200 1226 2216 1
1240 2189 1299 2217 Non
1314 2190 1385 2217 enim
1401 2188 1556 2223 accepimus
1571 2187 1699 2222 spiritum

76 2243 85 2258 1
101 2234 140 2260 Οὺ
153 2234 206 2270 γὰρ
221 2234 354 2270 ἐλάϐομεν
372 2236 480 2271 πνεῦμα
487 2236 608 2269 δουλείας
623 2238 703 2264 πάλιν
718 2239 757 2269 είς
770 2238 862 2272 φόϐον,

73 2279 132 2306 ἀλλ’
160 2280 292 2316 ἐλάὸομεν
324 2281 432 2317 πνεῦμα
455 2282 599 2315 υἱοθεσίας,
623 2283 652 2309 ἐν
673 2280 695 2317 ᾧ
713 2283 861 2319 κράζομεν,

79 2325 175 2359 ’Δ66ἄ,
191 2326 206 2352 6
231 2326 334 2362 Πατήρ.
353 2336 362 2352 ι
382 2327 412 2353 '0
425 2326 453 2352 δὲ
484 2327 601 2362 Χριστὸς
625 2327 773 2363 διαρρήδην
794 2328 862 2363 πρὸς

71 2372 137 2404 τοὺς
169 2372 333 2405 ἀποστόλους
361 2372 430 2408 ἔφη·
452 2382 461 2398 1
478 2373 578 2400 Τεκνία
606 2382 667 2409 μου,
693 2373 732 2399 ἔτι.
765 2373 862 2410 μικρὸν

74 2418 135 2454 μεθ’
160 2418 236 2452 ὑμῶν
251 2419 319 2454 ειμι,
338 2419 384 2446 καὶ
400 2419 550 2455 πορεύομαι
570 2420 637 2455 πρὸς
658 2420 701 2446 τὸν
718 2419 863 2455 πέμψαντά

73 2472 108 2499 με
121 2472 128 2479 ·
145 2473 154 2490 ι
176 2465 222 2490 καὶ
251 2464 318 2500 πρὸς
337 2465 479 2496 Ἰουδαίους
495 2465 522 2491 δέ
538 2473 618 2500 φησιν
645 2467 673 2492 ὲν
694 2465 861 2501 παραϐολαῖς

51 2507 58 2550 3'
71 2509 161 2541 οὕτως
171 2518 178 2524 '
195 2519 204 2535 1
222 2510 381 2546 Ἀνθρωπος
407 2519 449 2542 τις
463 2505 532 2546 ἔχων
545 2511 591 2538 δύο
606 2511 689 2543 υἱοὺς,
706 2510 862 2546 προσελθὼν

52 2556 114 2617 1τῴ
144 2556 329 2592 πρεσϐυτέρῳ,
346 2555 406 2583 εἷπε
420 2564 426 2571 '
451 2557 571 2593 Πορεύου
587 2577 594 2589 ,
621 2557 738 2592 ἐργάζου
755 2558 795 2588 εἰς
815 2557 862 2583 τὸν

73 2601 224 2617 λιι-ρῖιτηυι
240 2611 288 2617 ..λιι
315 2603 344 2617 ’Π
355 2602 381 2617 RL
409 2603 566 2617 ὶ--ΑυΑ-ίλμὶ-
589 2603 639 2617 κη...
652 2611 658 2617 .
675 2603 744 2617 “Ι’.“υ.¹.
769 2603 845 2617 ...ζιηι-

72 2601 226 2637 ἀμπελῶνά
239 2611 300 2638 μου.
315 2603 344 2629 '0
354 2602 393 2634 δὲ,
409 2603 576 2638 ἀποκριθεὶς,
589 2603 640 2638 ἔφη
652 2611 658 2619 ·
675 2603 756 2638 Ἐγὼ,
769 2603 859 2639 κύριε,

54 2624 62 2643 ι

54 2654 63 2679 1

913 2237 1051 2266 servitutis
1064 2238 1162 2265 iterum
1174 2230 1203 2264 in
1217 2237 1325 2267 timore,
1341 2235 1390 2263 sed
1405 2235 1560 2269 accepimus
1572 2233 1699 2268 spiritum

913 2283 1078 2318 adoptionis,
1101 2283 1130 2310 in
1155 2290 1209 2318 quo
1230 2282 1390 2313 clamamus,
1419 2280 1506 2313 Abba,
1533 2279 1612 2306 Pater
1638 2279 1670 2304 ".
1686 2289 1699 2304 ι

913 2330 1040 2357 Christus
1058 2334 1148 2356 autem
1160 2329 1218 2364 ipse
1237 2328 1338 2354 diserte
1352 2326 1385 2354 ad
1404 2326 1541 2362 apostolos
1553 2325 1590 2352 ait
1608 2335 1613 2352 :
1630 2335 1639 2350 1
1653 2324 1700 2352 Fi-

913 2375 969 2402 lioli
986 2375 1051 2407 mei,
1069 2375 1157 2402 adhuc
1175 2374 1312 2402 modicum
1330 2373 1470 2400 vobiscum
1488 2380 1559 2404 sum,
1578 2375 1605 2399 et
1627 2371 1701 2398 vado
1753 2393 1755 2395 .

912 2422 946 2449 ad
965 2429 1027 2449 eum
1041 2423 1086 2456 qui
1101 2421 1175 2448 misit
1190 2428 1233 2448 me
1249 2421 1291 2452 ⁵³;
1308 2429 1316 2446 ι
1337 2423 1363 2447 et
1378 2419 1412 2446 ad
1426 2418 1534 2446 Judaaos
1551 2418 1591 2446 sic
1608 2418 1635 2444 in
1651 2425 1699 2452 pa-

915 2465 1016 2493 rabolis
1027 2469 1067 2493 est
1086 2466 1194 2494 loculus
1212 2474 1218 2492 :
1239 2473 1248 2489 1
1270 2464 1356 2491 llomo
1372 2463 1480 2498 quidam
1498 2463 1616 2490 habebat
1629 2462 1701 2489 duos

915 2510 996 2542 ﬁlios,
1013 2515 1039 2538 et
1054 2510 1187 2538 accedens
1200 2509 1233 2536 ad
1243 2509 1371 2543 majorem
1384 2508 1468 2535 dixit:
1485 2507 1569 2539 Vade,
1584 2514 1700 2542 operare

915 2555 943 2583 in
957 2556 1036 2583 vinea
1053 2564 1122 2584 mea.
1140 2555 1186 2583 ille
1201 2561 1290 2582 autem
1305 2554 1473 2590 respondens
1494 2553 1542 2587 ait,
1561 2552 1627 2588 Ego,
1650 2553 1699 2580 do-

916 2603 1000 2635 mine,
1023 2607 1050 2630 et
1073 2609 1128 2630 non
1150 2601 1228 2628 abiit.
1258 2600 1359 2628 Deinde
1382 2599 1514 2627 accedens
1531 2599 1563 2626 ad
1582 2599 1699 2626 alterum

111 2678 136 2695 ¹⁶
155 2678 239 2706 Marc.
254 2686 320 2711 xm,
338 2679 381 2707 32.
420 2679 442 2695 "
462 2679 528 2708 ibid.
568 2680 591 2695 "
610 2679 689 2708 Rom.
707 2687 770 2713 vul,
789 2679 832 2707 15.
869 2680 893 2696 ⁸³
912 2679 990 2706 .Ioan.
1005 2687 1054 2706 xui
1068 2700 1075 2712 ,
1093 2679 1137 2707 '55.

112 2755 170 2792 (5i)
187 2754 252 2792 βας.
267 2759 293 2783 et
306 2755 400 2792 Basil.,
410 2757 546 2792 γινόμενα.

124 2791 169 2825 b9.)
186 2789 252 2826 Reg.
268 2789 436 2826 σπουδαίους.

124 2791 169 2825 b9.)
186 2791 252 2826 Reg.
268 2791 436 2823 σπουδαίους.
472 2791 476 2792 ⁷
735 2791 737 2793 ⁷

111 2791 171 2863 ἓὸὂ)
190 2827 259 2863 Aug.
274 2824 338 2853 εἶδε.
351 2825 435 2854 Paulo
455 2831 526 2863 post,
536 2827 606 2855 idem
620 2831 681 2862 post
695 2827 799 2864 ἡμέραν
812 2827 861 2855 ad-

913 2757 953 2784 dit
967 2756 1132 2788 Ἀθανάσιος.

912 2827 928 2854 d
949 2791 1004 2852 (δέ)
1023 2792 1060 2819 Ita
1073 2792 1143 2828 Aug.
1170 2792 1198 2818 ln
1214 2792 1294 2820 editis
1308 2798 1373 2820 vero
1397 2794 1423 2818 et
1447 2790 1474 2818 in
1493 2789 1609 2823 cazteris,
1628 2789 1698 2826 ἔχων

931 2834 975 2854 ees
990 2846 997 2854 .
