1929 3056
228 157 282 186 475

795 152 827 180 S.
847 149 1076 178 ATllANASlUS.
1096 164 1130 170 —
1152 146 1285 176 SPURIA.

1791 140 1852 170 476

228 216 297 243 dixit
315 220 320 242 ξ
334 214 419 246 Vade,
435 220 549 249 Operare
563 212 591 240 in
606 210 685 238 vinea
696 217 766 237 mea.
779 209 813 237 At
833 209 878 236 ille
894 215 1008 243 respon-

1062 206 1107 232 καὶ
1122 204 1172 231 οὐκ
1195 203 1325 239 ἀπῆλθεν.
1350 198 1416 229 Εἶτα
1438 200 1593 238 προσελθὼν
1611 199 1649 235 τῷ
1663 199 1829 235 ὲτέρῳ,νέφη
1840 208 1848 216 ·

227 261 268 288 dit
278 259 369 288 :Nolo.
385 259 480 287 Postea
498 263 587 285 autem
603 256 761 293 ptenitentia
773 259 865 282 motus
879 254 984 281 abiit“.
998 263 1007 278 ι

229 307 380 342 lnterrogat
397 313 460 333 vero
477 304 607 331 Dominus
621 311 629 329 :
647 303 710 330 Uter
734 301 829 329 fecerit
847 300 1011 328 voluntatem

229 352 316 387 patris
332 351 388 379 sui?
406 350 615 382 Responderunt
630 348 726 381 Judaai,
739 357 748 372 ι
764 346 903 375 Posterior
911 345 1008 373 ﬁlius.»

228 397 315 424 Porro
332 398 360 424 in
383 396 509 424 confesso
528 399 570 423 est
584 399 698 430 patrem,
713 394 902 421 universorum
926 391 1010 418 Deum

229 451 308 476 esse;
329 443 436 470 vineam
459 449 534 473 vero,
563 441 621 467 vias
638 448 698 468 esse
721 439 841 472 iustitiae,
859 440 884 465 in
911 437 1010 472 quibus

229 489 361 523 majorem
379 488 462 515 ﬁlium
478 488 560 522 jussit
575 487 692 522 operari.
705 486 751 513 Ille
764 489 854 513 autem
869 485 915 520 qui
931 484 1011 519 paulo

229 539 293 570 post
317 539 481 570 praeceptum
498 533 589 560 valere
616 532 709 566 jussit,
724 531 940 565 contempsitque
960 530 1011 556 im-

229 587 380 616 perantem,
401 579 517 614 populus
532 582 573 605 est
586 577 754 608 Iudaeorum,
771 577 818 611 qui
841 576 876 605 ob
896 575 1011 602 inﬁdeli-

229 629 313 654 tatem
327 624 453 651 exclusus
464 627 506 650 est
521 623 554 649 ab
569 622 722 657 adoptione.
740 622 835 650 Junior
846 629 909 649 vero
927 621 1010 657 patris

230 671 312 702 ﬁlius,
325 669 445 705 gentium
460 672 502 695 est
515 668 641 703 populus.
657 668 702 702 qui
715 667 866 695 vocationis
877 667 1011 702 principio

229 723 292 743 cum
309 723 364 750 prae
381 714 541 741 inﬁdelitate
558 714 668 740 obedire
689 717 853 744 recusasset.
871 713 1011 741 detentus-

229 769 283 796 que
312 760 409 788 l‘uisset
439 760 619 790 idololatria.
649 759 822 794 postmodum
853 759 1010 793 ptenitentia

229 806 329 833 ductus
345 809 371 832 et
389 805 514 836 credens,
538 805 624 839 patris
647 804 761 839 imperio
786 808 828 832 est
853 805 1007 836 obsecutus.

229 851 288 885 Qua
303 851 412 885 quidem
437 850 591 878 obedientia
609 850 711 877 amicus
726 854 752 876 et
769 850 866 882 haeres,
881 854 1008 884 tanquam

227 895 318 924 Patris-
346 896 439 927 ﬁlius,
464 895 532 922 eﬁici
563 895 677 927 meruit,
703 894 832 929 omnique
854 895 955 922 honore
983 899 1010 922 et

227 941 316 976 gratia
344 948 358 967 a
378 939 458 967 Patre
481 943 595 966 ornatus
616 944 668 970 est,
689 943 785 974 praeter
808 938 861 966 diei
874 943 901 966 et
924 939 1008 970 horia,

227 987 304 1014 illius
329 985 572 1014 consummationis
585 985 721 1017 videlicet,
745 985 936 1020 cognitionem.
956 983 1008 1011 Sed

227 1033 307 1068 signa
323 1031 494 1060 solummodo
512 1031 635 1066 accepit,
654 1038 699 1063 ne,
727 1031 749 1058 si
771 1030 909 1065 ignoraret
926 1038 1010 1066 prope

227 1079 325 1107 adesse
350 1079 443 1112 ﬁnem,
461 1079 628 1114 imparatum
644 1077 703 1105 dies
722 1077 768 1104 illa
791 1080 902 1112 repente
925 1077 1007 1104 ollen-

227 1125 312 1152 deret.

261 1244 308 1272 29.
320 1245 368 1272 Ar.
387 1243 514 1279 Agnosco
531 1247 605 1271 recte
617 1243 690 1270 dicta
707 1250 766 1270 esse
785 1249 846 1277 quae
860 1241 893 1270 de
906 1242 950 1270 die
963 1242 1009 1269 illo

227 1290 387 1325 exposuisti.
407 1289 459 1317 Sed
476 1297 546 1324 nego
563 1293 636 1317 recte
650 1289 702 1316 dici
717 1297 798 1324 posse
814 1288 911 1315 Filium
934 1288 1009 1315 Patri

227 1335 377 1364 secundum
391 1335 573 1363 substantiam
589 1336 697 1362 unitum
716 1342 788 1362 esse.
801 1334 863 1362 Ath.
882 1334 1009 1367 Quando-

226 1382 337 1416 quidem
356 1381 403 1408 tibi
420 1389 473 1408 non
488 1381 630 1408 minimum
645 1385 687 1408 est
707 1381 826 1408 studium
837 1381 1009 1415 vituperandi

227 1433 288 1460 quae
304 1429 377 1453 recta
403 1430 483 1458 sunt,
502 1433 617 1460 qumque
637 1429 710 1453 recte
726 1433 787 1453 esse
812 1425 1007 1460 pii'fatcntur,

226 1472 362 1507 responde
387 1472 464 1504 mihi,
481 1472 545 1507 quid
575 1471 683 1499 tandem
711 1472 747 1499 sit
772 1471 941 1499 substantia?
959 1471 1006 1498 Ar.

226 1517 364 1552 Quidquid
377 1522 417 1545 est
434 1518 461 1544 in
473 1517 624 1552 hypostasi,
644 1518 695 1544 hoc
712 1517 862 1544 substantia
879 1521 930 1544 est.
945 1511 1010 1544 Ath.

225 1563 322 1592 Recte.
336 1562 436 1591 Verum
450 1571 513 1590 cum
522 1571 595 1590 nunc
605 1563 686 1590 nobis
699 1570 788 1590 sermo
800 1563 834 1590 de
843 1562 896 1590 Deo
907 1563 953 1594 sit,
965 1562 1009 1589 dic
1024 1554 1046 1585 C

225 1609 293 1636 mihi
309 1609 441 1644 quidnam
463 1609 498 1637 sit
525 1609 572 1636 Dei
595 1609 749 1637 substantia
767 1617 773 1634 :
789 1616 825 1636 ne
843 1608 913 1636 forte
933 1608 1007 1636 arbi-

225 1659 333 1682 trentur
348 1656 437 1683 idiota:
461 1663 511 1682 nos
525 1655 559 1682 de
572 1656 696 1690 pecuniis
719 1655 802 1690 loqui.
817 1655 865 1682 Ar.
883 1655 929 1682 Dei
943 1655 1009 1683 sub-

226 1702 327 1728 stantia
351 1705 393 1728 est
415 1709 422 1726 :
436 1701 458 1728 si
473 1701 539 1735 quid
556 1704 597 1728 est
613 1700 695 1732 Deus,
714 1701 765 1728 hoc
787 1701 940 1728 substantia
956 1704 1008 1728 est.

225 1746 286 1773 ΑιΙι.
305 1745 388 1773 Recte
406 1751 435 1773 tu
452 1746 562 1781 quidem
579 1753 585 1770 :
604 1746 659 1780 jam
675 1746 796 1774 vicissim
812 1746 886 1773 audi.
901 1747 950 1773 Ar.
963 1746 1011 1774 Dic

225 1793 300 1827 quod
324 1793 407 1820 lubet.
423 1793 484 1819 Ath.
506 1792 582 1819 Nosti
597 1791 681 1819 Deum
698 1799 758 1820 sese
770 1791 803 1818 ad
824 1797 944 1819 nostram
960 1792 1011 1819 im-

227 1839 402 1866 becillitatem
431 1846 480 1873 per
511 1838 666 1873 Scripturas
700 1838 831 1865 divinitus
864 1838 1011 1872 inspiratas

226 1884 345 1919 benigne
369 1885 586 1916 accommodare,
604 1891 729 1920 saepeque
756 1883 791 1910 ad
818 1891 868 1910 nos
891 1883 1010 1910 humano

226 1939 303 1958 more
320 1931 404 1965 loqui,
428 1937 456 1958 ut
477 1931 581 1959 scilicet
593 1931 711 1958 humana
730 1934 829 1957 natura
842 1937 874 1957 ex
899 1930 941 1957 his
951 1937 1011 1965 quae

225 1977 380 2005 consimilia
395 1978 478 2006 rebus
495 1978 549 2005 illis
565 1977 705 2009 dicuntur,
720 1977 748 2004 in
759 1977 859 2012 quibus
869 1984 1011 2004 versamur

226 2027 254 2051 et
276 2031 344 2059 quas
367 2024 503 2056 novimus,
526 2024 648 2051 cmlestia
663 2023 755 2051 divina
777 2023 905 2060 mysteria
918 2028 1011 2057 posset

225 2070 387 2105 intelligere.
409 2070 456 2097 Ar.
475 2069 513 2097 lta
537 2075 590 2098 est.
616 2070 680 2096 ΑιΙι.
701 2069 768 2097 Cum
787 2077 852 2104 ergo
873 2068 944 2096 Deus
962 2077 1011 2104 per

224 2116 385 2152 prophetam
413 2115 469 2144 haec
497 2116 531 2143 ad
557 2117 696 2152 proprium
717 2115 813 2143 Filium
838 2115 914 2148 dicit,
942 2125 952 2141 ι
972 2115 1010 2142 Ex

225 2167 305 2191 utero
323 2167 386 2190 ante
401 2162 543 2190 luciferum
560 2162 640 2197 genui
657 2166 683 2189 te
693 2162 727 2195 ⁸⁸,
747 2171 756 2187 ι
774 2161 833 2188 Filii
850 2169 882 2189 ex
897 2167 1010 2195 paterna

1061 249 1191 284 Πορεύου,
1207 247 1323 283 ἐργάζου
1335 247 1374 278 εἰς
1396 246 1441 273 τὸν
1460 245 1608 282 ἀμπελῶνά
1622 253 1683 280 μου.
1708 244 1738 271 '0
1748 244 1778 270 δέ
1794 253 1852 281 φη-

1061 302 1114 320 σιν’
1125 292 1162 319 Οὐ
1177 292 1255 318 θέλω.
1270 291 1403 326 ’Υστερον
1418 290 1446 317 δὲ
1476 289 1671 325 μεταμεληθεὶς
1685 288 1818 324 ἀπῆλθεν.
1837 298 1847 313 ι

1067 338 1172 373 Ἐρωτᾷ
1203 337 1231 363 δὲ
1257 337 1272 363 ὁ
1288 336 1389 372 Κύριος
1401 344 1407 351 ·
1425 335 1474 366 Τίς
1493 335 1618 369 ἐποίησεν
1631 334 1661 360 τὸ
1675 333 1782 368 θέλημα
1797 331 1850 358 τοῦ

1060 383 1163 418 πατρὸς
1179 381 1280 414 αὑτοῠ;
1308 381 1500 417 ἀποκριθέντες
1520 380 1549 407 δὲ
1565 381 1589 406 οἱ
1614 379 1732 406 Ἰουδαῖοί
1744 386 1848 413 φασιν·

1063 437 1073 453 ι
1094 429 1123 454 '0
1136 427 1248 463 ἔσχατος
1258 427 1322 458 υἱός.
1340 436 1349 452 ι
1359 425 1594 461 ὐμολογουμένως
1610 424 1649 456 δὲ,
1664 425 1678 450 ὁ
1691 424 1739 459 μὲν
1752 424 1850 458 πατὴρ

1060 476 1074 501 ὁ
1085 474 1138 500 τῶν
1149 474 1218 500 ὅλων
1238 473 1304 504 Θεὸς
1329 472 1468 507 τυγχάνει,
1482 471 1496 497 ὁ
1509 471 1537 497 δὲ
1561 470 1690 506 ἀμπελὼν
1709 470 1737 495 al.
1755 469 1850 504 τρίϐοι

1060 521 1109 555 τῆς
1126 519 1307 554 δικαιοσύνης,
1323 520 1352 545 ὲν
1366 515 1408 549 αἷς
1425 517 1587 554 προσέταττε
1599 516 1643 542 τὸν
1659 515 1850 552 πρεσϐύτερον
1891 537 1893 540 .

1060 564 1116 591 υἱὸν
1147 564 1320 599 ἐργάζεσθαι.
1348 563 1376 590 '0
1397 563 1426 589 δὲ
1447 562 1535 598 μικρῷ
1552 561 1607 597 (55)
1630 561 1668 597 τῷ
1679 561 1850 596 διαστήματι

1059 610 1164 646 χαίρειν
1191 610 1296 645 φράσας
1327 609 1367 644 τῷ
1385 608 1555 643 ,κελεύσματι
1580 607 1765 643 κατεφρόνησε
1798 606 1850 633 τοῦ

1061 655 1274 691 προστάξαντος·
1289 651 1365 686 οὗτος
1377 654 1405 680 δὲ
1417 655 1431 681 ὁ
1444 654 1498 680 τῶν
1519 653 1651 680 Ἰουδαίων
1666 653 1728 685 λαὺς
1745 652 1850 688 τυγχά-

1060 709 1109 734 νει,
1120 701 1134 727 ὁ
1143 701 1186 727 διὰ
1195 701 1244 736 τὴν
1254 700 1381 727 ἀπιστίαν
1398 699 1548 735 ἀπόϐλητος
1563 699 1679 734 γεγονὼς
1691 699 1741 733 τῆς
1756 698 1849 725 υἱοθε-

1061 746 1129 778 σίας.
1150 746 1178 773 Ὁ
1201 747 1230 773 δὲ
1253 745 1384 781 νεώτερος
1410 746 1468 777 υἱὸς
1485 745 1531 772 τοῦ
1550 745 1668 780 πατρὸς,
1683 746 1697 771 ὁ
1713 745 1741 777 ἐξ
1759 745 1849 771 ὲθνῶν

1059 792 1133 825 λαὸς,
1144 793 1158 818 ὁ
1170 792 1245 827 παρὰ
1256 791 1306 827 τὴν
1317 791 1403 827 ἀρχὴν
1415 790 1470 826 (56)
1483 790 1532 826 τῆς
1546 791 1666 826 κλήσεως
1682 790 1850 826 παρακούων

1060 839 1093 873 τῇ
1108 837 1231 873 ἀπιστίᾳ,
1251 838 1284 872 τῇ
1300 837 1506 873 είδωλολατρείᾳ
1527 836 1719 872 κρατούμενος,
1734 836 1849 872 ὕστερον

1024 880 1047 909 Β
1060 882 1088 908 δὲ
1101 881 1297 917 μεταμεληθεὶς
1312 881 1359 907 καὶ
1371 880 1527 912 πιστεύσας,
1542 881 1659 915 ὑπήκοος
1669 880 1849 915 προστάγμα-

1061 937 1106 960 τος
1131 927 1267 964 πατρικοῦ
1291 926 1444 962 ἀνεδείχθη.
1468 927 1514 953 Ἐκ
1532 926 1560 953 δὲ
1574 927 1623 961 τῆς
1638 926 1758 961 ὑπακοῆς
1771 926 1848 960 φίλος

1061 975 1108 1001 καὶ
1116 975 1291 1010 κληρονόμος,
1303 974 1340 1006 ὡς
1357 973 1415 1005 υἱὸς
1423 973 1539 1009 Πατρος,
1547 973 1665 1008 ἀνεφάνη
1680 972 1746 1008 (57),
1755 972 1848 1007 πάσης

1061 1019 1143 1054 τιμῆς
1160 1019 1207 1046 καὶ
1222 1019 1332 1054 χάριτος
1350 1018 1500 1054 ἠξιωμένος
1520 1018 1588 1054 πρὸς
1602 1018 1649 1044 τοῦ
1663 1017 1726 1044 ἰδίου
1740 1018 1848 1053 Πατρὸς

1061 1066 1124 1092 ἄνευ
1144 1065 1194 1100 τῆς
1216 1065 1321 1100 ἡμέρας
1345 1065 1392 1092 καὶ
1419 1065 1493 1101 ὥρας
1512 1064 1629 1099 ἐκείνης,
1653 1064 1724 1098 λέγω
1739 1064 1771 1098 δὴ
1795 1063 1847 1098 τῆς

1062 1111 1224 1144 συντελείας,
1239 1111 1256 1146 ἢ
1275 1111 1354 1146 μόνον
1379 1112 1479 1147 σημεῖα
1497 1110 1596 1143 λαϐὼν,
1612 1111 1655 1137 ἵνα
1676 1110 1712 1145 μὴ
1729 1109 1845 1144 ἀγνοῶν,

1061 1157 1101 1183 ὅτι
1115 1156 1197 1191 ἐγγύς
1218 1157 1277 1183 ἐστι
1296 1157 1326 1183 τὺ
1341 1156 1426 1189 τέλος,
1450 1156 1518 1192 πρὸς
1547 1156 1578 1182 τὺ
1599 1157 1636 1191 μὴ
1652 1155 1846 1191 ἀπαρασκευα-

1063 1209 1124 1228 στον
1142 1201 1196 1236 (58)
1208 1201 1283 1235 ὄντα,
1294 1201 1434 1236 αἰφνιδίως
1444 1201 1583 1236 καταλάϐῃ
1600 1202 1616 1236 ἡ
1633 1201 1732 1236 ἡμέρα.

1096 1246 1140 1273 29.
1155 1247 1219 1280 Ἀρ.
1229 1244 1306 1274 εἶπεν
1314 1255 1322 1262 ·
1342 1246 1478 1282 Ὁμολογῶ
1490 1246 1577 1282 ὀρθῶς
1589 1247 1713 1282 εἰρῆσθαι
1726 1246 1805 1273 τοῦτο
1813 1247 1845 1272 τὸ

1062 1293 1126 1329 περὶ
1142 1293 1191 1328 τῆς
1208 1293 1328 1329 ἡμέρας
1344 1293 1375 1320 τὸ
1399 1293 1426 1320 δὲ
1440 1294 1472 1328 τῇ
1491 1293 1570 1328 οὐσίᾳ
1586 1293 1704 1328 ἡνῶσθαι
1719 1293 1764 1319 τὸν
1781 1293 1846 1320 Υἱδν

1062 1338 1100 1374 τῷ
1115 1339 1200 1374 Πατρὶ
1216 1338 1357 1374 οὐκόρθῶς
1370 1338 1441 1373 ἔχειν
1453 1338 1531 1373 φημί.
1551 1338 1579 1364 Ἀ
1586 1339 1610 1365 θ.
1628 1336 1716 1364 εἶπεν·
1736 1338 1844 1373 Ἐπειδὴ

1064 1385 1163 1420 σπουδὴ
1187 1385 1315 1420 πρόσεστι
1327 1394 1368 1412 σοι
1384 1385 1415 1411 οὑ
1443 1384 1540 1420 μικρὰ,
1558 1384 1652 1419 ψέγειν
1667 1384 1701 1410 τά
1713 1384 1781 1410 καλὰ
1797 1385 1844 1411 καὶ

1061 1430 1150 1462 καλῶς
1175 1431 1377 1466 ὁμολογούμενα
1393 1430 1459 1466 πρὸς
1473 1431 1527 1457 τῶν
1541 1430 1669 1462 εὐσεϐῶν,
1684 1429 1843 1463 ἀπόδος(59)

1063 1476 1152 1510 λόγον,
1161 1476 1187 1501 τί
1202 1484 1266 1502 ποτε
1288 1476 1342 1511 ἄρα
1365 1476 1437 1502 ἐστὶν
1453 1477 1470 1510 ὴ
1485 1476 1580 1508 obuia;
1601 1476 1660 1509 Ἀρ.
1676 1472 1752 1501 εἶπεν
1762 1483 1769 1489 ·
1786 1475 1843 1501 Πᾶν

1061 1521 1089 1547 el.’
1101 1521 1127 1547 τί
1145 1521 1217 1547 ἐστιν
1232 1522 1260 1547 ὲν
1271 1521 1428 1552 ὑποστάσει,
1444 1520 1522 1547 τοῦτο
1538 1520 1616 1547 οὐσία
1631 1520 1769 1555 τυγχάνει.
1781 1521 1841 1547 Ἀθ.

1062 1564 1138 1593 εἶπεν
1148 1575 1155 1582 ·
1177 1566 1279 1602 Ὀρθῶς
1292 1566 1369 1601 έεης.
1393 1567 1468 1593 Ἐπεὶ
1481 1566 1509 1593 δὲ
1526 1567 1607 1602 ἡμεῖς
1619 1566 1665 1592 ὲπὶ
1676 1565 1723 1592 τοῦ
1741 1565 1842 1601 παρόν-

1060 1621 1104 1644 τος
1115 1613 1178 1649 περὶ
1190 1613 1256 1639 Θεοῦ
1266 1613 1343 1647 λόγον
1353 1612 1460 1648 ἔχομεν,
1471 1613 1530 1639 είπέ
1546 1621 1588 1647 μοι
1600 1613 1616 1647 ἡ
1630 1612 1676 1638 τοῦ
1688 1612 1752 1638 Θεοῦ
1765 1611 1842 1638 οὐσία

1060 1658 1085 1685 τί
1101 1659 1168 1692 ἐστι,
1198 1660 1299 1694 μήποτε
1319 1659 1489 1694 νομισθῶμεν
1508 1658 1576 1694 πρὸς
1599 1658 1653 1684 τῶν
1670 1657 1790 1689 ἰδιωτῶν,
1802 1657 1843 1684 ὅτι

1061 1704 1130 1739 τάχα
1157 1705 1220 1739 περὶ
1233 1704 1381 1739 χρημάτων
1395 1704 1519 1739 λέγομεν.
1539 1704 1603 1738 Ἀρ.
1624 1701 1717 1730 εἶπεν·
1742 1704 1774 1730 Ἡ
1795 1703 1841 1730 τοῦ

1061 1749 1128 1776 Θεοῦ
1138 1750 1216 1776 οὐσία
1230 1751 1314 1781 ἐστὶν,
1330 1750 1356 1776 εἴ
1366 1749 1391 1777 τί
1403 1751 1475 1776 ἐστιν
1488 1751 1501 1776 ὁ
1513 1749 1588 1782 Θεὸς,
1601 1749 1678 1775 τοῦτο
1688 1749 1765 1775 οὐσία
1777 1757 1841 1782 τυγ-

1062 1795 1148 1831 χάνει,
1162 1795 1217 1824 Ἀθ.
1233 1794 1308 1822 εἶπε·
1332 1796 1429 1828 Καλῶς
1451 1796 1519 1831 ἔφης
1532 1804 1539 1811 ’
1554 1795 1645 1822 λοιπὸν
1658 1795 1749 1822 ἄκουε.
1778 1796 1840 1828 Ἀρ.

1061 1841 1121 1869 εἶπε
1130 1851 1136 1857 ·
1152 1843 1221 1876 Λέγε
1232 1842 1246 1868 ὃ
1260 1842 1356 1877 βούλει,
1367 1842 1428 1870 Ἀθ.
1442 1840 1518 1869 εἶπεν
1531 1850 1538 1857 ’
1552 1839 1648 1874 Οἶσθα,
1662 1842 1712 1873 ὅτι,
1738 1850 1841 1876 σχημα-

1060 1888 1201 1923 τιζόμενος
1224 1889 1270 1915 καὶ
1291 1889 1514 1923 συγκαταϐαίνων
1529 1890 1561 1923 τῇ
1581 1887 1701 1924 ἡμετέρᾳ
1718 1888 1844 1923 ἀσθενείᾳ.

1060 1934 1103 1961 διὰ
1116 1935 1169 1961 τῶν
1186 1934 1370 1961 θεοπνεύστων
1393 1934 1509 1970 Γραφῶν
1524 1935 1538 1960 ὁ
1548 1934 1624 1967 Θεὸς,
1638 1934 1842 1969 ἀνθρωπινώτε-

1063 1989 1108 2015 ρον
1115 1980 1203 2015 ὸμιλεῖ
1212 1980 1340 2012 πολλάκις
1354 1980 1421 2016 πρὸς
1429 1981 1513 2016 ἡμᾶς,
1524 1980 1591 2016 πρὸς
1599 1980 1628 2006 τὸ
1636 1980 1764 2007 δύνασθαι
1772 1981 1843 2006 νοεῖν

1060 2025 1110 2062 τὴν
1122 2026 1293 2062 ἀνθρωπίνην
1309 2026 1388 2060 φύσιν
1403 2027 1434 2052 ἐκ
1445 2026 1499 2052 τῶν
1522 2025 1719 2061 παραπλησίως
1731 2026 1842 2061 εἰρημέ-

1060 2081 1123 2106 νων,
1143 2073 1172 2100 tv
1184 2071 1223 2104 οἷς
1234 2073 1313 2108 ἡμεῖς
1323 2072 1469 2108 ὲνεχόμεθα
1480 2072 1526 2098 καὶ
1540 2072 1633 2107 ἴσμεν,
1648 2072 1682 2098 τὰ
1697 2072 1847 2107 ἐπουράνια,

1062 2118 1121 2145 θεῖα
1139 2119 1284 2154 μυστήρια.
1299 2119 1358 2152 Ἀρ.
1376 2117 1468 2144 εἶπεν·
1483 2117 1575 2149 Οὕτως
1588 2118 1654 2152 ἔχει.
1675 2118 1736 2144 Ἀθ.
1750 2115 1840 2143 εἶπεν·

1062 2163 1166 2190 Οὐκοῦν
1188 2164 1202 2190 ὁ
1228 2163 1304 2195 Θεὸς,
1317 2162 1403 2196 λέγων
1426 2162 1494 2198 πρὸς
1512 2162 1557 2188 τὸν
1570 2161 1635 2188 ἴδιον
1651 2160 1715 2187 Υίδν
1731 2160 1774 2187 διὰ
1795 2159 1841 2186 τοῦ

227 2209 381 2237 substantia
396 2209 597 2244 generationem
611 2208 756 2244 signiﬁcat.
774 2209 822 2235 Ar.
838 2207 908 2235 Num
928 2208 1008 2243 igitur

1063 2209 1211 2243 προφήτου⁸
1223 2217 1232 2233 ι
1249 2208 1296 2234 Ἐκ
1306 2207 1423 2242 γαστρὸς
1434 2207 1486 2242 πρὸ
1497 2207 1633 2242 ἑωσφόρου
1646 2206 1777 2241 ὲγέννησά
1784 2214 1839 2235 σε.»

226 2255 335 2279 uterum
360 2252 441 2280 habet
463 2252 551 2280 Deus?
567 2252 629 2279 ΑιΙι.
644 2252 704 2279 Jam
722 2253 799 2288 172
821 2257 846 2280 te
861 2253 1009 2288 praemonui

226 2305 298 2332 saepe
312 2297 348 2325 ob
361 2301 482 2325 nostram
496 2297 707 2325 imbecillitatem
720 2298 804 2325 Deum
817 2298 919 2325 homini
935 2298 1010 2326 simi-

226 2347 279 2371 lem
295 2351 311 2370 a
335 2344 436 2371 divinis
460 2344 607 2379 Scripturis
632 2345 746 2372 induci:
763 2352 817 2371 non
842 2344 914 2379 quod
937 2343 1008 2372 Deus

226 2391 289 2417 talis
304 2389 349 2419 sit,
366 2390 414 2417 sed
432 2394 462 2416 ut
485 2398 536 2417 nos
555 2390 745 2426 corporalibus
765 2391 896 2425 exemplis
916 2390 1007 2423 divina

226 2436 270 2470 pie
283 2436 476 2472 intelligamus.
503 2436 610 2463 Nullam
636 2437 719 2471 igitur
740 2437 820 2464 aliam
845 2438 880 2464 ob
895 2444 1005 2464 causam

225 2485 333 2509 uterum
353 2482 479 2517 appellat,
509 2490 590 2517 quam
605 2487 634 2510 ut
656 2482 776 2510 declaret
802 2483 890 2518 ipsum
908 2482 1005 2510 Filium

225 2536 257 2555 ex
272 2527 360 2555 Patris
388 2529 541 2556 substantia
564 2537 626 2556 esse
648 2530 779 2564 genitum.
798 2530 936 2565 Alioquin,
952 2530 1005 2557 nisi

227 2581 270 2601 res
287 2574 324 2600 ita
338 2581 368 2602 se
378 2575 486 2608 habeat,
503 2576 547 2603 dic
562 2576 618 2611 ipse
633 2577 769 2610 quomodo
782 2577 863 2604 verba
874 2577 917 2603 illa
929 2577 1005 2604 intel-

263 2675 285 2691 "'
304 2675 398 2703 Matth.
414 2685 477 2710 χιιι,
493 2677 588 2706 28-51.
627 2679 648 2695 ⁵⁵
668 2678 739 2706 Psal.
756 2687 814 2712 cxx,
832 2680 856 2706 5.

260 2755 317 2790 (55)
336 2755 428 2791 Aug.6
439 2756 466 2783 δὲ
481 2757 586 2793 μικρός.
605 2757 670 2794 Reg.
683 2759 697 2785 ὁ
709 2758 736 2784 δὲ
755 2758 854 2794 μικρῷ.

262 2802 323 2840 (56)»
340 2803 437 2840 Διιεκὸ
453 2804 516 2840 περὶ
529 2804 578 2839 τὴν
591 2805 685 2840 ἀρχήν.
709 2805 780 2832 Editi
795 2813 858 2832 vero
871 2809 895 2832 et
906 2805 1004 2837 cancri,

224 2839 238 2864 ὁ
256 2838 330 2870 παρὰ
345 2837 391 2872 τὴν
406 2837 501 2873 ἀρχὴν.

261 2883 316 2919 (57)
337 2883 437 2919 Anglic.
452 2884 546 2920 ἐφάνη.

1065 2254 1191 2290 σημαίνει
1212 2253 1261 2288 τὴν
1276 2254 1307 2280 ὲκ
1327 2253 1378 2288 τῆς
1393 2252 1528 2288 πατρικῆς
1550 2252 1641 2283 οὐσίας
1657 2251 1781 2286 γέννησιν
1795 2252 1840 2278 τοῦ

1063 2299 1202 2332 Υἱοῦ,⁹¹Αρ.
1220 2297 1279 2325 εἷπε
1290 2307 1296 2313 ·
1312 2299 1436 2334 Γαστέρα
1450 2296 1495 2324 οὖν
1504 2298 1558 2333 ἔχει
1570 2299 1584 2324 ὁ
1595 2296 1660 2329 Θεός
1671 2306 1678 2330 ;
1693 2298 1752 2325 Ἀθ.
1764 2296 1823 2324 εἶπε
1833 2306 1840 2312 ·

1064 2345 1209 2380 Προλαὸὼν
1223 2343 1299 2371 εἷπον
1316 2346 1384 2379 πρὸς
1396 2345 1436 2375 σὲ,
1451 2346 1492 2371 ὅτι
1503 2344 1546 2371 διὰ
1557 2345 1605 2379 τὴν
1617 2344 1752 2379 ἡμετέραν
1764 2344 1842 2370 ἀσθέ-

1060 2400 1133 2418 νειαν
1150 2391 1278 2422 πολλάκις
1297 2391 1343 2417 καὶ
1359 2391 1591 2426 ἀνθρωπόσχημον
1604 2390 1634 2417 τὸ
1644 2390 1720 2416 Θεῖον
1731 2391 1758 2416 αί
1773 2390 1841 2416 θεῖαι

1060 2439 1080 2464 Γ
1083 2439 1168 2474 ραφαὶ
1178 2438 1406 2472 καταγγέλλουσιν
1415 2446 1421 2452 ·
1431 2438 1478 2472 οὐχ
1486 2437 1527 2463 ὃτι
1535 2438 1549 2463 ὁ
1556 2436 1619 2468 Θεὸς
1627 2436 1744 2468 τοιοῦτός
1758 2437 1840 2468 ἐστιν,

1060 2485 1117 2511 ἀλλ’
1134 2485 1177 2511 ἵνα
1187 2486 1266 2520 ἡμεῖς
1279 2485 1311 2511 ἐκ
1324 2483 1378 2510 τῶν
1391 2483 1551 2518 σωματικῶν
1567 2483 1794 2518 παραδειγμάτων
1808 2483 1841 2508 τὰ

1060 2531 1118 2557 θεῖα
1145 2531 1263 2562 εὐσεϐῶς
1282 2531 1394 2566 νοῶμεν.
1419 2531 1457 2556 Δι’
1468 2530 1542 2556 οὐδὲν
1555 2527 1601 2556 οὖν
1614 2529 1705 2564 ἕτερον
1721 2530 1839 2564 γαστέρα

1058 2577 1197 2612 ὀνομάζει,
1211 2577 1226 2612 ἢ
1243 2577 1286 2603 ἵνα
1298 2578 1459 2614 παραστήσῃ
1474 2576 1553 2603 αὐτὸν
1563 2576 1607 2604 τὸν
1624 2576 1686 2602 Υἰὺν
1694 2576 1726 2602 ἐκ
1739 2575 1838 2610 τῆςτοῦ

1096 2759 1149 2793 (58)
1171 2757 1269 2793 Regius
1282 2760 1309 2784 et
1321 2756 1404 2784 Basil.
1417 2755 1660 2783 ἀκατασκεύαστον.

1097 2805 1151 2839 (59)
1182 2805 1226 2832 Sic
1249 2803 1561 2839 omnesimanuscripti,
1587 2806 1699 2839 excepto
1723 2799 1835 2834 August.

1061 2837 1147 2895 quiem
1165 2841 1250 2867 secuti
1265 2843 1327 2866 sunt
1350 2838 1516 2865 Parisicnscs
1529 2857 1535 2865 .
1551 2837 1683 2869 habetque
1710 2843 1753 2869 μοι
1778 2840 1836 2870 post

1061 2884 1098 2895 αττ
1108 2883 1165 2895 λῆηιν

1060 2883 1166 2906 αποοος.
