1929 3056
143 112 198 141 4τῖ

703 117 912 147 DISPUTATIO
925 119 1063 150 CONTRA
1082 119 1203 148 ARIUM.

1707 122 1762 166 47s

144 176 254 212 Πατρδς
267 176 360 207 οὐσίας
374 176 561 212 γεγεννῆσθαι.
586 177 663 204 Ἐπεὶ
682 177 706 204 εί
724 179 761 214 μὴ
773 178 851 206 τοῦτό
862 180 929 212 ἐστι¹

985 180 1060 215 ligas.
1086 180 1135 208 Ar.
1151 180 1295 217 Scriptura
1308 188 1343 209 ex
1357 187 1474 217 persona
1491 179 1581 208 Patris
1598 181 1645 213 ait,
1663 191 1672 207 ι
1691 181 1763 209 Eru-

126 215 129 217 6
143 222 207 257 λέγε
222 223 266 255 σὺ,
280 222 338 253 πῶς
352 222 453 256 ὀφείλει
468 223 594 258 νοηθῆναι
607 223 637 250 τὸ
648 223 738 259 ῥητόν.
759 225 821 258 Ἀρ.
838 223 913 251 εἶπεν
922 233 929 240 ’

126 262 134 317 ἐ
149 269 183 295 Ἦ
200 267 296 303 Γραφὴ
309 267 382 302 λέγει
404 268 436 294 ὲκ
449 267 594 303 προσώπου
615 268 662 295 τοῦ
678 269 800 317 Πατρός
818 279 827 294 ι
854 270 931 305 Ἐξη-

129 313 261 351 ἐρεύξαιιο
285 315 301 349 ἡ
325 314 423 349 καρδία
449 323 500 349 μου
523 314 607 348 Λόγον
629 315 737 349 ἀγαθόν.
757 325 766 341 ι
786 313 857 351 ’Ἃρα
873 314 930 347 οὖν,

145 361 232 395 Λόγον
257 359 421 395 ὲξηρεύξατό
448 368 513 394 φησι
529 359 574 386 τὸν
590 360 654 386 Υἱόν
669 360 741 395 (60);
759 361 818 391 Ἀθ.
835 359 910 387 εἶπεν
922 370 929 376 ·

125 402 129 416 ί
150 406 184 432 Ἦ
200 406 296 441 Γραφὴ
326 404 417 436 καλῶς
442 404 493 439 ἔφη
509 405 557 431 σὺν
585 406 641 436 τοῖς
665 405 754 436 ἄλλοις
770 405 854 432 ἅπασι
885 407 932 435 καὶ

144 450 240 477 τοῦτο·
267 451 299 477 σὺ
324 450 361 481 δὲ,
385 449 474 476 λαϐὼν
494 450 524 476 τὺ
540 450 630 485 ῥητὸν,
649 450 807 486 διέστρεψας
829 452 930 484 κακῶς.

147 498 212 531 Ἀρ.
229 495 288 524 εἷπε
301 505 307 512 ·
324 497 429 532 Φράσον
446 497 510 532 ἡμῖν
523 497 554 523 σὺ
563 497 611 532 τὴν
627 497 754 533 ἀλήθειαν
770 498 816 525 τοῦ
831 498 912 534 ῥητοῦ
923 507 929 514 ·

143 541 241 577 ἐπειδὴ
257 542 312 576 ἐγὼ
329 542 394 569 αὐτὸ
406 541 549 577 διέστρεψα
564 542 633 568 κατὰ
647 543 687 569 σέ.

181 590 225 618 50.
237 590 292 617 Ἆθ.
308 587 382 616 εἶπεν
391 599 398 604 -
417 590 446 616 '0
456 590 522 621 Θεὸς
536 590 644 625 πνεῦμά
662 590 733 616 ἐστιν
747 589 850 621 ἀπαθὲς
863 589 930 625 (61),

145 636 191 662 οιαὶ
208 635 224 670 ἥ
238 635 283 667 οῦς
295 636 358 669 Ἀρ.
381 633 441 662 εἶπε
454 644 461 650 ·
485 636 552 668 Ναὶ,
567 635 653 667 οὕτως
678 635 743 670 ἔχει.
761 636 821 662 Ἀθ.
838 633 929 661 εἶπεν·

146 681 231 708 Ὅταν
256 679 302 708 οὖν
319 682 409 717 φάσκῃ
427 682 443 716 ὴ
458 681 552 717 Γραφὴ
577 682 608 708 ἐκ
622 682 740 716 γαστρὸς
755 680 932 716 γεγεννῆσθαι

145 728 191 754 τὸν
206 728 280 759 Υίὸν,
292 728 341 763 τὴν
358 729 389 754 ἐκ
402 728 450 763 τῆς
468 728 560 762 θεῖκῆς
580 728 754 759 ὑποστάσεως
769 728 932 763 γνησιότητα

145 773 193 800 τοῦ
210 772 275 799 Υίοῦ
295 773 431 808 σημαίνει.
449 773 507 800 ’Ἰνα
523 771 569 800 οὖν
599 773 636 808 μὴ
664 774 694 800 τὸ
711 773 763 800 τῶν
780 773 932 809 ἀνθρώπων

145 818 233 852 γένος,
246 817 358 850 ἀσθενὲς
374 818 495 854 ὑπάρχον
506 839 513 851 ,
541 817 713 853 ἀνθρωπίνην
736 817 784 852 τὴν
805 818 930 853 γέννησιν

144 849 193 890 τιοῦ
222 849 353 900 Χριστοῦ)
368 849 538 896 ὑπολάὲοιεν,
562 849 621 890 sine
634 863 675 895 τὸ,
723 849 928 899 Ἐέηρεύξατοὴ
947 849 968 878 Β

146 909 246 945 καρδία
261 918 311 944 μου
328 910 413 944 Λόγον
423 910 535 944 ἀγαθόν.
552 919 561 935 ι
578 911 609 936 Εἰ
631 909 660 936 δὲ
679 909 759 936 πάλιν
784 911 931 945 ἐπιχειρεῖν

144 954 277 989 τολμήσει
301 962 342 986 τις
370 954 536 990 προφορικὸν
549 954 636 988 Λόγον
661 954 776 988 φάσκειν
801 955 846 981 τὸν
857 956 930 987 Υἱὸν,

145 999 329 1035 μνημονεύσει
343 999 403 1031 τὺ,‹
422 1000 468 1026 Ἐκ
483 1001 608 1036 γαστρὸς,
628 1011 637 1027 ι
657 1002 704 1028 κα)⁸
725 1002 857 1027 παύσεται
875 1001 931 1036 (62)

143 1045 196 1079 τῆς
223 1046 342 1081 πονηρᾶς
369 1046 482 1078 ἐννοίας.
507 1047 677 1083 Περιέγραψε
697 1047 751 1082 γὰρ
768 1047 856 1073 πάντα
871 1046 932 1073 νοῦν

144 1091 314 1126 ἀνθρώπινον
343 1093 360 1128 ἡ
384 1092 488 1128 Γραφὴ,
517 1093 585 1127 πρὸς
598 1093 628 1119 τὸ
647 1093 683 1128 μὴ
700 1092 772 1128 ἔχειν
793 1093 933 1128 αἱρετικὴν

146 1137 246 1171 μανίαν
262 1136 333 1164 κατὰ
347 1137 397 1172 τῆς
411 1137 497 1164 ἀϊδίου
514 1138 561 1164 καὶ
574 1138 766 1174 ἀκαταλήπτου
781 1139 933 1174 γεννήσεως

144 1182 194 1209 τοῦ
210 1183 274 1209 Υίοῦ
304 1182 351 1210 τοῦ
376 1183 454 1210 Θεοῦ.
481 1184 514 1210 Et
539 1183 594 1219 γὰρ
615 1184 647 1210 ὲκ
660 1184 777 1220 γαστρὸς
793 1184 931 1219 τυγχάνει,

145 1228 206 1260 πῶς
222 1229 254 1255 ix
270 1228 383 1264 καρδίας
396 1229 546 1265 προῆλθεν;
563 1230 594 1256 El
614 1230 642 1256 δὲ
655 1230 707 1257 ἀπὸ
725 1230 837 1265 καρδίας
863 1230 931 1262 ἐστὶ,

146 1273 206 1305 πῶς
219 1274 250 1300 ὲκ
261 1275 377 1310 γαστρὸς
392 1275 518 1310 τυγχάνει
532 1284 539 1307 ;
556 1276 619 1309 Ἀρ.
637 1273 696 1302 εἶπε
707 1284 713 1290 ·
727 1276 759 1302 Τί
770 1274 815 1303 οὖν
829 1276 934 1310 ὀφείλο-

147 1327 199 1353 μεν
212 1318 300 1353 λέγειν
313 1320 359 1347 καὶ
373 1322 442 1347 νοεῖν
454 1329 461 1352 ;
479 1320 538 1347 Ἀθ.
553 1319 629 1347 εἶπεν
638 1329 644 1336 ·
662 1321 743 1348 Οὐδὲν
753 1321 845 1357 ἕτερον
860 1321 934 1357 ἢτὸν

146 1363 212 1390 Υἰδν
231 1364 263 1390 ἐκ
272 1364 321 1399 τῆς
335 1365 428 1396 οὐσίας
442 1365 488 1391 τοῦ
500 1365 567 1392 Θεοῦ
586 1366 631 1392 καὶ
648 1366 754 1402 Πατρός
770 1367 934 1402 γεννηθέντα

146 1411 180 1436 ἐκ
200 1410 254 1437 τῶν
277 1411 404 1438 τοιούτων
426 1411 653 1446 παραδειγμάτων
667 1412 848 1448 μανθάνομεν.
867 1414 930 1447 Ἀρ.

145 1453 239 1483 εἷπεψ
266 1457 298 1483 Εῐ
323 1457 463 1492 ὁμοούσιος
479 1456 512 1493 ἦν
525 1458 539 1483 6
555 1457 617 1489 Υἱὸς
634 1457 673 1492 τῷ
687 1458 785 1494 Πατρὶ,
808 1458 866 1490 πῶς
884 1460 934 1485 οὐκ

981 227 1065 255 ctavit
1080 235 1128 255 cor
1142 235 1231 255 meum
1245 227 1364 256 Verbum
1380 229 1482 256 bonum
1493 229 1526 255 ".
1540 238 1549 254 ι
1568 228 1697 264 Nunquid
1712 230 1768 265 igi—

981 277 1027 303 tur
1040 274 1159 302 Verbum
1173 275 1246 310 quod
1261 276 1406 308 eructavit,
1425 274 1511 303 Filius
1526 275 1586 303 est?
1603 275 1664 303 Ath.
1680 274 1775 321 ΚοςιιᾱΧ

982 318 1008 345 id
1021 318 1163 354 Scriptura
1178 320 1246 346 dixit
1261 323 1329 347 utet
1344 320 1396 346 alia
1419 320 1509 347 omnia
1525 328 1532 345 :
1549 323 1578 346 tu
1595 327 1658 347 vero
1673 320 1768 347 locum.

981 363 1058 391 illum
1078 371 1162 399 prave
1175 364 1324 392 detorsisti.
1337 365 1384 391 Ar.
1403 364 1471 392 Tute
1483 373 1548 400 ergo
1561 365 1643 392 nobis
1658 373 1762 400 expone

982 407 1065 441 hujus
1085 409 1225 435 sententiae
1236 409 1377 436 veritatem
1389 419 1396 442 ;
1409 409 1642 445 quandoquidem,
1659 414 1690 436 ut
1714 410 1762 437 tibi

982 453 1098 486 videtur,
1113 454 1186 481 illam
1203 462 1252 490 ego
1266 454 1436 483 detorserim.

1017 584 1063 614 '50..
1080 583 1142 611 Atla.
1169 583 1241 612 Deus
1262 587 1340 612 estne
1366 584 1480 620 spiritus
1511 586 1699 621 impassibilis,
1727 594 1767 614 an

981 631 1053 658 non?
1068 630 1115 658 Ar.
1139 630 1190 657 Ita.
1207 630 1269 658 Alli.
1294 630 1378 666 Igitur
1390 639 1451 658 cum
1476 631 1616 667 Scriptura
1635 633 1763 668 praedicat

981 676 1080 704 Filium
1097 684 1131 704 ex
1152 680 1231 704 utero
1247 684 1308 705 esse
1322 677 1454 712 genitum,
1473 677 1572 704 Filium
1591 686 1654 706 vere
1668 687 1701 706 ex
1721 680 1763 706 di—

981 722 1045 749 vina
1063 723 1204 757 hypostasi
1229 723 1286 750 sive
1311 724 1463 751 substantia
1481 732 1542 752 esse
1560 725 1705 760 significat.
1725 726 1765 754 Ne

981 777 1046 804 ergo
1062 769 1198 802 inﬁrmum
1214 769 1354 796 hominum
1373 778 1458 805 genus
1471 771 1618 798 humanam
1631 779 1692 799 esse
1705 779 1766 799 cre—

982 813 1057 842 deret
1077 814 1179 842 Christi
1203 816 1416 850 generationem,
1442 817 1490 848 ait,
1511 825 1520 842 ι
1547 816 1689 844 Eructavit
1717 825 1765 844 cor

982 866 1071 886 meum
1088 858 1206 887 Verbum
1223 861 1335 888 bonum.
1357 870 1366 886 ι
1385 861 1463 894 Quod
1481 862 1504 889 si
1522 863 1585 898 quis
1607 870 1703 890 rursus
1719 871 1766 890 ur—

982 912 1046 940 gere
1066 905 1130 932 velit
1155 909 1182 932 et
1198 905 1288 934 dicere
1310 906 1408 933 Filium
1424 907 1543 935 Verbum
1567 916 1628 937 esse
1653 909 1768 944 prolati—

981 951 1060 983 tium,
1079 951 1171 978 statim
1191 951 1339 979 afferentur
1366 953 1449 981 verba
1477 953 1534 987 illa,
1557 963 1565 980 ι
1588 955 1628 982 Ex
1650 959 1739 990 utero,
1754 965 1764 981 ι

982 1000 1065 1031 atque
1089 997 1125 1023 ita
1147 998 1323 1032 conquiescet
1344 1006 1471 1036 perversa
1491 1000 1630 1035 cogitatio.
1652 1000 1766 1029 Omnem

983 1041 1116 1077 siquidem
1152 1042 1298 1070 humanam
1331 1047 1447 1071 mentem
1476 1044 1664 1073 circumclusit
1697 1045 1769 1072 Scri-

983 1092 1074 1122 ptura,
1095 1092 1124 1114 ut
1141 1096 1222 1116 nemo
1236 1088 1363 1117 haaretica
1388 1090 1495 1117 insania
1509 1091 1658 1125 agitaretur
1672 1095 1767 1118 contra

983 1138 1112 1161 aeternam
1128 1138 1153 1161 et
1169 1135 1472 1170 incomprehensibilem
1492 1135 1551 1163 Filii
1569 1145 1602 1164 ex
1616 1136 1671 1164 Deo
1686 1145 1769 1172 gene-

982 1181 1127 1208 rationem.
1143 1180 1211 1207 Nam
1228 1181 1250 1208 si
1268 1185 1310 1209 est
1333 1189 1367 1209 ex
1383 1186 1470 1215 utero,
1489 1183 1625 1217 quomodo
1638 1190 1672 1210 ex
1685 1182 1769 1210 corde

986 1227 1138 1262 processit?
1155 1227 1184 1255 Si
1208 1235 1272 1255 vero
1295 1229 1331 1255 sit
1348 1236 1381 1256 ex
1402 1229 1496 1262 corde,
1518 1230 1656 1265 quomodo
1679 1233 1721 1258 est
1735 1238 1769 1257 ex

984 1272 1080 1299 utero?
1095 1273 1142 1299 Ar.
1167 1272 1236 1306 Quid
1252 1273 1344 1308 itaque
1368 1274 1512 1302 dicendum
1528 1278 1571 1303 est
1591 1278 1618 1302 et
1646 1275 1769 1310 cogitan-

984 1318 1066 1345 dum?
1088 1318 1151 1345 Alli.
1167 1318 1240 1345 Nihil
1256 1319 1328 1346 aliud
1344 1328 1376 1347 ex
1394 1320 1550 1355 hujusmodi
1566 1320 1697 1355 exemplis
1714 1319 1770 1347 dis-

984 1363 1072 1390 cimus
1085 1370 1165 1398 quam
1180 1362 1279 1390 Filium
1291 1371 1324 1390 ex
1340 1363 1491 1391 substantia
1513 1363 1557 1391 Dei
1572 1368 1599 1391 et
1608 1363 1698 1391 Patris
1708 1371 1770 1392 esse

986 1411 1117 1446 genitum.
1131 1411 1179 1437 Ar.
1196 1411 1224 1438 Si
1238 1411 1325 1438 Filius
1340 1410 1414 1437 Patri
1426 1414 1499 1438 esset
1514 1411 1768 1443 consubstantialis,

984 1463 1034 1483 cur
1046 1455 1073 1483 id
1088 1463 1209 1491 prasens
1222 1464 1277 1483 non
1291 1456 1360 1483 dixit
1375 1456 1518 1491 discipulis
1534 1456 1609 1483 suis?
1620 1456 1684 1485 Alli.
1700 1456 1767 1484 Ubi-

146 1499 226 1528 εἷπεν
248 1500 343 1537 παρὼν
357 1503 413 1533 τοῖς
440 1496 574 1537 μαθηταῖς
594 1502 695 1534 αὐτοῦ;
711 1503 770 1530 Ἀθ.
787 1500 863 1529 εἷπε·
878 1503 932 1529 Ποῦ

985 1509 1057 1534 nam,
1075 1509 1153 1537 rogo,
1169 1501 1256 1529 Filius
1278 1508 1333 1528 non
1349 1500 1494 1528 confessus
1509 1505 1551 1528 est
1569 1509 1598 1529 se
1616 1501 1690 1528 Patri
1707 1509 1769 1530 esse

145 1546 223 1573 ἐστιν
237 1547 303 1573 ὅπου
316 1547 364 1582 οὐχ
376 1547 550 1583 ὡμολόγησεν
566 1549 660 1575 ἑαυτὸν
669 1549 810 1583 ὁμοούσιον
823 1548 861 1584 τῷ
876 1549 932 1575 Πασ-

145 1592 194 1628 τρὶ
204 1594 218 1619 6
231 1592 310 1626 Υἱός;
322 1593 380 1627 Ἀρ.
401 1591 477 1619 εἶπεν
490 1601 496 1608 ·
509 1594 539 1619 Εἰ
556 1593 667 1620 δύνασαι
679 1593 757 1620 τοῦτο
767 1593 869 1626 δεῖξαι;
886 1595 933 1620 Ἕν

145 1639 204 1665 τῶν
218 1638 376 1674 ἀμηχάνων.
397 1639 452 1666 Ἀθ.
472 1637 548 1665 εἶπεν
558 1647 564 1651 ·
576 1639 631 1666 Οὐκ
647 1639 676 1672 ὲξ
697 1639 808 1675 ἀπόρων
821 1639 934 1675 πορίσα-

149 1683 213 1710 σθαι
227 1683 427 1719 ἐπιχειροῦμεν,
442 1684 499 1711 ἀλλ’
516 1685 548 1710 ὲκ
558 1683 611 1711 τῶν
623 1684 749 1720 ἐναργῶν
764 1685 933 1720 πραγμάτων

146 1737 201 1765 την
215 1729 343 1764 ἀλήθειαν
367 1729 448 1761 δεῖξαι
466 1729 587 1764 Θέλομεν.
612 1730 753 1765 Μέμνησο,
785 1730 824 1756 ὅτι
854 1730 932 1765 ἔφης,

146 1775 163 1801 ὃ
175 1777 234 1801 ἐστι
248 1775 324 1807 Θεὸς,
338 1775 417 1801 τοῦτο
430 1775 508 1802 οὐσία
525 1775 662 1810 τυγχάνει,
677 1776 816 1801 τουτέστιν
829 1777 843 1802 ὁ
853 1776 927 1806 Υἱός.

146 1821 204 1847 Ναὶ
226 1820 243 1856 ἢ
261 1820 305 1854 ob;
319 1822 383 1855 Ἀρ.
398 1819 458 1848 εἷπε
468 1830 475 1837 ·
493 1821 632 1856 Μηδαμῶς
644 1821 709 1856 (65).
722 1821 781 1848 Ἀθ.
792 1821 854 1856 ἔφη·
872 1821 934 1853 Πῶς

146 1865 197 1893 οὖν
213 1867 227 1892 6
238 1865 338 1901 Κύριος
359 1866 410 1901 ἔφη
420 1874 427 1880 ·
447 1874 457 1890 ι
482 1866 551 1900 Ἐγὼ
564 1866 611 1892 καὶ
625 1866 639 1891 6
653 1867 747 1902 Πατὴρ
763 1867 792 1892 ἓν
805 1867 904 1901 ὲσμεν;
921 1876 930 1892 ι

147 1911 182 1937 Εἰ
202 1910 239 1946 μὴ
257 1912 271 1937 6
291 1911 371 1942 αὑτός
394 1913 451 1938 ἐστι
464 1913 497 1946 τῇ
516 1911 622 1946 Θεότητι
642 1913 674 1947 τῇ
689 1913 807 1947 πατρικῇ
828 1913 842 1938 6
858 1912 932 1944 Υἱὸς,

149 1957 210 1988 πῶς
234 1957 341 1991 φάσκει,
364 1966 373 1982 ι
391 1956 462 1991 Ἐγὼ
473 1957 520 1983 καὶ
543 1957 557 1983 6
572 1957 664 1993 Πατὴρ
677 1957 814 1992 ἓνὲσμεν;
833 1967 842 1983 ι
861 1956 934 1992 τΛρα

145 2002 245 2038 ψευδὲς
255 2000 330 2029 εἶπεν
342 2002 359 2037 ἢ
375 2002 487 2037 ἀληθέςς
498 2002 544 2037 Μὴ
556 2002 673 2036 γένοιτοῑ
683 2002 830 2038 Ἡὰλὴθεια
842 2003 891 2029 οὐκ
901 2003 933 2030 ἂν

149 2048 248 2082 ψεῦδός
263 2056 328 2075 ποτε
339 2047 459 2082 ἐγένετο.
472 2048 553 2075 Ἀλλὰ
562 2048 608 2077 καὶ
622 2048 662 2080 τὸ,
672 2057 681 2074 ι
693 2048 721 2074 '0
736 2047 865 2083 ἑωρακὼς
883 2048 933 2083 ἐμὲ

148 2092 258 2127 ἑώρακε
281 2093 326 2120 τὸν
347 2093 467 2129 Πατέρα,
486 2103 495 2120 ι
511 2094 586 2120 οὐδὲν
603 2094 695 2129 ἕτερον
713 2093 768 2129 (64)
784 2093 932 2129 παριστᾷῆ

146 2140 199 2176 τὴν
213 2139 292 2174 ἁγίαν
310 2139 432 2174 θεότητα.
454 2140 486 2166 El.
502 2139 556 2175 γὰρ
569 2139 648 2171 ἄλλος
664 2139 790 2174 τυγχάνει
807 2141 840 2174 τῇ
857 2139 934 2174 οὐσίᾳ

984 1547 1270 1574 consubstantialem?
1294 1547 1343 1574 Ar.
1364 1546 1481 1574 Potesne
1515 1547 1581 1574 illud
1605 1547 1770 1574 ostendere?

984 1591 1074 1619 Unum
1099 1600 1165 1620 sane
1191 1592 1218 1619 id
1241 1599 1335 1620 eorum
1358 1593 1410 1620 erit
1435 1600 1495 1627 quae
1511 1592 1567 1619 ﬂeri
1583 1600 1637 1619 nou
1654 1596 1767 1627 queunt.

984 1636 1046 1663 Alli.
1059 1637 1131 1664 Nihil
1151 1645 1183 1664 ex
1199 1637 1290 1664 dubiis
1307 1637 1434 1671 colligere
1448 1645 1590 1670 conamur,
1605 1638 1651 1665 sed
1673 1645 1706 1666 ex
1726 1647 1769 1666 re-

984 1682 1036 1710 bus
1053 1683 1225 1711 evidentibus
1236 1683 1379 1711 veritatem
1401 1684 1527 1711 volumus
1541 1684 1695 1711 ostendere.
1713 1683 1768 1711 Re-

984 1730 1098 1757 cordare
1111 1733 1137 1756 te
1148 1729 1250 1757 dixisse
1267 1729 1338 1764 quod
1351 1729 1422 1757 Deus
1432 1732 1485 1761 est,
1503 1730 1555 1756 hoc
1569 1730 1629 1764 ejus
1641 1730 1768 1757 substan-

984 1775 1048 1801 tiam
1067 1782 1140 1807 esse,
1164 1775 1191 1802 id
1208 1779 1261 1807 est,
1276 1775 1386 1802 Filium.
1409 1774 1484 1802 Itane
1500 1779 1553 1808 est,
1576 1783 1611 1802 an
1629 1776 1701 1802 non?
1719 1776 1768 1803 Ar.

983 1820 1171 1855 Nequaquam.
1196 1820 1258 1846 Alli.
1276 1821 1332 1848 Cur
1353 1821 1436 1856 igitur
1448 1821 1485 1847 ait
1513 1820 1644 1848 Dominus
1662 1830 1670 1849 :
1689 1830 1698 1846 ι
1713 1820 1770 1856 Ego

984 1871 1010 1893 et
1021 1865 1101 1894 Pater
1114 1874 1197 1893 unum
1214 1874 1309 1894 sumus
1323 1867 1359 1894 “7?
1377 1877 1386 1893 ι
1400 1866 1466 1894 Nam
1476 1866 1530 1894 nisi
1547 1866 1632 1895 Filius
1648 1867 1770 1902 idemjsit

984 1911 1056 1946 quod
1079 1916 1192 1946 paterna
1208 1912 1347 1944 divinitas,
1363 1913 1410 1948 qui
1433 1914 1519 1949 possit
1534 1913 1636 1946 dicere,
1650 1922 1659 1938 ι
1675 1912 1731 1948 Ego
1742 1917 1770 1941 et

983 1957 1065 1984 Pater
1078 1965 1162 1984 unum
1179 1957 1291 1985 sumus?
1311 1967 1321 1983 ι
1340 1957 1411 1990 Quid
1426 1959 1509 1995 igitur
1526 1958 1629 1986 l'alsane
1645 1966 1680 1985 an
1705 1961 1769 1985 'vera

984 2003 1092 2031 locutus
1107 2003 1167 2031 est?
1186 2003 1265 2031 Absit
1279 2005 1285 2030 ι
1301 2003 1445 2039 Nunquam
1474 2004 1547 2033 enim
1563 2005 1665 2032 veritas
1688 2007 1770 2039 queat

984 2056 1046 2076 esse
1061 2049 1246 2076 mendacium.
1262 2048 1316 2077 Sed
1331 2053 1358 2076 et
1370 2050 1420 2077 ista
1432 2050 1525 2082 verba,
1542 2059 1552 2074 ι
1569 2049 1621 2083 Qui
1634 2057 1677 2076 me
1691 2049 1767 2080 vidit,

984 2094 1052 2122 vidit
1067 2094 1175 2122 Patrem
1183 2095 1234 2129 ἐς)
1249 2095 1317 2122 nihil
1333 2095 1405 2122 aliud
1417 2095 1536 2122 indicant
1547 2102 1629 2130 quam
1645 2099 1767 2122 sanctam

984 2141 1165 2168 divinitatem.
1189 2139 1218 2168 Si
1233 2142 1306 2169 enim
1322 2141 1407 2169 Filius
1428 2142 1580 2170 substantia
1603 2134 1672 2168 alius
1695 2145 1738 2168 est
1753 2148 1768 2167 a

146 2187 164 2212 6
180 2186 244 2218 Υἱὸς
268 2186 344 2222 παρὰ
367 2186 413 2212 τὸν
434 2185 553 2221 Πατέρα,
570 2185 630 2217 πῶς
644 2185 753 2212 δύναται
772 2185 932 2221 θεωρεῖσθαι

985 2186 1075 2220 Patre,
1090 2187 1229 2222 quomodo
1240 2186 1322 2215 Pater
1341 2187 1370 2214 in
1393 2186 1464 2214 Filio
1478 2187 1565 2214 videri
1580 2186 1685 2222 potest?
1699 2185 1767 2213 Nam

148 2233 164 2258 6
195 2232 290 2268 Πατὴρ
313 2233 342 2260 ὲν
359 2231 398 2267 τῷ
423 2231 494 2267 Υίῷ;
517 2232 549 2258 Εἰ
566 2232 614 2267 μὲν
634 2231 689 2266 γὰρ
708 2232 738 2258 οὐ
751 2232 860 2259 δύναται
879 2231 934 2267 (65)

147 2277 260 2312 ἄγαλμα
276 2277 458 2313 ἀνδροείκελον
469 2277 720 2313 κατεσκευασμένον
731 2277 763 2303 ὲκ
771 2276 856 2310 ξύλων
866 2285 934 2311 γνω-

151 2323 276 2359 ρισθῆναι
302 2323 331 2349 ὲν
351 2322 454 2358 λιθίνῳ,
469 2324 497 2349 ὲν
513 2323 552 2357 τῷ
562 2323 612 2349 οὐκ
622 2324 654 2349 ὲκ
676 2323 725 2358 τῆς
741 2323 835 2354 οὐσίας
852 2323 933 2350 αὐτοῦ

148 2369 206 2395 ὄντι
216 2378 222 2384 -
241 2370 265 2396 εί
281 2369 309 2395 δὲ
326 2369 456 2395 ἀδύνατον
469 2369 541 2395 λίϐον
555 2369 584 2395 ἐν
597 2368 666 2403 ξύλῳ
681 2369 871 2404 γνωρισθῆναι,
887 2369 933 2395 καὶ

149 2414 228 2447 ξύλον
247 2416 276 2441 ὲν
297 2415 363 2450 λίθῳ
384 2415 454 2442 κατὰ
472 2415 518 2441 τὸν
530 2415 579 2450 τῆς
596 2414 688 2446 οὐσίας
704 2415 794 2448 λόγον,
810 2415 930 2441 λείπεται

149 2459 242 2490 λοιπὸν
270 2459 448 2496 γνωρίζεσθαι
480 2459 525 2485 τὸν
551 2459 725 2494 παμϐασιλέα
748 2460 814 2486 Θεὸν
839 2461 868 2486 ὲν
894 2459 932 2494 τῷ

128 2506 284 2550 ⁸ὁμοοιισίῳ
305 2505 386 2532 αὐτοῦ
409 2505 476 2541 Υιῷ.
488 2505 529 2532 Τὰ
549 2506 603 2541 γὰρ
623 2503 777 2541 ὁμοειδῆ,ᾦ
791 2505 845 2540 (66)
864 2507 933 2532 εἰσιν

186 2584 210 2599 ⁵⁸
228 2584 299 2612 Psal.
315 2591 388 2616 xuv,
405 2583 432 2609 2.
471 2583 492 2598 ⁵⁷
512 2582 589 2610 Joan.
606 2591 638 2616 Χ,
657 2582 702 2610 50.
742 2582 764 2598 ⁸⁸
782 2582 860 2611 Joan.
879 2591 934 2615 xw,

188 2655 243 2690 (60)
259 2636 327 2690 Aug:
337 2653 411 2690 Ἆρα
423 2652 468 2682 οὖν
481 2655 521 2686 τὸ,
538 2652 710 2690 ἔξηρεύξατο,
725 2653 775 2689 ἔφη
789 2654 852 2681 τόν.“

187 2690 242 2725 (61)
261 2690 330 2725 Aug.
346 2691 463 2721 άπαθᾶς.
632 2724 640 2725 7
831 2709 833 2712 .

187 2723 242 2760 (62)
259 2723 366 2760 Anglic.
385 2726 514 2760 παύηται.
543 2725 602 2752 Mox
632 2724 742 2759 Regius,
769 2723 935 2760 περιέγραψε

152 2761 215 2795 γάρ.
232 2763 259 2788 lu
273 2761 335 2788 aliis
349 2761 401 2796 γάρ
418 2761 502 2787 deest.

169 2794 243 2856 ἶ(65)
257 2796 337 2831 Angl.
355 2794 494 2830 οὐδαμῶς.
513 2795 580 2823 Ibid.
595 2796 673 2830 Angl.
690 2799 715 2822 et
729 2794 797 2830 Aug.
812 2795 862 2830 ἔφη
887 2803 935 2829 pro

182 2839 240 2856 πεν.

155 2839 240 2858 ειπεν.

986 2233 1009 2260 si
1039 2233 1157 2261 hominis
1181 2233 1358 2261 simulacrum
1383 2241 1416 2260 ex
1438 2233 1511 2268 ligno
1534 2232 1688 2262 confectum
1713 2239 1768 2258 non

985 2278 1072 2313 possit
1095 2279 1224 2313 cognosci
1247 2278 1274 2305 in
1292 2278 1409 2313 lapideo,
1425 2279 1498 2313 quod
1513 2278 1635 2313 ejusdem
1651 2285 1706 2304 non
1732 2277 1769 2304 sit

985 2325 1146 2352 substantiae
1162 2333 1168 2351 :
1187 2325 1210 2352 si
1232 2325 1295 2352 item
1314 2325 1384 2359 lapis
1412 2325 1439 2351 in
1466 2325 1548 2360 ligno,
1563 2325 1604 2351 vel
1621 2324 1722 2359 lignum
1740 2324 1767 2350 in

985 2369 1074 2404 lapide
1099 2378 1155 2397 non
1178 2371 1265 2405 possit
1281 2372 1421 2405 cognosci,
1446 2375 1578 2405 quantum
1601 2373 1705 2405 spectat
1734 2370 1768 2395 ait

985 2415 1146 2442 substantiae
1172 2416 1317 2447 rationem,
1344 2417 1468 2451 sequitur
1497 2420 1527 2443 ut
1546 2417 1628 2449 Deus,
1645 2423 1769 2443 summus

985 2462 1107 2488 omnium
1131 2469 1190 2495 rex,
1208 2462 1236 2488 in
1257 2462 1325 2489 Filio
1343 2462 1394 2489 sibi
1414 2462 1639 2489 consubstantiali
1666 2469 1767 2496 cogno-

987 2512 1089 2534 scatur.
1104 2505 1176 2534 Cum
1191 2508 1263 2534 enim
1275 2508 1404 2537 videntur
1419 2515 1464 2534 res
1479 2507 1593 2539 similes,
1606 2508 1634 2534 in
1648 2515 1682 2535 eo
1697 2507 1769 2542 quod

1024 2653 1078 2689 (64)
1098 2653 1166 2688 Aug.
1191 2653 1266 2681 οὐδὲν
1285 2653 1374 2680 ἄλλου.
1393 2652 1477 2689 Paulo
1490 2656 1551 2686 post
1563 2651 1641 2686 Angl.
1660 2651 1691 2677 Ei.
1714 2650 1768 2686 γὰρ

986 2689 1099 2723 ἅγγελος
1116 2697 1193 2723 τυγχ.
1208 2688 1274 2724 Aug.
1290 2690 1314 2715 εἰ
1331 2689 1384 2724 γάρ
1397 2688 1474 2719 ἄλλος
1486 2696 1564 2724 τυγχ.

1023 2721 1077 2759 (65)
1097 2725 1133 2751 Ita
1149 2721 1214 2758 Reg.
1233 2721 1312 2750 Basil.
1329 2721 1402 2754 vero,
1416 2724 1439 2749 εἰ
1457 2721 1642 2759 μὲννόύναται.
1663 2721 1767 2759 Auget

988 2756 1101 2794 μὲνγὰρ
1114 2756 1233 2785 δύναιτ-αι.
1250 2759 1319 2786 Editi
1334 2764 1358 2786 et
1378 2756 1479 2790 emtor},
1494 2758 1515 2783 εἰ
1534 2758 1583 2792 μὲν
1594 2757 1647 2792 γὰρ
1668 2757 1697 2783 οὐ
1722 2756 1768 2782 δύ-

986 2802 1075 2864 ναξιῗὲ)
1089 2828 1155 2865 Reg.
1170 2829 1202 2856 τὰ
1215 2830 1266 2866 γάρ
1280 2830 1408 2865 iuno-35m
1420 2829 1473 2856 καί.
1490 2826 1524 2863 ᾯ
1535 2829 1609 2856 deest
1623 2827 1649 2854 in
1662 2827 1734 2862 Aug.
1771 2859 1774 2862 ,
