1929 3056
183 132 216 161 79
730 130 758 158 S.
780 128 1011 159 ATHANASlUS,
1032 144 1068 149 ——
1088 129 1223 157 SPURIA.

1731 127 1793 155 ιεο

163 193 228 218 sunt
253 188 511 221 consubstantiales.
534 195 628 215 eorum
655 195 715 223 quae
743 196 796 214 non
821 188 945 215 videntur

999 187 1137 222 ὁμοούσια,
1167 186 1304 222 ὁρώμενα,
1330 192 1525 220 παριστανουσι
1548 193 1596 220 την
1612 191 1712 218 γνωσιν
1738 186 1792 212 καὶ

161 236 346 271 cognitionem
363 235 500 262 exhibent.

199 282 243 309 51.
259 281 307 308 Ar.
322 281 377 308 Cur
393 288 459 315 ergo
482 280 616 307 Dominus
627 282 676 312 ait,
694 290 703 306 ί
723 279 779 315 Ego
802 288 861 308 sum
884 279 948 306 vitis

162 336 238 360 vera,
256 332 283 356 et
303 327 385 354 Pater
408 334 486 354 meus
505 327 625 362 agricola
637 327 716 354 est?)
739 326 808 353 Num
830 326 894 353 vitis
921 329 949 352 et

163 375 283 410 agricola
299 377 416 409 possunt
439 373 689 400 consubstantiales
709 373 789 400 esse?
805 372 866 399 Alli.
888 371 948 398 Noli

162 419 229 446 mihi
246 419 410 446 detruncare
428 417 598 446 Dominicam
619 425 715 445 vocem
736 417 805 445 :scd
829 418 898 451 lege,
919 422 948 444 ut

161 465 252 500 jacet:
269 474 279 490 ι
303 465 357 500 Ego
374 473 446 497 sum,
467 475 477 490 ι
498 465 586 500 inquit
598 464 741 496 Dominus,
763 474 772 490 ι
792 465 856 491 vitis
872 471 947 497 vera,

161 517 211 537 vos
235 511 371 545 palmites,
401 510 483 537 Pater
511 518 588 538 mens
612 510 731 545 agricola
755 513 798 537 est
821 509 854 535 ".
874 518 883 535 ι
902 508 949 535 Dic

162 556 229 584 mihi
246 557 339 592 itaque
357 566 364 583 :
389 557 412 584 si
427 564 459 584 ex
479 557 604 591 exemplo
628 556 692 584 vitis
711 560 738 584 et
755 556 880 591 agricola:
903 554 949 582 Fi—

161 602 228 629 lium
250 610 306 630 non
330 602 372 630 vis
401 610 463 630 esse
484 601 558 629 Patri
577 601 857 630 consubstantialem.
883 608 947 627 num

162 648 252 682 ipsum
283 648 441 676 hominibus
471 647 733 675 consubstantialem
772 647 862 674 dicis?
899 647 946 672 Ar.

164 693 242 728 173
255 693 354 721 Absit!
387 693 449 720 Alli.
482 692 592 720 Placide
623 692 759 723 ausculta,
786 695 812 718 et
832 691 866 717 ad
891 691 948 717 haec

162 738 228 765 mihi
246 738 389 773 responde.
408 737 478 765 Vitis
503 742 530 765 et
548 738 673 773 palmites
697 741 762 765 sunt
778 745 813 764 ne
829 737 948 764 consub-

161 786 315 819 stantiales,
332 793 366 813 an
378 793 432 813 non
444 786 456 812 ἲ
472 787 518 812 Ar.
532 785 650 813 Omnino
659 785 696 812 ita
710 789 763 812 est.
775 784 813 812 Te
821 792 884 812 vero
898 791 948 812 oro

161 831 244 859 ﬁnem
269 831 385 867 hujusce
401 832 514 867 capituli
531 831 705 868 explicationi
725 832 844 859 breviter
858 831 946 866 impo-

161 885 222 910 nas,
237 882 267 905 ut
276 866 361 905 etme
378 866 460 906 talem
477 866 588 909 reddas,
612 877 703 912 qualis
713 880 742 904 tu
758 877 817 912 ipse
830 884 869 904 es.
882 876 944 903 Ath.
962 866 983 893 Β

161 921 220 949 Nisi
235 923 300 950 mihi
314 923 390 958 prius
405 923 439 950 ad
467 931 499 951 ea
522 931 583 958 quae
605 923 744 958 interrogo
760 922 945 957 responderis,

160 969 233 1004 quod
243 969 366 1004 postulas
382 977 437 997 non
458 970 646 1005 consequeris.
662 969 710 997 Ar.
734 968 858 1004 Loquere
872 969 946 1004 quod

160 1015 210 1042 tibi
228 1015 346 1047 videtur,
361 1019 388 1042 et
401 1023 461 1051 ego,
480 1016 504 1043 si
520 1016 597 1043 locus
618 1015 710 1046 datur,
728 1022 776 1049 pro
788 1015 892 1041 viribus
903 1022 948 1042 re-

160 1060 311 1094 spondebo.
336 1060 397 1087 Ath.
414 1060 500 1095 Cujus
525 1067 609 1087 causa
635 1060 747 1087 dextera
760 1063 787 1086 et
804 1058 946 1086 brachium

159 1104 207 1133 Dei
233 1110 400 1134 memoratur
414 1107 442 1133 in
459 1105 630 1140 Scripturis?
646 1106 693 1131 Ar.
710 1105 775 1138 Quae
792 1104 947 1132 istiusmodi

159 1156 224 1178 sunt
261 1152 440 1187 intelligimus
475 1152 673 1179 convenienter
701 1151 859 1178 notionibus
886 1158 947 1185 qua:

159 1198 222 1225 inde
234 1202 396 1233 sequuntur.
413 1197 480 1224 Nam
495 1198 518 1225 si
532 1198 582 1229 ait,
600 1207 608 1223 ι
624 1197 722 1224 Manus
744 1201 797 1223 tuae
823 1196 947 1224 fecerunt

159 1251 203 1271 me
220 1248 247 1271 et
266 1244 469 1279 plasmaverunt
483 1251 525 1270 me
544 1243 578 1277 “,
598 1253 607 1269 ›
632 1243 676 1270 hic
696 1243 873 1277 agnoscimus
899 1242 946 1269 Dei

158 1290 214 1316 vim
224 1289 345 1317 creandi.
362 1289 430 1316 Cum
444 1294 535 1316 autem
554 1289 630 1322 dicit,
650 1298 659 1315 ι
678 1288 823 1315 Braehium
840 1288 946 1316 Domini

159 1337 204 1363 cui
222 1337 372 1363 revelatum
385 1340 427 1364 est
442 1336 482 1363 "‘2
503 1346 512 1361 ι
531 1337 621 1371 palam
639 1340 681 1363 est
697 1335 742 1362 hic
757 1335 791 1362 de
807 1334 877 1362 Filio
885 1343 944 1362 ser-

158 1386 268 1406 monem
284 1380 387 1407 haberi.
404 1379 466 1407 Haec
483 1381 547 1407 item
560 1380 652 1411 verba,
666 1389 675 1406 ι
694 1379 811 1407 Dextera
838 1379 946 1407 Domini

158 1423 361 1454 fecitvirtutem
371 1427 405 1459 ",
420 1437 429 1452 ι
449 1427 552 1462 absque
563 1427 646 1454 dubio
663 1426 761 1454 Filium
780 1427 946 1462 signiﬁcant,

158 1479 208 1507 per
219 1479 299 1507 quem
311 1471 382 1499 facta
395 1477 459 1500 sunt
468 1473 571 1500 omnia.
586 1473 649 1500 ΑιΙι.
660 1472 805 1500 Bracbium
815 1473 851 1505 ei.
867 1473 946 1508 cujus

158 1522 201 1546 est
214 1519 366 1552 brachium,
384 1519 619 1547 consubstantiale
630 1523 682 1552 est,
700 1527 734 1546 an
751 1527 805 1546 non
822 1520 882 1547 est?
896 1521 944 1547 Ar.

157 1564 197 1592 Ita
217 1573 248 1593 se
274 1573 320 1594 res
340 1565 431 1593 habet.
462 1566 524 1593 Alh.
543 1565 631 1593 Etiam
651 1566 763 1593 dextera
788 1566 837 1597 illi.
867 1566 946 1601 cujus

157 1616 201 1640 est
212 1611 334 1643 dextera.
360 1612 606 1639 consubstantialis
628 1617 682 1644 est,
698 1619 731 1638 an
750 1619 804 1639 non
817 1612 876 1639 est?
896 1612 945 1640 Ar.

158 1657 198 1685 Ita
210 1665 319 1693 quoque
327 1661 377 1685 est.
394 1657 447 1684 Sed
463 1661 491 1684 tu
501 1656 568 1692 quid
579 1657 619 1684 vis
635 1665 678 1684 me
691 1661 823 1684 aeternum
840 1657 946 1684 Numen

158 1704 341 1739 componere?
351 1703 532 1738 Nunquamne
557 1703 724 1731 Clementem
738 1703 812 1730 Petri
829 1703 946 1738 apostoli

158 1750 323 1785 discipulum
339 1750 450 1780 audisti,
469 1749 516 1784 qui
530 1749 640 1785 quidem
666 1749 825 1784 hujnsmodi
849 1750 946 1776 evertit

158 1795 331 1823 doctrinam?
344 1796 407 1823 Ath.
425 1795 592 1829 Memineris,
615 1803 719 1830 quazso,
736 1795 833 1827 amice,
850 1802 945 1822 eorum

159 1848 219 1876 quae
229 1841 302 1868 dicta
319 1845 394 1872 sunt,
411 1848 462 1868 nec
478 1842 545 1869 velis
561 1848 664 1868 errare.
682 1840 737 1876 Ego
753 1842 826 1868 enim
839 1839 946 1868 Numen

158 1895 285 1919 veneror,
304 1887 377 1922 quod
399 1888 435 1914 sit
461 1887 587 1922 simplex,
610 1895 661 1914 nec
685 1887 880 1922 compositum,
899 1890 945 1914 aut

159 1933 407 1968 circumscriptum,
426 1933 508 1968 idque
523 1941 556 1961 ex
567 1933 653 1960 sacris
667 1937 694 1960 et
706 1932 808 1960 divinis
822 1932 946 1967 Scriptu—

159 1981 198 2008 ris
210 1979 304 2011 didici,
316 1987 366 2006 nec
381 1987 436 2006 non
452 1979 540 2006 abhis
555 1979 601 2014 qui
619 1979 749 2006 continua
769 1979 946 2006 successione

158 2025 278 2061 episcopi
292 2025 413 2053 fuerunt.
438 2024 545 2052 Nullam
563 2025 647 2060 igitur
672 2025 754 2052 aliam
780 2025 814 2051 ob
833 2032 943 2051 causam

160 2071 302 2107 Scriptura
329 2071 440 2104 Filium,
473 2071 618 2098 brachium
640 2074 667 2097 et
690 2070 829 2098 dexteram
854 2074 943 2102 vocat,

157 2126 240 2153 quam
256 2121 285 2145 ut
302 2118 345 2152 pie
371 2117 555 2152 intelligamus
585 2116 685 2143 Filium
701 2123 762 2144 esse
788 2115 861 2143 Patri
879 2125 945 2144 con-

158 2162 367 2190 substantialem
383 2170 389 2187 :
403 2162 466 2197 quia
492 2161 621 2188 nimirum
651 2161 680 2187 in
707 2160 817 2188 homine
836 2161 944 2196 concipi

998 232 1052 259 τῶν
1068 232 1104 268 μὴ
1117 232 1273 268 ὁρωμένων.

1033 278 1077 305 31.
1102 279 1164 313 'Ap.
1189 276 1265 305 εἶπε·
1281 278 1343 310 Πῶς
1363 276 1435 305 οὖνὸ
1451 277 1552 313 Κύριος
1573 277 1663 311 λέγει·
1682 286 1691 302 ί
1712 275 1791 310 Ἐγώ

998 326 1056 360 εἰμι
1068 326 1084 360 ή
1098 325 1219 360 ἄμπελος
1233 324 1384 360 ήάληθινὴ,
1402 325 1449 351 καὶ
1464 325 1478 350 ὁ
1492 323 1586 360 Πατήρ
1600 332 1651 359 μου
1667 324 1681 349 ὁ
1697 332 1791 358 γεωρ-

998 370 1045 404 γός
1060 372 1135 403 ὲστι;
1155 380 1164 396 ›
1182 371 1227 406 Μὴ
1248 370 1358 397 δύναται
1375 370 1497 405 ἄμπελος
1517 369 1564 396 καὶ
1579 368 1702 404 γεωργὸς
1714 366 1790 394 εἶναι

998 416 1145 451 ὁμοούσια;
1165 417 1223 444 Ἀθ.
1239 413 1314 442 εἶπε·
1327 415 1372 451 Μὴ
1382 415 1570 451 ἀκρωτηρίαζε
1585 414 1634 450 τὴν
1643 414 1790 450 Κυριακὴν

999 464 1106 498 φωνήν·
1125 462 1193 495 ἀλλ“,
1208 462 1245 494 ὡς
1270 464 1368 494 χεῖται,
1396 462 1543 496 ἀνάγνωθι.
1559 471 1568 487 ‹
1597 460 1667 495 Ἐγώ
1683 461 1752 496 εἰμι,
1775 470 1785 485 ι

998 509 1081 544 φησὶν
1101 509 1116 535 ὁ
1139 509 1251 545 Κύριος,
1272 519 1281 534 ε
1301 510 1317 545 ἠ
1338 508 1458 544 ἄμπελος
1476 509 1492 544 ὴ
1511 508 1640 544 ἀληθινὴ,
1657 508 1735 542 ὑμεῖς
1752 507 1791 533 τὰ

999 556 1135 591 κλήματα,
1149 556 1164 581 ὁ
1178 556 1273 591 Πατήρ
1285 564 1336 590 μου
1356 556 1370 581 ὁ
1385 555 1507 591 γεωργός
1522 556 1604 582 ἐστιν.
1626 565 1636 581 ι
1654 554 1721 581 Εἰπέ
1740 563 1790 590 μοι

997 599 1043 628 οὖν
1054 611 1061 617 ·
1080 603 1104 629 εί
1121 603 1135 628 ὁ
1150 602 1214 634 Υἱὸς
1225 602 1366 637 όμοούσιος
1383 602 1421 638 τῷ
1433 603 1520 638 Hirpi.
1534 602 1583 628 οὐκ
1600 601 1672 628 ἐστιν
1687 602 1720 628 ὲκ
1737 600 1790 627 τοῦ

998 648 1220 684 παραδείγματος
1239 647 1290 683 τῆς
1315 648 1437 684 ἀμπέλου
1458 649 1506 675 καὶ
1523 647 1568 674 τοῦ
1583 647 1717 683 γεωργοῦ,
1730 645 1790 682 ἇρσ.

996 697 1053 727 τοῖς
1079 695 1234 731 ἀνθρώποις
1262 695 1403 730 ὁμοούσιον
1426 695 1506 722 αὐτὸν
1523 695 1592 730 φῄς
1613 695 1677 728 Ἀρ.
1703 691 1787 720 εἶτεν

997 741 1043 777 Μὴ
1057 741 1178 776 γένοιτοί
1194 742 1254 768 Ἀθ.
1279 740 1352 767 εἷπε·
1379 741 1493 776 Πραέως
1507 741 1634 771 ἄκουσον,
1655 740 1702 766 καὶ
1717 740 1790 775 πρὸς

997 787 1083 814 ταῦτα
1094 787 1192 818 ἀπόδος
1205 795 1248 821 μοι
1262 787 1356 821 λόγον·
1375 787 1407 814 Ἣ
1419 786 1540 822 ἄμπελος
1554 786 1601 813 καὶ
1615 786 1648 813 τὰ
1659 786 1790 821 κλήματα

997 835 1127 870 ὁμοούσια
1144 834 1283 870 τυγχάνει,
1295 833 1338 860 ναὶ
1352 833 1369 869 ῆ
1382 832 1430 865 ob;
1444 834 1507 867 Ἀρ.
1521 830 1597 859 εἶπεν
1606 841 1613 846 -
1632 831 1790 867 Ἀραρότως

998 880 1084 907 ταῦτα
1100 880 1185 912 οὕτως
1202 879 1268 914 ἔχει.
1290 878 1370 911 Ἀξιῶ
1385 878 1524 914 συντόμως
1540 877 1588 904 καὶ
1607 878 1640 913 τῇ
1656 877 1710 912 (67)
1725 877 1790 903 τού-

998 935 1044 954 του
1058 925 1205 961 κεφαλαίου
1218 926 1352 962 σαφηνείᾳ
1368 927 1396 952 ὲν
1411 925 1487 960 τάχει
1500 925 1587 960 πέρας
1600 923 1732 951 ἐπιθεῖναι
1746 923 1791 950 θέ-

997 972 1094 1007 λησον,
1115 972 1188 1003 ὅπως
1212 970 1286 1006 κάμὲ
1308 971 1424 1006 ποιήσῃς
1446 969 1579 1002 τοιοῦτον,
1606 966 1662 1001 οἷος
1682 969 1729 995 καὶ
1753 969 1791 995 σὺ

996 1018 1149 1054 τυγχάνεις.
1162 1019 1222 1045 Ἀθ.
1237 1015 1329 1043 εἶπεν·
1348 1016 1410 1043 Ἐὰν
1425 1015 1462 1052 μὴ
1477 1016 1608 1052 πρότερον
1623 1016 1706 1051 ὅνπερ
1737 1016 1790 1041 ἑπ-

999 1064 1095 1099 ερωτῶ
1121 1063 1226 1098 ἀποδῷς
1248 1072 1292 1098 μοι
1313 1063 1407 1097 λόγον,
1426 1063 1456 1088 οὐ
1471 1062 1508 1097 μὴ
1522 1061 1607 1098 λάϐῃς
1628 1061 1659 1087 τὸ
1671 1061 1790 1096 αἴτημα-

999 1110 1063 1143 Ἀρ,
1078 1107 1154 1135 εἶπεν
1167 1118 1173 1124 ·
1195 1108 1229 1136 Ὃ
1245 1108 1333 1140 θέλεις
1350 1108 1424 1142 λέγε,
1440 1107 1529 1137 καὶεί
1541 1107 1595 1142 (68)
1612 1116 1638 1133 τι
1656 1108 1785 1142 ἐγχωρεῖ,

997 1155 1068 1182 κατὰ
1087 1155 1118 1181 τὸ
1135 1155 1245 1181 δυνατὸν
1260 1154 1453 1190 ἀποκρίνομαι.
1470 1154 1531 1181 Ἀθ.
1547 1152 1607 1180 εἶπε
1618 1162 1624 1168 ·
1643 1152 1723 1186 Δεξιὰ
1738 1152 1792 1179 καὶ

998 1200 1116 1236 βραχίων
1137 1201 1201 1237 περὶ
1223 1199 1290 1227 Θεοῦ
1313 1200 1467 1235 γέγραπται
1494 1199 1565 1230 τίνος
1593 1199 1701 1231 'évexev;
1718 1199 1784 1233 Ἀρ.

997 1244 1057 1272 εἶπε
1069 1255 1075 1261 ·
1091 1246 1130 1272 Τὰ
1145 1245 1256 1273 τοιαῦτα
1273 1246 1341 1282 πρὸς
1357 1245 1407 1277 τὰς
1421 1244 1549 1276 ἐπιϐολὰς
1559 1244 1666 1276 καὶτὰς
1677 1245 1788 1271 ἀκολου-

997 1291 1056 1324 θίας
1072 1292 1195 1328 νοοῦμεν.
1219 1292 1281 1320 Ἐὰν
1306 1292 1373 1328 λέγῃ
1389 1291 1459 1318 κατὰ
1473 1291 1512 1323 τὺ,
1540 1301 1549 1317 ι
1569 1291 1602 1317 Αἱ
1628 1291 1718 1327 χεῖρές
1737 1300 1789 1317 σου

997 1338 1127 1373 ἐποίησάν
1144 1347 1176 1373 με
1188 1358 1194 1365 .
1213 1338 1259 1364 καὶ
1276 1337 1396 1364 ἔπλασαν
1415 1345 1464 1372 με,
1483 1346 1492 1362 ι
1507 1335 1677 1371 γινώσκομεν
1693 1336 1724 1362 τὸ
1735 1336 1786 1371 δη-

998 1383 1155 1418 μιουργικὸν
1176 1383 1223 1410 τοῦ
1244 1382 1311 1409 Θεοῦ
1333 1381 1458 1409 ἐνταῦθα.
1485 1381 1576 1409 ”οπότ’
1600 1381 1632 1408 ἂν
1657 1381 1684 1408 δὲ
1706 1381 1789 1416 λέγῃἸ

999 1439 1008 1455 ι
1034 1429 1062 1455 ’0
1079 1429 1197 1465 βραχίων
1211 1429 1312 1464 Κυρίου
1329 1429 1381 1455 τίνι
1406 1427 1589 1463 ἀπεκαλύφθη
1603 1435 1610 1460 ;
1629 1436 1638 1453 ι
1658 1427 1786 1462 φανερὸν,

996 1475 1036 1502 ὅτι
1056 1475 1120 1512 περὶ
1136 1475 1200 1502 Υἱοῦ
1219 1476 1328 1510 φάσκει.
1343 1476 1415 1512 Πρὸς
1428 1475 1457 1501 δὲ
1471 1474 1575 1506 τούτοις
1591 1475 1637 1501 καὶ
1653 1474 1693 1506 τὸ,
1711 1483 1720 1500 ι
1731 1475 1782 1500 Δε-

997 1522 1041 1556 ξιὰ
1055 1523 1158 1558 Κυρίου
1175 1522 1285 1558 ἐποίησε
1304 1522 1434 1558 δύναμιν,
1454 1531 1463 1548 ι
1483 1521 1705 1558 ὁμολογουμένως
1721 1521 1786 1556 περὶ

998 1568 1063 1594 Υἱοῦ
1077 1568 1212 1603 σημαίνει,
1232 1567 1265 1593 δι’
1283 1563 1312 1594 οὗ
1330 1566 1364 1593 τὰ
1387 1567 1476 1594 πάντα
1489 1567 1609 1601 γέγονεν.
1630 1567 1688 1593 Ἀθ.
1701 1564 1764 1593 εἷπε
1775 1574 1782 1580 ·

997 1614 1132 1649 Βραχίων,
1144 1611 1174 1640 οὗ
1191 1615 1248 1640 ἐστι
1268 1612 1397 1648 βραχίων,
1410 1613 1550 1648 ὸμοούσιος
1566 1613 1694 1648 τυγχάνει
1707 1632 1715 1644 ,
1740 1612 1789 1639 ναὶ

997 1660 1013 1695 ἢ
1034 1659 1082 1693 οὖ;
1100 1661 1164 1694 Ἀρ.
1192 1657 1282 1686 εἶπεν⁸
1306 1659 1399 1692 Οὕτως
1424 1660 1490 1695 ἔχει.
1510 1661 1571 1687 Ἀθ.
1596 1658 1672 1686 εἶπε·
1690 1659 1745 1686 Καὶ
1766 1660 1785 1694 ἡ

996 1705 1081 1738 δεξιὰ,
1096 1702 1126 1732 οὗ
1143 1707 1201 1733 ἐστι
1215 1706 1299 1738 δεξιὰ,
1311 1706 1452 1742 ὁμοούσιός
1467 1707 1535 1739 ἐστι,
1556 1706 1601 1733 ναὶ
1619 1705 1635 1741 ἢ
1652 1705 1700 1738 οὕ;
1719 1706 1784 1739 Ἀρ.

997 1750 1086 1779 εἷπεν·
1105 1752 1197 1784 Οὕτως
1209 1753 1274 1787 ἔχει.
1289 1754 1325 1781 Σὺ
1342 1753 1371 1780 δὲ
1394 1754 1420 1780 τί
1436 1753 1488 1788 φῄς
1506 1761 1540 1788 με
1562 1752 1647 1779 ἀΐδιον
1664 1751 1785 1778 συντίθε-

997 1798 1058 1824 σθαι
1073 1798 1102 1824 τὺ
1117 1797 1208 1831 Θεῖον;
1226 1797 1283 1825 Οὐκ
1301 1798 1466 1834 ὲπηκροάσω
1483 1797 1547 1824 ποτὲ
1564 1796 1722 1832 Κλήμεντος
1736 1796 1785 1824 τοῦ

997 1843 1284 1879 παρακολουθήσαντος
1298 1844 1393 1879 Πέτρῳ
1406 1843 1443 1879 τῷ
1456 1843 1608 1879 ἁποστόλῳ,
1620 1843 1648 1875 ὃς
1660 1843 1785 1879 καθαιρεῖ

996 1890 1044 1925 τὴν
1059 1889 1186 1924 τοιαύτην
1199 1889 1275 1922 δόξαν
1289 1898 1296 1923 ;
1321 1890 1381 1917 Ἀθ.
1395 1887 1456 1916 εἶπε
1466 1897 1473 1904 θ
1495 1889 1626 1924 Μέμνησο
1641 1888 1695 1915 τῶν
1707 1890 1780 1924 είρη-

998 1935 1096 1970 μένων,
1105 1931 1127 1960 ὦ
1139 1935 1275 1970 ἄνθρωπε,
1292 1935 1338 1961 καὶ
1352 1934 1390 1970 μὴ
1405 1933 1508 1960 πλανῶ.
1524 1932 1593 1967 Ἐγὼ
1605 1933 1659 1968 γὰρ
1671 1932 1781 1965 ἁπλοῦν,

996 1979 1141 2008 ἀσύνθετον
1153 2000 1160 2012 ,
1177 1980 1365 2016 ἀπερίγραφον
1384 1979 1440 2015 (69)
1459 1979 1489 2005 τὸ
1503 1978 1580 2005 Θεῖον
1594 1979 1716 2014 σέϐομαι,
1733 1987 1781 2014 με-

998 2025 1126 2062 μαθηκὼς
1140 2027 1171 2053 ὲκ
1185 2026 1239 2053 τῶν
1263 2026 1342 2062 ἱερῶν
1364 2026 1412 2052 καὶ
1426 2025 1505 2051 θείων
1526 2024 1654 2061 Γραφῶν,
1668 2025 1715 2051 καὶ
1729 2024 1781 2051 τῶν

996 2072 1113 2107 καθεξῆς
1132 2072 1328 2108 διαδεξαμένων
1346 2072 1395 2107 τὴν
1417 2071 1579 2107 ὲπισκοπήν.
1605 2070 1716 2102 Οὐδενὸς
1736 2068 1782 2097 οὖν

996 2116 1089 2151 ἑτέρου
1103 2116 1195 2142 ἕνεκεν
1209 2115 1330 2152 ήΓραφὴ
1345 2115 1474 2152 βραχίονα
1487 2116 1534 2142 καὶ
1548 2115 1637 2147 δεξιὰν
1651 2115 1727 2142 καλεῖ
1738 2115 1781 2142 τὸν

996 2162 1070 2194 Υἰὺν,
1085 2162 1101 2198 ἦ
1118 2163 1162 2189 ἴνα
1176 2162 1294 2194 εὐσεϐῶς
1310 2162 1414 2198 νοῶμεν
1430 2161 1571 2198 ὁμοούσιον
1585 2162 1649 2188 ὅντα
1662 2162 1707 2188 τὸν
1720 2162 1783 2188 Υίὺν

157 2218 213 2238 non
243 2213 344 2245 potest,
375 2209 492 2235 diversa:
512 2215 573 2235 esse
605 2207 766 2234 substantiae
788 2207 943 2240 brachium,

999 2209 1035 2244 τῷ
1052 2209 1155 2244 Πατρὶ,
1172 2208 1216 2235 διὰ
1230 2208 1260 2235 τὺ
1279 2208 1468 2244 ἀνεγχώρητον
1484 2208 1527 2234 ἐπ’
1545 2208 1688 2243 ἀνθρώπου
1702 2208 1781 2234 ἐκλα-

156 2256 296 2284 dexteram
311 2259 339 2283 et
354 2255 480 2290 digitum,
511 2259 593 2289 prout
618 2254 725 2290 singula
742 2254 851 2282 illorum
867 2255 945 2282 diil'e-

156 2307 231 2330 runt.
248 2302 296 2329 Ar.
313 2301 462 2329 Consentio
485 2300 584 2327 Filium
598 2299 671 2327 Patri
683 2308 744 2328 esse
761 2301 944 2329 eunsubstan-

155 2349 268 2377 tialem:
288 2348 345 2384 jam
355 2347 422 2383 quid
451 2348 515 2375 vitis
538 2347 684 2382 signiﬁcet,
706 2347 770 2374 mihi
789 2348 870 2374 velim
900 2356 944 2375 ex-

156 2403 254 2432 ponas.

191 2486 236 2514 52.
253 2485 316 2513 Ath.
341 2485 398 2513 Duo
424 2486 487 2513 vitis
511 2493 611 2520 genera
637 2485 706 2513 solet
727 2493 942 2513 commemorare

155 2533 248 2560 divina
265 2532 523 2567 Scriptura,bonam
536 2531 644 2566 quidem
654 2539 745 2564 unam,
758 2531 939 2564 fructiferam,

155 2578 362 2610 exhilarantem,
395 2581 422 2605 et
452 2577 634 2604 lmtiﬁcantem
659 2585 708 2604 cor
728 2577 858 2610 hominis,
878 2585 939 2612 qua:

998 2255 1055 2282 δεῖν
1069 2263 1130 2281 τινα
1151 2254 1304 2291 ἐτερούσιον
1325 2255 1369 2281 τὸν
1385 2255 1525 2290 βραχίονα,
1542 2254 1558 2289 ἢ
1573 2254 1621 2289 τὴν
1633 2253 1722 2286 δεξιὰν
1736 2254 1780 2280 καὶ

996 2301 1042 2329 τὸν
1061 2301 1205 2334 δάκτυλον,
1219 2301 1257 2333 ὡς
1279 2301 1391 2328 ἕκαστον
1413 2300 1502 2327 αὐτῶν
1516 2300 1570 2335 (70)
1586 2299 1722 2336 διαφέρειν
1735 2299 1780 2326 πέ-

997 2357 1091 2382 φυκεν.
1107 2348 1169 2381 Ἀρ.
1186 2345 1245 2374 εἶπε
1257 2356 1264 2362 ·
1277 2347 1407 2382 Σύμιρημι
1418 2346 1559 2382 ὁμοούσιον
1575 2343 1645 2373 εἶναι
1660 2346 1705 2372 τὸν
1718 2345 1779 2372 Υἱὸν

996 2394 1033 2429 τῷ
1049 2394 1149 2430 Πατρί·
1165 2394 1263 2425 ἀπόδος
1278 2401 1322 2428 μοι
1350 2392 1440 2419 λοιπὸν
1462 2392 1540 2427 λόγον
1571 2393 1634 2428 περὶ
1656 2393 1705 2428 τῆς
1726 2393 1778 2428 ἀμ-

994 2440 1075 2466 πέλου

1029 2485 1073 2511 52.
1098 2485 1156 2512 Ἀθ.
1177 2482 1236 2510 εἷπε
1250 2492 1256 2499 ·
1285 2483 1336 2510 Δύο
1352 2484 1453 2518 γενεῶν
1473 2484 1595 2519 ἀμπέλου
1613 2482 1691 2509 εἴωθε
1714 2491 1778 2519 μνη-

995 2530 1117 2566 μονεύειν
1133 2531 1150 2565 ὴ
1173 2529 1232 2556 θεία
1248 2529 1358 2565 Γραφὴ,
1382 2530 1445 2565 μίαν
1467 2530 1515 2565 μὲν
1532 2529 1652 2565 χρηστὴν
1667 2529 1714 2555 καὶ
1736 2529 1776 2555 εύ-

985 2570 1142 2611 ’φραντικήν
1163 2584 1192 2602 τε
1216 2575 1262 2601 καὶ
1279 2575 1477 2610 χαροποιΟὖσαν
1493 2574 1606 2610 καρδίαν
1622 2573 1775 2610 ἀνθρώπου,

189 2655 211 2672 ⁵ο
230 2661 309 2683 man.
326 2663 374 2687 xv,
392 2655 417 2682 l.
457 2655 479 2670 ⁸ο
498 2654 572 2682 Psal.
587 2662 671 2682 cxvrn
683 2674 690 2687 ,
707 2653 750 2681 73.
789 2655 810 2670 ⁶¹
831 2654 884 2689 lsa.
903 2661 945 2682 Lm

1004 2673 1011 2680 .
1049 2654 1072 2670 θ’
1091 2653 1163 2681 Psal.
1182 2661 1270 2683 cxvu,
1289 2652 1332 2680 16.

191 2743 403 2782 (δη-Βεεὶυελει
416 2743 586 2782 Βηξίιη-ἁξιῶ
597 2741 642 2782 οὖν
655 2744 702 2782 καί
711 2745 755 2780 τῇ.
764 2743 940 2782 Anglicanus,

154 2778 222 2814 ἁξιῶ
234 2778 280 2807 οὖν
294 2778 432 2815 ἔυντόιμυς
455 2779 539 2807 Paulo
552 2784 612 2815 post
626 2778 802 2816 Anglicanus,
812 2778 942 2806 κέλευσον

155 2825 204 2852 pro
221 2819 343 2846 θέλησον.

190 2852 217 2880 46
240 2856 246 2880 )
263 2852 367 2885 Anglic.
387 2852 432 2878 καὶ
445 2851 495 2877 ἔτι.

1031 2743 1087 2780 (69)
1102 2743 1140 2771 Ita
1158 2751 1253 2780 omnes
1273 2751 1339 2780 mss.
1356 2749 1452 2780 praeter
1463 2742 1531 2777 Aug.
1546 2749 1626 2777 quem
1653 2740 1774 2777 sequitur

995 2777 1060 2807 edit.
1074 2779 1160 2806 Paris.
1177 2779 1312 2813 hahelque
1324 2777 1540 2814 ἀπερίγραπτον.

1031 2815 1086 2851 (70)
1101 2815 1170 2850 Aug.
1186 2814 1276 2840 αὐτόν.
