1929 3056
137 104 188 135 484

713 104 918 133 DlSPUTATIO
938 105 1078 134 CONTRA
1098 105 1218 135 ARIUM.

1712 109 1765 136 483

138 169 185 195 τὸν
203 166 310 202 Κυριον
337 166 432 202 ιησοῦν
450 167 581 201 Χριστόν·
598 166 714 201 θατέραν
732 166 761 192 δὲ
776 166 823 192 τὸν
841 165 920 192 διάὁοι

983 171 1024 194 est
1046 166 1176 194 Dominus
1208 166 1288 195 Jesus
1312 166 1452 196 Christus.
1465 168 1525 195 Alia
1558 170 1600 196 est
1624 168 1762 201 diabolus.

139 212 195 243 λον,
211 211 314 238 λύσσαν
333 213 379 238 καὶ
400 212 438 238 ἰὸν
454 212 652 243 ἀποστάζοντα,
670 211 741 238 κατὰ
754 211 784 238 τὸ
806 219 931 246 γεγραμ-

141 257 222 293 μένον
235 265 242 272 ·
261 266 270 283 ι
293 257 326 284 Ἦ
339 258 393 292 γὰρ
406 257 528 292 ἄμπελος
540 257 628 284 αὐτῶν
647 258 680 284 ὲκ
694 257 833 292 Σοδόμων,
850 257 898 283 καί
911 259 928 292 ἡ

139 303 276 338 κληματὶς
300 303 389 330 αὐτῶν
409 304 442 341 εκ
470 303 626 339 Γομόρῤας’
651 303 667 338 ή
689 303 810 337 σταφυλὴ
839 303 929 329 αὐτῶν

140 349 263 385 σταφυλὴ
274 349 364 384 χολῆς,
379 349 477 384 βότρυς
489 350 615 386 πικρίας·
628 351 642 376 6
658 347 727 381 οἶνος
739 349 828 376 αὐτῶν
844 349 929 384 θυμὸς

139 396 260 422 ἀσπίδων
270 395 388 427 ἀνίατος.
401 405 409 421 ι
421 396 476 422 Καὶ
491 397 505 422 6
520 396 583 428 λαὸς
596 396 624 422 δὲ
638 396 758 431 ἄμπελος
769 395 927 431 ὠνομάσθη,

139 442 188 470 καὶ
202 442 301 468 δίκαιοι
319 441 450 476 πολλαχοῦ
468 442 621 478 ὲκλήθησαν
644 442 803 478 ἀμπελῶνες
813 462 820 473 ,
836 442 927 474 ἀπλῶς

139 488 232 523 μέντοι
246 487 292 514 καὶ
309 487 516 523 ἀπολελυμένως
526 509 533 520 ,
548 489 632 524 χωρὶς
651 488 713 520 τοῦ,
729 497 737 513 ι
751 487 820 522 Ἐγώ
839 489 896 523 εἰμι
910 487 926 523 ή

138 532 260 567 ἄμπελος
277 533 293 566 ὴ
312 531 436 566 ἀληθινή.
458 542 467 558 ι
486 533 544 559 Ἵνα
564 532 601 568 μή
621 531 666 560 οὖν
684 533 730 559 καὶ
751 533 765 558 6
784 533 878 568 Σωτὴρ
895 533 926 558 ὲκ

136 580 187 613 τῆς
202 578 360 613 ἐπωνυμίας
378 578 559 614 προσλογισθῇ
571 580 631 610 ταῖς
645 578 857 614 προειρημέναις
874 579 927 613 ἀμ-

137 625 240 657 πέλοις,
260 625 291 651 οὐ
315 625 386 659 λέγω
401 625 440 660 τῷ
455 625 586 660 διαϐόλῳ,
602 624 660 651 ἀλλ’
682 622 738 651 οἷον
763 626 796 660 τῇ
814 633 925 660 μετενε-

137 671 231 707 χθείσῃ
250 670 304 707 (71)
319 671 347 704 ἐξ
361 671 499 706 Αίγύτπου
514 672 561 697 καὶ
575 670 748 707 φυτευθείσῃ,
766 671 809 697 ἵνα
824 670 925 706 ποιήσῃ

137 718 242 753 καρπον
266 717 420 752 σταςρυλῆς,
439 717 550 753 ἐποίησε
570 717 597 743 δὲ
622 716 758 749 ἀκάνθας,
772 714 833 742 εἶπε
857 716 926 752 μετά

138 763 295 799 προσθήκης
306 771 313 778 '
331 773 340 789 ι
363 763 432 798 Ἐγὼ
446 765 502 798 είμι
515 764 532 798 ή
547 763 668 798 ἄμπελος
682 763 698 797 ἡ
714 762 837 798 ἀληθινὴ,
861 772 871 788 ι
891 759 925 798 ἧς

134 812 150 836 ὁ
161 809 266 845 καρπὸς
279 809 345 843 ζωὴ,
360 809 441 845 χαρὰ,
455 810 560 845 είρήνη,
571 809 665 844 ἀγάπη
679 808 923 844 (72),δικαιοσύνη,

137 854 228 885 πίστις
255 854 486 890 εἰλικρινεστάτη,
508 854 623 888 γνῶσις,
648 855 789 886 εὐσέϐεια,
812 854 922 888 ἁγνεία,

136 900 279 935 σεμνότης,
294 899 492 936 φιλανθρωπία,
512 901 644 936 πραότης,
660 900 818 936 ἐγκράτεια,
832 900 878 926 καὶ
890 899 923 926 τὰ

133 945 314 981 παραπλήσια
332 945 447 978 τούτοις.
470 946 576 982 Ἐπειδὴ
596 945 642 972 καὶ
663 945 696 972 τά
716 945 852 981 κλήματα,
874 946 923 981 τῆς

133 991 220 1026 αὐτῆς
236 991 373 1025 εὐγενείας
392 992 441 1027 τῆς
458 991 587 1028 ἀληθινῆς
606 992 728 1028 ἀμπέλου
743 991 921 1026 τυγχάνοντα,

132 1037 175 1064 δεῖ
193 1039 285 1073 ὅμοιον
308 1038 414 1074 καρπὸν
432 1038 647 1074 προδάλλεσθαι,
661 1036 696 1074 ἦς
714 1039 782 1065 εἰσιν
799 1038 921 1073 ἀμπέλου

131 1083 270 1118 κλήματα.
288 1083 357 1115 Τοὺς
373 1084 536 1116 ἀποστόλους
553 1082 599 1111 οὖν
617 1083 679 1119 ἔφη,
696 1084 753 1119 ἅμα
767 1092 922 1119 παρασκευ-

132 1129 207 1161 άζων
230 1130 326 1162 αὐτοὺς
344 1130 474 1166 ἐμμένειν
499 1131 527 1157 ὲν
549 1130 604 1166 (75)
627 1132 659 1166 τῇ
681 1130 790 1163 πίστει,
808 1131 860 1158 καὶ
884 1130 921 1166 μὴ

132 1175 386 1211 ἀποσκιρτήσαντας
410 1178 442 1203 ὲκ
463 1177 513 1211 τῆς
537 1175 678 1211 ἀληθείας,
695 1175 790 1212 ὥσπερ
809 1175 919 1208 Ἰούδας,

132 1222 277 1257 ἀκάρπους
285 1223 444 1258 ἀπομεῖναι.
457 1223 561 1254 Οῖτινες
569 1222 621 1258 γάρ
636 1221 854 1258 ὲξολισθήσουσιν
863 1223 920 1258 (74)

131 1269 165 1294 ὲκ
179 1267 227 1302 τῆς
246 1267 291 1293 τοῦ
312 1267 412 1303 Κυρίου
429 1267 539 1302 ἀγάπης
555 1268 602 1294 καὶ
620 1267 747 1300 πίστεως,
764 1267 843 1304 δίκην
856 1267 921 1304 κλη-

134 1313 228 1349 μάτων
241 1313 464 1348 ἀποτεμνόμενοι,
481 1313 620 1348 ρίπτονται
634 1312 686 1346 ἔξω
694 1313 747 1340 τῶν
760 1313 850 1340 θείων.
863 1313 921 1350 Νη-

132 1359 244 1394 φαλίους
259 1357 304 1386 οὖν
320 1359 366 1386 καὶ
379 1359 536 1395 προθύμους
557 1359 705 1396 προτρέπει
725 1359 845 1394 γίνεσθαι
857 1361 920 1392 τοὺς

130 1405 259 1441 μαθητὰς
275 1405 319 1432 διὰ
337 1405 384 1432 τοῦ
410 1405 514 1440 φῆσαι·
532 1415 541 1432 ι
553 1406 581 1432 'U
608 1406 702 1441 Πατήρ
727 1414 776 1441 μου
799 1406 920 1441 γεωργός

131 1452 224 1484 ἔστιν,
246 1461 255 1478 ι
277 1452 379 1479 ὡσανεὶ
404 1452 514 1486 ἔλεγεν
542 1452 647 1479 Είδέναι
672 1452 743 1487 ὑμᾶς
771 1451 918 1487 βούλομαι,

129 1498 184 1531 ὅτι,
197 1498 226 1525 εἴ
238 1507 296 1525 τινα
309 1498 322 1524 ὁ
341 1498 436 1534 Πατὴρ
450 1499 464 1525 6
477 1498 542 1533 ὲμὺς
567 1499 694 1534 γεωργεῖ,
712 1499 726 1524 6
742 1497 861 1530 τοιοῦτος
874 1497 918 1524 τὸν
934 1519 954 1547 C

131 1545 199 1579 ἐμὸν
213 1544 319 1580 καρπὸν
332 1544 477 1572 ἀποδίδωσι
492 1544 529 1580 μὴ
544 1543 642 1576 ἐῶντος
655 1543 710 1579 (⁵15)
724 1544 830 1579 καρπὸν
843 1543 920 1570 ἀλλό-

131 1599 208 1627 τριον
221 1592 250 1617 ἐν
262 1592 318 1623 τοῖς
329 1590 464 1626 ἀληθινοῖς
477 1590 598 1625 κλήμασι
611 1589 661 1625 τῆς
673 1589 795 1625 ἀμπέλου
810 1589 922 1624 βλαστῆ-

132 1644 191 1664 σαι.
213 1636 424 1672 Ἐμπεριπατῶν
441 1636 494 1671 γὰρ
510 1637 538 1662 ὲν
553 1635 592 1671 τῷ
612 1635 763 1671 ἀμπελῶνι,
783 1635 920 1662 τουτέστιν

131 1683 162 1708 ὲν
173 1684 228 1714 τοῖς
243 1683 293 1718 τῆς
308 1683 396 1718 ψυχῆς
408 1682 541 1717 ταμείοις,
558 1681 646 1708 πάντα
659 1681 693 1708 τὰ
707 1681 795 1717 σαθρά
807 1682 854 1708 καὶ
870 1690 921 1716 μα-

129 1729 213 1764 νιώδη
225 1730 372 1765 περιαιρεῖ,
382 1729 450 1764 πρὸς
460 1729 490 1754 τὸ
503 1729 540 1764 μὴ
556 1728 742 1764 ὑλομανοῦσαν
754 1727 920 1764 διαφθείρειν

129 1774 214 1809 ὅνπερ
232 1773 288 1809 (76)
311 1775 324 1800 ὁ
347 1772 469 1809 γεωργὸς
497 1773 575 1799 ποθεῖ
600 1773 782 1809 προϐαλέσθαι
802 1773 917 1808 καρπόν,

136 1819 207 1847 ’Δλλ’
223 1819 314 1855 ἐπειδὴ
329 1820 344 1846 6
358 1819 408 1854 τῆς
421 1819 551 1855 αἰσθητῆς
573 1819 697 1854 ἀμπέλου
719 1819 796 1853 λόγος
807 1819 919 1846 δύναται

130 1864 318 1900 συμϐαλέσθαι
327 1865 393 1900 ήμῖν
406 1865 446 1896 εις
460 1864 490 1890 τὸ
504 1863 680 1900 ζητούμενον,
695 1864 810 1900 ἀρκτέον
827 1864 918 1891 ἐντεῦ-

129 1909 178 1935 θεν
191 1908 317 1935 ἐκθέσθαι
333 1909 381 1935 καὶ
395 1909 459 1944 περὶ
469 1908 564 1936 τούτου
583 1910 632 1944 τὴν
649 1909 796 1944 ἀφήγησιν.

166 1955 210 1982 '55.
233 1954 395 1990 Ἐπειδήπερ
410 1954 620 1989 καταλειφθεῖσα
642 1954 695 1990 πρὸ
718 1954 765 1981 τοῦ
786 1955 920 1991 χειμῶνος

127 2003 147 2037 ἡ
164 2001 285 2037 ἄμπελος
306 2000 422 2036 εὐθαλὴς
436 2009 466 2027 τε
484 2002 532 2028 καὶ
547 2001 717 2036 εὐκλήματος
735 2001 834 2038 ἔστηκε
852 2011 919 2038 καρ-

123 2047 218 2082 τερῶς
230 2048 298 2083 πρὸς
310 2047 358 2079 τὰς
369 2047 480 2081 ἐφόδους
496 2047 543 2074 τοῦ
557 2047 690 2083 χειμῶνος
701 2056 707 2063 ”
722 2048 736 2074 6
746 2048 785 2079 δὲ,
797 2049 829 2083 τῇ
846 2049 918 2084 ἀπη-

127 2093 248 2130 νεστάτῃ
263 2093 398 2130 προσϐολῇ
416 2092 463 2119 τοῦ
480 2092 580 2129 κρύους
595 2093 677 2120 αὑτοῦ
698 2094 917 2130 προσεληλυθὼς,

128 2140 328 2176 ἀπομαραίνειν
341 2139 453 2175 ἄρχεται
469 2148 530 2166 τινα
545 2140 600 2166 τῶν
614 2140 720 2175 φύλλων
737 2141 833 2176 αὐτῆς,
848 2142 918 2168 αὺτά

981 211 1083 238 rabiem
1113 215 1140 238 et
1163 220 1298 239 venenum
1322 212 1477 243 distillans,
1496 213 1533 240 uti
1551 214 1682 248 scriptum
1703 219 1761 242 est:

983 266 992 282 ι
1011 257 1078 284 Nam
1093 257 1127 285 de
1139 258 1216 285 vinea
1235 257 1427 288 Sodomorum.
1443 259 1520 286 vinea
1534 267 1627 287 eorum
1642 269 1648 286 :
1666 263 1692 287 et
1703 267 1763 287 sar-

980 307 1099 330 mentum
1129 311 1223 331 eorum
1248 312 1279 331 ex
1304 303 1466 331 Gomorrha.
1485 303 1543 332 Uva
1572 313 1679 338 eorum,
1711 314 1762 333 uva

980 348 1060 380 fellis,
1085 348 1180 376 botrus
1206 349 1398 377 amaritudinis
1415 358 1420 375 :
1436 351 1528 377 vinum
1560 358 1667 383 eorum,
1685 350 1762 379 furor

979 395 1102 429 aspidum
1121 395 1281 423 insanabilis
1298 396 1330 422 ".
1348 405 1357 422 ι
1377 395 1573 430 Populusitem
1585 397 1649 424 vitis
1668 397 1762 432 appel-

979 441 1108 473 latusest,
1127 449 1253 476 saapcque
1273 442 1340 476 justi
1367 442 1435 469 viles
1450 447 1514 470 sunt
1526 442 1611 475 dicti,
1628 443 1762 478 simplici-

978 491 1019 516 ter
1035 494 1125 516 tamen
1150 492 1177 515 et
1192 488 1327 520 absolute,
1350 496 1400 515 nec
1420 488 1462 517 de.
1481 489 1535 516 illis
1546 489 1656 521 dicitur,
1674 498 1686 515 ι
1704 489 1761 525 Ego

977 541 1038 561 sum
1053 534 1117 561 vitis
1141 542 1204 561 vera
1215 534 1247 559 ⁸⁸.
1259 543 1268 559 ι
1286 533 1421 567 Quocirca
1449 541 1483 561 ne
1507 533 1631 562 Salvator
1649 535 1683 562 ob
1711 535 1762 563 hu-

973 580 1095 615 jusmodi
1112 587 1264 615 cognomen
1277 580 1338 606 aliis
1354 587 1437 614 supra
1447 579 1528 607 dictis
1545 580 1647 608 vitibus
1671 588 1760 608 annu-

976 631 1098 653 meretur
1116 625 1181 660 (non
1201 625 1310 653 diabolo
1320 625 1435 660 tamen),
1448 626 1523 653 verbi
1546 627 1643 661 gratia,
1662 627 1709 655 viti
1725 635 1760 655 ex

976 670 1093 706 Egypto
1118 671 1258 697 translata:
1275 674 1301 698 et
1329 671 1467 706 plantatm,
1494 674 1523 698 ut
1553 672 1671 699 fructum
1702 680 1760 700 uva;

976 716 1148 751 produceret,
1176 716 1224 744 sed
1247 717 1340 751 spinas
1364 717 1510 751 produxit;
1527 718 1565 744 ait
1580 726 1641 745 cum
1656 718 1760 745 addita-

976 766 1078 794 mento,
1095 771 1104 788 ι
1120 760 1176 798 Ego
1198 770 1258 790 sum
1274 762 1338 789 vitis
1357 770 1432 796 vera,
1451 772 1460 788 ›
1478 763 1557 797 cujus
1585 763 1690 790 fructus
1717 768 1760 791 est

976 807 1042 839 vita,
1062 807 1202 842 gaudium,
1215 815 1278 842 pax,
1291 807 1428 838 Charitas,
1445 807 1562 842 justitia,
1586 808 1653 835 fides
1669 809 1760 843 puris-

976 853 1055 884 sima,
1074 852 1206 887 cognitio.
1219 852 1316 887 pietas,
1343 853 1467 884 castitas,
1485 853 1615 888 gravitas.
1633 853 1760 881 humani-

978 902 1030 930 tas,
1043 898 1235 930 mansuetudo,
1248 898 1439 933 temperantia,
1450 903 1477 926 et
1491 899 1600 926 similia.
1617 899 1684 927 Nam
1696 908 1759 928 cum

976 944 1102 979 palmites
1115 944 1209 972 eadem
1226 944 1361 979 gaudeant
1374 944 1530 976 nobilitate,
1539 953 1592 979 qua
1608 953 1672 973 vera
1684 946 1757 977 vitis,

975 994 1075 1026 parcst
1097 998 1144 1018 eos
1159 990 1276 1018 similem
1299 990 1347 1018 viti
1364 990 1482 1017 fructum
1497 991 1659 1025 producere,
1677 992 1759 1027 cujus

975 1039 1040 1064 sunt
1049 1035 1185 1071 palmites.
1202 1035 1348 1071 Apostolos
1357 1036 1440 1070 igitur
1457 1036 1598 1069 indicavit,
1612 1037 1694 1064 simul
1709 1045 1758 1065 eos

975 1082 1140 1110 confirmans
1155 1085 1183 1109 et
1198 1081 1347 1109 exhortans
1369 1084 1398 1108 ut
1413 1081 1441 1108 in
1469 1081 1521 1109 fide
1544 1086 1702 1110 constantes
1713 1091 1758 1112 es-

975 1133 1046 1160 sent,
1073 1135 1129 1155 non
1156 1131 1246 1155 autem
1273 1127 1381 1155 steriles
1404 1132 1567 1161 manerent,
1589 1135 1604 1155 a
1630 1130 1756 1162 veritate,

973 1172 1050 1200 Judte
1075 1173 1210 1208 exemplo,
1228 1173 1387 1201 resiliendo.
1415 1172 1482 1200 Nam
1507 1173 1553 1209 qui
1584 1182 1617 1202 ex
1648 1174 1756 1203 Domini

973 1219 1108 1248 cliaritate
1123 1224 1150 1247 et
1165 1219 1217 1247 fide
1234 1219 1379 1253 decidunt,
1399 1219 1487 1247 instar
1514 1221 1656 1256 palmitum
1677 1222 1758 1258 175

974 1266 1117 1301 amputati,
1139 1270 1217 1294 extra
1242 1265 1334 1294 divina
1359 1266 1551 1301 projiciuntur.
1584 1267 1633 1296 His
1664 1268 1757 1303 itaque

972 1313 1073 1345 verbis,
1093 1322 1103 1338 ι
1120 1312 1199 1340 Pater
1214 1320 1291 1340 meus
1314 1312 1432 1348 agricola
1449 1317 1501 1346 est,
1519 1323 1529 1340 ι
1543 1322 1609 1342 suos
1623 1315 1756 1342 adhorta-

973 1361 1018 1384 tur
1040 1358 1189 1393 discipulos
1216 1362 1246 1385 ut
1267 1358 1380 1393 vigilem
1401 1362 1429 1386 et
1446 1359 1592 1395 diligentes
1603 1360 1669 1393 sint,
1684 1365 1713 1388 ut
1730 1362 1754 1388 si

973 1402 1075 1431 diceret
1090 1413 1096 1431 :
1114 1403 1190 1432 Scire
1204 1412 1253 1432 vos
1266 1405 1328 1432 volo
1343 1404 1416 1439 quod
1437 1405 1459 1432 si
1486 1413 1567 1439 quem
1584 1405 1663 1433 Pater
1677 1414 1755 1434 meus

972 1449 1091 1481 excolat,
1109 1448 1154 1476 ille
1183 1449 1304 1477 fructum
1327 1457 1418 1477 meum
1443 1451 1580 1485 producit.
1599 1450 1654 1478 Nec
1681 1453 1754 1479 enim

973 1495 1040 1523 sinit
1070 1495 1188 1522 alienum
1219 1495 1339 1523 fructum
1360 1496 1386 1523 in
1401 1497 1473 1524 veris
1501 1497 1564 1524 vitis
1593 1497 1755 1532 palmitibus

971 1541 1135 1576 germinare.
1149 1541 1272 1577 Namque
1294 1542 1322 1568 ia
1346 1542 1438 1574 vinea,
1455 1544 1507 1570 hoc
1530 1547 1572 1570 est
1596 1544 1623 1570 in
1656 1544 1755 1571 anima:

971 1588 1168 1623 penetralibus,
1188 1588 1366 1616 deambulans
1378 1589 1503 1624 .putrida
1518 1590 1609 1617 omnia
1629 1594 1656 1617 et
1679 1591 1757 1618 luxu-

970 1633 1069 1660 riantia
1087 1638 1218 1668 amputat,
1235 1641 1270 1661 ne
1289 1635 1439 1662 silvescens
1452 1634 1570 1662 fructum
1585 1641 1753 1671 corrumpat,

970 1687 1050 1714 quem
1075 1681 1195 1715 agricola
1210 1684 1286 1715 optat
1303 1681 1427 1716 produci.
1451 1680 1553 1709 Verum
1582 1682 1754 1717 quandoqui-

970 1726 1030 1754 dem
1046 1727 1184 1754 sensibilis
1200 1727 1263 1754 vitis
1287 1727 1440 1762 exemplum
1464 1728 1543 1755 nobis
1558 1728 1661 1763 aliquid
1686 1736 1754 1756 con-

970 1773 1041 1801 ferre
1056 1777 1145 1809 potest
1173 1773 1206 1801 ad
1220 1773 1247 1800 id
1266 1774 1299 1801 de
1317 1782 1373 1810 quo
1394 1774 1585 1810 agitur;inde,
1606 1775 1630 1802 si
1653 1775 1753 1810 placet,

969 1828 1026 1847 rem
1042 1828 1178 1856 exponere
1189 1821 1340 1848 ordiamur.

1004 1953 1048 1980 55.
1059 1951 1143 1980 Vinea
1155 1956 1219 1980 ante
1229 1952 1345 1980 biemem
1360 1952 1456 1980 viridis
1469 1956 1496 1980 et
1512 1953 1670 1987 palmitibus
1683 1953 1752 1981 bene

969 2004 1076 2033 ornata,
1098 2003 1194 2027 contra
1216 1999 1315 2027 hiemis
1345 1999 1473 2027 incursus
1501 1998 1608 2027 fortiter
1636 1999 1750 2028 resistit.

969 2045 1063 2074 Hieme
1080 2049 1171 2073 autem
1188 2045 1372 2073 immitissima
1390 2044 1502 2080 frigoris
1523 2045 1688 2080 impulsione
1706 2053 1752 2073 ac-

968 2093 1091 2125 cedente,
1106 2092 1229 2127 quaedam
1257 2091 1321 2118 vitis
1336 2091 1400 2118 folia
1420 2095 1563 2126 cmperunt
1583 2099 1751 2118 marcescere

968 2146 1028 2173 qua:
1042 2146 1104 2165 cum
1115 2142 1209 2165 essent
1232 2137 1340 2172 putrida
1351 2157 1358 2167 ,
1374 2143 1424 2164 nec
1439 2136 1592 2163 censistcre
1618 2137 1750 2170 valerent,

128 2187 173 2218 δὲ,
186 2187 229 2214 διὰ
251 2187 300 2222 τὴν
315 2186 468 2222 σαθρότητα
488 2186 633 2213 ἀτονοῦντα
645 2207 652 2219 ,
668 2187 845 2214 ἐκπίπτουσιν
863 2188 917 2215 ἀπὸ

975 2193 984 2213 a
998 2184 1113 2212 summis
1127 2184 1250 2219 partibus
1262 2183 1432 2214 deciderunt,
1445 2186 1526 2217 atque
1543 2182 1580 2209 ita
1597 2190 1612 2209 e
1628 2182 1751 2216 superiv-

128 2233 184 2261 τῶν
198 2232 361 2268 ὑψωμάτων,
380 2233 433 2259 ἀπὸ
446 2232 499 2259 τῶν
510 2233 638 2268 ἀνωτέρω
656 2233 710 2268 (77)
726 2234 772 2260 ὲπὶ
787 2234 821 2261 τὰ
835 2234 917 2269 βαθύ-

127 2287 197 2315 τερα
214 2279 368 2315 φερόμενα,
390 2277 448 2305 εἶτα
471 2279 545 2314 μένει
568 2280 585 2314 ἡ
604 2279 726 2314 ἄμπελος
748 2280 917 2316 εὐκλήματος

128 2323 280 2359 ἀντέχουσι
292 2325 324 2359 τῇ
339 2323 409 2359 φορᾷ
423 2323 478 2359 (78)
497 2323 544 2350 τοῦ
560 2323 703 2359 χειμῶνος.
722 2325 753 2352 Εί
770 2325 799 2352 δὲ
814 2327 846 2361 τῇ
863 2335 916 2353 πα-

128 2371 236 2406 ραμονῇ
249 2369 300 2404 τῆς
314 2369 433 2405 ἀκράτου
448 2369 615 2405 ψυχρότητος
631 2370 782 2405 κατέϐλαψέ
793 2380 853 2398 τινα
863 2372 924 2399 τῶν·

128 2415 287 2451 κλημάτων,
299 2415 372 2451 ὅμως
388 2417 421 2451 τῇ
435 2416 559 2442 ὲνστάσει
573 2416 589 2451 ἡ
601 2415 721 2451 ἄμπελος
735 2417 783 2443 σὺν
796 2418 852 2449 τοῖς
869 2426 917 2444 πε-

129 2461 305 2497 ριλειφθεῖσιν
321 2462 390 2497 αὐτῇ
403 2462 532 2496 ὑγιεινοῖς
555 2462 690 2498 κλήμασιν
704 2462 854 2499 ἐπεραίωσε
870 2463 916 2490 τὸν

127 2507 269 2542 χειμῶνα,
284 2507 331 2534 καὶ
347 2507 379 2533 ὲκ
400 2507 446 2533 τοῦ
467 2506 622 2542 χειμερινοῦ
644 2507 766 2542 καμάτου
788 2507 914 2542 ἐξέφυγε.

166 2583 189 2600 ⁸³
207 2583 286 2613 Deut.
304 2592 396 2617 xxx“,
413 2584 463 2616 32,
480 2585 525 2612 35.
564 2584 586 2600 “
607 2583 684 2613 loan.
700 2592 746 2617 xv,
765 2585 791 2612 l.

180 2670 223 2708 :ll)
236 2672 306 2708 Aug.
319 2672 377 2699 οἷαν
389 2672 642 2708 ,μετενεχθεῖσανεμ
660 2672 706 2699 καὶ
723 2673 910 2708 φυτευθεῖσαν.

179 2707 223 2741 72)
238 2707 289 2743 Sic
300 2707 409 2741 Regius,
426 2712 453 2743 ut
467 2712 494 2734 et
508 2707 573 2743 legit
597 2707 734 2736 Nannius.
760 2709 788 2736 In
805 2709 912 2736 caeteris

125 2744 155 2769 et
173 2742 200 2768 in
212 2742 306 2777 editis,
319 2742 412 2777 ἀγάπη
425 2742 511 2769 deest.

111 2771 116 2784 '
166 2777 223 2811 (73)
240 2777 279 2804 Ita
294 2771 359 2811 Reg.
374 2771 476 2804 ln'aliis
488 2785 552 2806 vero
570 2782 597 2807 et
615 2778 643 2806 in
659 2778 725 2807 edit.
745 2780 772 2805 ὲν
791 2778 877 2806 deest.

179 2811 223 2847 74)
237 2811 307 2846 Aug.
321 2811 534 2847 ἑξολισθήσασιν.

180 2846 224 2883 τίς)
241 2846 310 2883 Aug.
325 2846 362 2882 μὴ
373 2846 469 2873 Δἐῶνται.

967 2231 1045 2258 ribus
1061 2231 1129 2258 locis
1144 2231 1172 2258 in
1184 2229 1315 2257 inferiora
1342 2233 1407 2256 sunt
1431 2228 1560 2264 delapsa:
1582 2230 1636 2256 stat
1652 2227 1750 2254 deinde

967 2277 1032 2305 vitis
1051 2284 1113 2304 cum
1141 2276 1312 2312 palmitibus,
1344 2275 1441 2303 hiemis
1463 2275 1576 2311 impetui
1600 2273 1749 2301 obsistens.

967 2324 1021 2351 Aut
1037 2324 1059 2350 si
1086 2323 1185 2351 summi
1214 2322 1324 2356 frigoris
1351 2321 1556 2356 perseverantia
1580 2319 1691 2356 quidam
1716 2326 1750 2346 nx

968 2369 1126 2405 palmitibus
1142 2369 1198 2396 laesi
1222 2367 1335 2399 fuerint,
1359 2372 1450 2395 tamen
1469 2367 1534 2395 vitis
1560 2373 1622 2393 cum
1638 2365 1751 2399 reliquis

969 2416 1044 2443 sanis
1061 2414 1220 2449 palmitibus
1243 2417 1401 2441 constanter
1416 2420 1541 2444 manens,
1552 2412 1667 2440 hiemem
1683 2410 1751 2438 ellu-

969 2462 1007 2497 git
1019 2465 1046 2489 et
1066 2469 1099 2489 ex
1110 2461 1234 2488 hibernis
1244 2460 1375 2488 arumnis
1389 2459 1488 2487 evasit.
1502 2458 1570 2485 Cum
1593 2461 1684 2485 autem
1704 2464 1750 2484 ver

969 2507 1100 2543 attigerit,
1110 2507 1158 2542 qui
1175 2514 1263 2534 novus
1282 2510 1325 2534 est
1342 2513 1442 2537 anuus,
1457 2508 1548 2539 sperat
1575 2511 1604 2531 se
1631 2503 1750 2538 quietem

1001 2671 1057 2706 (76)
1071 2671 1116 2697 Sic
1129 2669 1277 2706 RegtAug.
1292 2675 1365 2706 vero,
1379 2665 1564 2706 υλομανοῡσαν
1588 2665 1751 2699 συμπνίγειν

966 2703 1067 2740 ὦνπερ.
1086 2703 1372 2740 Εάίιὶξύλομᾶνοῦσαν
1386 2703 1450 2729 ὃνπε
1455 2711 1482 2738 ρ.

1002 2740 1059 2776 (77;
1074 2740 1155 2776 Augl,
1168 2740 1322 2776 ἀνωτέρων.

1002 2769 1059 2812 ξ78)
1074 2769 1198 2812 ὃίίῖιὶιες.
1210 2780 1237 2803 et
1247 2769 1363 2811 August.
1376 2773 1428 2800 Alii
1442 2780 1506 2801 vero
1524 2778 1586 2798 cum
1600 2769 1692 2804 editis,
1715 2770 1749 2806 τῇ

969 2813 1065 2848 φθορᾷ.
