1929 3056
213 142 269 169 483

795 134 823 166 S.
845 137 1075 166 ATHANASIUS.
1097 153 1131 157 -—
1152 136 1287 164 SPURIA.

1789 132 1852 161 484

218 201 371 228 habituram
388 209 395 227 :
408 208 470 228 cum
480 200 570 228 subito
588 199 706 234 agricola
722 199 756 226 ad
771 199 856 234 ipsam
865 206 927 226 cum
943 198 1002 225 cul-

1056 197 1177 224 Ψοάσασα
1189 196 1217 222 δὲ
1233 196 1279 222 ἐπὶ
1289 196 1318 222 τὸ
1334 195 1393 230 ἔαρ,
1407 195 1474 230 ὅπερ
1487 194 1545 221 ἐστὶ
1558 194 1616 220 νέον
1633 193 1702 225 έτος,
1715 193 1791 220 δοκεῖ
1804 193 1851 219 δι-

212 251 261 273 πο
278 245 421 278 accedens,
433 245 550 279 primum
569 245 714 279 diligenter
725 251 822 270 omnes
838 243 1001 277 circumspi-

217 292 255 318 ('il.
269 291 404 326 palmites,
421 295 479 316 tum
502 297 549 317 eos
577 297 647 324 quos
670 289 757 316 hiems
788 288 888 316 laaserit
908 288 1004 322 incipit

215 342 370 372 amputare,
381 336 479 364 deinde
490 344 572 364 sanos
589 344 697 371 quoque
707 335 832 370 palmites
849 335 882 362 ad
892 334 1003 362 tertium

217 388 245 410 et
256 386 384 417 quartum
405 391 491 417 usque
515 383 624 409 oculum
640 386 770 416 amputat.
791 381 850 408 Stat
864 389 928 409 vero
944 382 1004 416 ipsa

214 428 320 455 nudata
337 428 454 462 laesaque
471 428 559 455 cultro
571 428 632 454 vitis
641 427 775 459 sublimis,
787 427 814 454 in
823 427 920 454 cuzlum
931 427 1004 461 aspi-

212 473 306 505 ciens,
321 473 541 508 lacrymaturque
564 473 674 501 tertium
688 481 774 508 usque
793 473 875 500 diem.
899 471 1000 499 Postea

219 516 275 546 Deo
283 519 448 554 providente
463 518 590 546 solatium
602 523 760 550 consecuta,
778 519 923 554 Iacrymari
938 519 1002 546 des-

215 564 280 596 init,
297 561 445 599 multisque
461 568 572 600 repente
591 564 732 600 productis
752 564 909 599 palmitibus
937 563 1003 591 talis

213 611 340 645 fapparet,
360 611 448 645 qualis
463 615 542 638 antea
558 615 627 643 erat,
649 611 704 638 imo
727 610 812 637 multo
838 609 1000 645 Speciosior.

211 650 259 681 Ἐκ
272 655 315 682 his
329 661 418 682 autem
432 663 492 691 quae
500 655 632 683 hactenus
640 656 829 690 exposuimus,
841 655 943 682 clarius
957 655 1000 682 in-

219 701 379 729 tellecturus
396 709 426 729 es
441 710 501 735 qua:
516 702 550 729 de
567 708 631 729 vera
650 702 705 729 vite
723 701 823 728 dicturi
837 709 942 729 sumus.

1053 241 1250 268 αναπαύεσθαι·
1267 240 1406 274 αἰφνιδίως
1421 239 1448 266 δὲ
1464 241 1478 266 ό
1493 239 1614 275 γεωργος
1627 238 1740 270 ἐπιστὰς
1759 239 1851 273 αὐτῇ,

1054 288 1130 322 ξίφος
1141 285 1461 322 ὲπιφερόμενος,πρῶτον
1478 286 1537 321 μὲν,
1556 284 1676 320 ἀκριϐῶς
1692 292 1852 320 κατοπτρι-

1054 335 1170 368 σάμενος
1193 334 1301 360 ᾶπαντα
1315 331 1348 358 τὰ
1362 332 1505 366 κλήματα,
1523 331 1636 366 ἄρχεται
1656 330 1691 356 τά
1708 330 1852 364 βλαϐέντα

1053 381 1085 406 ἐκ
1096 379 1141 406 τοῦ
1158 377 1291 414 χειμῶνος
1306 378 1456 414 ἐκτέμνειν,
1469 378 1562 404 ἔπειτα
1580 377 1626 404 καὶ
1640 376 1674 403 τά
1684 377 1853 411 ὑγιαίνοντα

1054 426 1107 452 ἀπὸ
1127 426 1218 462 τρίτου
1237 426 1253 461 ἢ
1276 426 1407 460 τετάρτου
1427 423 1568 459 ὀφθαλμοῦ
1587 425 1749 459 περιαιρεῖν.
1770 423 1804 449 Ἡ
1818 424 1852 449 δὲ

1054 472 1185 508 ἄμπελος,
1196 471 1368 507 γυμνωθείσα
1381 471 1428 497 καὶ⁹
1444 471 1578 505 πληγεῖσα
1592 470 1630 505 τῷ
1645 470 1730 504 ξίφει,
1740 469 1851 504 ἕστηκε

1056 518 1192 554 μετέωρος
1210 512 1250 549 εἰς
1274 517 1320 543 τὸν
1344 517 1457 552 οὐρανὸν
1482 516 1688 547 ἀποὸλὲπουσα,
1712 515 1770 550 ἅμα
1797 514 1848 541 δα-

1054 563 1175 599 κρύουσα
1193 562 1256 598 ἄχρι
1274 561 1324 598 τῆς
1343 562 1436 598 τρίτης
1457 562 1572 598 ἡμέρας.
1590 561 1796 597 Παρακλήσεως
1816 559 1850 586 δὲ

1054 609 1224 644 τυγχάνουσα
1243 609 1275 635 ὲκ
1292 608 1342 644 τῆς
1359 607 1405 634 τοῦ
1425 607 1491 634 Θεοῦ
1512 607 1637 644 προνοίας
1649 628 1656 640 ,
1676 606 1848 642 παυσαμένη

1055 655 1109 682 τῶν
1127 655 1252 691 δακρύων
1264 675 1271 687 ,
1293 654 1432 690 αἰφνιδίως
1451 655 1534 682 πολὺν
1559 654 1674 690 ἀριθμὸν
1697 653 1744 680 καὶ
1762 653 1849 688 ὄχλον

1054 702 1202 738 κλημάτων
1230 701 1424 737 βλαστήσασα,
1444 703 1461 737 ἡ
1489 702 1558 737 αὑτὴ
1579 700 1756 736 ἀναφαίνεται
1777 699 1843 735 (79)

217 747 262 774 οἶα
288 745 322 782 ἧν
347 748 396 774 ’καὶ
424 747 554 783 πρότερον
567 767 574 780 ,
597 747 696 783 μᾶλλον
732 746 761 773 δὲ
794 747 842 774 καὶ
878 747 1044 784 ἐνδοξοτέρα.
1072 749 1119 775 Ἐκ
1146 748 1174 775 δὲ
1201 748 1255 775 τῶν
1291 748 1550 784 προαποδεδομένων
1586 747 1662 774 ἔσται
1689 752 1730 774 σοι
1755 745 1847 780 σαφε-

219 802 303 830 στερα
319 795 366 821 καὶ
384 794 419 821 τά
437 795 556 830 ἑπόμενα
576 795 640 830 περὶ¹
657 795 707 830 τῆς
728 795 850 830 ἀμπέλου
872 789 921 830 τῆς
937 795 1077 831 ἀληθινῆς.

254 840 299 868 54.
311 840 404 875 Itaque
416 840 546 868 Dominus
571 841 620 868 viti
641 841 777 869 umbrosae
793 840 941 876 multisque
955 848 1002 867 or-

1090 841 1134 868 Ξί.
1156 842 1185 868 '0
1199 839 1244 868 οὖν
1257 841 1359 878 Κύριος
1371 842 1471 876 τρόπον
1481 841 1602 876 ἀμπέλου
1613 840 1784 875 εὐκλημάτου
1794 840 1845 867 καὶ

219 890 291 914 nata
302 887 461 922 palmitibus
475 891 518 914 est
533 887 642 919 similis,
665 890 776 922 propter
800 887 1002 914 multitudinem

1056 889 1165 916 συσκίου
1175 889 1292 925 ἐπέχων,
1309 889 1353 916 διὰ
1363 889 1393 915 τὸ
1404 889 1504 925 πλῆθος
1516 888 1569 916 τῶν
1588 888 1715 924 μαθητῶν
1727 887 1775 914 καὶ
1785 887 1845 914 τῶν

220 933 326 961 Scilicet
341 933 539 968 discipulorum
552 954 559 965 ,
586 937 613 961 et
630 933 883 969 circumjacentium
908 935 1004 962 turba--

220 986 279 1006 rum
297 978 330 1005 ad
346 979 446 1013 ipsum,
475 978 571 1006 auxilii
595 978 735 1006 obtinendi
767 986 832 1014 ergo
861 985 1005 1006 accurren-

220 1024 288 1050 tium
301 1032 309 1057 ;
323 1023 391 1051 adeo
406 1027 435 1051 ut
448 1031 580 1052 numerus
604 1032 711 1057 eorum,
735 1025 782 1060 qui
798 1025 825 1052 in
842 1025 931 1060 ipsum
945 1034 1005 1053 cre-

220 1070 298 1102 dunt,
317 1077 424 1098 omnem
437 1074 546 1105 superet
556 1070 753 1105 conjecturam.
769 1069 809 1097 llli
825 1079 890 1098 vero
911 1079 962 1099 suo
976 1071 1004 1098 in

221 1117 297 1144 illum
330 1116 514 1145 indissolubili
542 1124 646 1148 amore,
672 1122 802 1151 tanquam
834 1117 959 1152 palmites
979 1118 1004 1145 ei

219 1162 429 1194 adherescunt,
460 1169 578 1196 quorum
608 1161 665 1194 alii,
693 1163 843 1196 spiritualis
868 1163 1004 1190 commodi

220 1207 386 1242 percipiendi
399 1207 496 1242 gratia,
508 1208 604 1235 nolunt
619 1211 695 1235 extra
709 1208 795 1240 illum,
811 1208 857 1235 sed
874 1216 926 1235 una
941 1216 1004 1235 cum

220 1260 254 1281 co
268 1260 330 1280 esse
347 1260 353 1278 :
370 1253 417 1279 alii
432 1256 504 1280 'vcro
521 1253 613 1280 sanari
640 1253 791 1288 cupientes,
805 1254 850 1280 alii
865 1253 1004 1281 Christum

221 1299 313 1326 venire
324 1298 477 1331 audientes,
490 1298 570 1326 simul
579 1303 776 1330 convenerunt,
789 1306 888 1326 novum
900 1304 1004 1334 specta-

221 1345 313 1372 culum
331 1344 441 1372 videndi
457 1344 604 1378 desiderio,
628 1344 713 1372 Deum
727 1353 824 1379 nempe
840 1346 868 1372 in
889 1353 1005 1380 corpore

222 1390 292 1416 inter
305 1390 430 1417 homines
443 1394 607 1417 versantem.
624 1389 745 1425 Denique
764 1390 880 1417 adventu
896 1389 1005 1417 Domini

221 1437 313 1464 munia
335 1437 434 1472 gaudio
453 1438 534 1472 plena
556 1440 635 1464 erant
653 1437 721 1472 :qui
746 1445 910 1472 quocunque
931 1438 1004 1465 ince-

221 1481 307 1514 deret,
322 1483 404 1510 veluti
419 1483 482 1511 vitis
493 1483 650 1518 palmitibus
670 1483 770 1515 densa,
794 1484 829 1511 ob
854 1485 940 1511 multa
955 1482 1005 1512 lto-

221 1530 324 1556 minum
337 1529 431 1561 millia,
450 1530 497 1564 qui
517 1537 579 1556 eum
598 1529 819 1563 comitabantur,
835 1530 957 1558 omnium
976 1531 1003 1557 in

221 1575 342 1609 seipsum
376 1574 500 1610 ﬂagranti
529 1583 621 1603 amore
646 1579 705 1603 erat
729 1577 914 1611 conspicuus,
941 1585 1003 1604 cum

220 1627 316 1647 omnes
345 1620 396 1655 ipsi
422 1620 600 1648 adhaererent.
630 1621 665 1647 At
693 1629 755 1648 cum
771 1621 902 1650 hiemales
930 1623 1004 1650 venti

221 1664 287 1692 ﬂare
300 1666 447 1700 cwpissent
460 1666 574 1693 summis
583 1674 616 1693 ex
632 1666 711 1698 locis,
727 1666 761 1694 ad
774 1667 834 1694 illos
849 1668 1004 1702 probandos

221 1711 268 1744 qui
283 1710 371 1745 ipsum
389 1711 600 1743 comitabantur,
628 1713 720 1738 statim
742 1721 797 1740 non
816 1714 912 1748 pauci,
930 1722 1004 1740 mar-

219 1756 390 1782 cescentium
418 1755 506 1783 instar
531 1756 658 1783 foliorum
672 1765 706 1784 ex
724 1757 798 1784 vitali
817 1758 880 1789 vite,
898 1761 941 1785 cui
957 1759 1005 1785 ad-

218 1799 420 1832 haerescebant,
441 1799 613 1828 deciderunt.
629 1800 737 1836 Aliique
751 1801 909 1836 pontiﬁcum
920 1808 1004 1836 metu,

222 1853 257 1873 ne
273 1853 414 1881 synagoga;
425 1850 548 1874 extorres
575 1847 680 1880 ﬁerent,
695 1849 777 1874 vitam
793 1855 870 1875 suam
892 1857 1006 1883 negave-

223 1896 296 1924 runt,
311 1892 539 1926 quemadmodum
554 1897 581 1920 et
605 1901 678 1920 nunc
697 1893 755 1920 ﬁeri
765 1894 899 1922 videmus.
912 1895 1004 1930 Siqui-

221 1937 296 1970 dem,
309 1942 337 1965 ut
353 1937 391 1964 illi
403 1938 478 1971 olim,
500 1938 540 1966 sic
554 1939 635 1966 hodie
650 1939 800 1974 hypocrita:
813 1942 936 1969 homines
946 1942 1004 1977 glo-

223 1983 300 2022 riam‘
321 1982 545 2018 persecuturum'
570 1984 701 2014 Ecclesiae.
735 1986 822 2021 magis
851 1987 1005 2015 dilexerunt

222 2035 303 2064 quam
318 2028 364 2056 Dei
373 2029 496 2064 gloriam.
508 2030 561 2057 Alii
573 2038 638 2058 vero
654 2039 708 2058 non
719 2031 899 2067 intelligentes
914 2033 1005 2062 divina

222 2081 249 2103 et
264 2069 414 2111 spiritualia
439 2076 517 2112 175
534 2077 639 2104 Domini
655 2079 747 2110 verba,
766 2084 918 2108 retrorsum
931 2082 1006 2109 abie-

219 2126 300 2155 runt;
316 2130 447 2158 reumque
460 2127 487 2151 et
503 2123 702 2158 vituperatione
715 2125 826 2161 dignum
835 2135 896 2154 esse
912 2128 1005 2155 existi-

220 2172 327 2196 imantes
340 2169 540 2197 benefactorem
567 2178 656 2202 suum,
684 2171 741 2198 hzec
758 2173 818 2199 ausi
834 2177 899 2200 sunt
917 2173 1003 2208 loqui,

225 2223 234 2239 ι
253 2215 319 2247 Quis
333 2220 490 2249 potesteum
505 2216 646 2243 audire“?
658 2226 666 2242 ι
682 2215 737 2244 Hos
749 2225 815 2245 sane
823 2222 915 2246 nostra
927 2223 1005 2246 :ctate

1055 936 1134 971 πέριξ
1154 935 1241 970 ὄχλων
1263 936 1500 971 ἐπιπορευομένων
1524 935 1592 970 πρὸς
1615 934 1696 961 αὑτὸν
1714 933 1844 969 βοηθείας

1054 981 1146 1008 ἕνεκεν
1158 990 1164 996 ·
1181 981 1219 1012 ὡς
1238 978 1307 1007 εἶναι
1330 981 1418 1016 πλήθη
1438 981 1585 1007 άνείκαστα
1596 999 1603 1011 ,
1626 979 1786 1006 πιστεύοντα
1802 980 1846 1010 εἰς

1055 1026 1149 1052 αὐτόν·
1169 1025 1215 1052 καὶ
1234 1026 1272 1061 τῷ
1293 1026 1342 1061 μὲν
1362 1025 1436 1060 πόθῳ
1457 1025 1495 1060 τῷ
1512 1026 1551 1056 εὶς
1576 1024 1655 1051 αὑτὸν
1680 1024 1845 1058 ἁχωρίστως

1055 1071 1126 1106 ἔχειν
1143 1071 1250 1103 αὐτοὺς,
1270 1071 1370 1106 τρόπον
1387 1070 1533 1106 κλημάτων
1550 1070 1682 1097 συνόντων
1700 1069 1786 1104 αὐτῷ,
1802 1078 1846 1096 τι-

1054 1117 1107 1143 νῶν
1123 1117 1152 1144 δὲ
1170 1116 1217 1143 καὶ
1232 1117 1366 1151 ὠφελείας
1386 1117 1465 1152 χάριν
1483 1116 1671 1151 πνευματικῆς
1691 1116 1728 1150 μὴ
1749 1115 1845 1150 βουλο-

1056 1162 1143 1197 μένων
1168 1163 1245 1193 ὲκτὸς
1270 1161 1353 1188 αὑτοῦ
1379 1162 1533 1196 τυγχάνειν,
1553 1161 1620 1188 ἀλλὰ
1642 1160 1697 1195 (80)
1722 1162 1844 1187 συνεῖναι

1054 1206 1145 1242 αὐτῷ,
1167 1207 1267 1242 ἑτέρων
1287 1207 1316 1233 δὲ
1332 1206 1498 1241 βουλομένων
1517 1207 1612 1238 ἰάσεως
1632 1208 1733 1242 τυχεῖν,
1753 1206 1844 1233 ἄλλων

1054 1252 1081 1279 δὲ
1097 1253 1253 1289 ἀκηκοότων
1263 1274 1269 1286 ,
1291 1254 1330 1279 ὅτι
1344 1253 1460 1289 Χριστὸς
1472 1254 1544 1289 ἥκει,
1561 1254 1609 1280 καὶ
1623 1253 1844 1289 συνεληλυθότων

1055 1299 1125 1326 κατὰ
1137 1299 1167 1325 τὺ
1180 1299 1261 1332 αὐτὸ,
1277 1299 1445 1335 βουλομένων
1464 1299 1611 1326 Θεάσασθαι
1631 1300 1662 1325 τὸ
1685 1299 1842 1335 καινότερον

1055 1344 1152 1380 θέαμα,
1167 1345 1232 1371 Θεὸν
1245 1346 1274 1371 ἐν
1292 1345 1398 1380 σώματι
1417 1345 1569 1381 ἀνθρώποις
1586 1345 1841 1380 συναναστρεφόμε-

1055 1399 1108 1417 νον.
1122 1391 1176 1417 Καὶ
1197 1391 1289 1422 ἁπλῶς
1310 1388 1344 1426 ἦν
1359 1390 1466 1418 ἅπαντα
1480 1391 1566 1426 χαρᾶς
1578 1391 1696 1425 γέμοντα
1708 1390 1757 1425 τῆς
1771 1398 1842 1425 παρ-

1054 1437 1147 1475 ουσίας
1172 1436 1217 1463 τοῦ
1247 1437 1347 1473 Κυρίου
1373 1437 1538 1472 γενομένης·
1564 1434 1594 1463 οὖ
1610 1436 1632 1462 δ’
1651 1435 1684 1462 ἂν
1706 1435 1840 1468 ἐϐάδιζεν,

1054 1483 1147 1520 ὥσπερ
1172 1484 1304 1520 εὐστεφὴς
1337 1484 1458 1519 ἄμπελος
1481 1483 1524 1510 διὰ
1555 1483 1604 1514 τὰς
1636 1483 1768 1518 μυριάδας
1786 1482 1843 1511 τῶν

1057 1530 1302 1566 συμπορευομένων
1317 1530 1391 1566 αὐτῷ
1405 1530 1491 1565 ὄχλων
1508 1527 1541 1566 ἤν
1558 1529 1696 1565 ὁρώμενος
1713 1530 1786 1564 πόθῳ
1800 1529 1842 1565 τῷ

1055 1576 1122 1612 πρὸς
1138 1576 1228 1608 αὑτὸν,
1241 1576 1367 1602 ἁπάντων
1386 1575 1581 1610 συνηνωμένων
1600 1575 1684 1611 αὐτῷ.
1707 1575 1841 1611 ’Δρξαμέ-

1055 1631 1109 1648 νων
1125 1623 1154 1648 δὲ
1177 1621 1339 1658 χειμερινῶν
1359 1621 1520 1656 πνευμάτων
1534 1622 1565 1647 ἐκ
1587 1621 1640 1648 τῶν
1661 1621 1840 1657 ἀκρωτηρίων

1055 1669 1213 1704 καταφυσᾷν
1231 1668 1298 1704 πρὸς
1314 1668 1426 1703 δοκιμὴν
1442 1668 1496 1694 τῶν
1511 1669 1755 1704 συμπορευομένων
1766 1667 1840 1704 αὐτῷ

1053 1711 1150 1749 ὃχλων,
1168 1715 1274 1749 ἁθρόως
1290 1714 1396 1749 φύλλων
1414 1714 1490 1750 δ²·ῖῃν
1505 1715 1720 1750 μαραινομένων,
1738 1714 1840 1741 ἀπέπι-

1055 1768 1121 1786 πτον
1136 1760 1185 1786 οὐκ
1199 1759 1300 1794 ὀλίγοι,
1320 1757 1354 1796 ἧς
1377 1759 1481 1794 εἴχοντο
1499 1759 1622 1795 ἀμπέλου
1647 1760 1775 1795 ζωτικῆς,
1793 1761 1840 1786 καὶ

1055 1806 1108 1832 τῶν
1123 1805 1172 1841 μὲν
1189 1806 1246 1840 (81)
1257 1806 1300 1832 διὰ
1317 1805 1398 1840 φόϐον
1412 1805 1466 1832 τῶν
1480 1806 1642 1841 ἀρχιερέων,
1658 1806 1702 1833 ἴνα
1722 1806 1758 1842 μὴ
1772 1807 1839 1833 ἁπο-

1055 1852 1207 1886 συνάγωγοι
1220 1852 1360 1885 γένωνται,
1372 1851 1574 1886 ἐξαρνουμένων
1582 1851 1630 1887 τὴν
1641 1851 1745 1878 ἑαυτῶν
1756 1852 1838 1887 ζωὴν,

1055 1897 1147 1934 ὣσπερ
1160 1898 1206 1925 καὶ
1218 1897 1265 1924 νῦν
1282 1898 1388 1934 ὁρῶμεν
1402 1898 1530 1933 γινόμενα
1541 1897 1576 1924 τὰ
1589 1897 1656 1924 αὐτὰ
1673 1898 1820 1932 πράγματα
1829 1906 1836 1913 ’

1055 1945 1200 1980 ἠγάπησαν
1217 1943 1281 1979 γὰρ,
1294 1944 1331 1975 ὠς
1343 1944 1367 1970 οί
1383 1942 1458 1975 τότε,
1479 1944 1525 1970 καὶ
1539 1943 1586 1969 νῦν
1601 1943 1651 1978 τῆς
1671 1944 1838 1979 ὑποκρίσεως

1055 1989 1191 2026 ἂνθρωποι
1216 1989 1265 2025 τὴν
1285 1988 1363 2021 δόξαν
1383 1989 1437 2015 τῶν
1459 1988 1578 2015 διωκτῶν
1600 1989 1648 2024 τῆς
1676 1989 1837 2024 Ἐκκλησίας

1055 2034 1125 2070 ὑπὲρ
1140 2035 1188 2070 τὴν
1201 2034 1278 2066 δόξαν
1293 2034 1339 2060 τοῦ
1357 2033 1425 2060 Θεοῦ
1438 2034 1548 2060 εἵλοντο·
1562 2034 1661 2069 ἑτέρων
1678 2034 1707 2060 δὲ
1724 2034 1760 2070 μὴ
1776 2037 1837 2061 συλν-

1055 2081 1221 2116 αισθομένων
1247 2080 1300 2106 τῶν
1333 2080 1411 2107 θείων
1432 2080 1478 2106 καὶ
1501 2080 1691 2115 πνευματικῶν
1711 2080 1838 2116 ῥημάτων

1054 2126 1101 2153 τοῦ
1115 2126 1216 2162 Κυρίου
1231 2127 1271 2158 εἰς
1284 2126 1318 2153 τὰ
1337 2127 1425 2152 ὀπίσω
1441 2126 1673 2161 ἐπιστραφέντων,
1688 2125 1778 2152 αἰτίαν
1800 2125 1837 2161 τῷ

1055 2174 1185 2210 εὐεργέτῃ
1209 2172 1256 2200 καὶ
1284 2173 1366 2208 ψόγον
1387 2171 1601 2207 προσαψάντων,
1626 2171 1671 2198 καὶ
1695 2171 1836 2206 λεγόντων,

1058 2229 1066 2243 ι
1085 2219 1131 2250 Τίς
1151 2218 1261 2245 δύναται
1282 2217 1364 2244 αὑτοῦ
1381 2217 1489 2244 ἀκούειν
1504 2226 1511 2249 ;
1534 2227 1543 2243 ι
1556 2217 1646 2253 Ὅπερ
1663 2218 1709 2244 καὶ
1731 2217 1777 2244 ἐπὶ
1791 2216 1836 2244 τοῦ

221 2262 392 2293 aemulantur,
407 2262 453 2296 qui
464 2261 604 2289 veritatem
619 2263 697 2297 sequi
711 2269 858 2297 recusant;
883 2273 916 2292 eo
929 2265 1002 2300 quod

1056 2263 1187 2299 ἡμετέρου
1204 2262 1299 2298 καιροῦ
1322 2262 1486 2298 πράττουσιν
1499 2263 1523 2288 οἱ
1548 2263 1584 2298 μὴ
1602 2262 1755 2297 βουλόμενοι
1777 2270 1835 2288 συν-

219 2307 411 2335 tribulationes
426 2312 452 2335 et
467 2309 628 2336 tentationes
642 2309 720 2336 iidem
742 2310 828 2344 ipsum
841 2315 1002 2345 sequantur.

222 2351 306 2379 Aiunt
324 2353 396 2379 enim
411 2353 473 2388 ipsi,
488 2353 554 2386 Quis
567 2355 654 2389 possit
669 2355 814 2384 observare
829 2357 1002 2385 traditionem

220 2397 412 2425 mandatorum
428 2398 534 2426 Domini
548 2405 574 2427 et
586 2399 667 2428 ﬁdei?

253 2484 299 2514 35.
318 2484 395 2514 Iudae
418 2492 546 2523 praeterea
565 2487 748 2518 inﬁdelitatem
776 2490 900 2526 patefecit
923 2492 1004 2519 vehe-

221 2531 323 2560 mentia
340 2531 436 2561 hiemis
451 2543 456 2560 :
473 2534 567 2569 quales
581 2543 653 2562 nunc
668 2543 697 2563 se
710 2535 839 2563 exhibent
853 2537 890 2563 illi
907 2538 1002 2564 mundi

222 2578 301 2612 hujus
313 2579 405 2611 amici,
418 2580 464 2613 qui
476 2588 537 2607 cum
550 2585 628 2608 antea
639 2581 741 2609 Christi
755 2586 846 2610 essent
863 2583 1000 2617 discipuli,

220 2625 301 2652 amici
317 2630 344 2652 et
364 2626 488 2659 comites,
505 2626 635 2655 nefandas
657 2628 776 2664 synodos
802 2629 934 2657 adversus
957 2629 1002 2657 Je-

256 2702 278 2718 °'
297 2702 374 2731 Joan.
393 2712 435 2737 v1,
452 2704 496 2733 61.

253 2781 311 2818 (79)
325 2783 406 2820 Aug”
419 2783 595 2820 ἀναφέρεται.

255 2820 311 2851 (κει)
325 2819 369 2845 Sic
383 2818 450 2853 Reg.
463 2818 566 2847 ln-aliis
579 2824 605 2845 et
622 2819 702 2846 editis
714 2819 790 2846 deest
806 2819 881 2846 ἀλλὰ.

251 2853 309 2887 (Si)
323 2853 388 2888 Reg.
402 2855 449 2881 καὶ
462 2855 485 2881 οἱ
500 2856 560 2888 μέν,
575 2860 600 2882 et
617 2863 690 2888 mox,
704 2855 862 2888 ὲξηρνοῦντο
882 2855 931 2888 τὴν
953 2854 1000 2881 αὐ-

1053 2308 1153 2335 οδεύειν
1187 2310 1220 2344 τῇ
1249 2308 1376 2344 ἀληθείᾳ,
1401 2308 1445 2335 διὰ
1473 2308 1504 2334 τὸ
1535 2308 1705 2343 παρέπεσθαι
1737 2308 1836 2342 θλίψεις

1054 2355 1100 2381 καὶ
1121 2355 1285 2390 πειρατήρια
1305 2355 1337 2389 τῇ
1360 2354 1460 2380 πίστει.
1477 2354 1546 2380 Φασὶ
1568 2353 1637 2390 γὰρ,
1661 2354 1708 2385 Τίς
1730 2352 1836 2380 δύναται

1054 2399 1169 2434 φυλάξαι
1185 2398 1232 2434 τὴν
1250 2399 1397 2434 παράδοσιν
1413 2399 1466 2425 τῶν
1481 2399 1595 2426 ἐντολῶν
1607 2398 1654 2425 τοῦ
1673 2399 1774 2434 Κυρίου
1790 2399 1834 2426 καὶ

1052 2445 1102 2481 τῆς
1118 2445 1235 2477 πίστεως
1246 2453 1253 2477 ;

1090 2491 1135 2519 55.
1154 2491 1214 2518 Ἔτι
1231 2491 1284 2526 μὴν
1301 2492 1347 2518 καὶ
1362 2492 1411 2527 τὴν
1427 2491 1554 2518 ἀπιστίαν
1570 2490 1617 2517 τοῦ
1639 2490 1724 2517 ’ἰούδα
1739 2492 1756 2526 ἠ
1775 2499 1835 2526 σφο-

1055 2537 1152 2573 δρότης
1163 2537 1210 2564 τοῦ
1224 2537 1355 2572 χειμῶνος
1370 2537 1495 2572 ἧλεγξεν,
1517 2537 1554 2569 ὡς
1570 2537 1616 2563 καὶ
1629 2536 1686 2568 νῦν,
1703 2536 1778 2572 φιλίᾳ
1792 2537 1852 2578 κό-1

1056 2592 1125 2618 σμου
1142 2583 1323 2619 κρατηθέντες
1340 2584 1368 2610 οἵ
1382 2592 1446 2610 ποτε
1466 2583 1584 2618 μαθηταὶ
1601 2583 1676 2614 δντες
1694 2583 1742 2610 καὶ
1767 2583 1834 2617 φίλοι

1055 2630 1102 2656 καὶ
1116 2629 1297 2664 συνοδοιπόροι
1311 2629 1358 2656 τοῦ
1373 2629 1503 2666 Χριστοῦ,
1518 2629 1587 2656 κατὰ
1605 2628 1652 2654 τοῦ
1672 2629 1759 2665 Ἰησοῦ
1774 2637 1831 2656 συν-

1055 2783 1107 2811 τῶν
1125 2785 1206 2821 ζωήν,
1222 2790 1248 2812 et
1261 2785 1340 2820 paulo
1354 2789 1423 2821 post,
1442 2785 1530 2820 ἕτεροι
1550 2785 1578 2812 δὲ
1604 2786 1641 2820 μὴ
1659 2785 1828 2820 συναισθόμε-

1055 2829 1104 2847 νοι.
1121 2842 1127 2848 .
1142 2822 1384 2856 ἐπιστραρέντες...
1401 2822 1539 2856 προσῆψαν
1552 2821 1684 2855 λέγοντες,
1698 2821 1753 2854 Τίς,
1780 2826 1826 2848 etc.
