1929 3056
131 108 185 135 485

694 106 898 136 DISPUTATIO
916 107 1054 136 CONTRA
1074 106 1193 135 ARIUM.

1698 112 1750 140 486

132 167 209 198 οδους
232 164 378 201 άθεμ.τους
403 167 594 202 συγκροτοῦσιν
614 168 638 193 οἰ
655 168 702 194 καὶ
717 168 747 194 τὸ
763 167 915 202 γαζοφυλά-

968 176 1027 195 sum
1042 171 1218 204 congregant,
1234 169 1334 204 quibus
1350 173 1377 197 et
1393 176 1458 197 cura
1476 170 1658 208 gazophylacii
1675 181 1750 201 com-

133 221 192 239 κιον
207 211 404 243 πιστευθέντες.
421 212 476 238 Οὐκ
486 212 576 246 ἠγνόει
589 213 678 239 αὐτῶν
690 213 738 249 τὴν
753 213 915 249 σαθρὸτητα,

133 259 191 285 ἀλλ’
209 259 253 285 ἵνα
268 259 463 294 παρασκευάσῃ
478 259 576 291 αὐτοὺς
595 259 630 285 τὰ
645 259 796 286 Δεσποτικὰ
810 261 917 296 χρωμέ-

134 313 196 337 νους
216 305 403 341 ἑτοιμοτάτους
418 305 473 341 (82)
488 304 556 332 εἷναι
570 306 639 341 ὑπὲρ
652 305 699 332 τοῦ
714 306 849 332 Δεσπότου
868 307 917 333 άν-

133 351 283 386 δρίζεσθαι,
300 352 316 384 ἢ
332 352 402 378 κατὰ
413 351 459 378 τοῦ
477 352 607 387 βασιλέως
620 351 708 378 αὐτῶν
724 352 917 388 στρατεύεσθαι

135 397 272 432 προφάσει
294 397 384 432 φιλίας
405 398 549 433 κοσμικῆς.
574 399 606 425 υἱ
626 398 756 429 τοιοῦτοι.
772 398 917 434 κλημάτων

134 442 213 478 δίκην
227 443 410 476 ὰγενεστάτων
422 444 469 471 καὶ
480 444 610 479 ἀκάρπων
622 443 774 479 ἐπέχοντες,
787 445 918 480 τεμνόμε-

134 497 176 515 νοι
193 488 221 515 δὲ
234 489 301 524 πρὸς
319 489 364 515 τοῦ
381 489 514 526 γεωργοῦ,
526 490 694 525 κατάϐρωμα
710 490 794 526 πυρὸς
809 491 917 518 αἰωνίου

135 534 265 569 γίνονται.
283 535 376 570 Ὅμως
393 535 447 562 τῶν
461 535 602 571 χειμώνων
616 537 661 563 ἐπὶ
680 536 746 564 πολὺ
764 538 918 573 προσπελα-

135 581 240 607 σάντων
252 583 284 617 τῇ
298 580 410 616 ἀληθινῇ
423 581 546 617 ἀμπέλῳ,
561 582 631 616 λέγω
644 582 676 616 δὴ
694 582 733 618 τῷ
747 583 842 617 Κυρίῳ
865 584 917 618 Ἰη-

136 620 195 657 σοῦ,
209 626 246 660 πὴ
265 626 313 661 μὲν
325 626 493 661 βουλομένων
506 626 612 654 λιθάσαι
626 627 680 663 (85)
693 627 916 664 αὐτὸνΐραμμα-

135 673 204 700 τέων
219 682 249 700 τε
271 675 318 700 καὶ
328 670 502 709 Φαρισαίων·
525 674 686 710 φοϐηθέντες
710 675 738 702 δὲ
756 675 793 710 μὴ
810 675 918 711 ἀναιρε-

135 718 204 745 θῶσι
226 719 293 754 πρὸς
314 719 368 745 τῶν
388 719 475 754 ὄχλων
495 719 548 746 τῶν
569 720 614 747 τὸν
634 720 735 756 Κύριον
752 720 916 754 φιλούντων,

134 765 304 792 ἐπαύσαντο·
322 765 360 800 πή
381 763 412 792 ’δὲ
436 765 602 800 βουλομένων
622 765 799 793 συλλαϐέσθαι
823 766 915 799 αὐτὸν,

134 811 184 838 καὶ
197 811 243 837 τοῦ
268 806 353 846 Ἰησοῦ
377 811 413 847 μὴ
430 811 654 846 συγχωρήσαντος
669 811 766 842 αὐτοὺς
783 811 917 846 κρατῆσαι

968 214 1051 241 missa
1069 218 1120 241 est.
1147 214 1205 241 Non
1223 215 1315 249 utique
1334 213 1484 244 fmditatem
1497 221 1591 245 eorum
1609 219 1653 246 ille
1672 219 1750 254 igno-

967 258 1053 290 rabat,
1079 259 1126 286 sed
1153 259 1205 286 hoc
1227 260 1292 295 egit,
1310 263 1340 287 ut
1362 261 1435 296 ipsos
1456 261 1604 291 Dominicis
1626 265 1749 298 pecuniis

967 309 1073 332 utentes
1097 306 1285 340 paratissimos
1314 309 1404 342 potius
1433 309 1558 338 redderet
1581 312 1614 338 ad
1643 311 1750 339 fortiter

967 358 1016 385 pro
1031 350 1146 379 Domino
1166 351 1362 387 dimicandum,
1379 363 1459 390 quam
1479 357 1512 383 ad
1533 357 1631 384 bellum
1653 362 1749 385 contra

959 402 1056 430 regem
1083 404 1179 429 suum,
1203 403 1312 433 propter
1332 401 1423 428 mundi
1445 409 1575 435 amorem,
1599 404 1749 438 suscipien-

967 441 1041 468 dum.
1060 441 1103 473 Hi,
1120 443 1278 478 ignobilium
1298 449 1325 472 et
1342 446 1472 474 sterilium
1492 449 1632 482 palmitum
1647 450 1746 482 instar,

967 486 1002 512 ab
1021 486 1139 521 agricola
1165 489 1272 520 resecti.
1299 489 1370 525 ignis
1396 493 1490 519 aeterni
1515 493 1642 527 pabulum
1668 495 1746 523 ﬁunt.

968 530 1101 559 Caeterum
1132 531 1287 567 frequentes
1317 535 1414 564 hiemis
1445 538 1570 572 procellae
1597 540 1624 566 in
1655 548 1747 568 veram

967 577 1060 611 vitem,
1081 579 1220 608 Christum
1240 580 1332 608 Jesum
1351 582 1488 615 videlicet,
1505 584 1653 618 irruerunt,
1667 594 1749 614 cum-

967 631 1021 659 que
1048 625 1146 653 scribae
1169 631 1195 654 et
1221 626 1351 655 Pharismi
1371 628 1466 664 ipsum
1489 630 1588 657 vellent
1612 631 1747 666 lapidibus

967 669 1095 704 obruere,
1112 672 1192 700 veriti
1214 681 1249 701 ne
1273 681 1288 700 a
1313 673 1401 702 turbis
1425 674 1567 703 Dominum
1594 679 1748 706 amantibus

967 715 1196 750 interficerentur,
1219 718 1252 746 ab
1267 718 1383 754 inceptis
1406 719 1588 755 destiterunt;
1613 724 1748 756 cumitem

967 761 1034 789 alias
1055 762 1144 798 ipsum
1164 763 1263 791 vellent
1281 766 1518 800 comprehendere,
1540 775 1593 795 non
1613 770 1749 797 concessit

967 806 1058 840 Iesus,
1080 807 1166 836 donec
1192 809 1345 838 advenisset
1368 811 1433 838 hora
1453 815 1479 839 et
1499 811 1566 846 dies,
1590 821 1668 848 quem
1690 814 1749 849 ipse

134 856 226 888 αὑτὸν,
238 856 290 887 ἓως
302 857 318 891 ἡ
334 857 525 892 προωρισμένη
541 856 586 882 ὑπ’
597 856 680 883 αὑτοῦ
692 857 738 883 τοῦ
752 857 852 892 Κυρίου
866 855 915 892 πρὸ

969 851 1101 881 Dominus
1119 858 1181 881 ante
1204 855 1303 882 saecula
1320 856 1493 891 praeﬁnierat,
1514 865 1567 892 qua
1584 859 1672 893 ipsum
1691 860 1746 894 pati

133 901 189 929 τῶν
206 901 309 928 αἰώνων
329 901 387 937 ὥρα
402 902 446 927 καὶ
462 901 552 936 ήμέρα
570 901 768 937 παραγένηται,
787 902 816 928 ὲν
863 901 917 928 ἔδει

133 947 217 974 αὑτὸν
228 946 334 976 παθεῖν.
356 947 400 973 Ἐν
411 946 482 981 ᾶλλῳ
492 947 519 972 δὲ
531 946 619 982 καιρῷ
634 946 762 973 θελόντων
777 946 856 973 τινῶν
869 954 918 973 κα-

133 993 319 1029 τακρημνίσαι
336 992 430 1024 αὑτὸν,
448 992 494 1019 καὶ
510 992 592 1019 αὐτοῦ
609 994 638 1018 ὲν
654 989 748 1029 εἰρήνῃ
770 992 815 1018 διὰ
835 992 917 1027 μέσου

134 1039 225 1065 αὐτῶν
239 1038 451 1073 διεξεληλυθότος
465 1038 532 1074 (84),
546 1038 593 1065 καὶ
612 1039 695 1074 μυρία
706 1036 740 1074 ἦν
755 1038 789 1065 τὰ
805 1039 918 1074 ἐπερχό-

134 1093 206 1119 μενα
225 1085 405 1119 πειρατήρια,
424 1083 451 1116 ἃ,
472 1083 671 1119 προσϐάλλοντα
688 1085 734 1111 καὶ
750 1084 916 1120 κωλυόμενα,

134 1131 177 1162 εἰς
192 1131 222 1156 τὸ
235 1130 316 1165 μηδὲν
331 1130 464 1166 ἐρχόμενα
479 1129 607 1166 ἐχώρουν.
632 1131 704 1157 Ἐκεί
715 1131 743 1157 δὲ
758 1131 774 1166 ή
787 1131 857 1167 ἀρχὴ
871 1131 917 1158 τοῦ

134 1176 196 1202 νέου
211 1176 295 1208 ἔτους.
314 1172 336 1210 ᾧ
348 1175 435 1211 καιρῷ
451 1175 504 1202 ἔδει
519 1176 550 1202 τὸ
566 1175 659 1211 Πάσχα
673 1175 783 1202 θύεσθαι
798 1175 870 1202 κατὰ
884 1176 918 1203 τὰ

135 1220 314 1247 θέσπιε-θέντα
339 1221 414 1256 παρὰ
437 1220 484 1247 τοῦ
513 1221 632 1256 Κυρίου,
656 1221 730 1248 λύειν
757 1221 805 1257 μὲν
829 1222 919 1249 πάντα

136 1266 285 1301 σύνδεσμον
302 1266 418 1299 ἀδικίας,
433 1266 641 1302 προστάγματος
657 1266 728 1293 θείου
743 1267 919 1302 φοιτήσαντος

134 1313 205 1348 πρὸς
221 1312 328 1344 αὐτοὺς,
352 1312 546 1347 ὲλεημοσύναις
564 1311 593 1339 δὲ
615 1311 837 1347 ἐξιλασκομένους
854 1313 918 1338 ἐαυ-

134 1359 199 1390 τοὺς
219 1358 405 1394 προωικειοῦν
426 1357 466 1393 τῷ
488 1357 563 1393 Θεῷ,
583 1358 619 1393 μὴ
636 1357 787 1393 ὲχθραίνειν
803 1357 831 1384 δὲ
850 1357 919 1393 πρὸς

135 1405 180 1431 τὸν
197 1404 326 1440 πλησίονῖ,
344 1404 411 1440 μήτε
427 1404 480 1439 μὴν
501 1403 591 1438 ζητεῖν
606 1403 678 1430 κακὰ
696 1404 765 1430 κατά
779 1411 851 1435 τινος
870 1403 919 1430 άν-

134 1450 246 1486 θρώπου
261 1450 305 1477 διὰ
318 1450 349 1476 τὸ
361 1449 448 1476 κοινὸν
460 1449 507 1476 τοῦ
528 1450 622 1484 γένους
631 1469 638 1482 ,
657 1450 713 1477 ἀλλ’
729 1450 821 1485 εἰρήνῃ
836 1449 920 1476 καθα-

136 1496 274 1532 ρωτάτους
291 1495 369 1527 ὂντας
382 1495 486 1522 κελεύει
500 1495 648 1531 προσάγειν
662 1495 712 1531 τὴν
727 1495 864 1530 λατρείαν.

967 898 1120 933 oportebat.
1135 898 1196 926 Alio
1217 908 1314 929 rursus
1336 905 1457 937 tempore
1478 910 1541 930 cum
1560 904 1667 938 quidam
1684 913 1747 933 eum

968 943 1066 970 vellent
1076 944 1258 979 praecipitare,
1279 946 1336 980 ipse
1352 947 1442 981 quiete
1458 955 1506 982 per
1521 949 1638 976 medium
1653 958 1747 978 eorum

967 990 1052 1017 exivit
1065 990 1097 1018 ".
1109 989 1326 1019 Innumerabiles
1340 992 1397 1019 aliae
1411 992 1485 1020 luere
1495 994 1670 1025 tentationes.
1688 1003 1749 1030 quae

969 1034 1156 1070 impendentes
1170 1036 1295 1063 cohibitae
1309 1041 1382 1069 sunt,
1398 1041 1425 1064 et
1437 1038 1464 1064 in
1484 1038 1598 1066 nihilum
1612 1039 1746 1069 abierunt.

968 1078 1037 1106 Tum
1056 1086 1121 1107 vero
1138 1080 1201 1106 novi
1217 1081 1281 1107 anni
1296 1081 1458 1116 principium
1474 1086 1543 1114 erat,
1560 1091 1614 1118 quo
1627 1087 1750 1119 tempore

965 1123 1042 1158 juxta
1054 1123 1161 1151 Domini
1172 1129 1346 1160 praeceptum,
1359 1125 1463 1153 Pascha
1471 1127 1664 1155 immolandum
1679 1133 1747 1156 erat.

967 1169 1047 1197 lubet
1061 1175 1164 1204 autem,
1188 1174 1218 1198 ut
1240 1171 1307 1206 ipsis
1329 1172 1473 1207 imperavit
1496 1172 1579 1205 Deus,
1601 1178 1681 1202 Omne
1700 1182 1749 1202 eos

968 1215 1122 1251 iniquitatis
1143 1216 1284 1244 vinculum
1303 1217 1419 1251 solvere,
1436 1218 1574 1254 Deumque
1589 1220 1642 1248 sibi
1657 1221 1749 1255 propi-

968 1262 1036 1289 tium
1056 1263 1283 1297 et-coujuuctum
1304 1263 1484 1300 eieemosynis
1508 1265 1633 1297 reddere,
1657 1267 1749 1301 proxi-

968 1315 1044 1334 mum
1066 1315 1122 1335 non
1146 1309 1209 1336 odio
1234 1309 1343 1342 habere,
1366 1317 1415 1337 nec
1441 1310 1507 1345 quid
1531 1311 1593 1338 mali
1618 1311 1750 1341 adversus

969 1353 1124 1389 quempiam
1140 1354 1242 1387 moliri,
1257 1355 1292 1382 ob
1306 1356 1524 1383 communionem
1540 1357 1652 1385 humani
1667 1366 1750 1394 gene-

970 1399 1018 1432 ris,
1035 1400 1082 1428 sed
1092 1408 1154 1428 cum
1169 1408 1236 1435 pace
1249 1405 1276 1428 et
1293 1409 1400 1430 summa
1413 1403 1509 1430 animae
1525 1403 1659 1431 munditia
1672 1405 1750 1433 debi-

969 1449 1026 1474 tum
1043 1445 1098 1474 Deo
1111 1447 1214 1474 cultum
1229 1447 1365 1475 exhibere.

169 1543 214 1570 56.
241 1543 284 1574 Ὠς
296 1544 325 1569 ὲν
340 1542 428 1578 καιρῷ
442 1539 487 1569 οὖν
508 1543 619 1578 εἰρήνης
641 1542 688 1569 καὶ
709 1542 806 1577 ἑορτῆς
821 1541 883 1577 ἥκει
905 1542 915 1568 d

1004 1536 1050 1565 56.
1069 1536 1162 1573 Itaque
1189 1538 1265 1573 pacis
1291 1541 1318 1566 et
1341 1538 1404 1566 festi
1428 1539 1512 1567 veluti
1531 1543 1654 1575 tempore
1674 1542 1750 1569 venit

141 1586 246 1622 Ἰησοῦς
264 1588 304 1618 εἰς
326 1586 498 1622 Ἱεροσόλυμα
516 1587 564 1613 σὺν
588 1587 643 1618 τοῖς
668 1586 800 1622 μαθηταῖς
824 1585 916 1619 αὑτοῦ,

133 1633 185 1668 οὐχ
200 1633 238 1664 ὡς
252 1633 356 1667 ἀγνοῶν
372 1632 407 1659 τὰ
425 1632 554 1668 μέλλοντα
577 1631 650 1667 αὐτῷ
667 1631 835 1667 συμϐαίνειν,
851 1632 918 1659 ἀλλὰ

134 1679 183 1705 καί
196 1687 228 1712 γε
240 1678 342 1714 σφόδρα
355 1678 506 1713 γινώσκων.
527 1678 633 1713 Ἀμέλει
644 1679 670 1712 γ’
683 1675 729 1704 οὖν
742 1678 788 1704 καὶ
799 1679 855 1709 τοῖς
868 1686 918 1713 μα-

125 1723 231 1758 ’θηταϊς
248 1723 405 1759 προειρήκει
419 1722 453 1749 τὰ
466 1722 585 1757 ἑπόμενα
597 1722 668 1758 (85)·
690 1731 700 1748 ‹
726 1722 791 1749 Ἰδοὺ
805 1722 917 1749 ἀναϐαί-

134 1775 216 1801 νομεν
232 1767 271 1798 εἰς
291 1766 472 1802 Ἱεροσόλυμα,
488 1767 558 1794 καὶὸ
573 1767 636 1798 Υἱὸς
647 1766 693 1793 τοῦ
708 1766 850 1803 ἀνθρώπου
867 1776 918 1794 πα-

134 1811 310 1848 ραδοθήσεται
334 1813 374 1845 εἰς
398 1812 447 1845 τὰς
471 1814 565 1849 χεῖρας
584 1812 638 1840 τῶν
659 1813 849 1849 πρεσϐυτέρων
871 1813 918 1840 καὶ

133 1858 189 1886 τῶν
198 1858 393 1894 γραμματέων,
402 1859 448 1885 καὶ
456 1858 747 1895 παραδώσουσιναὺτὺν
753 1860 808 1891 τοῖς
819 1858 916 1892 ἔθνεσι,

134 1905 184 1932 καὶ
198 1905 404 1941 κατακρινοῦσιν
418 1905 498 1933 αὑτὸν
517 1904 634 1940 θανάτῳ.
655 1915 666 1931 ι
684 1903 747 1932 Ἵνα
759 1903 805 1932 οὖν
818 1905 848 1932 τὸ
863 1905 918 1932 ἀδι-

133 1959 184 1977 κον
204 1950 251 1977 τοῦ
274 1951 431 1986 παρανόμου
454 1950 683 1986 συναθροίσματος
705 1951 758 1978 τῶν
785 1950 918 1978 Ἰουδαίων

133 1995 262 2032 διαφανῆ,
279 1996 448 2032 εἰσελήλυθεν
471 1997 487 2032 ή
510 1997 606 2032 εἰρήνη
625 1997 665 2028 εἰς
686 1996 866 2032 Ἰεροσόλυμα.
886 1997 917 2024 Οἱ

132 2040 163 2067 δὲ
179 2041 230 2076 τῆς
246 2042 356 2077 εἰρήνης
369 2041 502 2077 ἀλλότριοι
521 2042 673 2078 ἑωρακότες
684 2042 915 2078 διεταράχθησαν·

133 2086 231 2122 ἐχθρὸν
246 2087 301 2122 γὰρ
314 2087 452 2123 πολεμίοις
471 2088 518 2114 καὶ
533 2088 706 2124 ἀνδροφόνοις
725 2089 830 2125 εἰρήνη.
850 2089 918 2116 Χαί-

134 2140 194 2168 ρειν
205 2132 259 2167 γὰρ
271 2132 369 2168 μᾶλλον
383 2133 518 2167 πεφύκασι
529 2135 584 2165 τοῖς
597 2135 690 2165 κακοῖς
701 2134 773 2169 ἥπερ
783 2135 838 2166 τοῖς
850 2134 917 2168 άγα-

132 2178 192 2210 θοῖς
212 2177 302 2213 ἔργοις
319 2178 366 2205 καὶ
381 2179 413 2213 τῇ
433 2178 604 2214 καρποφορίᾳ
625 2178 675 2213 τῆς
699 2179 818 2214 εἰρήνης.
842 2180 873 2206 οι
889 2179 917 2206 δὲ

969 1582 1050 1611 Iesus
1060 1582 1258 1619 Jerosolymam
1272 1590 1335 1611 cum
1358 1585 1416 1613 suis
1435 1584 1585 1621 discipulis,
1599 1594 1653 1614 non
1667 1587 1750 1614 veluti

971 1628 1100 1664 ignorans
1125 1637 1185 1664 quae
1212 1629 1265 1658 sibi
1296 1633 1409 1657 ventura
1435 1635 1532 1663 erant,
1562 1632 1610 1659 sed
1633 1633 1751 1660 maxime

970 1681 1001 1702 ea
1011 1675 1149 1710 explorata
1158 1675 1271 1703 habens.
1281 1674 1349 1703 Hinc
1359 1681 1432 1704 certe
1443 1685 1502 1712 quae
1509 1681 1661 1712 sequuntur
1671 1678 1750 1706 disci.

970 1719 1041 1754 pulis
1051 1720 1175 1755 praedixit
1191 1730 1198 1747 :
1214 1730 1223 1746 ι
1241 1720 1310 1748 Ecce
1327 1721 1499 1748 ascendimus
1511 1721 1751 1757 Jerosolymam,et

970 1764 1055 1793 Filius
1070 1765 1189 1793 hominis
1203 1765 1326 1793 tradetur
1351 1766 1379 1793 in
1404 1767 1532 1794 manibus
1555 1768 1695 1795 seniorum
1722 1773 1751 1796 et

971 1811 1132 1844 scribarum,
1148 1815 1175 1838 et
1189 1812 1305 1844 tradent
1315 1820 1377 1839 eum
1392 1812 1528 1847 gentibus,
1543 1817 1570 1840 et
1584 1813 1751 1841 condemna-

970 1857 1038 1885 bunt
1056 1865 1118 1885 eum
1137 1862 1226 1885 morte
1239 1858 1273 1883 ".
1292 1866 1302 1883 ι
1320 1857 1356 1885 Ut
1376 1865 1440 1893 ergo
1463 1858 1572 1893 injustae
1593 1858 1749 1886 Judaeorum

970 1903 1058 1930 turbae
1079 1906 1222 1938 appareret
1238 1902 1381 1937 iniquitas,
1409 1910 1461 1938 pax
1487 1903 1682 1939 Jerosolymam
1707 1904 1751 1931 in-

970 1949 1072 1982 troivit,
1088 1956 1169 1984 quam
1183 1949 1229 1976 ubi
1243 1956 1409 1983 conspexere
1426 1949 1513 1984 ipsius
1527 1949 1631 1981 hostes,
1647 1951 1750 1978 turbati

970 1999 1035 2023 sunt
1052 2004 1058 2022 :
1075 2002 1129 2030 pax
1144 1995 1216 2022 enim
1234 1995 1359 2023 hostibus
1370 1999 1397 2022 et
1413 1995 1556 2024 homicidis
1570 1996 1682 2024 inimica
1695 2003 1748 2025 est.

969 2040 1002 2068 lli
1032 2040 1103 2068 enim
1133 2041 1211 2068 malis
1227 2041 1318 2075 potius
1346 2048 1427 2076 quam
1456 2041 1535 2069 bonis
1567 2042 1694 2076 operibus
1721 2048 1749 2070 et

970 2086 1105 2114 fructibus
1122 2087 1198 2121 pacis
1213 2087 1302 2114 solent
1313 2087 1453 2115 delectari.
1467 2086 1509 2114 Illi
1524 2095 1587 2114 vero
1604 2093 1747 2122 postquam

971 2134 1058 2168 ipsum
1088 2133 1299 2166 observassent,
1328 2133 1442 2162 ensibus
1473 2133 1570 2160 armati
1599 2133 1689 2161 subito
1718 2134 1746 2161 in

970 2179 1058 2207 locum
1072 2179 1196 2213 irruuut,
1214 2180 1261 2207 ubi
1277 2183 1334 2207 erat
1352 2178 1431 2207 Jesus
1445 2186 1507 2206 cum
1523 2179 1580 2207 suis
1593 2178 1744 2214 discipulis.

131 2223 376 2259 ὲπιτηρησάμενοι,
387 2223 464 2258 ἄφνω
473 2223 632 2255 ἐπιστάντες
646 2222 768 2258 ξιφήρεις
781 2222 819 2258 τῷ
830 2223 914 2258 τόπῳ,

968 2224 1036 2252 Tum
1056 2232 1151 2253 omnes
1171 2224 1439 2259 circumspicientes,
1463 2224 1584 2259 impuras
1605 2231 1701 2251 manus
1718 2224 1746 2251 in

133 2269 199 2295 ἔνθα
212 2266 246 2304 ἦν
263 2269 311 2296 σὺν
326 2270 381 2301 τοῖς
401 2269 536 2304 μαθηταῖς
557 2270 570 2296 ὀ
594 2269 714 2304 Ἰησοῦς,
732 2270 916 2308 κατοπτρισά-

135 2323 210 2350 μενοι
222 2315 339 2347 ἅπαντες
355 2314 421 2350 (86),
435 2315 463 2342 ἐν
477 2315 594 2351 πρώτοις
609 2315 780 2342 ἐπιϐάλλουσι
791 2315 839 2347 τὰς
855 2324 917 2350 μια-

132 2361 186 2397 ρὰς
200 2361 292 2396 χεῖρας
304 2360 392 2388 αὐτῶν
406 2361 449 2388 ἐπ’
464 2360 554 2394 αὐτὸν,
572 2361 612 2387 ἔτι
623 2360 676 2388 τῶν
694 2361 821 2397 μαθητῶν
833 2361 915 2388 αὑτοῦ

133 2408 308 2436 συνεστώτων
317 2409 400 2445 αὐτῷ.
418 2409 446 2436 '0
457 2409 486 2435 δέ
496 2417 578 2445 φησιν
587 2409 732 2444 εἰρηνικῶς
742 2410 797 2440 τοῖς
812 2408 916 2443 μιαιφό-

129 2461 205 2484 νοις·
231 2462 240 2479 ι
261 2453 293 2480 Εἰ
316 2453 367 2488 ἐμὲ
383 2453 503 2488 ζητεῖτε,
525 2453 608 2488 ἄφετε
629 2454 739 2485 τούτους
756 2454 880 2487 ὑπάγειν.
903 2463 912 2479 ι

133 2499 195 2526 Τῶν
206 2499 235 2526 δὲ
252 2499 379 2535 μαθητῶν
393 2499 551 2534 ἑωρακότων
562 2499 596 2526 τὰ
609 2498 729 2535 δύσφορα
740 2499 913 2534 πειρατήρια,

131 2546 174 2581 μὴ
187 2545 328 2582 παρούσης
343 2546 433 2578 αὐτοῖς
450 2545 500 2580 τῆς
516 2545 655 2580 δυνάμεως
669 2545 714 2571 τοῦ
729 2545 806 2580 ἁγίου
828 2544 914 2571 Πνεύ-

134 2599 228 2626 ματος,
248 2591 441 2623 καταλιπόντες
454 2591 535 2618 αὐτὸν
552 2591 598 2617 τὴν
618 2591 775 2618 διδάσκαλον
791 2590 838 2618 κα)¹
856 2589 913 2616 Κύ-

970 2270 1059 2304 ipsum
1074 2270 1102 2297 in
1120 2270 1216 2305 primis
1234 2269 1370 2304 injiciunt,
1383 2277 1444 2296 cum
1467 2269 1554 2297 adhuc
1570 2273 1663 2296 essent
1684 2276 1747 2296 cum

969 2324 1002 2344 eo
1019 2316 1156 2352 discipuli.
1176 2316 1210 2343 At
1227 2316 1272 2344 ille
1295 2315 1447 2344 homicidas
1468 2316 1579 2350 paeitlce
1594 2315 1636 2343 his
1656 2315 1747 2343 verbis

969 2363 1115 2398 alloquitur
1130 2372 1138 2390 :
1157 2372 1166 2388 ι
1187 2362 1215 2390 Si
1231 2370 1274 2390 me
1289 2362 1420 2397 queritis,
1434 2362 1514 2389 sinite
1530 2362 1579 2389 hos
1592 2361 1667 2389 abire
1682 2362 1713 2389 “.
1734 2371 1744 2387 ι

969 2409 1098 2444 Discipuli
1129 2416 1194 2436 vero
1225 2408 1386 2444 gravissima
1425 2411 1585 2435 contuentes
1614 2407 1746 2442 pericula,

968 2464 1029 2483 cum
1054 2455 1121 2490 ipsis
1155 2462 1210 2482 non
1241 2454 1350 2482 adesset
1374 2453 1462 2481 sancti
1502 2452 1620 2488 Spiritus
1648 2453 1748 2486 virtus,

968 2500 1097 2535 magistro
1111 2507 1144 2526 ac
1158 2498 1274 2526 Domino
1284 2499 1390 2529 relicto.
1407 2505 1436 2525 se
1452 2498 1480 2524 in
1497 2497 1587 2531 fugam
1602 2496 1746 2524 dederunt.

968 2544 1008 2571 llli
1031 2551 1095 2572 vero
1120 2543 1228 2570 Satanae
1251 2543 1393 2571 domestici
1419 2542 1684 2577 comprehenderunt
1705 2541 1750 2569 Je-

967 2597 1038 2622 sum,
1061 2596 1141 2624 quem
1157 2588 1185 2616 in
1202 2588 1334 2616 Calvaria:
1353 2588 1442 2615 locum
1466 2588 1612 2620 duxerunt,
1633 2592 1662 2615 ut
1687 2595 1749 2614 eum

169 2667 192 2683 “
210 2667 277 2696 Luc.
294 2676 334 2702 Iv,
350 2668 394 2695 '50.
433 2668 454 2684 "’
474 2668 570 2696 Matth.
587 2677 621 2695 xx
633 2689 639 2700 ,
659 2668 702 2696 18.
741 2668 763 2684 ⁸⁸
781 2667 862 2709 Joan.
880 2674 965 2700 xvtu,
984 2667 1011 2694 8.

170 2753 225 2791 (8’2)
247 2753 314 2791 Reg.
324 2756 383 2791 τοῖς
398 2755 562 2791 δεσποτικοῖς
578 2755 728 2791 χρωμένοις
741 2754 912 2790 ἐτοιμότατα.

182 2789 226 2825 85)
240 2790 310 2825 Aug.
324 2789 494 2825 λιθάσασθαι.

170 2754 215 2790 (8’2
247 2754 314 2789 Reg.
328 2756 383 2786 τοῖς
398 2755 519 2782 Samum:

182 2790 215 2816 85
240 2790 310 2825 Aug.
324 2789 494 2816 λιθάσασθαι.

169 2754 226 2861 284i
239 2825 308 2861 Aug.
324 2824 519 2859 ἐξεληλυθότος.

1003 2752 1059 2824 (85)
1074 2753 1140 2788 Reg.
1154 2753 1281 2788 ἐσόμενα.

1004 2789 1048 2824 (86
1074 2788 1112 2816 ita
1126 2796 1191 2816 mss.
1213 2788 1281 2816 Editi

1004 2788 1058 2824 (86)
1074 2788 1112 2816 ita
1126 2796 1191 2816 mss.
1213 2788 1285 2816 Editi
1299 2795 1374 2821 vero,
1388 2788 1504 2815 ἅπαντα.
