1929 3056
206 144 260 172 ‘87

783 137 815 164 S.
835 133 1066 163 ATllANASIUS’.
1087 147 1122 152 —-
1143 130 1276 158 SPURlA.

1790 119 1858 147 488

207 203 246 231 ibi
267 201 466 236 cruciﬁgerent,
486 206 541 234 quo
563 198 635 225 iacto
657 197 750 224 omnia
772 196 991 231 adimpleverunt

1051 201 1099 218 nov
1114 192 1186 225 φυγῇ
1201 190 1361 225 ἐχρήσαντο.
1380 186 1411 212 Οἱ
1425 185 1452 211 δὲ
1467 184 1562 210 οἰκεῖοι
1577 179 1624 208 τοῦ
1639 179 1762 209 Σατανᾶ,
1778 177 1859 204 συλ-

206 253 268 281 quz
282 250 361 271 antea
381 243 414 270 de
438 243 486 270 illo
501 243 603 277 scripta
618 245 706 272 erant,
723 248 944 276 suspensumque
968 240 995 266 in

204 297 300 321 cruce,
327 289 410 316 veluti
435 288 518 314 vitem
542 288 569 314 in
597 287 770 322 pedamento,
798 285 925 313 ﬁxerunt.
949 283 997 311 Ille

208 339 297 362 autem
322 335 398 362 solus
422 334 449 360 in
472 341 554 361 cruce
579 333 702 365 relictus,
717 332 787 360 duos
799 331 842 358 vel
863 335 920 357 tres
939 329 997 364 pal-

208 381 288 408 mites
309 380 392 408 veluti
415 380 518 407 habens
529 401 535 412 ,
554 379 633 414 176
648 385 746 405 manus
762 378 789 404 in
804 381 995 404 transversum

203 427 347 462 expandit,
372 430 454 461 caput
478 433 543 453 vero
562 433 624 452 cum
650 429 760 460 pectore
782 428 809 451 et
833 422 950 457 pedibus
967 421 996 447 in

204 477 323 512 rectum.
339 471 506 499 Caeterorum
523 478 587 497 vero
603 471 744 504 palmitum
755 476 833 496 coma
848 469 992 503 spoliatus.

206 517 293 544 clavis
306 521 332 545 et
348 517 440 544 lancea
455 517 624 547 vulneratus,
641 520 736 543 sancto
750 515 891 550 sanguine,
905 518 994 541 scate-

209 563 266 590 bra
290 565 386 596 instar,
410 563 556 598 lacrymari
581 563 674 597 coepit.
692 561 814 598 Repente
828 565 918 589 autem
935 564 995 596 post

208 609 331 636 triduum
357 608 519 639 resurrexit,
550 608 577 634 in
602 608 688 639 nullo,
714 607 788 642 quod
817 610 896 634 antea
924 611 995 638 erat,

208 654 373 686 diminutus,
386 654 433 682 sed
449 653 546 688 majori
564 653 655 688 potius
666 661 728 680 cum
743 653 829 688 gloria
850 661 995 688 apparens,

206 709 294 736 seque
313 702 396 728 vitam
420 708 481 728 esse
497 700 624 728 cordibus
641 699 838 733 discipulorum
858 699 938 726 iidem
954 699 995 725 la-

205 746 296 773 ‘ciens.
323 745 424 780 Majore
449 746 546 773 deinde
572 753 654 780 quam
676 750 756 772 antea
785 745 919 780 producto
947 754 997 772 nu-

209 797 294 821 mero,
313 790 510 824 discipulorum
539 789 667 816 nimirum
692 793 794 820 turma,
818 793 880 824 post
903 797 996 816 resur-

1046 224 1190 273 λαϐόμενοι
1203 236 1247 263 τὸν
1269 233 1383 269 Ἰησοῦν,
1401 232 1512 266 ἄγουσιν
1532 229 1578 255 ἐπὶ
1592 227 1637 254 τὸν
1652 226 1779 273 Κρανίου
1797 224 1858 273 1τό-

1047 269 1121 316 πον,“
1134 284 1173 314 είς
1187 283 1218 308 τὸ
1237 279 1392 315 σταυρῶσαι
1414 276 1494 303 αὑτὸν
1517 275 1584 306 ἐκεῖ,
1603 273 1710 300 ἅπαντα
1732 269 1858 305 ἐκπληρ

1048 328 1183 365 ρὼσαντες
1193 326 1227 354 τὰ
1240 326 1304 360 πρὶν
1317 325 1359 351 ἐπ’
1372 322 1445 357 αὐτῷ
1457 319 1647 357 γεγραμμένα,
1660 316 1858 365 και-ἀναρτή-

1048 361 1153 405 σαντες,
1174 371 1329 406 κατέπηξαν
1349 368 1440 403 αὑτὸν,
1459 368 1497 399 ὡς
1517 367 1562 394 ἐπὶ
1579 365 1679 404 χάρακι
1700 361 1858 402 ἄμπελον,

1047 421 1093 447 ἐπὶ
1114 419 1161 446 τοῦ
1179 417 1305 454 σταυροῦ.
1327 417 1356 445 '0
1369 417 1398 444 δὲ
1420 415 1609 450 καταλειφθεὶς
1629 413 1707 449 μόνος
1722 412 1777 439 ἐπὶ
1800 411 1869 456 τοῦ,

1049 465 1166 502 σταυροῦ
1194 465 1260 501 (87),
1290 464 1384 499 ὥσπερ
1410 462 1574 497 δικλήματος
1603 459 1620 495 ἢ
1651 458 1859 494 τρικλήματος

1047 513 1201 544 ἐκπετάσας
1220 511 1291 539 κατὰ
1312 511 1360 546 μὲν
1377 509 1424 536 τοῦ
1442 508 1555 543 πλαγίου
1570 506 1618 538 τὰς
1637 507 1752 541 χεῖρας,
1772 504 1858 530 κατὰ

1049 561 1078 588 δὲ
1099 559 1145 586 τοῦ
1166 558 1246 594 ὀρθοῦ
1272 556 1391 592 κεφαλὴν
1409 556 1456 582 σὺν
1476 554 1580 590 Θώρακι
1606 552 1663 587 ἃμα
1681 550 1758 577 ποσί,
1792 550 1854 575 Πε-

1048 605 1231 642 ριαιρεθείσης
1248 603 1275 630 δὲ
1290 603 1340 638 τῆς
1361 602 1447 637 κόμης
1463 601 1571 634 ἀπάσης
1586 597 1638 624 τῶν
1653 596 1756 623 λοιπῶν
1778 595 1855 630 κλη-

1049 640 1151 686 μάτων,
1178 648 1291 683 πληγεὶς
1316 646 1384 682 πρδς
1407 645 1460 671 τῶν
1483 644 1554 679 ἥλων
1582 643 1630 669 καὶ
1654 642 1703 676 τῆς
1724 640 1852 674 λόγχης,

1047 697 1161 732 ἐδάκρυε
1186 694 1225 730 τῷ
1251 694 1321 728 ἁγίῳ
1342 693 1439 727 αἵματι
1461 689 1616 726 κρουνηδόν.
1641 687 1792 721 Ᾱίφνιδίως
1818 686 1852 712 δὲ

1046 742 1146 778 ἀνέστη
1159 741 1317 777 τριήμερος,
1335 738 1417 774 μηδὲν
1433 737 1568 772 μειωθεὶς,
1587 736 1654 770 ὅπερ
1665 732 1698 769 ἦν
1715 733 1748 759 τὸ
1762 732 1849 769 πρὶν,

1049 788 1147 823 μᾶλλον
1158 788 1186 814 δὲ
1197 786 1363 820 ἐνδοξότερος
1375 784 1512 818 ἐκφανεὶς,
1525 782 1613 809 πίστει
1627 779 1850 815 πληροφορήσας

206 837 371 868 rectionem,
395 845 448 864 non
469 837 496 864 in
519 835 612 863 Iudaea
635 839 753 868 tantum,
771 835 819 863 sed
840 845 849 860 ‹
874 835 996 862 extendit

1051 834 1096 866 τὰς
1110 833 1223 870 καρδίας
1236 832 1289 858 τῶν
1309 830 1435 866 μαθητῶν
1449 827 1516 855 εἶναι
1530 828 1609 854 αὑτὸν
1622 827 1672 862 τὴν
1686 826 1769 860 ζωήν.
1791 825 1850 850 Πο-

210 882 337 917 palmites
355 889 420 909 suos
434 889 520 916 usque
533 881 566 907 ad
579 888 664 912 mare,
680 881 788 915 operuit
808 885 915 907 montes
936 889 996 907 um-

1051 882 1095 908 λὺν
1111 881 1139 907 δὲ
1149 866 1266 916 αριθμὸν
1280 878 1443 913 βλαστήσας,
1457 876 1534 911 δχλον
1553 873 1681 909 μαθητῶν
1697 871 1768 908 μετὰ

210 927 259 954 bra
271 927 340 962 ejus,
365 931 392 954 et
413 928 527 954 arbusta
543 927 602 961 ejus
616 927 712 954 cedros
730 925 775 953 Dei
791 926 823 953 θ’.
849 936 859 952 ι
883 926 944 953 Haec
963 926 996 953 de

207 981 273 1000 vera
290 973 343 1002 vite
362 973 564 1005 commentatio,
589 977 670 1008 prout
692 972 779 1007 potui,
795 981 810 999 a
827 981 870 1000 me
892 973 935 1007 pie
956 972 998 998 in-

209 1017 308 1044 stituta
321 1022 375 1044 est.

1048 927 1205 957 ἀνάστασιν,
1219 925 1236 960 ἢ
1248 925 1278 951 τὸ
1291 924 1365 960 πρὶν,
1381 923 1430 950 οὑκ
1444 922 1483 948 ἔτι
1499 922 1527 947 ὲν
1545 919 1659 955 Ἰουδαίᾳ
1672 918 1766 954 μόνον,
1782 916 1846 943 ἀλλ’

1052 982 1062 998 ‹
1079 972 1193 1005 ἐξέτεινε
1212 970 1246 997 τὰ
1261 971 1387 1005 κλήματα
1406 968 1491 1003 αὐτῆς
1503 967 1555 998 ἓως
1569 966 1720 1000 θαλάσσης·
1741 963 1847 990 ἐκάλυ-

1049 1018 1098 1052 ψεν
1111 1017 1160 1054 ὅρη
1174 1018 1190 1052 ἡ
1203 1016 1266 1043 σκιὰ
1278 1017 1370 1050 αὐτῆς,
1387 1015 1433 1041 καὶ
1445 1015 1472 1040 αἱ
1488 1011 1678 1047 ἁναδενδράδες
1693 1011 1779 1046 αὐτῆς
1791 1009 1844 1041 τὰς

209 1063 323 1099 κέδρους
333 1062 381 1090 τοῦ
393 1063 471 1091 Θεοῦ.
488 1072 497 1088 ι
510 1061 584 1096 Αὕτη
597 1063 613 1096 ἡ
625 1063 800 1098 πραγματεία
810 1062 860 1101 τῆς
869 1062 998 1098 ἀληθινῆς
1012 1063 1133 1099 ἀμπέλου
1152 1064 1219 1090 κατὰ
1236 1062 1266 1088 τὸ
1276 1061 1387 1088 δυνατὸν
1398 1059 1517 1091 εὐσεϐῶς
1530 1059 1662 1094 νενόηται.

245 1119 290 1146 3.7.
319 1118 367 1146 Ar.
395 1118 480 1146 Valde
506 1119 575 1147 bene
598 1119 651 1147 ista
676 1126 706 1147 se
728 1119 829 1146 habere
844 1117 992 1146 assentior.

205 1164 270 1192 Jam
285 1165 353 1192 mihi
368 1164 560 1200 inquirendum
575 1167 701 1200 superest
716 1165 750 1192 de
767 1163 870 1199 Spiritu
887 1168 993 1191 sancto.

211 1209 279 1237 Nam
298 1210 371 1245 quod
388 1210 422 1237 ad
436 1209 533 1237 Filium
550 1213 666 1245 spectat,
682 1209 813 1237 conﬁteor
826 1213 854 1237 et
869 1217 919 1244 ego
935 1216 997 1236 eum

212 1255 240 1282 in
259 1255 387 1283 omnibus
401 1254 478 1282 Patri
491 1255 623 1290 aequalem
639 1262 700 1283 esse
710 1275 717 1287 ,
733 1255 788 1282 nisi
807 1255 881 1290 quod
899 1254 944 1281 ille
961 1254 997 1281 sit

211 1301 395 1336 omnipotens.
420 1301 483 1328 Ath.
509 1301 583 1328 Nihil
607 1305 682 1333 certe
702 1301 845 1329 confessus
871 1308 902 1328 es
923 1300 997 1335 quod

211 1347 307 1382 pietati
322 1347 358 1375 sit
372 1351 597 1375 consentaneum.
611 1348 660 1375 Ar.
674 1347 782 1381 Quare?
800 1347 861 1375 Atla.
885 1347 996 1374 Scilicet

208 1392 297 1420 Filius
311 1401 362 1421 suo
373 1392 447 1420 Patri
462 1394 575 1428 aequalis
588 1399 640 1426 est,
655 1394 833 1429 omniumque
847 1398 889 1422 est
904 1392 997 1420 Domi-

212 1446 276 1471 nus,
294 1439 394 1474 quibus
415 1439 503 1474 ipsius
524 1438 605 1467 Pater
625 1439 795 1467 dominatur.
813 1439 861 1465 Ar.
882 1437 939 1473 Ego
963 1438 998 1466 de

208 1485 408 1520 omnipotentia
425 1485 532 1520 loquor,
549 1493 604 1512 non
623 1485 657 1513 de
677 1493 710 1512 eo
727 1485 798 1520 quod
813 1485 856 1511 his
871 1483 997 1511 omnibus

1083 1120 1126 1146 57.
1149 1120 1208 1153 'Ap.
1227 1117 1287 1145 εἷπε
1298 1127 1304 1134 ·
1325 1118 1432 1153 Σφόδρα
1444 1117 1531 1154 ὀρθῶς
1545 1116 1616 1152 ἔχειν
1630 1116 1710 1151 φημί.
1736 1115 1798 1142 Ἔτι
1811 1114 1843 1141 δὲ

1048 1165 1239 1192 ὑπολέλειπταί
1270 1173 1315 1200 μοι
1346 1164 1411 1200 περὶ
1436 1163 1486 1198 τῆς
1516 1163 1653 1198 ζητήσεως
1677 1161 1724 1188 τοῦ
1758 1161 1843 1195 ἁγίου

1051 1211 1221 1246 Ηνεύματος·
1241 1211 1304 1246 περὶ
1323 1210 1376 1246 γὰρ
1403 1210 1450 1236 τοῦ
1477 1209 1541 1235 Υἱοῦ
1565 1207 1736 1243 συνομολογῶ
1761 1206 1843 1241 κάγὼ

1049 1258 1079 1284 τὸ
1100 1258 1155 1284 ἴσον
1169 1257 1249 1284 αὐτὸν
1267 1255 1335 1283 εἷναι
1350 1255 1389 1291 τῷ
1402 1256 1490 1291 Πατρὶ
1506 1255 1575 1282 κατὰ
1589 1254 1686 1285 πάντα,
1698 1254 1776 1285 ὲκτὸς
1792 1252 1842 1279 τοῦ

1049 1304 1256 1338 παντοκράτορα
1273 1303 1354 1329 αὑτὸν
1376 1300 1455 1329 εἶναι.
1478 1303 1532 1329 Ἀθ.
1552 1300 1644 1328 εἶπεν·
1659 1300 1741 1328 οὐδὲν
1766 1299 1842 1334 ὠμο-

1049 1349 1167 1384 λόγησας
1188 1349 1242 1376 τῶν
1266 1350 1299 1384 τῇ
1329 1348 1453 1383 εὐσεϐείᾳ
1477 1348 1640 1382 ἀνηκόντων.
1667 1347 1726 1379 Ἀρ.
1759 1342 1838 1371 εἷπε·

1050 1396 1127 1428 Τίνος
1142 1395 1250 1427 ἓνεκεν;
1268 1395 1365 1422 Ἀθαν.
1379 1391 1464 1420 εἶπεν·
1482 1394 1552 1425 Ἰσος
1564 1392 1692 1427 τυγχάνει
1707 1391 1753 1418 τοῦ
1772 1391 1839 1417 latio-.3

1050 1442 1155 1478 Πατρὺς
1175 1441 1230 1477 (88)
1248 1441 1263 1467 ὸ
1283 1440 1347 1471 Υἱὸς
1365 1440 1515 1475 ἀραρότως,
1537 1440 1582 1466 καὶ
1606 1438 1714 1465 πάντων
1735 1435 1839 1472 Κύριός

1051 1490 1134 1520 ἐστιν,
1152 1484 1189 1514 ὧν
1211 1487 1331 1523 κυριεύει
1342 1488 1356 1513 ὁ
1371 1486 1465 1522 Πατὴρ
1480 1486 1572 1512 αὑτοῦ.
1592 1486 1652 1520 Ἀρ.
1669 1483 1838 1517 simil-Eni:

211 1531 370 1558 dominatur
394 1531 492 1566 Filius,
511 1532 612 1567 quibus
636 1531 715 1560 Pater
743 1539 810 1560 suus
832 1533 997 1560 dominatur.

1051 1535 1114 1570 περὶ
1125 1533 1355 1569 παντοκρατορίας
1366 1533 1444 1568 ἔφην,
1456 1533 1486 1559 οὐ
1498 1533 1560 1568 περὶ
1571 1531 1617 1558 τοῦ
1629 1531 1765 1568 κυριεύειν
1779 1530 1836 1566 (89)

210 1577 275 1604 ΑιΙι.
291 1577 360 1611 Quid
383 1582 435 1610 est,
453 1579 644 1614 omnipotens?
663 1579 711 1605 Ar.
735 1578 760 1607 Is
779 1583 822 1606 est
844 1579 891 1614 qui
908 1579 999 1606 omnia

210 1624 266 1652 sub
278 1628 414 1660 potestate
428 1625 591 1653 habet.AtIt.
608 1625 656 1661 An]
666 1632 719 1653 non
733 1633 797 1661 ergo
810 1624 896 1652 Filius
907 1625 1000 1652 omnia

209 1671 365 1699 secundum
378 1676 409 1700 te‘
424 1672 477 1699 sub
499 1676 632 1707 potestate
647 1671 748 1699 habet?
761 1672 809 1699 Ar.
829 1671 913 1699 Recte
927 1676 954 1699 et
972 1671 1000 1698 id

212 1724 276 1744 cum
300 1718 407 1744 caneris
425 1716 520 1743 dixisti
546 1725 552 1743 :
575 1717 666 1743 omnia
691 1716 764 1743 enim
788 1716 839 1743 sub
865 1719 1000 1751 potestate

213 1763 296 1790 habet
314 1762 412 1794 Filius,
429 1762 555 1797 idemque
570 1766 612 1789 est
626 1762 809 1796 omnipotens,
822 1766 852 1788 ut
868 1765 895 1788 ct
908 1761 998 1789 Pater.

213 1807 282 1835 Nam
301 1816 363 1836 cum
377 1816 432 1836 una
446 1808 482 1835 sit
494 1807 584 1835 Patris
600 1813 627 1835 et
640 1807 701 1834 Filii
722 1807 874 1834 divinitatis
890 1811 997 1840 natura,

211 1862 269 1881 una
282 1861 392 1889 quoque
413 1857 456 1882 est
472 1854 679 1890 omnipotentia.
694 1852 762 1888 {Jam
784 1853 866 1887 igitur
885 1852 919 1880 de
937 1852 1000 1887 Spi-

213 1901 270 1928 ritu
291 1904 388 1928 sancto
407 1900 576 1928 disseramus
598 1909 605 1927 :
622 1900 773 1934 praisertim
788 1907 850 1926 cum
871 1904 901 1926 tu
921 1899 1000 1927 initio

214 1945 354 1974 deﬁnieris
368 1946 457 1981 ipsum
479 1953 541 1974 esse
555 1945 630 1973 Patri
646 1949 673 1973 et
693 1945 763 1973 Filio
777 1945 1000 1974 consubstantia-

214 1992 280 2024 lem,
295 1992 369 2027 quod
387 1993 446 2028 ipse
470 2000 598 2028 pernego,
619 1998 774 2020 sanctarum
797 1992 1000 2028 Scripturarum

213 2038 378 2065 auctoritate
399 2037 520 2068 innixus,
536 2046 570 2066 ex
590 2038 689 2073 quibus
710 2038 797 2066 habeo
820 2038 909 2073 ipsum
924 2045 1000 2066 crea-

214 2087 275 2110 tum
289 2090 351 2110 esse
367 2091 374 2111 :
390 2082 472 2118 idque
483 2082 532 2110 tibi
548 2083 643 2117 paucis
656 2083 750 2117 probo.
768 2081 868 2118 Nempe
880 2082 999 2111 Joannes

214 2132 356 2156 asseverat
372 2128 464 2156 omnia
480 2136 528 2164 per
543 2127 641 2154 Filium
658 2128 728 2155 facta
742 2136 813 2160 esse.
825 2137 879 2163 quo
891 2127 999 2163 quidem

216 2174 300 2202 verbo
314 2173 447 2204 Spiritum
463 2174 576 2201 minime
590 2173 807 2208 comprehendit.
824 2175 913 2208 ipsum
933 2174 998 2201 item

1050 1581 1094 1607 τὸν
1109 1581 1172 1607 Υἱὺν
1189 1580 1326 1612 ἁπάντων,
1343 1576 1380 1606 ὧν
1395 1579 1539 1615 κυριεύειό
1556 1578 1650 1614 Πατὴρ
1663 1577 1754 1604 αὑτοῦ.
1774 1577 1835 1604 Ἀθ.

1049 1624 1126 1653 εἶτεν
1148 1625 1350 1661 Παντοκράτωρ
1369 1625 1396 1651 τί
1417 1626 1509 1657 ὲστιν;
1525 1625 1588 1658 Ἀρ.
1601 1621 1694 1650 εἷπεν·
1721 1622 1768 1649 Ἐκ
1788 1621 1835 1648 τοῦ

1050 1673 1157 1699 πάντων
1172 1673 1292 1707 κρατεῖν.
1311 1673 1405 1699 Ἀθαν.
1418 1670 1494 1699 εἶπεν
1505 1680 1511 1686 '
1539 1671 1568 1697 '0
1585 1670 1648 1701 Υἱὸς
1660 1668 1707 1696 οὖν
1721 1668 1792 1696 κατὰ
1805 1667 1835 1695 σὲ

1050 1719 1159 1745 πάντων
1185 1720 1216 1745 οὗ
1245 1720 1355 1754 κρατεῖ;
1385 1720 1448 1752 Ἀρ.
1474 1715 1552 1743 εἷπε·
1578 1716 1676 1747 Καλῶς
1697 1715 1763 1750 ἔφης
1786 1715 1834 1741 σὺν

1048 1766 1104 1796 τοῖς
1115 1764 1216 1796 λοιποῖς
1228 1765 1274 1791 καὶ
1288 1764 1380 1791 τοῦτο·
1397 1764 1505 1791 πάντων
1520 1763 1574 1798 γὰρ
1591 1763 1687 1798 κρατεῖ
1702 1762 1748 1788 καὶ
1768 1769 1834 1788 παν-

1048 1811 1190 1846 τοκράτωρ
1208 1811 1281 1837 ἐστὶν
1298 1811 1312 1836 ὁ
1327 1810 1401 1842 Υἱὸς,
1415 1809 1508 1844 ὥσπερ
1523 1809 1570 1835 καὶ
1585 1808 1599 1834 ὁ
1615 1808 1718 1842 Πατήρ.
1740 1806 1832 1833 ὀπὸτε

1051 1857 1115 1892 μιᾶς
1138 1855 1219 1892 οὔσης
1241 1856 1333 1888 οὐσίας
1353 1855 1399 1882 τοῦ
1424 1855 1530 1890 Πατρὺς
1554 1853 1602 1880 καὶ
1629 1852 1676 1879 τοῦ
1700 1851 1764 1878 Υίοῦ
1784 1852 1833 1887 τῆς

1050 1901 1174 1937 θεότητος
1186 1902 1251 1937 (90),
1267 1903 1314 1929 καὶ
1328 1902 1376 1937 μία
1390 1900 1608 1936 παντοκρατορία
1619 1898 1756 1934 τυγχάνει.
1773 1898 1832 1924 Δοι-

1049 1947 1100 1974 πὸν
1121 1947 1185 1982 περὶ
1201 1947 1248 1973 τοῦ
1268 1947 1345 1981 ἁγίου
1369 1946 1526 1981 Πνεύματος
1548 1945 1723 1981 ζητήσωμεν·
1742 1943 1829 1978 ἐπειδὴ

1049 1993 1167 2029 μάλιστα
1179 1994 1271 2029 ὡρίσω
1284 1993 1315 2020 σὺ
1331 1994 1359 2020 ὲν
1374 1993 1444 2028 ἀρχῇ
1458 1991 1600 2027 όμοούσιον
1611 1991 1675 2017 αὐτὸ
1691 1988 1758 2017 εἶναι
1775 1990 1828 2016 Πα-

1048 2039 1093 2075 τρὶ
1109 2039 1156 2067 καὶ
1177 2039 1243 2074 Υίῷ,
1267 2038 1323 2073 ἐγὼ
1338 2038 1367 2064 δὲ
1383 2037 1526 2071 ἀντιλέγω,
1547 2036 1615 2072 ἔχων
1636 2036 1685 2072 τὴν
1698 2034 1829 2068 ἀπόδειξιν

1049 2086 1081 2112 ὲκ
1095 2085 1149 2111 τῶν
1163 2085 1247 2119 ἁγίων
1258 2083 1383 2120 Γραφῶν,
1396 2083 1436 2110 ὃτι
1450 2083 1558 2109 κτιστὺν
1572 2083 1700 2117 τυγχάνει
1711 2090 1717 2096 ·
1732 2081 1777 2108 καὶ
1788 2080 1829 2107 διὰ

1050 2131 1180 2167 συντόμου
1196 2131 1250 2167 ὲρῶ
1264 2130 1312 2166 τὴν
1324 2129 1388 2165 περὶ
1399 2128 1494 2156 τούτου
1506 2128 1686 2164 παράστασιν,
1700 2128 1728 2153 ὲν
1739 2126 1775 2162 τῷ
1786 2127 1828 2152 τὸν

1055 2179 1181 2213 Ἰωάννην
1198 2176 1414 2212 διισχυρίσασθαι
1435 2175 1589 2210 φάσκοντα,
1613 2175 1700 2201 πάντα
1722 2174 1764 2200 διὰ
1784 2173 1826 2199 τοῦ

214 2228 233 2247 e
253 2220 329 2248 caelis
345 2228 361 2247 a
375 2220 455 2247 Patre
469 2219 504 2247 ad
524 2220 663 2254 apostolos
680 2219 708 2246 in
727 2219 860 2247 auxilium
884 2221 997 2247 missum

1051 2204 1115 2250 ficii
1129 2204 1299 2258 γεγενῆσθαί,
1314 2222 1350 2258 μὴ
1365 2204 1611 2257 συμπαραλαϐόντα
1625 2220 1670 2246 καὶ
1683 2220 1711 2246 τὺ
1725 2219 1828 2254 Πνεῦμα

214 2274 279 2294 esse
294 2275 302 2294 :
319 2266 394 2301 atqui
411 2266 438 2294 id
450 2265 552 2301 quod‘e
564 2266 625 2293 loco
637 2265 670 2294 ad
683 2265 772 2293 locum
786 2265 999 2300 transgreditur,

215 2312 386 2340 transeuntis
409 2316 452 2339 est
474 2315 588 2339 naturae.
610 2306 821 2339 Unde'evidens
841 2315 883 2339 est
903 2317 1001 2339 creatze

217 2357 307 2393 ipsum
323 2363 384 2385 esse
400 2361 514 2388 natura,
534 2365 589 2384 non
602 2361 692 2384 autem
704 2357 840 2389 increalse,
854 2358 941 2392 qualis
954 2358 1000 2384 illa

215 2408 262 2431 est
274 2411 334 2438 qua:
351 2403 436 2430 beata
456 2404 530 2430 illius
547 2407 651 2430 natum
664 2402 753 2431 Patris
769 2408 796 2431 et
811 2403 870 2431 Filii
888 2404 998 2437 dicitur,

217 2457 333 2484 quaeque
345 2450 436 2476 omnia
451 2450 584 2482 continet,
598 2453 625 2478 et
645 2450 745 2485 ubique
760 2450 913 2478 substantia
930 2457 1000 2485 pra:—

218 2503 284 2523 sens
307 2499 367 2528 est;
390 2495 616 2530 quemadmodum
641 2503 723 2531 supra
750 2503 765 2523 a
789 2501 814 2524 te
839 2503 1000 2524 concessum

217 2542 284 2566 est:
301 2538 329 2565 in
353 2546 407 2573 quo
423 2544 450 2566 et
468 2546 510 2566 me
532 2547 586 2567 non
612 2545 712 2573 tecum,
728 2541 775 2568 sed
801 2548 862 2568 cum
886 2541 1001 2569 veritate

253 2636 278 2652 “
296 2636 370 2664 Psal.
386 2613 541 2670 tumlti.

254 2727 309 2763 (87)
325 2727 370 2755 Sic
383 2728 482 2763 Regius
494 2735 573 2763 quem
592 2728 743 2763 sequimur.
753 2726 835 2754 Basil.
849 2729 876 2753 et
889 2725 958 2760 Aug.
967 2724 997 2751 '0

217 2761 246 2789 δὲ
258 2761 446 2797 καταλειφθείς
456 2761 510 2798 Ῠὲπϊ
525 2762 571 2789 τοῦ
590 2761 717 2798 σταυροῦ.
737 2762 765 2788 ln
778 2762 938 2797 August-ano
957 2763 998 2786 ta-

218 2805 279 2824 men
293 2797 368 2824 deest
377 2799 392 2823 ὁ
404 2798 442 2826 δέ.
456 2797 484 2824 ln
496 2798 575 2825 editis
589 2798 645 2825 haec
658 2797 764 2825 desunt.

254 2843 309 2879 (88)
325 2844 388 2878 Reg.
403 2843 440 2878 τῷ
455 2843 511 2878 ἰδίῳ
524 2843 617 2877 Πατρί,

1050 2270 1078 2296 ὲν
1092 2269 1178 2304 τούτῳ
1191 2269 1230 2304 τῷ
1244 2269 1326 2303 λόγῳ,
1345 2268 1385 2294 ἐτι
1399 2267 1450 2303 μὴν
1467 2267 1512 2293 καὶ
1522 2266 1754 2301 ὰποστελλόμενον
1766 2265 1827 2300 πρὸς

1050 2315 1096 2342 τοῦ
1123 2315 1228 2350 Πατρὸς
1257 2315 1289 2340 ὲκ
1314 2314 1368 2340 τῶν
1395 2313 1516 2348 οὐρανῶν
1542 2312 1609 2347 προς
1634 2311 1756 2347 βοήθειαν
1777 2311 1826 2337 τῶν

1051 2360 1221 2388 ἀποστόλων·
1238 2360 1268 2387 τὸ
1280 2359 1308 2386 δὲ
1319 2359 1372 2386 ἀπὸ
1387 2359 1469 2385 τόπου
1485 2358 1524 2389 είς
1539 2357 1631 2393 ἕτερον
1645 2358 1725 2384 τόπον
1743 2357 1826 2392 μετιὺν

1053 2406 1235 2442 μεταϐατικῆς
1251 2405 1344 2437 οὐσίας
1358 2405 1496 2440 τυγχάνει.
1515 2405 1560 2431 Ἐκ
1574 2403 1668 2430 τούτου
1684 2403 1825 2438 καταδήλου

1051 2452 1127 2483 ὄντος
1141 2451 1253 2486 κτιστῆς
1267 2451 1348 2478 αὑτὸν
1360 2451 1466 2484 φύσεως
1479 2448 1562 2481 εἶναι,
1578 2449 1625 2476 καὶ
1634 2449 1683 2476 οὐκ
1696 2448 1824 2479 ἀκτὶστου,

1051 2498 1100 2533 τῆς
1117 2497 1252 2533 μακαρίας
1267 2497 1359 2528 οὐσίας
1372 2496 1478 2531 ἐκείνης
1492 2496 1597 2530 Πατρὸς
1616 2495 1662 2522 καὶ
1679 2494 1743 2521 Υἱοῦ
1758 2494 1826 2528 λεγο-

1053 2543 1137 2579 μένης
1157 2543 1222 2578 (91),
1238 2543 1285 2569 καὶ
1303 2542 1482 2578 περιεχούσης
1498 2542 1532 2567 τὰ
1549 2541 1608 2573 ὅλα,
1631 2542 1677 2568 καὶ
1699 2540 1824 2575 πανταχοῦ

1086 2725 1141 2755 (89)
1157 2724 1223 2760 Reg.
1239 2726 1276 2762 μὴ
1289 2725 1438 2761 κυριεύειν.

1087 2771 1142 2806 (90)
1158 2770 1224 2806 Reg.
1241 2777 1268 2798 et
1280 2772 1359 2807 Angl.
1374 2773 1390 2807 ἡ
1403 2771 1508 2806 θεότης.

1088 2817 1142 2851 (9|)
1160 2816 1225 2852 Reg.
1238 2823 1263 2846 et
1276 2818 1380 2853 Anglic.
1397 2818 1467 2852 λέγω
1484 2817 1576 2853 μόνης.
