1929 3056
109 162 163 190 48)

676 161 884 191 DISPUTATIO
905 162 1045 193 CONTRA
1063 164 1185 194 ARIUM.

1691 172 1743 199 Ᾱίύ

108 220 251 258 παρούσης
266 221 326 248 κατ’
339 221 440 248 οὐσίαν·
457 221 546 253 καθὼς
560 222 770 257 προαποδέόοται
785 223 841 249 ὑπὸ
852 224 886 249 eo?

951 225 1165 253 consentientem
1178 225 1307 253 habuisti.
1320 226 1396 254 Adde
1413 226 1497 255 Deum
1514 228 1550 255 ita
1563 235 1612 263 per
1627 229 1744 264 prophe-

107 268 138 293 ἐν
151 269 209 298 τοῖς
225 267 379 302 ἔμπροσθεν
399 268 564 303 εἰρημένοις,
581 268 669 304 κάμοῦ
689 269 901 305 συνευδοκήσαν-

105 322 152 345 τος
169 314 199 340 οὐ
223 314 275 345 σοὶ,
291 313 360 340 ἀλλὰ
378 315 411 349 τῇ
434 314 562 350 ἀληθείᾳ·
580 314 620 341 ἔτι
640 315 669 342 δὲ
690 316 737 342 καὶ
759 315 806 342 τοῦ
831 315 899 342 Θεοῦ

105 359 232 393 λέγοντος
244 360 288 386 διὰ
302 360 348 386 τοῦ
365 361 518 395 προφήτου*
535 371 543 386 ι
565 361 635 395 Ἐγὼ
651 362 768 397 στερεῶν
781 362 897 398 βροντὴν

104 407 154 432 καὶ
172 406 272 438 κτίζων
288 407 406 443 πνεῦμα,
427 418 436 434 ι
456 405 496 440 οἷς
519 407 573 442 ἐγὼ
593 408 694 444 νομίζω
711 409 747 444 μὴ
767 408 897 436 δύνασθαί

104 460 136 478 σε
159 453 306 479 ἀντειπεῖν.

140 509 186 536 58.
214 510 272 537 Ἀθ.
289 508 362 536 εἷπε·
389 511 558 547 Γέγραπται·
583 521 593 537 ‹
617 511 729 538 Γὲνεσοε
753 513 835 547 ἆγιοι,
855 513 896 539 ὅτι

103 557 162 591 ἐγὼ
187 557 263 592 ἅγιος
286 557 406 592 ἁγιάζων
433 559 515 593 ὑμᾶς.
553 567 561 583 ι
582 558 637 584 Καὶ
663 558 743 584 πάλιν
763 560 777 585 ὁ
799 559 895 595 Σωτὴρ

104 604 175 640 πρὸς
190 604 236 630 τὸν
252 604 348 631 ἑαυτοῦ
365 605 475 640 Πατέρα
495 605 564 641 ὑπὲρ
583 605 629 631 τοῦ
654 605 817 641 ἁγιασθῆναι
832 607 894 638 τοὺς

105 650 230 685 μαθητὰς
247 650 298 686 ἔφη
326 650 409 677 οὓτωε
428 659 436 675 ι
457 651 558 686 Πάτερ,
575 651 686 685 ἁγίασον
702 653 800 684 αὐτοὺς
814 653 843 678 ὲν
859 655 891 688 τῇ

103 697 217 732 ἀληθείᾳ
232 706 278 723 σου
288 706 294 712 ·
315 707 324 722 ι
340 699 387 723 καὶ
400 697 480 724 πάλιν
496 698 560 734 περὶ
582 698 677 724 ἑαυτοῦ
699 698 754 733 (92)
768 699 781 724 ὁ
797 699 891 734 Σωτήρ

103 751 199 778 φησιν·
223 753 233 769 ι
258 743 328 777 Ἐγώ
341 745 397 778 εἰμι
418 745 434 780 ἡ
450 743 570 779 ἀλήθεια.
594 754 602 770 ι
620 744 698 771 Κατὰ
714 744 799 771 ταῦτα
813 745 829 780 ὴ
845 744 891 770 τοῦ

102 789 209 824 Πατρὸς
224 790 271 815 καὶ
287 789 333 815 τοῦ
352 789 415 816 Υἰοῦ
437 789 532 824 θεότης
547 791 620 816 ἐστὶν
634 791 649 825 ἡ
668 791 734 825 ἁγία
755 791 801 816 καὶ
815 791 891 824 αγιο-

101 836 188 868 ποιὸς,
208 837 223 871 ἡ
246 835 396 869 ἁγιάζουσα
411 836 499 863 πάντα
520 837 554 863 τὰ
570 836 675 871 λογικὰ,
695 837 728 863 τὰ
747 837 891 869 καταξιού-

101 890 172 915 μενα
195 880 225 913 ἐξ
251 880 422 913 αὐτεξουσεου
444 881 556 917 γνώμης
580 890 607 907 τε
633 883 678 908 καὶ¹
701 882 818 918 σπουδῆς
841 883 890 918 τὴν

99 929 182 961 ἁγίαν
201 927 327 960 δέξασθαι
348 929 394 955 καὶ
416 928 554 963 μακαρίαν
575 928 669 954 οὐσίαν
689 929 728 959 εἰς
750 929 892 954 κοινωνίαν

97 972 250 1008 ἀγιασμοῦ.
272 973 303 999 Εἰ
319 971 365 999 οὖν
383 973 433 999 οὐκ
448 973 506 1000 ἐστι
519 974 568 1009 τῆς
584 973 630 999 τοῦ
649 973 755 1008 Πατρὸς
779 974 826 999 καὶ
845 973 892 1000 τοῦ

98 1019 167 1045 Υἱοῦ
187 1019 281 1051 οὐσίας
300 1019 329 1046 τὸ
346 1020 421 1053 ἆγιον
435 1019 558 1054 Πνεῦμα,
583 1020 655 1051 τίνος
676 1019 768 1046 ἕνεκεν
784 1019 892 1054 συνηρι-

97 1064 206 1101 θμησεν
229 1066 295 1092 αὐτὸ
314 1067 328 1092 ὁ
348 1065 413 1097 Tib;
434 1066 481 1092 τοῦ
505 1066 572 1092 Θεοῦ
590 1067 616 1092 ὲν
641 1065 679 1100 τῷ
703 1065 829 1101 συμὸόλῳ
844 1066 891 1092 τοῦ

97 1112 255 1147 ὰγιασμοῦ;
277 1112 346 1147 Φησὶ
362 1112 416 1148 γὰρ
434 1113 447 1139 ὁ
464 1112 565 1148 Κύριος
583 1112 651 1148 πρὸς
668 1113 730 1143 τοὺς
749 1112 872 1147 μαθητάς
883 1122 889 1127 ·

100 1164 110 1180 α
129 1154 323 1190 Πορευθέντες,
343 1155 530 1190 μαθητεύσατε
548 1155 636 1181 πάντα
652 1155 686 1181 τὰ
704 1155 778 1190 ἔθνη,
796 1155 891 1190 βαπτί-

98 1200 192 1232 ζοντες
214 1201 312 1232 αὐτοὺς
342 1202 381 1232 εἰς
405 1201 434 1227 τὸ
460 1201 544 1236 ὄνομα
570 1200 617 1227 τοῦ
646 1200 752 1236 Πατρδς
772 1201 818 1227 καὶ
844 1201 891 1227 τοῦ

97 1245 167 1272 Υῑοῦ
188 1245 296 1272 καὶτοῦ
319 1246 395 1279 ἁγίου
413 1246 580 1280 Πνεύματος.
604 1255 613 1271 ι
635 1246 666 1271 Εἰ
681 1243 727 1271 οὖν
748 1245 836 1272 πάντα
857 1244 892 1271 τὰ

97 1291 164 1326 ἔθνη
183 1291 217 1317 τὰ
238 1291 398 1317 πιστεύοντα
420 1292 467 1318 καὶ
486 1291 654 1325 ἁγιαζόμενοι
681 1291 839 1325 ἀγιάζονται
857 1293 890 1327 τῇ

95 1334 362 1368 τρισμακαριωτάτῃ
380 1333 512 1368 ὀνομασίᾳ
523 1354 530 1365 ,
547 1332 627 1368 δῆλόν
648 1333 721 1360 ἐστιν
741 1334 780 1360 ὅτι
795 1335 842 1360 καὶ
860 1334 892 1360 τὺ

95 1378 211 1413 Πνεῦμα
222 1379 271 1414 τῆς
282 1378 329 1405 τοῦ
342 1378 447 1414 Πατρδς
459 1379 506 1404 καὶ
524 1378 571 1404 τοῦ
587 1378 652 1404 Υἱοῦ
666 1378 792 1414 θεότητος
806 1379 890 1414 ὑπάρ-

96 1433 150 1459 χει,
166 1424 198 1450 ὲκ
212 1424 260 1450 τοῦ
279 1424 355 1458 ἆγιον
370 1424 436 1451 αὐτὸ
454 1422 521 1450 εῖναι
537 1425 597 1450 κατ’
614 1424 717 1457 οὐσίαν,
734 1425 781 1451 καὶ
797 1425 891 1458 ἁγίους

95 1471 185 1496 ποιεῖν
199 1469 305 1502 πάντας
322 1470 385 1501 τοὺς
404 1469 622 1504 προσϐάλλοντας
640 1469 722 1496 αὐτοῦ
740 1471 772 1505 τῇ
795 1479 890 1496 κοινω-

94 1515 160 1550 νίᾳ,
190 1515 281 1547 καθώς
306 1523 388 1551 φησιν
409 1516 423 1541 ὁ
456 1515 616 1547 ’Λπόστολος
649 1516 718 1550 πρὸς
748 1516 794 1547 οὓς
819 1515 887 1551 ἔφη·

98 1572 108 1588 ι
132 1562 204 1588 Ἀλλ’
218 1561 416 1591 ἀπελούσασθε,
431 1561 488 1588 ἀλλ’
505 1561 654 1597 ἡγιάσθητε
671 1563 700 1588 ἐν
714 1562 753 1597 τῷ
774 1562 888 1597 ὀνόματι
902 1576 922 1604 C

94 1609 143 1636 τοῦ
159 1608 262 1643 Κυρίου
279 1608 356 1643 ἡμῶν
379 1608 465 1644 Ἰησοῦ
488 1607 618 1644 Χριστοῦ⁷
634 1608 681 1634 καὶ
701 1610 730 1635 ὲν
746 1609 786 1644 τῷ
800 1609 886 1636 Πνεῦ-

95 1663 164 1690 ματι
178 1654 259 1680 αὑτοῦ
276 1654 316 1688 τῷ
330 1654 407 1688 ἁγίῳ.
433 1664 441 1679 ι
458 1654 490 1680 El
505 1654 533 1680 δὲ
549 1653 599 1680 οὐκ
619 1653 676 1680 ἔστι
692 1654 741 1689 τῆς
757 1654 804 1680 τοῦ
818 1653 886 1681 Θεοῦ

94 1701 143 1727 καὶ
157 1700 264 1736 Πατρὸς
288 1701 335 1727 καὶ
349 1701 413 1727 Υἱοῦ
435 1701 609 1732 ὑποστάσεως
624 1700 691 1736 (95),
706 1700 787 1727 πάλιν
803 1701 884 1736 φημὶ,

94 1747 155 1779 πῶς
173 1747 362 1783 συνηριθμήθη
375 1748 463 1783 Πατρὶ
477 1748 523 1774 καὶ
538 1747 608 1783 Υίῷ·
626 1747 664 1779 ὡς
681 1747 718 1782 μὴ
733 1747 886 1783 δυναμένης

93 1793 145 1828 τῆς
160 1793 207 1819 τοῦ
227 1794 334 1829 Πατρὸς
353 1794 400 1820 καὶ
418 1794 484 1820 Υἱοῦ
503 1794 629 1828 θεότητος
647 1794 799 1830 ἐπαρκέσαι
817 1794 885 1829 πρὸς

94 1840 233 1875 ἁγιασμὸν
248 1841 303 1872 τοῖς
325 1842 429 1871 πιστοῖς
439 1861 446 1873 ,
464 1841 616 1877 προσέλαϐε
631 1841 677 1867 τὸν
693 1840 883 1876 Παράκλητον,

92 1887 125 1913 τὸ
141 1886 256 1921 Πνεῦμα
266 1886 316 1921 τῆς
328 1886 456 1922 ἀληθείας
471 1888 510 1918 εἰς
526 1886 721 1922 συμπλήρωσιν
736 1886 883 1922 ἁγιασμοῦ,

91 1932 140 1959 τὸν
155 1933 206 1959 οὐκ
219 1934 251 1959 ὲκ
265 1933 313 1968 τῆς
328 1933 420 1964 οὐσίας
435 1932 517 1959 αὑτοῦ
530 1933 608 1965 liveat;
622 1933 654 1959 Εἰ
674 1932 702 1958 δὲ
725 1932 797 1958 τοῦθ’
813 1932 884 1958 οὕτω

90 1977 248 2013 νομισθείη,
269 1977 327 2009 πῶς
342 1987 431 2014 φαμεν
447 1978 595 2013 ἀπροσδεὲς
613 1978 643 2004 τὸ
661 1978 753 2010 Θεῖον;
773 1978 883 2004 αὐτοτε-

91 2023 149 2055 λὲς,
164 2023 298 2058 μηδαμῶς
319 2024 418 2059 χρῇζον
441 2025 505 2058 παρ’
533 2023 626 2059 ἑτέρου
649 2024 720 2056 τινός
747 2033 773 2050 τι
796 2023 850 2050 τῶν
869 2025 884 2049 ὁ

89 2070 291 2105 προσδεόμενος
302 2069 355 2105 (94)
371 2070 416 2096 τοῦ
432 2070 587 2105 εὐεργετεῖν
600 2070 759 2105 δυναμένου.

129 2116 175 2143 59.
199 2117 259 2150 Ἀρ,
286 2113 379 2142 εἶπεν·
401 2116 432 2142 Ei
456 2115 506 2150 τῆς
535 2115 620 2142 ἀϊδίου
648 2115 774 2151 θεότητος
796 2113 830 2151 ἦν
853 2115 883 2142 τὸ

93 2162 208 2197 Πνεῦμα
229 2161 387 2197 ὁμοούσιον,
409 2162 518 2193 πάντως
536 2159 581 2188 οὖν
597 2161 652 2196 (95)
668 2161 805 2197 πανταχοῦ
822 2162 882 2188 κατ’

90 2208 187 2234 οὐσίαν
203 2208 305 2243 παρῆν,
326 2209 372 2234 καὶ
394 2208 444 2234 οὐκ
464 2208 695 2243 ἁποστελλόμενον
720 2209 773 2234 ἀπὸ
797 2209 880 2235 τόπου

955 275 1010 298 tam
1045 272 1166 299 locutum
1194 280 1256 300 esse
1284 282 1290 300 :
1323 282 1332 298 ι
1363 273 1418 308 Ego
1447 274 1560 302 ﬁrmans
1585 276 1689 302 tonitru
1716 283 1743 303 et

926 321 928 325 ‘
952 325 1049 346 creans
1077 319 1204 353 spiritum
1229 320 1262 352 ⁷ο,
1294 329 1303 344 ι
1327 320 1429 354 quibus
1449 327 1503 347 non
1527 325 1593 355 puto
1612 325 1638 348 te
1661 329 1742 357 posse

951 364 1150 392 contradicere.

985 505 1028 534 58.
1045 505 1107 533 Alli.
1130 506 1268 542 Scriptum
1285 511 1337 540 est,
1356 517 1365 534 ε
1386 507 1480 536 Estote
1493 509 1592 542 sancti,
1608 509 1672 545 quia
1690 517 1740 546 ego

948 556 1061 580 sanctus
1086 560 1135 580 vos
1167 553 1343 582 sanctiﬁcans
1369 555 1402 581 “.
1430 565 1439 581 ι
1472 554 1592 582 Rursum
1616 555 1740 583 Salvator

947 606 998 633 pro
1013 598 1209 634 discipulorum
1230 600 1447 628 sanctiﬁcatione
1474 600 1582 628 Patrem
1604 601 1644 628 sic
1673 603 1740 629 allo-

947 646 1042 680 quitur
1061 655 1067 672 :
1089 655 1097 670 ι
1111 644 1204 678 Pater,
1223 646 1364 673 sanctiﬁca
1380 654 1428 674 eos
1445 647 1473 673 in
1490 647 1604 674 veritate
1619 651 1664 674 tua
1680 649 1713 674 τ’.
1726 658 1736 674 ι

946 690 1046 718 lterum
1071 692 1104 719 de
1131 692 1223 727 seipso
1245 693 1282 719 ait
1307 691 1442 725 Salvator,
1466 701 1475 718 ι
1501 692 1556 728 Ego
1579 701 1638 720 sum
1663 695 1736 721 veri-

945 741 988 765 tas
1009 737 1042 764 ".
1066 748 1074 764 ι
1093 738 1131 765 Ex
1155 739 1199 765 his
1222 738 1305 773 igitur
1329 739 1431 766 clarum
1451 743 1494 766 est
1509 738 1600 766 Patris
1619 743 1646 766 et
1677 739 1738 769 Filii

944 783 1113 811 divinitatem
1130 792 1192 812 esse
1206 789 1329 812 sanetam
1347 790 1374 812 et
1390 785 1545 812 sanctitatis
1561 785 1736 819 etl‘ectricem,

943 838 1003 864 quae
1022 831 1151 858 nimirum
1174 832 1236 859 illos
1257 839 1353 859 omnes
1368 832 1485 859 rationis
1511 833 1659 867 participes
1673 840 1738 860 san-

946 875 1060 909 ctiﬁcat,
1082 877 1128 911 qui
1150 885 1183 903 ex
1209 877 1296 904 libero
1317 877 1432 904 arbitrio
1453 881 1480 904 et
1501 877 1642 912 diligentia
1662 877 1738 913 digni

945 921 1080 949 habentur
1111 922 1157 958 qui
1194 928 1319 949 sanctam
1346 927 1373 949 et
1397 923 1504 950 beatam
1531 924 1678 950 essentiam
1708 923 1737 951 in

944 969 1171 996 sanctiﬁcationis
1186 969 1407 996 communionem
1425 969 1587 1004 suscipiant.
1608 969 1636 996 Si
1653 969 1737 1005 igitur

946 1014 1067 1049 Spiritus
1082 1019 1196 1043 sanctus
1210 1022 1264 1042 non
1281 1019 1323 1042 est
1340 1015 1500 1042 substantiae
1516 1014 1606 1043 Patris
1622 1020 1648 1043 et
1662 1015 1734 1048 Filii,

942 1068 1026 1096 quare
1054 1061 1143 1095 ipsum
1168 1060 1213 1087 Dei
1238 1059 1323 1088 Filius
1346 1061 1534 1088 annumeravit
1560 1061 1586 1088 in
1611 1062 1735 1097 symbolo

943 1105 1189 1133 sanctiﬁcationis?
1210 1106 1255 1133 Ait
1275 1106 1348 1133 enim
1365 1107 1398 1134 ad
1417 1107 1568 1142 discipulos
1583 1107 1733 1136 Dominus:

945 1162 954 1177 ι
974 1151 1087 1184 Euntes,
1101 1152 1197 1179 docete
1216 1159 1312 1180 omnes
1334 1158 1438 1186 gentes,
1451 1153 1620 1188 haptizantes
1639 1163 1686 1182 eos
1706 1155 1734 1182 in

942 1199 1054 1226 nomine
1066 1198 1156 1225 Patris
1170 1203 1197 1225 et
1211 1198 1272 1226 Filii
1287 1203 1314 1226 et
1332 1197 1451 1233 Spiritus
1472 1200 1560 1226 sancti
1574 1201 1608 1228 7‘.
1629 1210 1638 1226 ι
1656 1201 1734 1234 Quod

942 1241 965 1268 si
981 1249 1077 1268 omnes
1091 1244 1195 1276 gentes,
1212 1249 1272 1276 quae
1286 1241 1402 1268 credunt
1419 1246 1446 1269 et
1459 1242 1677 1275 sanctiﬁcantur,
1693 1248 1734 1270 ter

943 1287 1103 1315 beatissima
1126 1287 1171 1314 illa
1197 1287 1405 1314 nomenclatura
1434 1287 1651 1321 sanetiticantur,
1674 1289 1730 1315 evi-

941 1333 1009 1361 dens
1035 1338 1076 1361 est
1103 1333 1236 1368 Spiritum
1261 1333 1295 1360 ad
1313 1332 1403 1361 Patris
1424 1338 1451 1360 et
1478 1333 1537 1361 Filii
1561 1334 1732 1362 divinitatem

942 1381 1090 1415 pertinere,
1116 1388 1178 1407 cum
1201 1380 1290 1415 ipsum
1315 1381 1470 1407 substantia
1493 1381 1529 1408 sit
1551 1387 1688 1413 sanctum.
1705 1386 1733 1410 et

942 1434 1037 1454 omnes
1053 1430 1165 1454 sanctos
1183 1426 1290 1458 elliciat,
1309 1426 1355 1461 qui
1373 1427 1406 1453 ad
1432 1427 1492 1461 ejus
1507 1428 1731 1455 communionem

943 1473 1021 1508 177
1042 1473 1174 1500 accedunt
1192 1483 1199 1500 :
1217 1473 1448 1508 quemadmodum
1464 1473 1613 1508 Apostolus
1629 1474 1663 1501 ad
1683 1482 1731 1502 eos

943 1520 981 1546 ait
1003 1527 1074 1554 quos
1099 1519 1140 1546 sic
1161 1519 1310 1554 alloquitur
1334 1529 1340 1546 :
1369 1529 1379 1545 ε
1399 1519 1452 1546 Sed
1479 1520 1564 1546 abluti
1588 1521 1665 1552 estis,
1683 1521 1730 1548 sed

942 1564 1105 1592 sanetiﬁcati
1129 1565 1197 1592 estis
1232 1565 1259 1591 in
1288 1565 1399 1592 nomine
1426 1564 1532 1592 Domini
1556 1565 1642 1592 nostri
1665 1563 1730 1593 Jesu

938 1610 1052 1643 Christi,
1077 1614 1105 1638 et
1134 1611 1162 1637 in
1193 1610 1298 1645 Spiritu
1329 1615 1427 1637 sancto
1452 1611 1514 1645 ejus
1536 1611 1570 1638 ".
1593 1621 1602 1636 ι
1627 1609 1680 1644 Qui
1705 1611 1730 1638 si

938 1664 993 1683 non
1015 1660 1057 1684 est
1074 1656 1234 1683 substantiae
1259 1656 1306 1684 Dei
1329 1660 1356 1684 et
1376 1656 1465 1684 Patris
1480 1664 1512 1683 ac
1526 1656 1600 1689 Filii,
1617 1664 1728 1684 rursum

939 1702 1089 1737 interrogo,
1115 1709 1164 1729 cur
1180 1709 1243 1728 cum
1258 1701 1340 1730 Patre
1356 1707 1383 1730 et
1404 1701 1474 1730 Filio
1494 1703 1531 1730 sit
1554 1707 1726 1734 numeratus.

937 1748 1016 1783 quasi
1037 1747 1158 1780 scilicet,
1180 1747 1270 1776 Patris
1295 1752 1321 1776 et
1343 1747 1405 1775 Filii
1422 1748 1564 1776 divinitate
1583 1745 1636 1776 non
1654 1748 1729 1777 sulti-

937 1794 1025 1821 ciente
1064 1795 1098 1820 ad
1123 1793 1242 1822 ﬁdelium
1271 1788 1526 1827 sanctiﬁcationem,
1544 1794 1727 1827 Paracletum,

938 1839 1069 1875 Spiritum
1086 1840 1211 1868 veritatis
1226 1841 1406 1876 assumpserit
1417 1840 1488 1868 Deus
1501 1841 1526 1867 in
1542 1841 1728 1876 complemen-

936 1890 995 1912 tum
1009 1887 1249 1917 sanctiﬁcationis,
1267 1887 1314 1921 qui
1330 1887 1416 1922 ipsius
1430 1887 1592 1914 substantiae
1606 1895 1661 1914 non
1675 1887 1729 1915 sit?

935 1931 1012 1965 Quod
1028 1932 1051 1959 si
1069 1932 1237 1963 admittatur,
1250 1933 1385 1967 quomodo
1400 1941 1546 1968 possumus
1557 1933 1659 1964 dicere,
1672 1933 1728 1960 Nu-

936 1987 998 2006 men
1016 1978 1092 2005 nulla
1109 1986 1138 2005 re
1154 1986 1243 2013 egere,
1258 1986 1290 2005 ex
1305 1986 1334 2005 se
1349 1978 1501 2014 perfectum
1514 1986 1586 2010 esse,
1603 1978 1727 2013 nihilque

935 2033 950 2052 a
964 2033 1100 2060 quoquam
1111 2025 1241 2056 mutuari,
1254 2025 1300 2059 qui
1317 2025 1403 2059 possit
1425 2024 1451 2051 id
1472 2031 1527 2059 quo
1549 2024 1653 2060 indiget
1673 2025 1725 2052 sibi

934 2071 1165 2098 subministrare?
1549 2102 1552 2106 ι

969 2117 1013 2144 59.
1028 2117 1075 2144 Ar.
1090 2116 1119 2144 Si
1136 2116 1255 2151 Spiritus
1268 2117 1438 2151 sempiterna:
1449 2116 1556 2143 veritati
1569 2121 1642 2144 esset
1659 2123 1725 2143 con-

935 2162 1135 2194 substantialis,
1153 2166 1227 2189 certe
1247 2163 1349 2197 ubique
1366 2162 1518 2190 secundum
1537 2163 1723 2190 substantiam

934 2208 1051 2240 adesset,
1075 2216 1124 2235 nec
1140 2208 1242 2236 missus
1255 2216 1269 2235 e
1284 2209 1345 2235 loco
1361 2208 1387 2234 in
1405 2209 1486 2234 alium
1510 2208 1599 2234 locum
1624 2208 1722 2236 abiret.

91 2255 130 2285 είς
154 2254 248 2289 ἕτερον
267 2254 349 2280 τόπον
368 2253 523 2289 ἐπορεύετο.
555 2254 612 2281 ‘AB.
636 2252 730 2280 εἶπεν·
754 2254 786 2280 Οἱ
807 2254 879 2288 ἆγιοι

941 2254 995 2280 illi.
1010 2253 1102 2280 Sancti
1117 2254 1204 2288 angeli
1220 2253 1357 2280 habentne
1370 2253 1512 2288 Spiritum,
1545 2253 1658 2280 annon?
1673 2253 1721 2279 Ar.

90 2300 204 2335 ἄγγελοι
216 2301 247 2327 τὸ
264 2300 376 2335 Πνεῦμα
387 2300 494 2335 ἔχουσι;
509 2300 552 2326 ναὶ
567 2301 582 2335 ἢ
598 2299 645 2332 οῦς
659 2301 719 2333 Ἀρ.
732 2298 792 2326 εἶπε
803 2309 809 2315 ·
826 2300 880 2327 Καὶ

90 2347 174 2372 πάνυ.
195 2347 253 2373 Ἀθ.
271 2344 331 2372 εἷπε
342 2354 348 2360 “
367 2346 518 2377 Διαπαντὸς
535 2345 613 2371 συνὸν
630 2346 720 2377 αὐτοῖς
741 2345 878 2380 τυγχάνει,

88 2393 106 2428 ἢ
123 2392 191 2427 πρὸς
202 2392 297 2428 καιρὸν
312 2393 392 2427 συνῆν
409 2392 455 2418 καὶ
469 2392 498 2418 τὸ
509 2391 584 2426 ἅγιον
593 2391 706 2426 Πνεῦμα
717 2392 776 2423 ταῖς
789 2391 880 2425 ἁγίαις

87 2439 254 2473 ὄυνάμεσιν;
272 2437 325 2474 ἆρα
335 2439 372 2474 πὴ
388 2439 436 2473 μὲν
451 2439 537 2470 λέξεις
554 2438 615 2469 τοὺς
630 2437 761 2471 ἀγγέλους
775 2438 878 2472 ἁγίους,

88 2485 130 2520 πῆ
146 2484 175 2510 δὲ
186 2484 236 2519 οὺχ
250 2484 359 2517 ἁγίουςς
383 2484 422 2518 Τῇ
438 2483 488 2518 μὲν
504 2483 558 2518 γὰρ
574 2482 710 2518 παρουσίᾳ
736 2482 782 2508 τοῦ
800 2483 879 2516 ἁγίου

87 2531 251 2566 Πνεῦματος
282 2531 354 2564 ἅγιοι
383 2530 577 2565 τυγχάνουσιν,
602 2529 635 2557 ,ἐν
656 2530 688 2564 τῇ
710 2529 828 2564 ἀπουσίᾳ
851 2529 879 2555 δὲ

87 2576 174 2603 αὑτοῦ
193 2575 272 2611 δῆλόν
298 2577 355 2602 ἐστι
373 2575 410 2610 μὴ
435 2573 504 2600 εἶναι
529 2574 623 2608 ἁγίους
634 2574 743 2606 αὐτοὺς,
763 2573 832 2600 κατὰ
849 2574 879 2599 τὸ

87 2619 236 2654 εἰρημένον
262 2619 330 2654 πρὸς
353 2619 399 2645 τοῦ
425 2618 508 2644 Θεοῦ·
530 2628 538 2643 ε
557 2619 593 2644 Οὐ
613 2617 649 2653 μὴ
678 2618 830 2654 καταμείνῃ
850 2618 880 2644 τὸ

144 2700 167 2716 ὀ
186 2700 270 2727 Amos
287 2708 323 2730 iv,
341 2700 383 2727 15.

87 2743 193 2763 nvni.
214 2735 255 2762 i9.
295 2735 317 2751 ⁷⁸
342 2735 349 2760 l
366 2736 428 2762 Cor.
447 2744 490 2767 Vl,
510 2736 552 2762 11.
591 2736 614 2750 ⁷⁸
634 2736 733 2762 Cenes.
753 2743 795 2766 γι,
811 2735 838 2762 5.

125 2812 182 2851 (9?)
202 2811 238 2838 Ita
262 2811 328 2847 Reg.
351 2812 431 2840 Basil.
451 2816 478 2840 et
495 2812 577 2848 Angli
590 2812 640 2839 Alii
664 2817 691 2839 et
717 2812 794 2844 editi,
813 2812 877 2847 περὶ

86 2847 181 2918 abigi
201 2880 239 2908 Ita
256 2881 367 2916 Regius.
389 2882 555 2917 Anglicanus
573 2887 600 2910 ct
619 2883 804 2916 Angustanus.
822 2882 875 2909 Alii

311 2930 444 2958 PATBOL.
465 2930 511 2959 (in
548 2930 693 2960 XXVIII.

934 2300 1012 2327 Certe
1025 2300 1137 2327 habent.
1152 2300 1214 2326 Ath.
1233 2299 1380 2334 Semperne
1392 2307 1453 2326 cum
1469 2299 1523 2326 illis
1536 2303 1589 2330 est,
1602 2300 1644 2325 vel
1657 2307 1722 2327 nunt

933 2345 966 2372 ad
978 2350 1087 2380 tempus
1101 2354 1162 2373 cum
1176 2346 1280 2373 sanctis
1297 2346 1443 2373 virtutibus
1457 2351 1516 2373 erat
1529 2345 1646 2380 Spiritus
1659 2353 1722 2372 san-

932 2392 1014 2418 ctus?
1028 2391 1069 2418 An
1089 2391 1164 2419 dices
1186 2392 1297 2426 angelos
1315 2391 1461 2426 aliquando
1482 2396 1602 2424 sanctos,
1621 2396 1648 2418 et
1670 2391 1721 2417 ali-

932 2436 1043 2471 quando
1059 2445 1113 2463 non
1127 2438 1258 2464 sanctos?
1270 2437 1411 2472 Siquidem
1423 2437 1509 2464 sancti
1522 2436 1640 2472 Spiritus
1653 2445 1719 2470 prae-

932 2484 1020 2509 sentia
1036 2483 1124 2510 sancti
1141 2483 1180 2510 illi
1203 2488 1267 2510 sntit
1283 2492 1289 2510 :
1307 2491 1339 2510 co
1361 2489 1451 2510 autem
1471 2484 1594 2514 absente,
1616 2488 1719 2510 certum

930 2533 972 2555 est
985 2532 1097 2555 sanctos
1112 2529 1173 2556 illos
1190 2537 1243 2555 non
1257 2537 1328 2560 esse.
1351 2529 1429 2563 juxta
1451 2530 1522 2556 hanc
1543 2527 1590 2555 Dei
1612 2532 1716 2555 senten-

931 2575 995 2600 tiam
1017 2583 1023 2601 :
1039 2583 1049 2599 ι
1068 2573 1127 2601 Non
1143 2575 1312 2609 permanebit
1328 2574 1444 2609 Spiritus
1459 2582 1535 2602 meus
1550 2582 1612 2601 cum
1632 2573 1712 2600 homi-

931 2620 1012 2647 nibus
1029 2620 1215 2654 generationis
1228 2619 1320 2654 hujus,
1337 2621 1400 2655 quia
1413 2620 1464 2647 insi
1479 2627 1577 2646 carnes
1593 2623 1656 2648 sunt
1667 2618 1717 2644 ⁷⁸.»

429 2700 451 2715 ⁷¹
468 2699 552 2727 Levit.
571 2707 614 2731 χι,
631 2700 664 2726 Η
679 2708 686 2732 ;
708 2699 816 2736 Ezech,
835 2708 867 2726 xx
879 2723 886 2732 ,

943 2724 950 2730 .
988 2704 1010 2719 τ’
1030 2702 1110 2730 Joan.
1130 2711 1200 2735 xv",
1219 2703 1261 2730 l7.
1299 2703 1323 2719 "
1341 2703 1420 2732 Joan.
1441 2712 1495 2736 xtv,
1515 2705 1541 2731 6.
1580 2703 1602 2720 “
1622 2702 1717 2731 Matth.

931 2819 1068 2850 verorum
1088 2811 1180 2844 editis,
1196 2812 1241 2850 sui
1256 2812 1320 2838 Υἱοῦ
1337 2813 1462 2850 θεότητος
1480 2815 1664 2848 ὑποστάσεως.

966 2847 1021 2882 (94)
1037 2849 1106 2882 Aug.
1126 2847 1332 2882 προσδεόμενον.

966 2883 1019 2917 (95)
1036 2883 1100 2916 lii-«,7.
1124 2885 1230 2914 παντως
1251 2883 1293 2909 ἂν.

1555 2932 1591 2962 16
