1929 3056
234 159 284 190 Δνι

801 158 829 187 S.
849 157 1080 188 ATHANASIUS.
1100 173 1135 178 —
1155 156 1290 185 SPURIA.

1806 149 1867 176 492

234 219 278 245 Ait
300 225 407 253 quoque
423 217 524 245 Paulus
543 217 684 253 apostolus
701 227 707 244 :
730 227 739 243 ι
761 218 789 245 Si
808 218 870 253 quis
887 218 1018 253 Spiritum

1072 216 1183 251 Πνεῦμά
1196 225 1244 251 μου
1262 215 1330 251 μετὰ
1340 214 1393 241 τῶν
1405 212 1554 249 ἀνθρώπων
1568 211 1617 245 τῆς
1633 210 1729 245 γενεᾶς
1740 209 1863 243 ταύτης,

235 263 336 290 Christi
358 269 412 290 non
434 261 525 293 habet,
542 261 586 288 hic
607 269 661 289 non
678 266 720 289 est
736 262 797 297 ejus
812 263 845 289 ".
866 274 874 289 ι
894 263 922 290 Si
938 263 1019 298 igitur

235 309 367 335 malarum
392 307 529 334 actionum
551 314 635 334 causa
662 307 718 335 haec
741 312 798 341 est,
822 308 895 344 quod
915 309 1019 337 scilicet

235 353 354 388 Spiritus
375 361 429 380 non
454 354 490 381 sit
520 361 582 380 cum
607 354 784 388 peccantibus
802 364 808 381 :
825 362 857 382 ex
885 363 918 382 eo
946 354 1019 390 quod

235 400 354 435 Spiritus
369 404 482 428 sanctus
506 400 534 427 in
550 399 689 434 aliquibus
707 408 759 427 nec
775 400 811 428 sit
838 409 888 428 nec
904 401 1018 433 habitet,

213 459 216 462 -
234 447 336 474 Christi
350 454 403 474 non
416 454 478 474 esse
489 445 654 474 ostenditur.
667 446 838 482 Quapropter
851 448 941 482 angeli
957 455 1020 482 pec-

234 493 288 520 cati
303 497 384 520 erunt
400 493 529 526 ministri,
547 493 600 520 nisi
618 500 726 527 semper
741 492 874 527 Spiritum
894 499 1019 522 sanctum

234 539 388 567 habuerint.
411 539 553 572 Quomodo
573 546 638 573 ergo
664 537 710 566 Dei
742 539 857 573 gloriam
884 539 943 567 sine
967 541 1019 567 line

235 585 464 620 contemplantur,
481 584 534 611 nisi
554 591 661 618 semper
676 584 730 611 sint
743 585 842 616 sancti,
858 590 884 612 et
901 585 1019 620 Spiritus

235 632 323 658 sancti
335 631 496 666 participes?
506 631 553 656 Ar.
567 630 673 658 Sanctae
682 632 796 659 virtutes
809 632 940 666 Spiritum
948 640 1019 660 sem-

234 684 282 711 per
293 676 403 703 habent.
416 675 475 701 ΑιΙι.
492 674 524 701 Et
538 676 624 702 sancti
638 675 742 706 Patres.
752 676 798 710 qui
814 683 829 701 a
844 675 945 703 mundo
958 683 1020 703 enn-

234 722 292 749 dito
311 722 472 756 placuerunt
488 720 554 752 Deo,
572 729 636 747 num
648 729 741 748 secum
760 721 879 748 habuere
895 726 1018 748 sanctum

235 767 365 801 Spiritum
379 771 406 794 et
419 767 568 794 etiamnum
584 767 694 799 habent,
720 767 830 794 annon?
859 768 905 793 Ar.
919 766 1019 794 Omnes

235 813 323 840 sancti
334 816 360 840 et
376 812 496 839 habuere
513 816 540 839 et
556 812 656 839 habent
672 811 803 846 Spiritum
818 818 943 840 sanctum
957 813 1020 840 abs~

234 867 288 893 que
307 859 362 885 ulla
378 858 560 892 separatione.
580 858 640 884 Ath.
658 857 796 885 Aderatne
810 865 871 885 cum
887 859 1019 893 apostolis

235 904 356 940 Spiritus
370 907 493 936 sanctus,
508 911 570 930 cum
586 907 679 931 essent
695 904 722 930 in
736 910 829 936 carne,
844 904 956 931 annon?
970 904 1017 931 Ar.

234 951 316 979 Nefas
332 954 374 978 est
396 949 486 977 dicere
504 948 636 984 Spiritum
662 952 786 977 sanctum
806 957 868 976 cum
887 950 1018 984 apostolis

235 1006 289 1025 non
315 996 408 1024 fuisse.
435 995 496 1022 Ath.
521 995 644 1022 Simulne
659 1002 755 1023 omnes
771 995 885 1030 profecti
901 1000 966 1023 sunt
984 995 1018 1023 ad

235 1041 437 1077 przedicandum
458 1048 570 1076 regnum
593 1041 736 1073 cmlornm,
759 1048 794 1068 an
821 1041 849 1068 in
874 1040 1017 1068 duodecim

235 1088 329 1116 mundi
343 1092 432 1123 partes
444 1087 560 1122 dispersi
572 1090 636 1114 sunt
647 1086 658 1113 ?
668 1086 716 1113 Ar.
727 1086 749 1113 Α
764 1093 794 1114 se
807 1087 922 1113 invicem
937 1094 1019 1114 carne

235 1134 354 1170 separati
369 1137 443 1165 sunt,
459 1136 489 1159 ut
513 1139 607 1159 omnes
621 1135 716 1167 gentes
731 1131 811 1159 iidem
825 1131 926 1158 Christi
939 1132 1020 1159 doce-

232 1185 304 1208 rent.
321 1180 383 1207 Alh.
404 1178 498 1214 Itaque
514 1179 537 1206 si
552 1185 615 1205 cum
631 1177 736 1212 angelis
758 1181 800 1204 est
820 1176 938 1212 Spiritus
957 1184 1020 1204 san-

229 1231 306 1255 ctus.
329 1225 352 1252 si
376 1225 440 1251 item
460 1227 503 1250 est
523 1230 586 1250 cum
609 1221 711 1249 sanctis
732 1221 843 1249 Patrum
866 1222 1019 1254 animabus,

235 1278 295 1306 quae
309 1269 364 1297 Deo
379 1269 540 1304 placuerunt
555 1278 561 1296 :
577 1269 600 1296 si
616 1268 680 1295 item
697 1267 790 1294 aderat
809 1268 941 1302 apostolis
955 1275 970 1294 a
992 1275 1022 1295 se

235 1317 352 1344 invicem
367 1315 456 1350 longis
466 1314 617 1342 intervallis
630 1313 747 1345 dissitis,
758 1312 792 1340 ad
804 1313 1020 1340 annnntiandum

235 1370 348 1397 regnum
361 1362 492 1389 caelorum
510 1371 516 1389 :
532 1357 616 1396 igitur
625 1360 717 1387 omnia
729 1359 832 1395 implet.
844 1366 1020 1394 prmsensque

235 1413 277 1436 est
290 1409 390 1443 ubique
403 1407 551 1436 secundum
564 1408 755 1440 substantiam,
767 1408 837 1435 sicut
849 1406 920 1434 Deus
928 1405 1018 1438 Pater,

235 1455 274 1482 ita
287 1454 444 1488 unigenitus
459 1453 519 1488 ejus
537 1451 633 1480 Filius.

1069 263 1112 289 διὰ
1129 262 1159 289 τὸ
1181 259 1250 288 εἶναι
1273 261 1371 292 αὐτοὺς
1392 260 1504 295 σάρκας.
1529 257 1612 288 [Καὶ
1629 255 1733 286 Παῦλος
1757 256 1772 281 ὸ
1788 255 1867 281 ἀπὸ·

1071 309 1163 341 στολάς
1179 317 1260 345 φησιν
1270 316 1276 322 ·
1294 317 1303 333 ι
1317 308 1348 334 Εἰ
1362 307 1391 333 δέ
1405 314 1447 337 τις
1464 304 1578 339 Πνεῦμα
1590 302 1708 338 Χριστοῦ
1723 301 1773 328 οὐκ
1789 301 1866 336 ἔχει,

1070 352 1147 387 οὗτος
1163 356 1214 382 οὐκ
1234 354 1307 380 ἔστιν
1326 352 1420 380 αὑτοῦ.
1434 361 1442 377 ι
1460 352 1491 378 El
1504 349 1550 377 οὖν
1567 351 1584 386 ὴ
1605 349 1658 376 τῶν
1674 348 1767 375 κακῶν
1787 347 1868 383 πρά-

1070 401 1138 434 ξεων
1162 401 1238 428 αἰτία
1261 400 1366 434 γίνεται
1391 399 1427 434 μὴ
1451 399 1569 424 συνεῖναι
1600 396 1631 422 τὸ
1659 394 1772 429 Πνεῦμα
1802 393 1866 424 τοῖς

1071 447 1282 482 ἁμαρτάνουσιν,
1298 446 1329 472 ὲκ
1345 444 1391 472 τοῦ
1411 444 1448 480 μὴ
1467 442 1536 470 εἶναι
1557 442 1605 469 καὶ
1621 441 1733 468 ἐνοικεῖν
1754 439 1782 465 ἐν
1803 447 1864 464 τισι

1070 493 1100 519 τὸ
1114 493 1190 526 ἅγιον
1204 491 1326 526 Πνεῦμα,
1343 490 1479 517 δείκνυται
1493 489 1530 524 μὴ
1546 486 1615 514 εἶναι
1638 485 1767 523 Χριστοῦ.
1786 486 1864 519 Ἀρα

1069 537 1116 565 οὖν
1142 539 1213 572 ἅγιοι
1237 537 1293 572 (96)
1325 536 1435 570 ἄγγελοι
1462 534 1598 570 ἁμαρτίας
1621 533 1756 563 διάκονοι,
1774 531 1800 557 εἱ
1822 530 1864 566 μὴ

1069 584 1213 616 διαπαντὸς
1242 584 1332 619 ἔχουσι
1355 583 1385 609 τὸ
1413 580 1524 616 Πνεῦμα
1553 580 1584 606 τὸ
1608 580 1694 614 ἆγιον.
1722 578 1786 609 Πῶς
1813 575 1864 604 οὖν

1071 629 1249 660 ἀδιαλείπτως
1277 627 1440 664 προσέχουσι
1461 627 1494 661 τῇ
1517 625 1581 661 δόξῃ
1605 624 1652 650 τοῦ
1677 622 1755 654 Θεοῦ,
1777 623 1802 648 εἰ
1821 622 1862 657 μὴ

1071 676 1143 710 ἆγιοι
1157 676 1203 702 καὶ
1221 675 1343 701 κοινωνοὶ
1358 673 1515 708 Πνεῦματος
1532 672 1610 705 ἁγίου
1625 668 1680 697 εἶεν
1692 668 1862 699 διαπαντός;

1072 723 1131 755 "Ap.
1153 719 1230 747 εἶπεε
1250 719 1401 750 Διαπαντὸς
1426 718 1532 753 ἔχουσιν
1545 718 1572 743 αἱ
1588 716 1663 750 ἅγιαι
1684 715 1815 749 δυνάμεις
1829 712 1864 739 τὸ

1071 767 1193 802 Πνεῦμα.
1216 767 1276 793 Ἀθ.
1292 764 1366 791 εἶπεν
1377 772 1383 778 “
1397 764 1427 790 Οἱ
1444 763 1517 797 ἅγιοι
1533 761 1653 797 Πατέρες
1666 761 1690 786 οἱ
1702 760 1747 786 ἀπ’
1760 758 1863 789 αίῶνος

1070 812 1301 848 εὐαρεστήσαντες
1312 810 1350 846 τῷ
1356 810 1415 845 Θεῷ
1425 810 1503 836 συνὸν
1514 809 1590 843 ἔσχον
1601 807 1631 834 τὸ
1645 807 1722 840 ἅγιον
1732 805 1861 840 Πνεῦμα,

1071 859 1118 886 καὶ
1132 859 1179 885 νῦν
1201 858 1306 893 ἔχουσιν
1332 856 1417 888 abso;
1441 856 1484 882 ναὶ
1507 855 1524 890 ἢ
1549 853 1594 886 ob;
1618 854 1683 886 'Ap.
1707 849 1784 878 εἷπε·
1803 850 1862 877 Καὶ

1069 905 1146 940 ἔσχον
1163 904 1210 931 καὶ
1232 904 1323 939 ἔχουσι
1339 903 1438 934 πάντες
1459 902 1482 928 οἰ
1506 899 1625 935 ἅγιοι-τὸ
1650 899 1726 933 ἆγιον
1745 897 1862 932 Πνεῦμα

1034 940 1055 966 Β
1070 949 1327 986 ἀχωρίστως.-Ἀθ.
1351 947 1426 975 εἷπε·
1450 948 1512 979 Τοῖς
1537 945 1695 977 ἀποστόλοις
1720 943 1804 978 συνῆν
1829 943 1862 969 τὸ

1071 996 1147 1030 ἅγιον
1161 995 1273 1030 Πνεῦμα
1291 996 1320 1021 ἐν
1337 995 1419 1031 σαρκὶ
1433 991 1509 1025 οὗσι;
1527 993 1571 1019 ναὶ
1586 993 1602 1027 ἢ
1619 991 1667 1024 ob;
1688 991 1747 1025 Ἀρ.
1763 987 1841 1016 εἶπεν
1852 994 1859 1002 ·

1077 1041 1216 1077 Ἀθέμιτόν
1231 1042 1289 1067 ἐστι
1306 1040 1387 1076 φάναι
1406 1040 1443 1075 μὴ
1460 1040 1576 1065 συνεῖναι
1593 1037 1623 1064 τὸ
1648 1037 1723 1071 ἅγιον
1745 1035 1862 1070 Πνεῦμα

1071 1089 1128 1120 τοῖς
1141 1087 1306 1118 ἀποστόλοις.
1322 1088 1382 1114 Ἀθ.
1394 1085 1469 1113 εἶπεν
1478 1095 1486 1102 ·
1496 1086 1571 1121 ’Ἅμα
1586 1085 1684 1115 πάντες
1696 1081 1862 1118 ἐπορεύοντο

1073 1133 1252 1169 κηρύττοντες
1266 1133 1314 1168 τὴν
1337 1132 1475 1168 βασιλείαν
1490 1132 1544 1159 τῶν
1561 1130 1695 1167 οὐρανῶν,
1710 1130 1726 1165 ἢ
1744 1128 1860 1156 διεσπά-

1073 1187 1158 1214 ρησαν
1174 1180 1214 1210 εις
1237 1179 1271 1206 τὰ
1286 1178 1391 1205 δώδεκα
1414 1179 1484 1214 μέρη
1506 1178 1552 1204 τοῦ
1574 1177 1676 1212 κόσμου
1698 1176 1770 1211 (97);
1795 1175 1859 1209 Ἃρ.

1071 1222 1164 1251 εἶπεν·
1186 1224 1389 1261 Ἐχωρίσθησαν
1418 1225 1464 1251 ἀπ’
1482 1223 1602 1259 ἀλλήλων
1627 1222 1719 1258 σαρκὶ,
1743 1221 1813 1257 πρὸς
1828 1220 1861 1247 τὸ

1073 1269 1243 1305 μαθητεῦσαι
1255 1271 1343 1298 πάντα
1356 1271 1391 1297 τὰ
1401 1270 1464 1306 ἔθνη
1476 1270 1515 1301 εἰς
1531 1269 1580 1305 τὴν
1595 1270 1623 1295 ὲν
1634 1267 1743 1304 Χριστῷ
1754 1267 1858 1294 πίστιν.

1078 1314 1137 1342 Ἀθ.
1155 1314 1230 1342 εἶπεν
1241 1324 1248 1331 ·
1258 1316 1288 1342 Εἰ
1305 1314 1352 1343 οὖν
1369 1316 1497 1350 ἀγγέλοις
1512 1315 1620 1342 σύνεστι
1639 1314 1669 1341 τὸ
1682 1314 1758 1348 ἅγιον
1773 1311 1861 1339 Πνεῦ-

1073 1369 1121 1396 μα,
1134 1361 1181 1387 καὶ
1198 1363 1256 1393 ταῖς
1273 1361 1363 1395 ἁγίαις
1377 1361 1476 1396 ψυχαῖς
1488 1361 1542 1387 τῶν
1556 1360 1683 1396 Πατέρων
1695 1360 1749 1386 τῶν
1760 1359 1860 1394 εὐαρε-

1073 1407 1229 1441 στησάντων
1238 1407 1276 1441 τῷ
1293 1407 1351 1442 Θεῷ
1367 1407 1444 1433 συνὸν
1457 1407 1584 1442 τυγχάνει
1598 1406 1628 1432 τὸ
1641 1406 1717 1440 ἃγιον
1734 1404 1859 1440 Πνεῦμα,

1072 1454 1119 1480 καὶ
1135 1453 1188 1480 τῶν
1200 1453 1356 1480 ἀποστόλων
1368 1453 1534 1479 διαστάντων
1553 1453 1672 1488 μακραῖς
1685 1450 1860 1478 διαστάσεσιν

235 1502 282 1529 ἐπ’
295 1500 433 1535 ἀλλήλων,
450 1500 517 1536 πρὸς
534 1500 565 1526 τὸ
589 1499 706 1535 κηρύξαι
728 1499 777 1536 τὴν
802 1499 940 1534 βασιλείαν
962 1499 1016 1527 τῶν
1034 1500 1173 1536 οὐρανῶν,
1187 1500 1277 1536 παρῆν
1293 1501 1385 1532 αὐτοῖς
1407 1501 1437 1527 τὸ
1460 1501 1537 1535 ἆγιον
1574 1499 1685 1535 Πνεῦμα
1709 1508 1716 1514 ο
1744 1499 1799 1534 ἄρα
1824 1497 1860 1524 τὰ

237 1548 382 1584 σύμπαντα
413 1547 511 1583 πληροῖ
539 1546 676 1581 πανταχοῦ
706 1547 792 1582 παρὸν
818 1548 877 1574 κατ’
903 1546 1016 1579 οὐσίαν,
1038 1547 1132 1584 ὥσπερ
1160 1549 1175 1575 ὁ
1195 1547 1260 1580 Θεὸς
1283 1548 1298 1574 ὸ
1317 1547 1423 1582 Πατὴρ,
1449 1547 1498 1573 καὶ
1517 1547 1531 1573 ὁ
1556 1546 1701 1582 μονογενὴς
1722 1545 1786 1576 Υἱὸς
1810 1544 1860 1571 αὐ.

235 1594 293 1621 τοῦ.

271 1641 316 1668 40.
333 1640 379 1667 Ar.
396 1640 484 1667 dixit:
503 1640 580 1671 Esto,
605 1639 706 1675 ubique
722 1641 873 1669 secundum
889 1641 1020 1669 substan-

1107 1639 1151 1666 40.
1169 1638 1232 1673 Ἀρ.
1257 1637 1333 1665 εἷπε·
1362 1638 1483 1665 Δεδόσθω
1508 1639 1569 1665 κατ’
1594 1639 1689 1665 οὐσίαν
1717 1641 1859 1676 πανταχοῦ

235 1687 302 1713 tiam
323 1693 442 1721 praesens
460 1685 496 1712 sit
518 1685 637 1720 Spiritus
656 1689 786 1719 sanctus;
805 1694 855 1714 cur
874 1694 938 1721 ergo
958 1694 1022 1721 pro-

235 1732 317 1767 pheta
327 1739 359 1759 ex
367 1738 488 1766 persona
501 1730 549 1758 Dei
567 1731 605 1758 ait
619 1741 624 1758 :
645 1740 653 1756 ι
673 1731 729 1767 Ego
742 1731 874 1760 Dominus
889 1731 960 1760 Deus
977 1740 1022 1760 ve-

235 1783 302 1809 ster,
322 1777 433 1803 ﬁrmans
457 1776 572 1806 tonitru.
593 1780 619 1803 et
633 1784 732 1804 creans
748 1777 875 1811 spiritum
890 1778 924 1808 ⁷³,
941 1787 950 1802 1
967 1777 1021 1804 nisi

235 1824 272 1849 sit
286 1826 377 1848 creata
394 1821 498 1848 virtus?
522 1821 583 1848 Alli.
613 1820 762 1855 Semperne
784 1827 892 1849 creatur
905 1821 1021 1856 Spiritus

235 1870 347 1894 sanctus
366 1866 516 1893 secundum
537 1869 580 1896 te.
604 1873 638 1892 an
662 1866 745 1893 semel
762 1866 895 1894 duntaxat
913 1872 1021 1895 creatus

235 1912 301 1939 est?
315 1913 360 1938 Αν.
379 1912 439 1938 Noli
459 1911 525 1938 mihi
545 1912 710 1946 quaestiones
722 1920 884 1947 proponere,
901 1921 962 1948 qua:
980 1921 1022 1941 re-

235 1962 286 1984 cta:
295 1957 394 1985 mentis
407 1957 502 1984 aliena:
513 1957 575 1985 sint.
589 1957 644 1992 Ego
657 1962 718 1985 ante
732 1958 823 1984 omnia
836 1959 933 1986 saecula
949 1966 1022 1986 crea-

235 2008 293 2030 tum
317 2003 379 2030 dico
406 2002 491 2030 fuisse
512 2002 652 2037 Spiritum.
688 2003 751 2030 Ath.
777 2002 911 2038 Propheta
937 2004 1017 2034 dixit,

238 2058 248 2074 ι
262 2055 369 2079 creans,
388 2057 397 2073 ι
413 2055 472 2083 quae
491 2055 542 2075 vox
554 2048 692 2083 prophetae
705 2047 788 2075 Deum
802 2056 909 2082 semper
923 2056 1021 2076 crean-

235 2098 289 2120 tetn
306 2093 420 2120 indicat.
438 2093 523 2128 Igitur
537 2101 592 2120 non
608 2093 640 2120 de
659 2097 754 2121 sancto
768 2093 870 2128 Spiritu
889 2093 959 2120 hanc
975 2102 1021 2121 vo-

237 2147 308 2170 cem,
338 2149 346 2164 ε
366 2147 474 2171 creans,
488 2149 497 2165 ι
521 2139 656 2174 intelligit,
673 2140 720 2167 sed
736 2139 769 2167 de
784 2143 926 2167 ventorum
943 2139 1019 2173 ﬂatu,

237 2185 271 2211 {Ill
287 2185 462 2212 recreandum
480 2185 633 2213 universam
656 2193 747 2212 rerum
771 2188 922 2212 creatarum
945 2189 1022 2212 natu-

237 2238 306 2258 ram.
327 2230 354 2257 Id
376 2236 466 2258 autem
489 2231 537 2258 tibi
564 2231 814 2265 exploratissimum
837 2232 899 2263 erit,
917 2232 940 2258 si
957 2239 1021 2266 pro-

237 2277 317 2310 pheta
339 2281 461 2311 accepto,
481 2284 541 2311 quae
566 2281 717 2311 sequuntur
734 2276 817 2312 legas.
838 2276 906 2304 Nam
929 2277 963 2308 si,
991 2281 1020 2304 ut

1074 1687 1200 1721 παρεῖναι
1215 1685 1245 1712 τὸ
1261 1685 1338 1719 ἅγιον
1356 1684 1468 1721 Πνεῦμα
1478 1693 1484 1700 ’
1509 1685 1553 1712 διὰ
1568 1685 1595 1711 τί
1614 1683 1660 1712 οῦν
1676 1687 1689 1712 ὁ
1715 1688 1859 1723 προφήτης

1071 1732 1104 1758 ἐκ
1120 1731 1264 1767 προσώπου
1274 1731 1321 1758 τοῦ
1335 1731 1404 1758 Θεοῦ
1418 1731 1506 1764 ἔλεξεν
1516 1740 1522 1746 ·
1537 1740 1546 1756 ‹
1565 1730 1635 1766 Ἐγὼ
1650 1731 1752 1767 Κύριος
1766 1733 1780 1759 ὁ
1791 1732 1859 1764 Θείις

1073 1775 1160 1810 ὑμῶν,
1176 1775 1294 1811 στερεῶν
1312 1775 1423 1811 βροντὴν
1439 1776 1486 1802 καὶ
1507 1775 1605 1807 κτίζων
1621 1776 1738 1811 πνεῦμα,
1749 1787 1761 1800 ›
1782 1778 1805 1804 εἰ
1818 1779 1857 1813 μὴ

1071 1819 1105 1857 ἦν
1121 1821 1215 1857 κτιστὴ
1230 1822 1360 1856 δύναμις;
1384 1822 1438 1848 ‘AO.
1457 1819 1549 1848 εἶπεν·
1575 1822 1631 1848 Ἀεὶ
1653 1823 1684 1849 τὸ
1701 1823 1813 1858 Πνεῦμα
1827 1824 1858 1850 τὸ

1072 1866 1149 1900 ἅγιον
1176 1866 1312 1898 κτίζεται,
1339 1867 1356 1902 ἢ
1383 1866 1456 1900 ams
1488 1866 1599 1902 ἐκτίσθη
1627 1867 1697 1894 κατὰ
1726 1868 1772 1900 σέ;
1790 1869 1855 1902 Ἀρ.

1071 1910 1146 1938 εἴπεο
1165 1912 1210 1948 Μὴ
1235 1912 1312 1948 παρά
1340 1913 1386 1939 τὸν
1411 1913 1488 1948 ὀρθὸν
1510 1913 1572 1940 νοῦν
1589 1913 1699 1945 πεύσεις
1723 1915 1855 1950 πρόσαγε.

1072 1958 1128 1992 Πρὸ
1143 1957 1250 1984 πάντων
1264 1957 1318 1984 τῶν
1331 1958 1437 1985 αἰώνων
1454 1959 1526 1994 φημὶ
1549 1959 1672 1986 ἐκτίσθαι
1687 1959 1718 1986 τὸ
1733 1961 1854 1996 Πνεῦμα.

1078 2003 1136 2030 Ἀθ.
1153 2001 1228 2030 εἶπεν
1238 2012 1244 2018 ³
1272 2003 1301 2029 '0
1319 2005 1460 2039 προφήτης
1475 2004 1545 2036 εἶπε,
1572 2015 1580 2030 ι
1595 2005 1705 2039 κτίζων,
1721 2016 1730 2031 ι
1746 2006 1784 2038 ὡς
1799 2007 1855 2033 δια-

1071 2049 1171 2080 παντὸς
1199 2049 1336 2081 κτίζοντος
1350 2050 1396 2076 τοῦ
1422 2050 1489 2076 Θεοῦ
1508 2051 1524 2086 ἡ
1546 2050 1593 2077 τοῦ
1619 2052 1757 2087 προφήτου
1782 2052 1856 2088 δηλοῖ

1071 2094 1157 2129 φωνή.
1182 2095 1252 2129 Ἀρα
1263 2092 1309 2121 οὖν
1320 2095 1350 2121 οὐ
1361 2096 1424 2130 περὶ
1438 2095 1484 2122 τοῦ
1495 2096 1572 2130 ἁγίου
1586 2097 1742 2132 Πνεῦματος
1757 2098 1854 2133 φάσκει

1070 2139 1101 2165 τὸ
1117 2148 1126 2165 ‹
1146 2139 1254 2171 κτίζων,
1268 2150 1277 2166 ›
1300 2140 1368 2167 ἀλλά
1384 2142 1447 2177 περὶ
1473 2142 1556 2177 πνοῆς
1571 2143 1680 2178 ἀνέμων
1702 2144 1770 2179 πρὸς
1789 2144 1853 2171 ἀνά-

1071 2193 1166 2219 κτησιν
1193 2185 1301 2220 ἁπάσης
1313 2185 1367 2221 (98)
1381 2186 1431 2221 τῆς
1448 2187 1570 2219 κτίσεως.
1591 2188 1687 2215 Ἔσται
1704 2189 1732 2215 δέ
1750 2198 1791 2216 σοι
1805 2198 1853 2216 σα-

1072 2229 1192 2265 φεστάτη
1209 2231 1225 2265 ἡ
1243 2230 1306 2265 περὶ
1317 2228 1411 2256 τοῦτου
1425 2230 1535 2264 γνῶσις,
1548 2231 1605 2263 ἐὰν,
1623 2232 1712 2259 λαϐὼν
1727 2233 1773 2259 τὸν
1790 2242 1854 2268 προ-

1072 2277 1169 2311 φήτην,
1189 2275 1302 2311 ἐντύχῃς
1318 2277 1350 2302 ὲκ
1372 2276 1426 2302 τῶν
1440 2276 1590 2312 ἑπομένων.
1614 2279 1645 2304 El
1666 2278 1736 2314 γὰρ,
1765 2279 1854 2311 καθὼς

237 2322 410 2353 concessisti,
423 2327 484 2349 ante
497 2321 588 2349 omnia
604 2322 702 2349 saecula
717 2320 835 2356 Spiritus
847 2327 955 2350 creatus
968 2328 1019 2355 est,

1072 2321 1185 2353 ἔδωκας,
1210 2321 1264 2356 πρὸ
1287 2321 1395 2349 πάντων
1410 2322 1463 2348 τῶν
1483 2322 1587 2350 αἰώνων
1609 2313 1729 2351 ἔκτισται
1747 2325 1801 2359 (99)
1824 2325 1854 2351 τὸ

239 2368 321 2402 178
336 2367 449 2395 dixisset
472 2367 604 2402 profecto,
623 2367 678 2402 Ego
693 2367 830 2403 Deus,qui
849 2368 927 2396 ﬁrmo
948 2369 1020 2396 toni-

236 2418 281 2439 tru
299 2417 323 2440 et
340 2414 430 2440 crcavi
448 2413 588 2448 Spiritum.
609 2413 707 2442 Verum
722 2421 777 2441 non
796 2414 833 2441 ita
845 2414 953 2442 locutus
968 2420 1019 2442 est.

236 2459 283 2484 Ar.
298 2457 370 2485 Belle
385 2459 410 2485 id
427 2466 440 2485 a
453 2463 478 2486 te
493 2459 667 2485 observatum
679 2462 729 2486 est.
742 2456 841 2486 Verum
855 2459 897 2486 his
908 2459 997 2487 verbis
1013 2471 1019 2487 :

240 2513 248 2528 ι
267 2503 364 2531 Omnia
378 2512 426 2538 per
441 2505 529 2539 ipsum
547 2503 620 2530 facta
639 2507 704 2531 sunt
721 2504 754 2536 ",
773 2513 783 2529 ι
798 2504 890 2531 omnia
905 2512 1021 2539 prorsus

237 2550 516 2584 comprehenduntur,
532 2550 614 2577 veluti
631 2549 736 2584 Spiritu
753 2557 815 2576 cum
827 2549 955 2576 omnibus
968 2549 1023 2576 col-

239 2596 337 2625 locato.
354 2596 460 2623 etiamsi
479 2596 596 2622 maxima
616 2595 696 2622 fuerit
714 2595 800 2622 virtus
814 2596 847 2622 ad
861 2594 1020 2622 creandum.

239 2641 300 2667 ΛιΙι.
318 2641 388 2668 Num
403 2642 484 2676 igitur
499 2646 578 2676 putas
593 2641 782 2668 universorum
799 2640 955 2673 Dominum,
971 2639 1023 2667 Pa-

272 2719 294 2736 ""
315 2720 393 2748 Rom.
411 2728 477 2753 vni,
496 2710 523 2748 εἰ.
561 2720 584 2735 ⁷⁸
603 2721 686 2748 Amos
706 2728 742 2752 tv,
762 2721 805 2748 15.
845 2721 866 2736 ⁷⁸
886 2718 964 2747 Joan.
988 2727 1013 2751 t,
1030 2720 1047 2746 5

274 2797 331 2834 (96)
346 2798 433 2832 ’Ἅγιοι
457 2797 533 2826 deest
550 2798 576 2834 in
592 2798 660 2832 Aug.
689 2797 773 2826 Paulo
787 2803 858 2834 post,
874 2798 944 2833 Aug.
960 2797 1022 2828 Πῶς

237 2830 284 2859 οὖν
296 2832 339 2859 διὰ
354 2830 450 2864 παντὸς
469 2833 515 2860 καὶ
532 2830 716 2864 ἀδιαλείπτως.

274 2869 330 2894 [97)
346 2868 415 2904 Aug.
434 2868 483 2903 τῆς
496 2868 668 2903 οἰκουμένης.

1073 2365 1195 2401 Πνεῦμα,
1211 2367 1314 2402 εἰρήκει
1335 2366 1378 2399 ἂν,
1405 2367 1475 2401 Ἐγὼ
1488 2369 1502 2394 ὁ
1522 2369 1587 2400 Θεὸς
1609 2369 1726 2404 στερεῶν
1743 2369 1854 2405 βροντὴν

1073 2412 1119 2438 καὶ
1139 2412 1234 2443 κτίσας
1252 2412 1373 2448 Πνεῦμα.
1397 2413 1454 2440 Νῦν
1481 2414 1509 2440 δὲ
1526 2415 1574 2449 οὺχ
1593 2414 1680 2447 οὕτως
1703 2415 1764 2450 ἔφη.
1790 2416 1852 2450 Ἀρ.

1073 2456 1147 2484 εἴπε-
1164 2459 1436 2495 Παρατετηρημένως
1456 2459 1502 2487 οὖν
1521 2461 1598 2488 τοῦτο
1617 2461 1708 2493 καλῶς
1725 2462 1800 2497 ἔφης.
1819 2462 1854 2488 Τὸ

1073 2504 1101 2530 δέ
1111 2513 1118 2519 -
1131 2513 1140 2528 ι
1153 2504 1244 2530 Πάντα
1258 2504 1291 2530 δι’
1305 2505 1386 2531 αὑτοῦ
1401 2506 1517 2540 ἐγένετο,
1532 2517 1540 2532 ι
1557 2507 1663 2535 ἅπαντα
1682 2508 1853 2543 περιγράφει.

1074 2548 1111 2579 ὡς
1128 2548 1237 2574 καὶτοῦ
1263 2549 1418 2585 Πνεύματος
1440 2552 1486 2577 σὺν
1513 2553 1579 2578 πᾶσι
1599 2553 1738 2586 ταγέντος.
1764 2553 1787 2578 εί
1810 2554 1854 2579 καὶ

1076 2594 1192 2629 μεγίστη
1213 2593 1327 2630 δύναμις
1354 2596 1457 2632 ὑπέστη
1491 2598 1559 2633 πρὸς
1581 2598 1772 2634 δημιουργίαν.
1795 2599 1852 2625 Ἀθ.

1075 2638 1150 2666 εἶπεν
1160 2647 1166 2654 ’
1186 2640 1216 2666 '0
1229 2641 1282 2669 τῶν
1300 2642 1367 2669 ὅλων
1381 2643 1529 2678 Δεσπότης,
1542 2645 1556 2670 ὁ
1573 2644 1668 2681 Πατὴρ
1690 2644 1737 2671 τοῦ
1753 2645 1853 2680 Κυρίου

1112 2796 1169 2838 (.98)
1181 2796 1220 2838 Ita
1236 2796 1302 2838 Reg.
1320 2798 1432 2838 e_t_._kug:
1446 2798 1474 2826 In
1485 2800 1679 2838 caeterisetin
1696 2799 1777 2827 editis
1801 2806 1854 2829 ntn

1075 2833 1174 2867 legitur
1196 2832 1312 2867 ἁπάσης.
1334 2832 1472 2862 lbid.Bas.
1492 2839 1520 2862 et
1535 2835 1614 2870 Angl.
1634 2836 1785 2862 ἀνάκτισιν.

1112 2867 1165 2896 199)
1183 2867 1248 2903 Reg.
1264 2868 1384 2902 ἐκτίσθη.
