1929 3056
146 177 200 204 ιθδ

702 175 908 204 DISPU'I‘ATIO
928 175 1066 204 CONTRA
1087 175 1207 203 ARIUM.

1704 173 1756 200 ιιι

148 232 225 268 ὐμῶν
245 231 331 266 Ἰησου
347 230 475 267 Χριστοῦ,
491 231 542 257 ὑπὸ
561 231 672 266 κτιστῆς
693 229 740 258 οὖν
754 232 861 266 φύσεως
875 239 920 258 κα-

977 235 1045 258 trem
1063 230 1168 258 Domini
1183 231 1269 258 nostri
1286 230 1350 258 Jesu
1364 229 1477 263 Christi,
1501 237 1516 256 a
1541 232 1630 257 creata
1659 235 1756 258 natura

145 277 347 312 τιλαμσὰνεται
362 278 432 304 κατὰ
442 277 488 310 σέ;
506 278 570 310 Ἀρ.
584 275 643 303 εἶπε
653 285 659 292 ο
672 277 718 313 Μὴ
732 277 836 311 γένοιτο
848 276 926 303 τοῦτο

146 324 231 358 φῆσαί
246 324 323 350 ποτεῙ
338 323 392 348 Καὶ
403 323 457 358 γὰρ
469 322 601 357 ἀκούομεν
611 322 642 348 τὸ
654 322 730 358 παρὰ
741 322 786 348 τοῦ
801 323 926 357 Σωτῆρος

145 369 250 403 λεχθὲν,
265 377 274 392 ι
286 367 564 401 Οὐδεὶςῖπιγινώσκει
572 367 618 393 τὸν
629 367 691 394 Υἱὸν
702 368 726 393 εἰ
741 367 778 402 μὴ
792 369 806 394 6
817 368 909 403 Πατήρ
917 376 923 382 ·

144 414 206 441 οὐδὲ
218 414 262 440 τὸν
268 413 377 448 Πατέρα
385 421 426 444 τις
434 412 607 446 ἐπιγινώσκει
620 413 644 438 εἰ
654 412 691 448 μὴ
700 413 714 438 6
723 413 795 444 Υἱός.
803 422 813 438 ι
824 414 877 440 Ἀθ.
888 411 926 439 εἷ-

145 468 196 485 πεν
207 468 214 474 ·
226 459 317 485 Ἔστιν
326 458 477 494 ἄνθρωπος,
487 459 560 490 ὅστις
571 458 648 490 ὲκτὺς
655 459 672 494 ἦ
682 458 754 485 ἔνδον
763 458 925 492 γινώσκεται

144 504 215 539 πρὸς
239 504 285 530 τοῦ
306 503 371 530 ἰδίου
395 503 564 538 πνεύματοςς
587 503 631 529 ναὶ
658 503 674 537 ἢ
691 503 739 536 ob;
756 504 814 537 Ἀρ,
831 501 922 529 εἶπεν·

150 548 312 575 Ἀποστόλου
330 549 405 583 φωνή
421 549 494 575 ἐστιν
509 549 525 583 ἡ
541 548 682 582 φάσκουσα
695 549 786 584 ἕτερον
808 548 844 584 μὴ
865 548 925 575 ἐπί-

145 593 257 620 στασθαι
274 593 308 619 τὰ
329 593 422 628 ἑτέρου
445 593 494 628 (1),
517 594 541 619 εὶ
563 593 600 628 μὴ
621 593 699 628 μόνον
727 594 926 629 γινωσκόμενον

143 639 259 666 ιιιστον
274 639 342 673 πρὸς
356 638 403 665 τοῦ
420 638 484 665 ἰδίου
497 639 660 674 πνεύματος.
673 639 727 666 Καὶ
741 639 799 671 πῶς
809 640 926 675 ἐγχωρεῖ

143 683 220 715 λέξαι
237 683 275 719 μὴ
286 683 372 714 οὕτως
390 682 477 718 ἐχειν;

178 739 223 766 Η.
243 739 296 766 Ἀθ.
313 737 388 766 εἷπε·
403 740 455 766 Τοῦ
465 739 531 767 Θεοῦ
546 737 591 767 οὖν
605 741 639 767 τὰ
653 741 721 776 βάθη
735 741 777 773 τίς
786 741 925 776 γινώσκει,

144 785 241 821 κτιστὴ
272 787 362 819 φύσις,
381 786 396 821 ἢ
413 787 538 818 ᾱκτιστος
561 787 654 819 obuia;
673 788 709 814 Ἦ
724 788 772 823 τὴν
799 787 926 814 ἄκτιστον

142 830 238 858 οὐσίαν
248 832 315 867 πρὸς
322 832 371 866 τῆς
381 832 416 867 (2)
427 833 541 864 κτίσεως
555 833 808 868 καταλαμϐάνεσθαι
821 833 924 866 λέξεις;

142 877 176 904 Et
191 877 220 904 δὲ
233 877 300 912 πρὸς
314 878 441 904 ἀκτίστου
465 878 563 911 λέξεις,
578 878 700 905 λείπεται
721 879 813 906 λοιπὸν
830 879 927 914 ὀμοού-

143 931 200 948 σιον
220 922 406 957 ὁμολογεῖσθαι
423 923 475 950 ὑπὸ
491 924 537 950 σοῦ
550 924 580 950 τὸ
609 925 684 959 ἅγιον
702 925 813 960 Πνεῦμα
838 925 925 960 Πατρὶ
942 939 961 967 Β

143 967 193 994 καὶ
207 967 274 1002 Υιῷ.
290 968 381 994 Πάντα
392 967 447 1003 γὰρ
464 967 498 994 τὰ
509 968 556 995 τοῦ
577 968 643 995 Θεοῦ
660 969 706 996 καὶ
726 968 759 995 τὰ
780 969 849 1003 βάθη
866 968 924 995 επί-

143 1020 241 1040 σταται
261 1012 291 1039 τὸ
312 1013 424 1049 Πνεῦμα
447 1013 477 1040 τὸ
505 1013 601 1048 ἅγιον,
628 1014 698 1040 κατὰ
720 1015 765 1042 τὸν
792 1014 924 1050 μακάριον

143 1057 250 1085 Παῦλον
269 1058 420 1092 φάσκοντα·
447 1067 456 1084 ι
471 1059 563 1091 Οὐδεὶς
586 1059 736 1095 ἀνθρώπων
759 1058 813 1087 οἵδε
829 1060 863 1086 τὰ
878 1059 923 1086 τοῦ

143 1103 288 1139 ἀνθρώπου
305 1104 328 1130 at
353 1105 390 1140 μὴ
413 1104 444 1131 τὸ
460 1105 570 1140 πνεῦμα
595 1105 642 1132 τοῦ
671 1105 813 1141 ἀνθρώπου
825 1125 832 1137 ,
849 1105 880 1132 τὸ
895 1106 924 1131 ἐν

142 1149 234 1184 αὐτῷ·
249 1149 320 1176 οὕτω
336 1151 382 1176 καὶ
398 1150 433 1176 τὰ
455 1151 502 1177 τοῦ
524 1151 590 1178 Θεοῦ
609 1151 696 1182 οὐδεὶς
711 1151 780 1185 ἔγνω
799 1152 824 1177 ει
841 1151 878 1187 μὴ
894 1152 925 1178 τὸ

142 1193 255 1229 Πνεῦμα
262 1194 308 1220 τοῦ
318 1194 395 1221 Θεοῦ.
409 1194 445 1220 Τὸ
452 1195 506 1229 γὰρ
515 1195 623 1229 Πνεῦμα
637 1195 725 1221 πάντα
734 1195 829 1230 ἐρευνᾷ
836 1195 882 1221 καὶ
890 1193 924 1220 τὰ

144 1239 216 1274 βάθη
231 1241 276 1266 τοῦ
289 1240 368 1268 Θεοῦ.
379 1250 388 1266 ι
405 1241 466 1274 Ἀρ.
482 1239 555 1267 εἷπε·
570 1241 610 1267 Τὰ
620 1240 665 1267 τοῦ
679 1240 744 1267 Θεοῦ
755 1241 842 1267 πάντα
853 1240 924 1275 ἅπερ

141 1285 177 1311 ἂν
187 1284 249 1320 δόξῃ
269 1284 351 1319 αὐτῷ,
368 1284 454 1311 ταῦτα
479 1283 532 1311 οἶδε
549 1285 580 1311 τὸ
603 1285 713 1320 Πνεῦμα
730 1285 778 1320 (5),
802 1284 923 1310 τουτέστι

141 1330 193 1362 τὰς
208 1330 320 1365 βουλὰς,
347 1330 436 1365 ἇσπερ
458 1330 490 1356 ἂν
515 1330 680 1366 καταδήλους
702 1329 775 1365 αὐτῷ
799 1330 897 1365 ποιήσῃ
910 1329 924 1355 6

142 1376 220 1407 Θεός.
245 1376 303 1403 Ἀθ.
320 1373 413 1402 εἶπεν·
433 1376 536 1403 Οὐκοῦν
551 1376 626 1403 οὐδὲν
644 1376 773 1411 περισσὸν
794 1376 872 1408 δίδως
885 1375 923 1410 τῷ

141 1420 281 1456 Πνεύματι
297 1421 373 1457 παρὰ
388 1422 417 1448 τὸ
430 1421 508 1455 γένος
524 1421 577 1449 τῶν
591 1421 751 1457 ἀνθρώπων.
767 1422 798 1448 Ει
815 1422 923 1457 ποιήσει

140 1467 197 1503 γὰρ
207 1468 321 1502 πρᾶγμα
331 1467 345 1493 ό
355 1466 480 1499 Θεὸς,ὲὰν
492 1467 528 1502 μὴ
542 1467 701 1502 ἀποκαλύψῃ
712 1468 766 1498 τοῖς
775 1466 876 1497 δούλοις
885 1466 922 1500 (ι)

140 1513 224 1540 αὑτοῦ
238 1515 294 1545 τοῖς
308 1514 469 1548 προφήταις.
489 1514 548 1547 Ἄρ.
561 1511 636 1539 εἶπεν
646 1520 653 1528 ·
670 1514 707 1539 Οὐ
724 1513 798 1539 δοκεί
814 1520 854 1538 σοι
869 1521 877 1537 ι
888 1511 924 1538 τὰ

138 1558 188 1585 τοῦ
201 1558 267 1585 Θεοῦ
281 1559 369 1586 πάντα
380 1568 389 1585 ι
405 1559 453 1591 τὰς
466 1558 561 1594 βουλὰς
577 1558 658 1585 αὑτοῦ
673 1557 758 1591 sint;
772 1559 830 1586 Ἀθ.
844 1556 904 1585 εἶπε
913 1567 920 1573 ·

975 277 1184 312 comprehendi?
1198 278 1244 303 Ar.
1271 276 1348 304 Absit
1366 280 1395 303 ut
1422 276 1479 304 haec
1505 284 1624 311 unquam
1648 277 1755 305 dicam!

975 321 1030 349 Nec
1045 322 1118 348 enim
1135 321 1291 356 ignoramus
1308 320 1380 356 quod
1396 320 1521 348 Salvator
1532 322 1633 349 dixerit
1650 331 1657 349 :
1677 331 1686 348 ι
1705 321 1758 349 Ne-

976 375 1020 394 mo
1034 367 1176 402 cognoscit
1192 366 1301 399 Filium,
1329 368 1383 395 nisi
1408 367 1500 401 Pater;
1533 376 1622 403 neque
1648 368 1757 396 Patrem
1797 390 1802 396 κ

975 412 1038 446 quis
1053 412 1138 444 novit,
1159 411 1212 438 nisi
1236 411 1322 440 Filius
1337 412 1370 439 ⁸ο.
1392 422 1401 438 ι
1420 412 1482 440 ΑιΙι.
1505 412 1588 440 Estne
1605 413 1695 446 homo,
1711 413 1758 448 qui

976 456 1044 484 foris
1053 461 1080 483 et
1095 457 1169 484 intus
1183 464 1198 483 a
1210 457 1321 492 proprio
1332 462 1513 492 cognoscatur
1522 459 1634 492 spiritu,
1650 459 1758 486 annon?

975 503 1024 529 Ar.
1038 502 1094 529 Vox
1111 505 1153 530 est
1168 502 1290 537 Apostoli
1306 503 1404 531 aientis
1419 503 1554 531 neminem
1569 511 1600 531 ea
1618 512 1677 539 quae
1687 505 1756 531 alte-

975 547 1034 575 rius
1047 550 1110 575 sunt
1124 554 1298 582 cognoscere,
1313 547 1360 575 sed
1376 555 1598 583 unumquemque
1618 553 1724 576 tantum
1741 557 1755 576 a

976 595 1087 629 proprio
1117 594 1243 629 cognosci
1261 594 1359 629 spiritu
1374 595 1409 623 “.
1429 594 1496 628 Quis
1515 603 1579 623 vero
1593 603 1692 631 negare
1705 604 1755 623 aus

976 639 1049 667 debit
1060 640 1097 667 ita
1110 647 1139 667 se
1155 646 1212 667 rem
1224 639 1342 667 habere?

1010 740 1055 767 41.
1065 740 1084 767 Λ
1091 741 1126 767 th.
1136 739 1203 773 Quis
1213 747 1276 776 ergo
1285 740 1330 768 Dei
1339 740 1473 775 profunda
1483 744 1568 772 novrt,
1578 744 1704 768 creatane
1713 748 1757 767 na-

976 789 1048 818 tura,
1059 793 1092 813 an
1103 787 1223 814 increata
1233 786 1396 813 substantia?
1405 786 1444 814 An
1460 794 1523 814 vero
1535 787 1682 814 inereatam
1691 787 1758 814 sub-

977 832 1104 858 stantiam
1113 839 1128 858 a
1138 835 1229 858 creata
1241 831 1431 866 comprehendi
1444 831 1537 859 dices?
1545 831 1621 864 Quod
1634 832 1656 859 si
1665 832 1700 859 ab
1713 832 1757 858 in-

977 881 1067 904 creata
1075 875 1266 911 comprehendi
1274 877 1448 911 respondeas,
1458 881 1542 904 restat
1551 877 1632 912 igitur
1641 881 1669 904 ut
1676 877 1757 904 conii-

976 922 1058 950 tearis
1071 921 1201 956 Spiritum
1214 926 1338 948 sanctum
1353 922 1428 949 Patri
1441 927 1468 949 et
1482 921 1550 948 Filio
1564 930 1624 949 esse
1637 922 1757 950 consub-

976 968 1140 995 stantialem.
1147 966 1242 995 Omnia
1253 968 1324 994 enim
1331 975 1391 1002 quae
1397 967 1444 994 Dei
1452 971 1548 994 suntet
1555 968 1613 1002 ipsa
1622 968 1754 1003 profunda

976 1013 1027 1041 scit
1035 1012 1154 1048 Spiritus
1163 1017 1274 1042 sanctus
1285 1013 1361 1049 juxta
1372 1013 1480 1041 beatum
1490 1012 1604 1041 Paulum
1620 1014 1735 1042 aientem
1748 1024 1753 1040 :

978 1068 986 1083 ι
997 1057 1080 1086 Nemo
1087 1058 1225 1086 hominum
1232 1060 1306 1086 novit
1313 1067 1372 1094 qua:
1378 1064 1441 1086 sunt
1448 1059 1575 1092 hominis,
1581 1060 1633 1087 nisi
1643 1060 1755 1094 spiritus

975 1104 1104 1138 hominis,
1115 1105 1160 1140 qui
1175 1105 1203 1131 in
1215 1105 1274 1139 ipso
1290 1109 1348 1132 est:
1362 1105 1401 1132 sic
1417 1104 1500 1132 etiam
1515 1112 1594 1132 nemo
1609 1106 1684 1132 novit
1694 1113 1755 1141 qua:

975 1153 1040 1178 sunt
1048 1150 1106 1184 Dei,
1115 1150 1168 1178 nisi
1177 1149 1295 1185 Spiritus
1303 1149 1361 1177 Dei.
1375 1149 1491 1185 Spiritus
1501 1151 1572 1178 enim
1582 1151 1672 1177 omnia
1682 1158 1755 1178 scm-

975 1200 1057 1227 tatur,
1064 1195 1144 1222 etiam
1151 1195 1334 1230 profundaDei
1341 1195 1374 1222 ".
1381 1205 1390 1221 ι
1401 1197 1446 1222 Ar.
1454 1194 1550 1223 Omnia
1557 1203 1617 1230 quae
1625 1195 1670 1223 Dei
1678 1200 1753 1228 sunt,

974 1248 1035 1275 quae
1046 1241 1097 1275 ipsi
1109 1241 1252 1275 placuerit,
1273 1241 1350 1268 novit
1364 1239 1493 1276 Spiritus,
1506 1241 1623 1273 scilicet,
1640 1242 1754 1269 consilia

974 1294 1034 1322 quae
1041 1287 1067 1313 ei
1076 1286 1219 1314 manifesta
1227 1285 1322 1314 fecerit
1331 1285 1411 1314 Deus.
1420 1287 1483 1314 Atii.
1492 1286 1564 1314 Nihil
1574 1287 1656 1322 igitur
1664 1288 1754 1323 singu-

974 1333 1031 1360 lare
1039 1333 1137 1360 tribuis
1144 1332 1255 1367 Spiritui
1264 1340 1346 1367 supra
1356 1341 1440 1368 genus
1449 1333 1607 1360 humanum.
1615 1333 1753 1369 Siquidem

974 1386 1028 1406 non
1038 1379 1118 1406 faciet
1127 1379 1266 1414 quidpiam
1277 1378 1359 1410 Dens,
1370 1379 1422 1407 nisi
1430 1379 1589 1407 revelaverit
1597 1380 1684 1407 servis
1696 1380 1753 1407 suis

974 1425 1114 1461 prophetis
1123 1425 1157 1451 “.
1183 1425 1232 1451 Ar.
1243 1424 1342 1452 Annon
1357 1425 1406 1452 tibi
1418 1425 1525 1452 videtur
1541 1435 1550 1451 ι
1561 1425 1653 1452 omnia
1667 1425 1725 1458 Dei,
1741 1435 1751 1451 ›

973 1478 1034 1498 esse
1044 1471 1103 1505 ejus
1116 1470 1316 1499 consilia‘IAtlt.
1333 1471 1466 1498 Dicuntur
1479 1480 1488 1497 ί
1500 1472 1589 1498 omnia
1599 1471 1656 1504 Dei,
1667 1481 1677 1497 ι
1690 1479 1752 1498 cum

973 1516 1033 1551 ejus
1043 1516 1155 1544 eﬂ‘ectus
1164 1524 1191 1544 et
1199 1524 1282 1551 opera
1292 1516 1412 1544 visibilia
1421 1520 1448 1544 et
1458 1516 1616 1550 invisibilia,
1625 1520 1683 1543 tum
1692 1516 1753 1551 ejus

974 1563 1102 1594 consilia,
1114 1563 1255 1597 multaque
1266 1566 1330 1590 sunt
1343 1570 1403 1597 quae
1413 1562 1460 1590 Dei
1474 1562 1654 1598 appellantur.
1674 1561 1753 1589 Nunc

143 1616 152 1630 ι
168 1605 210 1631 Τὰ
220 1605 266 1631 τοῦ
274 1605 340 1631 Θεοῦ
351 1615 361 1630 ι
376 1605 497 1639 λέγονται
513 1614 523 1630 ι
537 1604 635 1637 πάντα,
647 1613 657 1630 ι
677 1604 724 1631 καὶ
735 1605 763 1631 αἱ
777 1604 920 1639 ἐνέργειαι,

975 1608 1038 1635 mihi
1053 1608 1134 1643 igitur
1145 1609 1226 1636 velim
1243 1608 1329 1641 dicas,
1342 1615 1406 1635 num
1419 1608 1516 1643 Spiritu
1526 1607 1655 1640 hominis,
1672 1607 1753 1635 homo

140 1651 190 1677 καὶ
205 1650 239 1677 τὰ
255 1650 392 1685 ποιήματα
414 1649 507 1682 αὐτοῦ,
523 1650 558 1677 τὰ
576 1650 661 1684 ὁρατὰ
677 1650 723 1676 καὶ
741 1649 775 1676 τὰ
793 1650 830 1685 μὴ
854 1649 923 1685 ὁρώ-

141 1706 227 1733 μενα·
247 1697 372 1731 λέγονται
392 1697 420 1723 δὲ
435 1698 482 1724 καὶ
505 1698 532 1724 αι
549 1697 642 1732 βουλαὶ
663 1696 756 1728 αὑτοῦ,
774 1697 821 1723 καὶ
838 1695 922 1723 πολλά

138 1745 224 1775 ἐστιν,
237 1743 306 1778 ἅπερ
322 1743 483 1777 ὀνομάζεται
506 1741 584 1769 Θεοῦ.
608 1742 676 1769 Εἰπέ
690 1750 735 1777 μοι
749 1739 794 1768 οὖν
821 1742 853 1768 σὺ
876 1741 922 1767 ἐπὶ

137 1788 187 1815 τοῦ
203 1788 350 1823 παρόντος·
362 1788 406 1822 Τῷ
425 1787 556 1822 πνεύματι
570 1787 618 1815 ιιιῦ
634 1786 775 1822 ἀνθρώπου
791 1788 805 1814 6
819 1786 922 1822 ἄνθρω-

138 1844 191 1866 πος
202 1835 236 1862 τὰ
250 1834 303 1861 ἴδια
317 1834 514 1864 ἀποκαλύπτει,
525 1834 542 1869 ἢ
553 1834 584 1860 τὸ
595 1833 702 1868 πνεῦμα
718 1833 764 1859 τοῦ
776 1831 919 1869 ἀνθρώπου

138 1882 170 1908 τὸ
188 1883 216 1907 ἐν
230 1880 302 1916 αὐτῷ
317 1880 405 1907 πάντα
421 1880 562 1906 ἐπίσταται
580 1879 626 1913 ἀφ’
641 1878 736 1905 ἑαυτοῦ
753 1879 785 1905 τὰ
804 1879 920 1914 πραττό-

140 1927 212 1963 μενά
224 1927 275 1953 ὑπὸ
287 1926 334 1952 τοῦ
345 1926 497 1963 ἀνθρώπου,
511 1926 556 1952 ὑπ’
566 1925 648 1952 αὑτοῦ
661 1925 708 1952 τοῦ
716 1925 753 1960 (5)
767 1925 920 1960 πνεύματος

135 1973 238 2010 δηλαδὴ
268 1973 425 2008 κινουμένου
439 1972 486 2000 τοῦ
501 1972 643 2007 ἀνθρώπου
672 1972 740 2007 πρὸς
759 1971 790 1998 τδ
813 1971 920 1998 ἅπαντα

135 2020 220 2056 δρᾷν,
235 2020 293 2054 Ἄρ.
310 2018 399 2046 εἶπεν·
425 2020 482 2054 Ἀφ’
499 2019 596 2046 ἑαυτοῦ
613 2018 753 2045 ἐπίσταται
765 2018 796 2045 τὸ
812 2018 920 2053 πνεῦμα

134 2066 184 2092 τοῦ
211 2065 355 2101 ἀνθρώπου
387 2065 420 2092 τὰ
442 2066 471 2093 ὲν
497 2066 580 2101 αὐτῷ.
609 2066 670 2092 Ἀθ.
695 2063 770 2092 εἷπε·
799 2064 843 2100 Τῷ
870 2066 919 2100 μὲν

134 2111 273 2146 πνεύματι
299 2111 346 2138 τοῦ
370 2111 511 2147 ἀνθρώπου
542 2111 714 2143 ἀποδέδωκας
748 2111 794 2148 ἀφ’
821 2111 918 2137 ἑαυτοῦ

135 2157 236 2184 ειδέναι
251 2157 349 2188 πάντα,
364 2156 402 2192 τῷ
414 2157 442 2183 δὲ
457 2156 595 2191 Πνεῦμα-τι
608 2155 654 2182 τοῦ
671 2155 738 2182 Θεοῦ
766 2155 826 2182 οὐδὲ
846 2153 917 2181 οὕτω

135 2201 336 2237 παρεχώρησας
361 2201 431 2236 ἔχειν
451 2201 500 2235 τὴν
531 2200 645 2234 γνῶσιν;
667 2200 739 2236 Πρὸς
763 2199 792 2226 δὲ
813 2198 918 2230 τούτοις

133 2247 198 2282 λέγε
224 2257 279 2284 μοι,
303 2257 313 2273 ι
333 2247 401 2283 βάθη
431 2247 498 2274 Θεοῦ
512 2257 521 2273 ι
538 2247 565 2274 τι
588 2248 674 2278 νοεῖςς
698 2248 757 2280 Ἀρ,
779 2246 816 2281 (6)
838 2243 916 2272 εἷπε·

135 2292 246 2328 Πρῶτον
270 2291 422 2326 φιλαλήθως
444 2291 607 2327 ὁμολογῆσαι
619 2291 668 2323 δεῖ,
692 2291 733 2317 ὅτι
753 2291 841 2318 πάντα
868 2291 916 2324 ἀφ’

133 2338 232 2365 ἑαυτοῦ
245 2338 372 2373 γινώσκει
389 2337 424 2365 τὰ
435 2337 482 2364 τοῦ
496 2337 564 2364 Θεοῦ
578 2337 608 2364 τὺ
629 2336 754 2372 Πνεῦμα³
775 2336 870 2364 ἔπειτα
887 2336 916 2364 δὲ

132 2383 174 2410 δεῖ
188 2383 270 2417 φάναι
290 2392 300 2409 ‹
320 2383 388 2419 βάθη
404 2383 471 2410 Θεοῦ
484 2392 493 2408 ι
514 2383 544 2409 τὸ
565 2382 715 2418 ἀπέραντον
740 2383 786 2409 καὶ
810 2382 914 2409 ἀκατά-

127 2430 246 2465 ληπτον,
261 2430 328 2466 ὅπερ
342 2429 410 2461 ἐστὶ,
420 2429 465 2456 καὶ
481 2428 574 2464 ὥσπερ
583 2430 677 2455 ὲστὶνό
690 2428 800 2464 Θεός(7)
809 2436 816 2444 ⁸
827 2429 913 2456 ταῦτα

129 2474 233 2501 ειδέναι
249 2475 328 2509 φημί.
355 2475 408 2502 Ἀθ.
425 2472 517 2500 εἶπεν·
537 2475 568 2500 El
584 2472 630 2500 οῦν
646 2474 676 2500 τὸ
689 2474 842 2509 ἀπέραντον
867 2475 913 2501 καὶ

129 2519 333 2554 ἀκατάληπτον,
344 2519 390 2545 καὶ
405 2519 473 2554 ὅπερ
490 2519 548 2545 ἐστί
559 2520 605 2545 καὶ
620 2518 657 2550 ὡς
672 2518 730 2545 ἐστι
745 2518 831 2545 ταῦτα
847 2519 912 2554 φὴς,

972 1653 1073 1681 rcvelet
1080 1653 1199 1688 propria,
1209 1653 1251 1680 vel
1262 1661 1326 1680 num
1337 1653 1451 1687 spiritus
1462 1652 1591 1684 hominis,
1601 1653 1646 1687 qui
1656 1653 1682 1680 in
1695 1653 1753 1688 ipso

971 1702 1024 1731 est,
1032 1699 1122 1725 omnia
1130 1707 1161 1726 ex
1179 1698 1269 1733 seipso
1279 1698 1384 1725 noverit
1394 1705 1454 1732 quae
1464 1698 1498 1724 ab
1506 1697 1615 1725 homine
1622 1701 1751 1732 aguntur,

972 1745 1032 1780 ipso
1043 1744 1168 1771 videlicet
1182 1743 1279 1779 spiritu
1289 1744 1425 1771 hominem
1434 1743 1466 1770 ad
1478 1743 1568 1770 omnia
1581 1743 1683 1778 agenda
1694 1751 1752 1770 mo-

971 1790 1068 1817 vente?
1083 1791 1129 1817 Ar.
1141 1789 1181 1816 Ex
1198 1790 1288 1824 seipso
1302 1789 1496 1824 novitspiritus
1511 1789 1639 1821 hominis,
1653 1796 1714 1824 quae
1724 1789 1751 1816 in

971 1836 1031 1870 ipso
1045 1840 1108 1863 sunt
1122 1836 1239 1863 homine.
1253 1835 1314 1862 Ath.
1328 1834 1420 1870 Itaque
1430 1835 1558 1862 concedis
1566 1835 1690 1869 spiritum
1702 1835 1752 1861 ho-

970 1882 1052 1909 minis
1067 1881 1157 1908 omnia
1169 1889 1201 1908 ex
1217 1881 1307 1916 seipso
1319 1888 1494 1916 cognoscere.
1511 1880 1587 1907 Hanc
1601 1884 1691 1908 autem
1706 1888 1748 1908 co-

969 1927 1117 1962 gnitionem
1135 1925 1248 1962 Spiritui
1265 1926 1312 1954 Dei
1335 1926 1470 1961 denegas?
1480 1925 1614 1954 Prmterea
1625 1926 1669 1953 dic
1685 1926 1751 1953 mihi

969 1972 1034 2007 quid
1043 1981 1052 1997 ι
1063 1971 1195 2007 profunda
1203 1971 1248 1999 Dei
1257 1979 1330 1999 resse
1337 1971 1488 2006 intelligas?
1494 1971 1541 1998 Ar.
1549 1971 1639 1999 Primo
1647 1971 1752 1999 sincere

969 2017 1110 2045 fatendum
1126 2020 1179 2049 est,
1198 2017 1288 2044 omnia
1307 2024 1367 2052 qua:
1378 2017 1424 2044 Dei
1442 2020 1505 2044 sunt
1519 2017 1647 2051 Spiritum
1659 2016 1706 2044 Dei
1718 2024 1751 2044 ex

970 2062 1061 2097 seipso
1070 2069 1235 2098 cognoscere
1248 2072 1255 2089 :
1268 2062 1366 2090 deinde
1373 2062 1518 2090 dicendum
1530 2066 1573 2090 est
1590 2072 1599 2088 ι
1617 2062 1752 2097 profunda

968 2108 1028 2142 Dei,
1043 2118 1053 2135 ι
1071 2116 1131 2136 esse
1148 2112 1175 2136 et
1187 2107 1260 2144 quod
1279 2108 1402 2136 inﬁnitus
1414 2109 1450 2136 sit
1459 2112 1486 2135 et
1498 2109 1751 2143 incomprelicnsus,

968 2155 1041 2190 quod
1051 2155 1114 2182 item
1123 2158 1164 2183 est
1174 2158 1201 2182 et
1209 2153 1437 2189 quemadmodum
1451 2159 1493 2182 est
1501 2153 1572 2181 Deus
1584 2163 1590 2180 :
1604 2155 1661 2182 hac
1674 2154 1750 2181 illum

968 2208 1050 2228 nosse
1059 2200 1132 2228 dico.
1143 2200 1205 2228 Ath.
1213 2199 1242 2227 Si
1253 2200 1337 2235 igitur
1348 2200 1405 2227 hac
1412 2199 1481 2227 dicis
1495 2207 1566 2230 esse,
1576 2200 1648 2234 quod
1661 2199 1752 2226 inlini-

969 2250 1013 2274 tus
1026 2247 1062 2274 sit
1071 2251 1098 2274 et
1110 2246 1365 2282 incomprehensus,
1376 2246 1448 2281 quod
1462 2246 1525 2273 item
1535 2249 1577 2273 est
1588 2250 1614 2273 et
1625 2245 1741 2280 quemad

969 2292 1080 2319 modum
1094 2296 1136 2320 est
1163 2302 1168 2319 :
1190 2291 1274 2319 Deum
1298 2292 1391 2326 utique
1413 2292 1487 2319 dices
1513 2300 1528 2318 τι
1542 2296 1634 2319 creata
1654 2297 1744 2318 natur:

969 2336 1171 2371 comprehendi.
1179 2336 1256 2370 Quod
1263 2337 1286 2364 si
1296 2344 1390 2364 verum
1398 2341 1450 2370 est,
1460 2344 1514 2363 non
1526 2337 1642 2371 amplius
1652 2344 1749 2364 secun—

968 2381 1032 2408 dum
1041 2385 1067 2409 te
1075 2381 1146 2409 Deus
1153 2383 1206 2410 erit
1214 2382 1465 2417 incomprehensus.
1474 2382 1596 2417 Namque
1605 2383 1627 2409 si
1637 2382 1708 2410 Deus
1717 2383 1750 2409 ab

968 2427 1059 2462 aliqua
1066 2432 1158 2455 creata
1167 2431 1274 2462 natura,
1283 2429 1410 2463 quaelibet
1419 2429 1463 2455 illa
1474 2428 1564 2460 fuerit,
1573 2428 1748 2463 comprehcn-

967 2473 1053 2505 ditur,
1068 2478 1140 2501 certe
1147 2473 1392 2508 incomprehensus
1398 2473 1450 2501 dici
1459 2481 1513 2501 non
1520 2478 1619 2509 potest.
1628 2474 1647 2500 A
1653 2482 1676 2501 ν.
1683 2473 1747 2501 Pro-

967 2520 1007 2546 ter
1022 2519 1088 2545 mihi
1108 2519 1295 2546 testimonium
1311 2527 1344 2547 ex
1357 2520 1460 2547 sanctis
1479 2519 1640 2555 Scripturis,
1656 2527 1747 2555 quem~

165 2611 190 2626 ⁸⁹
212 2609 304 2637 Matth.
322 2617 366 2641 ιι,
383 2609 426 2636 27.
465 2609 486 2625 ⁸¹
501 2609 510 2635 l
524 2609 587 2636 Cor.
607 2617 643 2642 II,
660 2609 704 2636 M.
740 2609 764 2626 ⁸¹
783 2609 847 2637 ibid.
860 2609 920 2643 Ην

999 2610 1022 2626 ⁸⁸
1033 2610 1117 2638 Amos
1135 2618 1165 2637 ιιι
1177 2630 1184 2643 ,
1205 2610 1231 2637 7.

127 2733 283 2796 ἀνθὲώτωυ.
299 2733 366 2760 Ibid.
383 2733 448 2768 Reg.
464 2733 480 2766 ἢ
497 2733 584 2768 μόνον.
607 2734 674 2768 Aug.
689 2734 714 2760 ει
730 2734 820 2769 μόνον.

166 2770 176 2796 l
196 2767 205 2796 l
220 2768 289 2796 Αυα.
302 2768 355 2796 πρὸ
374 2769 432 2796 τῆς.
450 2768 532 2794 Paulo
541 2772 611 2796 post.
632 2769 658 2795 in
676 2769 770 2796 eodem
791 2769 820 2796 ha

166 2768 205 2804 (2)
220 2768 289 2804 Aug.
302 2768 355 2804 προ
374 2769 432 2803 τῆς.
450 2768 611 2804 Paulopost,
632 2769 658 2795 in
676 2769 770 2796 eodem
791 2769 847 2796 haec
862 2769 909 2796 de-

128 2808 204 2834 sunt.
220 2803 250 2829 Ei
262 2803 291 2829 δὲ
310 2803 378 2838 πρὸς
391 2803 517 2830 ἀκτίστου
536 2803 640 2836 λέξεις,
658 2807 768 2838 propter
786 2804 909 2839 ὁμοιοτέ-

128 2839 286 2908 λεῖέῖνλιιε.
300 2873 378 2900 τοῦτο
390 2873 417 2899 δὲ
434 2871 485 2899 οἶδε
502 2873 532 2899 τὸ
542 2873 618 2907 ἅγιον
632 2872 751 2909 Πνεῦμα.

182 2698 213 2734 1),
222 2698 393 2734 Basiliensis,
403 2699 567 2734 Anglicanus
582 2703 608 2725 et
621 2699 806 2733 Augustanus.
816 2698 908 2734 ἑτέρου

1049 2700 1118 2740 ring.
1133 2699 1390 2740 αποκαλύιιίῃέὑτιῖε.

997 2734 1036 2768 (5)
1048 2734 1117 2769 Aug.
1140 2735 1185 2760 ὑπ’
1202 2734 1286 2762 αὐτοῦ
1296 2735 1324 2761 δὲ
1337 2734 1394 2762 τοῦ.

997 2769 1035 2806 (ἓ)
1049 2770 1117 2806 Atls-
1136 2769 1216 2806 ἔχειν·
1232 2769 1351 2806 Ἄρειος.
1366 2769 1475 2806 omissis
1491 2771 1671 2801 intermediis.

997 2805 1035 2845 (ΣΙ)
1044 2805 1119 2846 'Ang.
1133 2805 1187 2845 Kal
1201 2806 1269 2846 ὅπερ
1279 2806 1347 2846 ἐστὶ³
1357 2806 1403 2832 καὶ
1411 2805 1448 2836 ὡς
1461 2807 1545 2846 ἔστιν,
1561 2806 1747 2846 Ἀθανήσιρςπ

962 2839 1056 2879 Ταῦτᾴ
1074 2839 1138 2874 φῆσι
1158 2840 1203 2866 τὸν
1217 2839 1282 2867 Θεέν
1302 2841 1353 2868 ὑπὸ
1381 2844 1491 2878 κτιστῆς
1510 2844 1627 2878 apiario;
1655 2843 1749 2871 multis

963 2882 1084 2902 οιηιεειδ.
