1929 3056
229 184 282 213 495
792 178 820 205 s.
844 176 1075 205 ATIIANASIUS.
1097 191 1131 197 —
1153 175 1289 203 SPURIA.
1805 173 1858 204 49c.

232 241 376 269 admodum
391 240 424 266 de
442 238 510 265 Filio
531 237 632 268 fecisti,
658 243 712 271 quo
729 236 859 264 ostendas
883 236 1013 271 Spiritum

1066 234 1110 260 τὸν
1118 233 1184 260 Θεὸν
1201 233 1252 259 ὑπὸ
1265 233 1375 267 κτιστῆς
1387 233 1493 267 φύσεως
1504 233 1764 268 καταλαμϐάνεσθαι
1775 234 1855 269 ἐρεῖς.

234 288 287 314 Deo
311 294 370 314 esse
389 283 662 312 consubstantialem.

1068 281 1100 306 Εἰ
1124 280 1152 307 δὲ
1174 279 1245 306 τοῦθ’
1269 278 1354 310 οὕτως
1379 278 1446 313 ἔχει,
1468 280 1559 306 οὐκέτι
1585 279 1781 314 ἀκατάληπτὸς
1801 280 1856 307 ἐστι

211 359 214 362 ,
231 333 302 360 κατὰ
315 332 353 358 σέ.
369 331 405 357 Τὸ
415 330 468 365 γὰρ
486 330 553 365 πρὸς
574 329 632 360 οἵας
654 329 747 364 δήποτ’
767 326 813 355 οὖν
837 326 1096 362 καταλαμϐάνεσθαι
1111 325 1224 361 κτιστῆς
1237 325 1344 359 φύσεως
1375 324 1420 350 τὸν
1434 324 1509 357 Θεὸν,
1526 325 1557 351 οὐ
1587 325 1700 352 δύναται
1733 325 1856 359 λέγεσθαι

231 377 429 411 ἀκατάληπτος.
442 377 501 409 Ἄρ.
520 373 580 401 εἷπε
592 383 598 389 '
615 375 664 406 Δός
681 383 725 410 μοι
746 374 900 410 μαρτυρίαν
925 374 957 399 ὲκ
975 372 1030 398 τῶν
1048 372 1134 406 ἁγίων
1156 371 1288 406 Γραφῶν,
1311 370 1349 402 ὠς
1363 371 1428 405 περ).
1443 371 1490 397 τοῦ
1506 371 1571 397 Υίοῦ
1596 371 1645 406 (8),
1663 371 1706 398 ὅτι
1719 371 1856 406 ὁμοούσισν

231 426 358 460 τυγχάνει
371 425 401 450 τὸ
416 423 527 458 Πνεῦμα
543 422 590 449 τοῦ
604 422 682 449 Θεοῦ.

265 473 309 499 42.
326 471 386 499 Ath.
407 470 544 505 Scriptum
564 473 606 498 est
631 470 658 496 in
675 470 734 506 lege
751 469 798 497 Dei
815 479 821 496 :
841 479 850 495 ι
866 468 924 496 Νοιι
943 475 1014 496 assu-

1104 465 1148 491 ιε.
1171 465 1224 491 Ἀθ.
1244 462 1303 491 εἷπε
1315 472 1321 478 ·
1338 464 1495 500 Γέγραπται
1512 465 1541 491 ἐν
1557 464 1596 500 τῷ
1611 465 1688 500 νόμῳ
1708 465 1758 491 τοῦ
1775 465 1854 492 Θεοῦ·

230 525 288 545 mes
304 525 403 544 nomen
421 516 526 543 Domini
551 515 597 543 Dei
620 516 659 542 tui
686 516 712 542 in
735 523 835 543 vanum
857 521 930 542 :nec
944 513 1016 541 enim

230 563 338 591 habebit
362 563 497 590 insontem
519 562 650 589 Dominus
676 569 738 589 eum
764 562 810 596 qui
839 561 1017 596 assuinpserit

228 617 328 637 nomen
344 609 450 635 Domini
464 608 511 635 Dei
529 609 570 634 sui
592 608 692 634 frustra
705 607 738 633 "'.
760 617 769 633 ι
788 607 926 642 Scriptum
949 614 1016 642 quo-

229 664 282 691 que
301 655 334 683 de
353 655 456 690 Spiritu
479 655 632 689 reperimus
649 653 800 681 Salvator-is
818 653 1014 680 testimonium.

231 702 275 728 Sic
297 702 369 729 enim
392 701 423 727 ad
441 701 510 727 ﬁlios
534 699 677 727 Bcclzcbul
701 700 831 735 loquitur,
855 700 900 734 qui
927 699 1014 733 ipsum

230 748 394 776 Contumelia
415 747 541 774 volebant
560 746 666 773 aﬁicere
685 756 690 773 :
711 755 719 771 ‹
735 746 820 773 Omne
846 753 958 780 regnum
988 745 1015 771 in

231 804 260 823 se
272 795 390 822 divisum
415 793 564 824 desolatur,
587 797 614 819 et
636 793 726 820 omnis
742 793 839 819 civitas
857 792 898 818 vel
919 791 1016 818 domus

233 839 312 874 179
328 841 354 866 in
382 846 411 866 se
426 837 524 870 divisa,
550 837 630 865 cadit.
649 837 682 864 Et
706 837 729 864 si
751 836 866 864 Satanas
885 835 1013 863 Satanam

229 885 314 920 ejicit,
331 889 358 912 et
368 884 511 912 adversum
523 891 552 911 se
563 883 712 910 insurrexit
727 886 754 909 et
769 883 874 910 divisus
886 886 939 913 est,
951 890 1016 916 quo-

229 931 310 958 modo
322 937 386 965 ergo
401 930 484 957 stabit
496 936 607 964 regnum
619 928 696 963 ejus?
709 928 762 955 Aut
776 927 912 963 quomodo
925 931 1013 962 potest

229 977 373 1012 quisquam
392 983 457 1003 vasa
482 975 561 1002 fortis
585 975 714 1010 diripere,
733 974 786 1002 nisi
807 973 882 1009 prius
902 973 1012 1000 domum

229 1023 380 1058 ingressus,
400 1021 497 1048 fortem
519 1020 652 1056 ligaverit,
667 1023 694 1047 et
710 1023 804 1054 postea
823 1019 933 1046 domum
953 1018 1013 1053 ejus

1071 519 1081 536 ε
1098 510 1134 537 Οὐ
1151 509 1222 546 λήψῃ
1240 510 1271 536 τὸ
1295 510 1380 545 ὄνομα
1396 511 1498 546 Κυρίου
1516 511 1563 537 τοῦ
1583 510 1650 537 Θεοῦ
1675 519 1726 537 σου
1742 512 1789 538 ἐπὶ
1807 521 1856 546 μα-

1068 557 1153 591 ταίῳ·
1172 556 1202 582 οὐ
1216 556 1270 591 γὰρ
1293 556 1329 591 μὴ
1344 556 1478 592 καταρίσῃ
1493 557 1595 593 Κύριος
1618 557 1664 583 τὸν
1687 557 1857 592 λαμϐάνοντα

1068 603 1098 629 τὸ
1114 602 1198 637 δνομα
1213 601 1294 628 αὑτοῦ
1316 602 1363 628 ἐπὶ
1381 603 1498 637 ματαίῳ.
1519 613 1528 628 ι
1550 603 1604 629 Καὶ
1620 604 1687 638 περὶ
1709 603 1758 630 τοῦ
1775 603 1856 630 Ilvati-

1069 657 1154 683 ματος
1173 649 1336 683 εὑρίσκομεν
1350 648 1541 684 γεγραμμένον
1567 649 1635 685 πρὸς
1645 649 1695 676 τοῦ
1723 650 1855 685 Σωτῆρος.

1068 695 1137 729 Φησὶ
1154 694 1208 730 γὰρ
1236 694 1305 729 πρὸς
1330 694 1394 726 τοὺς
1420 694 1467 720 τοῦ
1485 695 1649 727 Βεελζεϐοὺλ
1675 696 1769 728 υἱοὺς,
1798 697 1857 728 τοὺς

1069 739 1221 776 ἐνυϐρίζειν
1255 740 1380 771 θέλοντας
1407 740 1505 767 αὐτόν·
1531 751 1540 766 ι
1562 741 1639 767 Πᾶσα
1667 741 1793 776 βασιλεία
1818 742 1856 777 ἐφ’

1069 786 1169 821 ἑαυτὴν
1187 787 1224 821 (9)
1243 786 1404 822 μερισθεῖσα
1416 787 1578 822 ἐρημοῦται,
1595 787 1642 814 καὶ
1663 789 1741 815 πᾶσα
1753 788 1855 825 πόλιςῆ

1065 833 1137 859 οἰκία
1158 833 1317 868 μερισθεῖσα
1334 833 1394 860 καθ’
1408 833 1507 869 ἑαυτὴν
1528 834 1633 860 πίπτει.
1655 835 1714 861 Καὶ
1738 836 1762 862 εί
1776 835 1790 860 ὁ
1807 835 1855 861 Σασ

1065 878 1148 909 τανᾶς
1161 877 1206 904 τὸν
1221 877 1344 905 Σατανᾶν
1358 878 1493 910 ἐκϐάλλει,
1515 879 1562 905 καὶ¹
1586 879 1629 914 ἐφ’
1648 880 1746 906 ἑαυτὸν
1762 880 1854 915 ἀνέστη

1065 923 1111 949 καὶ
1128 923 1301 958 μεμέρισται,
1323 923 1381 955 πῶς
1401 922 1447 951 οὖν
1464 925 1625 960 σταθήσεται
1643 925 1728 952 αὑτοῦ
1746 926 1762 961 ἠ
1787 925 1856 961 βασι-

1064 969 1123 995 λεία
1135 978 1141 1002 ;
1157 969 1191 995 ’Ἡ
1207 969 1264 1001 πῶς
1281 969 1391 996 δύναταί
1403 978 1445 1002 τις
1458 970 1492 997 τὰ
1505 971 1588 1006 σκεύη
1601 971 1650 997 τοῦ
1664 972 1776 1007 ίσχυροῦ
1787 972 1855 1007 διαρ-

1065 1015 1160 1048 πάσαι,
1174 1015 1221 1042 ἐὰν
1238 1016 1275 1051 μὴ
1291 1016 1432 1051 πρότερον,
1448 1017 1576 1044 εἰσελθὼν
1593 1018 1622 1044 ἐν
1633 1020 1668 1054 τῇ
1690 1018 1775 1054 οἰκίᾳ,
1792 1018 1854 1053 δήσῃ

229 1067 390 1102 diripuerit?
406 1067 439 1093 Et
455 1067 478 1094 si
496 1074 547 1101 ego
564 1066 591 1093 in
608 1065 750 1093 Beelzebul
773 1065 853 1099 ejicio
867 1065 1011 1096 daemonia,

1066 1062 1108 1088 τὸν
1120 1063 1238 1100 ἰσχυρὸν,
1256 1064 1302 1090 καὶ
1314 1063 1373 1089 τότε
1382 1063 1431 1098 τὴν
1443 1063 1531 1090 οἰκίαν
1544 1063 1625 1090 αὐτοῦ
1637 1063 1784 1099 διαρπάσει
1793 1064 1854 1099 (10),

230 1113 277 1140 ﬁlii
294 1114 376 1141 vestri
390 1115 418 1140 in
435 1120 489 1148 quo
504 1112 635 1146 ejiciunt?
646 1121 654 1137 ι
671 1111 703 1138 Et
717 1111 796 1146 paulo
807 1117 869 1146 post
881 1110 992 1145 subiicit
1005 1119 1011 1137 ε

232 1169 242 1185 ι
262 1158 325 1186 Ideo
347 1158 409 1186 dico
433 1157 519 1189 vobis,
535 1165 616 1184 omne
635 1160 778 1192 peccatum
799 1160 826 1184 et
846 1156 1015 1191 blasphemia

229 1204 384 1232 remittetur
399 1203 556 1230 hominibus
575 1212 580 1228 :
603 1202 722 1237 Spiritus
740 1208 829 1229 autem
847 1202 1014 1237 blasphemia

230 1257 285 1276 non
304 1249 466 1276 remittetur.
481 1248 513 1275 Et
528 1248 685 1284 quicunque
703 1248 802 1275 dixerit
816 1248 928 1275 verbum
950 1255 1016 1274 con-

231 1301 271 1323 tra
287 1294 385 1322 Filium
402 1295 529 1326 hominis,
547 1295 700 1322 remittetur
713 1295 738 1322 ei
753 1303 760 1321 :
773 1294 818 1329 qui
837 1297 927 1321 autem
941 1295 1015 1321 dixe-

230 1341 267 1368 rit
297 1345 392 1368 contra
414 1340 544 1375 Spiritum
570 1345 707 1372 sanctum,
737 1348 791 1367 non
815 1340 969 1367 remittetur
990 1340 1015 1367 ei

230 1393 319 1420 neque
331 1385 358 1412 in
374 1385 426 1412 hoc
440 1385 540 1412 saeculo
553 1393 640 1421 neque
654 1386 681 1412 in
696 1385 789 1413 futuro
799 1385 834 1413 ⁸⁸.
852 1395 861 1411 ι
878 1385 961 1413 Vides
972 1386 1016 1414 hic

230 1437 258 1458 et
274 1431 301 1458 in
317 1431 410 1458 futuro
435 1431 534 1458 satculo
551 1430 684 1466 Spiritum
705 1439 766 1459 esse
793 1432 926 1466 aequalem
942 1431 1016 1459 Deo?

231 1475 267 1503 L’t
283 1475 355 1502 enim
369 1476 416 1510 qui
431 1476 458 1502 in
474 1474 558 1503 Deum
573 1475 680 1503 Patrem
698 1475 802 1511 profert
816 1476 1015 1511 blasphemiam

230 1528 286 1548 non
295 1521 389 1548 insons
404 1520 558 1554 habebitur,
572 1521 619 1548 sed
629 1521 724 1548 aeterni
736 1521 861 1556 supplicii
874 1529 938 1549 reus
946 1522 1014 1549 erit:

231 1566 271 1594 sic
286 1571 313 1594 et
327 1566 371 1593 ille
385 1565 432 1601 qui
449 1566 477 1593 in
494 1565 625 1602 Spiritum
649 1571 773 1594 sanctum
798 1568 943 1602 protulerit
959 1568 1016 1594 bla-

232 1612 392 1647 sphemiam,
410 1613 504 1640 aeterni
525 1613 630 1648 peccati
646 1621 710 1641 reus
735 1612 791 1646 ﬁet,
808 1621 858 1642 nec
879 1622 910 1642 ea
936 1614 1015 1649 culpa

231 1658 283 1692 ipsi
296 1658 507 1686 condonabitur.
517 1658 584 1685 Nam
594 1659 617 1686 si
631 1666 728 1686 servus
745 1664 828 1691 esset,
843 1667 1015 1694 nequaquam

232 1705 265 1737 is,
281 1704 327 1739 qui
341 1712 402 1732 eum
416 1704 574 1736 oﬂenderet,
592 1708 695 1732 aeterno
709 1705 852 1739 puniretur
870 1706 1014 1740 supplicio,

1070 1108 1125 1134 Καὶ
1148 1109 1172 1134 εὶ
1195 1108 1251 1142 ἐγὼ
1265 1110 1293 1135 ὲν
1308 1108 1471 1141 Βεελζεϐοὺλ
1486 1109 1608 1136 ἐκϐάλλω
1623 1110 1659 1136 τὰ
1678 1110 1812 1145 δαιμόνια,
1833 1109 1854 1136 oi

1067 1157 1120 1182 υἱοὶ
1146 1155 1221 1191 ὑμῶν
1245 1157 1275 1182 ὲν
1299 1156 1352 1182 τίνι
1374 1156 1553 1189 ὲκϐάλλουσι;
1580 1166 1588 1182 ι
1619 1157 1677 1183 Καὶ
1703 1157 1762 1192 μετ’
1783 1157 1854 1191 ὀλίγα

1066 1202 1149 1238 φησί·
1169 1211 1178 1227 (
1199 1202 1248 1229 Διὰ
1260 1202 1339 1228 τοῦτο
1355 1202 1425 1237 λέγω
1436 1203 1510 1238 ὑμῖν,
1524 1204 1565 1229 ὅτι
1583 1204 1660 1230 πᾶσα
1676 1203 1798 1239 ἁμαρτία
1811 1203 1853 1230 καὶ

1066 1248 1224 1283 βλασφημία
1251 1248 1414 1284 ἀφεθήσεται
1440 1250 1496 1280 τοῖς
1519 1249 1692 1284 ἀνθρώποις·
1761 1250 1789 1276 δὲ
1811 1249 1853 1275 τοῦ

1066 1293 1227 1328 Πνεύματος
1254 1293 1411 1330 βλασφημία
1438 1295 1487 1321 οὐκ
1504 1295 1681 1331 ἀφεθήσεται.
1709 1296 1764 1323 Καὶ
1783 1296 1811 1327 ὃς
1823 1295 1852 1322 ἂν

1065 1338 1128 1374 εἴπῃ
1142 1338 1219 1372 λόγον
1233 1339 1273 1370 εἰς
1288 1338 1332 1365 τὸν
1350 1338 1413 1365 Υἰὸν
1424 1339 1755 1376 ἀνθρώπου,ἁφεθήσεται
1770 1340 1850 1374 αὐτῷ·

1065 1381 1094 1413 ὃς
1116 1382 1138 1408 δ’
1158 1381 1190 1408 ἂν
1215 1382 1279 1418 εἴπῃ
1305 1383 1374 1409 κατὰ
1390 1384 1436 1409 τοῦ
1453 1384 1610 1419 Πνεύματος
1630 1385 1678 1411 τοῦ
1702 1386 1790 1419 ἁγίου,
1808 1385 1851 1411 οὐκ

1066 1426 1231 1462 ἀφεθήσεται
1257 1427 1330 1462 αὑτῴ
1344 1427 1405 1454 οὕτε
1429 1429 1507 1463 ἐντῷ
1531 1429 1578 1455 νῦν
1605 1430 1684 1456 αἰῶνι
1701 1430 1761 1456 οὔτε
1778 1430 1806 1457 ὲν
1817 1429 1852 1463 τῷ

1067 1471 1199 1506 μέλλοντι.
1226 1481 1235 1497 ι
1271 1473 1368 1508 Ὁρᾷς,
1394 1473 1434 1500 ὃτι
1456 1474 1503 1500 καὶ
1523 1474 1641 1501 ἐνταῦθα
1667 1476 1787 1511 ἰσότιμον
1809 1474 1850 1501 τοῦ

1065 1515 1132 1542 Θεοῦ
1145 1517 1312 1552 γνωρίζομεν
1326 1518 1356 1544 τὸ
1367 1518 1479 1554 Πνεῦμα
1492 1519 1539 1545 καὶ
1554 1521 1583 1546 ἐν
1597 1520 1638 1556 τῷ
1652 1521 1791 1556 μέλλοντι,
1812 1520 1850 1550 Ὧς

1065 1562 1120 1597 γὰρ
1133 1563 1147 1588 ὁ
1162 1563 1202 1593 εὶς
1214 1563 1258 1588 τὸν
1270 1563 1335 1589 Θεὸν
1349 1563 1456 1599 Πατέρα
1469 1563 1639 1600 βλασφημῶν
1650 1567 1679 1593 οὐ
1693 1565 1850 1602 καθαρισθή-

1067 1615 1142 1634 σεται
1165 1607 1211 1634 τοῦ
1229 1606 1298 1634 εἶναι
1318 1609 1400 1636 αὐτὸν
1415 1610 1524 1636 αἰωνίου
1541 1611 1681 1644 κολάσεως
1697 1612 1794 1647 ἔνοχον,
1810 1610 1858 1637 οἷ’)-Δ

1065 1661 1104 1679 τω
1134 1654 1180 1680 καὶ
1204 1654 1218 1680 ὁ
1245 1655 1285 1685 εἰς
1307 1653 1336 1680 τὸ
1355 1654 1466 1690 Πνεῦμα
1490 1655 1521 1682 τὸ
1545 1656 1624 1691 ἆγιον
1659 1658 1848 1693 βλασφημήσας

1067 1699 1215 1732 ὑπεύθυνος
1229 1700 1333 1734 γίνεται
1347 1701 1454 1728 αίωνίου
1474 1702 1624 1737 ἁμαρτίας,
1646 1703 1683 1739 μὴ
1701 1710 1847 1738 συγχωρου-

232 1756 262 1776 ιιι
283 1750 327 1777 ille
347 1751 394 1785 qui
416 1751 442 1777 iu
461 1751 610 1778 increatam
630 1750 677 1777 Dei
700 1750 870 1785 majestatem
891 1752 1014 1787 blasphe-

1069 1745 1148 1780 μένου
1169 1746 1216 1772 τοῦ
1239 1746 1418 1781 πταίσματος.
1435 1748 1466 1774 Εἰ
1482 1748 1537 1784 γὰρ
1553 1746 1587 1784 ἦν
1600 1749 1704 1782 δοῦλον,
1725 1749 1773 1776 οὐκ
1792 1748 1821 1774 ἂν
1833 1747 1846 1773 ὸ

233 1796 313 1822 mium
336 1797 446 1830 profert.
463 1796 549 1829 Quem
566 1803 630 1822 vero
651 1796 695 1822 hic
717 1795 763 1822 Dei
782 1795 865 1823 Filius
884 1795 1014 1831 Spiritum

233 1841 279 1867 Dei
298 1841 373 1870 dicit,
388 1842 497 1875 quidam
518 1849 534 1868 e
549 1841 651 1869 Christi
667 1841 809 1877 discipulis
825 1842 858 1869 de
872 1842 966 1869 eodem
981 1843 1018 1869 lo-

233 1894 328 1921 quens,
341 1887 454 1921 digitum
471 1887 518 1914 Dei
536 1887 689 1922 appellavit.
704 1887 864 1923 Recogitare
878 1888 944 1915 velis
957 1896 1016 1923 quae

232 1932 266 1959 de
279 1931 348 1958 Filio
360 1932 386 1958 in
400 1932 494 1959 itinere
507 1932 644 1966 disputata
659 1936 734 1966 sunt,
747 1933 923 1968 inveniesque
938 1937 1017 1960 aeter-

232 1985 294 2004 nam
309 1977 396 2005 sancti
413 1976 530 2012 Spiritus
539 1977 667 2005 virtutem
680 1979 941 2006 consubstantialem
955 1987 1016 2007 esse

231 2022 317 2055 Patri,
329 2030 362 2049 eo
373 2022 444 2057 quod
458 2023 560 2058 digitus
574 2023 664 2051 dictus
681 2024 739 2059 ipse
754 2023 846 2050 fuerit.
862 2024 941 2052 Certe
953 2033 1015 2052 cum

231 2068 303 2104 magi
321 2068 347 2095 in
368 2067 485 2104 Egypto
503 2069 556 2096 vim
570 2069 698 2096 invictam
711 2070 799 2096 sancti
815 2069 935 2105 Spiritus
953 2079 1017 2098 con-

233 2115 293 2142 tuiti
322 2118 424 2146 essent,
440 2115 663 2142 exclamaverunt
687 2115 716 2141 in
739 2115 797 2142 haec
814 2117 896 2143 verba
915 2126 921 2143 :
937 2127 946 2142 ι
967 2116 1016 2144 Hic

231 2160 333 2193 digitus
349 2159 394 2187 Dci
409 2163 451 2187 est
467 2160 499 2187 ⁸ο.
518 2170 528 2186 ›
541 2161 649 2193 Quibus
669 2161 768 2193 verbis.
786 2170 795 2187 ‹
812 2162 913 2197 digitus
929 2162 986 2195 Dei,
1004 2173 1013 2189 ι

231 2207 298 2233 nihil
327 2206 399 2233 aliud
428 2207 613 2242 agnoscebant
645 2214 727 2242 quam
753 2208 1015 2236 consubstantialem

232 2252 287 2280 Deo
307 2252 381 2280 Patri
411 2253 499 2279 sancti
525 2252 644 2287 Spiritus
659 2253 798 2285 virtutem,
816 2258 912 2281 contra
934 2261 1015 2289 quam

232 2306 310 2326 nemo
323 2303 364 2325 est
379 2299 424 2333 qui
442 2298 527 2333 possit
546 2298 665 2326 obtucri.
683 2297 723 2326 Ne
737 2306 802 2326 vero
816 2300 878 2334 quis
894 2300 1016 2334 captiose

231 2344 296 2370 velit
311 2344 485 2374 contendere.
499 2352 553 2371 non
567 2348 639 2371 recte
649 2344 675 2370 id
689 2351 703 2370 a
717 2344 803 2379 magis
820 2344 921 2371 dictum
935 2351 995 2372 esse
1007 2354 1013 2371 :

231 2390 425 2424 apostoli,imo
449 2390 507 2424 ipse
531 2389 661 2417 Dominus
675 2390 721 2424 qui
739 2391 766 2416 in
788 2390 842 2417 illis
865 2395 934 2423 erat,
951 2398 1013 2425 quae

1068 1791 1179 1826 σφαλεὶς
1202 1794 1241 1824 είς
1265 1793 1319 1828 (Η)
1342 1794 1407 1821 αὐτὸ
1429 1795 1529 1830 αἰωνίῳ
1553 1795 1663 1823 κολάσει
1685 1795 1845 1830 ἐτιμωρεῖτο.

1066 1837 1160 1873 ὥσπερ
1183 1839 1196 1865 ὸ
1216 1839 1255 1869 εἰς
1277 1839 1326 1874 τὴν
1349 1840 1474 1867 ἄκτιστον
1495 1841 1541 1867 τοῦ
1564 1841 1633 1868 Θεοῦ
1660 1840 1845 1877 μεγαλειότητα

1067 1883 1243 1919 βλασφημῶν.
1272 1885 1360 1921 Ὅπερ
1387 1886 1415 1912 δὲ
1440 1886 1555 1913 ἐνταῦθα
1582 1889 1596 1914 ὁ
1623 1887 1670 1914 τοῦ
1696 1886 1761 1914 Θεοῦ
1790 1885 1844 1915 Υἱὸς

1066 1930 1165 1963 φάσκει
1180 1930 1291 1966 Πνεῦμα
1305 1931 1353 1957 τοῦ
1371 1931 1446 1964 Θεοῦ,
1463 1932 1526 1968 περὶ
1539 1932 1622 1960 αὐτοῦ
1637 1933 1691 1969 (12)
1708 1942 1748 1964 τις
1761 1931 1842 1958 διαλα-

1065 1974 1120 2002 ϐὼν
1135 1975 1188 2002 τῶν
1205 1976 1333 2011 μαθητῶν
1347 1977 1393 2003 τοῦ
1410 1977 1538 2013 Χριστοῦ,
1556 1978 1689 2005 δάκτυλον
1705 1978 1769 2004 Θεοῦ
1785 1977 1840 2011 ἔφη.

1072 2021 1292 2056 Ἀναλογίσασθαι
1309 2022 1421 2057 θέλησον
1444 2024 1492 2059 τὴν
1511 2024 1574 2059 περὶ
1588 2025 1635 2052 τοῦ
1654 2025 1719 2051 Υίοῦ
1735 2023 1840 2050 συνοδοι-

1066 2068 1223 2103 πορήσασαν
1242 2068 1411 2101 συνεξέτασιν
1421 2090 1428 2101 ,
1442 2071 1488 2097 καὶ
1505 2071 1630 2107 εὑρήσεις
1647 2072 1694 2107 τὴν
1710 2071 1788 2098 ἀΐδιον
1801 2068 1840 2095 τοῦ

1066 2114 1142 2149 ἁγίου
1160 2114 1316 2150 Πνεύματος
1336 2115 1450 2150 δύναμιν
1473 2117 1615 2151 ὁμοούσιον
1639 2118 1677 2152 τῷ
1703 2116 1793 2151 Πατρὶ,
1813 2115 1840 2139 ἐκ

1065 2159 1112 2186 τοῦ
1127 2159 1256 2187 δάκτυλον
1277 2161 1341 2187 αὐτὸ
1358 2161 1490 2196 εἰρῆσθαι.
1516 2162 1622 2196 Ἀμέλει
1638 2162 1702 2197 γοῦν
1720 2162 1766 2196 τὴν
1779 2161 1838 2187 ἀκα-

1065 2206 1222 2242 ταμάχητον
1234 2206 1347 2242 δύναμιν
1363 2206 1409 2233 τοῦ
1429 2207 1505 2241 ἁγίου
1522 2209 1679 2244 Πνεύματος
1696 2207 1838 2242 θεωρήσαν-

1064 2260 1110 2282 τες
1125 2253 1149 2277 οἱ
1170 2251 1250 2286 μάγοι
1265 2253 1294 2278 ὲν
1314 2251 1452 2288 Αἰγύπτῳ,
1471 2253 1557 2280 ἐϐόων
1578 2254 1718 2289 λέγοντες·
1738 2262 1746 2277 ι
1766 2249 1839 2278 Τοῦτο

1065 2297 1194 2329 δάκτυλος
1205 2298 1272 2324 Θεοῦ
1291 2299 1373 2325 ἐστιν.
1396 2309 1406 2324 ι
1423 2299 1504 2326 Οὐδὲν
1515 2300 1607 2335 ἕτερον
1623 2301 1638 2336 ῆ
1653 2301 1699 2335 τὴν
1711 2297 1837 2334 ὁμοοὺσιον

1065 2343 1110 2369 τοῦ
1138 2343 1215 2377 ἁγίου
1235 2343 1391 2379 Πνεῦματος
1410 2344 1522 2380 δύναμιν
1544 2346 1708 2381 ὡμολόγουν,
1734 2343 1765 2378 ἢν
1788 2341 1836 2376 ἔχει

1066 2389 1132 2425 πρὸς
1155 2390 1199 2416 τὸν
1219 2390 1284 2416 Θεὸν
1302 2391 1410 2425 Πατέρα
1434 2391 1477 2418 διὰ
1503 2392 1552 2426 τῆς
1568 2391 1615 2418 τοῦ
1636 2390 1761 2418 δακτύλου
1776 2385 1834 2414 Θεοῦ

231 2435 358 2463 dixerunt
383 2435 431 2465 illi,
448 2440 578 2470 tanquam
598 2442 670 2463 recte
685 2437 758 2463 dicta
776 2436 947 2464 conﬁrmavit
964 2437 1014 2463 hu-

1068 2435 1169 2470 φωνῆς,
1187 2433 1220 2471 ἦς
1239 2437 1458 2472 ἀντοφθαλμῆσαῐ
1479 2446 1538 2464 τινα
1563 2438 1700 2464 ἀδύνατον.
1725 2434 1776 2462 Καὶ
1798 2433 1833 2458 ἵνα

228 2480 348 2515 jusmodi
360 2481 449 2508 verbis
469 2491 476 2508 :
497 2490 505 2506 ι
527 2480 554 2508 Si
571 2490 620 2517 ego
638 2482 665 2508 in
681 2482 766 2517 digito
787 2481 836 2509 Dei
858 2482 940 2517 ejicio
956 2481 1014 2509 dae-

230 2525 322 2552 monia
336 2525 369 2552 ⁶⁷.
384 2535 393 2551 ι

1070 2481 1106 2516 μή
1132 2489 1174 2512 τις
1202 2482 1360 2516 σοφίσασθαι
1375 2482 1459 2510 θέλων
1476 2483 1512 2520 μὴ
1537 2484 1622 2519 ὀρθῶς
1638 2481 1758 2517 εἰρῆσθαι
1777 2477 1836 2512 πρὺῖ

1067 2526 1121 2553 τῶν
1138 2527 1242 2562 μάγων,
1260 2529 1284 2554 oi
1299 2528 1450 2559 ἀπόστολοι,
1469 2530 1567 2564 μᾶλλον
1577 2530 1604 2556 δὲ
1620 2530 1634 2555 6
1649 2529 1677 2554 ὲν
1693 2527 1778 2556 αὐτοῖς
1789 2521 1836 2550 Κύ-

232 2579 298 2606 ριος,
314 2571 352 2602 ὡς
368 2571 454 2606 ὀρθῶς
473 2572 624 2607 εἰρημένων
646 2572 692 2598 ὑπ’
706 2571 804 2604 αὐτῶν,
819 2571 966 2598 ἐϐεϐαίωσε
981 2571 1015 2598 τὰ
1035 2571 1163 2611 λεχθέντα
1176 2574 1242 2610 πρὸς
1271 2575 1370 2607 αὐτῶν,
1384 2575 1428 2602 διὰ
1443 2575 1473 2602 τὸ
1492 2576 1538 2603 καὶ
1561 2576 1639 2603 αὑτὸν
1660 2574 1754 2609 (pavor
1774 2580 1782 2596 ι
1808 2567 1835 2594 Ei

231 2619 285 2653 ἐγὼ
301 2620 329 2646 ὲν
344 2619 468 2655 δακτύλῳ
479 2620 545 2646 Θεοῦ
563 2620 685 2647 ἐκϐάλλω
697 2620 731 2646 τὰ
743 2620 877 2655 δαιμόνια.
898 2630 907 2646 ι

265 2675 289 2691 ⁸⁸
308 2675 394 2704 Exod.
413 2685 461 2709 xx,
482 2677 506 2703 7.
545 2677 567 2693 ⁸⁸
587 2676 681 2704 Matth.
701 2685 753 2710 xu,
770 2677 866 2705 25—52.
905 2678 927 2694 “
947 2677 1014 2705 Exot

1071 2687 1110 2711 ιιι,
1135 2680 1178 2707 19.
1216 2681 1238 2696 ⁸⁷
1258 2680 1326 2709 Luc.
1343 2690 1388 2713 ιιι,
1405 2683 1449 2710 20.

268 2733 305 2768 (8)
315 2733 382 2770 Bas,
407 2733 486 2770 {ing}.
510 2740 537 2761 et
565 2735 632 2770 Aug.
654 2734 747 2770 ὥσπερ
773 2735 818 2761 τοῦ
841 2734 916 2761 Υὶοῦ.
943 2735 1016 2762 Infra

230 2767 298 2804 Aug.
312 2769 340 2795 ἐν
353 2769 427 2803 αὐτῷ
440 2767 478 2803 τῷ
492 2770 575 2804 νόμῳ.

267 2803 304 2838 (9)
317 2804 385 2838 Aug.
401 2805 468 2839 ἀμφ’
485 2803 579 2839 αὑτήν.

267 2839 322 2873 (10)
341 2839 571 2876 Λιιςηδιαρσάσῃ.
588 2839 649 2866 Mox
677 2845 738 2875 post
755 2840 940 2872 ἐκϐάλλουσιν,
955 2849 1015 2868 om-

229 2879 279 2900 nes
296 2881 361 2901 mss.
379 2874 478 2901 habent
489 2875 542 2900 1526'
549 2874 608 2909 ἐγὼ
620 2876 648 2902 ἐν
659 2874 728 2904 πν...
741 2876 878 2910 δαιμόνια,
891 2884 952 2912 quae
963 2877 1013 2904 de-

230 2914 294 2936 sunt
307 2909 333 2936 in
345 2910 433 2936 editis.

230 2914 294 2936 sunt
308 2917 333 2936 ιιι
345 2914 433 2937 edltis.

1115 2739 1158 2776 ii)
1177 2740 1314 2775 Αιιεητοῦ
1329 2741 1516 2776 Πνεῦματος...
1532 2743 1564 2770 ἂν
1576 2742 1675 2776 ἐσφάλη
1692 2739 1737 2776 είς-

1116 2767 1158 2813 121
1171 2767 1257 2813 Αυξτ,
1267 2777 1330 2812 περὶ
1350 2767 1559 2809 αὑτοῦςίίίίιιιίο
1654 2767 1726 2813 illud;

1065 2804 1191 2847 γίσασθαι
1208 2804 1330 2845 θέλησοῖι,
1343 2816 1408 2841 etc..
1428 2804 1466 2840 sic
1483 2804 1700 2847 vertit'Namiips
1716 2804 1830 2847 κιθξῇξί

1064 2839 1153 2870 ἀηίηιο
1170 2839 1270 2882 νυΡθίαέ
1282 2839 1477 2882 ἰηάαὶδιιὶοιιειη
1487 2848 1518 2875 de
1539 2847 1609 2876 Filia
1623 2848 1648 2873 in
1662 2841 1752 2871 Esudo
1764 2839 1830 2866 halt-

1065 2884 1128 2912 lam,
1145 2885 1169 2907 el
1182 2881 1305 2914 invenies,
1317 2881 1375 2909 'elc.
