1929 3056
92 158 150 187 497

655 161 863 189 DlSPUTATIO
899 163 1036 190 CONTRA
1063 164 1143 192 ΑΒΗ]
1149 165 1182 191 Μ.

1658 164 1709 192 498

130 215 176 242 45.
199 217 258 251 Ἀρ.
281 215 356 243 εἷπε’
375 217 439 249 Θεὸς
465 217 516 244 ποῦ
533 218 686 254 γέγραπται
699 219 729 245 τὸ
749 219 876 255 five-Sua;

963 222 1007 249 45.
1044 222 1092 249 Ar.
1119 221 1231 250 Ubinam
1255 223 1386 257 scriptum
1414 225 1455 248 est
1494 220 1624 255 Spiritum
1649 229 1711 248 esse

97 259 161 288 Ἀθ.
180 258 240 287 εἷπε
257 270 264 276 ·
286 262 425 298 Πανταχοῦ
447 263 661 297 ἀπαγγέλλουσιν
677 265 705 290 αἱ
721 263 791 290 θεῖαι
807 264 878 300 Γρα-

93 307 143 341 φαὶ
161 307 201 333 ὅτι
219 307 284 338 Θεός
315 308 373 334 ἐστι
398 307 427 334 τὸ
443 308 517 342 ἅγιον
540 309 660 343 Πνεῦμα,
681 310 727 335 καὶ
745 309 774 335 οὐ
795 309 879 344 κεχώ-

94 359 188 387 ρισται
211 352 259 386 τῆς
281 351 327 378 τοῦ
344 352 422 383 Θεοῦ,
438 353 484 379 καὶ
498 353 613 388 Πατρὸς,
631 353 677 379 καὶ
692 353 742 388 τῆς
757 354 802 380 τοῦ
822 355 879 380 Μο-

94 396 221 430 νογενοῦς
245 397 326 424 αὐτοῦ
349 398 436 433 δόξης.
459 398 537 432 Λέγει
564 398 618 434 γὰρ
642 399 743 434 Πέτρος
770 400 798 425 ὲν
820 401 879 430 ταῖς

95 442 214 478 Πράξεσι
240 443 307 478 πρὸς
333 443 470 470 Ἀνανίαν*
492 453 501 469 ‹
528 444 595 479 Οὐχὶ
619 444 697 479 μένον
723 453 763 470 σοι
788 445 878 480 ἔμενε,

96 488 144 514 καὶ
161 488 262 523 πραθὲν
275 490 303 515 ὲν
314 490 346 524 τῇ
362 490 394 524 σῇ
409 489 516 524 ἐξουσίᾳ
536 490 657 525 ὑπῆρχε;
673 490 698 516 τί
716 490 755 516 ὅτι
776 490 835 517 ἔθου
850 491 879 516 ὲν

95 531 129 565 τῇ
156 531 254 566 καρδίᾳ
272 540 317 558 σου
338 532 368 558 τὸ
388 533 501 568 πρᾶγμα
524 532 612 565 τοῦτο,
629 533 778 568 ψεύσασθαί
800 543 828 560 σε
850 535 879 561 τὸ

95 575 207 611 Πνεῦμα
223 576 253 602 τὸ
276 576 368 611 ἃγιον;
386 578 442 604 Οὐκ
459 578 565 612 ἐψεύσω
584 578 745 614 ἀνθρώποις,
760 579 827 606 ἀλλὰ
840 579 878 615 τῷ

95 621 165 656 Θεῷ.
197 631 206 647 ι
239 623 319 658 Ὁρᾷς
348 622 406 655 πῶς
433 625 462 650 ὲν
484 625 539 656 τοῖς
564 624 710 659 ἀνωτέροις
735 625 803 661 ὅπερ
826 625 877 661 ἔφη

94 666 208 701 Πνεῦμα
232 667 319 701 ἅγιον,
337 669 366 694 ὲν
382 670 437 699 τοῖς
461 670 696 705 μεταγενεστέροις
719 670 770 706 ἔφη
797 671 876 703 Θεόν;

96 711 158 738 Ἔτι
178 712 231 747 μὴν
249 713 295 739 κα)⁸
316 713 361 740 τοῦ
379 714 514 749 μακαρίου
528 715 632 742 Παύλου
651 715 774 750 λέγοντος
790 718 818 743 ἐν
844 719 876 752 τῇ

94 759 163 794 πρὸς
177 759 380 792 Θεσσαλονικεῖς
391 760 505 796 δευτέρᾳ
514 761 655 797 Ἐπιστολῇ
668 761 752 794 οὕτως
763 771 769 777 ·
777 772 785 787 ι
809 763 838 789 ὐ
850 763 876 789 δὲ

95 804 197 838 Κύριος
220 804 382 831 κατευθύναι
400 805 475 840 ὑμῶν
501 806 556 840 (l3)
571 806 620 837 τὰς
642 807 754 841 καρδίας
777 809 816 839 εἰς
829 808 877 843 τὴν

95 849 207 885 ἀγάπην
237 849 284 876 τοῦ
316 850 383 877 Θεοῦ
417 852 464 877 καὶ
495 853 534 883 εἰς
576 852 625 888 τὴν
659 852 795 888 ὑπομονὴν
831 853 876 879 τοῦ

95 895 223 931 Χριστοῦ.

95 942 162 968 Τίνα
199 941 301 976 Κύριον
330 942 549 977 ὀνομαζόμενον;
582 943 626 969 τὸν
664 943 717 969 τῶν
752 943 876 970 ἁπάντων

94 986 227 1022 δεσπότην
248 987 313 1013 Θεὸν
342 987 468 1023 Πατέρα,
497 987 512 1023 ἢ
539 987 569 1014 τὸ
595 988 706 1024 Πνεῦμα
729 988 759 1014 τὸ
784 989 875 1022 ἂγιον;

95 1031 148 1057 Τὸν
162 1031 212 1066 μὲν
227 1031 280 1067 γὰρ
294 1031 410 1067 Χριστὸν
424 1032 623 1068 ὑπηρίθμησεν.
643 1033 673 1059 Ei
690 1033 738 1067 μὲν
761 1032 814 1068 γὰρ
833 1033 879 1059 τὸν

95 1076 206 1111 Πατέρα
234 1077 405 1112 προτάξειας,
432 1077 498 1108 Θεός
523 1078 580 1103 ζεστι
602 1078 631 1104 τὸ
655 1077 784 1112 Πνεῦμα·
810 1078 834 1103 εί
849 1077 876 1103 δὲ

94 1122 125 1148 τὸ
142 1123 253 1156 Πνεῦμα
267 1122 521 1158 προομολογήσειας,
537 1123 636 1159 Κύριος
655 1123 798 1158 τυγχάνει’
815 1123 877 1149 εἰδὲ

96 1169 197 1203 Κύριός
219 1170 287 1201 ἐστι,
313 1169 360 1195 καὶ
383 1169 447 1200 Θεὸς
471 1170 607 1204 ὑπάρχει-
633 1169 787 1204 γέγραπται
804 1169 875 1205 γάρ’

98 1224 107 1240 ι
135 1214 205 1248 Ἐγώ
223 1216 280 1250 εἰμι
295 1214 395 1250 Κύριος
414 1216 428 1241 ὁ
444 1214 510 1246 Θεός
529 1223 585 1240 σου.
603 1224 612 1240 ι
633 1215 752 1250 Ζήτησον
771 1214 810 1245 δὲ,
831 1216 878 1241 καὶ¹

96 1260 222 1295 εὑρήσεις
241 1260 396 1295 ἁπανταχοῦ
407 1259 606 1295 γεγραμμένον,
619 1260 659 1286 ὅτι
672 1260 718 1286 καὶ
731 1260 780 1295 τῆς
794 1261 878 1295 αὐτῆς

95 1306 233 1341 ἐνεργείας
249 1306 376 1340 τυγχάνει
387 1306 417 1332 τὸ
430 1306 543 1340 Πνεῦμα
557 1305 586 1330 τὸ
602 1305 688 1339 ἅγιον,
711 1305 759 1332 καὶ
772 1306 820 1340 τῆς
832 1305 878 1332 τοῦ

95 1351 202 1386 Harpe;
217 1351 262 1377 καὶ
275 1351 338 1377 Υἱοῦ
355 1351 432 1387 δόξης
448 1352 498 1377 οὐκ
508 1350 682 1382 ἀπέζευκται.
708 1352 770 1384 Ἀρ.
802 1349 859 1377 εἷπε
869 1359 876 1365 ·

95 1396 144 1423 Διὰ
168 1396 194 1422 τί
217 1395 264 1423 οὗν
288 1397 304 1431 ἡ
333 1397 427 1432 Γραφὴ
454 1396 570 1431 οὐδαμοῦ
594 1396 667 1429 λέγει
692 1397 820 1431 τιμᾶσθαι
849 1397 878 1423 τὸ

95 1442 206 1477 Πνεῦμα
227 1443 273 1468 σὺν
286 1442 371 1477 Harp}.
399 1441 446 1469 καὶ
462 1441 536 1476 Υἰῴ;
560 1441 615 1468 Ἀθ.
642 1439 733 1467 εἷπεν-
751 1443 783 1467 Δί
803 1442 878 1476 ἆγιαι

97 1488 203 1523 Γραφαὶ
215 1489 302 1515 πάντα
319 1487 392 1522 σαφῆ
405 1487 571 1520 διαλέγονται
582 1495 589 1502 ⁵
605 1488 644 1518 είς
659 1487 673 1513 ὃ
693 1487 721 1513 δέ
735 1488 816 1522 ἐσμεν
833 1488 878 1514 τοῦ

97 1534 299 1569 ἐπιπαρόντος,
317 1535 344 1560 αἱ
367 1533 442 1567 ἆγιαι
458 1533 585 1568 δυνάμεις
600 1533 695 1564 πᾶσαι,
719 1533 746 1558 αἱ
771 1533 799 1558 ὲν
823 1534 878 1564 τοῖς

932 265 1113 294 Deum?Alh.
1139 267 1247 303 Ubique
1263 268 1361 295 divinae
1389 266 1537 302 Scriptum
1564 266 1712 301 prwdicant

930 311 1013 339 Deum
1030 320 1090 340 esse
1106 312 1235 348 Spiritum
1245 317 1380 343 sanctum,
1394 320 1443 339 nec
1459 315 1613 347 separatum
1622 319 1683 338 esse
1696 319 1711 338 a

930 356 977 384 Dei
991 361 1018 384 et
1033 357 1119 385 Patris
1134 362 1160 385 et
1181 358 1316 393 Unigeniti
1341 358 1436 393 gloria.
1454 357 1499 384 Sic
1514 357 1586 384 enim
1613 356 1711 385 Petrus

930 402 956 428 in
969 401 1080 429 Actibus
1097 403 1215 437 loquitur
1230 403 1261 429 ad
1280 403 1431 430 Ananiam:
1447 413 1456 428 ι
1480 402 1576 429 Nonne
1597 409 1711 428 manens

929 447 976 474 tibi
991 448 1124 480 manebat,
1139 453 1166 475 et
1178 448 1371 475 venumdatum
1386 449 1413 476 in
1430 452 1475 476 tua
1488 453 1546 476 erat
1556 447 1711 482 potestate?

929 493 1018 526 Quare
1029 494 1144 528 posuisti
1152 495 1178 521 in
1190 495 1270 522 corde
1281 499 1327 521 tuo
1339 495 1408 522 hanc
1420 502 1487 525 rem,
1499 493 1605 520 mentiri
1616 497 1642 520 te
1652 492 1711 526 Spi-

928 539 992 565 ritui
1004 538 1180 566 sancto?Non
1189 548 1218 568 es
1231 540 1357 567 mentitus
1369 539 1584 570 hominibus,sed
1597 538 1650 566 Deo
1658 539 1691 566 ⁸⁸.
1699 547 1708 563 ι

930 583 1010 611 Vides
1023 584 1158 618 quomodo
1166 593 1246 619 quem
1258 590 1337 612 antea
1351 585 1483 619 Spiritum
1500 588 1624 611 sanctum
1638 583 1712 611 dixe-

928 634 980 661 rat,
997 631 1120 658 eumdem
1131 634 1223 665 postea
1234 630 1316 658 Deum
1332 630 1467 665 appellet?
1480 630 1525 657 Sic
1539 630 1601 656 item
1615 629 1711 656 beatus

929 674 1038 706 Paulus,
1055 675 1173 710 Epistula
1185 675 1305 703 secunda
1318 676 1350 702 ad
1372 675 1630 703 Thessalonicenses
1642 674 1711 702 scri-

929 720 967 746 bit
981 729 1005 746 ;‹
1019 720 1148 748 Dominus
1159 725 1248 748 autem
1259 721 1359 756 dirigat
1367 721 1448 748 corda
1462 721 1585 747 vestram
1594 720 1711 747 charita-

927 769 980 791 tem
998 764 1043 792 Dei
1061 766 1262 800 et.patienliam
1291 766 1393 793 Christi
1407 766 1441 792 ⁸⁸.
1461 775 1469 792 ι
1489 765 1574 798 Quem
1605 765 1646 791 vis
1661 764 1712 791 hac

928 811 954 836 in
972 809 1090 845 Epistola
1102 811 1271 846 intelligere?
1284 811 1370 843 Quem
1387 811 1529 838 Dominum
1547 811 1712 845 appellatum

927 860 1006 889 putas
1019 856 1030 882 ?
1043 855 1162 883 Deumne
1184 855 1290 883 Patre."
1308 864 1397 883 rerum
1422 857 1542 883 omnium
1557 855 1712 886 Dominum,

266 905 276 922 1
311 896 343 922 Τί
372 896 458 928 θέλεις
489 898 518 923 ὲν
548 899 580 932 τῇ
601 898 741 933 Ἐπιστολῇ
768 898 879 933 vei-luat;

934 908 966 926 an
983 899 1113 935 Spiritum
1127 907 1251 928 sanetum
1261 901 1272 927 ?
1282 900 1349 927 Nam
1365 900 1504 928 Christum
1516 900 1615 928 ibidem
1628 900 1713 928 nerui-

927 946 1010 972 navit.
1034 945 1061 972 Si
1086 945 1159 973 enim
1185 946 1274 980 priore
1291 946 1318 973 in
1342 946 1403 973 loco
1428 945 1536 973 Patrem
1565 945 1712 981 intelligas,

928 989 998 1016 Deus
1022 993 1097 1017 certe
1126 989 1297 1024 estSpiritus
1328 993 1440 1018 sanctus
1465 999 1471 1016 :
1503 990 1546 1017 sin
1580 989 1712 1024 Spiritum

927 1039 1051 1062 sanctum
1082 1035 1118 1063 ibi
1141 1036 1208 1063 velis
1237 1036 1395 1071 signiﬁcari,
1415 1037 1472 1071 ipse
1496 1044 1561 1071 ergo
1581 1035 1712 1063 Dominus

927 1083 968 1106 est
981 1088 987 1106 :
1000 1079 1070 1114 quod
1078 1079 1100 1106 si
1110 1079 1240 1107 Dominus
1248 1084 1299 1113 est,
1310 1079 1505 1114 Deusprofecto
1515 1083 1564 1105 est.
1575 1076 1711 1112 Scriptum

927 1125 998 1152 enim
1008 1129 1060 1158 est,
1080 1135 1090 1151 ι
1107 1125 1162 1161 Εςο
1177 1134 1236 1154 sum
1263 1125 1393 1153 Dominus
1412 1125 1481 1152 Deus
1507 1129 1570 1151 tuus
1585 1124 1619 1150 ⁹⁰.
1639 1133 1647 1149 ι
1667 1123 1711 1150 Ιιι-

928 1172 1004 1206 quire
1011 1177 1130 1206 porro.et
1140 1172 1239 1206 ubique
1249 1172 1380 1206 scriptum
1393 1171 1514 1198 invenies
1525 1169 1646 1198 eamdem
1658 1169 1712 1195 vim

928 1216 1045 1252 Spiritus
1060 1218 1146 1244 sancti
1159 1226 1231 1250 esse,
1246 1225 1294 1245 nec
1312 1225 1326 1244 a
1339 1217 1428 1244 Patris
1441 1220 1468 1243 et
1482 1215 1541 1243 Filii
1554 1216 1638 1250 gloria
1651 1223 1712 1242 esse

928 1263 1103 1298 disiunctum.
1122 1265 1172 1291 Ar.
1201 1263 1255 1290 Cur
1284 1271 1348 1298 ergo
1368 1269 1501 1297 nusquam
1517 1262 1554 1288 ait
1572 1261 1713 1296 Scriptura

930 1308 1059 1344 Spiritum
1071 1317 1131 1336 cum
1149 1309 1227 1337 Patre
1241 1314 1267 1337 et
1283 1309 1351 1336 Filio
1366 1308 1512 1336 honorari?
1526 1307 1588 1334 ΑιΙι.
1607 1306 1713 1333 Sancta:

930 1354 1075 1390 Scriptura:
1089 1356 1180 1382 omnia
1199 1360 1291 1390 aperte
1307 1356 1455 1390 loquuntur
1469 1364 1476 1381 τ
1491 1354 1563 1388 quod
1574 1357 1663 1380 autem
1680 1352 1713 1379 ad

929 1405 1088 1435 praesentem
1104 1405 1208 1436 spectat
1222 1402 1412 1436 qumstioncm,
1431 1407 1526 1427 omnes
1542 1404 1642 1426 sancta:
1659 1398 1713 1424 vir-

929 1449 1012 1478 tutes,
1029 1453 1090 1480 quae
1109 1446 1136 1472 in
1151 1446 1228 1473 callis
1257 1449 1330 1477 snut,
1358 1448 1483 1472 sanctum
1511 1443 1641 1478 Spiritum
1658 1462 1664 1474 ,
1685 1447 1714 1468 ut

929 1491 1007 1518 docet
1023 1491 1118 1522 Isaias.
1130 1499 1192 1519 cum
1205 1491 1285 1518 Patre
1296 1495 1322 1517 et
1333 1490 1402 1518 Filio
1417 1490 1603 1517 indesinenter
1626 1487 1714 1514 hono-

930 1541 1002 1563 rant.
1021 1537 1067 1564 Ar.
1092 1537 1228 1571 Nusquam
1247 1536 1377 1570 scriptum
1390 1539 1432 1563 est
1444 1534 1574 1570 Spiritum
1589 1537 1714 1561 sanctum

97 1580 233 1614 οὐρανοῖς,
253 1579 399 1610 ἀπαύστως
421 1578 521 1611 τιμῶσι
536 1578 566 1604 τὸ
590 1579 665 1612 ἅγιον
694 1578 814 1613 Πνεῦμα,
840 1579 878 1610 ὡς

932 1589 991 1608 cum
1006 1581 1087 1609 Patre
1101 1587 1127 1609 et
1146 1581 1214 1608 Filio
1229 1582 1368 1608 honorari.

102 1624 215 1655 Ἡσαΐας
233 1623 315 1657 λέγει,
335 1623 381 1649 σὺν
402 1623 488 1658 Πατρὶ
508 1623 554 1649 καὶ
569 1622 635 1657 Υίῴ.
654 1623 712 1656 Ἄρ.
728 1619 805 1648 εἷπε*
821 1623 872 1649 Σὺν
893 1625 979 1661 Πατρὶ
995 1627 1045 1660 κα)ι
1061 1626 1115 1662 Υἱῴ
1143 1627 1174 1652 οὺ
1197 1626 1350 1662 γέγραπται
1370 1624 1487 1661 οὐδαμοῦ
1505 1625 1561 1660 (Μ)
1585 1622 1714 1658 τιμᾶσθαι

95 1671 128 1698 σὺ
143 1671 218 1704 ἆγιον
234 1670 355 1705 Πνεῦμα.

131 1716 176 1742 M.
203 1716 260 1743 Ἀθ.
280 1713 341 1742 εἷπε
352 1724 358 1731 ’
375 1715 559 1751 Πεπλάνησαι.
573 1716 670 1743 Ἢνίκα
684 1714 753 1743 εἶδεν
769 1717 882 1748 Ἡσαΐας

97 1762 147 1797 τὴν
160 1761 236 1793 δόξαν
250 1761 363 1797 Κυρίου,
378 1762 425 1788 καὶ
439 1761 475 1788 τὰ
492 1761 657 1797 στρατόπεδα
671 1761 726 1789 τῶν
741 1762 825 1796 ἁγίων
835 1762 879 1788 δυυ

96 1807 216 1842 νάμεων,
229 1807 255 1834 τί
276 1807 327 1843 ἔφη
343 1807 430 1842 λέγειν
446 1806 548 1842 βοώσας
569 1808 597 1834 ἐν
610 1809 668 1840 ταῖς
690 1808 774 1840 θείαις
790 1808 880 1843 ὑμνῳ-

99 1854 187 1886 δίαις;
215 1853 288 1888 Οὐχ,
307 1862 316 1879 ι
339 1854 452 1887 ”Αγιος,¹
468 1853 554 1887 ἅγιος,
571 1853 663 1887 annos;
686 1863 695 1879 ι
720 1853 768 1880 Διὰ
783 1854 809 1879 τί
821 1854 882 1880 οὔτε

97 1899 225 1934 ἀνωτέρω
233 1899 278 1926 τοῦ
284 1899 400 1934 ἀριθμοῦ
412 1898 505 1925 τούτου
515 1899 661 1926 ἐπανιόντα
672 1899 811 1934 ὑμνοῦσιν,
821 1898 881 1925 οὒτε

100 1946 138 1981 μὴ
156 1945 301 1980 κατωτέρω
323 1944 499 1971 ὐποΰαίνοντα
517 1944 621 1979 μειοῦσι
642 1944 687 1970 τὸν
707 1942 794 1973 αἷνον;
811 1945 882 1971 Πάν-

98 2000 152 2022 τως
166 1990 205 2025 τῷ
226 1990 262 2025 μὴ
284 1990 361 2021 ἐκτὸς
378 1989 427 2024 τῆς
451 1989 564 2025 Τριάδος
588 1988 666 2024 θέμις
684 1989 795 2024 τοιούτῳ
815 1989 883 2025 γέρα

96 2036 245 2071 τιμηθῆναι
260 2044 330 2067 τινα,
348 2036 415 2070 μήτε
432 2034 580 2061 ἐλαττῶσαί
597 2042 658 2060 τινα
673 2034 717 2060 τὸν
732 2033 826 2068 ὕμνον,
839 2034 883 2061 διὰ

97 2083 148 2117 τὴν
172 2081 251 2115 ἁγίαν
275 2081 321 2108 καὶ
346 2081 482 2116 μακαρίαν
505 2080 619 2114 Θεότητα
641 2080 690 2114 τῆς
710 2079 833 2114 Τριὰδος,
854 2080 882 2106 ἐν

99 2128 193 2164 μονάδι
208 2125 290 2154 οὖσαν
305 2126 426 2162 αὐτάρκη
443 2125 612 2161 (15).Ἔτιδὲ
631 2125 676 2150 καὶ
691 2125 791 2159 Μωσῆς
810 2124 882 2156 τίνος

97 2174 192 2200 ἕνεκεν
210 2174 255 2200 τὸν
271 2173 335 2199 λαὸν
347 2171 458 2204 ἐδίδαξε,
473 2172 532 2208 τρὶς
549 2171 693 2206 κάμψαντα
706 2170 751 2196 ἐπὶ
767 2170 818 2204 γῆς
838 2170 882 2197 τὸν

99 2219 200 2254 αὐχένα
213 2219 259 2245 καὶ
273 2218 308 2245 τὰ
321 2218 430 2252 γόνατα,
446 2217 650 2251 προσκυνῆσαις
667 2216 704 2242 Οὐ
722 2215 765 2242 διὰ
777 2215 825 2251 τὴν
836 2216 883 2250 τῆς

972 1717 1052 1751 180
1066 1716 1109 1743 44.
1132 1716 1193 1744 ΑιΙι.
1209 1715 1299 1744 Erras.
1331 1716 1398 1743 Cum
1413 1715 1526 1742 vidisset
1553 1714 1638 1742 Isaias
1662 1713 1716 1743 Do~

935 1762 999 1788 mini
1013 1762 1138 1797 gloriam.
1153 1765 1342 1790 elsanctarum
1358 1762 1486 1788 virtutum
1493 1761 1638 1793 exercitus,
1650 1760 1715 1795 quid

935 1807 973 1834 ait
984 1808 1054 1840 illas,
1068 1808 1138 1834 inter
1152 1807 1261 1835 divinas
1272 1807 1378 1838 laudes,
1389 1807 1497 1834 dicere?
1511 1806 1615 1839 Nonne,
1629 1816 1637 1832 ι
1650 1806 1717 1834 San-

935 1858 1006 1885 etus,
1015 1858 1138 1885 sanctus,
1145 1857 1256 1881 sanctus
1264 1853 1300 1880 9'?
1309 1863 1318 1879 ι
1329 1853 1418 1886 Quare
1427 1860 1476 1880 nec
1483 1860 1624 1879 numerum
1634 1853 1714 1880 istum

937 1898 963 1925 in
980 1899 1116 1926 cantando
1127 1898 1332 1930 transcendunt,
1353 1905 1403 1925 nec
1427 1897 1491 1932 quid
1520 1905 1552 1924 ex
1574 1905 1606 1924 eo
1627 1897 1717 1924 detra-

937 1943 1159 1972 hunt?Profecto
1171 1952 1202 1972 ea
1218 1944 1251 1971 de
1275 1951 1359 1971 causa
1380 1943 1452 1978 quod
1482 1947 1580 1978 praeter
1599 1943 1717 1970 Trinita-

937 1995 989 2017 tem
1004 1990 1079 2017 neias
1094 1990 1128 2017 sit
1145 1997 1307 2025 quemquam
1324 1989 1479 2023 hujusmodi
1510 1989 1612 2016 honore
1630 1988 1716 2019 allici,

937 2040 964 2062 ut
980 2041 1006 2063 et
1016 2036 1078 2069 quid
1087 2043 1118 2062 ex
1129 2035 1175 2062 illo
1193 2035 1292 2070 hymno
1303 2035 1418 2066 detrahi,
1431 2039 1539 2069 propter
1553 2038 1675 2062 sanctam
1690 2037 1717 2061 ct

935 2080 1039 2106 beatam
1051 2079 1191 2106 Trinitatis
1204 2079 1382 2111 divinitatem,
1395 2079 1422 2105 in
1440 2080 1541 2106 unitate
1554 2079 1643 2114 seipsa
1653 2086 1717 2106 con—

934 2129 1041 2152 tentam,
1052 2126 1136 2158 Quam
1149 2127 1209 2153 item
1217 2126 1364 2153 obcausam
1375 2125 1479 2161 Moyses
1488 2125 1614 2160 populum
1625 2125 1717 2152 docuit

936 2171 1067 2199 cervicem
1082 2177 1108 2198 et
1123 2179 1208 2206 genua
1225 2177 1266 2198 ter
1277 2173 1304 2198 in
1319 2176 1390 2199 terra
1411 2171 1554 2203 ﬂectendo,
1585 2170 1718 2197 adorare?

937 2217 1029 2245 Nonne
1048 2221 1077 2243 ut
1092 2217 1252 2244 Trinitatem
1277 2218 1305 2244 in
1324 2225 1375 2244 una
1394 2217 1537 2244 divinitate
1552 2216 1716 2243 adorarent?

99 2264 215 2300 Τριάδος
229 2264 411 2299 προσκύνησιν
425 2263 474 2298 τῆς
487 2263 515 2289 ὲν
533 2263 582 2298 μιᾷ
598 2262 720 2296 θεότητι;
746 2261 825 2288 Ἀλλὰ
838 2262 879 2288 καὶ

938 2261 1026 2289 Deifer
1053 2270 1162 2297 quoque
1179 2262 1250 2290 Elias
1269 2266 1346 2289 terno
1371 2262 1461 2289 alﬂatu
1488 2261 1571 2288 ﬁlium
1586 2260 1674 2287 viduae
1701 2267 1716 2286 a

98 2311 113 2336 ὁ
127 2309 256 2345 θεοφόρος
277 2309 378 2341 Ἠλίας,
396 2309 481 2344 τρίτῳ
494 2309 634 2344 φυσήματι
651 2307 750 2343 ἐγείρει
770 2308 815 2334 τὸν
831 2308 887 2334 υἱὸν

97 2355 149 2389 τῆς
165 2355 269 2390 χὴρας;
283 2354 358 2381 οὐδὲν
370 2354 462 2389 ἕτερον
476 2354 592 2387 δεικνὺς,
605 2354 620 2389 ἢ
637 2353 674 2389 μὴ
690 2353 818 2380 δύνασθαί
827 2362 886 2380 τινα

97 2401 151 2434 τῆς
161 2401 269 2426 αίωνίου
287 2399 358 2436 ζωῆς
371 2400 528 2434 ἀξιωθῆναι,
542 2402 566 2427 εί
581 2400 618 2435 μὴ
630 2400 682 2436 ἄρα
698 2399 804 2435 πρῶτον
823 2400 884 2426 ἀνα-

96 2447 213 2482 λήψεται
225 2448 274 2482 τὴν
289 2447 407 2481 ἰσότιμον
422 2446 478 2481 (16)
494 2447 539 2473 καὶ
551 2446 690 2481 ὁμοούσιον
702 2445 747 2471 καὶ
758 2445 886 2477 ζωοποιὸν

99 2492 204 2528 Τριὰὂα
225 2492 268 2519 διὰ
287 2493 335 2527 τῆς
359 2492 581 2527 σεϐασμιωτάτης
609 2492 724 2521 πίστεως
747 2491 775 2516 ἐν
798 2490 880 2525 ψυχῇ,

98 2538 162 2572 ἥτις
177 2538 260 2573 πυρὸς
275 2538 352 2573 δίκην
367 2538 504 2564 ἀναλίσκει
525 2538 558 2564 τὰ
580 2536 664 2572 νεκρὰ
685 2537 773 2562 πάντα
802 2536 883 2562 πταί-

102 2591 209 2618 σματα,
224 2584 257 2609 τὰ
273 2583 421 2618 νεκροῦντα
443 2583 492 2618 τὴν
505 2584 604 2618 ψυχὴν,
616 2583 662 2609 καὶ
685 2581 810 2613 ζωοποιεῖ
835 2581 884 2616 τὴν

102 2629 273 2664 κεκτημένην
297 2629 380 2665 αὐτὴν
401 2629 483 2656 ἀΐδιον
506 2629 593 2664 ζωήν;
616 2628 694 2654 Ἀλλὰ
709 2627 761 2662 μὴν
777 2627 822 2653 καὶ
840 2627 885 2654 τὸν

937 2308 1050 2335 mortuis
1061 2308 1229 2340 excitavit",
1242 2308 1307 2334 nihil
1321 2308 1392 2334 aliud
1404 2307 1526 2334 indicans
1542 2314 1621 2342 quam
1636 2305 1718 2332 nemi-

937 2360 998 2380 nem
1013 2360 1093 2387 posse
1109 2357 1208 2379 aeterna
1235 2353 1290 2379 vita
1308 2353 1420 2386 dignum
1434 2351 1574 2383 aestimari,
1587 2350 1640 2378 nisi
1655 2351 1717 2386 quis

938 2398 1055 2434 primum
1082 2399 1223 2433 aequalem,
1242 2397 1501 2425 consubstantialem
1526 2397 1717 2431 virilicamque

938 2443 1096 2471 Trinitatem
1121 2444 1148 2470 in
1177 2444 1265 2470 anima
1283 2451 1330 2478 per
1362 2444 1540 2471 venerandam
1571 2443 1717 2469 admodum

935 2489 1013 2516 ﬁdem
1022 2489 1163 2524 receperit.
1176 2496 1235 2524 quae
1251 2489 1320 2523 ignis
1330 2489 1424 2521 instar,
1437 2495 1541 2516 mortua
1553 2488 1644 2514 omma
1657 2495 1718 2523 pec-

935 2540 1007 2567 cata,
1024 2542 1084 2570 quae
1099 2536 1215 2561 animam
1229 2535 1398 2563 interimunt.
1413 2534 1562 2564 consumit,
1576 2534 1719 2568 ipsamque

936 2580 1065 2612 viviﬁcat,
1081 2587 1141 2614 quae
1151 2582 1278 2606 aeternam
1288 2579 1370 2605 vitam
1387 2583 1465 2606 nacta
1481 2583 1522 2606 est
1537 2579 1548 2604 ?
1563 2578 1716 2611 Quinetiam

938 2633 988 2653 nec
1004 2625 1083 2652 aliter
1095 2625 1212 2660 potuerit
1225 2625 1362 2652 christifer
1376 2624 1478 2651 Paulus
1498 2624 1531 2651 ad
1547 2625 1655 2651 tertium
1675 2631 1718 2651 us-

137 2707 162 2723 “
181 2707 242 2735 Act.
261 2715 285 2739 v,
303 2707 330 2734 4.
369 2707 390 2723 ³³
411 2707 430 2733 ll
445 2706 540 2734 Thess.
562 2713 607 2738 ιιι,
625 2705 650 2732 5.
689 2705 712 2722 ’(⁸
731 2704 816 2733 Exod.
835 2712 869 2731 xx

968 2703 988 2718 ⁹¹
1010 2701 1062 2730 lsa.
1080 2709 1127 2736 γι,
1144 2702 1170 2729 5.
1209 2702 1232 2717 "
1251 2700 1285 2728 Ill
1300 2701 1366 2737 Reg.
1385 2709 1455 2734 xvn,
1473 2701 1518 2728 2L

152 2815 197 2847 15)
212 2815 291 2842 Basil.
306 2815 426 2850 etAAngl.
440 2815 527 2850 ἡμῶν.

152 2816 197 2847 15)
212 2816 291 2842 Basil.
306 2819 332 2842 et
348 2816 426 2850 Angl.
440 2816 527 2850 ἡμῶν.

139 2816 199 2886 ΣΗ)
216 2850 295 2886 Aug.,
319 2848 409 2876 εἶπενι
429 2851 460 2876 At
471 2850 546 2884 ἁγίαι
559 2849 665 2885 Γραφαὶ
678 2848 804 2883 οὐδαμοῦ.

987 2811 1029 2847 15)
1045 2812 1111 2846 Aug.
1129 2811 1303 2847 αὐτάρκειαν.
1316 2810 1376 2839 Mox
1391 2809 1472 2843 idem,
1484 2809 1644 2845 κάμψαντας

987 2813 1019 2839 15
1045 2813 1111 2846 Aug.
1129 2813 1303 2847 αὐτάρκειαν.

974 2813 1031 2882 ίιῶ
1045 2849 1113 2882 Aug,
1129 2847 1179 2882 τὴν
1197 2846 1315 2881 ἰσότητα.
