1929 3056
213 169 264 199 499

784 170 811 198 S.
837 169 1066 199 ATHANASIUS.
1087 185 1122 190 —-
1143 168 1276 197 SPURIA.

1782 161 1838 194 500

211 237 263 265 que
271 229 370 257 celum
383 228 543 262 ascendere;
556 228 608 256 nisi
623 235 673 256 suo
683 229 709 256 in
722 233 829 263 pectore
840 228 993 256 retinuisset

1050 227 1228 263 χριστοφόρον
1250 226 1355 253 Παῦλον
1376 225 1413 261 μὴ
1434 225 1519 257 ἄλλως
1541 223 1697 259 δεδυνῆσθαι
1711 223 1761 255 ἕως
1777 223 1840 258 τρί-

213 276 410 303 indeﬁcientem
427 277 452 302 et
464 275 725 302 consubstantialem
741 274 884 302 Trinitatis
902 273 992 302 ﬁdem.

213 321 321 349 Scilicet
347 320 501 355 bujusmodi
525 321 649 355 exemplo
670 321 792 348 indicare
803 320 889 348 voluit
921 320 993 348 Deus

213 366 345 393 neminem
361 366 387 392 in
403 374 514 401 regnum
527 367 657 393 caelorum
676 374 756 401 posse
774 367 925 401 pervenire,
940 366 994 393 nisi

211 409 256 444 qui
272 417 330 437 eam
342 410 482 445 amplexus
496 410 578 438 fuerit
594 410 684 443 ﬁdem,
700 419 760 445 quae
775 412 802 438 in
818 411 902 438 Paulo
916 411 994 437 habi-

211 456 287 483 tavit.
304 455 373 488 Quid
386 464 449 483 vero
465 453 568 492 loquar.
582 457 615 484 de
629 457 736 484 viviﬁco
751 461 776 484 et
802 457 994 485 sanctiﬁcante

211 507 242 528 ac
259 504 433 535 peccatorum
449 501 638 528 remissionem
651 501 787 535 praebente
805 501 922 534 lavacro,
935 502 994 529 sine

211 553 264 580 quo
279 553 357 573 tremo
371 546 470 573 videbit
494 554 606 582 regnum
621 547 775 574 caelorum?
797 547 894 574 Annon
911 548 939 574 in
955 553 996 575 ter

209 590 364 618 beatissima
375 592 579 619 nomenclatura
595 591 720 620 ﬁdelibus
735 592 815 618 datur
829 592 841 618 ?
853 592 930 619 Adde
951 592 994 618 his

209 637 336 663 omnibus
346 638 417 671 quod
429 638 463 664 ait
472 637 591 666 Joannes
603 647 609 664 :
621 638 669 665 «Et
677 638 703 664 hi
712 642 766 666 tres
775 646 857 665 unum
869 638 973 665 sunt".
982 647 991 663 ›

1047 282 1094 301 του
1114 273 1229 308 οὐρανοῦ
1255 272 1456 308 ἀνεληλυθέναι,
1471 272 1495 297 εί
1512 271 1549 306 μὴ
1571 271 1699 305 ἐκέκτητο
1714 270 1741 296 ὲν
1756 269 1840 304 στέρ-

1046 328 1103 351 νοις
1119 318 1202 346 αὺτοῦ
1219 319 1268 354 τὴν
1285 319 1336 353 τῆς
1355 318 1468 354 Τριάδος
1481 317 1654 344 ἀνέκλειπτον
1675 316 1720 343 καὶ
1738 314 1840 351 ὀμοού-

1047 373 1104 391 σιον
1129 364 1241 390 πίστινο
1266 366 1280 391 ὁ
1306 364 1372 395 Θεὸς
1393 363 1551 399 βουλόμενος
1573 361 1705 389 δεικνύναι
1721 362 1763 388 διὰ
1787 360 1839 387 τοῦ

1047 410 1168 436 τοιούτου
1184 410 1355 445 πράγματος,
1373 409 1472 444 μηδένα
1494 409 1628 435 εἰσελάσαι
1644 408 1698 442 (18)
1708 406 1839 433 δύνασθαι

1046 457 1088 487 είς
1104 455 1154 491 τὴν
1167 455 1223 481 τῶν
1240 455 1362 490 οὐρανῶν
1384 455 1529 490 βασιλείαν,
1546 454 1591 480 τὸν
1607 455 1638 480 ὲκ
1654 453 1702 487 τῆς
1717 453 1839 483 πίστεως

1046 501 1096 535 τῆς
1112 501 1292 536 ἐνοικησάσης
1312 502 1341 527 ὲν
1363 501 1462 536 Παύλῳ
1480 500 1516 536 μὴ
1530 500 1669 534 γεγονότα.
1692 498 1723 525 Τί
1744 498 1772 524 δὲ
1788 498 1839 525 καὶ

1048 547 1078 573 τὸ
1092 547 1142 582 τῆς
1157 547 1280 581 ἀφέσεως
1302 546 1355 572 τῶν
1368 545 1508 581 ἁμαρτιῶν
1523 545 1695 580 παρεκτικὸν,
1710 545 1756 570 καὶ
1769 543 1840 576 ζωο-

1047 592 1135 624 ποιδν,
1154 592 1201 618 καὶ
1219 591 1377 626 ἁγιαστικὺν
1397 590 1517 626 λουτρὸν,
1534 588 1563 617 οὗ
1576 590 1659 625 χωρὶς
1673 589 1759 620 οὐδεὶς
1772 588 1840 622 Mae—

1046 647 1091 666 ται
1115 638 1164 674 τὴν
1181 638 1319 674 βασιλείαν
1340 638 1394 664 τῶν
1408 636 1540 672 οὐρανῶν,
1555 636 1604 662 οὐκ
1626 637 1655 662 ὲν
1668 636 1701 670 τῇ
1717 642 1839 669 τρισμα-

209 681 292 717 καιρίᾳ
314 683 444 718 ὀνομασίᾳ
464 684 563 711 δίδοται
589 683 644 720 (19)
664 686 720 716 τοῖς
737 687 857 716 πιστοίς;
881 684 950 718 Πρὸς
969 684 997 710 δὲ
1015 686 1119 716 τούτοις
1131 686 1212 712 πᾶσιν
1233 685 1358 720 Ἰωάννης
1372 684 1471 719 φάσκει
1482 692 1488 698 ·
1523 693 1532 709 ι
1549 683 1603 709 Καὶ
1619 683 1642 709 οἱ
1656 683 1729 717 τρεῖς
1744 680 1775 707 τὸ
1805 679 1839 706 ἓν

209 729 286 754 ιίσιν.
303 738 312 754 ι

245 785 289 812 45.
307 786 353 812 Ar.
371 785 439 813 Vere
451 787 521 814 beati
531 795 626 815 omnes
640 788 686 822 qui
697 787 774 814 ﬁdem
786 782 866 815 istam
881 788 992 820 habent,

210 837 325 865 eamque
348 831 381 858 ad
401 837 516 859 mortem
543 841 629 868 usque
646 834 820 865 conﬁtentur,
839 837 866 861 et
880 833 990 869 dignam

1083 787 1126 814 45.
1143 787 1209 821 Ἀρ.
1231 784 1306 812 εἷπεν
1317 794 1324 800 ·
1342 785 1460 821 Ἀληθῶς
1476 793 1604 820 μακαριοι
1614 785 1713 815 πάντες
1725 784 1748 810 οἱ
1759 784 1837 819 ἔχον-

1045 841 1092 864 τες
1105 831 1206 867 ταύτην
1222 831 1272 866 τὴν
1297 832 1399 862 πίστιν,
1418 831 1463 857 κα¹ι
1478 831 1530 862 ἕως
1546 830 1659 857 θανάτου
1672 829 1837 865 ὁμολογοῦν-

211 876 269 911 ipsa
278 878 361 904 vitam
375 884 468 912 agunt.
483 878 538 914 Ego
548 879 619 906 enim
633 887 707 907 nunc
719 880 816 913 revixi,
826 887 860 907 ex
876 880 993 908 mortuis

1047 886 1090 909 τες
1104 877 1199 912 αὐτὴν,
1216 877 1262 904 καὶ
1278 877 1360 908 ἀξίως
1381 877 1465 911 αὐτῆς
1484 875 1700 913 πολιτευόμενοι·
1717 875 1763 902 νῦν
1778 875 1836 911 γὰρ

209 923 353 951 excitatus.
384 923 490 951 Mortua
520 925 655 960 siquidem
673 933 717 953 res
737 930 779 952 est
800 933 889 957 error,
920 933 993 957 eum,

209 976 289 1003 quem
301 975 416 1005 occupat
431 971 571 1003 occidens,
591 972 764 1006 animamque
785 971 844 1006 ejus
862 972 908 1006 qui
934 979 995 999 cum

210 1015 255 1042 illo
283 1015 413 1048 ambulat,
441 1016 478 1043 ita
503 1016 585 1045 allicit
612 1021 642 1044 ut
665 1017 843 1052 impudicitiis
870 1018 996 1052 inquine-

209 1065 263 1094 tur,
293 1061 427 1097 eﬁicitque
457 1070 491 1090 ne
521 1063 599 1098 signa
619 1067 727 1090 aeternae
754 1063 825 1096 vitae,
849 1072 909 1099 quae
934 1068 997 1092 ante

211 1108 306 1135 oculos
336 1113 464 1140 exstant,
494 1109 575 1137 homo
603 1113 750 1144 cognoscat
780 1119 786 1136 ε
816 1110 888 1138 unde
922 1110 996 1137 futu-

210 1162 270 1181 rum
287 1159 370 1186 esset,
384 1159 412 1181 ut
434 1163 483 1182 nec
492 1159 606 1182 mortem
621 1155 786 1188 desererem,
802 1164 852 1184 nec
864 1156 898 1183 ad
915 1156 995 1184 ﬁdem

211 1199 343 1228 viviﬁeam
360 1200 517 1228 accederem
530 1201 597 1235 (Π).
607 1201 674 1228 Cum
685 1201 756 1229 enim
774 1202 855 1229 homo
864 1202 899 1230 sit
913 1210 994 1235 unus,

211 1251 292 1271 unam
304 1244 402 1272 debere
411 1244 491 1271 habet
505 1245 583 1272 ﬁdem
594 1248 701 1272 aeternae
711 1251 737 1273 et
749 1246 995 1274 consubstantialis

210 1289 364 1318 Trinitatis.
381 1290 411 1317 In
426 1291 472 1317 illa
485 1291 558 1318 enim
570 1290 738 1325 inﬁdelitate,
755 1300 786 1319 ex
798 1300 851 1327 qua
864 1301 907 1320 me
924 1292 995 1320 Deus

210 1336 322 1370 eripuit,
338 1344 391 1364 non
404 1343 458 1364 una
480 1337 557 1369 ﬁdes,
570 1337 617 1365 sed
633 1341 690 1365 tres
716 1338 899 1372 praedicantur
919 1348 924 1364 :
941 1346 995 1366 una

210 1389 307 1416 nempe
326 1382 359 1410 de
378 1382 458 1411 Patre
471 1387 584 1416 aeterno,
605 1383 658 1411 alia
669 1384 702 1412 de
721 1383 789 1411 Filio
799 1389 902 1417 creato,
915 1385 995 1411 tertia

209 1427 243 1454 de
258 1427 361 1463 Spiritu
372 1428 453 1455 facto.
469 1429 508 1456 Ex
521 1429 619 1464 quibus
630 1429 806 1457 manifestum
817 1435 870 1462 est,
891 1431 995 1457 nullam

210 1475 323 1501 omnino
338 1475 393 1502 illic
406 1475 484 1502 ﬁdem
497 1483 558 1503 esse
574 1483 607 1503 ex
623 1475 728 1503 multis.
744 1475 879 1509 Quocirca
895 1476 996 1511 gratias

210 1527 260 1555 ago
276 1526 378 1548 sanctae
394 1520 520 1548 Trinitati
539 1521 677 1552 :Patrem,
696 1520 793 1548 Filium
814 1525 841 1549 et
864 1521 995 1556 Spiritum

1046 923 1102 958 ἐγὼ
1125 923 1244 958 ἀνέζησα
1269 922 1387 954 ἀναστὰς
1416 923 1448 948 ὲκ
1474 921 1587 957 νεκρῶν.
1617 921 1710 957 Νεκρὰ
1736 921 1790 957 γὰρ
1814 922 1833 956 ἡ

1046 969 1146 1004 πλάνη,
1170 968 1217 995 καὶ
1242 968 1377 1004 νεκροῦσα
1402 968 1448 994 τὸν
1473 967 1639 1003 κεκτημένον
1662 967 1756 1002 αὐτὴν,
1785 967 1835 993 καὶ

1047 1014 1215 1050 ρυθμίζουσα
1233 1014 1283 1049 τὴν
1293 1014 1381 1049 ψυχὴν
1397 1013 1443 1040 τοῦ
1457 1012 1706 1048 συνοδοιποροῦντος
1721 1013 1788 1048 αὐτῇ
1803 1013 1834 1038 ὲν

1045 1059 1199 1093 ἀσελγείαις
1221 1059 1353 1095 φύρεσθαι
1370 1059 1438 1094 (20),
1462 1059 1530 1095 πρὸς
1553 1058 1583 1085 τὸ
1600 1059 1664 1093 παρ’
1686 1058 1834 1093 ὀφθαλμοῖς

1046 1104 1118 1140 ζωῆς
1132 1105 1240 1132 αἰωνίου
1258 1105 1379 1140 σύμϐολα
1395 1105 1432 1140 μὴ
1447 1104 1631 1139 γνωρισθέντα
1648 1104 1715 1140 πρὸς
1724 1103 1770 1130 τοῦ
1785 1104 1834 1130 ἀν-

1045 1150 1165 1186 θρώπου,
1186 1150 1242 1186 (21)
1264 1150 1424 1185 καταλεῖψαί
1447 1159 1480 1186 με
1503 1150 1547 1177 τὸν
1571 1150 1692 1182 θάνατον,
1717 1150 1763 1176 καὶ
1781 1149 1833 1184 τὴν

1044 1196 1126 1223 αὑτοῦ
1144 1196 1281 1232 θυγατέρα
1296 1197 1408 1233 πλάνην,
1426 1196 1633 1232 προσοικειῶσαι
1649 1195 1677 1222 δὲ
1689 1195 1783 1221 ἑαυτὸν
1795 1196 1831 1230 τῇ

1045 1241 1168 1277 ζωοποιῷ
1185 1243 1285 1269 πίστει.
1301 1240 1349 1274 Εἷς
1364 1242 1418 1278 γὰρ
1432 1242 1469 1269 ὢν
1483 1243 1497 1269 ὁ
1512 1242 1663 1277 ἄνθρωπος.
1682 1240 1746 1276 μίαν
1759 1239 1832 1275 ἔχειν

1044 1289 1146 1322 ὀφείλει
1160 1289 1250 1316 πίστιν
1259 1289 1307 1324 τῆς
1315 1289 1423 1316 αἰωνίου
1439 1288 1485 1315 καὶ
1495 1287 1638 1323 ὁμοουσίου
1647 1287 1769 1322 Τριάδος.
1786 1286 1833 1318 Ἐξ

1044 1331 1077 1369 ἦς
1093 1334 1146 1370 γὰρ
1159 1334 1292 1370 ὲῤῥύσατὸ
1305 1343 1338 1370 με
1351 1335 1365 1361 ὁ
1382 1333 1448 1366 Θεὸς
1461 1334 1598 1365 ἀπιστίας,
1616 1334 1646 1360 οὺ
1662 1333 1710 1369 μία
1728 1333 1830 1366 πίστις,

1045 1379 1112 1406 ἀλλά
1127 1382 1200 1415 τρεῖς
1214 1379 1415 1415 ὁμολογοῦνται,
1435 1380 1493 1411 ἐνὸς
1514 1380 1562 1415 μὲν
1586 1379 1692 1415 Πατρδς
1711 1378 1831 1411 αίωνίου,

1045 1426 1139 1462 ἑτέρου
1154 1426 1182 1453 δὲ
1195 1425 1304 1452 κτιστοῦ
1316 1425 1392 1458 Υἱοῦ,
1406 1427 1452 1453 καὶ
1463 1426 1621 1461 Πνεύματος
1635 1425 1830 1461 πεποιημένου.

1051 1471 1098 1497 Ἐκ
1114 1471 1142 1498 δὲ
1157 1471 1259 1498 τούτων
1276 1471 1425 1507 κατάδηλόν
1450 1472 1507 1498 ἔστι
1524 1473 1561 1507 μὴ
1578 1469 1647 1498 εἶναι
1667 1471 1758 1500 πίστιν
1773 1471 1832 1497 ὲκεί

1046 1516 1078 1542 ὲκ
1098 1516 1202 1543 πολλῶν
1219 1517 1286 1552 μηδὲ
1303 1517 1377 1552 μίαν.
1400 1517 1470 1551 Ἐγὼ
1483 1515 1529 1544 οὖν
1544 1517 1696 1552 εὐχαριστῶ
1715 1518 1748 1552 τῇ
1765 1517 1832 1552 ἁγία

210 1570 334 1594 sanctum
345 1567 440 1595 adoro.
453 1566 511 1594 lam
520 1575 594 1602 ergo.
605 1567 777 1600 cbarissime,
786 1567 867 1595 simul
875 1574 993 1594 oremus.

1047 1561 1158 1596 Τριάδι,
1187 1562 1331 1598 προσκυνῶ
1357 1562 1483 1597 Πατέρα,
1510 1563 1556 1588 καὶ
1582 1563 1656 1594 Υίὸν,
1683 1563 1729 1588 καὶ
1753 1562 1830 1596 ἆγιον

211 1612 266 1647 Ego
282 1612 355 1640 enim
374 1612 504 1648 gdeposita
514 1613 605 1641 omnia
621 1614 725 1641 erroris
743 1613 914 1646 indumenta,
946 1613 994 1641 Dei

211 1658 410 1691 misericordia,
439 1657 537 1694 abjeci.

244 1759 288 1786 46.
318 1759 380 1785 Ath.
401 1758 497 1786 Gestas
520 1759 610 1786 adhuc
641 1759 743 1786 erroris
783 1758 992 1791 indumentum;

209 1806 258 1833 sed
275 1805 298 1833 si
314 1805 380 1840 grati
394 1805 477 1832 animi
492 1812 532 1838 es,
544 1804 571 1831 id
585 1811 648 1831 cum
668 1805 774 1832 caeteris
790 1804 933 1839 apostasia}
949 1812 993 1832 re-

211 1852 262 1878 bus
278 1850 420 1885 projicies,
436 1854 556 1884 tuncque
573 1850 654 1878 simul
672 1857 753 1878 orare
769 1850 929 1885 poterimus.
945 1849 993 1878 Ar.

210 1896 269 1923 Nisi
282 1896 307 1924 id
319 1895 382 1922 mihi
395 1895 575 1930 liquidissime
586 1895 778 1928 declaraveris,
787 1903 841 1922 non
849 1895 914 1922 mihi
926 1903 994 1923 con-

210 1939 284 1967 scius
297 1946 357 1966 sum
373 1939 521 1974 quidquam
536 1939 727 1968 furiosaaillius
738 1940 850 1967 haeresis
866 1940 992 1969 retinere.

209 1985 272 2012 ΑιΙι.
282 1985 380 2012 Annon
403 1985 451 2012 tibi
473 1985 580 2013 videtur
590 1985 668 2018 cieri,
692 1989 719 2012 ut
736 1989 844 2017 vocant,
864 1985 992 2021 dignitas,

209 2038 268 2065 quae
277 2030 325 2058 tibi
341 2030 376 2058 ab
390 2030 486 2058 haeresi
494 2031 557 2058 data
572 2036 625 2063 est,
635 2038 696 2059 esse
704 2039 768 2066 pars
775 2032 877 2059 erroris
889 2041 897 2063 ;
911 2032 993 2067 idque

208 2077 328 2112 speciem
350 2076 460 2112 quidem
486 2076 596 2111 pietatis
616 2076 684 2104 foris
712 2084 768 2111 pne
778 2085 807 2105 se
822 2077 904 2110 ferre,
920 2078 993 2106 intus

208 2126 299 2150 autem
314 2123 425 2158 plenum
444 2130 506 2150 esse
514 2123 674 2158 impietatis,
689 2124 726 2150 ita
743 2128 771 2150 ut
794 2123 875 2150 homo
900 2125 994 2159 gigan-

208 2170 251 2197 taai
263 2170 375 2204 spiritus
389 2171 434 2197 ﬁat
451 2170 674 2201 instrumentum.
692 2171 778 2205 parati
790 2170 823 2197 ad
834 2170 931 2197 bellum
944 2171 994 2198 ad-

207 2223 304 2244 versus
318 2215 402 2244 Deum
427 2216 572 2251 sacrilegio
585 2215 809 2251 suscipiendum?
821 2216 869 2243 Ar.
885 2215 944 2243 Tibi
965 2218 992 2243 in

207 2263 351 2298 praesentia
377 2262 515 2298 proﬁteor,
539 2262 611 2297 quod
634 2270 689 2290 non
706 2262 861 2297 acquiescet
873 2262 991 2295 animus,

208 2310 261 2338 nisi
276 2311 357 2338 istam
373 2317 449 2337 vanze
471 2309 565 2345 gloria;
594 2309 764 2345 tyrannidem
789 2309 933 2344 diligenter
959 2317 992 2336 ex

207 2356 299 2384 anima
323 2364 383 2384 mea
413 2357 551 2392 ejecerim.
583 2355 645 2382 am.
671 2355 764 2391 Itaque
793 2355 817 2383 si
846 2356 923 2391 181
949 2363 992 2383 er-

206 2402 278 2429 roris
305 2407 398 2436 partes
419 2409 482 2429 cum
501 2401 602 2429 virtute
626 2402 781 2429 consentire
804 2409 859 2429 non
875 2406 989 2436 queunt,

206 2449 292 2476 multo
306 2449 394 2483 magis
414 2448 524 2475 virtutis
535 2451 561 2475 et
576 2447 698 2475 veritatis
715 2451 806 2482 partes
827 2455 888 2474 cum
915 2454 990 2474 erro—

206 2495 245 2522 ris
274 2495 396 2529 partibus
422 2494 569 2521 convenire
591 2501 646 2522 non
673 2499 796 2529 possunt.
822 2493 991 2521 Mendacium

205 2541 278 2569 enim
307 2540 468 2568 adversatur
492 2540 622 2572 veritati,
653 2546 678 2568 et
703 2540 804 2568 veritas
835 2539 988 2568 mendacio.

240 2619 264 2636 "
282 2618 293 2646 ι
308 2618 387 2648 Joan.
405 2628 433 2653 ν,
450 2620 476 2648 7.

240 2698 298 2733 (17)
315 2697 405 2726 Locus
421 2698 567 2726 obscurus.

238 2734 296 2770 (18)
312 2734 389 2770 Αυεέ
398 2734 610 2770 εἰσεληλυθέναι.

241 2765 298 2803 ῌθ)
312 2765 487 2804 ιιεΓΗθεὶιιι-»ξ
503 2769 575 2796 Editi
592 2775 657 2796 vero
677 2771 701 2795 et
720 2767 778 2800 alii,
793 2766 895 2793 δέδοται
922 2765 989 2793 Ibid.

203 2803 590 2841 Δυειιδῑηπιστοῖςνὴἇφεσις.
654 2839 658 2841 Α
701 2839 706 2841 ν
747 2837 754 2841 _
813 2836 824 2841 _

240 2835 298 2873 (ἒο)
314 2839 384 2875 Aug.
405 2835 453 2867 καὶ
465 2835 601 2875 νεκροῦσα
621 2836 892 2875 τοὺςγὸμολοχοῦντας
907 2835 989 2871 αὐτὴν

202 2871 252 2906 καί
270 2871 500 2911 ρνθμίῗουσαητὴν
514 2871 667 2912 ὁδοιπορίαν
683 2871 886 2904 ὲννὰσελγείαις.

1045 1607 1168 1643 Πνεῦμα.
1196 1608 1304 1640 Λοιπὸν,
1330 1609 1465 1644 ἀγαπητὲ,
1491 1609 1551 1644 ἆμα
1576 1608 1726 1643 εὐξώμεθα.
1760 1607 1832 1642 Ἐγὼ

1043 1653 1108 1689 γὰρ,
1125 1653 1213 1680 πάντα
1225 1653 1259 1681 τὰ
1279 1653 1415 1689 ἐνδύματα
1430 1654 1478 1689 τῆς
1497 1654 1599 1689 πλάνης
1617 1653 1831 1689 ἀποδυσάμενος,

1043 1699 1184 1734 ἀπέρῤιψα
1196 1699 1241 1726 διὰ
1256 1699 1303 1726 τοῦ
1317 1700 1461 1735 έλεήμονος
1473 1699 1551 1726 Θεοῦ.

1080 1755 1123 1782 46.
1150 1756 1208 1783 Ἀθ.
1230 1754 1324 1783 εἶπεν·
1345 1756 1448 1792 Ἀκμὴν
1469 1756 1509 1783 ἔτι
1541 1756 1642 1791 ἔνδυμα
1659 1756 1714 1789 (22)
1737 1757 1830 1792 φορεῖς

1043 1800 1093 1834 τῆς
1108 1801 1213 1836 πλάνης
1222 1809 1229 1816 θ
1244 1802 1513 1837 συνευγνωμονήσαις
1524 1802 1611 1837 ῥίψεις
1625 1803 1672 1828 καὶ
1685 1803 1750 1829 αὐτὸ
1761 1803 1830 1838 πρὸς

1043 1847 1099 1878 τοῖς
1113 1846 1216 1878 λοιποῖς
1235 1847 1285 1882 τῆς
1302 1847 1468 1879 ἀποστασίας
1485 1848 1638 1883 πράγμασι,
1655 1849 1701 1875 καὶ
1715 1848 1829 1884 δυνησό-

1045 1892 1115 1927 μεθα
1137 1892 1183 1918 ἐπὶ
1203 1893 1234 1919 τὸ
1258 1893 1323 1919 αὐτὸ
1339 1892 1478 1925 εὔξασθαι.
1503 1893 1562 1927 Ἀρ.
1579 1890 1670 1919 εἶπεν
1703 1892 1763 1919 Ἐὰν
1789 1895 1828 1928 μή

1046 1946 1090 1972 μοι
1128 1938 1235 1973 φράσῃς
1273 1938 1529 1974 ἀκραιφνεστάτως,
1565 1938 1595 1964 οὐ
1630 1938 1828 1973 συνεπίσταμαι

1043 1982 1155 2017 ἐμαυτῷ
1178 1982 1249 2018 ἔχειν
1274 1992 1300 2009 ’τι
1320 1983 1369 2017 τῆς
1393 1982 1540 2018 μανιώδους
1556 1983 1687 2019 αἱρέσεως
1710 1983 1826 2019 ἐκείνης.

1050 2029 1111 2056 Ἀθ.
1129 2026 1207 2055 εῐπε’
1229 2029 1284 2065 Τὴν
1307 2029 1354 2055 τοῦ
1379 2030 1546 2065 καλουμένου
1571 2030 1670 2065 κλήρου
1687 2029 1764 2062 ἀξίαν
1778 2030 1828 2066 τὴν

1044 2075 1113 2112 πρὸς
1127 2075 1177 2110 τῆς
1189 2075 1321 2110 αἱρέσεως
1334 2075 1478 2111 δεδομένην
1494 2084 1535 2102 σοι
1548 2076 1578 2102 οὐ
1595 2076 1668 2102 δοκεῖ
1683 2085 1722 2103 σοι
1735 2077 1828 2111 μόριον

1043 2120 1112 2148 εἶναι
1128 2122 1177 2157 τῆς
1192 2122 1310 2157 ἀπάτης,
1325 2121 1423 2155 ἔξωθεν
1446 2122 1495 2157 μὲν
1511 2122 1649 2149 δεικνύντα
1670 2123 1761 2158 σχῆμα
1781 2123 1828 2148 εὑ-

1044 2167 1160 2199 σεϐείας,
1170 2167 1269 2194 ἔσωθεν
1277 2167 1305 2193 δὲ
1314 2169 1411 2202 μεστὸν
1421 2168 1586 2203 τυγχάνοντα
1598 2168 1751 2204 δυσφημίας
1760 2168 1826 2203 (25),

1045 2214 1083 2245 ὡς
1105 2212 1174 2241 εἶναι
1196 2213 1242 2241 τὸν
1259 2213 1400 2249 ἄνθρωπον
1421 2214 1534 2250 δργανον
1556 2215 1709 2250 πνεύματος
1730 2215 1826 2248 γίγαν-

1045 2259 1132 2286 τιαίου
1158 2260 1225 2295 πρὸς
1251 2259 1399 2295 θεομαχίαν
1422 2261 1455 2296 τῇ
1478 2260 1613 2296 ἱεροσυλίᾳ
1631 2260 1824 2295 ἓτοιμον;Ἀρ.

1045 2304 1138 2334 εἶπενι
1163 2307 1300 2342 Ὁμολογῶ
1322 2316 1362 2334 σοι
1383 2307 1429 2334 ἐπὶ
1446 2306 1492 2333 τοῦ
1509 2307 1650 2342 παρόντος,
1668 2307 1698 2333 οὺ
1720 2315 1828 2333 συνεπιο

1044 2355 1134 2381 δίδωσί
1160 2364 1210 2390 μου
1235 2356 1251 2390 ἡ
1274 2355 1356 2391 ψυχὴ,
1383 2356 1407 2381 εί
1431 2355 1468 2390 μὴ
1484 2355 1537 2391 ἄρα
1554 2356 1600 2382 καὶ
1613 2356 1637 2382 εί
1653 2355 1746 2390 σκέψει
1771 2355 1828 2390 (ει)

1043 2401 1199 2433 ὲξώσωνκαὶ
1219 2401 1319 2437 ταύτην
1342 2401 1390 2436 τὴν
1406 2402 1550 2437 τυραννίδα
1565 2402 1613 2436 τῆς
1629 2400 1780 2433 κενοδοξίας
1796 2402 1828 2428 ὲκ

1044 2447 1094 2482 τῆς
1116 2447 1206 2482 ψυχῆς
1224 2456 1284 2483 μου.
1307 2449 1361 2476 Ἀθ.
1380 2446 1472 2475 εἶπεν·
1489 2449 1521 2475 Et
1553 2445 1599 2474 οὖν
1627 2448 1657 2474 οὐ
1691 2455 1828 2480 συγκατα-

1044 2493 1149 2521 Ιτίθεται
1172 2494 1206 2520 τὰ
1220 2494 1291 2530 μέρη
1305 2495 1353 2530 τῆς
1366 2494 1470 2530 πλάνης
1487 2495 1527 2526 είς
1550 2495 1599 2530 τὴν
1625 2494 1735 2529 ἀρετὴν,
1759 2493 1827 2520 πολῦ

1045 2540 1144 2575 μᾶλλον
1162 2542 1193 2568 οὺ
1215 2541 1354 2577 συντρέχει
1370 2542 1404 2569 τά
1430 2541 1499 2578 μέρη
1516 2541 1564 2577 τῆς
1587 2542 1687 2576 ἀρετῆς
1710 2540 1757 2567 καλ⁴
1777 2540 1828 2576 τῆς

1080 2696 1135 2730 (21)
1153 2695 1202 2722 Hic
1213 2694 1366 2730 addendum
1384 2693 1491 2721 videtur
1507 2694 1554 2729 μή.

1080 2729 1136 2764 (22)
1152 2730 1217 2765 Reg.
1232 2729 1263 2756 τὸ
1282 2729 1392 2764 ἔνδυμα.

1081 2767 1137 2801 (25)
1152 2764 1219 2800 Reg.
1231 2765 1260 2792 δὲ
1273 2765 1394 2801 γέμοντα
1401 2764 1568 2801 δυσφημίας.

1077 2797 1133 2837 (2ιὶ
1148 2797 1218 2836 Αυὲ.
1233 2801 1260 2837 εί
1275 2797 1373 2837 mea,
1386 2797 1505 2837 Moxjﬂv
1520 2805 1581 2837 ante
1592 2797 1734 2833 τυραννίδα
1749 2797 1824 2826 deest

1043 2838 1070 2865 in
1082 2834 1177 2870 editis,
1193 2834 1241 2865 Sed
1255 2834 1354 2871 legitur
1368 2834 1394 2862 in
1409 2834 1572 2870 quibusdam
1590 2841 1655 2861 mss.
