1929 3056
188 106 241 136 507

189 171 262 199 facta
273 175 347 205 sunt,
362 175 389 198 et
407 172 467 199 sine
488 171 548 208 ipso
566 171 667 199 factum
685 175 727 200 est
739 172 807 199 nihil
821 173 842 198 ⁸.
860 183 869 198 ι
890 171 919 199 Si
933 179 980 207 per
995 175 1017 201 Δ

189 217 278 252 ipsum
301 218 393 245 omnia
419 217 491 244 facta
516 223 603 245 sunt:
621 225 686 253 ergo
702 219 760 253 ipse
775 223 818 246 est
839 223 917 246 extra
940 227 984 247 res

189 271 251 299 quae
273 263 351 291 facta:
373 267 448 297 sunt,
474 264 708 300 manifestumque
721 269 774 297 est.
791 265 881 300 ipsum
893 266 920 293 in
931 266 983 293 Pa-

189 314 230 336 tre
249 317 358 344 semper
373 309 470 337 fuisse.
495 309 588 338 Miseri
607 309 693 338 Judaei
712 312 776 338 novi
793 312 982 345 Ariomanitae,

189 357 234 391 qui
248 364 336 391 neque
353 360 426 384 recte
438 357 540 392 legunt,
557 365 646 392 neque
660 362 790 385 accurate
805 363 984 394 perscrutan—

190 407 245 434 tur,
275 403 347 438 quod
375 404 637 431 caecatos-habeant
662 404 761 432 mentis
787 405 903 438 oculos,
931 405 983 432 rati

189 448 312 476 omnium
337 454 491 478 creatorem
513 454 540 478 et
565 451 700 485 opiﬁcem,
727 459 789 479 esse
813 455 980 478 creaturam.

188 495 288 523 Audite
313 495 380 522 illud
398 497 489 531 magni
508 497 684 532 evangelista:
701 505 708 523 τ
734 505 743 522 ‹
767 496 797 524 In
812 497 956 532 principio.
970 506 979 522 ι

189 541 212 569 0
227 541 330 569 Christi
348 543 459 570 inimice
473 543 584 575 Ariane,
602 543 626 570 si
648 543 763 570 dixisset
779 551 785 569 ε
802 542 831 569 ln
848 543 982 579 principio

190 588 291 615 factum
310 593 364 620 est.
385 597 447 616 cum
463 589 576 616 obtentu
592 589 712 625 quodam
734 590 841 618 diceres
860 600 866 616 2
891 590 982 617 Evan-

191 635 288 670 gelista
302 635 382 668 dixit,
409 636 437 662 In
451 635 586 671 principio
599 635 700 663 factum
715 640 766 664 est.
781 636 816 663 At
827 644 889 663 cum
904 636 982 663 dixe-

190 682 225 707 rit
246 690 252 708 :
278 689 287 706 ‹
318 680 347 708 In
374 681 509 716 principio
534 685 603 714 erat,
634 691 642 707 ι
662 690 753 717 quaere
773 682 929 717 diligenter,
953 684 981 709 et

189 727 377 762 deprehendes
404 728 547 755 veritatem
564 737 571 755 :
590 728 654 755 hinc
669 729 812 756 sciscitare
830 737 863 756 ex
881 736 981 764 magno

190 773 356 808 evangelista
381 773 425 800 his
443 773 554 800 verbis:
580 772 602 800 Ο
627 773 804 809 evangelista,
834 773 880 801 dic
900 774 980 801 nobis

190 819 262 854 quod
278 827 346 855 opus
370 821 498 855 principii
522 824 549 848 et
574 820 631 848 veri
649 820 695 848 Dei
721 820 803 848 Verbi
820 829 826 846 :
844 821 979 856 siquidem

190 865 292 893 Christi
320 866 471 894 adversarii
496 867 606 899 Ariani,
630 867 801 894 arbitrantur
820 855 978 895 Creatorem
995 855 1016 882 ³

190 912 312 938 omniurn
335 920 396 940 esse
412 917 586 946 creaturam;
604 915 696 941 statim
723 915 898 949 respondebit
919 922 978 942 ma-

190 965 261 992 gnus
274 957 319 984 ille
333 958 499 993 evangelista
516 967 522 985 :
539 959 608 995 Lege
621 960 724 988 conditi
737 961 830 988 mundi
846 961 978 996 originem

191 1003 220 1031 iu
242 1002 353 1036 Genesi,
382 1013 443 1040 qua
466 1006 507 1032 sic
532 1006 613 1033 habet
643 1016 649 1033 :
676 1015 686 1031 ε
709 1006 738 1033 ln
756 1007 891 1042 principio
916 1007 981 1036 fecit

190 1048 263 1078 Deus
276 1051 374 1078 ctelum
398 1055 425 1078 et
439 1055 541 1079 terram
555 1052 575 1079 '.
593 1061 601 1078 ι
618 1052 677 1079 Sint
691 1052 783 1088 itaque
798 1061 830 1080 ea
846 1061 906 1088 qua:
925 1062 979 1081 non

190 1099 265 1127 sunt,
281 1099 311 1122 ut
327 1095 382 1122 sint
395 1103 427 1123 ea
435 1103 496 1130 qua;
507 1095 597 1123 futura
613 1101 687 1124 sunt.
704 1096 769 1123 Erat
781 1097 852 1125 Deus
860 1097 979 1125 Verbum

190 1140 262 1176 apud
277 1140 396 1173 Patrem,
415 1148 463 1175 per
476 1149 556 1176 quem
573 1142 665 1168 omnia
684 1141 756 1170 facta
771 1147 846 1170 sunt.
862 1142 980 1171 Pulchre

190 1186 274 1221 igitur
285 1187 452 1222 evangelista
467 1187 506 1213 ait
525 1197 531 1214 :
549 1196 559 1213 ί
579 1186 607 1214 In
619 1188 758 1223 principio
775 1192 833 1216 erat
848 1188 978 1222 Verbum,

189 1237 217 1260 et
232 1231 350 1260 Verbum
369 1236 427 1260 erat
441 1233 511 1268 apud
529 1233 625 1266 Deum,
638 1238 664 1262 et
674 1234 746 1262 Deus
759 1240 818 1263 erat
831 1234 976 1264 Verbum.)

190 1279 260 1307 Ecce
275 1280 367 1312 tertio,
383 1289 392 1305 ι
411 1284 481 1312 erat,
503 1290 512 1306 ι
536 1286 683 1315 nusquam,
700 1290 709 1307 ι
730 1289 784 1309 non
806 1287 876 1309 erat.
893 1291 902 1308 ›
921 1282 978 1309 Ma-

190 1331 261 1359 gnus
275 1332 356 1360 porro
381 1324 562 1360 archangelus
571 1325 692 1359 Gabriel,
708 1335 771 1354 cum
792 1327 827 1355 ad
844 1327 979 1355 immacu-

191 1371 273 1398 latam
293 1375 320 1398 et
340 1371 472 1399 intactam
485 1371 629 1407 Deiparam
651 1373 738 1400 diﬁt:
754 1383 764 1400 ι
783 1373 902 1409 Spiritus
917 1382 980 1402 san-

190 1422 251 1444 ctus
273 1419 447 1452 superveniet
464 1418 491 1446 in
516 1422 553 1451 te,
575 1424 602 1446 et
625 1419 712 1447 virtus
730 1419 864 1447 Altissimi
880 1420 978 1448 obum-

191 1463 282 1490 brabit
299 1464 364 1496 tibi;
383 1473 392 1490 ι
408 1472 464 1491 non
480 1464 569 1492 dixit:
588 1464 708 1500 Spiritus
716 1469 829 1494 sanctus
841 1466 886 1494 ﬁet
898 1467 926 1494 in
941 1471 978 1499 te,

191 1514 238 1537 aut
251 1510 337 1538 virtus
360 1510 492 1538 ellicietur
514 1511 541 1538 in
562 1515 606 1544 te;
622 1511 670 1539 sed
692 1520 701 1537 ί
721 1511 842 1547 Spiritus
867 1516 980 1540 sanctus

191 1556 364 1591 superveniet
389 1557 416 1584 in
441 1561 479 1589 te,
502 1562 529 1585 et
544 1543 632 1585 virtus
656 1543 791 1585 Altissimi
806 1543 1015 1585 obumbrahitc

192 1602 252 1630 tibi.
272 1612 282 1628 ›
299 1601 357 1630 Hoc
374 1603 470 1631 beatus
487 1603 634 1638 Apostolus
651 1604 694 1632 his
708 1604 799 1632 verbis
823 1604 955 1632 indicavit
971 1612 979 1632 :

194 1657 204 1674 ‹
219 1647 348 1676 Christus
364 1648 410 1676 Dei
425 1650 525 1682 virtus,
538 1653 565 1677 et
581 1649 628 1677 Dei
644 1649 778 1685 sapientia
794 1650 829 1678 ὀ.
846 1660 856 1676 ι
876 1650 929 1678 Sed
947 1650 981 1678 ad

191 1693 250 1722 hac
265 1695 337 1722 dicet
363 1695 550 1722 Ariomanita:
570 1694 663 1728 Quare
679 1695 762 1731 igitur
786 1695 981 1724 Parmmiastes

192 1739 250 1767 ait:
271 1749 280 1766 ‹
297 1739 429 1768 Dominus
441 1741 544 1768 creavit
560 1749 603 1768 me
620 1741 726 1768 initium
744 1741 850 1768 viarum
868 1749 979 1769 suarum

191 1786 219 1813 iu
241 1793 326 1821 opera
349 1794 399 1813 sua
421 1787 465 1813 “?
489 1797 497 1813 ι
516 1786 538 1813 0
561 1787 737 1822 impiissimel
763 1795 854 1814 annon
880 1787 981 1815 audisti

191 1830 318 1864 angelum
335 1830 440 1865 Virgini
455 1831 591 1859 dicentem
609 1841 616 1858 :
634 1841 643 1857 ‹
663 1831 740 1864 Quod
755 1832 880 1859 nascitur
893 1840 927 1860 ex
942 1836 979 1864 te,

193 1874 323 1902 Sanctum
338 1877 500 1904 vocabitur?
513 1887 522 1903 ι
538 1877 621 1905 Vides
631 1878 705 1913 quod
719 1878 753 1906 de
768 1878 877 1914 negotio
888 1878 980 1905 incar-

192 1922 312 1950 nationis
323 1923 406 1950 verba
422 1923 514 1951 faciat.
528 1923 597 1951 Cum
609 1929 698 1952 autem
715 1925 896 1952 inveteratum
908 1928 982 1952 esset

192 1976 240 1996 sex
254 1968 361 1995 dierum
383 1976 463 2003 opus.
488 1970 516 1996 in
534 1970 760 2005 praevaricatione
781 1971 866 2006 patris
886 1977 982 2006 prosa-

191 2014 243 2048 piae
262 2019 363 2042 nostrae
379 2015 487 2047 Adami.
511 2016 538 2043 in
559 2020 729 2051 mortemque
746 2017 886 2052 delapsum
908 2021 981 2045 esset

191 2065 315 2088 nostrum
332 2070 430 2097 genus,
455 2062 560 2098 placuit
590 2062 646 2090 Deo
663 2063 695 2090 ad
712 2071 762 2091 nos
784 2064 893 2092 mittere
916 2072 981 2100 pro-

191 2107 281 2142 prium
297 2107 396 2135 Filium
416 2108 501 2136 Deum
525 2108 647 2137 Verbum
670 2113 752 2145 atque
767 2118 919 2143 assumere.
939 2111 980 2138 uti

191 2161 274 2189 supra
287 2154 357 2187 dixi,
373 2162 407 2182 ex
431 2155 535 2183 intacta
552 2154 665 2190 Virgine
689 2156 831 2191 templum,
852 2156 904 2184 hoc
926 2161 978 2189 est,

228 2236 240 2252 '
254 2235 334 2264 Joan.
356 2243 381 2269 ι,
399 2237 458 2264 1-5.

741 111 769 139 S.
790 110 1024 156 ATIlAiVASIUS.

1045 126 1079 132 —
1101 112 1238 140 SPURIA.
1773 111 1839 139 508

1031 171 1106 199 Θεὸν.
1125 173 1217 200 Πάντα
1230 173 1255 200 δι
1264 173 1270 182 ⁵
1286 173 1368 200 αὐτοῦ
1380 172 1497 207 ἐγένετο,
1513 172 1559 200 καὶ
1573 171 1657 208 χωρὶς
1673 171 1759 199 αὑτοῦ
1769 173 1841 206 ὲγε-

1035 228 1095 246 νετο
1111 219 1172 246 οὐδὲ
1185 220 1223 247 ἓν.
1247 230 1255 245 ι
1269 220 1299 246 Εἰ
1316 220 1349 246 δι’
1360 219 1443 247 αὑτοῦ
1461 220 1549 247 πάντα
1565 220 1687 253 γέγονεν,
1702 219 1757 255 ἄρα
1783 220 1840 246 ὲκ·

1033 265 1079 297 τός
1094 266 1151 292 ἐστι
1161 265 1215 292 τῶν
1227 266 1359 302 γενητῶν,
1375 266 1422 292 καὶ
1435 266 1551 301 φανερόν
1569 266 1653 297 ἐστιν,
1670 266 1711 291 ὅτι
1734 266 1763 291 ὲν
1791 264 1838 300 τῷ

1034 312 1122 348 Πατρῖ
1131 310 1164 347 ἦν
1179 312 1305 339 πάντοτε.
1316 312 1435 344 Τὰλανες
1447 312 1472 338 οἱ
1489 312 1609 338 Ἰουδαῖοι
1618 312 1672 338 νέοι
1685 313 1710 338 oi.
1726 312 1838 347 Ἀρειο-

1036 360 1154 394 μανῖται,
1186 360 1210 385 ot
1238 359 1274 394 μὴ
1297 359 1384 394 ὀρθῶς
1412 359 1582 393 ἀναγνόντες,
1612 358 1674 395 μηδ’
1703 359 1834 394 ἀκριϐῶς

1035 406 1232 442 ἐρευνήσαντες
1246 406 1362 440 τυφλοὺς
1380 406 1486 441 ἔχοντες
1501 407 1564 438 τοὺς
1581 405 1631 440 τῆς
1641 405 1759 437 διανοίας
1777 407 1835 440 ὀφ-

1034 452 1170 488 θαλμοὺς,
1193 452 1348 487 νομίζοντες
1373 451 1418 478 τὸν
1448 452 1558 487 κτίστην
1584 452 1631 479 καὶ
1661 452 1833 488 δημιουργὸν

1032 497 1087 524 τῶν
1095 497 1163 523 ὅλων
1181 496 1283 531 κτίσμα
1293 494 1370 522 εἶναι.
1393 496 1538 522 Ἀκούσατε
1563 495 1611 522 τοῦ
1629 495 1684 531 (47)
1704 495 1832 530 μεγάλου

1034 543 1228 577 εὐαγγελιστοῦ
1243 543 1298 574 τὸ,‹
1311 543 1354 569 Ἐν
1363 543 1444 578 ἀρχῇ.
1459 552 1467 567 ι
1476 539 1509 568 *Ω
1517 540 1832 577 χριστομάχεἈρειανὲ,

1032 591 1056 617 εἰ
1070 587 1102 625 ἦν
1114 589 1209 620 εἰπὼν,
1225 590 1264 616 ὅτι
1288 589 1331 615 Ἐν
1348 589 1419 623 ἀρχῇ
1436 580 1646 622 γέγονενῖῗίχες
1668 586 1700 613 ἂν
1725 586 1832 621 χρῶμα

1032 636 1132 671 λέγειν,
1146 636 1187 662 ὅτι
1207 635 1273 662 Ἰδοὺ
1299 637 1313 662 6
1339 633 1534 669 εὐαγγελιστὴς
1559 631 1654 659 εἶπεν·
1680 633 1724 659 Ἐν
1751 633 1830 667 ἀρχῇ

1031 684 1154 717 γέγονεν.
1173 683 1204 709 Ei
1220 682 1247 708 δὲ
1261 679 1352 708 εἶπεν·
1375 691 1384 707 ι
1405 681 1450 707 Ἐν
1464 681 1534 716 ἀρχῇ
1552 680 1607 715 (48)
1621 677 1665 715 ἦν,
1685 680 1831 716 »ζήτησον

1031 728 1163 764 ἀκριὸὦς,
1181 729 1228 754 καὶ
1256 728 1385 763 εὑρήσεις
1410 727 1458 762 τὴν
1491 727 1634 763 ἀλήθειαν·
1662 725 1756 752 ἔπειτα
1782 727 1833 753 ἐπ-

1031 773 1170 809 ερώτησον
1178 774 1224 800 τὸν
1239 773 1326 809 μέγαν
1338 772 1534 808 εὐαγγελιστὴν
1545 772 1631 806 λέγων
1640 773 1707 808 πρὸς
1721 773 1807 800 αὐτόν
1821 782 1828 788 -

1030 818 1065 846 Ὤ
1076 819 1267 854 εὖαγγελιστὰ,
1279 820 1340 846 είπὲ
1355 820 1420 855 ἡμῖν
1433 819 1482 855 τὴν
1497 819 1687 854 πραγματείαν
1704 821 1754 854 τῆς
1774 820 1829 854 ἀρ-

1031 865 1091 900 χῆς,
1110 864 1215 891 καὶτοῦ
1226 865 1302 896 ὄντος
1315 864 1382 893 Θεοῦ
1399 864 1486 898 Λόγου
1501 864 1567 899 (49)·
1588 864 1629 890 ὅτι
1645 863 1829 899 χριστομάχοι

1038 911 1172 947 Ἀρειανοὶ
1188 910 1328 946 νομίζουσι
1348 910 1451 946 κτίσμα
1471 908 1541 936 εἶναι
1562 909 1607 936 τὸν
1630 910 1742 945 κτίστην
1768 910 1829 936 τῶν

1031 958 1099 984 ὅλων
1108 967 1115 973 '
1128 957 1228 989 εὐθέως
1242 957 1313 989 λέξει
1327 965 1367 983 σοι
1379 958 1393 983 6
1410 957 1497 992 μέγας
1514 956 1708 992 εὐαγγελιστής
1719 965 1725 971 ·
1746 956 1829 984 Ἀνά-

1031 1004 1116 1039 γνωθι
1135 1004 1185 1038 τῆς
1200 1003 1378 1039 κοσμοποιίας
1401 1002 1450 1037 τὴν
1477 1002 1597 1034 Γένεσιν,
1633 1002 1703 1029 οὕτω
1729 1002 1829 1037 λέγου-

1033 1059 1095 1077 σαν·
1114 1060 1123 1076 ‹
1147 1051 1192 1077 Ἐν
1209 1050 1279 1085 ἀρχῇ
1302 1049 1429 1084 εποίησεν
1444 1049 1458 1075 6
1482 1048 1549 1080 Θεὸς
1572 1048 1617 1075 τὸν
1637 1048 1751 1084 οὐρανὸν
1777 1048 1828 1075 καὶ

1030 1095 1080 1130 τὴν
1095 1095 1157 1129 γῆν.
1172 1104 1181 1120 ›
1197 1095 1287 1121 Ἔστω
1301 1095 1390 1121 τοίνυν
1404 1094 1438 1121 τὰ
1451 1094 1487 1130 μὴ
1495 1094 1559 1121 ὄντα
1574 1095 1614 1126 εἰς
1626 1094 1657 1121 τὸ
1677 1092 1746 1121 εἶναι
1759 1114 1766 1126 ,
1784 1095 1828 1126 είς

1030 1141 1065 1167 τὰ
1074 1141 1204 1176 μέλλοντα
1211 1140 1329 1168 ἔσεσθαι.
1341 1138 1413 1168 τΗνό
1428 1140 1494 1172 Θεὸς
1506 1140 1591 1175 Λόγος
1606 1141 1673 1176 πρὸς
1681 1141 1726 1167 τὸν
1738 1140 1825 1168 Πατέ-

1033 1196 1078 1222 ρα,
1093 1187 1126 1214 δι’
1138 1184 1168 1214 οὗ
1184 1187 1218 1214 τὰ
1230 1187 1318 1214 πάντα
1330 1187 1455 1222 γέγονεν.
1475 1187 1580 1214 Οὐκοῦν
1593 1187 1683 1219 καλῶς
1706 1188 1720 1213 6
1743 1186 1827 1220 εὐαγ-

1031 1233 1158 1269 γελιστὴς
1175 1233 1249 1268 λέγει
1274 1234 1340 1269 (50)·
1363 1243 1372 1259 ‹
1391 1233 1435 1259 Ἐν
1452 1227 1524 1269 ἀρχῇ
1543 1231 1576 1268 ἦν
1599 1234 1613 1259 6
1631 1233 1727 1267 Λόγος,
1745 1232 1794 1259 καὶ
1809 1231 1826 1258 ὁ

1030 1280 1116 1314 Λόγος
1131 1277 1164 1315 ἦν
1185 1279 1252 1316 πρὸς
1278 1279 1325 1306 τὸν
1344 1279 1421 1311 Θεὸν,
1442 1279 1490 1306 καὶ
1512 1279 1579 1310 Θεὸς
1604 1276 1638 1314 ἦν
1660 1279 1674 1305 6
1694 1279 1790 1313 Λόγος.
1812 1288 1822 1304 ι

1037 1326 1103 1353 ’ἰδοὺ
1116 1326 1218 1362 τριχῶς
1233 1327 1263 1353 τὸ
1284 1335 1294 1352 ί
1309 1325 1344 1362 ἦν
1361 1326 1445 1361 (51),»
1464 1326 1583 1361 οὐδαμοῦ
1602 1325 1643 1358 τὸ,
1664 1335 1672 1351 ι
1689 1326 1737 1352 οὐκ
1749 1323 1793 1360 ἦν.
1811 1335 1822 1352 ι

1030 1373 1087 1399 Καὶ
1115 1374 1128 1399 6
1157 1372 1244 1408 μέγας
1260 1373 1431 1409 ἀρχάγγελος
1457 1372 1588 1409 Γαϐριὴλ,
1609 1373 1653 1399 ὅτε
1680 1372 1748 1408 πρὸς
1773 1372 1826 1408 τὴν

1030 1418 1163 1454 ἄχραντον
1176 1419 1222 1446 καὶ
1235 1419 1420 1455 ἁπειρόγαμον
1429 1418 1558 1445 Θεοτόκον
1572 1418 1648 1452 ἔλεγε
1660 1426 1666 1433 ·
1684 1427 1696 1443 η(
1710 1417 1824 1453 Πνεῦμα

1030 1465 1106 1499 ἅγιον
1121 1465 1299 1492 ἐπελεύσεται·
1312 1465 1358 1491 ἐπὶ
1369 1465 1410 1497 σὲ,
1430 1465 1477 1492 καὶ
1494 1464 1609 1499 δύναμις
1623 1463 1751 1498 Ὑψίστου
1764 1464 1825 1490 ἐπι-

1032 1512 1139 1539 σκιάσει
1155 1519 1206 1544 σοι,
1225 1521 1234 1537 ι
1250 1512 1300 1538 οὐκ
1313 1509 1387 1538 εἶπεν
1407 1511 1474 1546 (52),
1485 1511 1526 1538 ὅτι
1543 1510 1656 1545 Πνεῦμα
1671 1509 1717 1536 ἐπὶ
1735 1510 1764 1536 σὲ
1777 1518 1824 1544 γε·

1032 1559 1155 1593 νήσεται,
1165 1558 1181 1594 ἢ
1192 1558 1306 1593 δύναμις
1321 1557 1499 1593 ποιηθήσεται
1508 1557 1553 1583 ἐπὶ
1566 1557 1605 1588 σὲ,
1622 1556 1702 1589 ἀλλὰ,
1715 1566 1723 1581 ι
1738 1556 1824 1582 Πνεῦ-

1035 1613 1073 1640 μα
1090 1606 1167 1639 ἆγιον
1180 1603 1355 1631 ἐπελεύσεται
1375 1603 1422 1630 ἐπὶ
1440 1604 1481 1634 σὲ,
1499 1604 1546 1630 καὶ
1559 1603 1675 1638 δύναμις
1695 1602 1824 1637 Ὑψίστου

1032 1651 1187 1678 ἐπισκιάσει
1207 1658 1259 1677 σοι.
1278 1659 1288 1675 ι
1305 1649 1390 1676 Τοῦτο
1407 1649 1454 1676 καὶ
1476 1651 1490 1676 6
1515 1649 1650 1684 μακάριος
1664 1648 1824 1680 Ἀπόστολος

1033 1696 1151 1732 ἐδήλωσε
1166 1696 1266 1730 λέγων’
1288 1704 1297 1721 ι
1312 1695 1428 1731 Χριστὸς
1445 1694 1512 1721 Θεοῦ
1532 1694 1657 1729 δύναμις,
1684 1694 1730 1721 καὶ
1755 1693 1822 1721 Θεοῦ

1034 1741 1124 1776 σοφία.
1150 1751 1159 1767 ι
1187 1741 1257 1768 Ἀλλ’
1283 1743 1341 1777 ἐρεῖ
1367 1741 1436 1776 πρὸς
1461 1740 1545 1767 ταῦτα
1571 1741 1585 1767 6
1607 1739 1822 1776 Ἀρειομανίτης,

1033 1789 1074 1815 ὅτι
1089 1788 1151 1820 Πῶς
1167 1789 1240 1822 λέγει
1270 1789 1283 1814 6
1307 1787 1515 1824 Παροιμιαστὴς
1535 1786 1606 1820 (53),
1626 1786 1665 1812 ὅτι
1683 1795 1692 1810 ‹
1721 1786 1823 1821 Κύριος

1033 1835 1124 1862 ἑκτισέ
1141 1843 1174 1870 με
1202 1834 1288 1870 ἀρχὴν
1313 1833 1380 1860 ὁδῶν
1404 1831 1487 1859 αὐτοῦ
1505 1833 1544 1863 εἰς
1567 1831 1635 1867 ἔργα
1655 1832 1747 1859 αὑτοῦ.
1765 1841 1774 1858 ι
1787 1829 1823 1858 Ὦ

1032 1880 1205 1914 ὰσεΰέστατε,
1223 1881 1273 1907 οὐκ
1295 1880 1415 1915 ἤκουσας
1439 1878 1487 1905 τοῦ
1514 1878 1683 1915 ἀρχαγγέλου
1699 1878 1754 1914 (Si)
1776 1878 1822 1904 λέ-

1032 1935 1126 1962 γοντος
1141 1928 1175 1962 τῇ
1195 1926 1325 1962 Παρθένῳ
1336 1934 1342 1941 -
1359 1935 1369 1951 ε
1386 1925 1423 1951 Τὸ
1431 1924 1598 1960 γεννώμενον
1615 1925 1646 1951 ἐκ
1661 1924 1708 1951 σοῦ
1727 1924 1822 1958 Ἃγιον

1034 1973 1201 2009 κληθήσεται
1216 1981 1223 2005 ς
1244 1982 1252 1998 ›
1264 1972 1358 2008 Ὀρᾷς,
1376 1972 1417 1998 ὅτι
1429 1971 1492 2007 περὶ
1504 1972 1553 2006 τῆς
1568 1969 1757 2007 πραγματείας
1772 1970 1821 2005 τῆς

1032 2019 1265 2055 ἐνανθρωπήσεως
1284 2018 1387 2052 ἔλεγεν.
1412 2017 1522 2053 Ἐπειδὴ
1542 2017 1570 2043 δὲ
1593 2016 1780 2043 πεπαλαίωται
1803 2016 1819 2051 ἡ

1033 2065 1185 2100 ἐξαήμερος
1202 2065 1218 2099 ἡ
1237 2063 1389 2094 παλαίωσις
1411 2062 1440 2088 ἐν
1459 2063 1491 2098 τῇ
1518 2061 1673 2097 παραὸἀσει
1696 2061 1751 2096 (55)
1774 2061 1819 2088 τοῦ

1033 2110 1137 2146 πατρὸς
1150 2109 1196 2136 τοῦ
1210 2110 1305 2143 γένους
1317 2108 1396 2144 ἡμῶν
1416 2107 1512 2142 Ἀδὰμ,
1524 2107 1571 2134 καὶ
1587 2107 1627 2138 εἰς
1641 2107 1754 2134 Θάνατον
1773 2115 1820 2133 κα-

1034 2155 1210 2184 ταπεπτώκει
1223 2155 1254 2182 τὸ
1277 2155 1356 2190 γένος
1371 2153 1451 2190 ἡμῶν
1471 2153 1538 2188 (56),
1554 2153 1699 2188 εὐδόκησεν
1718 2153 1732 2179 6
1756 2152 1820 2184 Θεὸς

494 2237 505 2252 ⁹
526 2236 655 2270 Genesi,
676 2238 701 2265 l.
742 2238 762 2253 '°
782 2236 792 2264 l
809 2237 874 2265 Cor.
894 2246 919 2271 ι,
936 2238 972 2266 24
1022 2239 1041 2255 “
1065 2238 1147 2266 Prov.
1166 2246 1227 2270 vm,
1245 2237 1290 2264 ‘22.

227 2315 410 2352 (67)7Seg.uer.
441 2315 607 2352 ἀκούσαντες
631 2315 694 2352 τοῦ,
709 2318 775 2352 _ctc.
814 2315 924 2352 Qobler.
953 2319 980 2343 et

1067 2317 1124 2352 (5'2)
1142 2316 1180 2352 Ita
1196 2316 1310 2352 Seguer.
1334 2315 1363 2342 In
1388 2315 1469 2343 editis
1484 2314 1646 2352 vero._haec,
1667 2313 1717 2352 oipg
1736 2310 1818 2352 εἶπεν,

190 2352 263 2379 Felc.
279 2348 463 2382 i,‘K§toﬁca1:—:
473 2351 520 2386 τοῦ
528 2350 733 2384 εὐαγγελιστοῦ.
749 2351 781 2377 Εἰ
800 2348 847 2377 οὖν
860 2350 923 2386 ἔφη,
938 2351 979 2378 ὃτι

197 2389 240 2414 Ἐν
259 2387 331 2422 ἀρχῇ
355 2387 476 2420 γέγονεν,
493 2384 672 2422 εῐχεςψλόγον,
692 2386 737 2422 ὅτι
749 2387 763 2412 6
784 2384 980 2422 εραγγελίστὴς

191 2423 241 2458 ἔφη
252 2430 259 2436 ·
281 2421 329 2458 Ἐν
341 2423 413 2457 ἀρχῇ
427 2421 548 2456 γέγονεν.
564 2421 597 2448 Εἰ
614 2421 641 2448 δὲ
652 2421 714 2457 ἔφη,
731 2421 772 2448 ὅτι
788 2421 832 2448 Ἐν
843 2422 913 2457 ἀρχῇ
923 2421 978 2456 ίγέ-

190 2457 263 2493 γονε.
277 2457 404 2519 Catinam.
665 2492 671 2500 Ι
858 2492 864 2500 ⁷

180 2513 181 2516 η
227 2492 283 2538 με)
321 2493 407 2520 obler.
432 2496 460 2520 et
482 2491 555 2538 Felc.
582 2493 608 2525 1,
624 2493 760 2554 ὲεωτῃσον
782 2491 827 2518 τὸν
839 2491 978 2526 ευαγγελι-

192 2537 267 2554 στην.
282 2529 330 2554 καὶ
343 2527 414 2554 λέξει
434 2537 491 2554 σοι·
524 2528 637 2554 Ανόιγνω
658 2536 726 2554 ιττις
741 2527 920 2554 κοσμοποιίας
929 2527 978 2554 τὴν

192 2527 267 2564 στῆν,
282 2529 330 2555 καὶ
343 2527 414 2562 λέξει
434 2537 491 2555 σοι·
515 2527 665 2564 Ἀνάγνωοι
676 2527 726 2563 τῆς
741 2527 920 2562 κοσμοποιίας
929 2527 980 2562 τὴν

192 2564 310 2595 Γένεσιν,
319 2564 366 2591 καὶ
379 2563 479 2595 εὐθέως
487 2563 558 2596 λέξει
569 2563 636 2597 πρὸς
651 2563 680 2590 σέ
688 2572 695 2579 ·
710 2563 753 2589 Ἑν
764 2563 834 2597 ἀρχῇ
844 2562 981 2597 ἐποίησεν.

191 2564 210 2591 Γ
213 2564 310 2595 ένεσιν,
319 2564 366 2591 καὶ
379 2564 479 2595 εὐθέως
487 2564 558 2596 λέξει
569 2564 636 2625 πὲὸς
651 2564 680 2590 σέ
688 2572 695 2579 ·
710 2564 753 2589 Ἑν
764 2564 834 2597 ἀρχῇ
844 2564 981 2597 εποίησεν.

228 2599 284 2634 (49)
299 2600 338 2626 lta
361 2598 472 2634 Segret
487 2598 570 2627 Basil.
608 2599 659 2625 diti
675 2605 751 2629 vero.
766 2598 813 2624 καὶ
831 2597 877 2634 τὸν
897 2598 982 2629 ὅντως

191 2632 258 2662 Θεοῦ
272 2635 367 2670 Λόγον.
392 2633 464 2670 Infra
480 2634 541 2670 Seg.
560 2633 633 2668 λέξει
651 2634 719 2670 πρὸς
737 2632 909 2670 σεο-μέγας,
926 2637 979 2660 etc.

228 2669 282 2705 (50)
299 2665 378 2697 Gobl.
401 2673 428 2697 et
445 2665 531 2698 Felc.‘
542 2665 659 2705 primus,
675 2665 709 2695 δι’
722 2665 753 2695 οὗ
775 2665 863 2695 πάντα
874 2668 979 2703 γέγονε.

191 2704 290 2737 Καλῶς
304 2706 318 2732 6
331 2705 429 2739 εὑαγγ.

227 2740 286 2781 (5η
297 2737 506 2781 δςευθὶλπαντὶ
517 2740 552 2781 το
563 2738 610 2781 ἣνζ
620 2739 731 2781 Gobier;
746 2742 774 2767 et
788 2737 862 2781 Felc..
878 2738 905 2781 _l,
920 2747 979 2781 τρι-

192 2773 248 2815 χῷς
262 2776 293 2802 τὸ
314 2773 360 2816 ᾖν,
380 2773 638 2816 ξιαὶᾼοὺόαμῶςᾲτὸι
647 2776 702 2816 οὐδε
717 2773 761 2810 ἦν,
785 2774 833 2816 ξαί
872 2773 978 2816 ἀρχαγ-

193 2808 271 2844 γελος
283 2808 412 2847 πρὸςντὴν
426 2808 556 2839 Θεοτόιὼν
568 2810 680 2839 Πνεῦμα
690 2808 777 2845 ἆγὶον.
793 2808 899 2838 Ibidem
915 2809 977 2845 Seg.

191 2845 322 2874 Θεοτόκον
337 2847 474 2884 Παρθένον
483 2847 559 2882 ἔλεγε
572 2847 621 2874 Πν.

1032 2348 1120 2387 usque
1137 2348 1350 2393 ati.-é_ﬁt—O’Xtd5€':
1363 2359 1404 2377 σοι
1419 2358 1546 2393 sequens,
1558 2349 1668 2393 desunt,
1685 2348 1718 2393 ἃς
1731 2349 1819 2393 ὁμοιρν

1030 2383 1257 2422 cék'aurovaMox,
1279 2387 1412 2422 μακάριος
1433 2383 1496 2412 ante
1517 2383 1675 2415 ’Λπόστολος
1700 2383 1776 2410 deest
1794 2384 1820 2411 in

1032 2423 1111 2450 Gobl.
1125 2426 1152 2450 et
1164 2421 1237 2449 Felc.
1255 2422 1280 2448 l.

1067 2458 1123 2492 (53)
1143 2457 1253 2485 Gublcr.
1269 2461 1295 2484 et
1308 2455 1382 2484 Felc.
1395 2456 1510 2491 primus,
1525 2457 1540 2482 6
1560 2455 1707 2492 ‘Apstavbg,
1720 2453 1768 2481 καὶ
1785 2454 1818 2486 ὡς

1029 2494 1044 2520 6
1061 2494 1103 2519 lla
1122 2501 1146 2519 οι
1173 2512 1179 2519 .

1069 2502 1125 2560 (sio)
1143 2501 1254 2555 ἔθυιεν.
1267 2530 1294 2554 ct
1311 2525 1383 2554 Felc.
1401 2526 1427 2559 1,
1440 2526 1568 2560 ἀγγέλου.

1081 2528 1113 2554 54
1143 2528 1254 2555 Gobler.
1267 2530 1294 2554 ct
1311 2528 1383 2554 Felc.
1401 2528 1427 2559 1,
1440 2528 1568 2560 ἀγγέλου.

1062 2528 1251 2606 ’ίόὄζιϐρὺιείικ
1269 2566 1298 2606 εξ
1311 2561 1383 2589 Felc.
1397 2563 1424 2606 1,
1443 2562 1519 2588 Ἐπεὶ
1537 2559 1584 2588 οὖν
1600 2560 1787 2587 πεπαλαίωται
1803 2559 1818 2595 ή

1033 2597 1205 2660 φύσιεήεῶν
1221 2598 1250 2623 ὲν
1267 2599 1301 2632 τῇ
1319 2597 1422 2632 παραὸ.

1070 2634 1142 2673 (56)-
1165 2633 1251 2673 9bi_e_r.
1269 2637 1299 2673 et
1318 2631 1392 2659 Felc.
1412 2633 1439 2664 1,
1457 2631 1736 2673 κατεπεπτώκειμενι
1747 2629 1817 2673 εὐξό-

1033 2665 1122 2711 mea;
1131 2668 1194 2711 one:
1206 2667 1269 2711 μοι
1284 2665 1751 2711 βεειιθΐ..καταξέμψαινπρῇςέημᾶς
1759 2665 1816 2711 36:4.-

1032 2700 1134 2731 Ibidem
1146 2703 1255 2731 Gobler.
1269 2707 1295 2729 et
1305 2700 1378 2730 Felc.
1393 2703 1419 2735 1,
1433 2703 1478 2729 τὸν
1492 2700 1556 2729 ἴδιον
1566 2700 1648 2729 αὐτοῦ
1663 2701 1748 2734 Λόγον
1759 2700 1817 2727 Υίδν

1033 2740 1080 2782 καὶ
1090 2739 1170 2782 Θεόνς
1185 2737 1277 2782 λαϐεῖν
1286 2738 1324 2782 βε
1332 2739 1364 2782 ἐκ
1374 2738 1423 2782 τῆς
1433 2737 1577 2782 Παρθένου

1033 2775 1128 2808 φύσιν·
1151 2773 1189 2805 ὡς
1214 2774 1260 2800 καὶ
1281 2775 1296 2800 6
1317 2771 1487 2805 Ἀπόστολός’
1507 2781 1604 2809 φησιν·
1617 2771 1779 2808 Ἐὺδόχησεν
1803 2771 1816 2797 6

1033 2810 1097 2842 Θεὸς
1113 2808 1227 2844 πέμψαι.
