1929 3056
92 147 147 175 509

593 145 710 173 SERMO
731 146 870 174 CONTRA
890 146 1006 176 ΟΜΝεὸ
1026 148 1205 177 HAZRESES.

1665 150 1717 178 5l0

92 205 164 240 πρὸς
182 205 257 239 ἡμᾶς
272 203 377 239 πέμψαι
391 203 437 230 τὸν
461 204 525 230 [δεον
542 204 606 230 rem
630 204 696 231 Θεὸν
716 205 811 240 Λόγον,
839 206 880 233 λα-

936 207 1084 234 homiuem.
1104 208 1202 243 Aitque
1214 208 1308 235 beatus
1324 208 1463 243 apostolus
1479 208 1577 235 Paulus
1591 217 1597 236 :
1611 206 1718 234 Placuit

92 250 153 276 δεῖν
165 257 206 282 τε,
219 248 311 280 καθὼς
327 251 469 284 προεῖπον,
486 250 518 276 ὲκ
540 249 590 284 τῆς
605 250 792 286 ἀπειρογάμου
807 251 880 287 Παρ-

92 295 172 323 θένου
188 295 236 320 τὸν
248 294 321 326 ναὸν,
340 294 385 321 τὸν
400 294 552 330 ἄνθρωπον.
562 295 616 321 Καὶ
627 295 700 330 λέγει
714 297 728 322 ὁ
746 296 880 331 μακάριος

935 252 989 280 Deo
1005 254 1032 280 iu
1058 255 1190 281 mundum
1216 255 1323 282 mittere
1349 255 1446 282 Filium
1463 263 1543 283 suum
1564 259 1658 281 natum
1684 262 1716 283 ex

933 299 1048 327 muliere
1066 300 1098 326 ¹¹.
1122 299 1218 333 Viden,
1232 308 1292 328 eum
1304 301 1377 336 loqui
1393 301 1425 328 de
1444 301 1650 328 incarnatione?

92 340 242 372 ἀπόστολος
256 339 376 371 Παῦλος·
401 340 552 375 Εὐδόκησεν
567 341 580 367 ό
605 341 671 373 Θεὸς
699 342 878 377 καταπέμψαι
896 343 941 370 τὸν
954 344 1017 372 Υἱὺν
1031 346 1112 372 αὑτοῦ
1126 346 1164 378 εἰς
1177 347 1222 373 τὸν
1233 346 1344 382 κόσμον,
1356 346 1523 383 γεννώμενον
1537 347 1569 373 ὲκ
1579 346 1716 381 γυναικός.

99 383 193 423 Ὁρᾷς,
205 388 245 414 ὅτι
261 388 324 423 περὶ
340 387 390 423 τῆς
404 387 636 423 ὲνανθρωπήσεώς
654 389 737 415 ἐστιν.

131 442 158 469 4.
174 443 205 469 Ei
219 443 246 469 δὲ
261 442 348 475 θέλεις
363 443 477 470 ἀκοῦσαι
500 445 565 480 περὶ
588 445 638 480 τῆς
663 446 815 482 ἀδιαιρέτου
833 447 879 473 καὶ

95 489 162 523 μιᾶς
178 489 303 524 θεότητος
326 489 392 524 (57),
408 490 489 517 ἄκουε
514 491 620 517 Παύλου
640 492 780 526 λέγοντος·
799 503 807 518 ι
831 494 879 524 '0;

93 533 132 560 ὦν
152 533 322 570 ἀπαύγασμα
336 535 383 570 τῆς
395 535 474 570 δόξης
486 536 533 562 καὶ
546 538 688 573 χαρακτὴρ
698 539 747 572 τῆς
763 538 880 564 ὑποστά-

95 589 166 612 σεως
183 579 264 607 αὑτοῦ
276 589 282 596 ’
311 590 321 606 ι
346 581 392 607 καὶ
410 581 491 608 πάλιν
520 582 608 616 λέγει·
625 592 634 608 ι
654 584 711 615 Ὃς,
733 585 761 610 ὲν
789 584 878 619 μορφῇ

94 625 163 652 Θεοῦ
180 626 320 662 ὑπάρχων,
337 627 388 661 οὐχ
401 627 546 662 ἁρπαγμὸν
558 628 679 663 ἡγήσατο
699 628 730 655 τὸ
747 626 817 655 εἶναι
837 628 881 655 ίσα

95 671 167 706 Θεῷ,
185 670 242 698 ἀλλ’
257 671 352 698 ἑαυτὸν
368 671 497 704 ὲκένωσε,
520 673 627 708 μορφὴν
642 673 734 699 δούλου
745 673 845 700 λαῦών.
869 683 879 700 ι

102 716 194 750 Ὁρᾷς,
210 716 251 742 ὃτι
267 716 330 751 περὶ
349 717 398 752 τῆς
504 718 734 754 ἐνανορωπήσεώς
760 720 828 746 εἰσιν
853 720 882 746 αἱ

95 762 219 789 τοιαῦται
234 762 329 797 φωναί.
342 763 397 789 Καὶ
407 763 488 795 αὐτὸς
501 765 514 790 ὁ
530 763 631 800 Κύριος
647 765 790 801 αὑθεντικῇ
807 768 880 802 φωνῇ

96 806 172 834 εἶπεν
182 816 189 823 ·
207 817 216 833 ι
245 807 314 842 Ἐγὼ
327 809 356 834 ὲν
372 807 410 842 τῷ
426 808 523 844 Πατρὶ,
536 810 582 835 καὶ
596 811 610 836 ὁ
622 810 715 845 Πατὴρ
730 811 759 837 ἐν
771 811 832 846 ὲμοί
844 819 851 826 ο
870 821 880 836 ›

971 445 1052 481 184
1066 445 1093 473 ι.
1111 444 1158 473 Sin
1172 446 1239 474 velis
1259 445 1353 474 audire
1373 446 1406 474 de
1423 446 1538 473 indivisa
1552 450 1579 472 et
1596 453 1648 473 una
1663 445 1717 472 dei»

933 494 999 522 tate,
1026 491 1150 518 ausculta
1172 491 1229 518 haec
1248 490 1326 518 Pauli
1354 491 1459 518 verba:
1481 501 1489 517 ι
1520 491 1650 524 Quicum
1680 491 1716 518 sit

932 536 1063 571 splendor
1083 536 1175 571 gloria:
1190 541 1217 564 et
1235 537 1319 572 ﬁgura
1340 537 1500 564 substautize
1519 537 1579 571 ejus
1601 537 1623 552 "
1637 544 1644 568 ;
1660 545 1670 562 ›
1689 540 1717 563 et

934 591 1044 610 rursum
1062 592 1068 610 :
1085 593 1094 608 ι
1114 582 1166 616 Qui
1182 591 1245 610 cum
1259 584 1287 610 in
1304 583 1389 610 forma
1411 582 1457 611 Dei
1470 589 1554 614 esset,
1575 592 1628 611 non
1643 584 1716 618 rapi-

933 637 996 656 nam
1013 629 1164 657 arbitratus
1177 633 1219 657 est
1234 637 1294 658 esse
1317 638 1347 658 se
1364 630 1496 664 aequalem
1517 629 1582 661 Deo,
1605 630 1652 657 sed
1677 637 1716 656 Se-

933 674 1078 709 metipsurn
1096 675 1246 702 exiuanivit
1268 675 1383 702 formam
1403 675 1474 703 servi
1490 675 1628 710 accipiens
1650 675 1682 701 ".
1701 684 1712 701 ι

935 719 1031 751 Vides,
1059 720 1194 755 ejusmodi
1226 729 1307 749 voces
1338 721 1552 749 incarnationem
1579 724 1715 755 spectare.

934 765 1005 798 Quin
1025 770 1052 792 et
1067 766 1125 801 ipse
1141 766 1272 794 Dominus
1289 767 1445 794 authentica
1466 774 1532 794 voce
1549 766 1586 792 ait
1602 774 1608 791 :
1628 775 1637 791 ‹
1660 765 1716 800 Ego

935 812 964 839 in
977 811 1068 845 Patre,
1085 818 1111 840 et
1128 812 1207 840 Pater
1222 814 1249 840 in
1262 821 1305 840 me
1317 814 1348 846 ”;
1367 822 1376 839 ι
1395 820 1558 847 rursumque
1572 810 1714 846 Philippo:

96 854 144 880 καὶ
159 853 239 880 πάλιν
262 853 337 888 λέγει
361 853 503 888 Φιλίππῳ·
524 863 534 881 α
547 854 616 889 Ἐγὼ
636 856 683 882 καὶ
705 857 719 882 ὁ
739 856 832 892 Πατὴρ
853 856 880 883 ἓν

937 867 947 884 ι
968 858 1024 892 Ego
1041 863 1067 885 et
1082 858 1163 886 Pater
1187 867 1270 886 unum
1287 867 1381 887 sumus
1398 859 1429 887 “.
1448 869 1458 885 ι
1475 859 1507 885 Et
1525 867 1572 890 per
1587 865 1715 893 magnum

95 900 191 934 ἔσμεν.
208 907 217 925 ι
246 899 302 926 Καὶ
330 899 403 933 λέγει
429 899 472 926 διὰ
503 899 548 927 τοῦ
576 901 694 936 μεγάλου
723 903 876 938 προφήτου·

99 956 108 972 ι
125 945 209 973 Ἴδετε
224 954 268 981 με,
286 946 326 972 ὅτι
343 945 399 980 ἐγώ
416 948 483 982 ειμι,
511 947 557 973 καὶ
572 948 621 973 οὐκ
635 947 811 982 ὴλλοίωμαι.»
823 948 879 975 Καὶ

97 991 180 1018 πάλιν
202 991 290 1026 λέγει·
311 1001 320 1018 ‹
344 991 411 1026 Ἐγὼ
431 993 463 1019 ὲκ
482 992 529 1019 τοῦ
557 993 663 1028 Πατρὸς
685 993 803 1028 ἐξῆλθον.
833 994 880 1020 καὶ

94 1038 168 1073 ήκω.
185 1046 196 1064 ι
214 1037 268 1064 Καὶ
284 1038 328 1064 διὰ
339 1037 384 1064 τοῦ
407 1038 539 1074 Ἰερεμίου
552 1038 647 1073 λέγειό
660 1039 754 1074 Πατήρ
764 1048 770 1054 ·
794 1048 803 1065 ι
815 1039 879 1074 Ἐμὲ

96 1083 275 1117 ἐγκατέλιπον
293 1084 349 1118 (59)
364 1084 455 1120 πηγὴν
472 1085 567 1116 ὓδατος
589 1084 698 1117 ζῶντος,
714 1086 761 1112 καὶ
773 1085 879 1121 ὤρυξαν

97 1130 204 1161 ἑαυτοῖς
223 1129 340 1162 λάκκους
357 1131 613 1166 συντετριμμένους,
628 1131 653 1157 οἳ
672 1131 701 1158 οὑ
721 1132 880 1167 δυνήσονται

97 1176 203 1207 ἑαυτοῖς
220 1176 291 1212 ὕδωρ
320 1178 493 1211 συναγαγεῖν.
514 1186 522 1202 ι
541 1177 578 1203 Οὐ
606 1176 701 1212 χθὲςή
728 1178 813 1213 πηγὴ,
834 1179 879 1204 καὶ

98 1223 218 1258 σήμερον
228 1222 257 1248 τὺ
273 1222 344 1258 ὕδωρ
355 1231 362 1238 ⁶
382 1223 419 1258 μὴ
427 1222 531 1256 γένοιτο
545 1223 551 1249 !
573 1223 627 1249 Ἀεὶ
640 1223 724 1259 πηγὴ,
740 1224 783 1250 ἀεὶ
797 1223 877 1259 ὕδωρ.

97 1267 217 1300 Τάλανες
241 1267 266 1294 οἱ
291 1268 433 1303 ἀχάριστοι
464 1268 519 1302 (60)
537 1268 752 1303 Ἀρειομανίται⁹
778 1269 879 1296 τούτων

95 1313 228 1350 κρείττων
240 1313 340 1350 εὑρέθη
358 1315 371 1340 ό
387 1313 632 1350 Ναόουχοδονόσορ,
649 1314 690 1346 ὃς,
708 1315 803 1341 ἑαυτὸν
819 1314 880 1342 θεὸν

95 1359 213 1396 νομίζων
226 1357 306 1391 εἶναι,
323 1359 370 1386 καὶ
381 1359 474 1386 εἰκόνα
488 1359 583 1386 ἑαυτοῦ
599 1360 700 1396 στήσας
711 1360 740 1386 ὲν
754 1359 880 1387 Βαϐυλῶ-

95 1413 131 1437 νι,
150 1405 198 1432 καὶ
214 1404 339 1440 ὲμόαλὼν
347 1406 387 1436 εις
395 1404 442 1440 τὴν
451 1405 569 1440 κάμινον
585 1404 632 1432 τοῦ
649 1405 734 1441 πυρὸς
746 1406 879 1437 Ἀνανίαν,

95 1450 143 1477 καὶ
157 1450 296 1486 Ἀζαρίαν,
311 1451 359 1477 καὶ
373 1450 498 1486 Μισαήλ·
515 1451 561 1477 καὶ
575 1450 622 1477 τοῦ
642 1450 799 1486 δροσοποιοῦ
823 1451 879 1486 (61)

95 1496 175 1530 λόγου
186 1496 216 1522 ὲν
230 1496 304 1531 μέσῳ
319 1495 409 1522 αὐτῶν
423 1496 577 1531 γινομένου,
597 1489 644 1523 καὶ
657 1496 833 1528 ἐξελάσαντος
849 1496 880 1523 τὸ

932 903 1093 937 prophetam
1108 903 1147 930 ait
1163 911 1168 928 :
1188 912 1197 929 ι
1218 903 1314 931 Videte
1329 912 1382 936 me,
1399 904 1461 939 quia
1476 911 1526 938 ego
1543 910 1602 930 sum
1619 907 1646 929 et
1661 909 1716 928 non

932 952 1025 975 mutor
1041 948 1073 975 ιτ.
1097 957 1106 974 ι
1126 948 1299 984 Rursumque
1315 950 1352 976 ait
1369 958 1375 975 :
1393 959 1402 974 ‹
1427 948 1482 984 Ego
1494 957 1526 976 ex
1544 947 1623 975 Patre
1644 947 1715 974 exivi

932 998 959 1021 et
977 994 1056 1022 venio
1072 994 1104 1021 ¹⁸.
1128 1003 1137 1020 ι
1157 994 1196 1021 Ac
1215 1003 1262 1029 per
1292 994 1436 1022 Jeremiam
1459 995 1496 1022 ait
1523 993 1624 1021 Pater:
1644 1003 1653 1019 ι
1673 992 1716 1020 Me

932 1040 1136 1075 dereliquerunt
1157 1041 1257 1068 fontem
1282 1049 1358 1076 aquae
1376 1042 1451 1072 vivae,
1475 1045 1502 1068 et
1523 1041 1649 1068 foderunt
1663 1040 1715 1067 sibi

933 1085 1067 1113 cisternas
1094 1086 1254 1121 dissipatas,
1279 1093 1340 1121 quae
1365 1093 1462 1121 aquam
1480 1087 1531 1114 sibi
1552 1092 1718 1121 congregare

933 1139 986 1158 non
1009 1135 1137 1166 poterunt
1153 1132 1185 1159 ".
1207 1142 1216 1157 ι
1234 1131 1409 1166 Nequaquam
1432 1132 1558 1159 hesterna
1575 1132 1619 1158 die
1643 1131 1715 1163 forts,

933 1175 1014 1202 hodie
1029 1184 1099 1211 aqua
1113 1186 1119 1203 :
1137 1176 1217 1203 absit.
1234 1176 1348 1211 Semper
1365 1176 1435 1208 fons,
1452 1184 1558 1211 semper
1572 1184 1652 1211 aqua.
1666 1175 1718 1202 Mi-

933 1222 987 1248 seri
1004 1222 1103 1257 ingrati
1120 1222 1157 1248 illi
1173 1221 1366 1255 Ariomanitae,
1389 1222 1489 1257 quibus
1508 1222 1602 1249 melior
1619 1221 1717 1255 depre-

933 1267 1036 1294 hensus
1051 1272 1093 1295 est
1115 1267 1173 1302 ipse
1194 1267 1456 1298 Nabuchodonosor.
1471 1268 1517 1302 qui
1543 1275 1603 1295 sese
1636 1267 1717 1294 deum

933 1312 1095 1344 arbitratus,
1113 1313 1316 1348 constitutaque
1344 1313 1396 1341 sibi
1423 1312 1560 1348 Babylone
1588 1312 1716 1348 imagine.

933 1362 1014 1392 atque
1034 1358 1163 1393 projectis
1180 1359 1207 1385 in
1229 1358 1367 1385 caminum
1383 1358 1453 1393 ignis
1469 1357 1586 1389 Anania,
1607 1357 1717 1390 Azaria,

932 1407 960 1431 et
977 1402 1105 1436 Misaele;
1118 1411 1178 1430 cum
1194 1403 1308 1430 verbum
1323 1402 1460 1429 roriilcum
1476 1402 1504 1429 in
1517 1401 1606 1429 medio
1621 1409 1717 1429 eorum

934 1449 1034 1476 factum
1055 1453 1139 1482 esset,
1155 1449 1378 1483 excussissetque
1402 1448 1502 1483 ignem,
1517 1447 1582 1474 dum
1600 1447 1717 1482 hymnos

933 1495 972 1522 illi
990 1498 1138 1528 canerent;
1153 1494 1274 1526 veniens,
1289 1495 1411 1529 inquam,
1426 1495 1484 1528 ipse
1500 1492 1718 1520 Nabuchodono-

95 1542 161 1577 πῦρ,
172 1542 219 1568 καὶ
233 1542 323 1569 αὐτῶν
336 1542 491 1577 ὑμνούντων
500 1550 508 1556 ·
522 1542 569 1568 καὶ
582 1541 703 1573 ἐλθόντος
716 1541 763 1568 τοῦ
778 1541 880 1568 Ναϐου-

936 1548 991 1572 sor,
1014 1545 1095 1575 atque
1114 1541 1210 1568 videns
1232 1540 1294 1568 illos
1309 1543 1448 1572 canentes,
1465 1539 1503 1566 ait
1525 1539 1617 1574 pueris
1633 1538 1691 1566 suis
1708 1546 1716 1564 :

96 1585 247 1621 χοδονόσορ,
265 1585 312 1612 καὶ
333 1586 486 1621 ἑωρακότος
500 1587 599 1617 αὐτοὺς
622 1586 783 1622 ὑμνοῦντας,
806 1586 882 1621 ἔλεγε

96 1632 152 1663 τοῖς
166 1632 259 1658 παισὶν
274 1631 355 1657 αὑτοῦ
365 1639 373 1646 ·
401 1640 410 1657 ι
428 1632 496 1667 οὐχ).
513 1631 612 1668 ἄνδρας
628 1633 704 1667 τρεῖς
722 1631 882 1668 ὲνεὸάλομεν

96 1677 137 1708 είς
148 1677 197 1712 τὴν
209 1676 322 1712 κάμινον
335 1685 342 1710 ;
359 1685 368 1702 ι
383 1677 414 1704 Οἱ
422 1677 450 1703 δὲ
464 1675 539 1703 εἷπον
549 1686 556 1692 ·
576 1687 585 1703 ε
597 1677 726 1713 Ἀληθῶς,
744 1677 879 1713 βασιλεῦ.»

97 1723 151 1750 Καὶ
170 1720 229 1749 εἷπε
244 1723 312 1758 πρὸς
329 1722 443 1755 αὐτούς·
467 1732 476 1748 ι
503 1723 568 1750 Ἰδοὺ
590 1723 683 1759 θεωρῶ
706 1723 761 1758 ἐγὼ
783 1723 882 1760 ἄνδρας

96 1768 244 1803 τέσσαρας,
270 1769 318 1795 καὶ
341 1769 355 1795 ό
377 1768 506 1804 τέταρτος
533 1768 624 1804 ὅμοιος
654 1768 710 1804 Υἰῷ
733 1769 810 1796 Θεοῦ.
829 1767 881 1796 »Ὦ

96 1813 339 1850 Ναὸουχοδονόσορ,
356 1815 467 1841 σεαυτὸν
483 1814 543 1841 θεὸν
559 1815 701 1850 ἐποίησας,
722 1815 780 1847 πῶς
796 1813 880 1847 οἶδας,

95 1861 137 1886 ὅτι
150 1860 241 1895 ὅμοιος
252 1860 308 1895 Υίῷ
320 1860 386 1887 Θεοῦ
393 1861 465 1887 ἐστιν
475 1869 482 1893 ;
491 1860 591 1892 εὐθέως
599 1859 674 1887 εἶπεν
683 1869 689 1876 -
702 1861 786 1893 Αὐτὸς
800 1861 882 1888 κατέ-

95 1905 158 1937 νυξέ
183 1914 217 1940 με
241 1906 338 1931 εἰπεῖν.
362 1905 500 1941 Χρείττων
518 1905 620 1932 τούτων
635 1905 734 1941 εὑρέθη
747 1907 883 1942 Ναϐουχο-

95 1952 205 1987 δονόσορ
216 1952 269 1978 τῶν
285 1952 401 1984 ἀσεὸὦν,
420 1953 467 1979 καὶ
487 1953 553 1988 μηδὲ
572 1954 675 1988 ὅμοιον,
698 1954 765 1989 μηδὲ
783 1955 880 1989 όμοού-

98 2006 155 2024 σιον
172 1997 304 2031 λεγόντων
320 1998 365 2024 τὸν
382 1997 455 2024 Υἱόν.
467 1998 569 2025 Εἴπατε
583 1998 639 2034 (62)
651 2000 706 2030 τοῖς
717 1999 826 2026 ἀσεὸέσι
844 2000 880 2036 μὴ

97 2044 278 2079 βλασφημεῖν,
296 2044 353 2070 ἀλλ’
375 2044 565 2079 εὐφημοῦντας
581 2047 742 2082 προσκυνεῖν
756 2045 801 2072 τὸν
817 2045 881 2073 ὄντα

93 2089 161 2115 Θεὸν
174 2090 259 2123 Λόγον
273 2090 300 2115 ὲν
319 2089 462 2124 πνεύματι,
479 2090 502 2116 εί
517 2089 570 2125 ἄρα
593 2089 761 2126 ἀφεθήσεται
783 2091 800 2125 ἡ
815 2091 880 2117 ἀσέ-

95 2137 156 2162 (ista
172 2136 220 2170 τῆς
235 2135 407 2172 βλασφημίας
426 2135 525 2162 αἰτῶν.

135 2181 161 2207 5.
177 2181 285 2207 Τούτων
301 2181 389 2207 τοίνυν
401 2180 661 2216 ἐξοστρακισθέντων
680 2183 726 2208 καὶ
737 2182 881 2218 ἐκϐληθέν-

935 1597 945 1614 ι
962 1587 1058 1615 Nonne
1074 1588 1147 1614 viros
1162 1592 1218 1615 tres
1233 1588 1401 1621 conjecimus
1418 1587 1446 1613 in
1461 1585 1618 1623 caminum?
1631 1595 1640 1611 ι
1665 1584 1718 1612 Re-

933 1633 1103 1669 sponderunt
1117 1633 1155 1660 illi
1168 1641 1175 1660 :
1188 1642 1198 1658 ι
1214 1633 1252 1660 lta
1267 1637 1319 1664 est,
1334 1639 1350 1659 ο
1361 1639 1442 1666 rex.)
1461 1631 1493 1658 Et
1507 1631 1575 1658 dixit
1585 1630 1618 1657 ad
1634 1629 1695 1657 illos
1707 1637 1716 1655 :

935 1687 944 1703 ι
961 1677 1030 1705 Ecce
1044 1677 1125 1704 video
1142 1685 1192 1713 ego
1206 1678 1280 1704 viros
1295 1681 1424 1712 quatuor,
1440 1680 1467 1704 et
1490 1680 1605 1711 quartus
1619 1674 1718 1702 similis

932 1723 1002 1750 Filio
1017 1723 1062 1751 Dei
1078 1723 1127 1749 ³⁸³.»
1138 1723 1161 1750 Ο
1172 1722 1434 1754 Nabuchodonosor,
1449 1722 1495 1756 qui
1510 1722 1624 1756 teipsum
1636 1720 1717 1748 deum

932 1768 1056 1797 etfecisti.
1071 1768 1143 1796 unde
1158 1769 1228 1795 nosti
1241 1776 1303 1795 esse
1317 1769 1435 1795 similem
1451 1767 1521 1794 Filio
1537 1767 1603 1794 Dei?
1618 1765 1717 1794 Statim

932 1814 978 1841 ille
995 1815 1166 1849 responderit
1182 1824 1188 1841 :
1208 1814 1276 1847 Quia
1294 1814 1351 1849 ipse
1365 1821 1408 1840 me
1429 1813 1580 1840 stimulavit
1604 1816 1633 1839 ut
1660 1811 1717 1840 haec

932 1861 1060 1888 dicerem.
1089 1860 1184 1887 Melior
1199 1861 1290 1896 itaque
1316 1859 1501 1894 deprehensus
1517 1864 1559 1886 est
1572 1857 1718 1886 Nabucho-

932 1906 1052 1933 donosor
1071 1906 1162 1941 impiis
1188 1906 1242 1933 illis
1256 1926 1263 1938 ,
1287 1905 1334 1941 qui
1358 1913 1446 1941 neque
1468 1905 1583 1933 similem
1597 1925 1604 1938 ,
1630 1911 1718 1939 neque

932 1952 1193 1979 consubstantialem
1211 1953 1306 1979 dicunt
1325 1951 1434 1978 Filium.
1458 1951 1544 1978 Dicite
1561 1950 1663 1985 impiis,
1683 1957 1717 1977 ne

932 1998 1133 2033 blaspliement,
1154 1999 1201 2026 sed
1221 2006 1283 2026 cum
1307 1998 1497 2026 benedictione
1516 1997 1633 2025 Verbum
1653 2003 1717 2023 vere

932 2043 1016 2070 Deum
1030 2044 1145 2071 adorent
1157 2044 1184 2070 in
1202 2045 1311 2079 spiritu,
1328 2045 1350 2071 si
1362 2043 1431 2070 forte
1448 2043 1603 2070 remittatur
1619 2041 1716 2076 impie-

931 2093 974 2118 tas
988 2090 1164 2125 blaspbemiae
1177 2097 1282 2118 eorum.

967 2180 992 2206 5.
1006 2178 1054 2207 His
1069 2179 1151 2214 igitur
1164 2179 1291 2213 relegatis
1301 2183 1328 2206 et
1343 2178 1456 2213 abjectis
1466 2185 1499 2205 ex
1513 2176 1605 2204 divino
1619 2175 1715 2207 choro,

95 2236 150 2253 των
164 2227 196 2253 ὲκ
212 2226 258 2252 τοῦ
273 2226 344 2253 θείου
360 2226 453 2262 χοροῦ,
470 2226 591 2262 εἴπωμεν
601 2227 647 2254 καὶ
659 2227 726 2263 πρὸς
739 2227 808 2259 Τοὺς
821 2228 880 2254 τού-

936 2226 1077 2261 loquamur
1093 2225 1127 2252 ad
1142 2225 1250 2252 illorqu
1266 2224 1365 2251 fratres
1381 2221 1653 2263 Pneumatomachos,
1668 2227 1717 2248 seu

93 2281 149 2298 των
160 2271 290 2306 ἀδελφοὺς
303 2272 364 2303 τοὺς
377 2272 625 2307 Πνευματομάχους
641 2273 704 2304 τοὺς
717 2273 879 2308 Τροπικοὺς,

94 2318 159 2349 τοὺς
170 2317 297 2351 λέγοντας
310 2318 365 2353 (65)
376 2318 406 2344 τὸ
419 2318 532 2353 Πνεῦμα
543 2316 612 2345 εἶναι
623 2319 739 2345 κτιστύν.
754 2315 790 2345 Ὦ
809 2317 879 2355 Τρο-

138 2395 274 2440 ""Galat.'
285 2405 321 2428 iv,
336 2397 362 2424 4.
402 2397 424 2413 ¹³
438 2396 553 2440 ΗΘΜ..)
565 2417 578 2440 ,Ι
591 2397 617 2424 5.
657 2397 680 2413 ¹⁶
698 2396 817 2440 Philipp.
827 2405 855 2440 ,ιι
865 2397 917 2440 ...6.

932 2259 1074 2307 TropicOs,
1092 2272 1138 2306 qui
1156 2271 1251 2298 dicunt
1266 2270 1400 2305 Spiritum
1422 2273 1546 2297 sanetum
1561 2259 1622 2295 csse
1639 2273 1717 2293 crea-

930 2322 999 2345 tum.
1019 2317 1041 2346 0
1062 2318 1188 2353 Tropice,
1209 2325 1264 2345 non
1285 2316 1387 2344 audisti
1408 2315 1534 2344 Davidem
1554 2314 1689 2342 dicentem
1707 2319 1714 2338 :

971 2398 992 2413 ¹⁵
1010 2397 1089 2425 Joan.
1108 2405 1164 2430 xiv,
1183 2397 1227 2424 ιο.
1267 2396 1288 2412 ι·
1307 2395 1388 2423 Joan.
1413 2403 1440 2428 κ,
1457 2395 1501 2423 30.
1557 2395 1578 2410 "
1599 2391 1713 2428 Malacb,

95 2439 137 2463 ιιι,
154 2432 180 2459 6.
221 2432 242 2447 ’⁸
260 2431 338 2459 Joan.
357 2441 401 2459 xvr
438 2432 484 2460 28.
525 2432 546 2448 ¹¹
565 2432 666 2460 Jerem.
687 2440 726 2465 ti,
744 2431 799 2460 15(
827 2433 849 2448 ὀ
871 2432 880 2458 l

936 2453 940 2461 .
960 2441 1010 2466 ιιι,
1029 2433 1073 2465 91,
1096 2433 1140 2459 92.

131 2511 311 2548 [57)_Gobler.
333 2515 360 2539 et
375 2511 449 2539 Felc.
466 2512 492 2545 -l,
515 2512 580 2548 περὶ
595 2512 645 2547 τῆς
663 2511 815 2548 ἀδιαιρέτου
831 2512 880 2539 αὺ-

93 2546 142 2573 τοῦ
158 2546 293 2581 θεότητος.

132 2581 277 2618 (58)(Ῑγοω.
291 2585 317 2608 et
327 2581 400 2609 Felc.
415 2582 442 2613 1,
463 2582 556 2618 Ὁρᾷς,
573 2581 632 2618 πῶς
645 2583 709 2618 περὶ
722 2583 781 2617 τῆς.
795 2581 880 2610 Paulo

93 2621 171 2678 postﬁ
184 2616 276 2649 iidem,
299 2617 346 2644 καὶ
369 2617 450 2649 αὐτὸς
464 2618 479 2644 ό
504 2616 604 2654 Κύριός
620 2616 713 2653 φησιν,
737 2616 777 2644 ὅτι
810 2617 879 2652 Ἐγὼ

110 2660 124 2678 ν
138 2659 153 2676 τ
177 2671 184 2677 .

110 2660 124 2678 ν
138 2659 184 2678 τη.

131 2678 187 2724 (5'9)
205 2685 284 2715 Gobl.
301 2693 328 2715 et
350 2686 423 2715 Felc.
442 2688 467 2720 ι,
481 2688 528 2715 τοῦ
549 2687 695 2724 Ἱερεμίου·
720 2688 786 2723 Ἐμὲ
796 2688 879 2722 ἐγκα-

91 2721 229 2748 τελίπετε.

143 2756 190 2826 60)
203 2756 275 2788 Haec,
287 2758 311 2784 ot
325 2757 475 2818 ἁέάριστοι,
489 2758 587 2786 desunt
600 2759 626 2785 in
640 2757 718 2785 Gobl.
729 2765 755 2786 et
767 2758 840 2786 Felc.
850 2759 875 2786 1.

143 2791 173 2818 61
205 2791 284 2819 Gabi.
303 2797 330 2820 et
368 2793 419 2819 elc.
437 2794 552 2826 primus,
572 2794 601 2820 ὲν
620 2793 768 2826 Βαϐυλῶνι,
784 2795 829 2820 καὶ
848 2795 875 2821 ἐν

142 2791 188 2826 61)
205 2791 284 2828 qul.
303 2797 330 2820 et
344 2791 419 2828 Felc.
437 2794 552 2828 primus,
572 2794 601 2820 ὲν
620 2793 768 2826 Βαϐυλῶνι,
784 2795 829 2820 καὶ
848 2795 877 2821 ἐν

92 2827 127 2861 τῇ
145 2826 324 2864 καμινῷ-(εἰο)
340 2826 427 2862 βαλὼν
437 2826 511 2864 Ῠτοῦς
525 2829 734 2864 γ’ῗπαίδαςηκαὶ
749 2829 796 2855 τοῦ
816 2829 876 2864 δροο

95 2870 157 2888 σοπ.
176 2861 238 2889 Mox
249 2861 360 2898 Seguer.
378 2861 536 2897 γενουένουξ
552 2863 652 2892 Ibidem
668 2863 745 2892 Gobl.
761 2868 787 2893 et
800 2861 872 2893 Felc.

929 2515 1045 2548 primus,
1060 2515 1106 2540 καὶ
1127 2513 1316 2546 ὲκτινάξαντος
1331 2512 1362 2538 τὸ
1375 2511 1441 2547 πῦρ.
1452 2512 1514 2548 ΑΚαι
1526 2511 1591 2548 Δτῶν
1613 2511 1717 2548 παίδων

931 2546 1096 2584 ὖμνούντων,
1112 2549 1188 2583 ἔλεγε
1202 2550 1257 2580 τοῖς
1276 2549 1370 2574 παισὶν
1382 2546 1464 2573 αὐτοῦ
1478 2555 1483 2563 ’
1499 2546 1653 2609 Οξιέὶτρεὶς
1676 2547 1716 2574 ἐν-

931 2584 1061 2609 εϐάλοιιεν
1078 2585 1106 2609 ὲν
1117 2585 1148 2609 τῆ
1164 2583 1343 2609 καμίνωεκαὶ
1364 2582 1417 2609 ίδοὺ
1430 2581 1461 2608 δ’.
1480 2582 1532 2608 Του
1583 2582 1715 2609 τετάρτου

929 2582 1061 2620 εεάλομεν
1078 2585 1106 2610 ὲν
1117 2585 1149 2620 τῆ
1164 2582 1272 2619 καμίνῳ
1281 2591 1288 2615 ;
1298 2583 1343 2609 καὶ
1364 2582 1417 2609 ίδοὺ
1430 2582 1461 2608 δ’.
1480 2582 1501 2608 Τ
1502 2582 1532 2608 οῦ
1545 2582 1574 2609 δὲ
1583 2582 1715 2617 τετάρτου

929 2619 1024 2658 ὅρα-τις
1037 2621 1117 2658 fingit:
1130 2611 1370 2658 Gat7),_§;_Na6o_ux.
1419 2653 1439 2658 η
1480 2652 1486 2658 ι
1592 2652 1598 2658 .
1622 2651 1629 2658 ι
1672 2628 1693 2658 '_

965 2656 1021 2688 (62)
1037 2651 1146 2682 Gobler.
1164 2651 1190 2682 et
1204 2654 1273 2681 Felc.
1287 2651 1403 2688 primus,
1419 2652 1557 2687 Κρείττων
1570 2651 1651 2688 αὐτὸν
1667 2653 1713 2679 εὑ-

948 2690 996 2730 ἑθι]
1013 2686 1364 2730 ξηαῆουχοδονρσορ-τῶνῄμὴ
1380 2686 1472 2723 ὅμοιον
1494 2687 1560 2723 μηδὲ
1572 2686 1713 2723 όμοούσιον

952 2723 996 2751 εοῦ
1013 2723 1144 2759 λεγόντων
1162 2725 1207 2751 τὸν
1222 2724 1295 2751 Υἱόν.
1314 2723 1425 2751 Εἴπατε.

947 2760 1019 2795 ’(63)
1045 2757 1173 2795 Εῖπωμεν
1195 2760 1263 2795 πρὸς
1288 2757 1621 2795 τοὺςᾉΠνευματομάχους
1650 2757 1714 2795 τοῦς

928 2793 984 2830 λέγ.
1001 2793 1046 2822 Sic
1058 2793 1166 2822 Gobler.
1177 2799 1204 2822 et
1218 2793 1289 2821 Felc.
1304 2794 1329 2821 1.
1346 2793 1405 2830 Mox
1420 2794 1512 2830 iidem,
1527 2793 1651 2830 κτιστόν·
1663 2793 1713 2822 οὐκ

927 2827 1059 2866 ἠκούσατε
1075 2830 1122 2858 τοῦ
1140 2830 1173 2859 δι.
1187 2830 1254 2858 Ibid.
1272 2829 1333 2866 Seg.
1348 2829 1394 2856 τοῦ
1407 2828 1523 2864 μεγάλου
1539 2827 1630 2856 Δαϐίδ.
