1929 3056
214 107 266 135 521

793 105 822 134 S.
843 105 1074 134 ATHANASIUS.
1095 119 1130 125 —
1150 104 1286 132 SPURlA.

1783 99 1842 126 5:28

211 167 279 196 dixit
297 177 302 195 :
323 167 381 195 Heu
395 167 462 194 mibi
474 187 481 200 ,
498 167 599 195 frustra
616 166 736 194 laboravi
747 170 774 194 et
788 174 924 194 aerumnas
936 166 997 194 tuli.

1049 165 1139 201 δῶμεν
1151 164 1246 192 Θυσίαν
1258 164 1306 191 ἕνα
1317 163 1372 190 τῶν
1386 162 1452 190 υἱῶν
1469 162 1556 198 ἡμῶν.
1579 162 1610 188 'H
1622 161 1649 187 δὲ
1662 161 1729 196 γυνὴ
1742 159 1843 186 αὐτοῦν

211 214 290 247 Quod
307 214 352 241 ubi
368 221 415 241 rex
429 213 506 245 vidit,
523 213 561 239 ait
575 222 581 240 :
600 212 639 239 Ne
662 211 735 244 ﬂeto,
755 212 801 239 sed
819 216 919 240 sortem
935 213 998 239 Init-

211 266 316 292 tamus;
332 259 356 287 si
365 267 426 287 sors
440 258 506 286 mibi
521 258 672 290 obvenerit,
691 265 774 292 quem
786 257 879 285 libebit
890 258 997 293 eligam,

212 307 377 340 otferamque
391 305 444 333 diis
461 305 564 332 nostris
581 304 747 332 sacriﬁcium
760 312 768 335 ;
785 304 827 331 sin
842 304 902 336 tibi,
917 311 997 338 quem

213 351 331 380 volueris
347 352 426 386 elige,
444 355 471 378 et
495 358 572 378 serva
591 351 691 386 ipsum.
707 350 775 377 lllud
800 349 860 377 ideo
888 350 996 382 aiebat,

212 398 284 434 quod
291 401 411 432 speraret
417 401 518 425 sortem
525 397 637 424 arbitrio
647 395 798 424 sacerdotis
808 396 996 423 obventuram.

213 443 321 470 Mittunt
336 443 428 478 itaque
442 447 554 474 sortem,
567 450 628 478 qua:
645 450 706 469 cum
732 442 831 476 reginae
845 442 996 476 obtigisset,

211 490 293 525 elegit
308 489 352 516 illa
363 496 442 524 quem
455 488 583 524 diligebat
596 487 833 515 Melchisedeculn.
844 487 900 514 Rex
917 496 998 522 porro

213 533 303 561 Salem
320 537 464 568 superatus
480 533 514 560 ab
530 540 624 566 uxore,
637 539 717 567 quem
733 532 953 567 sorsﬁassignarat
969 532 998 559 ﬁ-

212 580 278 607 lium
290 580 432 607 adornavit
444 579 478 606 ad
495 579 672 611 sacriﬁcium,
687 579 791 606 veritus
819 587 853 606 ne
878 578 944 606 deos
957 578 997 605 of-

212 625 335 653 fenderet
357 633 432 653 suos.
464 625 497 652 Et
520 633 662 661 regressus
693 624 872 651 Melchisedec
895 628 997 658 septem

211 672 313 698 vitulos
338 671 428 698 attulit
462 672 609 704 Aceeptum
635 674 726 697 autem
753 675 830 705 pater
853 670 939 697 ﬁlium
964 678 996 698 ex

213 721 287 744 sorte
301 717 473 748 necandum,
499 716 533 743 ad
557 716 650 743 fanum
667 717 802 744 idolorum
828 716 945 743 ducebat
970 717 996 744 in

212 763 420 790 dodecatheum.
443 758 600 790 Convenere
617 764 681 790 item
703 763 729 790 in
751 763 916 790 sacriﬁcium
941 768 997 790 tres

211 812 239 836 et
253 809 393 844 quingenti
411 809 487 843 pueri
509 816 523 836 a
547 809 670 844 patribus
689 808 747 836 suis
771 808 875 842 oblati,
899 812 926 835 et
951 809 996 836 alii

1049 212 1200 243 ἀκούσασα,
1217 211 1331 237 ἐκλαυσε
1349 209 1464 246 πικρῶς·
1477 209 1547 243 ἔγνω
1560 208 1613 243 γὰρ
1626 207 1692 241 (ΞΟ),
1709 208 1750 233 ὅτι
1773 214 1829 242 προ

1049 258 1128 293 φάσει
1144 257 1214 284 θέλει
1232 258 1246 283 6
1263 256 1389 291 βασιλεὺς
1401 255 1529 290 φονεῦσαι
1547 254 1591 281 τὸν
1603 253 1780 288 Μελχισεδὲκ,
1797 253 1843 280 ὅτι

1048 303 1185 329 ὠνείδισεν
1203 302 1279 337 αὐτῷ
1297 302 1343 328 ἐπὶ
1359 301 1407 336 τὴν
1426 300 1532 328 θυσίαν.
1555 301 1612 327 Καὶ
1628 299 1806 330 ἀνεστέναζεν
1823 299 1842 334 ἡ

1049 349 1202 385 βασίλισσα,
1220 348 1267 374 καὶ
1279 346 1370 374 εἶπεν·
1388 347 1478 382 Οἴμοι,
1492 345 1626 373 ἐκοπίασα
1639 346 1685 372 καὶ
1698 345 1842 380 ἑμόχθησα

1049 397 1088 428 είς
1105 396 1191 422 κενόν.
1212 394 1284 421 Ἰδὼν
1306 394 1334 420 δὲ
1357 394 1440 429 αὐτὴν
1453 394 1468 420 ὁ
1490 393 1626 428 βασιλεὺς,
1649 390 1725 418 εἶπεν
1747 392 1818 427 αὐτῇ
1832 399 1840 406 ·

1048 441 1094 477 Μὴ
1110 441 1196 472 κλαῖε,
1213 440 1280 467 ἀλλὰ
1295 439 1374 475 δεῦρο
1398 439 1524 474 λάχωμεν
1535 448 1541 453 ·
1560 439 1605 465 καὶ
1625 438 1672 464 ἐὰν
1695 438 1766 474 λάχῃ
1781 445 1840 472 μοι,

1044 487 1210 522 ,ἐπιλέγομαι
1226 487 1255 513 ὃν
1283 485 1362 517 θέλω,
1390 486 1438 512 καὶ
1462 485 1539 512 δώσω
1566 485 1646 511 αὐτὸν
1662 484 1757 511 θυσίαν
1781 486 1842 516 τοῖς

1048 534 1117 565 θεοῖς
1129 533 1221 569 ἡμῶν·
1243 533 1308 559 εἰδὲ
1324 533 1394 568 λάχῃ
1419 541 1469 564 σοι,
1493 531 1613 564 ἐπίλεξαι
1630 531 1659 558 ὃν
1685 530 1717 558 ἂν
1744 531 1840 567 θέλῃς,

1049 581 1094 606 καὶ
1105 579 1299 614 παραφύλαττε
1317 579 1407 605 αὐτόν.
1420 579 1505 605 Τοῦτο
1514 578 1541 604 δὲ
1553 578 1639 612 ἔλεγε,
1652 577 1737 604 δοκῶν
1751 586 1840 604 κατα-

1047 626 1191 660 λαγχάνειν
1206 625 1244 661 τῷ
1255 626 1323 660 ἱερεῖ
1334 625 1389 660 (21)
1399 633 1405 640 ³
1420 625 1467 651 καὶ
1479 624 1604 660 βαλόντες
1617 624 1728 659 κλῆρον,
1741 623 1842 658 ἔλαχεν

1048 672 1064 707 ἡ
1090 671 1249 705 βασίλισσα,
1279 671 1326 696 καὶ
1350 670 1496 703 ἐπελέξατο
1518 669 1564 696 τὸν
1587 668 1774 704 Μελχισεδὲκ,
1807 669 1840 695 ὂν

1048 716 1152 751 ἠγάπα.
1171 716 1199 742 '0
1219 716 1247 742 δὲ
1265 715 1390 750 βασιλεὺς
1408 716 1512 751 Σαλὴμ,
1535 715 1660 751 ἡττηθεὶς
1685 714 1760 750 παρὰ
1786 714 1840 748 τῆς

1047 762 1175 796 γυναικὸς
1189 761 1270 788 αὑτοῦ
1281 782 1289 793 ,
1313 762 1358 788 τὸν
1380 761 1494 797 λαχόντα
1515 761 1589 796 αὐτῷ
1605 761 1661 788 υἱὸν
1672 760 1839 796 ηὗτρέπισεν

1049 810 1088 840 είς
1112 808 1223 835 θυσίαν·
1249 808 1373 843 ἐφοὸεῐτο
1393 808 1447 843 γὰρ
1471 807 1658 844 προσκροῦσαι
1681 809 1737 838 τοῖς
1765 807 1839 838 θεοῖς

212 856 325 882 trecenti
340 863 355 881 a
367 855 511 886 matribus,
529 862 635 882 necnon
650 854 733 882 boves
753 858 780 882 et
794 862 858 882 ores
873 855 998 882 innume-

1049 854 1130 881 αὑτοῦ
1141 854 1206 889 (‘22).
1221 854 1275 881 Καὶ
1287 853 1391 880 ἐλθὼνό
1399 853 1575 889 Μελχισεδὲκ,
1587 854 1686 888 ἤνεγκε
1694 854 1756 884 τοὺς
1765 853 1839 879 ἑπτὰ

211 909 258 933 ηρ,
271 901 374 936 fuitque
385 905 507 936 paratum
520 901 694 928 sacriﬁcium.
725 899 810 928 Porro
827 899 916 928 Salem
931 899 996 928 Mel-

211 946 347 973 chisedeci
360 951 455 977 mater,
473 945 546 972 dumi
562 945 660 973 sedens
674 946 837 974 exclamavit
853 953 919 974 voce
937 953 996 972 nia-

211 999 284 1026 gna,
310 991 402 1026 aitque
426 991 641 1019 Mclchisedeco:
663 991 760 1019 Annon
783 992 865 1020 defles
885 992 996 1019 fratrem

210 1041 298 1068 tuum,
313 1037 358 1071 qui
378 1040 439 1071 post
454 1040 558 1063 tantum
584 1036 717 1068 laborem,
735 1037 768 1064 ad
792 1045 886 1064 necem
901 1045 997 1072 prope-

210 1081 272 1108 rat?
286 1081 391 1114 Quibus
415 1082 461 1109 ille
475 1082 577 1110 auditis
595 1081 679 1113 ﬂevit.
692 1083 784 1117 aitque
805 1084 886 1110 matri
900 1093 907 1110 :
922 1082 997 1118 Opus

209 1131 251 1154 est
266 1132 296 1154 ut
311 1128 400 1155 isthuc
418 1128 470 1155 loci
490 1128 657 1161 concedam;
678 1136 848 1164 surgensque
876 1130 998 1156 ascendit

210 1174 238 1200 in
255 1177 375 1200 montem
392 1172 511 1200 Thabor.
527 1173 649 1208 Surgens
665 1173 728 1201 item
744 1178 831 1202 mater
846 1174 916 1209 ejus,
930 1179 998 1201 tem-

210 1220 284 1254 plum
299 1219 376 1254 petiit
400 1218 544 1252 idolorum,
560 1224 589 1246 ut
615 1219 698 1246 ﬁlium
719 1219 834 1251 videret,
852 1225 998 1255 antequam

211 1265 390 1297 occideretur,
407 1268 433 1292 et
448 1272 501 1292 una
517 1269 604 1292 totum
617 1273 703 1300 genus
717 1273 808 1293 suum.
821 1265 999 1294 Melchisedec

186 1328 189 1330 -
211 1317 313 1344 autem,
335 1318 487 1338 conscenso
500 1315 590 1339 monte
607 1311 727 1345 Thabor,
744 1311 821 1339 ﬁexis
835 1312 949 1347 genibus
961 1311 1000 1338 di-

207 1358 250 1385 xit
263 1366 269 1384 :
289 1357 369 1390 Deus,
381 1357 571 1384 universorum
583 1356 724 1388 Dominus,
737 1359 783 1393 qui
797 1358 884 1386 fecisti
899 1358 998 1385 coelum

208 1408 237 1431 et
247 1409 357 1437 terram,
376 1409 401 1432 te
415 1403 512 1431 invoco
525 1404 613 1431 solum
629 1412 720 1431 verum
736 1404 830 1436 Deum,
843 1404 941 1431 exaudi
958 1412 1001 1432 me

212 1448 262 1475 hac
284 1448 362 1480 hora,
381 1449 543 1484 jubetoque,
557 1453 587 1475 ut
605 1450 727 1477 omnium
745 1452 878 1484 quotquot
900 1449 1000 1477 adsunt

211 1494 346 1522 sacriﬁcio
375 1494 468 1522 fratris
489 1496 541 1522 mci
565 1494 683 1528 Melchi,
712 1496 790 1523 locus
817 1496 853 1523 sit
876 1495 1000 1524 infernus

1049 901 1174 936 μόσχους.
1189 900 1286 927 Λαϐὼν
1301 901 1328 927 δὲ
1342 901 1356 926 6
1376 900 1466 935 πατὴρ
1479 900 1523 927 τὸν
1545 900 1661 935 λαχόντα
1675 900 1749 935 αὐτῷ
1765 900 1837 931 υἱὸν,

1047 946 1194 982 ἐπορεύετο
1202 947 1248 973 ἐπὶ
1254 947 1300 973 τὸν
1311 946 1372 972 ναὸν
1384 945 1437 972 τῶν
1447 945 1563 972 εἰδώλων
1575 947 1603 972 ὲν
1613 945 1651 981 τῷ
1664 945 1837 980 δωδεκαθέῳ⁶

1048 993 1178 1028 συνῆλθον
1186 993 1214 1019 δὲ
1227 993 1274 1019 ἐπὶ
1281 994 1314 1028 τῇ
1324 992 1404 1027 θυσίᾳ
1418 995 1462 1026 φγ¹
1476 992 1569 1024 παῖδες
1577 992 1628 1018 ὑπὸ
1640 991 1692 1018 τῶν
1703 992 1774 1018 ἰδίων
1783 1000 1839 1018 πα-

1046 1039 1132 1075 τέρων
1141 1039 1371 1074 προσφερόμενοι·
1388 1039 1434 1065 καὶ
1445 1038 1518 1064 ἄλλοι
1530 1037 1681 1073 τριακόσιοι
1690 1037 1746 1072 (23)
1761 1038 1839 1074 παρὰ

1047 1085 1100 1111 τῶν
1112 1085 1247 1121 μητέρων,
1259 1085 1305 1110 καὶ
1322 1083 1381 1119 βόες
1392 1085 1439 1111 καὶ
1454 1084 1578 1119 πρόϐατα
1589 1085 1637 1110 ἀνα
1643 1083 1772 1119 ρίθμητα,
1789 1084 1840 1110 καὶ

1048 1131 1187 1166 ὲγένετοή
1213 1130 1293 1157 θυσία
1315 1131 1432 1166 ἕτοιμος.
1455 1130 1550 1166 Σαλήμ
1577 1130 1604 1157 δὲ
1627 1131 1644 1166 ἡ
1672 1131 1762 1165 μήτηρ
1787 1129 1838 1156 τοῦ

1048 1176 1222 1212 Μελχισεδὲκ,
1241 1176 1383 1212 καθημένη
1409 1178 1437 1203 ὲν
1453 1176 1492 1211 τῷ
1512 1177 1578 1211 οἴκῳ
1591 1175 1685 1211 αὐτῆς,
1705 1175 1838 1210 ἀνεϐόησε

1049 1224 1124 1258 φωνῇ
1141 1223 1246 1259 μεγάλῃ
1261 1224 1308 1250 καὶ
1328 1222 1401 1257 λέγει
1421 1222 1460 1258 τῷ
1473 1222 1654 1258 Μελχισεδέκ·
1671 1222 1709 1248 Οὐ
1733 1221 1840 1253 κλαίεις

1048 1269 1094 1295 τὸν
1108 1269 1220 1304 ἀδελφόν
1235 1277 1292 1301 σου,
1309 1269 1349 1296 ὅτι
1374 1268 1443 1304 μετὰ
1462 1268 1588 1295 τοσοῦτον
1613 1268 1734 1303 κάματον
1750 1268 1839 1303 ἀπέρ-

1049 1323 1124 1349 χεται
1152 1314 1304 1350 σψαγῆναι;
1329 1315 1385 1341 Καὶ
1412 1314 1498 1340 ταῦτα
1521 1313 1640 1346 ἀκούσας
1665 1314 1729 1350 παρ’
1752 1315 1840 1349 αὐτῆς

1051 1360 1175 1392 ἔκλαυσε,
1190 1361 1237 1387 καὶ
1251 1360 1325 1394 λέγει
1345 1362 1377 1396 τῇ
1394 1361 1477 1396 μητρὶ
1501 1359 1597 1387 αὐτοῦ·
1613 1360 1686 1392 Ἕως
1708 1359 1762 1386 τῶν
1785 1356 1838 1386 ὧδε

1050 1407 1143 1443 χρείαν
1157 1407 1226 1442 ἔχω’
1240 1407 1287 1433 καὶ
1298 1406 1427 1438 ἀναστὰς,
1439 1406 1555 1441 ἀνῆλθεν
1569 1407 1597 1432 ἐν
1608 1406 1646 1441 τῷ
1656 1406 1713 1441 δρει
1727 1405 1836 1441 Θαϐὠρ.

1050 1453 1106 1479 Καὶ
1120 1453 1136 1488 ή
1155 1453 1246 1488 μήτηρ
1263 1452 1346 1479 αὐτοῦ
1369 1453 1526 1484 ἀναστᾶσα,
1543 1452 1662 1487 ἀπῆλθεν
1679 1453 1707 1478 ἐν
1722 1451 1760 1486 τῷ
1779 1451 1840 1487 ναῷ

1051 1496 1105 1523 τῶν
1128 1495 1261 1529 είδώλων,
1290 1496 1390 1523 ἰδέσθαι
1415 1496 1460 1523 τὸν
1487 1497 1585 1531 ἑαυτῆς
1613 1497 1687 1529 υἱὸν,
1723 1497 1786 1532 πρὶν
1819 1497 1836 1533 ἢ

211 1540 317 1576 quieos
333 1540 474 1576 deglutiat.
498 1540 697 1577 Exaudivitque
726 1541 797 1570 Deus
823 1541 998 1570 Melchisede-

1052 1543 1203 1578 σφαγῆναι,
1229 1543 1276 1570 καὶ
1301 1542 1362 1570 ὅλον
1383 1543 1413 1570 τὸ
1437 1543 1515 1577 γένος
1540 1543 1634 1578 αὐτῆς.
1654 1542 1784 1570 Ἀνελθὼν
1809 1543 1839 1569 δὲ

210 1595 285 1620 cum,
300 1595 331 1614 ac
351 1587 498 1622 derepente
521 1591 615 1622 aperta
631 1591 673 1615 est
687 1591 759 1615 terra
772 1607 780 1620 ,
807 1591 835 1615 et
857 1588 1000 1624 deglutivit

210 1640 269 1665 ws,
286 1632 442 1660 universam
461 1632 565 1659 scilicet
577 1631 707 1659 familiam
718 1632 830 1665 Melchi,
856 1640 918 1660 cum
943 1636 998 1659 tota

211 1677 288 1710 urbe,
304 1677 341 1704 ita
357 1681 448 1705 utnec
462 1677 553 1710 homo,
563 1685 612 1705 nec
624 1685 682 1710 ara,
692 1686 742 1705 nec
755 1679 859 1711 fanum,
872 1686 922 1705 nec
935 1679 1000 1705 bru-

211 1728 280 1756 tum,
293 1731 382 1759 neque
398 1728 525 1751 creatura
541 1724 631 1758 aliqua
647 1724 723 1751 urbis
747 1725 832 1752 totius
858 1729 999 1759 superstes

211 1770 310 1803 fuerit;
331 1770 377 1797 sed
392 1770 483 1797 omnia
498 1770 626 1805 absorpta
652 1770 717 1797 sint.
744 1769 888 1797 Descendit
908 1774 998 1797 autem

211 1815 392 1842 Melchisedec
410 1815 444 1843 de
471 1819 563 1842 monte
579 1815 706 1847 Thabor,
723 1819 750 1842 et
765 1815 811 1842 ubi
827 1823 889 1842 sese
908 1815 999 1842 vidita

211 1861 267 1888 Deo
283 1861 453 1894 exauditam,
463 1869 561 1896 magno
575 1861 673 1888 timore
684 1865 826 1895 correptus
840 1861 866 1887 in
880 1865 998 1887 montem

213 1907 291 1943 191
306 1907 474 1942 remigravit,
492 1911 574 1943 atque
598 1908 625 1934 in
651 1907 764 1934 densant
790 1907 932 1941 ingressus
948 1906 997 1933 sil-

210 1960 285 1984 vam,
303 1956 407 1986 septem
433 1952 488 1979 illic
508 1959 595 1978 annos
616 1950 785 1987 permansit:
802 1950 892 1977 nudus
911 1953 941 1976 ut
964 1957 999 1977 ex

213 2001 308 2026 ventre
320 1998 418 2025 matris
432 2005 488 2025 sum
505 1998 642 2032 prodierat
654 2006 660 2024 :
674 2005 779 2032 ungues
795 1997 855 2031 ejus
868 1995 902 2023 ad
915 1995 998 2031 palmi

214 2044 295 2071 unius
309 2043 508 2079 longitudinem
529 2047 686 2073 creverunt,
705 2041 796 2077 capilli
816 2048 881 2069 vero
900 2041 998 2076 capitis

212 2089 247 2117 ad
263 2090 424 2117 umbilicum
443 2097 530 2122 usque
539 2088 659 2123 protensi
679 2092 753 2119 sunt,
767 2087 879 2115 dorsum
893 2087 953 2122 ejus
968 2090 998 2113 ut

213 2137 324 2165 cochlea
339 2136 485 2164 testudinis
497 2135 636 2162 obduruit.
652 2134 735 2162 Cibus
753 2134 812 2169 ejus
826 2138 905 2162 erant
916 2134 998 2160 arbo-

213 2190 274 2210 rum
293 2182 394 2214 baccaz,
411 2185 492 2217 potus
505 2185 595 2208 autem
614 2188 660 2208 ros
683 2188 763 2215 quem
781 2180 909 2215 lingebat.
932 2178 997 2206 Post

212 2231 316 2263 septem
332 2235 429 2258 annos,
441 2234 492 2254 vox
508 2226 631 2261 quaedam
648 2225 834 2252 Abrahamum
850 2225 997 2260 compella-

211 2276 261 2306 vit,
277 2274 371 2301 dicens
386 2282 391 2300 :
408 2273 557 2304 Abraham,
569 2271 717 2299 Abraham.
740 2271 890 2306 Respondit
911 2270 998 2297 Abra-

213 2320 276 2347 ham
289 2328 297 2346 :
309 2319 421 2346 Domine
433 2319 479 2345 mi.
491 2317 541 2345 Cui
553 2325 604 2345 vox
619 2317 732 2345 :Steme
744 2317 897 2352 iumentum
908 2321 998 2349 tuum,

213 2366 377 2400 imponeque
393 2369 482 2391 vestes
496 2363 629 2398 pretiosas
642 2368 669 2391 et
682 2363 826 2396 novacula,
840 2368 865 2390 et
878 2362 997 2390 ascende

212 2412 240 2439 in
262 2415 382 2438 montem
398 2409 518 2441 Thabor,
542 2413 637 2444 terque
659 2409 748 2436 clama
763 2419 769 2437 :
782 2408 869 2436 Homo
895 2409 954 2441 Dei,
971 2413 998 2436 et

212 2455 367 2492 egredietur
389 2455 471 2482 homo
500 2455 585 2482 ferus.
611 2454 650 2482 Ne
673 2454 804 2482 formides
829 2455 922 2487 illum,
950 2455 998 2481 scd

213 2502 290 2534 rade,
309 2509 415 2537 ungues
438 2508 542 2534 reseca,
567 2500 704 2536 indueque
721 2501 810 2533 illum,
835 2508 867 2528 ac
886 2501 1000 2528 benedi-

213 2547 332 2573 ctionem
348 2546 409 2581 ejus
423 2546 527 2581 accipe.
545 2543 675 2581 Fecitque
694 2545 832 2573 Abraham
849 2546 923 2581 quod
938 2546 999 2581 jus-

214 2600 275 2620 sum
295 2593 348 2621 sibi
364 2592 452 2620 fuerat
468 2600 483 2619 ιι
504 2591 631 2624 Domino,
650 2596 677 2620 et
693 2592 816 2620 ascendit
832 2592 860 2619 in
878 2596 999 2620 montem

213 2637 336 2670 Thabor,
352 2639 484 2674 stetitque
496 2639 524 2666 in
538 2639 624 2667 densa
636 2638 705 2666 silva
718 2648 725 2666 ι
742 2642 799 2666 tum
810 2642 851 2666 ter
864 2639 1001 2666 exclama-

261 2739 307 2776 20.)
324 2738 363 2776 ita
379 2738 447 2776 Reg.
462 2743 489 2776 et
499 2739 577 2768 Colb.
591 2739 662 2767 Editi
672 2748 748 2771 vero.
762 2740 885 2776 ἐπέγνων
901 2740 964 2776 γάρ.

261 2775 306 2810 ﬁt)
324 2775 402 2810 Beg.,
417 2775 503 2802 δοκῶν
520 2775 736 2810 καταλαγχάνειν
744 2775 789 2802 τὸν
801 2775 851 2810 τῆς
859 2775 999 2809 γυναικός.

213 2809 303 2846 Calbl,
320 2809 405 2846 δοκῶν
422 2810 460 2846 μὴ
479 2810 556 2846 λάχει
568 2811 616 2846 τὴν
633 2809 748 2845 γυναῖκα
763 2810 846 2846 αὐτοῦ
863 2812 876 2837 6
893 2810 1001 2846 κλῆρος.

249 2844 305 2880 (22)
328 2844 401 2880 Haec,
421 2844 544 2881 ἐφοσεῖτο
566 2844 619 2882 γάρ
639 2844 832 2882 προσκροῦσαι
857 2847 913 2878 τοῖς
932 2844 1002 2878 θεοῖς

1050 1588 1218 1624 Μελχισεδὲκ
1239 1590 1278 1620 εὶς
1297 1588 1328 1615 τὸ
1348 1588 1410 1625 ὅρος
1423 1588 1521 1624 Θαὸὼρ
1533 1610 1539 1621 ,
1555 1588 1648 1620 κλίνας
1672 1589 1706 1615 τὰ
1726 1589 1838 1623 γόνατα,

1050 1633 1142 1662 εἶπεν·
1167 1635 1196 1662 '0
1212 1635 1278 1667 θεὸς
1301 1636 1314 1661 6
1337 1634 1392 1660 τῶν
1407 1635 1475 1661 ὅλων
1489 1635 1600 1670 Κύριος,
1619 1637 1634 1661 ὁ
1660 1636 1776 1670 ποιήσας
1791 1635 1839 1662 τὸν

1049 1679 1162 1715 οὐρανὸν
1186 1680 1233 1708 καὶ
1258 1680 1308 1715 τὴν
1331 1680 1392 1716 γῆν,
1418 1681 1447 1706 σὲ
1475 1680 1658 1715 ἐπικαλοῦμαι
1684 1680 1730 1706 τὸν
1757 1681 1838 1715 μόνον

1049 1726 1174 1760 ἀληθινὸν
1199 1726 1275 1758 Θεὸν,
1294 1726 1446 1753 ὲπάκουσόν
1471 1735 1521 1762 μου
1545 1728 1578 1762 τῇ
1592 1726 1652 1762 ὥρᾳ
1670 1726 1765 1762 ταύτῃ.
1790 1728 1840 1754 καὶ

1050 1771 1210 1806 πρόσταξον,
1225 1772 1268 1798 ἵνα
1292 1771 1349 1799 ὅσοι
1365 1772 1547 1808 παρεγένοντο
1567 1772 1614 1798 ἐπὶ
1636 1773 1669 1808 τῇ
1693 1771 1771 1806 θυσίᾳ
1790 1772 1838 1798 τοῦ

1049 1815 1164 1850 ἀδελφοῦ
1181 1825 1230 1852 μου
1247 1817 1344 1852 Μελχὶ,
1362 1819 1376 1844 6
1399 1817 1481 1849 τόπος
1498 1817 1564 1853 ᾅδης
1580 1817 1703 1853 γένηται,
1719 1817 1766 1844 καὶ
1787 1826 1839 1844 κα,-

1049 1860 1132 1896 ταπίῃ
1144 1860 1251 1892 αὐτούς.
1266 1862 1321 1888 Καὶ
1331 1862 1483 1897 ἐπήκουσεν
1495 1863 1509 1888 6
1521 1861 1586 1893 Θεὸς
1598 1862 1643 1888 τοῦ
1657 1862 1838 1897 Μελχισεδὲκ,

1049 1906 1096 1932 καὶ
1122 1906 1222 1938 εὐθέως
1239 1907 1334 1942 ἔχανεν
1348 1908 1364 1943 ἡ
1379 1908 1414 1942 γῆ
1427 1928 1434 1940 ,
1452 1907 1499 1934 καὶ
1523 1908 1652 1934 κατέπιεν
1673 1909 1771 1940 αὐτοὺς
1792 1909 1840 1936 καὶ

1048 1952 1138 1977 πᾶσαν
1160 1951 1245 1987 φυλὴν
1267 1951 1313 1978 τοῦ
1341 1953 1445 1988 Μελχὶ,
1466 1953 1513 1979 σὺν
1530 1953 1604 1988 πάσῃ
1620 1955 1652 1988 τῇ
1679 1953 1770 1979 πόλει·
1792 1954 1839 1980 καὶ

1048 1995 1109 2022 οὒτε
1125 1996 1283 2031 ἄνθρωπος,
1309 1997 1340 2022 οὺ
1366 1997 1468 2032 βωμὸς,
1491 1997 1522 2023 οὐ
1546 1997 1627 2029 ναὸς,
1655 1999 1705 2025 οὐκ
1723 1998 1837 2032 ἄλογον,

1048 2040 1121 2067 οὗτει
1135 2050 1176 2072 τις
1202 2041 1290 2073 κτίσις
1308 2041 1358 2076 τῆς
1381 2042 1470 2077 πάσης
1493 2042 1597 2074 πόλεως
1622 2042 1740 2078 ἔμεινεν,
1769 2043 1838 2072 ἀλλὰ

1049 2087 1136 2112 πάντα
1165 2087 1298 2123 ὲχανώθη.
1330 2088 1457 2123 Κατῆλθε
1491 2089 1519 2116 δὲ
1550 2090 1564 2116 ό
1588 2090 1756 2125 Μελχισεδὲκ
1784 2091 1838 2117 ἀπὸ

1048 2131 1094 2158 τοῦ
1129 2132 1208 2167 ὅρους
1242 2133 1360 2169 Θαὸὼρ,
1400 2135 1447 2161 καὶ
1486 2134 1568 2167 ἰδὼν,
1608 2136 1649 2162 ὅτι
1686 2137 1838 2172 ἐπήκουσεν

1049 2178 1131 2205 αὑτοῦ
1152 2180 1166 2205 6
1186 2179 1269 2212 Θεὸς,
1297 2181 1325 2207 ὲν
1352 2181 1427 2217 φόϐῳ
1458 2182 1566 2217 μεγάλῳ
1596 2182 1677 2209 πάλιν
1704 2183 1839 2220 ὑπέστρε-

1048 2225 1098 2259 ψεν
1112 2226 1151 2257 είς
1175 2225 1205 2252 τὸ
1220 2226 1292 2262 ὅρος,
1320 2228 1367 2253 καὶ
1391 2229 1420 2254 ὲν
1436 2227 1476 2263 τῷ
1503 2228 1578 2254 δασεῖ
1589 2228 1639 2264 τῆς
1655 2228 1722 2265 ὕλης
1742 2230 1837 2263 ἐλθὼν,

1049 2272 1179 2306 ὲμόνασεν
1191 2273 1250 2298 ἐκεῖ
1263 2272 1309 2308 ἐτη
1323 2273 1395 2300 ἑπτά
1412 2273 1478 2309 (ειγ
1495 2274 1596 2309 γυμνὸς
1609 2275 1646 2306 ὡς
1659 2276 1713 2302 ἀπὸ
1720 2277 1838 2313 γαστρὸς

1051 2317 1153 2352 μητρὸς
1167 2317 1249 2344 αὑτοῦ
1266 2318 1378 2353 ἐξῆλθεν
1388 2327 1394 2333 ⁸
1412 2319 1459 2345 καὶ
1471 2319 1596 2354 ἐγένοντο
1611 2320 1634 2346 oi
1650 2320 1744 2356 ὄνυχες
1754 2321 1837 2348 αὑτοῦ

1051 2363 1236 2399 σπιθαμήσιοι,
1254 2364 1300 2390 καὶ
1328 2365 1356 2391 αἱ
1372 2365 1464 2401 τρίχες
1488 2365 1536 2401 τῆς
1551 2367 1670 2402 κεφαλῆς
1684 2368 1766 2394 αὑτοῦ
1786 2369 1838 2401 ἕως

1049 2411 1098 2445 τὴς
1110 2410 1210 2446 ὀσφύος
1222 2412 1316 2441 αὐτοῦ.
1337 2414 1383 2439 καὶ
1403 2414 1417 2440 6
1437 2413 1521 2446 νῶτος
1536 2415 1618 2441 αὑτοῦ
1644 2416 1751 2449 ἐγένετο
1772 2416 1839 2443 ὡσεὶ

1049 2457 1136 2493 δέρμα
1147 2457 1278 2493 χελώνης.
1300 2459 1332 2485 Ἦ
1343 2459 1371 2486 δὲ
1385 2459 1474 2495 τροφὴ
1486 2461 1569 2487 αὑτοῦ
1581 2462 1718 2496 ἀκρόδρυα
1731 2459 1776 2497 ἦν.
1792 2462 1839 2489 καὶ

1050 2503 1064 2528 6
1076 2503 1156 2535 ποτὺς
1172 2503 1252 2530 αὑτοῦ
1266 2504 1376 2540 δρόσος,
1389 2505 1418 2532 ὃν
1431 2506 1527 2540 ἐλειχε.
1555 2507 1611 2533 Καὶ
1628 2507 1698 2542 μετὰ
1719 2508 1753 2534 τὰ
1769 2508 1838 2535 ἑπτὰ

1050 2549 1097 2584 ἔτη
1117 2550 1192 2585 φωνὴ
1215 2548 1280 2586 ἦλθε
1307 2551 1346 2586 τῷ
1365 2552 1507 2588 Ἀϐραὰμ,
1532 2552 1647 2586 λέγουσα
1662 2574 1669 2585 ,
1701 2554 1838 2590 Ἀϐραὰμ,

1058 2596 1190 2632 Ἀϐραάμ.
1209 2595 1353 2624 Καὶνεῖπεν
1372 2599 1513 2634 Ἀϐραάμ⁶
1534 2600 1563 2626 '0
1579 2599 1680 2635 Κύριός
1704 2608 1765 2634 μου.
1785 2601 1839 2627 Καὶ

1051 2639 1112 2668 εἷπε
1123 2651 1128 2657 ·
1141 2643 1264 2679 Στρῶσον
1273 2644 1304 2670 τὸ
1318 2643 1462 2679 ὑποζύγιον
1477 2654 1535 2679 σου,
1551 2647 1598 2672 καὶ⁹
1625 2646 1758 2680 βάστασον
1774 2647 1838 2682 ἱμά-

1052 2742 1144 2781 αὐτος»,
1157 2742 1256 2781 desunt
1265 2743 1290 2770 in
1299 2743 1389 2781 editis,
1400 2744 1446 2781 sed
1455 2745 1590 2772 habentur
1605 2745 1633 2772 in
1646 2746 1712 2781 Reg.
1724 2750 1751 2773 et
1759 2745 1836 2774 Colb.

1052 2793 1074 2813 ιι
1157 2777 1194 2818 ita
1209 2777 1276 2813 Reg.
1291 2783 1318 2806 et
1340 2780 1419 2808 Colb.
1439 2780 1469 2807 ln
1489 2781 1571 2818 editis
1585 2781 1662 2818 deest
1677 2777 1836 2818 τ’ριακόσιοι.

1090 2813 1205 2853 (“151°
1221 2819 1324 2853 Ellum
1347 2821 1426 2853 antea
1438 2815 1567 2853 _"".“““_m
1586 2824 1618 2853 εις
1635 2813 1702 2853 ﬂeti
1716 2817 1838 2844 restitui-

1055 2847 1126 2878 mus.
1141 2847 1209 2877 ibid.
1222 2848 1298 2878 Colb.
1311 2854 1338 2878 et
1353 2851 1424 2878 infra
1437 2850 1518 2878 habet
1532 2850 1578 2886 ἐτη
1593 2850 1623 2885 ξ’.
