1929 3056
114 160 170 188 533

721 159 822 187 LIBER
843 160 886 187 DE
906 160 1192 189 DEFlNlTIONlBUS.

1689 162 1743 192 53L

153 219 186 248 In
202 222 381 256 manuscripta
396 229 474 256 porro
490 220 604 248 Colbcrt.
621 221 700 252 L755,
713 222 867 255 opusculum
885 221 896 247 Λ

952 228 994 248 tur
1011 222 1057 248 hoc
1076 223 1170 249 titulo:
1187 222 1328 257 Κεφάλαιά
1344 232 1405 249 τινα
1428 223 1567 258 ὀφείλοντα
1579 222 1741 252 ἐπίστασθαι

114 269 182 301 τοῖς.
204 268 242 300 ὼς
259 268 317 302 ἐξὸν
334 268 496 304 ἀνθρωπίνῳ
517 268 567 299 νοῒ,
584 269 753 304 βουλομένοις
763 269 863 302 γνῶναι
879 269 909 295 τι
925 270 1074 305 μυστήριον
1088 270 1137 304 τῆς
1148 271 1194 298 τοῦ
1211 270 1296 306 Λόγου
1314 271 1488 306 σαρκώσεως.
1506 271 1602 307 Capita
1617 271 1739 307 quaedam

115 321 177 348 quae
193 314 266 340 scire
278 317 386 348 oportet
400 321 459 343 eos,
472 313 530 348 qui,
543 317 573 340 ut
589 313 640 340 fert
657 314 773 341 facultas
789 314 889 340 mentis
904 315 1040 346 humanm,
1054 323 1135 343 nosse
1152 316 1247 354 volunt
1263 317 1420 351 mysterium
1437 317 1635 345 lncarnationis
1647 316 1738 345 Verbi.

115 360 200 387 lsthic
212 359 297 386 multa
311 358 451 391 habentur,
462 367 520 393 qum
531 359 559 385 in
573 359 613 386 Itis
631 367 732 394 quoque
747 358 952 393 Deﬁnitionibus
972 359 1102 395 leguntur,
1118 360 1224 396 suisque
1238 361 1302 388 locis
1318 362 1513 390 adnatavimus.

280 484 351 510 ΤΟΥ
366 484 499 515 ΑΥΤΟΥ,
523 483 621 510 ΠΕΡΙ
638 484 749 509 ΟΡΩΝ.

151 543 178 570 1.
194 543 271 578 Ὀροι
288 543 411 578 διάφοροι
437 542 507 569 κατὰ
523 542 572 578 τὴν
589 542 737 578 παράδοσιν
751 542 798 568 καὶ
813 541 903 568 πίστιν

113 589 165 624 τῆς
198 588 346 623 καθολικῆς
380 588 560 623 Ἐκκλησίας,
592 587 765 622 συλλεγέντες
790 588 848 620 ,ἀπό
874 596 903 614 τε

114 635 273 669 Κλήμεντος
292 634 338 660 καὶ
353 633 454 669 ἐτέρων
469 634 550 660 ὁσίων
569 633 673 669 ἀνδρῶν
691 633 738 660 καὶ
763 633 903 669 μακαρίων

114 680 260 715 Πατέρων·
290 679 337 711 οὓς
363 679 401 706 δεῖ
427 679 480 715 πρὸ
502 679 599 711 παντὸς
629 679 720 715 ἐτέρου
745 678 904 714 μαθήματος

115 725 238 760 μετιέναι
259 726 305 752 καὶ
326 724 503 760 ὲνστηθίζειν,
526 725 571 752 τὸν
585 726 617 760 τῇ
648 724 758 760 βοηθείᾳ
772 724 817 750 τοῦ
836 724 902 750 Θεοῦ

116 771 295 807 προΐστασθαι
308 771 354 797 τοῦ
369 771 455 805 Λόγου
468 771 517 805 τῆς
528 771 655 807 ἀληθείας
667 771 826 806 βουλόμενον
835 791 842 803 ,
856 771 903 797 καὶ

114 817 203 843 πάντα
230 816 372 851 ἄνθρωπον
386 816 532 852 όρθοδόξως
554 817 721 852 φρονοῦντα,
740 817 787 844 καὶ
812 817 902 843 πίστιν

113 863 183 898 πρὸς
197 862 262 888 Θεὸν
276 862 325 897 τὴν
342 862 474 898 εἰλικρινῆ
487 863 632 897 ἐσχηκότα.

147 908 175 935 ‘2.
186 908 258 944 Πρὸς
272 908 300 934 δὲ
315 908 513 944 ἀκριϐεστέραν
527 908 676 944 παράδοσιν
694 909 781 934 ἐκεῖνο
804 908 901 934 ειδέναι

113 954 178 989 χρὴ,
193 942 287 989 ὅτιπερ
303 942 357 980 πᾶν
370 954 400 980 τδ
410 942 514 980 οίονοῦν
530 942 640 990 ζήτημα
655 954 671 989 ἢ
690 954 818 990 ἐρώτημα
828 956 902 990 τρεῖς

112 1001 163 1032 τὰς
187 1000 336 1035 ἐρωτήσεις
351 1001 398 1027 καὶ
411 1000 547 1032 ἐξετάσεις
563 1001 618 1035 ἔχει
631 1009 638 1014 ·
651 998 706 1027 οἷον
725 1000 750 1027 τί
765 1001 822 1027 ἐστι
842 1001 901 1027 τόδε

113 1048 241 1082 πρᾶγμα,
275 1047 323 1074 καὶ
351 1047 420 1074 κατὰ
444 1047 470 1073 τί
497 1047 603 1082 εἴρηται
621 1047 691 1078 τόδε,
713 1047 760 1073 καὶ
774 1047 900 1082 (ὁσαχῶς)

113 1093 214 1119 νοεῖται
233 1092 264 1118 τὸ
290 1092 375 1127 ὄνομα
397 1092 465 1118 τόδε.
491 1092 545 1118 Καὶ
567 1093 609 1118 ὅτε
628 1093 678 1128 μὲν
705 1093 860 1129 ἐρωτῶμεν,
875 1093 900 1119 τί

113 1139 172 1165 ὲστι
197 1138 274 1171 τόδε;
305 1138 454 1174 πρόδηλον,
475 1138 514 1165 ὅτι
540 1138 585 1164 τὸν
607 1139 669 1174 ὅρον
692 1137 827 1174 ζητοῦμεν
852 1139 899 1166 τοῦ

114 1185 292 1220 πράγματος·
304 1185 368 1211 ὅταν
384 1184 412 1210 δὲ
423 1184 557 1220 λέγωμεν,
574 1184 645 1212 κατὰ
659 1185 685 1211 τί
701 1185 808 1220 εἴρηται
822 1185 899 1218 τόδε;
917 1201 937 1228 Β

111 1231 162 1267 τὴν
174 1231 351 1266 ὲτυμολογίαν
362 1230 407 1257 τοῦ
420 1231 550 1266 ὀνόματος
567 1230 745 1266 ἀπαιτοῦμεν.
766 1230 862 1257 Ἦνίκα
872 1231 900 1257 δὲ

111 1278 238 1312 λέγομεν,
257 1277 362 1313 ὁσαχῶς
378 1278 477 1304 νοεῖται
502 1278 532 1304 τὸ
548 1277 633 1312 δνομα
653 1277 733 1310 ’πόδες
757 1277 899 1313 πρόδηλον,

111 1324 154 1350 ὅτι
171 1324 242 1350 πόσα
269 1323 404 1358 ζητοῦμεν
425 1323 460 1349 τὰ
483 1323 670 1358 σημαινόμενα
694 1323 742 1350 τοῦ
758 1323 898 1358 ὀνόματος.

117 1370 147 1396 '0
164 1368 231 1404 γοῦν
242 1370 321 1401 ἐκτὸς
333 1369 460 1405 εῑδὴσεως
482 1369 536 1395 τῶν
561 1369 631 1405 ὅρων
647 1369 818 1404 δογματίζειν
841 1369 901 1395 ὲπι-

111 1416 213 1451 χειρῶν
226 1416 302 1442 οὐδὲν
316 1416 437 1451 διαφέρει
448 1415 547 1450 τυφλοῦ
562 1415 702 1450 ὁδοιπόρου
723 1411 772 1441 ὦδε
788 1415 898 1442 κάκεῖσε

111 1461 292 1496 πλαζομένου.
306 1461 434 1496 Εἰρητὲον
449 1461 536 1487 τοίνυν
548 1461 602 1487 τῶν
615 1460 821 1496 προειρημένων
837 1461 900 1496 τρό-

111 1514 170 1532 πων
183 1505 286 1541 τριχῶς
304 1505 438 1532 ποιεῖσθαι
454 1505 502 1541 τὴν
519 1505 652 1538 ἐξέτασιν.

149 1593 174 1620 5.
190 1593 271 1628 Ὀρος
283 1593 338 1619 τῶν
353 1593 424 1627 ὅρων
443 1593 516 1619 ἐστὶν
530 1594 545 1619 6
560 1593 648 1620 πάντα
664 1593 714 1628 μὲν
730 1592 839 1629 ὁρίζων,
854 1593 897 1620 αὐ-

109 1640 155 1670 τὸς
169 1639 198 1665 δὲ
215 1639 269 1664 ὑπ’“
277 1638 383 1670 οὐδενὸς
396 1638 553 1674 ὁριζόμενος
563 1647 570 1653 ·
585 1638 654 1665 ὥστε
672 1639 752 1674 μόνος
771 1639 832 1674 ὅρος
845 1640 899 1666 τῶν

109 1685 181 1720 ὅρων
193 1684 267 1710 ἐστὶν
282 1684 296 1710 6
308 1684 383 1716 Θεός.
400 1685 482 1720 Ὅρος
499 1685 557 1710 ἐστὶ
575 1684 654 1718 λόγος
669 1684 798 1720 σύντομος
813 1685 899 1720 δηλω-

108 1731 186 1762 nato;
204 1730 254 1765 τῆς
267 1731 374 1765 φύσεως
388 1730 434 1757 τοῦ
445 1730 623 1766 ὑποκειμένου
639 1731 809 1766 πράγματος.
821 1732 898 1767 Ὅροι

107 1776 136 1802 δὲ
150 1775 285 1809 λέγονται,
296 1775 334 1806 ὡς
348 1776 456 1810 ὁράσεις
467 1776 514 1802 καὶ
522 1775 656 1811 ὀφθαλμοὶ
668 1776 722 1803 τῶν
729 1777 898 1812 πραγμάτων

107 1821 297 1856 τυγχάνοντες,
327 1822 373 1847 καὶ
393 1821 430 1852 ὡς
455 1821 617 1858 διορίζοντες
635 1822 772 1857 συντόμως
790 1822 839 1857 τὴν
850 1822 896 1848 τοῦ

928 443 956 450 ..ι

1045 484 1230 518 EIUSDEM,
1250 486 1301 513 DE
1319 486 1654 519 DEFINITIONIBUS.

994 542 1019 570 1.
1041 542 1128 570 νιιγίιε
1142 543 1316 572 deﬁnitiones
1325 545 1402 579 juxta
1419 546 1590 575 traditionem
1605 547 1738 584 ﬁdemque

959 589 1100 616 catholicae
1116 588 1253 623 Ecclesiae,
1273 591 1394 618 collecta
1408 599 1441 619 ex
1453 592 1600 625 Clemente,
1617 594 1736 630 aliisque

957 634 1061 661 sanctis
1084 635 1162 667 viris,
1186 635 1328 671 beatisque
1350 636 1574 673 Patribuszquas
1599 647 1654 674 prae
1677 641 1738 669 aliis

956 680 1083 708 omnibus
1103 680 1268 716 diseiplinis,
1285 682 1360 710 adire
1385 687 1466 718 atque
1483 685 1575 712 animo
1594 687 1738 721 complecti

956 730 1063 760 oportet
1078 734 1139 754 cum
1156 728 1213 762 qui,
1227 727 1414 763 Deojuvantc,
1433 731 1516 757 verho
1532 731 1655 759 veritatis
1669 740 1738 767 pra:-

955 779 1016 800 esse
1034 773 1168 807 voluerit;
1191 782 1297 802 necnon
1318 776 1443 810 quisquis
1461 777 1640 804 orthodoxam
1664 782 1737 805 tenet

956 819 1130 852 sententiam,
1154 821 1344 856 sinceramque
1358 822 1437 849 ﬁdem
1458 823 1539 850 habet
1559 831 1623 859 erga
1641 824 1735 852 Deum.

989 905 1015 932 2.
1044 905 1085 932 Ad
1110 907 1307 935 accuratiorem
1335 915 1418 942 porro
1447 910 1639 943 traditionem,
1665 911 1738 939 scire

954 951 1092 984 convenit,
1117 953 1267 987 quamlibet
1294 955 1471 988 quaestionem
1497 959 1525 983 et
1546 956 1736 992 interrogatio-

955 1004 1016 1023 nem
1029 1002 1084 1024 tres
1096 997 1196 1025 habere
1209 998 1446 1034 interrogationes,
1458 1004 1485 1028 et
1498 1002 1713 1036 perquisitiones
1727 1012 1734 1030 ε

954 1049 1060 1076 nempe,
1068 1043 1132 1078 quid
1142 1051 1185 1071 res
1194 1043 1229 1072 sit
1239 1053 1314 1080 :quae
1321 1046 1444 1074 sitcausa
1454 1047 1573 1074 nominis
1582 1047 1642 1082 ejus
1652 1058 1659 1075 :
1668 1054 1736 1083 quot

953 1089 1042 1115 modis
1054 1089 1230 1125 intelligatur.
1241 1090 1308 1118 Cum
1320 1099 1384 1120 vero
1396 1093 1596 1128 interrogamus
1608 1103 1613 1120 :
1626 1093 1696 1127 Quid
1707 1084 1737 1121 il-

954 1133 999 1160 lud
1017 1134 1078 1162 est?
1093 1135 1181 1169 palam
1205 1141 1245 1164 est
1270 1145 1319 1164 nos
1344 1137 1383 1164 rei
1404 1138 1587 1166 deﬁnitionem
1602 1147 1732 1174 quaerere.

953 1178 1021 1206 Cum
1031 1179 1149 1208 dicimus
1161 1187 1250 1209 autem
1265 1191 1271 1209 :
1284 1183 1343 1216 Qua
1353 1183 1387 1211 de
1401 1191 1482 1211 caus»
1493 1183 1532 1211 sic
1541 1186 1670 1213 vocatur?
1684 1194 1734 1213 no-

952 1225 1034 1253 minis
1057 1227 1247 1262 etymologiam
1270 1229 1450 1263 postulamus.
1475 1229 1526 1258 Uhi
1552 1239 1617 1258 vero
1641 1226 1736 1260 scisci-

951 1273 1052 1303 tamur,
1077 1271 1232 1308 Quotuplici
1257 1274 1338 1302 modo
1361 1275 1412 1302 hoc
1437 1283 1535 1303 nomen
1556 1277 1736 1313 intelligitur?

953 1316 1030 1352 193
1047 1319 1186 1352 propalam
1203 1324 1245 1347 est
1259 1328 1310 1347 nos
1325 1329 1463 1356 quzerere,
1480 1326 1546 1357 quot
1569 1323 1624 1351 sint
1647 1324 1735 1351 nomi-

951 1362 994 1389 nis
1015 1362 1176 1397 signiﬁcata.
1195 1364 1318 1400 Quisque
1336 1367 1526 1403 ergo.absque
1545 1368 1733 1396 deﬁnitionum

951 1408 1065 1442 notitia,
1097 1410 1197 1438 docere
1228 1412 1402 1447 aggreditur,
1442 1413 1465 1441 is
1497 1414 1566 1440 nihil
1598 1414 1688 1442 diﬁ‘ert
1718 1423 1734 1443 a

951 1461 1023 1481 casco
1053 1455 1157 1483 viatore
1190 1457 1240 1484 hac
1267 1458 1330 1485 illac
1356 1462 1476 1486 errante.
1504 1459 1651 1487 Dicendum
1680 1461 1733 1488 ita-

951 1506 1003 1533 que
1018 1499 1105 1528 tribus
1124 1501 1200 1529 hisce
1217 1503 1303 1530 modis
1323 1503 1528 1540 inquisitionem
1545 1505 1637 1533 haberi
1653 1513 1734 1541 opor-

951 1548 1018 1572 tere.

985 1590 1010 1617 5.
1041 1590 1166 1618 Deﬁnitio
1200 1591 1389 1621 deﬁnitionum
1417 1602 1448 1621 ea
1477 1599 1529 1628 est,
1556 1603 1616 1630 quae
1642 1596 1733 1623 omnia

949 1636 1042 1663 deﬁnit
1058 1641 1085 1664 et
1102 1645 1117 1664 a
1133 1638 1208 1665 nullo
1226 1638 1363 1666 deﬁnitur.
1382 1639 1552 1675 Quapropter
1569 1642 1644 1669 solus
1661 1641 1733 1670 Deus

948 1681 1068 1709 deﬁnitio
1083 1682 1270 1710 deﬁnitionum
1284 1687 1334 1711 est.
1351 1683 1475 1712 Deﬁnitio
1496 1691 1539 1713 est
1561 1688 1650 1714 oratio
1669 1687 1732 1715 bre-

947 1729 1000 1760 vis,
1028 1729 1174 1764 propositae
1199 1729 1238 1757 rei
1265 1734 1390 1757 naturam
1415 1731 1565 1766 explicans.
1584 1731 1731 1760 Dicuntur-

947 1781 1000 1808 que
1018 1774 1085 1810 ὅροι,
1110 1782 1159 1801 seu
1181 1775 1363 1808 deﬁnitiones,
1384 1776 1462 1811 quasi
1481 1776 1598 1812 όράσεις,
1616 1785 1664 1804 seu
1689 1779 1729 1805 in-

947 1820 1102 1853 spectioncs
1129 1825 1210 1855 atque
1236 1822 1309 1849 oculi
1333 1829 1444 1855 rerum,
1467 1827 1494 1849 et
1513 1823 1585 1857 quod
1612 1823 1731 1851 breviter

108 1867 206 1903 νοητοῦ
224 1867 348 1902 δύναμιν.
366 1868 421 1894 Καὶ
435 1867 490 1903 γὰρ
503 1869 516 1894 6
531 1867 672 1903 ἄνθρωπός
689 1863 851 1895 ἐστινόὺσία
865 1869 896 1894 ἐκ

951 1864 1077 1892 deﬁniant
1099 1866 1277 1900 intelligihilis
1298 1867 1336 1894 rei
1358 1867 1496 1895 virtutem.
1517 1867 1624 1896 Etenim
1647 1869 1731 1897 homo

108 1913 210 1949 σαρκὸς
222 1914 269 1939 καὶ
285 1912 384 1948 ψυχῆς,
399 1913 445 1939 καὶ
457 1913 537 1947 λόγου
553 1915 599 1940 καὶ
616 1914 740 1950 αἵματος,
758 1914 805 1940 καὶ¹
822 1923 893 1940 στοι-

107 1960 199 1995 χείων,
215 1960 261 1985 καὶ
275 1959 374 1995 ἐτέρων
398 1959 527 1986 πλειόνων
547 1960 738 1995 συνισταμένη.
760 1960 854 1995 Ἡμεῖς
868 1960 895 1986 δὲ

106 2004 300 2041 περιορίζομεν
322 2005 416 2037 ταῦτα,
433 2005 480 2032 καὶ
501 2005 639 2040 συντόμως
655 2005 770 2041 λέγομεν
783 2005 826 2032 διὰ
847 2005 894 2032 τοῦ

105 2052 182 2087 ὅρου,
208 2051 249 2078 ὅτι
275 2052 304 2078 Ὀ
330 2051 472 2087 ἄνθρωπός
496 2052 553 2078 ἐστι
575 2051 643 2084 ζῶον
658 2052 774 2086 λογικὸν,
788 2051 892 2087 θνητὸν,

105 2097 152 2124 νοῦ
177 2097 224 2124 καὶ
246 2098 400 2133 ἐπιστήμης
421 2097 553 2124 δεκτικόν.
572 2098 688 2132 Λέγεται
706 2099 752 2125 καὶ
769 2098 849 2125 πάλιν
864 2099 895 2125 τὸ

106 2143 214 2175 ἐντελὲς
236 2143 322 2178 ὁνημα
339 2143 386 2170 τοῦ
408 2143 552 2180 ἀνθρώπου
572 2144 891 2180 ἁνορθοπεριπατητικόν.

106 2189 261 2224 Συνέκσψαν
287 2190 317 2216 δὲ
342 2190 366 2216 οἱ
390 2179 581 2225 ὀνοματοθέται
599 2191 648 2225 τὴν
670 2189 895 2222 πολυλεξίαν,καὶ

104 2235 251 2270 ιῐινόμασαν
275 2236 356 2262 αὐτὸν
381 2235 523 2271 ἄνθρωπον
543 2236 588 2262 διὰ
606 2236 655 2272 τὴν
672 2237 891 2271 συντομολογίαν.

111 2280 172 2308 ’Λνο
177 2282 440 2317 ρθοπεριπατητικὺν
451 2282 480 2308 δὲ
496 2282 629 2316 λέγεταιό
639 2282 686 2309 ἄνθ
691 2291 790 2318 ρωπος,
800 2282 893 2318 ἐπειδὴ

103 2328 140 2355 τὰ
161 2328 246 2362 ἄλογα
262 2328 319 2360 ζῶα
345 2327 558 2363 περιπατοῦντα,
575 2328 697 2355 κλίνονται
711 2329 760 2365 τὴν
774 2329 893 2364 κεφαλὴν

105 2373 234 2408 βλέπουσι
257 2373 332 2399 κάτω
350 2373 418 2408 πρὸς
431 2372 480 2409 τὴν
491 2373 557 2408 γῆν·
574 2375 588 2400 6
603 2373 631 2400 δὲ
652 2374 793 2409 ἄνθρωπος
816 2384 893 2410 περι-

105 2418 201 2445 πατῶν
226 2418 320 2453 βλέπει
349 2419 396 2445 καὶ
419 2418 516 2454 Θεωρεῖ
544 2419 578 2446 τὰ
606 2420 672 2446 ἄνω.
697 2420 740 2447 Ἐν
769 2423 890 2456 συγκοπῇ

103 2464 134 2491 δὲ
159 2465 319 2499 ὀνομάζεται
336 2464 486 2500 ἄνθρωπος.
511 2465 594 2492 Πάλιν
617 2466 758 2501 ἄνθρωπος
773 2466 890 2501 λέγεται,

102 2510 149 2536 διὰ
161 2511 192 2536 τὸ
204 2511 260 2537 ἄνω
268 2510 360 2546 ἀθρεῖν
368 2510 413 2547 τον
423 2508 485 2537 ὧπα
494 2519 501 2526 ⁸
514 2511 586 2538 τοῦτ’
599 2511 656 2538 ἔστι
667 2512 710 2538 διὰ
719 2513 748 2538 τὺ
756 2513 811 2540 ἄνω
825 2513 890 2540 θεω-

106 2558 164 2592 ρεῖν
189 2556 242 2582 τῶν
260 2557 407 2592 ὀφθαλμῶν
428 2557 507 2593 ὴμῶν
533 2557 584 2593 τὴν
609 2559 759 2594 ἐνέργειαν.
783 2560 810 2586 '0
836 2561 890 2596 γὰρ

103 2602 243 2637 ὀφθαλμὸς
271 2604 318 2629 καὶ
338 2604 352 2630 6
368 2603 429 2635 νοῦς
447 2604 560 2631 πάντοτε
574 2605 629 2631 ἀνω
643 2606 700 2641 όρᾷ.
729 2606 784 2632 Καὶ
795 2606 888 2633 τούτου

103 2647 185 2683 χάριν
207 2647 312 2683 εἴρηται
339 2648 416 2684 ὅρος·
434 2649 474 2676 ὅτι
501 2645 651 2685 περιορίζει
674 2651 720 2678 καὶ
743 2652 889 2686 συγκόπτει

101 2694 152 2729 τὴν
178 2693 348 2727 πολυλεξίαν,
377 2695 425 2722 καὶ
447 2697 520 2722 ποιεῖ
554 2696 686 2732 σύντομον
712 2698 762 2732 τὴν
784 2707 888 2734 μακρο-

102 2738 134 2765 λο
140 2752 148 2773 ι
155 2739 209 2766 ίαν.

138 2823 166 2850 ι.
185 2823 282 2850 Πολλοὶ
298 2824 346 2858 μὲν
362 2823 408 2851 οὖν
421 2826 473 2852 εἰσι
494 2827 541 2853 καὶ
553 2814 733 2863 ἀναρίθμητοι
749 2829 806 2865 ὅροι
823 2830 888 2867 περὶ

101 2870 204 2901 παντὸς
219 2869 388 2905 πράγματος.
410 2871 455 2898 Ἐκ
473 2872 576 2900 πολλῶν
595 2872 622 2900 δὲ
636 2874 742 2907 ὀλίγους
757 2875 819 2907 τοὺς
838 2884 886 2903 κυ-

945 1913 987 1936 est
1013 1910 1179 1942 substantia,
1204 1919 1296 1943 carne,
1319 1912 1421 1944 anima,
1445 1913 1559 1946 ratione,
1584 1914 1728 1950 sanguine,

945 1955 1096 1988 elementis,
1123 1957 1239 1992 aliisque
1265 1958 1359 1986 multis
1385 1964 1528 1988 constans.
1554 1959 1610 1988 Nos
1638 1965 1728 1988 autem

945 2001 992 2027 illa
1015 2001 1282 2036 circumscribimus,
1308 2008 1334 2031 et
1359 2005 1453 2039 paucis
1475 2013 1523 2040 per
1542 2005 1728 2033 deﬁnitionem

944 2047 1062 2075 dicimus
1086 2057 1093 2076 :
1123 2048 1210 2076 Homo
1235 2053 1278 2077 est
1302 2050 1402 2078 animal
1431 2051 1572 2083 rationale.
1602 2052 1726 2084 mortale,

944 2093 1043 2120 mentis
1070 2097 1098 2121 et
1121 2095 1242 2123 scientiae
1267 2103 1364 2131 capax.
1396 2096 1500 2124 Dicitur
1524 2101 1615 2124 autem
1638 2098 1727 2132 ipsum

944 2139 1078 2174 integrum
1101 2140 1219 2169 hominis
1251 2149 1365 2174 nomen,
1396 2143 1726 2179 ἀνορθοπεριπατητικόν,

944 2185 971 2211 id
987 2189 1040 2217 est,
1060 2192 1153 2214 erecto
1175 2195 1290 2222 corpore
1307 2188 1445 2216 incedens.
1464 2188 1664 2216 Abbreviarunt
1679 2197 1728 2216 au-

944 2234 997 2258 tem
1013 2232 1059 2267 qui
1077 2233 1158 2260 rebus
1175 2233 1297 2261 indidere
1308 2235 1429 2266 nomina,
1443 2236 1518 2263 vocis
1531 2235 1725 2270 prolixitatem,

943 2280 970 2303 ct
991 2281 1125 2304 vocarunt
1149 2285 1228 2311 cum,
1255 2278 1409 2314 ἄνθρωπον,
1432 2279 1458 2306 id
1484 2284 1542 2311 est,
1570 2280 1725 2312 hominem,

943 2322 1084 2351 brevitatis
1101 2331 1194 2351 causa.
1208 2324 1312 2351 Dicitur
1323 2329 1412 2352 autem
1427 2330 1519 2352 erecto
1529 2333 1642 2360 corpore
1656 2326 1728 2353 ince-

943 2368 1021 2400 dens,
1042 2369 1134 2402 ltomo,
1151 2371 1279 2404 quoniam
1298 2371 1377 2398 bruta
1400 2371 1548 2398 animantia
1565 2380 1628 2399 cum
1651 2373 1727 2400 ince-

942 2414 1022 2447 dunt,
1041 2423 1128 2450 prono
1141 2417 1239 2451 capite,
1258 2417 1373 2445 inferius
1393 2417 1420 2444 in
1437 2420 1537 2444 terram
1555 2418 1724 2453 respiciunt;

942 2460 1024 2488 homo
1057 2469 1139 2494 vero,
1175 2462 1240 2489 dum
1270 2463 1404 2498 graditur,
1442 2471 1560 2498 superna
1594 2464 1667 2492 videt
1698 2469 1725 2492 et

942 2507 1149 2542 contemplatur.
1166 2507 1218 2535 Per
1232 2516 1369 2544 syncopen
1385 2512 1475 2536 autem
1490 2509 1632 2546 ἄνθρωπος
1644 2519 1723 2539 voca-

944 2559 997 2582 tur.
1016 2554 1102 2581 llomo
1119 2562 1228 2582 rursum
1249 2555 1359 2586 dicitur,
1390 2555 1462 2590 quod
1477 2556 1568 2584 vultus
1586 2557 1645 2592 ejus
1664 2565 1725 2584 sur—

944 2608 1003 2628 sum
1039 2600 1162 2635 aspiciat,
1187 2601 1212 2628 id
1236 2605 1277 2628 est
1309 2601 1381 2636 quod
1406 2602 1548 2629 oculorum
1567 2608 1723 2631 nostrorum

942 2647 1011 2679 acie,
1026 2655 1134 2674 sursum
1149 2647 1324 2682 aspiciamus.
1341 2648 1444 2675 Oculus
1459 2649 1532 2676 enim
1552 2653 1633 2684 atque
1646 2657 1724 2679 mens

941 2701 1051 2720 sursum
1063 2701 1169 2728 semper
1180 2694 1300 2728 respicit.
1314 2694 1400 2729 Atque
1413 2694 1471 2721 ideo
1483 2695 1580 2722 dicitur
1591 2695 1723 2728 deﬁnitio,

942 2739 1005 2774 quia
1024 2738 1119 2766 deﬁnit
1141 2744 1168 2766 et
1191 2739 1331 2767 abbreviat
1351 2740 1554 2768 multitudinem
1571 2749 1680 2775 vocum,
1697 2747 1724 2769 et.

941 2785 1125 2820 prolixitatem
1140 2785 1274 2813 orationis
1289 2785 1424 2814 decurtat.

973 2830 1001 2857 4.
1023 2830 1113 2857 Multa:
1129 2831 1212 2866 igitur
1231 2835 1313 2866 atque
1329 2833 1479 2860 innumera:
1495 2838 1558 2861 sunt
1574 2833 1724 2869 cujuscuno

939 2883 993 2911 que
1009 2877 1046 2904 rei
1062 2877 1244 2905 deﬁnitiones.
1259 2877 1297 2906 Ex
1308 2879 1403 2906 multis
1419 2884 1508 2907 autem
1524 2887 1626 2915 paucas
1643 2885 1724 2916 atque
