1924 3059
108 155 163 182 537

711 150 810 178 LIBER
828 147 872 175 DE
891 146 1179 176 DEFINITIONIBUS.

1682 145 1735 175 538

152 212 262 246 ’ἰδίωμα
279 211 386 244 λέγεται
401 211 432 236 τὸ
454 210 525 241 ἰδίως
545 210 667 246 ὑπάρχον
681 209 709 235 ὲν
725 210 757 244 τῇ
772 208 861 242 φύσει,
873 208 902 233 ὲν

988 204 1147 240 Proprietas
1166 205 1278 237 dicitur,
1295 205 1367 239 quod
1387 204 1496 240 proprie
1517 205 1625 232 exsistit
1643 205 1671 232 in
1687 213 1737 232 nae

110 257 194 292 ἑτέρᾳ
208 257 237 283 δὲ
254 256 333 291 οὐσίᾳ
349 255 480 291 μηδαμῶς
492 254 628 290 ὑπάρχον
643 254 736 289 ὥσπερ
758 254 787 279 ὲν
802 251 898 287 τῷάν-

112 303 216 339 θρώπῳ
228 302 257 329 τὸ
277 302 444 336 γελαστικόν.
467 302 533 328 Οὐδὲ
550 302 603 337 γάρ
615 301 672 327 ἐστι
685 299 770 334 γέλως
789 300 817 324 ὲν
832 298 900 335 ἄλλῃ

111 349 157 384 οἴει
172 349 272 384 δήποτε
288 348 377 383 φύσει.

151 394 178 421 8.
242 381 348 428 λέγεται
365 395 463 428 φύσις;
480 392 562 424 Φύσις
578 391 694 428 εἴρηται,
710 391 753 418 διὰ
770 391 800 416 τὸ
813 381 900 424 mou-

115 443 193 469 κέναι
205 442 252 468 καὶ
266 440 346 472 εἶναι,
355 440 449 475 ὥσπερ
460 441 506 466 καὶ
517 439 604 470 οὐσία,
613 436 724 470 (ὓς-οὖσα
739 438 785 464 καὶ
800 437 828 462 ὲν
836 436 902 470 ἁλη-

115 489 178 523 θείᾳ
192 487 389 523 γνωριζομένη.
399 486 481 517 Φύσις
496 485 576 512 πάλιν
588 485 703 520 εἴρηται,
712 483 755 510 διὰ
768 482 814 509 τοῦ
825 482 902 517 φύειν

115 535 165 561 καὶ
179 534 346 569 βλαστάνειν.
364 533 446 563 Φύσις
458 533 504 559 καὶ
517 531 594 558 οὐσία
606 531 652 558 καὶ
663 531 739 565 γένος
752 530 798 556 καὶ
811 529 902 564 μορφὴ

115 581 146 607 ἐν
163 581 231 606 ἐστι.
259 580 404 615 Πρόσωπον
423 579 451 605 δὲ
472 579 518 606 καὶ
532 579 672 614 χαρακτὴρ
697 577 743 604 καὶ
757 575 903 606 ὑπόστασις

116 627 164 654 καὶ
179 627 260 653 ίδικδν
280 626 328 653 καὶ
349 625 448 660 ἄτομον
471 626 499 651 ἒν
527 626 572 652 καὶ
592 624 656 651 αὐτὸ
680 623 806 658 ὑπάρχει.
823 621 903 648 Ἀλλο

115 674 171 710 γὰρ
201 673 281 707 φύσις
304 672 351 699 καὶ
373 672 436 699 ἄλλο
455 671 611 702 ὑπόστασις.
638 670 700 697 Ἐὰν
722 668 767 696 οὖν
784 669 847 705 εἴπῃ
864 668 904 694 σοί

115 728 159 751 τις
183 719 224 745 ὅτι
241 718 302 744 Ἐπὶ
319 718 368 753 τῆς
386 717 511 752 θεότητος
526 717 611 748 πόσας
633 716 728 751 φύσεις
746 715 902 751 ὁμολογεῑς;

117 764 179 791 εἰπὲ
193 763 267 799 μίαν,
279 763 440 794 ὑποστάσεις
457 763 484 789 δὲ
500 764 583 798 τρεῖς.
603 761 664 788 Ἐὰν
677 761 705 788 δὲ
724 761 788 797 εἴπῃ
804 769 844 786 σοι
858 759 905 786 ἐπὶ

116 810 168 844 τῆς
188 810 319 841 ἐνσάρκου
343 809 506 843 οἰκονομίας,
530 807 616 838 πόσας
636 806 729 841 φύσεις
743 805 904 840 ὁμολογεῑς;

119 855 178 881 εἰπὲ
191 853 237 880 δύο
250 863 255 869 ·
272 853 335 888 μίαν
345 853 373 879 δὲ
385 853 434 888 τὴν
454 853 610 880 ὑπόστασιν.
628 852 682 878 Καὶ
696 851 751 885 γὰρ
767 851 781 877 ὁ
791 849 905 885 Χριστὸς

117 901 167 932 τὰς
175 900 222 926 δύο
236 900 329 931 οὑσίας
341 899 388 926 καὶ
406 899 500 934 φύσεις
513 899 590 933 ἔσχεν
606 898 758 933 ἀτρέπτους
776 897 823 923 καὶ
839 897 904 922 ἀκε-

119 947 224 982 ραίους,
250 947 299 982 τὴν
327 945 441 980 θεότητα
466 945 513 971 καὶ
529 944 576 979 τὴν
593 943 787 979 ἀνθρωπότητα
809 942 837 968 ὲν
857 942 906 976 μιᾷ

119 993 280 1024 ὑποστάσει,
296 992 362 1023 Θεὸς
377 992 479 1022 τέλειος
490 991 537 1017 καὶ
546 990 686 1025 ἅνθρωπος
694 989 796 1020 τέλειος
808 996 906 1022 γνωρι-

118 1039 243 1074 ζόμενος.
267 1039 322 1065 Καὶ
337 1038 380 1064 διὰ
395 1038 472 1064 τοῦτο
486 1037 532 1063 δύο
541 1036 636 1071 φύσεις
657 1036 684 1061 ἐν
697 1035 745 1070 μιᾷ
761 1033 906 1060 ὑποστάσει

118 1084 306 1120 ὁμολογοῦμεν
321 1083 370 1118 τὴν
387 1083 523 1119 σάρκωσιν
537 1082 585 1108 τοῦ
604 1081 706 1116 Κυρίου
723 1079 801 1115 ἡμῶν
819 1078 904 1114 Ἰησοῦ

118 1130 237 1167 Χριστοῦ
256 1130 303 1156 καὶ
323 1129 400 1155 Θεοῦ.

162 1177 224 1204 Ἐπὶ
252 1176 280 1203 δὲ
312 1175 362 1210 τῆς
386 1174 523 1208 θεολογίας
550 1173 612 1208 μίαν
629 1172 708 1206 φύσιν
724 1169 906 1205 ὁμολογοῦμεν

118 1224 170 1258 τῆς
197 1223 278 1257 ἁγίας
302 1221 426 1256 Τριάδος,
439 1221 513 1256 τρεῖς
539 1219 567 1246 δὲ
590 1218 760 1248 ὑποστάσεις.
783 1216 836 1243 Καὶ
853 1215 907 1250 γὰρ

121 1268 230 1304 Πατρδς
247 1269 293 1295 καὶ
311 1266 376 1299 Υἱοῦ
397 1267 443 1293 καὶ
474 1266 551 1300 ἁγίου
575 1264 733 1299 Πνεύματος
757 1263 804 1298 μία
828 1262 907 1296 φύσις

121 1315 193 1345 ἐστὶ,
208 1314 254 1340 καὶ
268 1313 316 1348 μία.
334 1313 422 1343 οὐσία,
440 1312 487 1338 καὶ
506 1311 554 1346 μία
578 1310 696 1343 ἐξουσία,
714 1310 760 1335 καὶ
775 1307 906 1344 βασιλεία,

122 1360 171 1387 καὶ
196 1359 329 1394 δύναμις·
349 1359 423 1393 τρεῖς
445 1358 472 1383 δὲ
502 1356 682 1386 ὑποστάσεις,
706 1355 752 1381 καὶ
773 1355 846 1388 τρεῖς
860 1362 910 1387 χα-

125 1406 274 1443 ρακτῆρες,
287 1405 334 1432 καὶ
354 1404 418 1440 τρία
439 1403 588 1439 πρόσωπα·
609 1400 731 1427 τουτέστι
753 1400 848 1435 Πατὴρ
863 1398 909 1424 καὶ

123 1453 188 1484 Υἱὸς
204 1452 251 1478 καὶ
267 1450 378 1485 Πνεῦμα
401 1450 486 1484 ἅγιον.
507 1448 564 1475 Μία
588 1447 682 1482 θεότης
705 1446 778 1472 ἐστὶν
795 1446 823 1472 ὲν
836 1446 909 1480 τρισὶ

123 1498 282 1534 προσώποις
295 1496 492 1531 γνωριζομένη.

161 1545 226 1570 Δέον
240 1541 286 1570 οὖν
297 1541 508 1576 καθολικώτερον
527 1540 613 1566 εἰπεῖν
630 1538 656 1565 τί
677 1538 752 1564 ἐστιν
764 1536 852 1566 οὐσία,
866 1535 911 1561 καὶ

123 1592 151 1617 τί
169 1591 244 1616 ἐστιν
269 1589 426 1619 ὑπόστασις.
450 1587 481 1613 Ἠ
497 1587 545 1621 μὲν
559 1586 647 1616 οὐσία,
662 1584 710 1610 καὶ
725 1584 754 1609 τὸ
766 1583 852 1617 γένος,
866 1581 912 1608 καὶ⁴

124 1638 142 1671 ή
162 1635 254 1669 φύσις,
275 1634 322 1660 καὶ
347 1635 363 1668 ὴ
382 1632 483 1669 μοριρὴ,
501 1631 538 1662 ὡς
558 1631 674 1665 εἴρηται,
694 1628 742 1662 μία
758 1626 872 1653 ἐστί’τὺ
885 1626 912 1652 δὲ

127 1682 275 1718 πρόσωπον
295 1681 365 1706 καὶὸ
379 1679 522 1714 χαρακτὴρ
543 1677 590 1703 καὶ
606 1677 622 1711 ἡ
638 1675 794 1705 ὑπόστασις,
821 1673 867 1700 καὶ
885 1672 914 1698 τὸ

127 1728 239 1762 ἄτομον,
257 1725 341 1753 καὶτὸ
364 1725 455 1756 ἱδικὸν,
479 1724 508 1750 ἓν
523 1724 590 1749 ἐστι.
609 1722 663 1748 Καὶ
677 1720 731 1755 γὰρ
747 1721 763 1753 ἡ
779 1719 857 1753 φύσις
874 1717 916 1744 δύ-

125 1782 206 1800 ναται
232 1773 303 1808 ἔχειν
329 1772 357 1797 ἐν
384 1771 467 1804 ἑαυτῇ
485 1769 594 1799 πλείους
611 1767 659 1798 τὰς
675 1765 847 1796 ὑποστάσεις.
860 1765 915 1790 Καὶ

127 1822 184 1855 γὰρ
198 1819 223 1845 οἱ
250 1817 397 1852 ἄνθρωποι,
416 1815 446 1848 ἐξ
471 1814 529 1846 ἑνὸς
551 1813 675 1848 σώματος
697 1812 771 1842 ὅντες
791 1811 836 1837 καὶ
853 1810 916 1844 μιᾶς

127 1865 216 1900 moi};
233 1864 341 1894 πάντες,
359 1863 422 1897 μιᾶς
438 1862 520 1896 ἐσμεν
536 1859 641 1893 φύσεως
652 1858 698 1884 καὶ
709 1856 812 1888 οὐσίας.
836 1856 917 1882 Ὑπο-

128 1911 240 1940 στὰσεις
252 1909 280 1934 δὲ
291 1907 394 1934 πολλαί.
418 1906 473 1933 Καὶ
489 1905 542 1941 γὰρ
560 1905 706 1934 ὑπόστασις
725 1902 767 1929 διὰ
783 1902 861 1928 τοῦτο
876 1901 917 1927 λέ-

135 1964 219 1992 ξεται,
239 1953 293 1981 ἀπὸ
307 1953 352 1980 τοῦ
369 1953 480 1987 στήκειν
497 1953 529 1986 τῇ
544 1950 632 1985 οὐσίᾳ.

165 2003 221 2029 Καὶ
242 2003 259 2037 ἡ
287 2001 335 2035 μὲν
365 1999 443 2034 φύσις
461 1998 508 2023 καὶ
521 1998 537 2031 ἡ
556 1996 634 2022 οὐσία
655 1995 764 2028 λέγεται
779 1991 918 2026 καθολικὴ,

129 2050 146 2085 ἡ
162 2050 191 2076 δὲ
201 2048 349 2078 ὑπόστασις
367 2042 635 2081 μερική.Καθολικὸν
649 2041 678 2067 δὲ
692 2039 838 2074 λέγεταιτὸ
852 2037 919 2064 καθ-

129 2096 193 2123 όλου
220 2094 310 2120 πάντα
335 2091 537 2127 περιλαμϐάνον
569 2089 616 2116 καὶ
644 2088 786 2123 περιέχον·
809 2084 920 2120 μερικδν

130 2142 159 2171 δὲ
176 2141 206 2167 τὸ
220 2140 280 2175 ἕχον
296 2139 377 2173 μέρος
399 2146 425 2163 τι
438 2137 540 2167 οὐσίαις.
555 2132 635 2167 Οἷον,
651 2135 698 2160 ἐὰν
715 2132 806 2167 εἴπῃς,
831 2131 859 2157 Ὁ
876 2130 922 2156 ἄν·

133 2187 252 2222 θρωπος.
266 2185 319 2211 ἰδοὺ
336 2182 415 2214 εἶπας
434 2182 523 2208 πάντα
543 2181 698 2216 ἄνθρωπον·
717 2177 858 2205 καθολικὸν
869 2175 922 2210 γάρ

133 2235 192 2259 ἐστι
205 2232 283 2258 τοῦτο
299 2230 346 2257 καὶ
362 2229 500 2261 οὐσιῶδες,
515 2228 562 2254 καὶ
571 2227 670 2257 πάντες
683 2225 820 2260 ἄνθρωποι
831 2222 923 2256 λέγον-

133 2287 190 2309 ται,
211 2277 258 2303 καὶ
273 2276 322 2311 τῆς
334 2273 518 2308 αὑτῆςούσίας
535 2272 654 2298 είσίν.Εὶ
669 2270 696 2296 δὲ
713 2270 802 2304 εἴπῃς,
819 2269 849 2294 'O
866 2267 920 2293 Πέ-

133 2332 200 2358 τρος
213 2322 260 2348 καὶ⁴
283 2323 297 2348 ὁ
322 2320 426 2352 Παῦλος
438 2320 454 2355 ἢ
467 2321 481 2346 ὁ
499 2318 634 2352 Ἰωάννης,
645 2316 705 2343 τότε
719 2315 766 2341 ἕνα
781 2313 922 2349 ἄνθρωπον

136 2357 286 2403 ἐσήμανας,
308 2366 348 2392 ὅτι
377 2364 487 2400 μερικόν
507 2364 565 2389 ἐστι
583 2361 673 2389 τοῦτο.
698 2360 735 2386 Τὸ
761 2359 815 2394 γὰρ
835 2357 923 2384 κοινόν

137 2415 207 2445 ἐστι,
225 2413 272 2439 ἐὰν
287 2413 377 2447 εἴπῃς,
397 2411 426 2438 '0
440 2410 593 2446 ἄνθρωπος,
608 2407 701 2443 ἐπειδὴ
718 2407 817 2436 πάντες
835 2405 859 2430 οἱ
878 2404 924 2431 ἄν-

137 2460 242 2496 θρωποι
260 2458 444 2493 ὀνομάζονται.
457 2457 494 2483 Th
509 2456 537 2482 δὲ
555 2455 666 2490 μερικόν
683 2455 740 2480 ἐστι
761 2452 875 2479 ἑκάστου
895 2449 925 2476 τὸ

137 2494 234 2540 ὄνομα.
260 2503 387 2540 Ἀρμόζει
408 2501 543 2530 καὶτοῦτο
563 2501 607 2527 τὸν
630 2499 738 2526 θέλοντα
758 2496 858 2530 γνῶναι
873 2494 926 2521 τῶν

138 2554 310 2590 πραγμάτων
334 2551 383 2585 τὴν
403 2550 494 2585 φύσιν,
525 2548 569 2575 ἶνα
584 2546 715 2582 γινώσκῃ,
736 2545 810 2572 ποῖόν
824 2546 882 2571 ἐστι
896 2545 927 2570 τὺ

141 2598 264 2633 μερικὸν,
280 2595 326 2622 καὶ
339 2595 413 2621 ποῖον
428 2593 553 2621 καθόλου.
564 2592 601 2618 Οὐ
614 2591 668 2626 γὰρ
679 2591 757 2626 μόνον
773 2591 814 2617 ἐπ’
825 2589 928 2625 ἀνθρώ-

139 2652 210 2671 πων.
228 2641 296 2669 ἀλλὰ
310 2641 356 2668 καὶ
372 2641 418 2667 ἐπὶ
438 2639 538 2670 παντδς
551 2638 723 2674 πράγματος,
739 2636 871 2672 οὐρανίων
883 2636 929 2662 καὶ

140 2688 281 2722 ἐπιγείων,
296 2686 373 2714 τοῦτό
395 2688 468 2712 ἐστιν
483 2686 583 2719 εὑρεῖν.
603 2684 658 2710 Καὶ
675 2683 796 2718 εἴπωμεν
809 2681 931 2717 φανερώ-

140 2742 238 2770 τερον
256 2734 392 2767 ἀναγκαῖα
414 2732 468 2767 γάρ
485 2729 636 2756 eiectat-3171.
651 2731 706 2760 τοῖς
729 2728 869 2764 μέλλουσιν
886 2729 931 2754 ὲκ-

142 2780 244 2816 ζητεῖν.
262 2779 383 2814 Λέγομεν
402 2778 431 2805 δὲ
447 2777 543 2809 οὕτως.
576 2776 637 2802 Ἐὰν
651 2776 740 2811 εἴπῃς,
763 2775 791 2801 '0
807 2773 929 2808 ἄγγελος,

142 2826 208 2861 ὅλην
221 2826 271 2861 τὴν
285 2825 379 2852 οὐσίαν
391 2824 445 2851 τῶν
465 2822 587 2858 ἀγγέλων
607 2822 761 2857 ὲσήμανας·
777 2820 864 2848 κοινὸν
879 2819 931 2855 γάρ

145 2872 203 2903 ἐστι
226 2872 305 2899 τοῦτο
332 2871 362 2898 τὸ
383 2871 467 2906 ὄνομα
492 2871 546 2900 τνίς
565 2869 688 2902 ἀγγέλοις
719 2867 766 2894 καὶ
794 2865 930 2898 οὐσιῶδες,

925 1551 948 1582 C

950 255 1023 280 tura,
1044 251 1072 277 in
1089 250 1196 284 aliaque
1219 250 1293 277 nulla
1317 250 1471 277 substantia
1497 250 1648 284 reperitur;
1665 251 1738 278 velut

950 296 978 323 in
995 295 1106 323 homine
1119 295 1223 322 ridendi
1236 295 1361 323 facultas.
1376 295 1406 322 ιιι
1418 295 1492 322 nulla
1507 295 1607 330 quippe
1621 296 1674 322 alia
1689 304 1738 322 na-

950 345 1011 368 tura
1027 342 1100 369 risus
1116 341 1261 376 reperitur.

986 388 1013 415 8.
1032 387 1101 420 Quid
1128 388 1230 414 dicitur
1256 388 1377 414 natura?
1400 386 1503 414 Natura
1527 386 1638 418 dicitur,
1666 387 1738 421 quod

951 439 1014 461 nata
1032 435 1068 461 sit
1088 437 1115 461 et
1127 434 1259 464 exsistat,
1279 434 1358 468 quasi
1373 434 1509 460 exsistens
1527 437 1558 460 et-
1575 434 1602 460 in
1624 434 1739 461 veritate

952 480 1069 514 cognita.
1088 479 1188 506 Natura
1203 479 1266 506 item
1284 479 1397 511 dicitur,
1410 487 1424 506 a
1440 480 1578 506 nascendo
1598 483 1625 507 et
1639 481 1740 515 germi-

951 525 1052 552 nando.
1075 524 1188 557 Natura,
1210 525 1374 555 substantia,
1397 532 1493 559 genus,
1519 525 1626 557 forma,
1654 534 1738 553 unum

954 576 1027 600 sunt.
1052 571 1170 600 Persona
1192 577 1292 604 autem,
1317 573 1469 604 character,
1488 573 1654 608 hypnstasis,
1680 583 1742 610 pro-

954 619 1054 654 prium,
1073 618 1220 646 indivisum
1234 638 1241 647 .
1258 626 1340 645 unum
1358 619 1439 645 ctiam
1456 623 1529 646 sunt.
1543 619 1624 646 Aliud
1641 622 1741 656 quippe

954 669 1061 695 natura,
1076 665 1148 691 aliud
1164 665 1330 700 hypostasis.
1345 663 1373 691 Si
1393 664 1454 698 quis
1468 672 1532 699 ergo
1552 665 1650 692 dixerit
1667 666 1715 693 tibi
1731 676 1738 694 :

954 711 983 738 In
1012 710 1110 738 deitate
1134 715 1200 746 quot
1225 715 1338 737 naturas
1363 710 1523 738 conﬁteris?
1544 710 1607 742 Dic,
1634 719 1740 745 unam;

955 757 1116 793 hypostases
1145 764 1209 783 vero
1234 762 1299 784 tres.
1327 756 1404 789 Quod
1429 756 1453 783 si
1478 756 1576 783 dixerit
1602 757 1650 784 tibi
1678 766 1684 784 :
1712 757 1742 784 ln

955 803 1107 830 oeconomia
1125 806 1271 837 assumpta:
1282 802 1374 829 carnis
1387 806 1452 836 quot
1465 806 1578 828 naturas
1588 803 1744 831 conﬁteris?

957 848 1004 875 Dic
1021 858 1028 876 :
1046 847 1128 879 Duas.
1146 856 1281 883 unamque
1301 848 1470 883 hypostasin.
1493 848 1598 876 Etenim
1615 849 1743 878 Christus

958 895 1024 922 duas
1046 895 1211 921 substantias
1231 898 1257 920 et
1273 898 1385 921 naturas
1406 895 1498 921 habuit
1521 895 1704 922 immutabiles
1717 899 1745 922 et

959 939 1135 970 ineonfusas,
1176 939 1305 966 deitatem
1336 943 1363 966 et
1392 939 1590 967 humanitatem
1627 940 1655 967 in
1688 949 1743 968 una

958 987 1108 1023 hypostasi,
1126 986 1196 1014 Deus
1212 987 1349 1021 perfectus
1363 992 1390 1013 et
1406 986 1542 1021 perfectus
1555 986 1637 1013 homo
1651 987 1747 1020 cogni-

959 1037 1013 1060 tus.
1033 1034 1072 1059 Ac
1094 1037 1239 1068 propterea
1265 1032 1334 1059 duas
1358 1036 1471 1059 naturas
1488 1032 1515 1059 in
1532 1027 1585 1058 una
1602 1031 1745 1067 hypostasi

958 1079 1120 1106 conﬁtemur
1154 1078 1372 1106 incarnationem
1413 1077 1522 1105 Domini
1558 1078 1645 1104 nostri
1682 1075 1746 1104 Jesu

958 1120 1059 1148 Christi
1076 1125 1101 1147 et
1116 1120 1174 1148 Dei.

995 1166 1024 1193 In
1043 1167 1178 1201 theologia
1195 1174 1259 1193 vero
1280 1173 1362 1193 unam
1383 1166 1544 1192 conﬁtemur
1566 1169 1667 1192 sanctze
1688 1164 1749 1192 Tri-

959 1212 1054 1240 nitatis
1079 1217 1215 1246 naturam,
1243 1216 1299 1240 tres
1325 1217 1412 1240 autem
1444 1212 1615 1246 hypostases.
1642 1210 1749 1238 Etenim

959 1257 1060 1289 Patris,
1086 1257 1145 1284 Filii
1170 1261 1197 1285 et
1227 1256 1345 1292 Spiritus
1371 1257 1471 1288 sancti,
1498 1263 1551 1283 una
1575 1259 1674 1282 natura
1695 1258 1747 1287 est,

961 1313 1015 1331 una
1030 1304 1195 1336 substantia,
1216 1311 1270 1330 una
1289 1307 1419 1338 potestas,
1438 1310 1551 1337 regnum
1569 1306 1595 1329 et
1616 1302 1747 1336 potentia.

962 1351 1029 1378 Tres
1044 1355 1134 1378 autem
1151 1350 1325 1386 hypostases,
1340 1355 1395 1376 tres
1411 1350 1597 1380 characteres,
1616 1353 1670 1376 tres
1688 1355 1751 1383 per-

963 1404 1046 1427 sonas,
1068 1395 1118 1422 hoc
1131 1401 1183 1427 est,
1200 1394 1289 1425 Pater,
1305 1398 1331 1421 et
1347 1394 1431 1420 Filius
1448 1397 1474 1420 et
1489 1393 1608 1427 Spiritus
1626 1397 1750 1420 sanctus.

964 1442 1023 1469 Una
1036 1442 1166 1469 divinitas
1180 1442 1208 1468 iu
1222 1441 1309 1468 tribus
1321 1440 1447 1475 personis
1461 1440 1569 1474 cognita
1583 1443 1634 1466 est.

1000 1529 1159 1557 Generalius
1185 1528 1275 1556 dicere
1303 1532 1410 1562 oportet
1434 1527 1499 1562 quid
1526 1527 1561 1554 sit
1586 1526 1750 1559 substantia,

963 1577 1028 1612 quid
1049 1575 1216 1612 hypostasis.
1234 1574 1403 1606 Substantia,
1417 1582 1512 1608 genus,
1530 1578 1637 1604 natura,
1652 1573 1750 1605 forma,

965 1629 993 1651 ιιι
1018 1624 1120 1650 dictum
1146 1626 1198 1652 est,
1224 1627 1309 1647 unum
1335 1623 1398 1647 sunt
1421 1627 1427 1645 :
1453 1626 1570 1654 persona
1589 1619 1663 1648 item,
1687 1617 1754 1644 cha-

964 1672 1063 1700 racter,
1088 1666 1254 1702 hypostasis,
1280 1665 1461 1696 individuum,
1481 1663 1620 1698 proprium
1637 1682 1645 1694 ,
1668 1669 1753 1689 unum

965 1718 1038 1742 sunt.
1073 1700 1176 1739 Natura
1213 1711 1314 1745 quippe
1347 1711 1503 1745 complures
1534 1710 1561 1736 in
1592 1717 1622 1736 se
1653 1709 1754 1736 habere
1774 1700 1780 1704 ’

967 1763 1056 1795 potest
1081 1759 1252 1794 hypostascs.
1287 1757 1416 1784 Homines
1444 1756 1518 1782 enim
1542 1763 1597 1782 uno
1624 1762 1753 1789 corpore,

968 1813 1021 1833 uno
1047 1805 1143 1839 spiritu
1169 1808 1326 1831 constantes
1348 1809 1455 1832 omnes,
1481 1801 1563 1827 unius
1587 1807 1684 1827 sumus
1705 1807 1756 1826 na-

967 1858 1033 1879 turai
1047 1855 1128 1886 atque
1144 1849 1313 1877 substantiae.
1333 1847 1498 1883 llypostases
1515 1850 1605 1873 autem
1621 1846 1752 1881 plurima.

968 1898 1072 1925 Etenim
1100 1896 1160 1924 ideo
1182 1896 1282 1923 dicitur
1306 1894 1472 1930 hypostasis.
1493 1892 1565 1928 quod
1588 1893 1615 1919 in
1636 1891 1756 1920 essentia

967 1945 1108 1972 subsistat.

1003 1989 1105 2016 Natura
1126 1995 1208 2023 porro
1233 1994 1265 2014 ac
1288 1986 1408 2014 essentia
1428 1985 1558 2012 dicuntur
1577 1983 1755 2014 universales,

969 2037 1126 2071 hypostasis
1157 2042 1222 2062 vero
1256 2033 1440 2069 particularis.
1475 2031 1634 2059 Universale
1666 2035 1756 2057 autem

970 2083 1080 2113 dicitur,
1102 2081 1174 2116 quod
1198 2081 1288 2106 omnia
1314 2079 1425 2106 omnino
1449 2078 1650 2112 complectitur,
1676 2081 1758 2111 atque

972 2127 1114 2160 continet;
1133 2125 1299 2161 particulam
1314 2130 1414 2155 autem,
1431 2123 1502 2159 quod
1520 2127 1622 2158 partem
1640 2123 1757 2156 aliquam

973 2174 1053 2201 habet
1073 2173 1208 2200 essentize.
1224 2171 1346 2205 Exempli
1366 2177 1459 2199 causa.
1479 2170 1502 2196 si
1518 2168 1621 2195 dixeris
1637 2177 1643 2195 :
1660 2167 1756 2198 Homo,

940 2223 958 2249 υ
972 2226 1079 2247 omnem
1096 2218 1188 2244 dixisti
1204 2216 1342 2243 hominem
1360 2224 1366 2242 :
1383 2213 1449 2241 illud
1468 2221 1587 2247 namque
1605 2212 1759 2239 universale

971 2269 1013 2293 est
1036 2273 1067 2291 ac
1090 2263 1236 2291 essentiale
1261 2271 1267 2288 :
1295 2267 1444 2294 omnesque
1472 2259 1601 2286 dicuulur
1625 2258 1758 2290 homines,

972 2316 1052 2346 atque
1065 2310 1186 2345 ejusdem
1216 2311 1279 2335 sunt
1304 2306 1439 2333 essentize.
1467 2304 1545 2336 Quod
1569 2304 1592 2331 si
1621 2303 1724 2330 dixeris
1746 2310 1752 2327 :

972 2355 1078 2386 Petrus,
1094 2354 1204 2385 Paulus,
1221 2355 1267 2378 aut
1286 2350 1416 2382 Joannes,
1433 2357 1516 2375 unum
1537 2353 1603 2375 tunc
1624 2347 1760 2374 hominem

973 2401 1144 2437 signiﬁcasti,
1164 2399 1228 2434 quia
1252 2397 1319 2425 illud
1344 2396 1509 2431 particulare
1534 2398 1586 2422 est.
1610 2394 1761 2421 Commune

975 2449 1108 2484 siquidem
1121 2451 1171 2478 est,
1188 2446 1210 2472 si
1225 2444 1337 2475 dixeris,
1349 2443 1445 2474 Homo,
1458 2442 1520 2477 quia
1532 2448 1626 2468 omnes
1639 2440 1762 2466 homines

975 2495 1161 2523 nominantur.
1186 2490 1355 2518 Particulare
1380 2493 1470 2515 autem
1493 2491 1536 2515 est
1555 2487 1690 2521 cujusque
1714 2493 1763 2511 no-

977 2549 1048 2568 men.
1065 2539 1137 2567 Sane
1153 2546 1202 2574 par
1216 2542 1258 2566 est
1274 2544 1335 2564 eum
1352 2536 1398 2570 qui
1412 2542 1504 2562 rerum
1521 2537 1647 2560 naturam
1662 2539 1763 2566 cogno-

978 2594 1054 2615 scere
1066 2586 1139 2618 velit,
1155 2585 1235 2618 scire,
1251 2584 1315 2618 quid
1328 2582 1494 2618 particulare
1510 2580 1557 2611 sit,
1574 2578 1639 2613 quid
1654 2577 1765 2604 univer-

978 2634 1044 2661 sale.
1069 2632 1160 2666 Neque
1183 2631 1271 2658 solum
1298 2631 1371 2657 enim
1397 2629 1424 2655 in
1449 2627 1632 2657 hominibus;
1660 2623 1707 2651 sed
1735 2624 1762 2650 in

978 2685 1141 2715 quacunque
1159 2685 1198 2709 re,
1218 2677 1382 2707 caelestium,
1402 2674 1584 2704 terrestrium,
1602 2670 1764 2704 illud'repe-

980 2725 1034 2752 rire
1054 2727 1096 2750 est
1121 2732 1127 2750 :
1153 2721 1226 2757 quod
1254 2720 1384 2756 liquidius
1405 2719 1583 2754 explicemus,
1608 2715 1763 2743 necessaria

980 2770 1080 2805 quippe
1107 2773 1170 2796 sunt
1193 2769 1245 2796 ista
1271 2767 1306 2794 iis
1329 2766 1376 2801 qui
1404 2763 1593 2799 investigaturi
1622 2765 1696 2790 sunt.
1718 2761 1764 2788 Sic

982 2817 1073 2851 itaque
1098 2816 1226 2843 dicimus.
1269 2814 1298 2841 Si
1327 2813 1415 2845 dicas,
1446 2811 1575 2847 Angelus,
1603 2809 1761 2845 angelorum

985 2861 1132 2891 essentiam
1157 2867 1264 2889 omnem
1292 2857 1462 2895 signiﬁcasti,
1491 2863 1636 2885 commune
1664 2854 1763 2890 quippe
