1924 3059
200 116 254 144 5'59

201 177 267 204 illud
290 184 387 208 nomen
412 179 454 203 est
475 175 578 211 angelis
598 178 625 201 et
645 174 794 202 essentiale
813 184 818 201 :
840 182 989 209 omnesque
1002 176 1025 204 Α

201 223 331 250 dicuntur
358 221 472 256 angeli;
502 221 544 248 sin
577 221 681 248 dixeris
713 219 837 252 Michael,
867 219 988 252 Gabriel,

201 269 359 304 liypostasin
378 275 460 295 unam
480 267 584 299 dixisti,
601 267 652 294 hoc
670 271 712 295 est
743 274 827 294 unum
852 266 988 301 angelum.

201 315 303 341 Natura
323 314 422 349 quippe
446 313 547 340 dicitur
564 314 652 349 angeli
670 313 791 341 essentia
808 322 814 340 :
834 312 988 348 hypostasis

200 367 264 387 vero
283 359 502 393 uniuscujusque
528 359 616 394 angeli
638 359 795 393 appellatio.
816 357 989 393 1951mm-

199 413 253 440 que
266 413 319 432 una
332 409 429 432 natura
443 405 597 432 communis
613 410 654 432 est
669 405 844 438 humanitas;
860 405 990 439 hyposta-

199 460 244 480 ses
267 459 347 483 vero,
374 452 485 483 Petrus,
508 451 629 482 Paulus,
655 450 795 482 Thomas,
819 458 851 477 ac
878 450 989 484 reliquze

199 506 322 534 personae
341 501 368 525 et
388 498 573 524 characteres.
587 495 689 523 Natura
712 496 794 531 igitur
815 500 857 523 est
878 495 989 523 domina

198 543 371 578 genitriane
394 542 593 577 liypostasium.
616 541 763 576 Propterea
787 549 894 568 rursum
918 541 989 569 dice-

200 597 262 616 mus
283 597 290 614 :
315 589 338 615 si
360 588 436 615 dicas
453 598 460 615 ;
478 588 550 615 Bona
570 591 612 614 est
636 591 735 614 natura
757 588 882 623 angelus,
903 591 988 614 totam

199 642 296 662 eorum
324 634 471 661 essentiam
492 633 663 668 signiﬁcasti.
689 632 737 659 Sin
761 633 857 660 dicas:
875 633 988 668 Magnus

199 682 240 706 est
261 678 381 710 Gabriel,
402 685 484 705 unam
508 686 542 705 ex
565 678 693 706 omnibus
715 678 874 714 hypostasin
898 679 988 705 nomi-

200 726 283 752 nasti.
297 725 331 751 Et
347 724 370 752 si
385 725 473 756 dicas,
489 724 617 757 Volatilc,
636 724 772 752 denotasti
795 728 878 751 totam
890 724 989 751 volati-

199 771 266 797 linm
280 771 447 804 essentiam;
464 771 505 798 sin
523 771 610 803 dicas,
625 771 770 802 Columba,
787 774 889 802 turtur,
904 771 989 798 lusci-

199 818 256 849 nia,
281 825 362 852 pavo,
389 825 493 853 cygnus
522 825 529 844 :
554 818 611 844 hate
633 821 698 845 sunt
730 817 899 853 hypostascs.
929 815 988 844 Non

200 864 290 891 solum
314 868 405 891 autem
433 864 461 890 in
487 863 714 899 intelligibilibus,
741 863 932 894 rationalibus.
961 867 988 890 et
1005 854 1024 882 Β

199 910 390 944 spiritualibus
414 910 483 937 valet
506 910 563 936 haec
586 909 773 937 deﬁnitionum
796 911 912 945 regula;
940 909 987 937 sed

199 955 280 983 etiam
302 956 329 982 in
352 957 426 982 omni
453 956 612 988 inanimata,
628 956 783 983 insensibili
808 961 834 983 et
855 956 986 984 immobili

200 1006 309 1029 natura.
343 1001 425 1029 Vel-lii
458 1002 556 1036 gratia,
590 1002 614 1029 si
645 1002 747 1030 dixeris
778 1011 786 1030 :
817 1002 893 1030 Fecit
916 1002 988 1030 Dens

201 1049 300 1079 lucem,
327 1055 391 1075 ecce
414 1048 570 1075 universam
606 1048 815 1075 luminariornm
839 1050 986 1076 essentiam

200 1094 371 1129 signiﬁcasti.
392 1093 452 1128 lpsa
474 1101 556 1128 porro
573 1094 692 1120 essentia
708 1093 836 1129 deinceps
858 1094 989 1122 dividitur

201 1141 228 1167 in
244 1148 309 1167 suas
324 1140 506 1174 hypostases;
522 1139 550 1166 in
566 1139 652 1166 solem
671 1140 787 1171 schicet,
804 1141 907 1173 lunam,
923 1141 988 1169 stel—

201 1186 253 1216 las.
270 1185 408 1217 lucernas,
419 1191 524 1216 cereos,
540 1185 672 1219 variaque
686 1193 749 1213 ana.
772 1185 862 1212 Simili
879 1194 988 1222 quoque

201 1231 282 1258 modo
296 1231 330 1258 de
352 1231 439 1258 ventis
453 1240 460 1263 ;
477 1231 500 1258 si
521 1231 635 1264 dixeris,
651 1232 782 1266 Spiritum
801 1240 849 1260 seu
864 1237 987 1266 ventum,

202 1286 310 1305 omnem
323 1283 467 1305 ventorum
484 1283 611 1306 naturam
629 1279 801 1313 signiﬁcasti.
818 1279 865 1306 Sin
874 1280 986 1311 dixeris,

200 1321 487 1357 Austrum,'boream,
512 1328 560 1351 aut
577 1324 787 1360 euroclydonem
813 1334 820 1352 :
846 1325 903 1353 hazc
925 1329 988 1353 sunt

202 1370 372 1405 liypostases.
395 1371 462 1397 Item
487 1370 509 1397 si
535 1370 647 1402 dixeris,
661 1371 804 1404 Arborem,
831 1372 987 1399 universam

202 1416 330 1442 arborum
346 1415 493 1442 essentiam
503 1416 680 1450 signiﬁcasti;
696 1417 739 1444 sin
755 1417 868 1448 dixeris,
882 1416 988 1449 Ficum,

201 1469 309 1491 nucem.
337 1466 503 1493 castaneam,
526 1463 708 1498 amygdalum,
728 1472 808 1491 uuam
831 1464 989 1499 hypostasin

202 1509 331 1535 arborum
354 1509 524 1544 signiﬁcasti.
552 1508 671 1537 Rursum
695 1510 717 1537 si
742 1510 855 1542 dixeris,
871 1511 987 1545 Aquam,
1005 1529 1028 1560 ε

202 1555 359 1582 universam
381 1563 515 1590 aquarum
537 1560 664 1583 naturam
685 1556 796 1590 dixisti;
811 1557 855 1585 sin
876 1557 990 1587 dixeris.

203 1601 288 1636 Mare,
320 1601 457 1636 paludem,
481 1606 605 1636 puteum,
635 1603 750 1635 fontem,
781 1611 862 1630 unam
887 1608 992 1630 tantum

164 1683 168 1688 ‘
201 1655 335 1682 aquarum
356 1648 459 1675 .dixisti
488 1649 659 1684 hypostasin.
692 1649 792 1677 Iterum
819 1651 842 1678 si
868 1651 990 1677 Fluvium

202 1695 338 1725 nomines,
352 1694 450 1722 ﬁuvios
462 1703 556 1722 omnes
572 1695 682 1729 dixisti;
698 1697 741 1724 sin
758 1697 872 1728 dixeris,
893 1697 992 1724 Maean-

201 1739 293 1771 drum,
324 1739 493 1774 Euphraten,
522 1740 625 1772 Nilum,
652 1745 709 1768 tum
739 1742 883 1769 ﬂuviorum
910 1751 990 1769 unam

202 1785 363 1821 hypostasin
395 1786 498 1813 dixisti.
528 1787 558 1813 In
586 1787 700 1822 reliquis
730 1788 856 1815 similiter
885 1793 989 1823 oportet

200 1833 291 1860 omnia
307 1833 481 1868 investigare,
498 1838 580 1868 atque
594 1834 727 1868 cogitare,
744 1835 941 1867 internoscere,
960 1843 992 1863 ac

200 1877 372 1910 discernere,
410 1879 475 1914 quid
506 1879 541 1907 sit
574 1883 691 1912 natura,
725 1880 789 1915 quid
826 1881 990 1916 hypostasis.

201 1921 303 1949 Natura
318 1923 418 1958 quippe
431 1924 507 1951 radix
521 1929 562 1951 est
578 1924 694 1960 l‘onsquc
704 1933 796 1952 rerum
813 1935 820 1953 :
836 1925 991 1961 hypostasis

201 1973 292 1996 autem
306 1977 369 2004 pars
381 1974 423 1998 est
435 1974 550 1998 naturae.
569 1970 632 1998 llaec
644 1971 745 2007 quippe
758 1976 822 2000 sunt
837 1973 992 2001 necessaria

201 2015 237 2042 iis
251 2014 297 2049 qui
312 2015 465 2043 mundanas
483 2023 528 2044 res
546 2022 675 2044 accurate
695 2024 861 2052 cognoscere
872 2015 991 2046 ac'scru-

201 2061 254 2087 tari
270 2060 376 2088 volunt.

201 2116 234 2144 ll.
255 2116 294 2144 De
316 2117 467 2150 voluntate,
489 2119 650 2154 proprietaIe
674 2124 700 2146 et
725 2120 888 2154 operatione,
915 2125 940 2147 et
960 2120 992 2148 de

395 2155 491 2181 unione
514 2160 539 2181 et
561 2154 792 2182 cansubstantiali.

237 2199 306 2232 Quid
328 2203 370 2227 est
386 2201 530 2228 voluntas?
546 2199 677 2228 Voluntas
697 2206 740 2228 est
763 2201 939 2237 inteliigentis
963 2207 990 2230 et
1006 2205 1027 2232 D

201 2245 344 2273 rationalis
360 2246 519 2274 substantiae
531 2247 678 2282 appetitus,
697 2248 730 2275 ad
751 2248 777 2275 id
794 2249 866 2283 quod
887 2257 990 2276 concu-

201 2291 326 2326 piscitur.
348 2291 487 2326 Quidquid
503 2293 575 2319 enim
594 2293 731 2329 intelligit,
749 2295 838 2329 palam
851 2299 893 2323 est
917 2297 989 2330 quod

200 2338 283 2364 etiam
300 2337 448 2366 voluntatis
466 2339 502 2365 sit
517 2347 603 2374 capax
617 2349 623 2366 :
640 2340 748 2376 Θέλημα
763 2341 850 2373 enim,
876 2350 924 2370 seu
941 2351 989 2370 vo-

201 2383 303 2415 luntas,
319 2384 390 2410 κατὰ
403 2385 434 2411 τὺ
449 2385 519 2412 θέειν
531 2386 601 2419 λίαν,
618 2388 723 2414 scilicet
737 2395 752 2413 a
767 2387 845 2415 valde
855 2389 990 2415 currendo

200 2430 320 2456 dicitur:
338 2430 397 2461 vel,
414 2433 499 2466 optati
518 2434 672 2468 assumptio
689 2442 736 2461 seu
756 2434 910 2469 occupatio.
933 2435 991 2462 Tri-

201 2475 307 2509 pliciter
326 2480 416 2504 autem
432 2479 560 2507 voluntas
582 2479 795 2508 consideratur:
813 2481 904 2508 divina
916 2502 922 2514 ,
941 2488 990 2508 an-

199 2521 285 2554 gelica
307 2526 334 2550 et
359 2524 471 2557 animae;
493 2525 713 2560 quandoquidem
743 2527 784 2554 hae
805 2531 861 2555 tres
885 2531 991 2555 natura;

200 2573 318 2601 tantum,
330 2570 479 2599 voluntatis
497 2576 561 2599 sunt
576 2579 699 2607 capaces.
727 2572 881 2608 Tripliciter
899 2579 989 2602 autem

199 2619 226 2642 et
239 2615 265 2642 in
283 2615 423 2651 Scriptura
437 2617 603 2644 voluntatem
618 2618 772 2647 invenimus
788 2620 915 2654 usurpari
930 2630 936 2647 :
952 2620 991 2646 di-

201 2662 302 2693 vinam,
316 2663 467 2690 naturalem
484 2663 525 2691 \el
543 2664 670 2695 mediam,
684 2666 764 2692 tertio
772 2666 919 2699 carnalem,
931 2674 991 2701 qua:

200 2707 363 2735 diabolicam
381 2709 528 2744 signiﬁcat.
554 2708 686 2736 Voluntas
704 2710 812 2744 divina,
830 2715 894 2738 sunt
910 2718 986 2737 man-

201 2752 264 2780 data
282 2753 338 2781 Dei.
363 2753 495 2782 Voluntas
519 2755 670 2786 naturalis,
697 2759 739 2782 cst-
755 2757 878 2789 operatio
893 2755 991 2782 divinae

203 2800 361 2828 voluntatis.
374 2800 499 2828 Carnalis
519 2809 584 2829 vero
601 2802 736 2834 voluntas,
750 2807 792 2829 est
811 2802 878 2838 legis
892 2803 990 2830 divina:

202 2846 396 2881 transgressio.
412 2846 522 2882 Triplex
539 2848 591 2875 ista
608 2847 735 2875 voluntas
755 2851 795 2876 est
820 2848 847 2875 in
870 2849 987 2876 homine.

783 115 812 143 S.
832 114 1054 142 ATllJNASIUS
1083 131 1117 136 —
1137 116 1271 144 SPURIA.

1779 116 1846 145 540

1039 176 1086 201 καὶ
1102 176 1202 208 πάντες
1215 176 1324 210 ἄγγελοι
1343 177 1476 211 λέγονται·
1498 177 1559 204 Ἐὰν
1571 176 1598 203 δὲ
1618 177 1708 212 εἴπῃς,
1733 177 1764 203 Ὀ
1782 179 1847 204 Μι-

1039 222 1118 256 χαὴλ,
1133 224 1147 248 6
1161 223 1279 258 Γαϐριὴλ
1289 243 1296 254 ,
1311 223 1460 250 ὑπόστασιν
1485 223 1548 259 μίαν
1571 221 1659 254 εἴπας,
1689 224 1845 250 τουτέστιν

1039 269 1085 295 ἕνα
1099 269 1312 303 ἄγγε).ον.Φύσις
1320 269 1372 304 γὰρ
1382 269 1491 303 λέγεται
1505 270 1521 304 ἡ
1535 269 1686 303 ἀγγελότης
1695 277 1701 284 ·
1714 269 1846 296 ὑπόστα-

1040 323 1081 346 σις
1096 315 1123 341 δέ
1139 317 1212 341 ἐστιν
1222 315 1280 347 ἐνὸς
1298 315 1412 341 ἑκάστου
1428 315 1543 349 ἀγγέλου
1571 315 1751 351 προσηγορία.
1777 316 1844 342 Καὶ

1039 358 1092 394 γὰρ
1106 358 1185 392 φύσις
1199 359 1255 385 ἐστὶ
1274 358 1323 394 μία
1337 359 1410 394 κοινὴ
1428 360 1444 394 ἡ
1461 359 1646 395 ἀνθρωπότης,
1662 360 1843 391 ὑποστάσεις

1038 403 1066 429 δὲ
1084 404 1195 440 Πέτρος,
1214 404 1317 436 Παῦλος
1334 405 1381 431 καὶ
1401 405 1511 439 Θωμᾶς,
1529 405 1577 431 καὶ
1603 404 1636 431 τὰ
1651 404 1731 431 λοιπὰ
1747 406 1843 440 πρόσ-

1038 459 1100 477 ωπα
1113 451 1159 477 καὶ
1173 451 1197 477 οἱ
1214 451 1398 486 χαρακτῆρες.
1419 451 1450 477 Ἠ
1468 449 1513 478 οὖν
1528 451 1609 485 φύσις
1623 452 1695 478 ἐστὶν
1708 452 1726 486 ἡ
1744 452 1842 487 κυρία

1039 497 1085 523 καὶ
1098 497 1243 532 γεννητικὴ
1257 497 1311 522 τῶν
1324 496 1509 523 ὑποστάσεων.
1528 497 1582 523 Καὶ
1594 496 1639 523 διὰ
1652 496 1730 523 τοῦτο
1746 497 1840 523 πάλιν

1039 543 1173 578 ἐροῦμεν·
1195 542 1242 568 ἐὰν
1263 543 1358 577 εἴπῃς·
1378 542 1454 577 Καλὴ
1474 542 1555 576 φύσις
1575 543 1589 569 6
1609 543 1740 576 ἄγγελος,
1764 543 1839 577 ὅλην

1038 587 1087 621 τὴν
1101 586 1194 612 οὐσίαν
1214 586 1302 613 αὐτῶν
1325 587 1475 621 ἐσήμανας.
1498 587 1559 613 Ἐὰν
1573 587 1601 613 δὲ
1623 587 1718 622 εἴπῃς·
1733 588 1839 621 Μέγας

1040 632 1113 658 ἐστὶν
1134 633 1147 658 6
1161 631 1289 668 Γαϐριὴλ,
1310 632 1458 659 ὑπόστασιν
1475 633 1539 668 μίαν
1554 633 1586 659 ἐκ
1606 633 1714 660 πάντων
1735 631 1837 664 εἴπας.

1038 678 1094 704 Καὶ
1115 679 1162 705 ἐὰν
1180 679 1269 713 εἴπῃς,
1288 678 1324 704 Τὺ
1338 679 1472 712 πετεινὺν,
1494 679 1547 705 ἰδοὺ
1562 679 1610 714 τὴν
1631 680 1724 706 οὐσίαν
1738 681 1838 706 πᾶσαν

1039 724 1175 760 ἐδήλωσας
1185 724 1238 750 τῶν
1255 724 1384 751 πετεινῶν
1398 734 1403 739 ·
1416 725 1463 751 ὲὲιν
1475 725 1502 752 δὲ
1517 725 1606 761 εἴπῃς,
1619 726 1651 752 Ἡ
1667 726 1837 761 περιστερὰ,

1039 772 1055 806 ἡ
1070 770 1214 806 τρυγὼν,ὴ
1229 770 1329 806 ἀηδὼν,
1342 772 1357 797 6
1369 770 1449 803 ταὼς,
1465 772 1511 798 καὶ
1524 773 1537 798 6
1552 771 1660 804 κύκνος,
1675 772 1728 799 ἰδοὺ
1740 773 1836 799 ταῦτα

1040 817 1202 849 ὑποστάσεις
1224 818 1303 844 εἰσίν.
1334 817 1371 843 Οὑ
1390 817 1469 852 μόνον
1491 817 1519 844 δὲ
1540 817 1653 844 ἐπὶτῶν
1666 817 1767 854 νοερῶν
1782 819 1837 844 καὶ

1040 862 1156 897 λογικῶν
1168 863 1215 889 καὶ
1230 863 1359 898 ἐμψύχων
1375 863 1489 899 ἁρμόζει
1503 864 1517 890 ὁ
1532 863 1611 895 αὑτὸς
1628 863 1682 890 τῶν
1694 864 1765 899 ὅρων
1779 872 1836 890 κα-

1040 909 1103 941 νὼν,
1117 908 1184 935 ἀλλὰ
1201 908 1247 935 καὶ
1261 908 1304 935 διὰ
1318 909 1407 944 πάσης
1420 909 1523 944 ἀψύχου
1539 909 1585 936 καὶ
1605 908 1768 944 ἀναισθήτου
1782 909 1836 934 καὶ

1040 955 1168 990 ἀκινήτου
1196 954 1317 988 φύσεως·
1347 953 1403 981 οἷόν
1428 963 1455 980 τι
1484 955 1564 988 λέγω,
1595 954 1642 981 ἐὰν
1670 955 1762 990 εἴπῃς,
1790 955 1835 980 ὅτι

1046 1002 1188 1037 Ἐποίησεν
1200 1003 1213 1028 6
1227 1001 1292 1033 Θεὸς
1303 1002 1333 1028 τὸ
1349 1001 1416 1036 φῶς,
1433 1002 1486 1028 ἰδοὺ
1504 1003 1591 1029 πᾶσαν
1608 1002 1656 1037 τὴν
1669 1002 1763 1028 οὐσίαν
1776 1001 1836 1028 τῶν

1041 1048 1191 1083 ιρωστήρων
1206 1047 1353 1082 ἐσήμανας.
1373 1046 1446 1081 Αὕτη
1465 1047 1557 1074 λοιπὸν
1573 1048 1590 1083 ἡ
1606 1047 1684 1073 οὐσία.
1699 1047 1834 1081 τέμνεται

1040 1094 1080 1124 εἰς
1096 1093 1145 1125 τὰς
1162 1093 1324 1125 ὑποστάσεις
1339 1093 1438 1129 αὐτῆς·
1456 1093 1594 1130 μερίζεται
1611 1092 1666 1128 γὰρ
1685 1094 1724 1124 εἰς
1740 1092 1831 1127 ἥλιον.

1040 1141 1080 1171 εἰς
1093 1138 1206 1175 σελήνην
1221 1139 1267 1165 καὶ
1281 1140 1321 1169 εἰς
1334 1139 1462 1175 ἀστέρας,
1476 1140 1515 1170 εις
1526 1138 1648 1174 λύχνους,
1660 1139 1700 1170 εἰς
1716 1138 1832 1173 κηρρὺς,

1042 1187 1088 1212 καὶ
1101 1187 1141 1217 εἰς
1160 1185 1227 1212 ἄλλα
1241 1186 1367 1222 διάφορα.
1388 1185 1504 1220 Ὁμοίως
1520 1185 1567 1212 καὶ
1579 1185 1625 1211 ἐπὶ
1644 1185 1751 1220 ἀνέμων
1761 1193 1768 1200 ·
1780 1184 1832 1211 ἐὰν

1041 1233 1130 1270 εἴπῃς,
1145 1233 1266 1268 Πνεῦμα,
1292 1233 1381 1259 πᾶσαν
1405 1231 1453 1267 τὴν
1470 1231 1550 1266 φύσιν
1565 1231 1618 1258 τῶν
1642 1231 1749 1266 ἀνέμων
1766 1232 1832 1267 ἐσή-

1043 1288 1140 1315 μανας.
1157 1280 1188 1306 Εἰ
1204 1279 1231 1306 δὲ
1249 1279 1338 1315 εἴπῃς,
1354 1279 1449 1310 Νότος,
1466 1279 1482 1314 ἢ
1496 1278 1606 1314 βορρᾶς,
1618 1278 1634 1314 ἢ
1648 1277 1830 1314 εὑροκλύδων,

1041 1324 1120 1353 αὗται
1138 1326 1300 1357 ὑποστάσεις
1315 1326 1377 1352 εἰσί.
1398 1325 1479 1352 Πάλιν
1494 1325 1540 1352 ἐὰν
1556 1325 1645 1360 εἴπῃς,
1661 1324 1697 1350 Τὸ
1711 1324 1830 1358 δένδρον,

1042 1374 1132 1400 πᾶσαν
1147 1373 1196 1408 τὴν
1215 1372 1310 1399 οὐσίαν
1325 1372 1378 1398 τῶν
1399 1371 1514 1408 δένδρων
1533 1371 1688 1406 ἐσήμανας·
1704 1371 1728 1396 εἰ
1743 1370 1771 1396 δὲ
1789 1370 1830 1396 εἴ-

1042 1429 1105 1456 πῃς,
1123 1421 1155 1446 Ἦ
1171 1420 1249 1455 συκῆ,
1267 1420 1283 1454 ἡ
1305 1418 1405 1455 καρύα,
1420 1419 1436 1453 ἡ
1462 1417 1623 1449 κασταναία,
1640 1417 1656 1451 ἡ
1678 1415 1830 1451 ἀμυγδαλῆ,

1045 1465 1107 1500 μίαν
1119 1464 1265 1491 ὑπόστασιν
1277 1460 1357 1494 εἶπας
1368 1461 1421 1488 τῶν
1436 1461 1561 1496 δένδρων.
1577 1460 1661 1488 Πάλιν
1678 1461 1725 1486 ἐὰν
1739 1461 1829 1495 εἴπῃς,

1044 1510 1079 1536 Τὸ
1097 1509 1178 1543 ὕδωρ,
1192 1509 1255 1543 ὅλην
1271 1507 1320 1542 τὴν
1343 1506 1423 1541 φύσιν
1438 1506 1491 1532 τῶν
1508 1506 1611 1533 ὑδάτων
1625 1502 1706 1536 εἶπας
1716 1512 1722 1518 ·
1742 1504 1787 1531 ἐὰν
1802 1505 1831 1531 δὲ

1043 1556 1131 1591 εἴπῃς,
1153 1555 1185 1581 ἸΙ
1200 1554 1332 1584 θάλασσα,
1347 1555 1363 1587 ἡ
1375 1552 1467 1588 λίμνη,
1477 1553 1507 1578 τὸ
1523 1552 1620 1588 φρέαρ,
1635 1552 1651 1586 ἡ
1666 1551 1750 1586 τηγὴ,
1766 1551 1830 1586 μίαν

1043 1600 1122 1633 εἶπας
1138 1601 1191 1627 τῶν
1212 1601 1315 1627 ὑδάτων
1337 1599 1494 1625 ὑπόστασιν.
1517 1598 1601 1624 Πάλιν
1621 1597 1668 1623 ἐὰν
1688 1598 1777 1633 εἴπῃς,
1801 1597 1830 1623 ὐ

1042 1647 1173 1682 ποταμὸς,
1196 1647 1258 1678 τοὺς
1274 1647 1410 1681 ποταμοὺς
1435 1645 1538 1676 πάντας
1555 1645 1685 1680 εἴρηκαςο
1703 1644 1727 1669 εἰ
1749 1643 1776 1669 δὲ
1791 1643 1830 1668 εῖ-

1043 1703 1107 1730 πῃς,
1122 1695 1136 1720 6
1156 1693 1320 1729 Μαίανδρος,
1342 1694 1356 1719 6
1370 1691 1526 1727 Εὐφράτης,
1541 1692 1555 1716 6
1575 1690 1679 1722 Νεῖλος,
1697 1689 1756 1715 τότε
1775 1690 1828 1715 τῶν

1043 1739 1173 1776 ποταμῶν
1185 1737 1263 1771 εἶπας
1279 1739 1343 1774 μίαν
1365 1738 1521 1765 ὑπόστασιν.
1541 1738 1595 1764 Καὶ
1615 1738 1643 1763 ἐν
1658 1739 1714 1766 τοῖς
1728 1737 1828 1768 λοιποῖς

1042 1785 1141 1821 ὁμοίως
1156 1785 1227 1812 οὕτω
1242 1785 1295 1820 χρὴ
1324 1784 1411 1811 πάντα
1427 1784 1576 1820 διερευνᾷν,
1595 1783 1641 1809 καὶ
1654 1782 1715 1809 καθ’
1728 1782 1756 1808 ὃν
1769 1782 1828 1817 τρό-

1043 1841 1091 1859 πον
1114 1832 1271 1868 ἐγράφησαν
1297 1829 1458 1857 διανοεῖσθαι
1480 1830 1527 1856 καὶ
1551 1828 1753 1863 ἐπιγινώσκειν,
1781 1828 1827 1854 καὶ

1042 1878 1188 1914 διακρίνειν
1204 1878 1230 1903 τί
1247 1878 1304 1903 ἐστι
1322 1876 1413 1911 φύσις,
1430 1876 1477 1902 καὶ
1491 1875 1516 1902 τι
1533 1875 1606 1901 ἐστιν
1623 1875 1778 1905 ὑπόστασις.
1796 1873 1827 1900 ’Π

1044 1925 1092 1960 μὲν
1106 1924 1160 1960 γὰρ
1172 1923 1252 1959 φύσις
1264 1923 1337 1950 ἐστὶν
1347 1924 1364 1958 ἡ
1379 1922 1441 1958 ῥίζα
1457 1921 1504 1948 καὶ
1517 1922 1533 1957 ὴ
1547 1921 1622 1956 πηγὴ
1637 1920 1690 1947 τῶν
1706 1921 1828 1956 πραγμά-

1041 1982 1112 2000 των·
1129 1973 1146 2007 ἡ
1167 1972 1196 1998 δὲ
1213 1971 1360 2002 ὑπόστασις
1392 1970 1473 2005 μέρος
1490 1969 1548 1995 ἐστὶ
1567 1969 1617 2003 τῆς
1637 1968 1751 2002 φύσεως.
1772 1967 1827 1993 Ἀν-

1041 2020 1142 2054 αγκαῖα
1159 2018 1214 2054 γὰρ
1237 2017 1322 2044 ταῦτα
1337 2018 1393 2048 τοῖς
1409 2015 1531 2042 θέλουσιν
1541 2014 1661 2050 ἀκριῧῷς
1682 2013 1717 2040 τὰ
1742 2014 1769 2040 ἐν
1790 2013 1827 2048 τῷ

1042 2067 1137 2102 κόσμῳ
1153 2064 1345 2099 ἐπιγινώσκειν
1363 2063 1410 2090 καὶ
1427 2062 1550 2098 ὲρευνᾷν.

1043 2125 1076 2151 Il.
1093 2123 1162 2158 Περὶ
1177 2120 1418 2158 θελήματος-,καὶ
1431 2119 1593 2158 Ιδιῴιςαζος,
1608 2117 1659 2158 και
1671 2118 1825 2151 ἐνεργεῗας,

1165 2158 1215 2185 καὶ
1231 2154 1298 2192 περὶ
1311 2156 1447 2187 ἐινώσεως
1462 2155 1511 2181 καὶ
1533 2154 1706 2188 ὀμοουσίου.

1076 2206 1109 2232 Τί
1128 2206 1186 2232 ἐστι
1204 2204 1326 2240 θέλημας
1344 2201 1457 2237 Θέλημά
1472 2202 1546 2227 ἐστιν
1563 2199 1655 2231 οὐσίας
1671 2199 1765 2234 νοερᾶς
1783 2198 1827 2224 καὶ

1040 2252 1152 2286 λογικῆς
1167 2251 1259 2285 ἔφεσις
1273 2249 1340 2285 πρὸς
1353 2248 1383 2275 τὸ
1395 2246 1574 2282 καταθύμιον.
1590 2246 1647 2272 Πᾶν
1660 2245 1714 2280 γὰρ
1728 2245 1825 2280 νοερὸν,

1041 2297 1184 2334 πρόδηλον,
1207 2297 1247 2323 ὅτι
1272 2296 1320 2322 καὶ
1342 2294 1482 2329 θελητικὺν
1501 2294 1636 2329 ὑπάρχει·
1658 2292 1761 2326 Θέλημα
1775 2291 1826 2327 γὰρ

1040 2344 1160 2379 λέγεται,
1178 2342 1250 2369 κατὰ
1265 2341 1294 2368 τὸ
1315 2341 1386 2367 θέειν
1404 2340 1475 2371 λίαν,
1491 2339 1507 2375 ἢ
1522 2339 1568 2365 τοῦ
1587 2337 1698 2373 θελητοῦ
1721 2337 1825 2373 λῆμμα,

1040 2391 1056 2426 ἢ
1074 2390 1112 2421 ὡς
1127 2389 1265 2425 κράτημα.
1280 2387 1387 2422 Τριχῶς
1399 2386 1426 2413 δὲ
1443 2385 1585 2420 θεωρεῖται
1601 2385 1631 2411 τὺ
1645 2384 1758 2419 θέλημα,
1775 2383 1826 2410 θεῖ-

1041 2437 1098 2467 κὸν,
1120 2433 1277 2469 ἁγγελικὸν,
1293 2432 1340 2459 καὶ
1356 2431 1485 2466 ψυχικόν·
1508 2429 1602 2464 ἐπειδὴ
1618 2425 1698 2456 αὗται
1714 2429 1741 2455 αἱ
1756 2429 1826 2464 τρεῖς

1041 2480 1136 2515 φύσεις
1152 2479 1231 2514 μόναι
1251 2478 1306 2504 εἰσὶ
1330 2475 1481 2511 θελητικαὶ,
1505 2474 1613 2510 Τριχῶς
1632 2474 1661 2501 δὲ
1680 2473 1727 2500 καὶ
1749 2473 1777 2499 ὲν
1794 2473 1824 2507 τῇ

1040 2527 1135 2562 Γραφῇ
1156 2524 1319 2559 εὑρίσκομεν
1338 2522 1369 2549 τὸ
1385 2521 1492 2557 θέλημα
1511 2520 1668 2555 λεγόμενον,
1686 2519 1783 2550 θεῖκὺν,
1796 2518 1825 2544 τὸ

1041 2571 1182 2607 φυσικὸνῆ
1206 2570 1236 2596 τὸ
1261 2569 1352 2604 μέσον,
1377 2569 1423 2595 καὶ
1438 2568 1529 2603 τρίτον
1546 2566 1576 2592 τὺ
1600 2565 1738 2601 σαρκικὸν,
1761 2565 1824 2599 ὅπερ

1042 2617 1168 2654 σημαίνει
1180 2616 1210 2642 τὸ
1226 2613 1385 2641 διαϐολικόν.
1404 2612 1515 2647 Θέλημα
1532 2611 1602 2637 Θεῑόν
1617 2611 1675 2636 ἔστι
1691 2609 1726 2636 τὰ
1745 2617 1823 2644 προσ-

1041 2664 1168 2698 τάγματα
1179 2661 1226 2687 τοῦ
1237 2660 1314 2687 Θεοῦ.
1328 2660 1440 2694 Θέλημα
1453 2658 1480 2684 δὲ
1493 2656 1605 2692 φυσικὸν
1619 2657 1635 2691 ἡ
1649 2655 1762 2691 ἐργασία
1781 2654 1823 2681 τοῦ

1040 2707 1108 2735 Θεοῦ
1121 2708 1281 2742 θελήματος.
1295 2706 1364 2740 Θέλη
1370 2713 1406 2740 μα
1419 2704 1448 2730 δὲ
1463 2702 1592 2739 σαρκικὺν
1607 2703 1623 2737 ἡ
1641 2700 1765 2737 παρακοὴ
1780 2699 1821 2726 τοῦ

1041 2755 1113 2782 θείου
1128 2756 1222 2790 νόμου.
1246 2753 1340 2780 Ταῦτα
1359 2752 1392 2778 τὰ
1409 2751 1472 2786 τρια
1489 2749 1629 2785 θελήματά
1649 2749 1717 2774 εἰσιν
1739 2748 1767 2773 ἑν
1787 2746 1823 2781 τῷ

1041 2801 1185 2837 ἀνθρώπῳ.
1203 2801 1281 2826 Ἔστι
1292 2799 1320 2825 δὲ
1335 2799 1381 2825 καὶ
1399 2798 1491 2832 ἕτερον
1505 2796 1609 2831 θέλημα
1625 2794 1746 2830 φυσικὸν.
1761 2794 1822 2829 ὅπερ

1041 2847 1150 2882 λέγεται
1173 2846 1261 2874 κοινὸν
1284 2846 1366 2872 πᾶσιν
1389 2844 1554 2880 ἀνθρώποις.
1575 2843 1659 2870 Τοῦτο
1678 2841 1706 2868 δέ
1728 2841 1822 2868 ἔστιτὸ
