1924 3059
115 154 168 183 διι

715 155 819 183 LIBER
840 155 884 184 DE
905 156 1191 186 DEFINITIONIBUS.

1693 157 1746 186 διε

113 212 259 246 φιλόζωον.
285 212 389 244 Πάντες
416 212 470 248 γὰρ
496 213 520 239 οἱ
547 212 684 248 ἄνθρωποι
726 214 832 248 φιλοῦσι
861 215 893 250 τὴ

961 215 1009 243 Est
1021 216 1101 244 etiam
1115 217 1168 243 alia
1186 216 1317 243 naturalis
1333 216 1470 245 voluntas,
1483 222 1543 250 qum
1559 214 1657 242 dicitur
1671 223 1746 243 com-

113 257 199 293 ζωὴν,
218 257 265 284 καὶ
284 257 314 284 τὸ
337 258 403 294 ὸρᾷν
424 258 454 284 τὸ
475 258 543 293 φῶς.
563 258 628 285 Ἰδοὺ
649 258 696 285 καὶ
712 259 743 285 τὸ
763 259 850 286 κοινὸν
869 259 909 286 θέ-

111 304 200 340 λημα.
217 305 278 331 Εἰσὶ
291 304 319 330 δὲ
335 304 382 331 καὶ
396 305 477 339 ἔτερα
497 303 636 340 θελήματα
647 305 676 331 ὲν
688 305 764 340 ἡμῖν,
777 305 848 339 ἅπερ
859 314 908 331 κα-

112 349 227 376 λοῦνται
249 348 386 384 γνωμιχά.
402 349 497 380 Ἀλλος
521 349 569 384 μὲν
592 349 646 384 γὰρ
672 348 812 384 ἄνθρωπος
836 349 906 375 θέλει

114 395 240 426 ιδιάζειν,
258 395 336 426 ἄλλος
352 395 498 430 γεωργεῖν·
514 395 562 421 καὶ
577 394 655 426 ἄλλος
674 394 723 429 μὲν
743 395 844 424 πλέειν,
859 394 906 420 ἆλ-

112 441 158 472 λος
171 441 200 467 δὲ
215 441 412 471 ἀναπαύεσθαι,
426 441 473 466 καὶ
490 440 569 472 ἄλλος
587 440 699 472 ὁδεύειν,
711 440 789 472 ἄλλος
803 448 905 474 γρηγο-

113 488 183 522 ρεῖν,
201 487 248 513 καὶ
263 486 343 518 ἄλλος
359 482 469 517 ὑπνοῦν,
483 486 530 512 καὶ
544 486 569 512 οἱ
587 485 674 512 λοιποὶ
688 485 786 520 ὁμοίοις
797 493 803 500 ·
819 484 904 511 πολλὰ

112 533 241 568 γνωμικὰ
273 532 413 567 Θελήμειτα
441 531 540 567 ἔχομεν
570 532 595 558 οἱ
627 530 773 566 ἄνθρωποι.
803 530 850 556 Ἐν
874 530 902 556 δὲ

111 579 228 613 φυσικὸν
254 578 358 614 θέλημα
385 578 483 613 ἔχομεν
516 578 626 609 πάντες.
654 577 686 603 τὸ
715 577 824 612 ἀγαπᾷν
852 575 901 612 τὴν

112 624 196 660 ζωὴν,
215 625 272 660 ἦτοι
293 625 342 659 τὴν
354 624 512 655 ἀθανασίαν,
528 625 561 659 ἢν
574 623 705 659 ἐλάϐομεν
723 623 753 656 ἐξ
767 622 863 659 ἀρχῆς.

959 262 1050 290 munis
1060 263 1187 290 omnibus
1201 262 1366 295 hominibus,
1376 270 1436 297 quae
1450 265 1490 289 est
1502 268 1579 288 amor
1593 262 1664 289 vitae.
1677 261 1744 289 Nam

958 313 1052 334 omnes
1072 307 1195 335 homines
1212 307 1294 334 vitam
1317 311 1430 340 amant,
1458 307 1625 341 cupiuntque
1653 306 1745 333 videre

956 352 1056 379 lucem.
1075 352 1108 379 Et
1124 354 1180 380 haec
1194 357 1236 380 est
1251 354 1406 381 communis
1423 354 1561 381 voluntas.
1578 353 1647 380 Sunt
1661 353 1742 380 etiam

955 399 983 424 in
1000 397 1080 425 nobis
1096 398 1149 424 alia
1162 398 1311 425 voluntatis
1325 406 1436 433 genera.
1452 406 1512 433 qua?
1526 398 1656 425 dicuntur
1670 397 1743 424 arbi-

955 443 1011 470 trii.
1033 442 1100 469 Nam
1116 444 1186 471 alius
1204 444 1260 470 vult
1273 444 1514 479 vivere,privatus,
1528 444 1599 471 alius
1611 444 1741 474 rusticus.

955 491 982 515 et
999 488 1068 515 alius
1081 489 1210 523 navigare
1223 509 1230 520 ,
1248 489 1319 516 alius
1339 497 1403 517 vero
1427 489 1480 516 frui
1498 490 1603 525 quiete.
1629 494 1655 517 et
1672 490 1741 516 alius

954 534 1135 569 peregrinari,
1153 535 1223 562 alius
1239 535 1349 570 vigilare
1362 539 1389 563 et
1407 536 1477 563 alius
1492 535 1610 563 dormire
1625 545 1631 563 :
1647 539 1674 562 et
1690 543 1743 562 ea:-

955 580 1005 607 teri
1024 580 1159 613 similiter,
1175 581 1245 607 alius
1263 581 1319 608 vult
1336 581 1426 608 aliud:
1447 588 1509 608 nam
1531 582 1630 608 multas
1644 581 1726 607 volun

954 627 1022 650 tates
1039 624 1145 650 arbitrii
1163 625 1305 652 habemus.
1334 624 1419 652 Unam
1436 633 1500 652 vero
1513 626 1676 653 voluntatem
1692 634 1740 652 na-

111 673 227 699 turalem
258 679 353 698 omnes
377 671 550 706 accepimus,
589 679 687 707 nempe
714 678 806 698 amare
839 670 940 702 vitam.
973 677 1021 698 seu
1054 671 1300 706 immortalitatem,
1326 680 1407 708 quam
1439 673 1593 708 accepimus
1625 681 1640 701 a
1666 674 1741 709 prin-

109 722 194 757 cipio.

321 791 364 819 Ill.
395 792 425 818 Τί
436 791 553 827 λέγεται
568 792 681 827 ἰδίωμα.

150 869 261 905 ’ἰδίωμα
273 869 381 904 λέγεται
398 869 442 896 διὰ
454 869 484 896 τὸ
507 869 560 896 [δια
574 867 641 895 εἶναι
662 868 719 904 ἅμα.
728 876 735 883 ⁶
748 868 894 904 ἀχώριστοι

1089 788 1168 824 196
1184 787 1228 815 III.
1249 787 1319 821 Quid
1334 787 1431 815 dicitur
1447 788 1604 823 proprietas.

983 866 1096 898 ldioma,
1116 874 1164 894 seu
1179 866 1332 901 proprietas
1348 866 1464 896 dicitur.
1494 867 1538 894 διὰ
1555 867 1585 894 τὸ
1601 867 1654 893 ῐδια
1669 864 1738 893 εἶναι

109 916 164 951 γάρ
177 916 231 942 εῑσι
246 915 300 942 τῶν
315 915 422 950 φύσεων
441 915 489 941 καὶ.
503 914 558 942 τῶν
575 915 752 941 ὑποστάσεων
769 915 796 941 αἱ
813 914 894 940 αὺτῶι

952 913 1022 948 ἃμα,
1037 913 1097 940 ideo
1115 913 1187 948 quod
1216 913 1297 940 simul
1322 913 1377 940 sint
1403 914 1522 949 propria.
1541 913 1739 949 lnseparabiles

110 960 250 995 ἰδιότητες.
269 959 376 994 Ἰδίωμά
395 960 452 986 ἐστι
470 960 501 986 τὸ
515 959 544 985 ἒν
561 967 614 986 τινι
632 959 711 994 φύσει
727 959 817 990 tamn;
828 967 898 993 γνω-

110 1005 252 1041 ριζόμενον
269 1006 316 1032 καὶ
335 1007 363 1031 ὲν
389 1005 470 1041 ἑτέρᾳ
495 1005 531 1041 μὴ
557 1005 760 1041 εὑρισκόμενον.
786 1002 848 1031 Οἷόν
871 1013 897 1031 τι

107 1051 179 1085 λέγω
191 1060 197 1066 ·
207 1052 250 1078 Ἐν
266 1051 305 1086 τῷ
317 1051 376 1086 Θεῷ
384 1052 442 1077 ἐστι
450 1051 480 1077 τὸ
492 1051 664 1086 ἰἰεροειιώνιον⁹
680 1051 709 1077 τδ
717 1051 852 1082 ἄκτιστον,
867 1050 897 1076 τὸ

106 1098 323 1133 ἁπερίγραπτον,
333 1097 409 1124 ἅτινα
415 1097 462 1132 οὐχ
471 1097 637 1132 ὑπάρχουσιν
645 1098 672 1122 ἐν
678 1096 743 1132 ἄλλῃ
750 1096 792 1132 οἵᾳ
798 1096 896 1131 δήποτε

105 1145 186 1179 οὐσίᾳ
205 1144 314 1179 Ίδίωμά
323 1145 381 1170 ἐστι
390 1145 445 1174 τοῖς
455 1143 580 1177 ἀγγέλοις
590 1143 620 1169 τδ
628 1143 732 1174 ἀπαθὲς
740 1143 785 1169 καὶ
794 1143 895 1169 ἀθάνα-

106 1198 162 1221 τον,
172 1190 201 1215 τὸ
207 1190 221 1215 ὑ
226 1189 394 1224 μνολογικὸν,
404 1189 434 1215 τὺ
441 1188 581 1224 ἁσίγητον.
599 1189 705 1223 Ίδίωμα
713 1189 741 1215 δὲ
751 1187 894 1223 ἀνθρώπου

106 1235 210 1270 κυρίως
218 1235 248 1261 τὸ
262 1234 386 1261 σύνθετον
400 1235 432 1260 ἐκ
447 1233 548 1268 θνητῆς
565 1233 612 1260 καὶ
632 1234 764 1260 ἀθανάτου
778 1233 894 1268 φύσεως.

105 1282 135 1308 ἐν
149 1280 216 1317 ἄλλῃ
223 1281 266 1316 οἵᾳ
274 1281 373 1316 δήποτε
382 1280 461 1315 οὐσίᾳ
471 1279 507 1315 μὴ
523 1279 731 1315 γνωριζόμενον.
741 1280 794 1306 Καὶ
810 1279 895 1305 ταῦτα

108 1326 158 1361 μέν
170 1327 223 1352 εἰσι
232 1325 333 1360 φυσικὰ
345 1326 487 1361 lattbpa'ra‘
501 1326 582 1361 ἕτερα
591 1326 638 1351 καὶ
647 1325 826 1357 ὑποτακτικὰ,
839 1322 894 1351 οἷον

105 1372 248 1407 λευκότης,
274 1372 398 1407 μελανία.
423 1371 572 1407 μακρᾶτης,
598 1371 752 1405 κολοεότης,
777 1371 893 1404 γλαυκό-

105 1426 165 1453 της,
181 1417 325 1453 γοργότης,
342 1417 489 1453 νωθρότης.
506 1418 551 1444 καὶ
567 1417 600 1443 τὰ
615 1417 694 1452 ὃμοια
710 1417 779 1452 ἅπερ
797 1417 846 1442 οὐκ
865 1417 894 1442 ὲν

105 1465 190 1489 πᾶσιν
209 1462 362 1498 ἀνθρώποις
378 1462 557 1498 εὑρίσκονται.
574 1462 611 1488 0'5
624 1461 678 1496 γὰρ
692 1462 791 1493 πάντες
808 1462 832 1488 οἱ
847 1462 894 1488 ἇν-

105 1509 210 1544 θρωποι
227 1509 332 1544 γοργοὶ,
354 1509 413 1536 οὐδὲ
435 1505 534 1540 πάντες
557 1508 659 1541 ξανθοί.
682 1508 722 1534 Τὰ
743 1508 770 1534 δὲ
793 1509 894 1542 φυσικὰ

106 1555 241 1590 ἰδιώματα
255 1554 284 1587 ἐξ
300 1554 357 1580 ἴσου
375 1554 421 1580 καὶ
436 1555 464 1580 ἐν
477 1554 558 1580 παντὶ
570 1554 608 1589 τῷ
626 1553 688 1580 εἴδει
705 1554 891 1588 εὑρίσκονται·

948 959 1023 985 enim
1042 963 1106 986 sunt
1123 966 1138 985 a
1155 959 1214 987 suis
1234 959 1340 986 naturis
1356 963 1382 986 et
1398 959 1592 994 hypostasibus
1614 960 1739 995 proprie-

946 1006 1020 1031 tates
1037 1004 1168 1039 ipsarum.
1188 1003 1344 1039 Proprietas
1359 1009 1411 1038 est,
1428 1005 1499 1040 quod
1526 1005 1553 1032 in
1579 1005 1668 1040 aliqua
1692 1013 1739 1032 na-

948 1052 1009 1076 tura
1024 1050 1134 1084 proprie
1149 1050 1334 1084 cognoscitur.
1349 1055 1375 1077 et
1387 1050 1414 1077 in
1432 1051 1484 1077 alia
1499 1051 1573 1077 nulla
1589 1051 1736 1086 reperitur.

946 1095 1069 1130 Exempli
1090 1102 1185 1126 causa,
1199 1095 1225 1122 in
1239 1095 1293 1122 Deo
1306 1099 1357 1128 est,
1372 1096 1443 1130 quod
1459 1097 1494 1123 sit
1518 1099 1580 1123 ante
1604 1097 1738 1123 aeternita-

945 1145 998 1168 tem
1014 1145 1178 1176 temporum,
1195 1141 1333 1168 increatus
1347 1145 1374 1168 et
1390 1141 1548 1173 immensus,
1566 1150 1626 1176 qua:
1642 1142 1668 1168 in
1682 1141 1736 1168 alia

944 1187 1019 1214 nulla
1032 1194 1146 1221 usquam
1160 1192 1223 1214 sunt
1244 1187 1409 1214 substantia.
1428 1187 1592 1222 Angelornm
1613 1188 1735 1222 proprie-

944 1237 986 1259 tas
1002 1236 1054 1265 est,
1070 1232 1142 1267 quod
1162 1233 1304 1260 ail‘ectihus
1321 1233 1479 1268 passionum
1496 1237 1608 1260 careant
1627 1237 1654 1260 et
1678 1233 1735 1260 sint

944 1278 1124 1311 immortaleS,
1134 1279 1206 1313 quod
1221 1279 1304 1305 Deum
1319 1279 1445 1307 laudibus
1462 1279 1610 1312 celebrent,
1627 1283 1654 1306 et
1667 1287 1736 1306 nun-

944 1333 1024 1359 quam
1038 1326 1145 1353 sileant.
1162 1325 1317 1360 Proprietas
1330 1334 1394 1353 vero
1410 1326 1530 1353 hominis
1545 1326 1685 1360 est,'quod
1698 1334 1733 1353 ex

944 1372 1051 1398 mortali
1074 1376 1101 1399 et
1128 1372 1275 1398 immortali
1292 1376 1389 1398 natura
1406 1373 1575 1406 compositus
1597 1372 1643 1403 sit,
1660 1372 1734 1406 quod

944 1417 970 1444 in
984 1417 1036 1444 alia
1052 1417 1125 1444 nulla
1141 1425 1255 1452 nsquam
1268 1417 1420 1445 substantia
1435 1418 1580 1452 reperitur.
1595 1417 1681 1452 Atque
1694 1418 1737 1444 hae

943 1463 1053 1498 quidem
1073 1467 1135 1490 sunt
1148 1464 1330 1498 proprietates
1346 1463 1493 1490 naturales.
1512 1464 1582 1490 Alite
1593 1468 1658 1490 sunt
1672 1464 1735 1491 sub-

944 1509 1086 1540 ordinatze,
1105 1513 1134 1536 ut
1151 1509 1259 1541 albedo,
1275 1509 1405 1544 nigredo,
1427 1509 1578 1544 longitudo.
1593 1510 1712 1537 brevitas
1725 1531 1733 1542 ,

944 1555 1016 1582 ca‘sii
1032 1557 1078 1581 aut
1095 1554 1162 1582 torvi
1179 1554 1250 1580 oeuli
1262 1574 1269 1585 ,
1291 1554 1416 1584 tarditas,
1433 1558 1460 1580 et
1474 1554 1586 1584 similia,
1602 1562 1663 1589 qua:
1679 1563 1733 1581 non

105 1602 207 1632 πάντες
220 1601 274 1636 γὰρ
287 1601 310 1627 οἱ
322 1601 459 1636 ἄνθρωποι
475 1601 563 1637 βροτοὶ
577 1601 676 1636 ὁμοίως
690 1601 752 1631 εἰσὶ,
769 1601 816 1627 καὶ
830 1600 892 1636 θνη-

947 1601 971 1627 in
987 1601 1115 1627 Omnibus
1127 1600 1284 1627 hominibus
1300 1600 1486 1634 reperiuntur.
1502 1599 1559 1627 Non
1585 1601 1657 1627 enim
1677 1608 1735 1627 om-

104 1648 157 1679 τοὶ,
178 1647 292 1681 λογικοὶ,
317 1646 505 1682 πλατυόνυχοι,
529 1646 812 1682 ὀρθοπεριπατητικοί.
833 1646 893 1672 Εἰσὶ

104 1694 131 1720 δὲ
158 1693 205 1720 καὶ
226 1694 318 1728 ἕτερα,
339 1693 410 1728 ἅπερ
435 1694 465 1719 οὐ
489 1693 611 1726 λέγονται
628 1692 730 1727 κυρίως
752 1691 891 1727 ἰδιώματα,

103 1739 172 1765 ἀλλὰ
189 1738 389 1774 συμϐεϐηκότα.
408 1738 499 1765 Ταῦτα
514 1738 541 1764 δὲ
555 1738 674 1772 γίνονται
691 1738 738 1764 καὶ
754 1737 894 1772 ἀπογίνον-

103 1792 164 1809 ται·
181 1781 236 1810 οἷον
253 1784 270 1818 ἡ
285 1784 425 1818 νηπιότης.
440 1784 456 1819 ἡ
469 1783 558 1817 ὑγεία,
578 1783 693 1818 ἡνόσος,
709 1784 725 1818 ἡ
746 1782 892 1818 θερμότης.

102 1831 119 1864 ἡ
136 1829 287 1864 ψυχρότης*
303 1829 349 1855 καὶ
370 1828 462 1860 ἁπλῶς
479 1829 532 1855 πᾶν
547 1828 577 1854 τὸ
593 1828 798 1864 παραλλαγῆναι
819 1827 894 1854 δυνά-

104 1883 186 1910 μενον
203 1874 372 1910 συμὸεόηκδς
387 1874 505 1908 λέγεται.

942 1654 991 1674 nes
1008 1646 1132 1673 homines
1157 1649 1222 1673 sunt
1245 1647 1330 1673 torvis
1356 1646 1443 1673 oculis
1456 1666 1462 1676 ,
1481 1653 1531 1672 nec
1548 1653 1643 1673 omnes
1669 1650 1734 1673 Slllil

941 1691 1014 1719 flavi.
1029 1691 1171 1719 Naturales
1188 1695 1278 1718 autem
1302 1692 1481 1726 proprietates
1496 1692 1598 1725 pariter
1613 1692 1640 1719 in
1657 1693 1733 1719 omni

942 1737 1034 1772 specie
1062 1738 1254 1772 reperiuntur:
1274 1745 1337 1764 nam
1367 1745 1462 1764 omnes
1481 1737 1606 1764 homines
1631 1738 1734 1772 pariter

941 1783 1146 1818 corruptibiles.
1161 1787 1225 1811 sunt
1233 1783 1371 1812 mortales,
1382 1783 1539 1815 rationales,
1552 1783 1622 1810 latos
1631 1791 1734 1817 ungues

946 1829 1077 1856 habentes
1094 1833 1121 1856 et
1136 1828 1292 1856 incedentes
1303 1831 1394 1855 erecto
1406 1836 1530 1863 corpore.
1547 1828 1617 1855 Sunt
1643 1833 1734 1856 autem

945 1878 972 1902 et
987 1875 1049 1908 alia,
1064 1882 1124 1909 quae
1134 1883 1188 1901 non
1200 1874 1310 1909 proprie
1324 1873 1453 1900 dicuntur
1470 1874 1610 1905 idiomata,
1625 1873 1672 1901 sed
1686 1881 1733 1901 ac-

102 1921 233 1954 cidentia,
251 1929 311 1955 qua
336 1921 436 1948 adsunt
459 1920 620 1948 substantiae
645 1923 673 1948 et
696 1919 848 1953 recedunt;
865 1923 894 1946 ut
916 1920 1042 1953 infantia,
1060 1921 1174 1954 sanitas,
1201 1921 1324 1952 morbus,
1351 1920 1488 1950 caliditas.
1511 1919 1667 1956 lrigiditas:
1683 1919 1732 1947 de-

102 1968 187 2002 nique
200 1967 332 2002 quidquid
348 1967 448 1994 mutari
467 1971 567 2002 potest,
580 1967 742 2001 contingens
761 1966 802 1993 vel
814 1966 942 1994 accidens
958 1967 1069 1994 dicitur.

342 2042 386 2071 IV.
405 2043 475 2078 Περὶ
488 2044 650 2079 ἐνεργείας.

144 2121 285 2157 Ἐνέργειά
305 2123 373 2152 ἐστι,
395 2123 465 2149 καθά
485 2131 566 2158 φησιν
589 2123 603 2150 ὁ
620 2122 696 2157 ἅγιος
715 2123 862 2160 Γρηγόριος
878 2124 892 2150 ὁ

100 2165 222 2201 Νύσσης,
240 2167 256 2200 ὴ
274 2168 376 2203 φυσικὴ
393 2167 508 2194 ἑκάστου
525 2167 639 2203 δύναμίς
656 2177 685 2195 τε
707 2169 754 2195 καὶ
774 2169 889 2204 κίνησις.

1204 2043 1248 2070 IV.
1270 2042 1306 2070 De
1327 2043 1351 2069 vi
1371 2043 1476 2078 agendi.

977 2120 1026 2148 Vis
1045 2121 1160 2156 agendi,
1187 2121 1417 2156 quemadmodum
1445 2124 1559 2148 sanctus
1584 2119 1734 2155 Gregorius

941 2165 1081 2202 Nyssenus
1102 2167 1201 2202 inquit,
1218 2171 1261 2194 est
1280 2166 1414 2194 naturalis
1431 2166 1564 2200 cujusque
1580 2165 1619 2192 rei
1635 2169 1732 2199 poten-

100 2212 157 2238 Καὶ
183 2213 237 2246 γὰρ
258 2212 372 2238 ἕκαστον
397 2213 524 2245 οὐσιῶδες
544 2213 599 2248 ἔχει
620 2213 669 2249 τὴν
691 2214 788 2241 ἑαυτοῦ
813 2215 890 2250 ἐνέρ-

947 2213 980 2238 Lia
995 2216 1022 2240 et
1035 2216 1139 2240 motus.
1153 2212 1220 2239 Nam
1232 2213 1348 2248 quodvis
1365 2212 1512 2240 essentiale
1528 2232 1535 2244 ,
1559 2218 1635 2238 suam
1651 2210 1733 2238 habet

100 2265 194 2291 γειοιν⁸
211 2255 266 2283 οἷον
280 2258 314 2284 τὰ
334 2258 414 2294 νοερὰ
429 2259 478 2295 τὴν
501 2259 603 2294 νόησιν,
625 2261 658 2286 τὰ
681 2261 825 2296 αἰσθητικὰ
841 2262 890 2297 τὴν

99 2303 237 2338 αἴσθησιν,
262 2303 294 2330 τὰ
317 2304 414 2339 κινητὰ
436 2305 485 2340 τὴν
510 2304 625 2340 κίνησιν,
646 2305 680 2332 τὰ
707 2307 816 2333 πετεινὰ
841 2307 890 2342 τὴν

99 2349 210 2383 πτῆσιν,
226 2349 260 2376 si
280 2350 365 2384 νηκτὰ
379 2350 428 2386 τὴν
447 2350 532 2385 νῆξιν,
551 2350 585 2377 τὰ
606 2351 738 2386 βλαστικὰ
756 2351 805 2387 τὴν
828 2352 891 2387 βλά-

100 2403 207 2430 στησιν,
227 2395 261 2421 τὰ
284 2395 439 2431 ἑρπυςτικέξ
459 2396 509 2430 τὴν
532 2395 658 2431 ἓρπυσιν,
683 2397 717 2424 τὰ
741 2398 891 2432 φωτιστικὰ

98 2440 147 2476 τὴν
164 2441 305 2476 ἕλλαμψιν,
320 2442 353 2468 τὰ
369 2442 515 2477 γεννητικὰ
527 2442 575 2477 τὴν
590 2443 716 2478 γέννησιν
728 2453 734 2458 ·
753 2444 824 2480 ἅπερ
839 2444 891 2470 πά-

97 2485 156 2517 λιν,
183 2487 382 2522 ἀναιρουμένης
409 2488 459 2522 τῆς
487 2488 638 2523 ἐνεργείας,
667 2490 815 2525 ἀναιρεῖται
845 2491 891 2516 καὶ

98 2532 247 2558 ἀπόλλυται
259 2533 306 2559 καὶ
318 2534 334 2568 ἡ
349 2533 430 2560 αὑτοῦ
443 2534 532 2568 φύσις.
554 2535 765 2571 ’ἀναιρουμένης
779 2537 832 2572 γὰρ
843 2537 892 2572 τῆς

99 2577 234 2609 κτιύςεως,
253 2578 395 2604 σϐέννυται
406 2578 436 2604 τὸ
451 2579 506 2614 πῦρ
518 2588 524 2594 ³
538 2579 738 2616 ἀναιρουμένης
753 2581 801 2616 τῆς
814 2582 892 2616 κινή-

99 2630 168 2653 σεως
188 2621 236 2648 τοῦ
254 2622 334 2654 ζώου,
358 2623 506 2650 ἀπόλλυται
524 2623 592 2656 ζῶον
603 2634 609 2640 ·
632 2626 829 2662 ἀναιρουμένης
844 2627 893 2662 τῆς

98 2669 229 2702 νοήσεως,
252 2668 402 2696 ἀπόλλυται
419 2670 449 2695 τὺ
463 2670 555 2705 νοερὸν
570 2671 620 2706 τῆς
637 2671 725 2707 ψυχῆς
743 2672 789 2698 καὶ
804 2672 833 2698 τι
849 2672 892 2698 λο-

97 2712 178 2746 γικὸν
195 2712 291 2748 αέτῆς.
303 2714 339 2739 Τὸ
353 2713 381 2739 δὲ
395 2715 555 2750 παράδοξον,
568 2716 609 2742 ὅτι
628 2716 674 2742 καί
688 2725 759 2747 τινες
772 2716 893 2752 διάφοροι

98 2759 196 2793 φύσεις
216 2759 398 2795 στερούμεναιμ
410 2761 463 2787 τῶν
481 2761 602 2796 φυσικῶν
625 2762 769 2796 ἐνεργειῶν
790 2763 890 2797 αὐτῶν,

99 2805 198 2841 ἑτέρας
215 2806 355 2841 ἐνεργείας
370 2807 515 2834 τίκτουσιν.
533 2805 594 2834 Οῗον
614 2809 628 2834 ὁ
642 2808 714 2840 λίθος
732 2809 887 2844 καιόμενος,

102 2852 148 2878 καὶ
178 2852 308 2878 ἀπόλλυσι
332 2852 380 2888 τὴν
402 2854 517 2890 φυσικὴν
541 2855 689 2890 ἐνεργείαν.
718 2856 764 2882 καὶ
787 2856 892 2890 γίνεται

941 2258 1086 2285 ellicaciam
1103 2268 1109 2286 :
1128 2259 1231 2286 scilicet
1253 2253 1646 2292 intellectualiaintelligendi,
1671 2264 1733 2283 sen-

941 2304 1031 2331 sibilia
1047 2305 1192 2335 sentiendi,
1205 2304 1314 2331 mobilia
1330 2303 1466 2336 movendi,
1478 2303 1599 2330 volatilia
1611 2301 1732 2335 volandi,

942 2351 1063 2377 natatilia
1085 2350 1207 2381 natandi,
1224 2351 1346 2384 germina
1362 2349 1544 2385 germinamli.
1559 2348 1664 2382 reptilia
1690 2355 1733 2375 re-

942 2397 1045 2431 ptandi,
1065 2397 1182 2424 lucentia
1198 2396 1308 2424 lurendi
1321 2417 1328 2428 ,
1351 2400 1378 2423 et
1403 2395 1559 2431 generativa
1584 2393 1732 2429 generandi

942 2443 995 2470 vim
1013 2443 1124 2470 habent.
1139 2442 1167 2469 In
1182 2443 1283 2478 quibus
1301 2443 1390 2469 ablata
1402 2442 1429 2469 vi
1444 2442 1487 2468 illa
1503 2440 1611 2475 agendi,
1626 2440 1732 2467 tollitur

941 2494 968 2516 et
982 2483 1075 2516 interit
1101 2489 1159 2524 ipsa
1178 2489 1216 2516 rei
1234 2493 1343 2515 natura.
1365 2488 1480 2514 Sublato
1497 2495 1614 2521 namque
1631 2486 1732 2518 calore,

942 2535 1022 2562 etiam
1044 2535 1113 2570 ignis
1138 2535 1340 2569 exstinguitur;
1362 2534 1469 2562 sublato
1494 2534 1620 2560 animalis
1638 2537 1732 2563 motu,

943 2581 1042 2607 animal
1057 2581 1167 2612 interit;
1186 2581 1292 2607 sublata
1315 2581 1339 2606 vi
1358 2580 1535 2615 intelligendi,
1568 2580 1666 2606 anima:
1691 2579 1733 2606 in-

944 2628 1006 2653 terit
1016 2627 1166 2653 intellectus
1176 2631 1203 2654 et
1216 2626 1297 2652 ratio.
1309 2626 1365 2653 lloc
1378 2630 1467 2654 autem
1481 2625 1673 2652 admirandum
1691 2629 1734 2652 est

944 2671 1016 2706 quod
1031 2672 1185 2699 dill‘erentes
1204 2671 1326 2706 quaedam
1348 2676 1451 2698 naturre
1477 2671 1534 2699 Suis
1560 2671 1732 2698 naturalibus

944 2717 1098 2744 actionibus
1124 2717 1246 2752 privatze.
1263 2717 1343 2743 aliam
1365 2716 1500 2744 elliciendi
1518 2717 1571 2744 vim
1588 2720 1728 2752 generant.

944 2762 1032 2790 Veluti
1050 2763 1118 2798 lapis
1136 2763 1249 2791 adustus
1261 2763 1410 2791 naturalem
1422 2770 1498 2790 suam
1511 2764 1565 2790 vim
1583 2762 1693 2791 amittit.
1703 2766 1731 2788 et

945 2810 1002 2836 calx
1013 2809 1136 2842 ellicitur,
1145 2813 1226 2846 atque
1234 2810 1287 2837 vim
1300 2809 1430 2837 adurendi
1445 2809 1552 2837 retinet.
1561 2809 1660 2842 Eodem
1670 2815 1730 2835 mo-

946 2856 979 2883 do
994 2855 1102 2889 cedrus,
1112 2856 1211 2884 amissa
1226 2856 1250 2883 vi
1267 2855 1569 2891 germinandi,~sanandi
1582 2854 1730 2883 eFlicariam
