1924 3059
204 131 259 160 5ίῦ

791 133 821 161 S.
831 134 1075 164 'ATIIANASIUS.
1095 152 1130 158 —
1147 133 1293 164 spuma;

1798 138 1852 166 5H

206 191 316 226 accipit,
333 194 359 218 et
376 199 482 218 vermes
502 191 595 219 baccis
622 192 680 219 suis
707 192 854 221 interfecit.
886 193 996 229 Oportet

1050 196 1190 228 ἄσϐεστος,
1208 197 1255 222 καὶ
1273 195 1421 231 καυστικὴν
1442 196 1582 232 ἐνέργειαν
1595 196 1747 231 κέκτηται.
1765 198 1822 223 Καὶ
1836 199 1852 232 ἡ

207 237 299 272 igitur,
318 241 346 264 ut
363 237 413 264 viri
434 238 593 272 prudentes.
612 239 809 274 appellationes
827 247 918 267 rerum
933 248 998 267 con-

206 283 340 314 siderent,
354 287 381 309 et
396 282 559 317 dijudicent,
575 291 630 318 quo
651 284 855 319 deprehendere
876 286 995 320 pos~int,

205 329 342 364 quomodo
363 329 456 364 plures
474 330 563 357 omnis
587 331 695 365 generis
712 331 870 359 substantia:
884 339 996 359 suarum

205 375 344 402 actionum
366 376 487 407 nomina,
505 377 552 404 sed
567 385 621 404 non
644 378 783 405 naturales
800 378 996 412 appellationes

205 421 332 453 habeant,
345 430 414 456 quas
425 430 457 449 ex
476 423 593 457 propriis
607 423 762 450 actionibus
777 425 994 458 acquisiverunt,

204 467 360 502 habentque
374 472 401 494 et
414 467 476 495 inde
496 469 635 495 dicuntur.
650 468 766 500 Etenim.
785 474 814 496 ut
829 474 908 497 antea
926 470 996 497 dixi-

204 520 276 543 mus.
293 513 365 540 sicut
387 514 487 540 dicitur
502 514 572 541 Deus
589 515 642 541 ἀπὸ
655 514 701 541 τοῦ
718 515 830 550 θεωρεῖν
845 515 880 542 τὰ
897 516 995 549 πάντα,

204 562 231 589 id
248 567 301 594 est,
318 563 352 590 ab
366 571 400 590 eo
421 563 493 598 quod
508 564 708 597 contemplatur
725 564 827 595 omnia,
841 568 868 591 et
884 565 997 598 angelus

204 607 239 634 ab
252 608 372 642 angelica
390 609 548 642 operatione
570 611 597 634 et
621 607 841 639 ministratione,
866 611 893 634 et
915 608 997 636 homo

203 653 258 680 ἀπὸ
283 654 330 680 τοῦ
346 654 401 681 ἄνω
418 653 529 688 θεωρεῖν
540 654 586 680 τὸν
602 651 664 680 ὦπα
675 674 682 685 ,
699 654 724 680 id
742 658 795 685 est,
815 654 848 680 ab
868 662 900 681 eo
924 654 998 689 quod

204 701 280 728 vultu
300 708 417 735 superna
442 701 574 736 suspicit,
606 701 643 726 ita
672 704 699 728 et
720 701 747 727 in
775 700 904 735 reliquis:
921 701 998 735 virgo

204 753 333 780 namque,
350 745 494 781 παρθένος,
508 753 522 772 a
537 746 726 773 mortiﬁcanda
741 746 834 774 carnis
845 745 997 773 inﬂamma-

204 791 279 818 tione
302 791 425 818 dicitur:
445 791 612 827 περιστερά,
639 792 664 819 id
684 796 727 819 est
751 791 895 823 columba.
913 791 949 818 ob
971 791 997 819 id

203 842 328 870 vocatur,
340 839 381 864 ὅτι
404 839 514 864 πέτεται
537 838 669 874 στερρῶς,
691 838 717 865 id
730 842 782 871 est,
800 838 873 872 quod
888 839 997 864 lirmum

206 882 306 910 habeat
320 883 438 910 volatum
453 894 460 910 :
476 888 502 911 et
518 884 625 918 ἔλαφος,
643 884 670 911 id
688 889 731 912 est
750 891 858 916 cervus,
871 883 925 910 ἀπὸ
950 884 996 911 τοῦ

204 928 276 954 ἑλεῖν
299 930 362 960 τοὺς
376 929 462 963 ὄφεις,
480 929 505 956 id
534 935 575 956 est
591 931 626 956 ab
647 938 680 957 eo
698 930 770 964 quod
793 933 934 964 serpentes
950 930 998 957 tol-

203 975 236 1001 lit
249 983 256 1002 :
270 974 391 1010 χελιδών,
413 975 438 1002 id
452 979 494 1002 est
520 975 649 1007 hirundo,
663 976 707 1002 διὰ
722 977 752 1002 τδ
766 976 801 1002 τὰ
809 977 885 1011 χείλη
900 976 996 1009 δονεῖν,

203 1020 231 1047 id
248 1025 290 1048 est
315 1025 459 1056 propterea
475 1022 547 1056 quod
561 1022 706 1056 garriendo
719 1022 788 1049 labia
803 1025 910 1048 movet:
924 1021 995 1055 ὄφις,

204 1074 326 1101 serpens,
341 1067 478 1093 τουτέστιν
492 1068 506 1093 ὸ
524 1067 587 1101 φάς,
605 1067 631 1093 id
644 1071 686 1094 est
710 1068 755 1102 qui
770 1067 902 1101 loquitur,
924 1067 997 1094 vide-

204 1112 277 1144 licet,
292 1111 366 1146 quod
382 1112 446 1138 olim
464 1111 525 1138 Eva:
537 1113 645 1139 locutus
662 1112 716 1140 sit:
733 1111 842 1147 δορχάς,
861 1112 887 1138 id
899 1116 942 1138 est
952 1119 998 1138 ca-

203 1164 289 1191 prea,
314 1158 346 1183 ὲκ
370 1155 417 1182 τοῦ
444 1156 527 1189 ὀξέως
548 1157 672 1192 δέρκειν,
697 1156 725 1182 id
749 1160 802 1188 est,
823 1156 857 1183 ab
874 1156 998 1184 acumine

204 1202 279 1228 visus
293 1210 299 1228 :
319 1201 439 1236 τρυγών,
455 1201 482 1228 id
495 1206 537 1228 est
561 1205 662 1232 turtur,
679 1201 695 1236 ἡ
709 1201 829 1236 τηροῦσα
845 1201 893 1236 τὴν
905 1201 996 1236 γονὴν,

203 1246 263 1280 ἦτοι
280 1246 310 1272 τὺ
325 1247 424 1272 οἰκεῖον
433 1247 527 1280 γένος,
544 1245 570 1272 id
592 1249 634 1272 est
658 1253 769 1273 servans
789 1245 911 1280 stirpem.
928 1246 999 1273 vide-

205 1291 269 1317 licet
287 1291 365 1326 197
382 1292 522 1326 proprium
549 1299 636 1326 genus
652 1301 658 1318 :
675 1290 781 1326 ἀηδών,
809 1291 836 1318 id
853 1295 894 1318 est
914 1292 998 1318 lusci-

204 1337 261 1369 nia,
277 1338 319 1364 διὰ
331 1337 361 1364 τὸ
377 1338 420 1364 ἀεὶ
437 1337 520 1373 ᾄδειν,
536 1338 601 1372 quia
617 1345 724 1372 semper
738 1337 822 1369 canit.
840 1346 902 1364 cum
918 1341 999 1364 aesta-

204 1387 242 1414 te.
259 1387 315 1410 tum
333 1384 422 1411 hieme
436 1393 442 1410 :
456 1383 522 1418 γύψ,
546 1384 571 1410 id
588 1387 630 1410 est
645 1385 748 1415 vultur,
762 1383 805 1410 διὰ
820 1384 850 1410 τὸ
873 1383 998 1419 γυρεύειν

205 1429 270 1465 ὕψη,
287 1433 398 1464 propter
418 1430 563 1456 sublimem
581 1429 608 1455 in
623 1437 722 1464 gyrum
738 1430 856 1457 volatum
877 1439 882 1456 :
911 1437 998 1464 equus

204 1475 277 1509 quod
296 1475 411 1509 pedibus
427 1475 530 1509 equitet
544 1482 551 1501 :
579 1475 667 1506 ἀετός,
683 1475 710 1501 id
728 1479 770 1502 est
784 1475 887 1510 aquila,
912 1475 955 1501 διὰ
969 1475 998 1501 τὸ

1047 241 1142 276 κέδρος
1167 241 1267 276 ὁμοίως
1287 243 1422 277 στερεῖται
1448 242 1497 277 μὲν
1518 243 1567 276 τῆς
1593 242 1751 277 βλαστικῆς
1775 244 1853 279 ἐνερ-

1047 287 1133 320 γείας,
1149 287 1195 313 καὶ
1212 287 1359 322 ιαματικὴν
1376 287 1515 322 κέκτηται,
1530 287 1714 322 ἀναιρετικὴν
1733 288 1852 315 ποιοῦσα

1047 331 1100 357 τῶν
1120 331 1268 366 σκωλήκων
1288 331 1335 366 τὴν
1348 331 1465 366 κεδρῖαν.
1487 332 1532 357 Δεῖ
1544 329 1589 357 οὖν
1610 332 1678 362 τοὺς
1696 332 1853 367 ὲχέφρονας

1047 377 1096 409 τὰς
1112 377 1165 403 τῶν
1178 377 1261 404 ὄντων
1276 378 1460 413 προσηγορίας
1474 379 1593 410 σκοπεῖν,
1609 378 1660 404 καὶ
1675 378 1851 414 ἀνακρίνειν,

1047 419 1085 450 ὡς
1099 419 1132 446 ἂν
1148 419 1269 446 δύναιντο
1285 421 1383 456 εὑρεῖν,
1399 421 1483 452 πόσας
1502 421 1611 453 πλείους
1626 423 1748 457 ἁπάσης
1764 423 1853 458 ὑπάρ-

1048 465 1115 498 ξεως
1130 467 1314 502 προσηγορίας
1331 467 1519 502 ὲνεργητικὰς,
1537 467 1593 494 ἀλλ’
1608 469 1640 494 οὑ
1655 469 1784 502 φυσικὰς
1799 469 1852 495 ὀνο-

1049 513 1149 547 μασίας
1161 513 1278 548 ἔχουσιν,
1296 514 1328 540 ὲκ
1347 514 1400 540 τῶν
1419 515 1491 541 ἰδίων
1507 515 1656 550 ἐνεργειῶν
1676 516 1787 547 ταύτας
1804 515 1851 542 λα-

1048 557 1143 584 ϐοῦσαι
1157 560 1202 585 καὶ
1213 559 1322 594 ἔχουσαι
1337 560 1383 586 καὶ
1400 559 1554 595 λεγόμεναι.
1572 562 1628 588 Καὶ
1641 561 1713 596 γὰρ,
1732 562 1772 593 ὡς
1786 571 1852 598 προ-

1048 605 1209 640 ειρήκαμεν.
1228 605 1318 636 καθὼς
1332 605 1493 641 ὀνομάζεται
1508 607 1574 638 Θεὸς
1587 607 1643 633 ἀπὸ
1664 607 1716 633 τοῦ
1737 607 1851 644 Θεωρεῖν

1047 650 1082 676 τὰ
1102 651 1199 682 πάντα,
1222 651 1268 677 καὶ
1282 651 1395 685 ἅγγελος
1415 653 1446 678 ἐκ
1462 653 1510 687 τῆς
1528 652 1683 688 ἀγγελικῆς
1703 653 1790 680 αὑτοῦ
1810 655 1850 681 ἐν-

1048 696 1158 732 εργείας
1179 697 1226 723 καὶ
1242 697 1387 729 διακονίας,
1407 698 1453 724 καὶ
1471 697 1613 733 ἄνθρωπος
1639 699 1699 725 ἀπὸ
1721 699 1771 726 τοῦ
1796 699 1850 726 ἄνω

1049 742 1160 778 θεωρεῖν
1175 743 1220 769 τὸν
1236 740 1312 770 ὦπα·
1331 743 1402 769 οὕτω
1425 744 1476 769 κάν
1492 745 1547 775 τοῖς
1566 744 1677 776 λοιποῖς
1692 754 1698 760 ·
1728 746 1778 772 καὶ
1796 746 1848 781 γὰρ

1048 788 1182 823 παρθένος
1196 789 1313 822 λέγεται,
1329 788 1372 816 διὰ
1389 789 1420 816 τὸ
1440 789 1571 817 Θανατοῦν
1582 790 1632 825 τὴν
1652 791 1784 826 πύρωσιν
1801 791 1848 827 τῆς

1050 835 1150 870 σαρκός
1160 843 1166 850 ·
1188 836 1235 862 καὶ
1251 835 1400 871 περιστερὰ
1414 835 1458 862 διὰ
1474 835 1552 862 τοῦτο
1567 835 1692 870 λέγεται,
1710 837 1754 863 ὅτι
1770 838 1847 863 πέτε-

1047 890 1092 908 ται
1108 881 1248 917 στερρῶς’
1272 882 1319 908 καὶ
1341 881 1438 916 ἔλαφος
1462 881 1504 908 διὰ
1523 882 1553 909 τὺ
1568 882 1641 908 ἑλεῖν
1664 882 1734 914 τοὺς
1756 882 1846 917 δφεις’

1048 926 1170 961 χελιδὼν,
1190 926 1234 953 διὰ
1250 927 1281 952 τὸ
1295 926 1329 953 τὰ
1343 927 1418 962 χείλη
1431 926 1515 953 δονεῖν
1527 928 1555 953 ὲν
1578 927 1617 962 τῷ
1633 928 1732 955 λαλεῖν
1743 936 1750 942 ·
1776 929 1846 962 ὄφις,

1046 972 1184 999 τουτέστιν
1194 973 1208 998 ὁ
1221 973 1273 1006 φὰς
1287 973 1345 1008 ἤτοι
1357 974 1371 999 ὁ
1390 973 1509 1008 λαλήσας
1526 973 1593 1008 πρὸς
1606 974 1660 1010 τὴν
1677 973 1754 1001 Εὕαν
1768 974 1845 1001 ποτέ”

1047 1018 1155 1054 δορκὰς,
1172 1019 1204 1045 ὲκ
1227 1019 1274 1045 τοῦ
1293 1019 1374 1050 ὀξέως
1395 1019 1512 1054 δέρκειν,
1530 1018 1546 1054 ἣ
1568 1019 1606 1050 ὡς
1626 1020 1698 1055 ὸρᾷν
1712 1029 1719 1034 -
1738 1019 1846 1055 τρυγὼν

1047 1066 1063 1100 ὴ
1081 1064 1201 1100 τηροῦσα
1214 1065 1264 1100 τὴν
1277 1065 1366 1099 γονὴν,
1385 1064 1444 1099 ἦτοι
1460 1064 1490 1090 τὸ
1504 1065 1603 1091 οἰκεῖον
1625 1065 1710 1098 γένος
1721 1074 1728 1080 ⁸
1747 1065 1845 1101 ἀηδὼν,

1047 1110 1091 1137 διὰ
1105 1111 1136 1136 τὸ
1149 1110 1192 1137 ἀεὶ
1206 1110 1290 1146 ᾅδειν,
1307 1110 1354 1136 καὶ
1370 1110 1399 1135 ὲν
1417 1109 1500 1144 θέρει,
1516 1110 1562 1136 καὶ
1578 1111 1606 1135 ἐν
1629 1110 1766 1145 χειμῶνι·
1782 1110 1845 1145 γὺψ,

1047 1156 1092 1182 διὰ
1113 1156 1142 1182 τὸ
1162 1157 1287 1191 γυρεύειν
1311 1155 1382 1190 ὕψη·
1404 1155 1497 1186 ἵππος,
1513 1156 1545 1182 ὲκ
1565 1155 1613 1182 τοῦ
1636 1156 1776 1183 ἱππᾶσϐαι
1791 1157 1844 1187 τοῖς

1048 1200 1126 1227 ποσίν
1139 1209 1144 1215 ·
1159 1200 1237 1227 ἀετὸς
1251 1200 1366 1231 ἀείετος,
1376 1199 1420 1226 διὰ
1429 1199 1459 1225 τὸ
1472 1199 1601 1232 πολλάκις
1619 1201 1845 1233 ἀνακαινίζεσθαι

1048 1247 1096 1273 καὶ
1113 1245 1196 1273 πολλὰ
1213 1246 1282 1281 (ἔτη)
1299 1246 1365 1280 ζῇν·
1384 1246 1516 1278 πετεινὸν,
1533 1247 1563 1272 τὸ
1577 1246 1629 1282 τὴν
1645 1248 1772 1282 πτέρυγα
1791 1248 1844 1274 τεί-

1048 1301 1107 1319 νον·
1127 1292 1257 1327 ποταμὸς,
1273 1292 1309 1324 ὡς
1327 1291 1441 1326 πότιμον
1459 1292 1527 1327 ἔχων
1547 1293 1711 1328 ἐνέργειαν·
1731 1294 1845 1330 χείμαῤ-

1049 1339 1104 1373 ρος,
1128 1338 1169 1364 ὅτι
1191 1339 1220 1364 ὲν
1242 1337 1356 1372 χειμῶνι
1381 1339 1437 1373 ῥεῖ·
1457 1338 1545 1372 φύσις,
1567 1340 1599 1365 ὲκ
1625 1339 1675 1366 τοῦ
1698 1340 1777 1375 φύειν
1797 1339 1843 1371 τὰς

1049 1384 1225 1415 ὑποστάσεις·
1254 1384 1362 1419 βοτάνη,
1386 1383 1430 1410 διὰ
1451 1384 1481 1410 τὸ
1506 1384 1627 1420 βαδίζειν
1651 1386 1725 1413 ἄνω·
1754 1385 1844 1420 ὥσπερ

1049 1430 1095 1456 καὶ
1110 1430 1123 1455 ὁ
1144 1429 1295 1464 ἄνθρωπος.
1310 1431 1342 1457 ὲκ
1361 1430 1408 1455 τοῦ
1423 1430 1479 1456 ἄνω
1492 1430 1617 1465 Θεωρεῖν,
1632 1431 1651 1467 ᾖ
1670 1431 1709 1462 ὡς
1726 1431 1842 1466 βλέπειν.

1049 1476 1096 1502 καὶ
1114 1475 1217 1511 ἡψυχὴ
1232 1475 1260 1501 δὲ
1277 1476 1308 1501 ἐκ
1323 1475 1372 1510 τῆς
1386 1476 1487 1507 οἰκείας
1503 1476 1648 1512 ἐνεργείας
1663 1477 1720 1512 ἕχει
1737 1477 1786 1512 τὴν
1797 1475 1843 1510 τῆς

204 1520 333 1552 πολλάκις
348 1520 579 1553 ἀνακαινίζεσθαι,
590 1521 637 1547 καὶ
651 1521 735 1547 πολλὰ
755 1521 802 1556 ἐτη
819 1521 879 1556 ζῇν,
898 1520 924 1547 id
939 1525 996 1552 est,
1012 1535 1032 1562 ρ
1048 1519 1136 1555 ψυχῆς
1153 1520 1353 1555 προσηγορίαν·
1368 1519 1463 1555 ψύχειν
1479 1520 1533 1556 γὰρ
1552 1521 1582 1547 τὸ
1601 1521 1752 1553 ζωοποιεῖν
1771 1521 1842 1555 λέγε-

205 1571 349 1601 propterea
363 1566 435 1601 quod
457 1574 643 1601 smpenumero
668 1571 832 1598 renovatur,
848 1574 879 1594 ac
898 1567 998 1594 multos

205 1618 293 1638 annos
312 1611 397 1638 vivit:
413 1611 544 1644 πετεινόν,
571 1611 598 1638 id
618 1616 661 1639 est
678 1612 808 1644 volucris,
824 1613 854 1638 τὺ
870 1613 919 1647 τὴν
935 1613 998 1639 πτέ-

206 1664 275 1691 ρυγα
291 1658 387 1688 τεῖνον,
401 1657 474 1692 quod
492 1657 562 1684 alain
580 1658 708 1685 extendat
725 1668 731 1685 :
748 1658 880 1693 ποταμός,
902 1658 928 1685 id
955 1662 997 1686 est

205 1701 315 1732 ﬂuvius.
329 1703 366 1734 ὼς
381 1703 495 1737 πότιμον
510 1703 578 1737 ἔχων
593 1703 741 1739 ἐνέργειαν,
756 1703 782 1730 id
797 1708 849 1736 est,
865 1708 995 1738 tanquam

1050 1575 1110 1592 ται·
1129 1566 1173 1592 διὰ
1191 1566 1270 1592 τοῦτο
1287 1567 1318 1592 ὲκ
1335 1567 1384 1601 τῆς
1401 1565 1530 1598 ζωοποιοῦ
1548 1568 1697 1603 ἐνεργείας
1712 1567 1784 1603 ψυχὴ
1802 1567 1841 1592 λέ-

1049 1620 1136 1646 γεται,
1152 1612 1196 1638 διὰ
1215 1611 1245 1637 τὸ
1260 1611 1339 1647 σῶμα
1361 1612 1514 1644 ζωοποιεῖν*
1536 1612 1582 1639 καὶ¹
1603 1613 1689 1649 ἔτερα
1712 1613 1740 1639 δὲ
1761 1612 1840 1648 μυρία

1049 1658 1131 1690 ἐστιν,
1144 1657 1161 1684 ἂ
1175 1657 1319 1693 παρίεμεν,
1347 1657 1390 1683 ἴνα
1412 1657 1448 1694 μὴ
1465 1657 1588 1692 λέγωμεν
1601 1658 1692 1685 πάντα
1711 1658 1779 1685 κατὰ
1792 1656 1838 1687 τὰς

1048 1704 1151 1735 οἰκείας
1166 1703 1361 1739 προσηγορίας.

205 1751 351 1784 potabilcm
371 1750 476 1778 habens
506 1751 670 1785 energiam:
700 1751 870 1787 χείμαρρος,
898 1751 924 1778 id
953 1755 994 1778 est

1048 1759 1149 1784 )rrens,
1173 1752 1214 1777 ὅτι
1240 1753 1270 1778 ἐν
1300 1751 1414 1786 χειμῶνι
1444 1753 1501 1787 ῥεῖ,
1527 1752 1601 1787 quod
1630 1753 1721 1780 hieme
1754 1751 1833 1778 ﬂuat:

207 1797 298 1830 φύσις,
315 1798 340 1824 id
356 1802 399 1825 est
419 1803 533 1830 natura,
560 1799 592 1824 ὲκ
607 1799 653 1825 τοῦ
667 1799 743 1833 φύειν
759 1798 808 1830 τὰς
833 1799 995 1830 ὑποστάσεις

1052 1799 1104 1825 uod
1124 1799 1285 1834 hypostases
1306 1800 1458 1834 producat:
1476 1799 1573 1836 βοτάνη
1585 1820 1593 1832 ,
1622 1801 1648 1828 id
1667 1807 1709 1828 est
1740 1799 1834 1829 herba.

205 1844 249 1870 διὰ
263 1844 293 1870 τὸ
309 1844 425 1879 βαδίζειν
440 1845 505 1876 ἄνω,
524 1852 556 1872 eo
570 1845 644 1880 quod
658 1853 767 1872 sursum
782 1845 886 1877 tendat,
905 1854 996 1881 quem:

1052 1846 1134 1873 odum
1161 1851 1187 1873 et
1221 1846 1376 1882 ἄνθρωπος,
1398 1847 1425 1873 id
1451 1852 1493 1874 est
1518 1848 1620 1881 homo,
1657 1849 1690 1874 ὲκ
1706 1847 1751 1874 τοῦ
1784 1845 1835 1873 ἄνω

207 1889 329 1926 θεωρεῖν,
343 1899 376 1917 eo
391 1891 463 1925 quod
482 1900 591 1919 sursum
610 1893 739 1927 respiciat
760 1902 767 1920 :
793 1893 865 1928 ψυχή
878 1913 886 1926 ,
908 1893 934 1920 id
955 1897 996 1921 est

1048 1893 1116 1923 lima,
1126 1900 1158 1920 ex
1172 1893 1280 1928 propria
1291 1893 1316 1919 vi
1326 1893 1377 1920 hoc
1390 1893 1509 1922 nominis
1531 1894 1624 1922 habet.
1649 1893 1718 1920 Nam
1733 1892 1833 1928 ψύχειν,

208 1935 279 1962 idem
295 1941 336 1963 est
349 1937 420 1971 quod
442 1937 601 1966 viviﬁcare:
619 1938 680 1965 ideo
696 1939 797 1972 anima,
832 1947 866 1967 ex
899 1939 1054 1966 vivilicandi
1089 1939 1237 1970 facultate,
1266 1938 1339 1974 ψυχὴ
1355 1938 1471 1971 dicitur.
1492 1947 1593 1974 corpus
1613 1940 1686 1968 enim
1710 1937 1830 1966 viviﬁcat.

209 1980 278 2009 Sunt
293 1987 320 2010 et
334 1984 386 2010 alia
402 1988 531 2011 sexcenta
543 2004 550 2016 ,
578 1993 638 2019 quae
655 1986 728 2013 ultro
745 1986 997 2021 praetermittimus,
1019 1993 1053 2013 ne
1069 1986 1161 2013 omnia
1175 1985 1232 2013 suis
1249 1985 1406 2012 nominibus
1423 1993 1683 2014 commemoremus.

490 2031 521 2058 V.
548 2031 584 2058 De
605 2033 712 2060 unione.

243 2075 313 2108 Quid
331 2079 373 2106 est
393 2077 469 2109 unio,
486 2082 513 2104 et
528 2082 595 2113 quot
616 2079 704 2106 modis
728 2079 907 2114 intelligitur?
926 2078 996 2106 Unio

208 2127 251 2148 est
264 2123 423 2150 distantium
453 2131 545 2152 rerum
565 2125 720 2153 communis
737 2133 900 2154 concursus.
919 2125 996 2153 Dicta

209 2172 299 2195 autem
311 2173 352 2195 est
365 2170 440 2200 unio,
453 2169 525 2204 quod
544 2177 588 2198 res
601 2178 684 2197 unum
699 2171 773 2202 (iant,
789 2171 840 2198 hoc
854 2175 907 2205 est,
919 2171 993 2206 quod

208 2218 304 2241 coeant
325 2218 351 2241 et
373 2215 614 2243 commisceantur.
640 2215 726 2244 Porro
761 2217 883 2252 quinque
906 2217 996 2244 modis

208 2260 275 2286 unio
289 2259 400 2293 dicitur,
416 2261 735 2296 commisliva,divisiv’a,
752 2263 911 2294 habitualis,
925 2263 998 2297 posi-

208 2307 274 2338 tiva,
292 2311 317 2332 ιιι
333 2307 397 2333 unio
411 2311 506 2334 sancta
519 2307 632 2338 Christi.
644 2317 705 2343 quae
720 2317 802 2344 supra
817 2309 885 2336 istas
899 2317 998 2337 secun-

208 2352 272 2378 dum
288 2352 448 2387 hypostasin
464 2354 538 2380 dicta
549 2358 601 2381 est.
616 2354 703 2389 Atque
718 2356 782 2382 unio
797 2356 906 2391 quidem
922 2363 997 2382 corn-

207 2399 317 2426 misliva
331 2399 440 2431 dicitur.
456 2400 547 2434 qualis
565 2404 607 2427 est
624 2401 678 2427 vini
699 2406 726 2428 et
746 2409 839 2436 aquae;
865 2402 993 2434 divisiva,

207 2445 296 2479 qualis
311 2449 352 2472 est
366 2446 486 2473 hominis
507 2446 540 2473 ad
559 2446 715 2480 hominem;
736 2447 895 2481 hahitualis,
908 2449 997 2484 qualis

207 2493 250 2517 est
266 2490 327 2517 auri
343 2490 377 2517 ad
397 2497 505 2518 aurum.
524 2489 596 2517 Unio
611 2495 702 2518 autem
717 2491 819 2519 Christi
837 2499 920 2527 supra
936 2492 996 2519 illas

208 2536 358 2564 secundum
370 2537 529 2572 hypostasin
542 2538 652 2564 dicitur.
669 2537 825 2565 Secundum
837 2538 997 2574 hypostasin

207 2589 272 2610 vero
289 2583 354 2610 unio
376 2586 418 2610 est
441 2590 489 2618 per
504 2591 533 2610 se
559 2583 712 2610 subsistens
728 2591 865 2611 concursu
880 2584 996 2611 duarum

209 2632 369 2655 naturarum
386 2629 415 2656 in
432 2635 509 2656 utero
523 2633 625 2656 sanctae
648 2629 769 2664 Deiparie
785 2629 917 2665 Virginis.
933 2629 994 2656 Non

207 2674 281 2700 enim
298 2677 360 2701 ante
375 2673 494 2701 Verbum
521 2674 605 2702 Deum
635 2674 670 2702 ibi
696 2675 802 2702 exsistit
827 2683 938 2710 corpus.
955 2675 996 2703 vel

209 2719 319 2752 anima;
338 2720 384 2747 sed
415 2720 498 2747 simul
524 2729 601 2752 caro,
616 2724 643 2748 et
667 2721 748 2747 simul
769 2721 842 2748 Deus
865 2720 994 2748 Verbum.

209 2763 279 2792 Caro
294 2766 413 2793 animata
426 2766 569 2794 rationalis
588 2767 616 2794 in
630 2775 663 2794 eo
680 2767 749 2800 fuit;
765 2767 994 2802 quemadmodum

209 2812 237 2839 in
265 2817 359 2841 nostra
383 2822 493 2850 quoque
523 2814 710 2849 conceptione,
739 2818 769 2841 ut
789 2813 856 2842 mihi
875 2813 993 2845 videtur,

209 2859 298 2888 anima
317 2867 364 2896 per
382 2868 411 2888 se
428 2860 582 2889 subsistens
599 2860 680 2888 simul
701 2860 840 2888 concurrit
857 2867 918 2888 cum
933 2867 994 2887 cor-

1302 2030 1334 2058 V.
1353 2032 1421 2066 Hepl
1437 2031 1581 2064 ὲνώσεως.

1085 2079 1117 2105 Τί
1135 2078 1208 2104 ἐστιν
1224 2077 1337 2110 ἓνωσιςς
1350 2078 1396 2104 καὶ
1418 2077 1544 2113 ποσαχῶς
1559 2079 1662 2104 νοεῖται
1683 2078 1699 2110 ἠ
1725 2076 1829 2104 ἕνωσιςῖ

1051 2124 1167 2155 Ἕνωσις
1179 2124 1227 2159 μὲν
1245 2123 1302 2149 ἔστι
1325 2123 1475 2150 διεστώτων
1497 2125 1668 2159 πραγμάτων
1695 2117 1829 2151 κοινωνικὴ

1047 2169 1191 2205 συνδρομή·
1205 2168 1302 2199 ’ἑνωσις
1316 2168 1343 2194 δὲ
1353 2168 1458 2204 εἴρηται
1473 2168 1515 2195 διὰ
1531 2169 1560 2195 τὸ
1578 2169 1689 2196 ὲνῶσαι.
1715 2163 1828 2192 τουτέστι

1011 2208 1033 2235 ί)
1049 2215 1202 2250 συνωϐῆσαι
1218 2215 1264 2242 καὶ
1280 2215 1353 2250 μῖξαι
1367 2215 1401 2240 τὰ
1416 2215 1575 2250 πράγματα.
1592 2213 1736 2248 Πενταχῶς
1751 2210 1777 2237 δὲ
1791 2207 1829 2234 λέ·

1047 2270 1125 2296 γεται
1149 2263 1166 2297 ἡ
1179 2262 1285 2294 ῗἑνωσις.
1302 2263 1462 2297 συγχυτικὴ,
1476 2261 1639 2296 διαιρετικὴ,
1653 2258 1772 2295 σχετικὴ.
1787 2255 1826 2281 θε-

1047 2308 1121 2343 τικὴ,
1143 2309 1218 2343 καὶὴ
1237 2308 1303 2342 ἁγία
1337 2308 1433 2339 ἕνωσις
1459 2307 1506 2334 τοῦ
1530 2306 1661 2342 Χριστοῦ,
1679 2306 1738 2342 ἥτις
1763 2301 1827 2335 ὑπὲρ

1047 2353 1132 2380 ταῦτα
1147 2353 1207 2380 καθ’
1222 2353 1370 2380 ὑπόστασιν
1382 2353 1498 2388 εἴρηται.
1510 2353 1564 2379 Ka‘i
1573 2353 1669 2382 ἓνωσις
1681 2350 1729 2385 μὲν
1740 2353 1828 2380 συγχυ-

1046 2399 1110 2435 τικὴ
1125 2399 1244 2433 λέγεται,
1258 2398 1296 2431 ὡς
1310 2400 1327 2434 ή
1342 2398 1389 2425 τοῦ
1407 2398 1479 2425 οἴνου
1497 2399 1543 2425 καὶ
1559 2398 1606 2425 τοῦ
1633 2397 1736 2426 ὓδατος.
1762 2393 1827 2418 Διαι-

1049 2445 1142 2481 ρετικὴ
1156 2446 1195 2477 δὲ,
1211 2446 1249 2477 ὼς
1263 2444 1406 2481 ἀνθρώπου
1417 2445 1485 2481 πρὸς
1502 2445 1653 2480 ἄνθρωπον.
1670 2438 1781 2477 Σχετικὴ
1790 2436 1823 2466 δὲ,

1046 2491 1084 2523 ὡς
1100 2491 1200 2527 χρυσοῦ
1219 2491 1286 2526 πρὸς
1298 2491 1406 2526 χρυσόν.
1430 2492 1461 2517 Ἡ
1476 2491 1504 2517 δὲ
1526 2490 1573 2517 τοῦ
1596 2487 1712 2525 Χριστοῦ
1737 2485 1824 2516 iw)“;

1047 2536 1116 2571 ὑπὲρ
1129 2536 1214 2562 ταῦτα
1228 2536 1288 2563 καθ’
1300 2537 1448 2562 ὑπόστασιν
1463 2536 1578 2571 εἴρηται.
1597 2533 1665 2562 Καθ’
1685 2531 1823 2577 ὑπόστασιν

1046 2581 1075 2608 δὲ
1093 2581 1189 2613 ἓνωσίς
1220 2583 1294 2608 ἐστιν
1319 2583 1335 2617 ἡ
1365 2581 1556 2617 αὐθύπαρκτος
1578 2583 1606 2608 ὲν
1627 2581 1660 2615 τῇ
1677 2578 1763 2622 μήτρᾳ
1778 2579 1822 2622 τῇς

1046 2627 1127 2661 ἁγίας
1141 2627 1273 2654 Θεοτόκου
1286 2626 1340 2653 τῶν
1356 2626 1402 2653 δύο
1413 2626 1520 2660 φύσεων
1537 2624 1670 2662 συνδρομή
1682 2631 1689 2655 ;
1703 2620 1761 2647 οὔτε
1773 2620 1822 2662 γάβ

1045 2673 1076 2699 τὸ
1103 2673 1181 2708 σῶμα
1194 2673 1247 2708 πρὸ
1259 2672 1306 2699 τοῦ
1321 2673 1389 2699 Θεοῦ
1405 2673 1491 2706 Λόγου
1504 2672 1608 2707 ὑπέστη
1632 2670 1697 2700 ἐκεῖ,
1725 2663 1785 2714 οὖῖί
1804 2660 1819 2714 ’2

1045 2720 1116 2755 ψυχή
1131 2702 1224 2745 ’.ἀλλά
1249 2718 1316 2754 σὰρξ
1333 2718 1401 2753 ἅμα,
1417 2702 1463 2744 καὶ
1486 2717 1552 2749 Θεὸς
1577 2702 1660 2750 Λογος
1677 2713 1741 2746 alia.
1757 2702 1821 2755 sap?

1046 2749 1166 2802 έμᾷῦχος
1178 2766 1272 2801 λογικὴ
1333 2749 1406 2800 αῦτῷ
1424 2766 1538 2800 ὑπέστη.
1551 2763 1684 2795 καθάπερ.
1702 2758 1737 2787 ὡς
1764 2749 1819 2787 ἐμοὶ

1045 2812 1128 2840 δοκεῖ.
1140 2812 1186 2839 καὶ
1197 2812 1242 2838 ἐπὶ
1253 2811 1302 2846 τῆς
1314 2811 1452 2847 ἡμετέρας
1466 2811 1630 2846 συλλήψεως,
1641 2802 1818 2848 αὒθύπαρκτξξ

1046 2860 1061 2894 ή
1077 2858 1150 2894 ψυχὴ
1164 2840 1302 2895 συντρέχει
1368 2840 1483 2893 σάματι.
1502 2840 1568 2884 υῡῇ
1585 2855 1645 2891 Ιγὰρ
1668 2849 1740 2884 σῶμ2
1762 2840 1808 2870 καθ
