1924 3059
110 73 167 103 Ξῖ45

705 78 805 106 LIBER
825 80 870 107 DE
890 79 1176 110 DEFINITIONIBUS.

1687 83 1740 112 546

110 135 195 162 ἑαυτὸ
208 135 374 168 συνίσταται,
392 137 454 164 οὔτε
471 139 487 173 ἡ
502 137 574 174 ψυχὴ
589 140 760 175 προῦπάρχει
774 140 822 166 τοῦ
846 139 893 166 σώ-

951 149 1026 176 pore.
1055 141 1122 169 Nam
1146 150 1246 178 corpus
1267 151 1317 178 per
1333 151 1363 171 se
1381 143 1534 171 consistere
1557 151 1611 171 non
1628 148 1738 179 potest;

112 190 215 216 ματος,
247 182 421 217 προτύπωσις
449 182 515 211 οὖσα
547 185 598 220 τῆς
628 185 750 217 ἐνώσεως
777 185 823 212 τοῦ
845 187 901 213 Κυ-

111 225 183 261 ρίου.

349 283 393 310 Vl.
405 285 474 318 Περὶ
488 287 660 320 ὁμοουσίου.

147 327 181 353 Τί
193 329 266 354 ἐστιν
280 329 429 364 ὁμοούσιον,
445 332 489 357 καὶ
504 333 574 359 κατὰ
589 333 615 358 τί
629 332 736 368 εἴρηται
749 334 899 368 ὸμοούσιον;

109 373 159 399 καὶ
185 373 291 408 ὁσαχῶς
308 375 338 401 τὸ
353 376 509 411 ὀμοούσιον;
529 377 683 412 ὐμοούσιόν
710 379 777 410 ἐστι,
796 379 827 406 τὸ
850 380 900 415 τῆς

109 419 198 454 αὐτῆς
210 421 302 452 οὐσῖας
322 421 369 448 καὶ
398 423 538 457 ἐνεργείας
569 424 784 459 ἀπαραλλάκτως
815 426 901 462 ὑπάρ-

109 475 169 500 χον.
183 467 238 493 Καὶ
248 467 302 502 γὰρ
315 468 357 495 διὰ
375 469 455 495 τοῦτο
475 469 582 503 λέγεται
609 470 760 506 όμοούσιον,
788 472 829 498 ὅτι
852 472 900 507 τὴν

109 512 198 546 αὐτὴν
223 513 316 540 οὐσίαν
341 515 387 541 καὶ
415 514 527 549 δύναμιν
551 516 691 552 κέκτηται.
710 517 854 552 Πενταχῶς
872 518 900 544 δὲ

109 558 220 593 εἴρηται
246 559 388 594 ὁμοούσιον
400 561 447 587 καὶ
459 562 597 597 ὁμογενὲς,
613 562 659 588 καὶ
686 564 824 597 συγγενὲς,
853 564 900 590 καὶ

108 604 242 638 ὀμοφυὲς,
261 605 307 631 καὶ
323 605 467 640 ὁμόφυλον.
489 607 644 642 Ὀμοούσιον
654 608 681 634 δέ
695 610 763 640 ἐστι,
780 610 810 636 τὸ
826 609 855 636 ὃν
869 610 898 635 ὲν

109 651 143 684 τῇ
172 650 239 685 αὐτῇ
267 651 354 686 οὐσίᾳ,
375 651 434 686 ἔχον
460 652 488 678 δέ
513 661 573 680 τινα
599 653 744 690 διαφορὰν,
759 653 814 682 οἷον
826 655 899 687 λίθος

109 696 222 731 σαθρὸς,
242 697 289 723 καὶ
306 697 378 729 λίθος
396 698 526 733 σκληρός·
546 700 599 726 εἰσὶ
611 700 639 727 δὲ
655 701 805 736 ὀμοούσιοι,
821 710 898 727 τουτ-

109 742 168 768 έστι
200 743 265 777 μιᾶς
285 743 388 775 οὐσίας.
405 745 481 771 Ἔστι
498 746 526 772 δὲ
543 747 589 772 καὶ
605 746 682 778 ξύλον
708 748 837 782 φοίνικος,
851 748 898 774 καὶ

108 787 189 821 ξύλον
204 788 296 815 ἐϐένου
309 798 316 805 ’
331 791 431 825 ὁμοίως
446 791 492 818 καὶ
517 792 585 828 σὰρξ
600 793 735 828 καμήλου,
758 794 805 820 καὶ
830 793 896 829 σὰρξ

111 834 212 869 ἰχθύος.
234 835 324 862 Ταῦτα
337 836 364 862 δὲ
389 837 510 871 λέγονται
526 838 665 873 ὁμοούσια,
683 839 724 865 ὅτι
744 839 793 873 τῆς
813 840 898 874 αὐτῆς

108 879 204 911 οὐσίας
221 881 303 907 ἐστίν.
322 882 426 918 ’Ὠσπερ
439 882 539 914 πάντες
556 884 580 909 οε
602 883 738 919 ἄνθρωποι
763 884 810 919 τῆς
834 885 897 919 μιᾶς

108 925 204 957 οὐσίας
230 926 316 953 εἰσίν·
333 927 424 962 ἔχουσι
450 928 477 955 δὲ
501 929 630 963 διαφορὰν
655 929 684 956 τὸ
703 927 783 960 εἶναι,
804 929 896 965 ἕτερος

110 971 227 1006 μακρὸς,
237 971 282 997 καὶ
295 972 387 1004 ἕτερος
400 973 521 1004 κολοϐός·
534 973 611 1004 ἄλλος
628 973 748 1005 δυνατὸς,
761 975 807 1000 καὶ
819 975 897 1006 ἄλλος

107 1016 292 1052 ταλαίπωρος.
323 1018 392 1044 Ἀλλ’
408 1018 482 1053 ὅμως
514 1020 579 1053 μιᾶς
607 1020 700 1050 οὐσίας
731 1019 896 1055 εἱσὶ,ψυχῆς

107 1062 180 1096 λέγω
196 1062 244 1088 καὶ
262 1062 395 1098 σώματος.
416 1065 597 1100 Ἐτεροούσιον
613 1065 640 1092 δὲ
659 1065 775 1099 λέγεται,
791 1065 821 1092 τὸ
837 1065 895 1092 ἐτέ-

109 1118 160 1145 ρας
175 1109 269 1140 οὐσίας
280 1110 410 1145 ὑπάρχον,
425 1112 470 1137 καὶ
486 1111 607 1147 μηδόλως
625 1111 665 1147 τῷ
681 1111 766 1146 ἑτέρῳ
789 1114 896 1147 προσοῖ-

108 1163 167 1185 κον.
182 1154 250 1181 ἀλλὰ
262 1155 399 1188 παντελῶς
411 1157 550 1193 ἀλλότριον
564 1159 611 1185 καὶ
634 1157 705 1184 κατὰ
716 1158 805 1184 πάντα
833 1158 896 1194 τρό-

108 1211 160 1228 πον
174 1203 278 1229 ἐκείνου
296 1203 432 1238 ἀνόμοιον,
448 1202 503 1230 οἷον
519 1204 590 1240 ὕδωρ
602 1205 648 1231 καὶ
663 1205 718 1240 πῦρ
728 1213 735 1220 ·
751 1204 815 1240 ἄλλη
842 1205 895 1242 γὰρ

107 1249 188 1276 οὐσία
201 1249 247 1276 τοῦ
261 1250 356 1285 πυρὸς,
373 1251 420 1276 καὶ
430 1250 497 1285 ἄλλη
511 1250 558 1277 τοῦ
574 1250 679 1283 ὕδατος.
693 1252 746 1278 Καὶ
760 1250 804 1276 διὰ
818 1252 896 1279 τοῦτο

107 1295 278 1330 ἑτεροοὺσιον
305 1296 421 1330 λέγεται,
445 1297 486 1323 ὅτι
518 1297 662 1331 ἐτεροφυὲς
685 1299 732 1325 καὶ
755 1299 896 1333 mmo;

107 1341 246 1378 ὑπᾶρχεν
274 1342 368 1378 ὥσπερ
384 1343 525 1378 ἄνθρωπος
548 1344 595 1370 καὶ
607 1343 682 1376 Θεὸς,
704 1345 750 1371 καὶ
771 1344 893 1380 ἄγγελος,

107 1388 155 1414 καὶ
181 1389 277 1424 πηλὸς,
293 1390 340 1416 καὶ
365 1389 511 1424 ἤλιος,καὶ
536 1389 611 1424 χλόη.
628 1390 720 1417 Ταῦτα
746 1391 800 1426 γὰρ
825 1390 896 1417 κατὰ

107 1434 198 1461 πάντα
210 1435 310 1470 τρόπον
325 1435 437 1470 ἀνόμοιά
449 1436 501 1461 εἱσι
522 1435 589 1470 πρὸς
614 1435 730 1471 ἄλληλα,
748 1437 791 1463 διὰ
817 1436 895 1463 τοῦτο

951 193 1002 213 nec
1019 187 1108 213 anima
1132 188 1239 214 exsistit
1254 192 1317 215 ante
1336 196 1448 224 corpus,
1464 197 1525 224 qua:
1552 190 1663 218 unionis
1686 189 1739 217 Do-

951 233 1018 259 mini
1036 236 1078 259 est
1095 233 1185 267 imago
1196 234 1333 268 quaedam.

1162 288 1206 317 Vl.
1233 290 1272 317 De
1293 291 1526 318 consubstantiali.

986 334 1056 366 Quid
1073 338 1115 361 est
1138 336 1383 368 consubstantiale,
1400 341 1426 363 et
1441 337 1593 364 secundum
1611 337 1676 371 quid
1693 336 1736 363 di—

951 383 1024 406 ctum
1038 384 1079 407 est
1107 381 1352 411 consubstantiale.
1368 385 1395 408 ct
1411 382 1604 416 quotnpliciter
1619 382 1738 409 consub-

951 426 1078 453 stantiale
1092 426 1214 453 dicitur?
1228 427 1468 455 Cousubslantiale
1481 429 1592 460 dicitur,
1608 429 1678 463 quod
1695 432 1738 455 est

950 471 1071 505 ejusdem
1088 473 1248 499 substantia:
1263 478 1288 500 et
1304 474 1429 500 ellicacize
1448 473 1551 507 absque
1566 474 1734 501 discrimine.

949 516 1016 544 Nam
1045 517 1106 544 idco
1122 519 1356 546 consubstantiale
1383 519 1494 550 dicitur,
1516 520 1588 554 qttod
1614 521 1736 546 eannlcm

950 563 1050 590 habent
1068 564 1248 591 substantiam
1263 569 1290 592 et
1303 565 1369 592 vim.
1391 564 1495 591 Dicitur
1511 569 1601 592 autem
1616 566 1737 599 quinque

950 611 1038 638 modis
1054 619 1061 637 :
1075 610 1322 642 consubstantiale,
1346 610 1426 637 simul
1448 611 1579 644 genitum,
1603 611 1735 645 congeni-

950 661 1018 687 tum,
1050 657 1132 683 simul
1159 661 1264 688 natum,
1284 660 1311 683 et
1327 657 1398 690 quod
1414 661 1455 683 est
1472 656 1594 691 ejusdem
1616 658 1734 691 generis.

948 702 1188 730 Consubstantiale
1203 706 1293 729 autem
1310 707 1362 733 est,
1378 703 1450 737 quod
1470 703 1496 729 in
1518 703 1610 730 cadent
1627 696 1735 737 quidem

948 750 991 773 est
1005 747 1168 780 substantia,
1186 748 1232 774 sed
1250 748 1367 782 aliquam
1385 753 1473 775 tamen
1495 747 1674 775 dﬂ'erettliuttt
1687 748 1736 774 lia-

949 792 1011 824 bct;
1029 793 1102 820 verbi
1119 793 1215 827 gratia,
1232 793 1302 827 lapis
1313 794 1449 825 cariosus,
1462 797 1488 820 et
1504 794 1619 824 solidus,
1633 794 1672 820 vel
1685 793 1735 820 du-

949 845 997 864 rus
1014 846 1020 864 :
1038 838 1299 869 consultstantiales,
1320 838 1372 865 hoc
1397 843 1449 869 est,
1473 839 1554 865 unius
1569 844 1594 866 et
1612 839 1734 872 ejusdem

948 888 1012 910 sunt
1023 884 1192 911 substantias.
1206 884 1244 910 ita
1257 884 1359 919 lignum
1370 885 1476 919 palmae,
1490 889 1516 911 et
1529 885 1606 912 ebeni
1619 885 1732 920 lignum,

947 935 974 958 et
985 939 1049 957 caro
1061 931 1168 962 cameli,
1181 938 1213 957 ac
1227 939 1291 957 caro
1303 931 1398 965 piscis.
1414 930 1476 958 Haec
1490 931 1732 958 consubstantialia

947 975 1087 1007 dicuntur,
1105 984 1137 1002 eo
1150 975 1221 1010 quod
1237 976 1359 1010 ejusdem
1378 975 1433 1002 sint
1448 977 1618 1003 substantiae.
1635 975 1735 1009 Quem-

947 1022 1092 1050 admodum
1110 1030 1206 1049 omnes
1228 1021 1354 1048 homines
1370 1022 1452 1048 ttuius
1475 1022 1635 1048 substantiae
1658 1026 1733 1054 sunt,

947 1076 1011 1096 snas
1040 1073 1130 1095 tamen
1160 1068 1328 1096 dilIerentias
1353 1069 1465 1100 habent,
1488 1073 1633 1103 propterea
1660 1069 1732 1104 quod

947 1115 1015 1142 alius
1030 1115 1138 1150 quidem
1155 1122 1296 1150 procerus,
1311 1114 1381 1141 alius
1402 1114 1504 1145 brevis,
1530 1115 1601 1141 alius
1623 1119 1733 1149 potens,

947 1161 1017 1187 alius
1031 1161 1124 1187 miser.
1141 1159 1337 1187 Verumtamen
1355 1161 1457 1195 pariter
1473 1161 1554 1186 unius
1568 1165 1595 1187 et
1611 1160 1732 1194 ejusdem

947 1211 1011 1235 sunt
1032 1207 1202 1239 substantiae,
1226 1207 1324 1233 animm
1355 1206 1461 1234 scilicet
1487 1211 1569 1241 atque
1599 1207 1732 1241 corporis.

945 1254 1065 1280 Alterius
1081 1253 1242 1280 substantia:
1257 1252 1369 1284 dicitur,
1389 1253 1461 1287 quod
1479 1251 1594 1279 diversae
1610 1256 1652 1279 est
1666 1252 1733 1279 sub-

946 1299 1062 1329 stantiae,
1088 1305 1138 1325 nec
1163 1298 1300 1324 ullatenus
1323 1297 1370 1323 alii
1387 1301 1429 1324 est
1442 1296 1534 1327 aﬂine,
1553 1296 1600 1323 sed
1624 1296 1734 1331 penitus

946 1342 1063 1369 alienum
1076 1347 1103 1369 et
1124 1342 1198 1369 omni
1222 1341 1304 1369 tnodo
1328 1341 1470 1373 absimile;
1490 1341 1644 1376 cujusmodi
1670 1339 1736 1369 sunt'

946 1388 1017 1424 ignis
1032 1392 1059 1415 et
1074 1395 1143 1423 aqua
1161 1397 1167 1415 :
1183 1388 1236 1414 alia
1258 1388 1359 1422 quippe
1375 1391 1418 1414 est
1439 1387 1592 1414 substantia
1616 1387 1688 1422 ignis
1705 1392 1732 1414 et

946 1443 1022 1470 aquae
1052 1436 1116 1465 alia.
1148 1435 1267 1469 Ideoque
1294 1434 1407 1461 alterius
1436 1434 1596 1461 substantiae
1621 1434 1732 1466 dicitur,

107 1480 156 1506 καὶ
183 1479 339 1515 ἐτεροούσια
364 1480 501 1514 λέγονται’
517 1481 583 1508 ὡσεὶ
594 1481 639 1508 διὰ
656 1481 686 1507 τὸ
710 1482 746 1517 μὴ
772 1482 893 1517 μετέχειν

946 1482 1009 1516 quia
1020 1481 1130 1508 alterius
1141 1484 1245 1507 natura:
1260 1483 1342 1515 atque
1352 1480 1459 1514 generis
1472 1487 1478 1505 :
1491 1479 1732 1514 quemadmodum.

107 1525 202 1559 ἕτερον
211 1524 262 1560 τῆς
274 1525 366 1557 οὐσίας
377 1525 424 1552 τοῦ
438 1525 530 1561 ἑτέρου
541 1534 548 1541 ·
560 1525 628 1552 ἀλλὰ
638 1525 704 1561 άλλη
717 1525 767 1561 μὲν
779 1527 893 1560 ἐκείνου,

107 1569 202 1605 ἑτέρου
218 1570 245 1596 δὲ
262 1569 340 1606 ἄλλη,
355 1570 445 1602 καθὼς
459 1571 575 1607 εἴρηται.

943 1526 1036 1560 Deus,
1054 1526 1177 1561 angelus,
1200 1526 1298 1557 lutum,
1325 1525 1366 1553 sol
1391 1530 1419 1552 et
1445 1525 1547 1552 fenum.
1573 1524 1636 1552 Haec
1660 1525 1731 1552 enim

943 1572 1071 1600 omnibus
1088 1571 1177 1599 modis
1191 1571 1328 1599 absimilia
1342 1575 1406 1599 sunt
1423 1571 1494 1598 inter
1511 1578 1550 1604 se,
1563 1575 1733 1606 quapropter

107 1617 221 1644 alterius
235 1618 396 1645 substantia:
409 1618 560 1645 dicuntur:
580 1622 674 1653 utpote
703 1619 775 1654 quod
789 1619 904 1646 alterum
921 1627 984 1647 cum
1023 1620 1136 1648 alterius
1161 1619 1316 1647 substantia
1338 1619 1450 1646 minime
1469 1619 1664 1652 communicet,
1683 1619 1732 1646 sed

107 1663 159 1690 alia
177 1665 213 1690 sit
234 1663 317 1692 illius.
330 1664 382 1690 alia
396 1664 518 1696 alterius,
538 1668 570 1692 ut
585 1664 686 1692 dictum
701 1668 752 1692 est.

289 1709 345 1737 VII.
362 1712 432 1744 Περὶ
448 1711 551 1746 ψυχῆς
566 1712 614 1738 καὶ
627 1712 707 1745 νοός.

142 1758 247 1790 Δισσῶς
263 1758 371 1792 λέγεται
395 1759 410 1794 ἡ
435 1759 518 1794 ψυχὴ,
538 1759 585 1793 μία
604 1759 680 1794 μὲνὴ
697 1759 803 1792 ἄλογος,
832 1759 892 1794 ἥτις

106 1805 166 1831 ἐστὶ
184 1804 214 1830 τὸ
246 1804 300 1830 τῶν
317 1802 422 1839 κτηνῶν
432 1812 438 1819 '
463 1804 542 1840 ἑτέρα
555 1804 583 1831 δὲ
597 1805 614 1839 ἡ
629 1805 734 1839 λογικὴ,
747 1805 807 1840 ἣτις
833 1806 892 1830 ἐστὶ

105 1849 161 1876 τῶν
194 1848 355 1883 ἀνθρώπων.
377 1850 432 1876 Καὶ
459 1850 475 1884 ἡ
504 1850 553 1884 μὲν
575 1849 627 1876 τῶν
654 1849 771 1885 κτηνῶν,
789 1850 821 1876 ὲκ
840 1850 891 1884 γῆς

106 1895 202 1921 ἐλαϐεν
214 1895 262 1930 τὴν
278 1895 456 1931 δημιουργίαν
480 1896 551 1921 κατὰ
564 1895 631 1922 Θεοῦ
649 1895 804 1931 πρόσταξιν,
820 1896 858 1927 ὡς
873 1896 890 1931 ἡ

106 1940 167 1967 θεία
195 1940 270 1974 λέγει
285 1940 380 1975 Γραφή
394 1948 400 1955 ·
424 1950 433 1965 ι
446 1940 499 1966 Καὶ
512 1937 587 1966 εἶπεν
605 1941 619 1966 ὁ
634 1940 709 1972 Θεός·
719 1940 892 1974 Ἐξαγαγέτω

105 1988 122 2022 ἡ
136 1986 172 2021 γῆ
188 1985 291 2021 ἑρπετὰ
300 1986 392 2020 ψυχῶν
407 1986 510 2017 ζωσῶν.
519 1986 614 2012 »Ὥστε
630 1986 663 2012 τὰ
672 1986 728 2018 ζῶα
741 1988 772 2013 ὲκ
784 1987 833 2022 τῆς
840 1987 892 2022 γῆς

105 2032 202 2058 ἔλαϐον
228 2032 277 2067 τὴν
292 2032 390 2067 ψυχήν,
408 2032 457 2058 Διὰ
475 2031 554 2058 τοῦτο
574 2032 643 2067 πρὸς
655 2033 691 2059 τὰ
710 2033 791 2067 γήϊνα
813 2033 891 2067 μόνον

106 2078 197 2113 έχουσι
211 2077 259 2113 τὴν
273 2077 359 2112 ὁρμὴν
375 2078 422 2103 καὶ
442 2078 529 2103 πᾶσαν
545 2077 594 2113 τὴν
610 2077 708 2113 ὗρεξιν,
725 2079 771 2104 καὶ
780 2078 809 2104 οὺ
824 2087 890 2114 φρο-

106 2123 180 2150 νοῦσι
196 2122 231 2149 τὰ
245 2123 310 2150 ἄνω.
330 2123 391 2154 Πῶς
404 2122 431 2149 δὲ
448 2123 556 2157 ἐγένετο
569 2124 584 2158 ἡ
599 2123 670 2158 ψυχὴ
683 2123 772 2150 αὐτῶν
788 2125 820 2150 ἐκ
841 2124 891 2158 τῆς

1106 1711 1187 1746 198
1204 1710 1262 1737 VH.
1283 1709 1321 1736 De
1338 1710 1427 1736 anima
1438 1714 1462 1736 et
1477 1714 1570 1736 menta.

980 1757 1129 1792 Dupliciter
1141 1757 1242 1784 dicitur
1254 1757 1354 1782 anima.
1367 1756 1458 1782 Altera
1475 1755 1585 1790 quidem
1600 1759 1642 1782 est
1659 1755 1731 1784 irra-

945 1803 1067 1835 tionalis,
1085 1810 1146 1838 quae
1160 1802 1303 1829 brutorum
1324 1805 1376 1834 est,
1394 1801 1480 1828 altera
1496 1808 1561 1828 vero
1576 1801 1729 1833 rationalis,

943 1857 1003 1885 qua:
1014 1854 1056 1877 est
1073 1849 1223 1876 hominum.
1235 1848 1324 1882 Atque
1337 1855 1366 1875 ea
1378 1847 1498 1882 quidem,
1514 1854 1573 1882 quae
1587 1847 1729 1874 brutorttm

945 1900 998 1927 cst,
1014 1895 1182 1922 creationem
1199 1902 1275 1921 suam
1291 1901 1322 1920 ex
1339 1898 1412 1920 terra
1436 1893 1545 1927 accipit,
1560 1893 1637 1927 juxta
1653 1901 1730 1920 man-

944 1941 1037 1968 datum
1053 1940 1111 1972 Dei,
1127 1939 1356 1974 quemadmodum
1371 1939 1463 1965 divina
1481 1939 1547 1965 dicit
1563 1937 1705 1973 Scriptura
1721 1949 1727 1966 :

946 1997 956 2013 ι
973 1987 1006 2014 Et
1024 1988 1091 2014 dixit
1108 1987 1188 2018 Deus,
1208 1986 1339 2021 producat
1357 1989 1430 2011 terra
1453 1985 1559 2019 reptilia
1575 1985 1728 2012 animarum

943 2033 1091 2059 viventium
1104 2033 1135 2058 ε’.
1150 2042 1159 2058 ι
1185 2031 1255 2066 Ergo
1270 2030 1399 2057 animalia
1416 2031 1496 2057 bruta
1515 2038 1546 2057 cx
1562 2034 1633 2057 terra
1650 2038 1729 2057 acce-

943 2083 1041 2113 perunt
1054 2078 1172 2104 animam
1195 2085 1282 2104 suam.
1310 2075 1428 2110 Ideoque
1449 2076 1483 2103 ad
1501 2079 1608 2103 terrena
1625 2076 1727 2102 solum-

942 2125 1022 2152 modo
1041 2125 1140 2151 habent
1157 2123 1324 2151 aﬂ‘ectionem
1340 2127 1367 2150 et
1381 2130 1489 2149 omnem
1501 2122 1661 2156 appetitum,
1679 2129 1728 2148 nec

104 2168 158 2203 γῆς
170 2168 300 2202 εἴπωμεν.
322 2168 440 2194 Ἔδωκεν
464 2168 532 2203 ήγῆ
557 2168 628 2193 κατὰ
648 2168 796 2203 πρόσταξιν
821 2168 887 2194 Θεοῦ

946 2175 983 2198 est
1000 2171 1053 2197 illis
1067 2178 1157 2197 rerum
1170 2169 1320 2197 caelestium
1337 2176 1412 2196 cura.
1431 2167 1573 2200 Quomodo
1588 2175 1652 2194 vero
1668 2167 1724 2194 ani-

107 2213 196 2248 σάρκα
206 2214 262 2243 τοῖς
277 2213 419 2248 κτήνεσιν-
433 2214 449 2247 ὴ
465 2213 494 2239 δὲ
508 2213 575 2248 σὰρξ
591 2214 739 2248 πεποίηκεν
757 2211 825 2248 αἷμα
854 2214 890 2239 Τὸ

103 2259 133 2285 δὲ
148 2257 218 2294 αἷμα
233 2259 328 2292 γέγονε
341 2258 414 2294 ψυχὴ
428 2258 568 2293 κτηνώδης
581 2258 620 2293 τῷ
637 2259 708 2294 ζώῳ,
722 2258 791 2285 ὥστε
809 2259 888 2285 πάλιν

105 2303 251 2338 θνήξαντος
273 2303 321 2329 τοῦ
347 2303 426 2335 ζώου,
447 2303 477 2330 τὸ
498 2301 566 2338 αἷμα
595 2303 717 2338 πεπηγὸς
735 2305 775 2335 εἰς
802 2304 889 2339 σάρκα

107 2350 313 2386 μεταὸἁλλεται.
338 2350 370 2376 Ἡ
382 2349 410 2376 δὲ
430 2349 499 2385 σὰρξ
512 2350 655 2385 φθαρεῖσα,
671 2350 752 2376 πάλιν
780 2349 890 2376 ἀναλυο-

106 2397 185 2432 μένη,
204 2396 307 2430 γίνεται
323 2395 369 2430 γῆ.
387 2396 442 2422 Καὶ
467 2395 511 2422 διὰ
539 2395 618 2421 τοῦτο
633 2395 770 2429 ἀγνοοῦσι,
786 2395 833 2422 καὶ
857 2396 887 2421 οὐ

104 2442 233 2478 φρονοῦσι
258 2442 292 2468 τὰ
315 2442 380 2468 ἄνω.
403 2441 432 2467 ὐ
457 2441 485 2467 δὲ
512 2441 653 2476 ἄνθρωπος
674 2442 706 2468 ἐκ
734 2442 783 2476 τῆς
814 2441 889 2473 Θείας

103 2487 279 2522 ὲμπνεύσεως
304 2488 403 2523 ἔσχηκε
429 2487 478 2523 τὴν
505 2488 603 2522 ψυχὴν,
621 2487 664 2513 διὰ
691 2487 771 2513 τοῦτο
794 2488 839 2513 καὶ
854 2487 888 2513 τὰ

103 2535 163 2561 θεῖα
180 2533 363 2568 ἐπιγινώσκει,
380 2534 426 2560 καὶ
438 2534 471 2560 τὰ
485 2534 540 2560 ἄνω
553 2533 654 2565 διώκει,
667 2534 713 2559 καὶ
728 2533 761 2559 τὰ
776 2533 887 2568 οὐράνια

102 2582 167 2613 νοεῖ,
185 2580 231 2607 καὶ
243 2580 349 2615 λογικὸς
366 2580 483 2616 ὑπάρχει
507 2579 552 2606 καὶ
568 2579 670 2612 ἔννους.
693 2579 771 2606 Ἀλλὰ
795 2579 887 2615 μηδεὶς

102 2627 260 2658 ὑπονοείτω,
275 2627 315 2653 ’ότι
331 2627 360 2653 τὸ
376 2627 494 2662 πνεῦμα,
511 2627 579 2662 ὅπερ
595 2626 760 2661 ἐνεφύσησεν
783 2627 798 2652 ὁ
820 2626 887 2658 Θεὸς

103 2674 131 2700 ὲν
158 2673 198 2708 τῷ
213 2673 357 2708 ἀνθρώπῳ,
374 2673 462 2699 ἐκεῖνο
478 2672 584 2707 ἐγένετο
597 2672 668 2708 ψυχή
680 2681 686 2688 ·
708 2673 743 2708 μὴ
760 2672 863 2706 γένοιτο
877 2681 884 2688 ⁸

101 2718 172 2745 ἀλλὰ
182 2718 213 2744 τὸ
230 2718 336 2753 πνεῦμα
349 2719 437 2745 ὲκεῖνο
448 2717 535 2754 ψυχὴν
549 2718 772 2753 ἐδημιούργησεν.
786 2719 817 2745 Εἰ
832 2719 885 2755 γὰρ

137 2799 160 2815 ⁶⁹
179 2798 280 2826 Genes.
299 2806 325 2830 ι,
341 2798 384 2825 20.

941 2224 983 2242 ma
1004 2224 1098 2243 eorutn
1114 2223 1148 2242 ex
1160 2220 1232 2242 terra
1250 2215 1320 2242 facta
1338 2215 1384 2246 sit,
1401 2214 1535 2241 dicamus.
1551 2212 1630 2240 Dedit
1642 2218 1724 2245 terra,

937 2261 1014 2295 juxta
1029 2266 1192 2296 pratceptum
1211 2260 1267 2293 Dei,
1285 2261 1372 2287 brutis
1386 2267 1496 2286 carnem
1512 2266 1595 2285 :caro
1614 2258 1725 2292 sangui-

939 2317 1000 2336 nem
1020 2313 1062 2335 est
1075 2312 1186 2343 operata
1213 2317 1220 2334 :
1239 2307 1352 2341 sanguis
1365 2312 1467 2337 autent,
1483 2305 1563 2332 bruta
1580 2305 1669 2331 anima
1686 2305 1725 2331 l'a-

939 2358 999 2380 ctus
1012 2357 1054 2380 est
1067 2353 1177 2379 animali
1192 2352 1354 2379 irrationali.
1373 2351 1463 2384 Quare
1476 2354 1585 2377 mortuo
1602 2350 1723 2381 animali,

939 2400 1081 2434 sanguinis
1102 2404 1247 2426 concretus
1264 2399 1291 2424 in
1308 2405 1417 2425 carnem
1433 2399 1642 2423 transmutatnr.
1655 2395 1724 2423 Caro

939 2449 1027 2472 autem
1042 2449 1171 2478 corrupta
1186 2449 1212 2471 et
1229 2446 1359 2474 resoluta,
1377 2447 1448 2470 terra
1465 2443 1494 2468 ﬁt
1512 2449 1619 2468 rursus.
1636 2441 1724 2476 Atque

938 2499 997 2518 eam
1011 2490 1046 2517 ob
1061 2498 1170 2518 causam
1184 2490 1310 2524 ignorant
1324 2489 1380 2520 illa,
1392 2495 1481 2522 neque
1495 2491 1592 2514 cttrant
1610 2495 1652 2514 res
1668 2494 1724 2514 caa-

938 2537 1031 2564 lestes.
1047 2536 1101 2563 Sed
1119 2537 1200 2563 homo
1218 2544 1252 2563 ex
1267 2536 1448 2570 inspiratione
1466 2534 1557 2561 divina
1573 2541 1650 2561 suam
1665 2533 1723 2560 ani-

938 2590 1010 2609 mam
1041 2582 1156 2617 accepit,
1185 2581 1246 2608 ideo
1266 2589 1311 2608 res
1333 2581 1440 2608 divinas
1456 2579 1587 2614 agnoscit,
1605 2586 1722 2612 superna

938 2627 1121 2664 persequitur,
1132 2631 1159 2655 et
1171 2635 1215 2654 res
1227 2627 1353 2654 cmlestes
1364 2626 1491 2660 intelligit
1507 2635 1513 2652 :
1530 2629 1627 2659 estque
1640 2625 1722 2651 ratio-

937 2673 1018 2706 nalis,
1032 2677 1059 2700 et
1069 2677 1159 2700 mente
1172 2672 1311 2708 praeditus.
1326 2671 1460 2699 Caeterum
1477 2678 1556 2698 nemo
1572 2670 1720 2700 existimet,

937 2719 1009 2755 quod
1037 2719 1082 2747 ille
1107 2719 1232 2755 spiritus,
1252 2726 1332 2754 quem
1362 2718 1389 2746 in
1415 2717 1551 2745 hominem
1575 2715 1721 2743 insumavit
