1924 3059
213 95 264 123 5U

212 153 295 185 Deus,
325 153 414 180 factus
433 152 469 179 sit
496 151 596 178 anima.
622 151 717 178 Absit!
745 149 797 177 Sed
816 151 931 185 spiritus
955 151 999 177 ille
1015 154 1036 180 Α

212 200 314 228 creavit
332 200 460 226 animam.
477 197 544 225 Nam
561 197 625 225 siin
640 197 750 224 homine
768 197 881 231 spiritus
897 197 941 224 ille
956 204 998 224 es-

214 249 255 272 set
271 246 370 274 anima,
393 247 465 271 esset
488 243 617 269 nimirulu
639 243 729 269 anima
753 250 785 269 ex
804 241 851 269 Dei
867 243 996 270 essentia.

215 292 243 318 Si
260 299 324 326 ergo
337 299 368 318 ex
381 290 428 317 Dei
438 289 559 317 essentia
573 292 645 316 esset
657 289 758 318 anima,
772 295 857 324 quare
871 295 924 314 non
936 287 999 314 inal-

215 338 335 365 terabilis
363 344 470 371 semper
495 339 568 363 esset
591 339 618 362 et
635 334 824 366 immutabilis,
847 334 936 368 qualis
958 337 1000 361 est

215 384 305 411 Deus?
330 382 418 417 lnquit
438 382 508 409 enim
527 382 585 416 ipse
602 388 610 407 :
627 390 636 402 ι
656 381 711 415 Ego
733 381 790 414 ipse
813 387 887 411 sum,
902 383 930 406 et
944 386 999 405 non

215 434 306 456 mutor
316 429 350 455 7°.
367 439 377 454 ι
393 428 490 455 Anima
518 432 607 454 autem
635 426 773 453 interdum
789 425 899 460 quidem
917 425 1000 451 stulta

214 479 266 507 est,
287 475 423 502 interdum
438 473 556 508 sapiens,
582 472 718 499 interdum
742 471 890 506 peccatrix,
915 470 1000 497 inter-

214 522 279 548 dum
305 522 399 555 justa:
419 525 445 547 et
475 520 528 546 alio
552 518 662 553 quidem
681 522 802 551 tempore
831 516 930 549 ﬁdelis,
948 516 1001 544 alio

215 575 280 594 vero
293 570 415 600 tempore
436 564 574 592 incredula
593 573 600 591 :
619 563 765 598 aliquando
782 571 873 590 rerum
895 563 999 598 ignara,

215 612 363 647 aliquando
377 619 472 646 gnara,
487 617 684 644 nonnunquam
701 609 798 636 alacris
814 613 841 636 et
855 608 1002 643 aliquando

217 658 317 693 segnis.
329 658 396 684 Cum
408 658 465 683 hmc
479 657 506 683 in
523 664 583 683 sese
596 655 694 682 habeat
706 654 807 685 anima,
825 661 942 688 quonam
955 662 1002 688 pa-

216 708 261 731 cto
273 703 326 730 dici
341 707 440 737 potest.
453 702 525 737 quod
536 710 568 729 ex
581 701 627 728 Dei
639 701 674 727 sit
687 699 902 727 essentiaHllud
917 699 1002 726 haud-

218 757 353 784 quaquam
367 756 428 775 esse
445 751 544 783 potest.
569 746 621 773 Sed
646 747 703 773 haec
724 745 867 780 inspiratio
883 745 1001 771 animam

218 797 245 823 in
260 796 368 822 homine
383 795 514 822 fabricata
526 799 568 822 est
580 795 739 821 rationalem
755 798 781 820 et
794 793 1000 827 iutelligentem.

216 841 388 876 Quapropter
399 841 487 867 anima
504 848 613 875 quoque
624 840 800 874 intelligendo
812 846 930 874 superna
942 846 1004 873 spe-
1019 837 1039 864 Il

216 887 334 917 culatur,
352 889 379 912 et
397 893 457 920 qum
476 885 533 912 illic
544 889 618 916 sunt,
635 885 742 919 qttaarit,
759 884 862 918 appetit
887 888 914 910 et
933 883 1005 910 desio

215 931 304 960 derat.
323 931 450 964 quoniam
461 930 535 956 illinc
547 929 627 957 liabet
639 929 803 956 creationem
822 935 910 955 suam.
932 929 1005 954 trra-

217 974 328 1000 tionalis
344 978 434 1000 autem
458 974 549 1000 anima
569 981 622 1000 non
641 973 698 1005 sic;
717 973 764 1000 sed
785 973 849 1007 quia
868 973 1005 1000 terrestris

216 1023 269 1050 cst,
283 1018 454 1046 solummodo
467 1019 607 1046 terrestria
623 1019 730 1052 quan-it,
748 1017 863 1051 ideoque
879 1024 933 1043 una
943 1024 1005 1044 cum

217 1072 332 1099 corpore
349 1065 474 1091 moritur.
491 1064 588 1091 Anima
606 1072 670 1090 vero
687 1063 804 1090 hominis
820 1067 951 1090 atteruum
965 1063 1006 1090 vi—

217 1118 232 1135 v
246 1113 265 1140 t,
284 1115 379 1136 etnon
405 1110 484 1136 habet
508 1109 600 1136 linem.
618 1108 703 1136 Habet
720 1113 809 1135 autem
837 1108 927 1134 anima
950 1112 1006 1135 tres

217 1159 308 1190 partes
322 1165 329 1182 :
343 1155 542 1185 rationabilem,
556 1154 732 1185 irascibilem,
749 1154 1003 1188 concupiscibilem.

218 1206 306 1235 Atque
323 1209 369 1235 per
383 1204 488 1235 partem
499 1201 608 1235 quidem
621 1200 780 1227 rationalem
799 1200 883 1227 Deum
899 1200 985 1233 diligit
998 1209 1004 1226 :

219 1253 268 1280 per
286 1246 449 1272 irascibilem
467 1241 532 1272 vero
549 1245 720 1272 daemonibus
736 1245 875 1276 irascitur,
898 1249 925 1272 et
948 1253 1007 1272 sese

219 1295 331 1318 strenue
354 1291 485 1318 adversus
500 1298 547 1318 eos
562 1292 653 1326 gerit;
679 1295 706 1318 et
724 1300 771 1326 per
786 1296 890 1326 partem
907 1299 1008 1318 concu-

206 1335 382 1370 'piscibilem,
403 1335 475 1362 bona
496 1336 599 1370 appetit
613 1340 724 1362 aeterna.
744 1335 831 1362 liabet
846 1339 937 1363 autem
958 1335 1008 1363 ho-

221 1389 265 1408 mo
283 1389 380 1409 sensus
395 1382 516 1416 quinque
531 1381 697 1416 corporales,
706 1385 733 1408 et
741 1382 864 1416 quinque
879 1382 1004 1416 spiritua-

220 1427 260 1454 les
286 1437 292 1454 :
313 1428 470 1463 corporales
491 1428 600 1463 quidem
617 1431 681 1455 sunt
696 1428 738 1455 isti
757 1436 764 1455 :
783 1428 870 1459 visus,
886 1427 1006 1459 auditus,

218 1473 347 1504 olfactus,
370 1480 464 1508 gustus
481 1478 507 1501 ct
524 1478 625 1501 tactus.
651 1473 869 1501 Considerantur
892 1481 956 1500 vero
980 1474 1006 1500 iu

219 1519 279 1546 visu
293 1519 413 1553 quidem,
431 1519 520 1546 album
538 1523 565 1546 et
581 1511 745 1554 nigrumsln
767 1519 872 1550 auditu,
895 1523 1003 1546 acutum
1021 1511 1042 1539 (ἶ

219 1567 246 1591 et
258 1571 350 1599 grave.
365 1563 394 1590 In
410 1564 522 1596 olfactu,
541 1570 636 1599 gratus
650 1564 717 1592 odor
732 1568 759 1592 et
774 1572 856 1600 grave
872 1565 959 1592 olens.
977 1565 1007 1592 In

220 1615 312 1644 gustu,
325 1610 404 1638 dulce
417 1615 443 1638 et
458 1618 592 1637 amarum.
611 1610 639 1637 lu
658 1614 743 1642 tactu,
760 1611 858 1637 durum
873 1615 900 1637 et
914 1611 1005 1641 molle,

220 1656 338 1683 calidum
364 1662 391 1683 et
420 1655 558 1690 frigidum.
586 1655 690 1684 Sensus
705 1660 796 1683 autem
823 1657 922 1683 anima:
943 1661 1007 1684 sunt

220 1701 265 1728 isti
282 1710 288 1728 :
308 1700 394 1731 Mens.
413 1701 600 1735 intelligentia,
614 1701 717 1735 opinio,
731 1701 886 1736 phantasia,
902 1705 929 1728 et
945 1708 1007 1728 sen-

220 1755 278 1774 sus.
302 1746 460 1781 Diciturque
490 1747 707 1782 uniuscujusque
744 1754 842 1774 sensus
874 1753 1007 1780 organum

221 1792 384 1822 sensorium.
400 1799 433 1818 eo
450 1792 522 1826 quod
538 1799 648 1819 sensum
665 1795 808 1819 conservet
827 1792 927 1818 anlmal
944 1799 1007 1818 sen-

222 1837 343 1864 sitivum.
358 1836 453 1870 Operae
469 1841 558 1864 autem
579 1837 696 1871 pretium
719 1840 761 1863 est
780 1840 808 1863 et
832 1836 883 1863 hoc
906 1843 1008 1870 cogno-

221 1889 310 1913 scere,
332 1882 404 1916 quod
429 1882 531 1915 quaevis
554 1889 617 1909 caro
640 1890 739 1917 corpus
755 1890 863 1917 quoque
887 1882 1005 1914 dicatur,

222 1935 276 1955 non
290 1933 380 1954 autem
396 1927 511 1962 quodvis
535 1935 635 1963 cei-pus
649 1929 756 1956 dicatur
781 1929 861 1956 etiam
878 1936 952 1955 caro.
976 1928 1007 1955 Et

222 1981 288 1999 sane
309 1973 392 2000 stella:
414 1973 537 2000 cmlestia
553 1980 668 2007 corpora
687 1973 824 2004 dicuntur,
843 1981 897 2000 non
917 1978 1005 2000 tamen

221 2021 353 2044 vocantur
363 2017 490 2044 ccelestes
499 2025 606 2045 carnes.
616 2018 703 2052 Atque
713 2026 812 2053 corpus
823 2018 931 2053 quidem
942 2019 1008 2045 dici-

223 2068 268 2090 tur
281 2063 426 2098 duplicitcr
438 2073 444 2091 :
457 2071 557 2099 corpus
569 2065 720 2096 materiale,
739 2069 766 2092 et
782 2073 882 2100 corpus
896 2065 1006 2092 subtile.

222 2109 261 2136 Ac
273 2117 372 2144 corpus
386 2109 495 2144 quidem
515 2110 653 2137 matcriale
671 2115 724 2139 est.
747 2110 820 2144 quod
840 2110 1007 2145 deprehendi

222 2162 304 2182 manu
320 2159 418 2189 potest,
437 2159 464 2181 et
479 2155 551 2189 quod
567 2156 736 2190 corruptioni
757 2156 892 2191 mortique
902 2161 944 2184 cst
959 2157 1008 2184 0b-

222 2201 349 2232 noxium;
360 2208 459 2235 corpus
469 2209 532 2228 vero
540 2206 583 2228 ten
589 2204 681 2233 ue'est,
691 2202 763 2236 quod
773 2210 825 2229 non
833 2203 1008 2237 comprehen-

221 2246 261 2279 di,
271 2248 311 2274 vel
320 2247 392 2282 tangi
402 2252 502 2281 potest,
513 2251 542 2274 ut
551 2251 593 2274 est
603 2248 654 2279 sol,
667 2248 741 2279 luna,
752 2252 779 2275 et
790 2249 883 2276 stellae.
899 2248 1007 2283 Corpus

222 2298 312 2320 autem
329 2301 452 2320 crassum
465 2297 492 2320 et
514 2293 665 2326 materiale,
685 2293 758 2329 quod
773 2302 838 2321 caro
851 2294 961 2327 dicitur,
973 2302 1006 2322 ex

223 2339 304 2374 199
315 2343 433 2374 quatuor
452 2339 593 2367 elementis
619 2343 737 2373 eanstat,
763 2341 907 2376 sanguine,
927 2341 1003 2375 phle-

222 2389 320 2418 gmate,
345 2383 470 2415 humore,
494 2387 521 2411 et
535 2384 608 2411 bile:
625 2384 759 2417 videlicet,
784 2393 816 2412 ex
832 2393 904 2417 aere,
919 2390 1003 2416 terra,

221 2431 283 2465 igne
293 2433 320 2456 et
336 2437 406 2464 aqua
421 2438 428 2456 :
444 2429 496 2456 hoc
509 2434 551 2456 est
565 2438 599 2456 ex
616 2430 715 2461 calido.
730 2431 837 2465 frigido,
853 2431 965 2458 humido
977 2435 1004 2458 ct

221 2477 305 2504 sicco.
318 2474 375 2506 Sol,
390 2475 508 2502 calidum
523 2480 550 2502 et
568 2476 649 2502 vitale
664 2476 846 2510 elementum;
859 2484 915 2507 aer,
935 2478 1001 2504 cali-

219 2521 284 2548 dum
297 2526 324 2548 et
342 2520 482 2547 humidum
498 2525 599 2554 ;terra,
626 2522 728 2548 siccum
743 2531 750 2555 ;
767 2530 844 2557 aqua:
861 2522 1001 2550 humidum

1024 2189 1045 2215 D

791 92 820 120 S.
833 91 1063 119 ATHANASIUS.
1079 107 1112 112 —
1133 91 1270 118 SPUBIA.

1808 89 1862 116 548

1050 151 1137 176 ἐκεῖνο
1147 149 1176 175 τὸ
1188 149 1297 184 πνεῦμα
1310 147 1380 183 ψυχὴ
1397 149 1425 174 ἐν
1441 147 1481 182 τῷ
1493 145 1640 182 ἀνθρώπῳ,
1660 146 1742 181 τάχα
1761 146 1796 172 ἐκ
1811 146 1862 181 τῆς

1050 194 1143 226 οὐσίας
1156 194 1203 220 τοῦ
1220 194 1287 220 Θεοῦ
1303 194 1319 228 ἡ
1336 193 1407 228 ψυχὴ
1434 193 1544 228 ἔμελλεν
1559 191 1640 219 εἶναι.
1680 191 1751 218 Ἐὰν
1770 192 1863 227 ὑπῆρ-

1051 247 1096 274 χεν
1113 241 1128 274 ὴ
1142 239 1215 274 ψυχὴ
1229 239 1262 264 ἐκ
1276 238 1327 273 τῆς
1354 238 1446 269 οὐσίας
1459 237 1506 264 τοῦ
1519 237 1596 267 Θεοῦ,
1611 237 1661 262 διὰ
1678 236 1709 262 τί
1734 237 1789 262 οὐκ
1803 237 1862 263 ἐστι

1051 285 1166 311 πάντοτε
1198 284 1385 315 ἀναλλοίωτος,
1418 284 1561 319 ἄτρεπτος,
1589 282 1693 318 ὥσπερ
1727 283 1742 308 ὁ
1775 283 1861 314 Θεός,

1052 331 1155 361 ἐκεῖνος
1176 330 1230 366 γὰρ
1256 330 1329 363 λέγει
1358 330 1415 355 ὅτι·
1430 329 1536 360 (Αὐτὸς
1558 329 1611 363 ἐγώ
1644 330 1723 364 εἰμι,
1747 329 1798 354 καὶ
1812 329 1862 355 οὐκ

1052 376 1211 410 ὴλλοίωμαι.
1233 386 1242 401 ι
1265 376 1295 402 Ἠ
1309 376 1336 401 δὲ
1349 375 1420 410 ψυχή
1435 384 1499 401 ποτε
1516 375 1564 410 μὲν
1578 373 1649 401 οὖσα.
1673 375 1774 410 μωρὰ,
1791 375 1858 400 ποτὲ

1052 422 1079 448 δὲ
1108 421 1253 457 φρόνιμος·
1274 421 1320 447 καί
1344 430 1409 447 ποτε
1425 421 1473 456 μὲν
1493 420 1672 456 ἁμαρτωλὸς,
1698 422 1770 446 ποτὲ
1781 421 1810 446 δὲ
1823 420 1862 446 δι-

1052 467 1118 494 καία
1130 475 1137 482 θ
1153 467 1198 493 καὶ
1217 467 1310 493 ἄλλοτε
1333 466 1425 501 πιστὴ,
1444 466 1491 492 καὶ
1514 465 1608 492 ἄλλοτε
1646 465 1791 496 ἄπιστος·
1815 465 1861 491 καί

1054 522 1117 540 ποτε
1137 514 1185 548 μὲν
1201 512 1345 546 ἀγνοοῦσα,
1364 512 1428 538 ποτὲ
1444 512 1472 537 δὲ
1493 510 1692 545 γινώσκουσα·
1717 511 1770 536 καί
1796 519 1860 536 ποτε

1056 560 1103 594 μὲν
1119 558 1256 594 πρόθυμος
1267 555 1343 589 οὖσα,
1359 558 1424 584 ποτὲ
1438 557 1466 584 δὲ
1488 557 1602 592 ὀκνηρά.
1622 555 1728 583 Ταῦτα
1747 556 1857 591 ἔχουσα,

1054 605 1111 636 πῶς
1125 606 1235 632 δύναται
1246 603 1371 638 λέγεσθαι
1385 604 1416 629 ἐκ
1436 603 1485 637 τῆς
1497 602 1588 633 οὐσίας
1603 600 1681 628 εἶναι
1703 601 1755 628 τοῦ
1773 601 1857 633 Θεοῦς

1054 653 1103 678 οὐκ
1118 651 1175 677 ἔστι
1190 651 1276 682 τοῦτο,
1294 650 1344 676 οὑκ
1373 650 1440 676 ἐστι.
1457 649 1493 675 Τὸ
1525 649 1553 674 δὲ
1578 648 1744 683 ἐμφύσημα
1759 648 1856 678 ἐκεῖνο,

1054 698 1141 733 ψυχὴν
1154 696 1368 732 ἐδημιούργησεν
1383 697 1412 722 ὲν
1434 695 1471 730 τῷ
1484 694 1621 730 ἀνθρώπῳ
1637 714 1646 726 ,
1666 693 1787 728 λογικὴν
1814 694 1858 719 καὶ

1054 745 1159 779 νοεράν.
1177 743 1225 769 Διὰ
1240 742 1319 768 τοῦτο
1331 742 1377 768 καὶ
1391 742 1406 776 ἡ
1421 740 1493 776 ψυχὴ
1506 739 1606 775 νοερῶς
1622 739 1662 766 τὰ
1682 740 1743 766 ἄνω
1757 739 1856 774 φαντά-

1056 789 1139 822 ζεται,
1153 789 1200 814 καὶ
1209 788 1243 814 τὰ
1261 786 1365 813 ἐκεῖθεν
1382 786 1458 820 ζητεῖ
1483 786 1529 812 καὶ
1542 785 1676 820 ὀρέγεται
1692 785 1744 811 καὶ
1771 785 1856 815 ποθεῖ,

1054 834 1094 860 δτι
1112 832 1214 859 ἐκεῖθεν
1226 832 1283 866 ἔχει
1298 832 1348 865 τὴν
1361 829 1552 865 δημιουργίαν,
1571 830 1602 855 'H
1616 829 1647 856 δὲ
1663 829 1723 856 τῶν
1739 829 1855 863 ἀλόγων,

1055 880 1103 914 οὐχ
1121 879 1216 910 οὕτως,
1234 878 1290 904 ἀλλ’
1306 878 1425 911 ἐπίγειος
1441 875 1519 906 οὖσα,
1532 876 1566 902 τὰ
1585 876 1707 910 ἐπίγεια
1726 875 1796 910 μόνα
1812 876 1856 910 ζη-

1054 927 1095 952 τεῖ
1106 934 1112 940 ·
1136 925 1176 952 διὸ
1198 924 1245 951 καὶ
1260 923 1478 958 συναποθνήσκει
1491 922 1529 956 τῷ
1551 921 1674 956 σώματι.
1691 921 1748 948 Τοῦ
1765 922 1793 948 δὲ
1812 923 1856 947 ἀν-

1056 971 1164 1007 θρώπου
1181 971 1197 1006 ἡ
1213 970 1295 1005 ψυχὴ,
1308 969 1420 1001 ἀείζωος
1436 968 1552 1004 ὑπάρχει
1578 969 1628 994 καὶ
1660 967 1852 1003 ἀτελεύτητος.

1058 1017 1172 1052 Ἕχειδὲ
1193 1017 1210 1052 ἡ
1235 1016 1307 1051 ψυχὴ
1336 1015 1399 1050 τρία
1421 1015 1500 1050 μέρη,
1530 1014 1654 1048 λογικὸν,
1676 1014 1796 1049 θυμικὸν
1811 1015 1855 1040 καὶ

1056 1063 1259 1098 ἐπιθυμητικόν.
1272 1062 1326 1088 Καὶ
1339 1061 1382 1087 διὰ
1399 1061 1446 1096 μὲν
1463 1060 1508 1086 τοῦ
1526 1059 1639 1093 λογικοῦ
1667 1060 1773 1095 μέρους
1788 1061 1854 1092 ἁγα-

1057 1111 1094 1144 πᾷ
1109 1110 1154 1135 τὸν
1169 1110 1249 1134 Θεόν·
1267 1107 1310 1134 διὰ
1325 1107 1371 1134 τοῦ
1385 1106 1499 1142 θυμικοῦ
1516 1106 1617 1141 μέρους
1633 1106 1782 1140 ὀργίζεται
1802 1106 1854 1136 τοῖς

1056 1157 1179 1191 δαίμοσιν
1192 1175 1198 1187 ,
1219 1154 1396 1190 ἀνδριζομένη
1407 1155 1466 1180 κατ’
1483 1153 1587 1180 αὐτῶν·
1606 1153 1654 1179 διὰ
1667 1153 1697 1179 δὲ
1722 1152 1771 1179 τοῦ
1795 1152 1851 1177 ἐπι-

1057 1201 1206 1238 θυμητικοῦ
1225 1201 1324 1237 μέρους
1336 1200 1463 1235 ἐπιθυμεῖ
1479 1200 1512 1226 τὰ
1532 1198 1634 1225 αἰώνια
1653 1198 1760 1232 ἀγαθά.
1779 1199 1852 1232 Ἔχει

1056 1249 1084 1275 δὲ
1094 1250 1107 1275 ὁ
1119 1247 1260 1283 ἄνθρωπος
1275 1247 1415 1281 αἰσθήσεις
1431 1246 1512 1271 πέντε
1523 1245 1701 1280 σωματικὰς,
1714 1245 1762 1271 καὶ
1776 1245 1851 1270 πέντε

1057 1295 1186 1330 ψυχικάς·
1205 1295 1232 1319 αἱ
1245 1292 1399 1328 σωματικαὶ
1415 1292 1463 1327 μέν
1479 1292 1548 1317 εἰσιν
1561 1299 1567 1305 '
1585 1291 1699 1326 ὅρασις,
1719 1290 1799 1325 ἀκοὴ,
1811 1290 1853 1316 ὕσ-

1058 1349 1168 1376 φρησις,
1197 1339 1301 1373 γεῦσις,
1327 1339 1374 1365 καὶ
1391 1338 1457 1372 ἁφή.
1476 1337 1629 1373 Θεωρεῖται
1652 1337 1682 1363 δὲ
1713 1337 1742 1362 ὲν
1758 1336 1805 1371 μὲν
1819 1336 1850 1369 τῇ

1057 1385 1149 1420 ὁράσει
1162 1385 1192 1410 τὸ
1206 1384 1301 1410 λευκὸν
1318 1383 1366 1410 καὶ
1384 1383 1477 1418 μέλαν,
1495 1383 1524 1408 ὲν
1540 1382 1567 1408 δὲ
1581 1383 1617 1416 τῇ
1642 1382 1725 1416 ἀκοῇ,
1752 1381 1783 1407 τὸ
1808 1380 1850 1411 ὀξὺ

1058 1430 1104 1456 καὶ
1118 1430 1148 1456 τὸ
1160 1429 1227 1464 βαρύ
1238 1437 1244 1444 '
1263 1431 1292 1456 ὲν
1305 1429 1332 1455 δὲ
1350 1430 1382 1464 τῇ
1398 1427 1569 1463 ὀσφρήσειτὺ
1591 1427 1714 1461 εὔοσμον
1731 1426 1779 1453 καὶ
1793 1426 1850 1452 δυσ-

1058 1476 1124 1507 ῶδες
1136 1484 1142 1490 '
1171 1476 1199 1501 ἐν
1213 1475 1241 1501 δὲ
1254 1477 1287 1510 τῇ
1303 1474 1395 1508 γεύσει
1411 1474 1442 1500 τὸ
1463 1474 1549 1508 γλυκὺ
1568 1473 1619 1499 καὶ
1640 1473 1758 1508 πικρόν·
1783 1473 1810 1498 ὲν
1825 1471 1850 1496 δὲ

1057 1523 1090 1557 τῇ
1119 1523 1184 1556 ἁφῇ,
1201 1521 1231 1548 τὸ
1259 1521 1375 1556 σκληρὸν
1402 1520 1448 1546 καὶ
1473 1519 1591 1554 μαλακὸν
1612 1519 1662 1546 καὶ
1687 1519 1789 1555 Θερμὸν
1805 1517 1848 1543 καὶ

1059 1567 1178 1603 ψυχρόν·
1202 1567 1250 1602 τῆς
1263 1567 1290 1593 δὲ
1307 1566 1395 1601 ψυχῆς
1410 1566 1445 1592 τὰ
1474 1564 1640 1600 αἰσθητήριὰ
1669 1565 1723 1591 εισι
1752 1563 1846 1590 ταῦτα·

1059 1614 1131 1645 νοῦς,
1148 1613 1263 1645 διάνοια,
1273 1612 1344 1645 δόξα,
1359 1613 1502 1647 φαντασία,
1518 1611 1566 1638 καὶ
1581 1611 1723 1646 αἴσθησις.
1736 1610 1846 1643 Λέγεται

1059 1660 1086 1686 δὲ
1101 1661 1163 1695 μιᾶς
1172 1659 1289 1694 ἑκάστης
1301 1658 1450 1694 αἰσθήσεως
1465 1658 1592 1694 ὄργανον,
1602 1654 1846 1693 αἱσθητήριον,ὰπδ

1059 1706 1105 1732 τοῦ
1118 1707 1210 1741 τηρεῖν
1226 1705 1275 1741 τὴν
1294 1704 1418 1740 αἴσθησιν
1435 1704 1591 1738 αἰσθητικὸν
1612 1704 1644 1730 τὺ
1659 1703 1739 1735 ζῶον.
1759 1702 1802 1727 Δεῖ
1820 1699 1846 1725 δὲ

1059 1749 1200 1775 καὶτοῦτο
1222 1749 1375 1783 γινώσκειν,
1394 1749 1434 1775 ὅτι
1458 1749 1532 1775 πᾶσα.
1552 1747 1622 1783 σὰρξ
1645 1748 1693 1774 καὶ
1711 1746 1790 1781 σῶμα
1805 1744 1844 1770 λέ-

1058 1803 1151 1829 γεται·
1166 1796 1196 1821 οὐ
1213 1796 1267 1822 πᾶν
1281 1795 1309 1821 δὲ
1330 1795 1419 1830 σῶμα,
1437 1795 1484 1821 xa‘t
1500 1793 1568 1829 σὰρξ
1591 1793 1766 1829 ὀνομάζεται.
1794 1789 1844 1816 Καὶ

1058 1842 1083 1867 οἱ
1097 1842 1220 1877 ἀστέρες,
1238 1841 1349 1876 σώματα
1361 1841 1506 1876 ἐπουράνια
1522 1840 1662 1874 λέγονται,
1680 1839 1710 1866 οὺ
1736 1838 1787 1872 μὴν
1801 1835 1843 1861 καὶ

1060 1888 1159 1922 σάρκες
1177 1887 1342 1922 ἐπουράνιοι.
1360 1887 1450 1913 Καὶτὸ
1466 1887 1514 1921 μὲν
1527 1886 1608 1921 σῶμα
1623 1885 1720 1916 διττῶς
1732 1886 1840 1919 εἴρηται,

1061 1933 1139 1967 σῶμα
1156 1932 1259 1964 ὑλικὸν,
1277 1933 1323 1959 καὶ
1349 1932 1429 1966 σῶμα
1453 1931 1559 1957 λεπτόν.
1578 1932 1635 1957 Καὶ
1647 1931 1677 1957 τὸ
1694 1930 1742 1964 μὲν
1757 1927 1840 1954 ὑλικὸν

1060 1978 1139 2013 σῶμά
1155 1980 1211 2004 ἐστι
1222 1978 1251 2004 τὸ
1264 1977 1447 2013 κρατούμενον
1461 1976 1504 2003 διὰ
1522 1977 1623 2011 χειρὸς,
1643 1976 1690 2002 καὶ
1700 1974 1784 2009 φθορᾷ
1799 1971 1839 1998 κ²ὶ

1059 2024 1165 2059 θανάτῳ
1182 2024 1373 2058 ὑποκείμενον·
1391 2023 1469 2058 σῶμα
1482 2023 1509 2049 δὲ
1522 2022 1620 2048 λεπτόν
1637 2022 1696 2047 ἐστι
1717 2019 1747 2046 τὺ
1761 2016 1838 2052 ἀκρά-

1059 2078 1139 2104 τητον
1152 2070 1197 2096 καὶ
1211 2069 1397 2104 ἁᾲηλάφητον,
1408 2065 1463 2094 οἷον
1476 2067 1522 2094 τοῦ
1540 2068 1628 2102 ἡλίου,
1643 2067 1692 2101 τῆς
1721 2065 1836 2098 σελήνης.

1060 2114 1106 2140 καὶ
1121 2114 1174 2140 τῶν
1189 2115 1320 2149 ἀστέρων·
1334 2114 1364 2139 τὸ
1376 2114 1403 2139 δὲ
1428 2113 1506 2147 σῶμα
1534 2113 1565 2138 τὸ
1578 2112 1653 2146 παχὺ
1681 2111 1726 2137 καὶ
1744 2106 1836 2136 ὑλικὸν,

1059 2161 1127 2195 ὅπερ
1138 2160 1245 2195 λέγεται
1256 2159 1332 2195 σὰρξ,
1342 2160 1496 2185 συνίσταται
1507 2160 1538 2185 ἐκ
1550 2157 1687 2193 τεσσαρῶν
1697 2153 1834 2189 στοιχείων.

1060 2205 1089 2239 ἐξ
1101 2206 1225 2241 αἵματος,
1240 2207 1271 2231 ἐκ
1283 2205 1444 2240 φλέγματος,
1457 2206 1488 2230 ὲκ
1503 2204 1602 2239 χυμοῦ,
1617 2204 1664 2230 καὶ
1675 2198 1788 2237 χολῆς,ἦ
1803 2197 1835 2227 ὼῖ

1060 2252 1089 2284 ἐξ
1116 2252 1205 2287 ἀέρος,
1229 2251 1291 2286 γῆς,
1319 2251 1413 2285 πυρὸς,
1429 2251 1476 2276 καὶ
1501 2249 1616 2282 ὓδατος·
1640 2246 1783 2274 τουτέστιν,
1806 2242 1833 2266 ἐκ

1060 2297 1172 2333 θερμοῦ,
1190 2297 1237 2324 καὶ
1252 2297 1364 2332 ψυχροῦ,
1380 2296 1427 2323 καὶ
1443 2296 1538 2332 ὑγροῦ,
1551 2296 1597 2322 καὶ
1611 2293 1705 2330 ξηροῦ.
1725 2291 1752 2316 Ὀ
1767 2287 1834 2333 illo;

1058 2331 1200 2379 25659pr
1214 2343 1261 2369 καὶ
1274 2331 1386 2374 ζωτικὸν
1412 2344 1542 2377 στοιχεῖον
1555 2350 1561 2357 ·
1584 2343 1598 2368 ὁ
1617 2340 1670 2375 ἀὴρ
1696 2338 1725 2364 ἰῖὸ
1743 2331 1832 2368 θερμὸν

1058 2391 1104 2416 καὶ
1118 2389 1198 2424 ὑγρόν
1209 2397 1216 2404 ·
1230 2390 1247 2424 ἡ
1264 2389 1298 2423 γῆ
1311 2389 1342 2415 τὸ
1356 2388 1436 2423 ξηρόν
1449 2397 1455 2403 ·
1471 2389 1505 2414 τὰ
1523 2388 1605 2414 ὕδατα
1620 2387 1650 2412 τὸ
1668 2382 1747 2418 ὑγρὸν
1771 2385 1832 2424 στρι-

1057 2436 1128 2469 χεῖον
1143 2434 1238 2460 τίκτει.
1257 2433 1349 2460 Ταῦτά
1365 2435 1442 2463 εἰσιν,
1461 2433 1490 2465 ἐξ
1515 2429 1551 2458 ὧν
1574 2431 1735 2463 συνέστηκεν
1754 2425 1772 2469 όν
1791 2421 1831 2469 ἂνξ

1055 2463 1170 2514 δρωπος,
1201 2478 1298 2513 μᾶλλον
1320 2478 1348 2504 δὲ
1375 2479 1392 2512 ἡ
1425 2463 1492 2512 σὰρξ
1506 2477 1552 2503 τοῦ
1571 2468 1780 2511 ἀνθρώπου-’διδ
1790 2463 1830 2492 καὶ

1056 2525 1125 2559 μετὰ
1143 2524 1256 2551 θάνατον
1272 2524 1353 2550 πάλιν
1369 2524 1408 2554 εἰς
1419 2523 1489 2549 αὐτὰ
1504 2522 1657 2549 ἀναλύεται.

219 2569 382 2596 elementh
406 2567 525 2602 pariunt.
553 2567 643 2604 Atque
666 2569 722 2596 haec
740 2574 814 2602 sunt,
841 2578 874 2598 ex
899 2571 998 2605 quibus
1019 2576 1128 2599 constat
1145 2572 1236 2604 homo,
1253 2572 1307 2598 imo
1322 2571 1414 2606 potius
1430 2571 1549 2598 hominis
1569 2577 1651 2602 caro;
1684 2565 1743 2593 ideo
1773 2558 1828 2594 Ροέῦι

219 2619 333 2642 mortem
349 2614 377 2641 in
392 2621 423 2642 ca
440 2621 537 2640 rursus
552 2615 709 2643 resolvitur.

450 2658 515 2687 Vlll.
538 2660 575 2688 De
590 2663 764 2697 (orruptibiti.

256 2706 324 2741 Quid
336 2711 378 2735 est
393 2706 580 2741 corruptibile,
597 2709 669 2737 unde
683 2709 799 2742 dictum,
815 2712 842 2737 et
853 2713 925 2744 ;quot
943 2717 1003 2738 mo-

218 2754 261 2781 dis
277 2754 393 2781 dicitur?

254 2816 276 2832 ⁷⁸
295 2816 410 2846 Malae-li.
427 2824 464 2850 ιι,
482 2816 510 2844 6.

1291 2660 1358 2688 Vill.
1379 2659 1448 2694 Περὶ
1463 2662 1571 2694 φθαρτο
1576 2659 1602 2686 ῦ.

1090 2709 1122 2735 Τί
1151 2708 1208 2735 ἐστι
1233 2707 1370 2743 φθαρτόν;
1385 2707 1432 2733 καὶ
1451 2707 1522 2734 κατὰ
1537 2707 1563 2733 τί
1581 2706 1687 2740 εἴρηται
1698 2695 1823 2735 φθαρτόνῖ

1054 2755 1100 2782 καὶ
1116 2754 1222 2790 ὁσαχῶς
1234 2753 1340 2788 εἴρηται
1356 2752 1488 2786 φθαρτόνι
