1924 3059
81 111 143 140 διε)

671 109 770 136 LIBER
791 109 834 136 DE
853 108 1134 136 DEFINlTlONlBUS.

1662 110 1715 140 5Ξῦ

122 167 182 194 Καὶ
195 167 302 202 εῐρηται
319 167 367 202 μὲν
384 167 502 203 φθαρτὸν
516 166 624 198 δισσῶς,
642 167 804 202 σωματικῶς
832 168 878 194 καὶ

966 167 1115 202 Dupliciter
1143 166 1321 202 corruptibile
1350 166 1462 200 dicitur,
1487 168 1667 203 corporaliter
1686 173 1714 196 et

81 213 223 249 ψυχικῶς.
245 213 298 239 Καὶ
314 212 434 248 ψυχικῶς
448 213 507 247 μὲν,
522 214 585 239 ὅταν
606 220 648 243 τις
668 213 821 249 ἁμαρτάνῃ,
834 212 877 239 λέ-

82 267 169 293 γεται
192 256 261 284 εἶναι
290 257 493 294 διεφθαρμένος,
518 257 607 289 καθὼς
633 257 707 292 λέγει
727 259 743 292 ἡ
759 258 853 294 Γραφή
868 266 875 273 ο

85 315 95 330 ε
123 304 316 339 Διεφοάρησαν
342 304 388 330 καί
420 303 618 340 ἐϐδελύχθησαν
642 305 671 330 ἐν
703 304 841 338 ἁνομίαις·
866 313 874 329 ι

84 350 256 385 σωματικῶς
282 350 310 376 δὲ
335 350 444 383 λέγεται
473 350 608 385 τρισσῶν
630 350 726 384 φθορὰ,
745 349 878 384 διαφθορὰ

83 396 136 422 καὶ
163 395 333 430 καθαφϐορά.
349 397 404 422 Καὶ
431 395 519 430 φθορὰ
553 395 601 429 μὲν
627 396 734 428 λέγεται
750 395 780 420 τὺ
796 403 878 429 χωρι-

85 442 189 476 σθῆναι
203 441 282 476 μόνον
295 442 343 476 τὴν
360 441 448 476 ψυχὴν
464 443 495 468 ὲκ
507 441 554 467 τοῦ
568 440 692 476 σώματος
707 441 753 467 καὶ
776 440 878 466 ἀποθα-

85 489 161 513 νεῖν·
181 487 315 522 διαφθορὰ
337 487 363 513 δέ
380 489 463 518 ἐστιν,
481 488 544 513 ὅταν
560 487 590 512 τὺ
605 487 683 521 σῶμα
701 486 790 522 βρωοῇ
826 486 878 512 ὑπὸ

84 531 144 558 τῶν
158 531 315 567 σκωλήκων,
334 532 381 558 καὶ
400 533 467 567 μόνα
478 533 679 566 καταλειφοῶσι
688 531 722 557 τὰ
731 532 807 558 ὀστᾶ.
825 532 879 558 Κα-

84 576 214 611 ταφθορὰ.
227 576 346 610 λέγεται,
358 577 421 602 ὅταν
435 576 541 602 σαπῶσι
554 577 600 602 καὶ
609 576 679 603 αὐτὰ
694 577 728 603 τὰ
743 577 819 608 ὀστᾶ,
831 575 878 602 καὶ

85 622 281 656 δαπανηῧῶσι,
305 622 351 648 καὶ
382 623 422 653 εἰς
451 622 487 658 μὴ
507 621 535 648 ὂν
561 623 705 657 χωρήσωσι
728 621 877 653 παντελῶς.

87 668 176 695 Τοῦτο
191 669 245 704 γὰρ
257 669 371 704 λέγομεν
387 669 433 695 καὶ
460 670 524 704 περὶ
539 669 585 695 τοῦ
602 669 701 703 Κυρίου
728 668 807 704 ἡμῶν
827 669 879 704 Ἰη-

87 714 137 740 σοῦ
153 714 289 750 Χριστοῦ,
306 715 347 741 ὅτι
367 714 469 750 φθορὰν
499 715 582 750 μόνην
602 715 725 747 ἐδέξατο·
756 714 878 741 τουτέστι

88 759 215 786 θάνατον.
234 760 386 796 Διαφθορὰν
402 760 428 786 δὲ
452 760 468 795 ἢ
490 760 663 797 καταφθορὰν
689 761 719 787 τὸ
747 761 878 794 πανάγιον

87 806 173 833 αὐτοῦ
192 806 271 841 σῶμα
288 806 356 838 ὅλως
372 806 420 832 οὑκ
435 806 556 839 ἐδέξατο,
576 807 675 841 ἀνέστη
687 807 714 833 δὲ
731 807 878 842 τριήμερος

86 851 263 886 πρωτότοκος
277 851 421 886 γενόμενος
431 853 463 878 ὲκ
479 851 532 878 τῶν
543 852 657 888 νεκρῶν.

232 969 276 996 IX.
299 969 349 996 Διὰ
367 969 393 996 τι
406 969 523 1004 λέγεται
538 969 739 1004 πρωτότοκος

124 1034 198 1061 Διότι
213 1035 312 1069 ἀνέπτη
325 1035 431 1071 πρῶτος
448 1037 480 1062 ὲκ
490 1035 535 1063 τοῦ
547 1036 620 1071 ᾆδον,
634 1035 723 1067 καῡὼς
741 1036 787 1062 καὶ
799 1037 879 1071 ἡμεῖς

89 1081 227 1116 μέλλομεν
248 1082 407 1108 ἀνίστασθαι
430 1083 458 1108 ὲν
477 1083 508 1116 τῇ
531 1082 644 1118 δευτέρᾳ
661 1083 806 1119 παρουσίᾳ.
825 1084 879 1109 Καὶ

88 1127 154 1153 ἐπεὶ
165 1127 265 1161 ἀνέστη
280 1128 332 1163 πρὸ
349 1128 452 1154 ἐκείνου
466 1129 479 1154 6
493 1129 615 1164 Λάζαρος
629 1129 677 1155 καὶ
697 1129 743 1155 τοῦ
766 1129 878 1164 Ἰαείρου

90 1173 224 1208 θυγάτηρ,
240 1174 286 1199 καὶ
302 1173 374 1200 ἄλλοι
391 1173 492 1206 πολλοὶ,
509 1174 552 1201 διὰ
562 1175 587 1201 τί
606 1175 655 1201 οὐκ
671 1174 769 1210 ἐκλήθη
784 1184 825 1206 τις
850 1174 880 1207 ἐξ

89 1220 180 1247 αὐτῶν
196 1221 385 1255 πρωτότοκος;
401 1221 472 1247 Διότι
485 1222 582 1247 ἐκεῖνοι
599 1221 762 1252 ἀναστάντες
780 1222 812 1248 ἐκ
826 1221 879 1247 τῶν

90 1265 198 1300 νεκρῶν
210 1265 290 1291 πάλιν
307 1265 451 1292 ἀπέθανον.
470 1266 499 1292 '0
514 1265 678 1301 δὲΧριστὺς,
688 1267 816 1297 ἀναστὰς,
830 1267 879 1292 οὐκ

90 1310 272 1337 ἑτιάπέθανε.
294 1312 348 1338 Καὶ
362 1312 430 1347 ὅπερ
459 1313 502 1346 ἐφ’
517 1313 594 1347 ἡμῶν
619 1312 763 1347 γενήσεται
791 1313 819 1338 ὲν
845 1313 878 1346 τῇ

91 1356 249 1388 ἀναστάσει,
265 1356 343 1383 τοῦτο
358 1357 453 1391 γέγονε
473 1357 519 1384 καὶ
534 1358 577 1384 ἐπ’
591 1357 684 1384 αὑτοῦ.
698 1357 809 1393 Πρῶτος
825 1357 880 1393 γὰρ

91 1401 123 1427 ἐκ
139 1401 194 1427 τῶν
208 1401 311 1437 νεκρῶν
329 1402 428 1437 ἀνέστη
444 1403 493 1438 τὴν
513 1403 542 1429 ὲν
556 1402 694 1438 ἀφθαρσίᾳ
721 1402 878 1434 ἀνάστασιν,

90 1445 124 1483 ἦς
141 1449 189 1475 καὶ
199 1448 278 1483 ἡμεῖς
292 1448 363 1474 κατὰ
380 1449 411 1474 τὸ
437 1448 533 1484 μέλλον
560 1449 704 1485 ἐλπίζομεν
727 1448 880 1475 ἀπολαύσα-

93 1493 166 1525 σοαι,
185 1493 218 1528 ἢν
234 1493 272 1529 μὴ
287 1493 436 1528 διαδέχεται
452 1493 575 1525 θάνατος.

164 1626 198 1654 Χ.
221 1627 255 1653 Τί
269 1627 333 1654 ἐστι
347 1628 436 1662 λόγος
446 1648 453 1660 ,
469 1628 517 1654 καὶ
533 1627 653 1662 ὁσαχῶς
668 1629 684 1655 ὁ
703 1629 811 1663 λόγος;

127 1671 244 1708 Εἴρηται
269 1673 318 1708 μὲν
341 1674 355 1699 6
380 1672 458 1707 λόγος
483 1673 601 1709 τριχῶς·
626 1673 703 1708 λόγος
722 1673 850 1705 ἐνούσιος.
867 1675 881 1700 6

93 1717 160 1749 Θεὸς
171 1717 265 1751 Λόγος,
284 1717 361 1751 λόγος
378 1717 540 1750 ἐνδιάθετος,
556 1718 570 1743 6
583 1717 636 1744 τῶν
653 1717 786 1752 ἀγγέλων,
807 1717 854 1744 καὶ
867 1718 882 1744 6

93 1765 122 1790 ἐν
135 1765 168 1798 τῇ
184 1763 305 1798 ἡμετέρᾳ
317 1763 419 1799 διανοίᾳ
430 1763 593 1798 λαλούμενος
606 1763 682 1797 λόγος
695 1771 701 1778 ·
728 1764 775 1790 καὶ
787 1764 802 1790 6
814 1771 881 1799 προ-

94 1809 215 1844 φορικὸς,
244 1811 258 1836 6
274 1809 318 1836 διὰ
339 1810 389 1845 τῆς
414 1809 546 1846 γλώττης,
576 1809 604 1841 ὃς
628 1809 735 1844 λέγεται
767 1809 881 1845 ἄγγελος

94 1856 237 1891 νοήματος.
255 1855 340 1890 Λόγος
362 1856 391 1883 δὲ
406 1856 513 1891 εἴρηται
527 1857 559 1882 ἐκ
573 1855 619 1882 τοῦ
634 1856 731 1891 λέγειν.

294 1963 339 1990 XI.
358 1965 389 1991 Tl
403 1965 469 1991 ἐστι
485 1964 679 1998 Χριστιανός;

130 2034 290 2069 Χριστιανός
303 2035 375 2060 ἐστιν
387 2033 512 2068 ἀληθινὸς
525 2030 598 2064 οἶκος
617 2032 735 2067 Χριστοῦ
762 2032 880 2066 λογικὸς,

93 2078 126 2105 ἐτ’
144 2079 232 2114 ἔργων
258 2079 368 2114 ἀγαθῶν
391 2078 440 2105 καὶ
452 2078 595 2113 δογμάτων
611 2077 698 2112 ὀρθῶν
719 2077 882 2112 συνιστάμε-

94 2134 149 2158 νος.

127 2170 270 2206 Alps-.046;
296 2169 324 2196 δέ
355 2169 412 2195 ἐστι
448 2169 619 2205 συκοφάντης
654 2169 700 2196 καὶ
730 2171 882 2205 κατήγορος

94 2216 233 2252 ἀληθείας.
260 2215 370 2250 Αἵρεσις
438 2214 538 2250 ψευδὴς
552 2215 684 2250 ὑπόληψις
705 2214 751 2241 τοῦ
779 2215 816 2250 μὴ
838 2215 882 2241 δν-

95 2271 148 2292 τος.

130 2306 281 2343 Ἀτρεπτὸν
296 2307 353 2333 ἐστι
368 2306 399 2332 τὺ
416 2305 459 2332 ἀεὶ
472 2305 600 2338 ὡσαύτως
615 2306 686 2341 ἕχον.

128 2354 243 2382 Φυσικόν
253 2355 311 2381 ἐστι
322 2353 353 2380 τὸ
363 2354 391 2380 ὲν
402 2355 436 2389 τῇ
453 2353 532 2388 φύσει
546 2353 682 2389 κείμενον,
697 2352 714 2388 ἢ
730 2352 759 2379 τὸ
773 2352 880 2388 ἀληθῶς

93 2401 191 2436 ἀληθὲς
205 2399 413 2435 γνωριζόμενον.

128 2445 211 2481 Παρὰ
224 2445 303 2480 φύσιν
316 2445 400 2475 ἐστὶν,
413 2444 427 2471 ὃ
440 2445 453 2470 6
467 2444 532 2476 Θεὸς
549 2444 597 2479 οὐχ
626 2443 697 2470 οὕτω
719 2443 879 2477 πεποίηκεν,

92 2492 110 2528 ἢ
126 2492 194 2526 ὅπερ
209 2491 277 2522 ὅλως
289 2491 318 2516 οὺ
341 2490 498 2525 πεποίηκεν,
513 2487 568 2516 οἷόν
581 2489 653 2515 ἐστιν
665 2489 682 2523 ἡ
699 2488 817 2523 ἁμαρτία
832 2487 878 2514 καὶ

94 2539 107 2565 ὁ
125 2537 248 2568 Θάνατος.

129 2583 198 2619 Τρία
220 2582 286 2618 φησὶ
309 2582 343 2609 τὰ
355 2582 513 2617 λαλούμενα
524 2582 552 2607 ὲν
565 2579 718 2616 ἀνθρώποις
731 2588 735 2594 ·
749 2580 779 2606 τὸ
808 2580 878 2606 κατὰ

94 2628 184 2664 φύσιν,
201 2628 231 2655 τὸ
245 2627 320 2663 παρὰ
336 2627 424 2662 φύσιν,
443 2627 489 2653 καὶ
504 2627 534 2652 τὸ
548 2626 617 2662 ὑπὲρ
632 2625 722 2660 φύσιν.
735 2626 789 2652 Καὶ
809 2626 878 2652 κατὰ

94 2673 173 2708 φύσιν
190 2673 240 2708 μὲν
256 2672 328 2699 ἔστιν
345 2673 359 2699 ὀ
376 2673 476 2708 γάμος·
492 2671 567 2707 παρὰ
591 2671 671 2706 φύσιν
697 2671 714 2706 ἡ
741 2671 852 2707 πορνεία
869 2679 876 2686 ⁸

127 2752 149 2768 ⁷³
170 2751 243 2780 Psal.
260 2751 359 2784 xm,1.

929 213 1117 248 spiritualiter.
1125 213 1163 240 Ac
1172 213 1349 248 spiritualiter
1360 213 1480 248 quidem,
1489 222 1550 241 cum
1561 215 1714 249 peccaverit

927 259 999 294 quis,
1015 259 1116 286 dicitur
1135 266 1196 286 esse
1217 263 1374 294 corruptus,
1395 259 1624 294 quemadmodum
1646 260 1715 287 dicit

929 305 1069 339 Scriptura
1091 314 1097 332 :
1117 314 1125 330 ι
1142 305 1269 340 Corrupti
1282 309 1346 332 sunt
1374 310 1400 332 et
1424 305 1623 333 abominabiles
1650 306 1715 334 facti

928 355 991 378 sunt
1007 352 1035 379 in
1049 351 1284 385 iniquitatibus“.
1304 360 1313 376 ›
1333 350 1519 385 Corporaliter
1535 358 1599 378 vero
1610 359 1714 380 .corru-

929 398 1022 432 ptibile
1038 398 1126 424 tribus
1142 397 1231 424 modis
1247 397 1345 423 dicitur
1359 405 1365 423 :
1379 397 1516 427 interilus,
1532 398 1672 432 corruptio
1687 402 1714 425 et

928 443 1112 477 consumptio.
1130 441 1261 468 lnteritus
1283 441 1393 472 dicitur,
1415 441 1472 468 sola
1487 442 1585 468 anima:
1604 450 1714 476 separa-

928 489 966 515 tio
980 496 995 515 a
1010 495 1124 523 corpore
1136 492 1162 514 et
1181 495 1266 514 mors.
1290 486 1438 521 Correptio
1456 494 1522 514 vero
1533 491 1585 515 est.
1605 487 1715 522 quando

928 542 1029 569 corpus
1046 542 1060 560 a
1082 532 1222 560 vermibus
1248 533 1412 565 corraditur,
1437 537 1464 560 et
1487 533 1659 560 solummodo
1675 542 1716 560 re-

929 582 1090 615 linquuntur
1099 587 1172 607 ossa.
1183 579 1363 614 Consumplio
1371 583 1462 606 autem
1471 583 1594 612 vocatur,
1605 580 1715 614 quando

929 629 1090 663 putrescunt
1125 626 1184 661 ipsa
1214 633 1322 660 quoque
1354 633 1418 652 ossa
1452 629 1479 652 et
1512 625 1714 659 absumuntur,

929 674 1094 707 abeuntque,
1111 679 1162 699 nec
1179 671 1296 706 amplius
1312 674 1431 699 exstant.
1449 671 1506 699 Hoc
1525 672 1597 698 enim
1616 672 1648 699 de
1663 671 1715 698 Do-

930 718 1004 744 mino
1028 721 1124 744 nostro
1134 715 1200 744 Jesu
1225 717 1336 744 Christo
1357 724 1466 751 quoque
1489 717 1618 749 dicimus,
1641 717 1714 751 quod

930 764 1069 791 interitum
1092 766 1199 790 tantum
1220 763 1346 794 subierit,
1363 763 1390 790 id
1409 767 1451 791 est
1475 768 1600 790 mortem.
1615 763 1715 790 Corru-

930 811 1048 844 ptionem
1075 816 1140 836 vero
1169 813 1216 836 aut
1243 810 1480 844 consumplionem
1509 814 1714 837 sacrosanctum

892 854 986 888 Bejus
1007 862 1108 890 corpus
1136 855 1298 890 neutiquam
1322 855 1464 887 sustinuit,
1491 856 1539 883 sed
1563 856 1716 884 resurrexit

929 902 973 929 die
988 901 1067 928 tertia
1084 901 1281 936 primogenitus
1300 900 1390 928 factus
1402 909 1435 928 ex
1449 901 1574 929 mortuis.

1075 967 1122 996 IX.
1144 967 1232 1000 Quare
1245 967 1343 994 dicitur
1357 968 1569 1003 primogenilus?

964 1036 1004 1064 Eo
1019 1035 1093 1072 quod
1110 1035 1217 1071 primus
1234 1035 1268 1062 ab
1294 1035 1390 1062 inferis
1412 1037 1604 1068 resurrexerit,
1621 1044 1716 1071 quem-

929 1083 1074 1110 admodum
1101 1084 1183 1110 etiam
1204 1091 1254 1110 nos
1276 1090 1452 1116 resurgemus
1477 1083 1504 1109 in
1529 1083 1649 1109 secundo
1671 1082 1717 1109 ad-

931 1133 1021 1155 ventu.
1035 1127 1103 1160 Quia
1119 1132 1210 1155 autem
1224 1132 1286 1154 ante
1303 1127 1379 1154 illum
1394 1127 1513 1154 Lazarus
1527 1132 1716 1155 resurrexerat

929 1177 955 1200 et
969 1172 1034 1200 Jairi
1051 1173 1116 1204 ﬁlia,
1138 1173 1273 1208 multique
1289 1173 1347 1203 alii,
1364 1180 1451 1207 quare
1474 1180 1526 1199 non
1546 1173 1653 1199 illorum
1667 1173 1714 1199 ali-

930 1218 991 1253 quis
1009 1219 1207 1254 primogenitus
1227 1222 1342 1246 vocatus
1357 1222 1399 1246 est
1415 1218 1490 1253 (5'5)?
1505 1217 1573 1251 Quia
1596 1218 1635 1245 illi
1654 1221 1718 1254 post

929 1265 1156 1292 resurrectionem
1181 1272 1258 1293 suam
1285 1272 1301 1292 e
1329 1264 1456 1294 mortuis,
1486 1271 1584 1291 rursus
1615 1265 1717 1292 mortui

930 1314 1006 1338 sunt.
1019 1311 1146 1339 Christus
1158 1314 1248 1338 autem
1264 1314 1409 1345 postquam
1426 1311 1574 1337 resurrexit
1587 1318 1642 1337 non
1658 1317 1718 1337 am-

930 1357 1002 1391 plius
1015 1362 1056 1384 est
1069 1361 1204 1388 mortuus,
1220 1357 1266 1384 sed
1283 1356 1356 1391 quod
1373 1357 1401 1383 in
1415 1357 1617 1383 resurrectione
1637 1357 1717 1384 nobis

929 1403 1046 1434 eveniet,
1065 1403 1092 1429 id
1113 1403 1164 1438 ipsi
1180 1402 1236 1436 jam
1251 1402 1374 1437 contigit.
1392 1401 1459 1428 Nam
1475 1402 1579 1436 primus
1592 1409 1625 1428 ex
1642 1409 1718 1428 mor-

931 1449 986 1475 tuis
1003 1456 1033 1475 ea
1051 1450 1253 1475 resurrectione
1269 1448 1432 1479 resurrexit,
1450 1455 1510 1482 qua:
1524 1452 1565 1474 est
1581 1448 1608 1474 iu
1626 1447 1718 1474 incor-

931 1493 1121 1528 ruptibilitate.
1135 1495 1215 1528 cujus
1230 1501 1280 1520 nos
1293 1500 1401 1528 quoque
1415 1500 1557 1526 speramus
1578 1493 1605 1518 in
1623 1491 1717 1519 futuro

892 1534 913 1562 C
930 1539 1077 1573 participes
1101 1538 1169 1571 fore,
1187 1546 1268 1574 quam
1291 1538 1519 1566 resurrectionem
1543 1538 1618 1564 nulla
1641 1545 1716 1565 mors

931 1585 1047 1619 amplius
1063 1587 1204 1619 sequetur.

991 1628 1024 1657 Χ.
1045 1629 1114 1662 Quid
1131 1633 1170 1656 est
1194 1629 1309 1661 verbum,
1323 1633 1347 1656 et
1362 1632 1423 1664 quot
1436 1628 1520 1654 modis
1536 1628 1635 1654 dicitur

966 1674 1085 1703 Verbum
1101 1675 1202 1703 dicitur
1216 1675 1381 1710 tripliciter:
1399 1674 1512 1701 verbum
1525 1673 1716 1706 substantiale,

931 1721 1003 1756 quod
1018 1724 1061 1748 est
1085 1720 1157 1748 Deus
1172 1720 1312 1754 Verbum;
1331 1720 1444 1747 verbum
1466 1720 1615 1751 internum,
1643 1720 1717 1755 quod

931 1771 973 1794 est
993 1767 1164 1802 angelorum,
1177 1771 1204 1794 et
1218 1767 1290 1802 quod
1306 1767 1334 1794 in
1349 1770 1440 1793 mente
1452 1769 1546 1793 nostra
1560 1765 1716 1800 loquimur;

931 1813 1044 1841 verbum
1073 1814 1283 1844 enuntiativum,
1310 1812 1384 1848 quod
1411 1813 1571 1840 enuntiatur
1597 1820 1646 1847 per
1664 1813 1718 1839 lin-

931 1868 1022 1895 guam,
1042 1860 1115 1895 quod
1139 1860 1239 1887 mentis
1265 1859 1381 1886 nuntius
1407 1867 1517 1894 quoque
1540 1859 1651 1886 dicitur.
1671 1858 1718 1886 Di-

931 1911 1005 1934 ctum
1022 1910 1065 1934 est
1084 1911 1175 1933 autem
1190 1905 1322 1935 Verbum.
1349 1913 1397 1932 seu
1421 1904 1538 1937 dictum,
1554 1912 1569 1932 a
1586 1905 1716 1934 dicendo.

1125 1963 1170 1990 XI.
1190 1963 1259 1996 Quid
1280 1966 1318 1990 est
1335 1961 1524 1990 Christianus?

967 2032 1142 2060 Christianus
1168 2035 1211 2059 est
1229 2038 1293 2058 vera
1318 2030 1416 2058 domus
1437 2030 1540 2058 Christi
1560 2030 1715 2063 rationalis,

932 2085 980 2113 per
994 2078 1066 2105 bona
1084 2084 1165 2112 opera
1180 2080 1207 2104 et
1225 2080 1301 2104 recta
1316 2075 1444 2111 dogmata
1458 2080 1626 2103 constructa.

968 2166 1024 2202 (3L)
1046 2165 1195 2193 Haereticus
1213 2168 1303 2192 autem
1325 2168 1377 2196 est,
1399 2164 1566 2199 sycophanta
1587 2167 1614 2191 et
1635 2171 1716 2192 accu-

898 2209 1007 2240 Dsator
1031 2211 1165 2239 veritatis.
1193 2210 1322 2243 lberesis,
1352 2209 1422 2237 falsa
1448 2209 1540 2245 opinio
1559 2209 1618 2244 ejus
1644 2209 1715 2245 quod

933 2266 986 2285 non
1001 2262 1053 2285 est.

970 2303 1140 2330 lmmutabile
1154 2307 1206 2333 est,
1221 2301 1294 2336 quod
1311 2309 1340 2329 se
1359 2308 1466 2336 semper
1485 2300 1610 2328 similiter
1624 2300 1715 2328 habet.

965 2348 1093 2376 Naturale
1105 2352 1157 2378 est,
1174 2348 1246 2383 quod
1263 2348 1292 2374 in
1305 2351 1404 2374 natura
1419 2347 1502 2373 situm
1518 2350 1569 2379 est,
1587 2347 1629 2374 vel
1644 2347 1716 2381 quod

932 2403 995 2422 vere
1010 2403 1104 2422 verum
1124 2395 1309 2430 cognoscitur.

968 2440 1069 2468 Praeter
1082 2446 1207 2468 naturam
1222 2445 1274 2472 est,
1290 2441 1363 2476 quod
1376 2440 1446 2468 Deus
1461 2448 1517 2467 non
1532 2440 1569 2466 ita
1586 2438 1661 2470 fecit,
1674 2439 1717 2467 vel

931 2486 1004 2522 quod
1020 2487 1131 2514 omnino
1152 2494 1208 2514 non
1227 2486 1301 2518 fecit,
1325 2487 1416 2522 qualia
1436 2490 1501 2514 sunt
1521 2490 1664 2520 peccatum
1689 2489 1716 2513 et

933 2540 1017 2560 lllOI‘S.

968 2578 1032 2604 Tria
1048 2581 1122 2609 sunt,
1137 2586 1197 2613 qua:
1211 2578 1245 2605 de
1258 2578 1415 2606 hominibus
1434 2578 1632 2614 prmdicantur:
1643 2577 1716 2612 quod

931 2624 1011 2659 200
1024 2623 1174 2652 secundum
1196 2628 1335 2656 naturam,
1359 2623 1432 2658 quod
1461 2628 1558 2658 praeter
1577 2627 1715 2654 naturam,

931 2675 958 2697 et
979 2670 1052 2706 quod
1072 2677 1155 2705 supra
1176 2673 1314 2697 naturam.
1337 2670 1495 2697 Secundum
1519 2674 1645 2696 naturam
1672 2672 1716 2696 est

130 2828 187 2858 "iii
200 2827 248 2857 His
268 2827 366 2856 similia
379 2827 501 2863 quaedam
512 2827 654 2864 Ahabenlur
674 2827 701 2854 in
721 2825 782 2854 cod.
801 2825 878 2854 Colb.
897 2824 976 2852 4755.
1015 2823 1070 2859 (53)
1091 2822 1152 2851 Haec
1167 2826 1193 2851 et
1210 2823 1309 2852 similia
1326 2823 1352 2852 in
1368 2822 1428 2851 eod.
1441 2823 1502 2851 cod.
