1924 3059
228 89 277 119 5εῆ

786 89 820 116 ε.
841 89 1072 118 ATHANASIUS.
1093 104 1128 110 -—
1146 89 1281 118 SPURIA.

1801 95 1850 125 652

229 148 432 176 matrimonium
449 156 457 175 :
472 152 570 183 praeter
595 152 732 179 naturam.
753 148 884 176 scortatio
906 157 913 175 :
930 156 1012 183 supra

1072 150 1133 185 inép
1149 149 1230 184 φύσιν
1255 151 1271 185 ἡ
1295 149 1436 186 παρθενία.
1459 151 1513 177 Καὶ
1542 151 1627 178 πάλιν
1649 151 1721 179 κατὰ
1735 153 1812 187 φύσιν
1835 155 1849 181 ὁ

229 199 367 225 naturam,
383 194 536 229 virginitas.
554 193 586 220 Et
603 201 701 221 rursus
717 194 867 221 secundum
887 199 1012 221 naturam

230 245 294 268 sant
308 248 374 275 opes
388 240 461 275 jusle
484 241 642 274 acquisita:
659 246 756 275 praeter
771 245 908 272 naturam,
926 240 1015 267 avari-

231 286 267 312 tia
289 293 396 319 :saprn
424 290 550 311 naturam
564 305 572 317 ,
599 286 803 320 possessionum
829 290 1013 320 contemptus.

230 331 295 358 Item
313 331 462 358 secundum
481 335 606 358 naturam
625 335 678 364 est,
693 331 871 366 temperantia
887 332 914 358 in
931 331 993 358 cibo
1007 340 1013 358 :

230 383 327 411 praeter
352 382 494 408 naturam,
527 377 756 411 crapula:supra
776 381 919 408 naturam,
944 376 1016 410 jeju-

230 424 316 449 nium.
333 423 464 450 Similiter
481 423 632 451 secundum
645 427 771 450 naturam
790 426 842 454 est,
861 430 911 457 par
928 429 1016 457 ιρι-ω-

228 473 270 495 ter
286 474 422 501 naturam,
449 469 582 495 tumultus
596 478 604 496 :
620 475 702 503 supra
725 472 863 501 naturam,
884 475 948 502 erga
964 467 1016 493 ini-

229 516 315 542 micos
331 516 450 542 dilectio.
471 515 502 541 Et
519 515 546 542 in
562 515 669 542 castoris
684 515 819 542 similiter.

264 571 433 606 Etymologia
455 575 507 601 est.
524 579 585 605 qua:
598 571 652 597 vim
674 571 795 597 nominis
812 569 929 604 alicujus
943 572 1016 595 recte

229 617 364 651 designat,
388 620 415 643 et
438 624 470 643 ex
489 617 548 650 ipso
567 623 649 642 sensu
672 616 817 650 explicata,
841 615 944 642 veluti:
961 614 1015 640 Pax

231 662 302 689 unde
316 664 356 689 sic
370 662 442 688 dicta
460 661 521 688 est?
539 661 615 693 Quod
632 664 749 687 mentem
762 660 936 694 tranqttillam
953 659 1016 686 red-

230 707 286 734 dat.
307 707 462 738 Tumultus,
477 714 492 733 a
514 706 642 732 facultate
658 706 855 733 coul‘undendi.
870 702 964 735 Error,
983 706 1017 732 ab

231 761 264 780 eo
279 753 351 787 quod
370 753 480 787 oblique
502 758 620 778 mentem
641 752 739 778 trahat.
761 751 960 786 Temperantia,
975 751 1016 778 vel

231 799 305 834 quod
321 799 453 825 salutaria
471 798 620 832 provideat,
636 797 678 823 vel
696 796 768 831 quod
782 804 884 831 corpus
896 804 911 822 a
926 796 1015 823 sordi-

231 846 282 873 bus
302 850 452 871 conservet.
479 843 614 870 Scortatio
630 844 672 870 vel
688 843 722 869 ab
738 850 780 874 eo,
804 842 876 877 quod
890 842 1018 876 juventus

231 895 284 918 tem
302 891 461 920 inﬂammet,
478 889 519 916 vel
532 889 604 924 quod
622 893 740 916 tuentem
755 889 844 916 oculis
859 889 958 923 privet,
976 888 1017 915 vel

231 938 304 972 quod
319 945 334 963 a
356 936 503 970 longinquo
520 940 634 963 annuat.
655 935 785 962 Similiter
800 939 827 962 et
845 935 871 961 in
893 934 1015 968 reliquis.

267 994 374 1028 Corpus
390 993 453 1027 quia
478 1001 511 1023 ex
528 992 668 1020 elementis
692 992 872 1026 compositum
896 995 948 1022 est,
974 991 1018 1017 ad-

232 1040 315 1067 mittit
328 1039 547 1070 dissolutionem,
567 1043 594 1065 ct
610 1038 771 1065 destruitur.
793 1037 942 1071 Propterea
957 1044 1018 1063 cor-

232 1094 298 1121 pora
310 1090 363 1112 tam
379 1085 519 1111 hominum
533 1092 612 1119 quam
626 1084 775 1111 bestiarum
790 1083 869 1110 facile
879 1082 1017 1116 corrumpi

233 1140 265 1159 ac
283 1132 352 1158 mori
364 1134 491 1166 possunt,
504 1139 535 1158 ex
548 1135 668 1165 quatuor
681 1138 744 1157 cum
759 1134 886 1156 constent
898 1130 1018 1156 elemen-

231 1179 288 1205 tis:
303 1182 385 1208 terra,
406 1177 528 1211 inquam,
546 1183 626 1211 aqua,
647 1176 720 1211 igne,
744 1179 771 1203 et
793 1183 865 1202 aere.
886 1175 954 1202 Nam
973 1183 1016 1207 ea,

233 1231 294 1258 quae
308 1231 342 1250 ex
355 1223 415 1250 istis
425 1226 562 1254 constant,
583 1229 690 1256 semper
704 1226 881 1256 generantur.
897 1229 1017 1256 semper—

235 1277 289 1304 que
310 1272 542 1302 corruinpuntur;
566 1267 762 1294 elementorum
785 1267 910 1294 videlicet
929 1267 1017 1294 disso-

233 1315 290 1342 luta
312 1314 519 1348 compositione,
542 1317 569 1340 et
583 1313 705 1348 quolibet
721 1313 748 1340 in
774 1321 853 1340 suum
868 1313 957 1339 locum
976 1320 1017 1339 re-

233 1365 322 1396 cepto.
338 1359 398 1395 Ipsa
419 1367 483 1387 vero
506 1360 650 1389 elementa,
666 1359 801 1394 simplicia
822 1367 882 1386 cum
905 1359 970 1389 sint.
991 1362 1018 1385 et

233 1405 426 1441 incomposita,
444 1412 522 1432 suam
534 1412 643 1439 quoque
658 1405 834 1432 stabilitatem
847 1405 976 1438 retinent,
991 1409 1017 1431 et

235 1461 321 1488 usque
332 1452 365 1479 ad
383 1452 647 1479 consummationem
662 1452 826 1479 indissoluta
840 1457 915 1479 sunt.

509 1520 565 1548 XII.
587 1520 625 1547 De
641 1520 741 1546 anima.

268 1578 307 1606 De
323 1578 414 1605 anima
428 1582 518 1605 autem
537 1577 666 1607 dicimus,
691 1576 763 1611 quod
779 1577 899 1611 quinque
913 1577 968 1604 sint
983 1575 1021 1603 af-

235 1624 321 1651 fectus
336 1623 364 1650 in
381 1631 423 1656 ea,
438 1623 484 1658 qui
505 1622 638 1649 animales
655 1621 768 1648 aﬂ‘ectus
788 1625 932 1648 vocantur.
951 1620 1020 1647 Sunt

235 1674 326 1697 autem
345 1669 409 1696 isti:
423 1669 474 1701 ira,
503 1668 592 1701 dolor,
617 1671 718 1700 metus,
735 1667 892 1694 sollicitudo
905 1671 932 1694 et
953 1666 1021 1694 invi-

235 1717 289 1743 dia.
308 1716 359 1749 Qui
380 1723 445 1750 ergo
463 1713 608 1749 prudentia
634 1712 735 1740 mentis
756 1712 886 1746 przeditus
908 1715 950 1739 est
972 1719 1021 1746 po-

235 1763 299 1790 terit
312 1762 367 1789 illis
378 1761 525 1795 imperare.
542 1759 589 1786 Est
601 1762 690 1785 autem
707 1758 799 1784 anima
816 1765 863 1792 per
879 1765 909 1784 se
921 1757 1019 1788 calida,

235 1811 365 1841 tanquam
384 1805 484 1832 ardens
508 1805 589 1840 ignis.
610 1804 688 1830 Sicut
714 1803 796 1838 igitur
812 1802 892 1837 ignis,
911 1809 941 1828 ea
961 1809 1021 1836 quae

235 1856 302 1879 sunt
325 1852 352 1878 in
379 1852 460 1878 ollam
483 1850 607 1884 conjecta
635 1850 745 1884 coquit;
770 1850 810 1876 sic
831 1849 933 1881 anima,
961 1856 1021 1883 qua:

236 1897 344 1932 igneam
361 1901 485 1923 naturam
504 1897 596 1927 habet,
609 1895 686 1922 cibos
706 1895 735 1922 in
750 1895 930 1922 ventriculum
946 1902 1022 1922 rece-

237 1947 299 1979 ptos
316 1942 477 1969 comminuit
489 1946 516 1968 et
531 1941 679 1968 consumit.
694 1939 762 1966 Nam
782 1941 873 1967 anima
889 1948 942 1967 non
958 1948 1021 1974 pro-

237 1993 329 2024 pterea
342 1989 414 2023 ψυχή
432 1991 553 2019 vocatur,
570 1987 642 2021 quod
656 1986 774 2013 essentia
787 1993 836 2013 sua
859 1986 895 2012 sit
908 1985 1019 2020 ψυχρός,

237 2035 344 2069 frigida,
358 2034 430 2062 sicut
441 2033 567 2060 rudiores
576 2032 686 2067 quidam
699 2033 874 2064 existimant;
890 2033 937 2060 sed
948 2032 1019 2067 quod

237 2088 334 2116 magno
349 2087 399 2108 suo
415 2079 506 2106 calore
518 2079 648 2106 humores
663 2082 804 2113 cxtergat;
821 2078 894 2105 sicut
917 2086 950 2105 ex
964 2078 1020 2104 vir-

236 2129 295 2152 tute
314 2125 382 2152 solis
399 2124 545 2151 manifeste
558 2123 693 2150 declarari
710 2127 810 2158 potest.
830 2122 898 2150 Nam
914 2123 1020 2150 calidus

1064 195 1175 227 δικαίως
1192 196 1372 231 συναγόμενος
1386 196 1498 228 πλοῦτος
1512 206 1518 211 ·
1532 197 1607 232 παρὰ
1617 197 1701 232 φύσιν
1719 199 1734 234 ἡ
1749 199 1847 226 πλεονε-

1065 240 1123 273 ξία’
1137 241 1205 276 ὑπὲρ
1219 241 1299 274 φύσιν
1314 242 1330 276 ἡ
1346 242 1531 277 ἀκτημοσύνη.
1552 243 1668 278 Ὁμοίως
1685 244 1765 270 πάλιν
1782 245 1847 272 κατὰ

1065 283 1146 316 φύσιν
1165 285 1347 320 ἡσύμμετρος
1367 288 1452 322 τροφή
1465 295 1473 302 ·
1491 286 1567 322 παρὰ
1591 287 1673 321 φύσιν
1698 289 1714 323 ἠ
1743 297 1848 324 γαστρι-

1067 328 1184 363 μαργία⁴
1205 330 1274 365 ὑπὲρ
1304 329 1383 364 φύσιν
1412 331 1428 365 ἡ
1459 331 1579 366 νηστεία.
1606 331 1746 363 Ὡσαύτως
1773 333 1848 359 πάλιν

1066 375 1135 401 κατὰ
1152 375 1232 409 φύσιν
1246 376 1262 410 ὴ
1284 376 1377 411 εἰρήνη
1390 385 1397 391 ’
1411 377 1486 412 παρὰ
1503 377 1582 411 φύσιν
1608 378 1622 412 ἡ
1637 378 1746 413 ταραχή
1759 387 1764 393 ·
1785 379 1848 413 ὑπὲρ

1066 420 1145 454 φύσιν
1161 422 1176 456 ἡ
1195 421 1261 456 πρὸς
1274 423 1335 453 τοὺς
1346 421 1533 458 ὲχθραίνοντας
1549 423 1655 458 ἀγάπη.
1670 425 1726 450 Καὶ
1749 424 1778 451 ὲν
1798 426 1849 456 τοῖς

1065 467 1167 499 λοιποῖς
1177 468 1285 502 ὁμοίως.

1105 566 1280 602 Ἐτυμολογία
1294 568 1367 594 ἐστὶν
1394 570 1410 604 ἡ
1437 569 1486 604 τῆς
1496 568 1637 604 δυνάμεως
1655 569 1704 596 τοῦ
1726 570 1851 604 ὀνόματος

1065 613 1187 648 ὀρθότης,
1206 614 1234 646 ἐξ
1245 613 1325 640 αὐτοῦ
1335 615 1382 641 τοῦ
1392 615 1450 646 νοὸς
1462 616 1667 650 ἑρμηνευομένη
1678 624 1685 630 ·
1697 612 1763 647 οἷον,
1780 616 1852 642 Κατὰ

1066 659 1092 685 τί
1103 660 1196 695 εἰρήνη
1209 668 1215 689 :
1232 660 1309 687 Κατὰ
1324 661 1353 686 τὸ
1367 661 1480 696 ἠρεμεῖν
1495 661 1539 687 τὸν
1550 661 1621 687 νοῦν.
1640 662 1748 696 ’Ὠσπερ
1776 661 1851 687 πάλιν

1066 709 1183 743 ταραχὴ,
1196 708 1239 735 διὰ
1252 708 1284 735 τὸ
1299 709 1363 744 ῥᾷον
1376 710 1496 744 χεῖσθαι·
1510 710 1556 736 καὶ
1567 709 1656 745 πλάνη
1669 709 1741 736 κατὰ
1752 709 1783 736 τδ
1791 710 1851 736 πλα-

1067 754 1170 788 γιάζειν
1185 755 1230 781 τὸν
1250 755 1319 781 νοῦν.
1337 755 1510 791 Σωφροσύνη,
1538 755 1554 790 ἢ
1570 756 1624 782 ἀπὸ
1646 755 1697 782 τοῦ
1718 756 1775 782 σῶα
1790 765 1850 791 φρο-

1067 803 1131 832 νεῖν,
1147 801 1162 836 ἦ
1182 801 1234 827 ἀπὸ
1251 802 1297 828 τοῦ
1311 801 1341 828 τὸ
1354 802 1432 837 σῶμα
1447 803 1573 837 φρουρεῖν
1587 803 1642 829 ἀπο
1659 802 1759 837 ῥύπου.
1786 803 1850 837 Πορ-

1071 846 1128 872 νεία
1142 846 1158 881 ἢ
1172 845 1215 872 διὰ
1230 846 1260 872 τὸ
1277 846 1379 880 πυροῦν
1391 846 1439 882 τὴν
1453 847 1576 881 νεότητα,
1592 847 1608 882 ἢ
1623 846 1670 873 διὰ
1693 847 1724 873 τὸ
1743 847 1849 882 πηροῦν,

1070 891 1086 925 ἢ
1109 890 1146 922 ὡς
1157 890 1305 925 ἐκτυφλοῦν
1319 890 1364 916 τὸν
1380 891 1480 926 νοῦν,ἢ
1496 891 1539 918 διὰ
1556 891 1586 917 τὸ
1602 891 1749 928 πόρρωθεν
1762 891 1849 917 νεύειν.

1071 937 1125 963 Καὶ
1140 938 1168 963 ὲν
1182 938 1238 968 τοῖς
1252 937 1353 968 λοιποῖς
1364 937 1473 972 ὁμοίως.

1106 993 1141 1019 Τὸ
1157 993 1245 1027 σῶμα,
1263 992 1321 1026 ἔχον
1335 992 1384 1027 τὴν
1399 992 1520 1018 σύνθεσιν
1536 993 1568 1018 ὲκ
1580 992 1635 1019 τῶν
1652 992 1801 1027 στοιχείων,
1813 991 1852 1018 δέ-

1071 1047 1146 1073 χεται
1159 1039 1206 1065 καὶ
1219 1038 1348 1070 διάλυσιν,
1363 1038 1409 1064 καὶ
1421 1038 1591 1073 ἀφανίζεται.
1609 1039 1662 1065 Διὰ
1672 1039 1752 1065 τοῦτο
1765 1038 1798 1064 τὰ
1807 1038 1852 1064 σώ-

1072 1093 1144 1119 ματα
1161 1084 1206 1110 καὶ
1217 1083 1367 1119 ἀνθρώπων
1388 1085 1433 1111 καὶ
1455 1084 1531 1116 ζώων
1548 1084 1691 1120 εὒφθαρτα
1705 1085 1752 1111 καὶ
1767 1083 1852 1118 εῠθνη-

1070 1138 1103 1155 τα
1121 1130 1259 1165 τυγχάνει,
1274 1131 1306 1157 ἐκ
1322 1131 1461 1166 τεσσάρων
1485 1131 1672 1165 συνεστηκότα
1701 1130 1849 1164 στοιχείων

1071 1176 1140 1211 λέγω
1154 1177 1185 1212 δὴ
1200 1177 1250 1212 γῆς
1270 1178 1316 1204 καὶ
1333 1177 1438 1209 ὕδατος,
1450 1178 1497 1204 καὶ
1513 1177 1598 1212 πυρὸς
1611 1198 1617 1207 ,
1631 1178 1680 1204 καὶ
1702 1178 1791 1212 ἀέρος.
1803 1176 1851 1202 Καὶ

1071 1223 1139 1249 αὐτὰ
1150 1223 1184 1250 τὰ
1196 1224 1228 1249 ὲκ
1249 1223 1350 1250 τούτων
1364 1223 1545 1258 συνεστηκότα
1560 1224 1603 1249 ἀεὶ
1616 1223 1738 1257 γίνονται
1755 1222 1801 1248 καὶ
1813 1221 1851 1247 ἀεὶ

1071 1268 1241 1305 φθείρονται,
1262 1270 1310 1304 τῆς
1333 1269 1388 1296 τῶν
1409 1269 1545 1303 στοιχείων
1565 1269 1747 1304 διαλυομένης
1768 1267 1850 1294 συνθέ-

1071 1321 1149 1345 σεως,
1165 1314 1212 1340 καὶ
1226 1314 1341 1340 ἑκάστου
1356 1314 1424 1349 πρὸς
1434 1314 1479 1340 τὸν
1496 1314 1559 1340 ἴδιον
1585 1313 1751 1344 ἁναλύοντος
1764 1312 1848 1339 τόπον.

1069 1360 1144 1386 Absit
1157 1360 1185 1386 δὲ
1198 1359 1232 1385 τὰ
1246 1361 1373 1394 στοιχεῖα,
1385 1360 1459 1387 ἁπλᾶ.
1473 1360 1639 1395 τυγχάνοντα
1651 1361 1700 1386 καὶ
1714 1359 1848 1388 ἀσύνθετα,

1069 1404 1100 1430 τὸ
1114 1405 1224 1439 μόνιμον
1239 1404 1304 1440 ἔχει,
1323 1405 1370 1432 καὶ
1386 1405 1466 1440 μέχρι
1489 1406 1538 1438 τῆς
1564 1406 1722 1437 συντελείας
1746 1404 1848 1432 ἀδιάλυ-

1070 1458 1125 1476 τον.

1327 1519 1382 1546 XII.
1397 1519 1468 1553 Περὶ
1481 1519 1592 1555 ψυχῆς.

1105 1576 1173 1610 Περὶ
1190 1575 1218 1602 δὲ
1241 1575 1330 1611 ψυχῆς
1350 1576 1474 1611 λέγομεν,
1493 1577 1534 1603 ὅτι
1561 1578 1616 1604 εἰσὶ
1633 1578 1715 1604 πέντε
1733 1576 1802 1610 πάθη
1822 1574 1847 1600 ἐν

1070 1620 1149 1656 αὐτῇ,
1166 1620 1244 1647 ἆτινα
1257 1621 1359 1655 ψυχικὰ
1374 1621 1446 1657 πάθη
1458 1621 1613 1648 καλοῦνται.
1627 1623 1688 1649 Etet
1709 1622 1736 1648 δὲ
1758 1620 1845 1648 ταῦτα.

1069 1665 1148 1701 ὀργὴ,
1162 1666 1245 1702 λύπη,
1260 1667 1350 1701 φόϐος,
1363 1668 1482 1702 φροντὶς,
1494 1668 1541 1694 καὶ
1555 1667 1662 1702 φθόνος.
1685 1668 1713 1694 '0
1726 1665 1770 1693 οὗν
1786 1665 1846 1702 φρό-

1070 1721 1148 1747 νιμον
1161 1712 1228 1747 ἔχων
1238 1712 1283 1739 τὸν
1295 1712 1420 1747 λογισμὸν
1435 1713 1545 1740 δύναται
1561 1713 1664 1740 τούτων
1680 1714 1796 1748 κρατεῖν.
1820 1710 1845 1737 'H

1069 1757 1143 1792 ψυχὴ
1155 1758 1184 1783 δὲ
1197 1758 1312 1793 ὑπάρχει
1325 1758 1383 1785 καθ’
1399 1759 1497 1793 ἑαυτὴν
1513 1759 1600 1794 Θερμὴ
1611 1780 1618 1790 ,
1630 1760 1668 1791 ὡς
1678 1759 1733 1794 πῦρ
1747 1757 1845 1791 καιόμε-

1070 1811 1125 1829 νον.
1146 1803 1190 1834 Ὠς
1208 1801 1254 1830 οὖν
1272 1804 1303 1830 τὸ
1327 1804 1382 1838 πῦρ
1393 1804 1426 1831 τὰ
1448 1804 1597 1840 βαλλόμενα
1610 1807 1651 1837 εἰς
1673 1805 1771 1839 λέϐητα
1782 1803 1844 1836 ktl/5?.

1070 1849 1141 1875 οὕτω
1152 1849 1199 1875 καὶ
1216 1851 1231 1884 ἡ
1249 1849 1373 1885 πυρώδης
1389 1849 1460 1884 ψυχὴ
1475 1850 1509 1877 τὰ
1529 1851 1767 1886 παραπεμπόμενα
1781 1847 1844 1873 σιτία

1071 1895 1099 1921 ἐν
1112 1896 1144 1929 τῇ
1158 1895 1246 1931 κοιλίᾳ
1261 1895 1386 1922 λεπτύνει
1400 1897 1447 1922 καὶ
1458 1896 1573 1931 δαπανᾷ.
1588 1897 1668 1932 ιιὐχὴ
1684 1897 1737 1931 γὰρ
1746 1915 1753 1927 ,
1767 1895 1793 1920 οὐ
1807 1892 1845 1918 διὰ

1070 1941 1101 1968 τὸ
1115 1941 1217 1977 ψυχρὸν
1229 1942 1276 1978 τὴν
1295 1943 1387 1969 οὐσίαν
1414 1941 1492 1975 εἶναι,
1510 1944 1643 1974 καλεῖται,
1676 1941 1763 1972 καθώς
1781 1946 1844 1967 τινες

1071 1988 1124 2014 τῶν
1136 1988 1327 2024 ἁπλουστέρων
1338 1989 1465 2024 ὲνόμισαν
1480 1997 1486 2004 ·
1500 1989 1567 2015 ἀλλὰ
1583 1989 1627 2016 διὰ
1649 1989 1678 2015 τὸ
1702 1989 1732 2014 ὲκ
1757 1984 1843 2017 πολλῆς

1071 2034 1238 2069 θερμότητος
1255 2035 1446 2069 ἀναξηραίνειν
1459 2034 1542 2069 αὐτὴν
1567 2034 1600 2060 τὰ
1626 2034 1713 2068 ὑγρά·
1741 2031 1774 2062 ὼς
1794 2029 1841 2055 ἔστι

1072 2080 1312 2115 πληροφορηθῆναι
1331 2081 1378 2106 καὶ
1400 2081 1432 2106 ἐκ
1459 2080 1508 2115 τῆς
1529 2081 1669 2114 ἐνεργείας
1694 2077 1739 2104 τοῦ
1765 2074 1840 2110 ἡλίου.

1071 2126 1177 2162 Θερμὺς
1199 2126 1253 2161 γὰρ
1272 2125 1309 2152 ὢν
1327 2127 1373 2152 καὶ
1390 2126 1533 2162 πυρώδης,
1552 2126 1637 2160 πηλὺν
1664 2123 1778 2159 ξηραίνει
1804 2118 1841 2145 καὶ

236 2179 299 2198 cum
315 2173 348 2199 sit
362 2175 389 2198 et
410 2171 521 2205 ignitus,
539 2169 623 2197 siccat
645 2169 732 2196 lutum
753 2174 779 2196 et
799 2177 906 2196 onmem
922 2169 1018 2196 humo-

1073 2174 1125 2200 πᾶν
1139 2173 1220 2208 ὑγρὸν
1231 2173 1360 2207 ἀνιμᾶται
1376 2173 1441 2208 (55).
1465 2172 1562 2199 Ὅτιδὲ
1577 2173 1593 2207 ἡ
1614 2171 1685 2207 ψυχὴ
1699 2168 1780 2220 θερμὴ
1792 2166 1840 2220 ἐῗξ

236 2225 294 2244 rem
313 2223 424 2244 sursum
443 2216 536 2242 trahit.
553 2215 630 2247 Quod
647 2219 736 2242 autem
754 2215 844 2241 anima
859 2214 1022 2241 naturaliter

237 2266 274 2294 sit
287 2265 385 2296 calida,
398 2271 413 2291 a
425 2263 604 2291 morientibus
615 2271 723 2298 quoque
735 2262 938 2297 comprobatur.
952 2261 1020 2289 Cum

236 2311 309 2338 enim
330 2310 447 2345 primum
469 2309 559 2335 anima
586 2309 726 2341 recedens,
749 2316 849 2343 corpus
869 2309 1020 2343 reliquerit,

236 2357 328 2385 omnia
342 2356 435 2385 statim
449 2356 571 2382 membra
582 2359 646 2382 sunt
659 2355 768 2390 frigida,
784 2356 937 2390 irigoreque
949 2355 1021 2382 haud

238 2403 340 2435 minus,
358 2410 438 2437 quam
453 2402 554 2437 glacies
566 2402 690 2429 hiemalis
704 2402 846 2437 congelata
861 2403 1023 2437 relinquun-

238 2453 294 2477 tur.
309 2448 433 2481 Quandiu
449 2448 521 2475 enim
537 2448 685 2474 abundanti
706 2448 768 2475 cibo
783 2449 873 2475 anima
889 2448 1020 2481 reﬁcitur,

239 2495 310 2530 viget
326 2502 436 2529 corpus,
456 2493 487 2528 let
503 2493 575 2520 valet
592 2494 718 2520 viribus:
738 2493 847 2526 quando
868 2501 932 2521 vero
953 2494 1022 2521 cibis

237 2541 408 2572 destituitur,
436 2541 555 2568 absumit
574 2546 601 2567 et
623 2540 776 2574 corrumpit
798 2540 887 2575 ipsum
910 2547 1019 2574 corpus.

237 2589 297 2616 Non
315 2589 386 2616 enim
402 2593 491 2623 potest
504 2595 605 2623 corpus
616 2588 718 2622 absque
731 2587 793 2614 cibo
810 2587 909 2614 anima;
923 2587 1022 2614 calidi-

239 2636 288 2663 tati
308 2634 698 2670 resistere:quemadmodum
720 2642 770 2661 nec
791 2641 896 2661 aeneum
915 2641 964 2662 vas
989 2633 1023 2660 ad

239 2682 378 2710 fornacem
392 2683 521 2718 positum,
536 2681 607 2716 ignis
623 2681 820 2708 vehementiam
836 2681 939 2716 absque
953 2687 1023 2715 aqua

240 2729 311 2756 terre
329 2728 534 2765 potestznimio
553 2728 625 2756 enim
648 2727 744 2755 ardore
770 2727 900 2759 siccatur,
921 2730 949 2754 et
963 2731 1024 2755 tan-

277 2806 333 2840 (35)
350 2805 420 2834 Edit.
437 2813 548 2838 conum,
563 2804 704 2841 ἁνηλᾶται.

1070 2219 1141 2246 κατά
1158 2220 1246 2253 φύσιν,
1261 2219 1384 2255 παράθου
1398 2219 1442 2245 καὶ
1453 2220 1484 2245 ὲκ
1499 2219 1553 2245 τῶν
1570 2216 1795 2252 ἀποθνησκόντων.
1809 2209 1840 2244 ᾜ

1071 2265 1124 2300 γὰρ
1145 2265 1232 2300 ὥρᾳὴ
1252 2264 1324 2300 ψυχὴ
1341 2265 1460 2300 χωρισθῇ
1476 2266 1508 2291 ὲκ
1534 2264 1581 2291 τοῦ
1609 2263 1747 2298 σώματος,
1764 2256 1839 2284 πάντα

1070 2311 1105 2338 τὰ
1120 2311 1186 2347 μέλη
1203 2311 1293 2346 ψυχρὰ
1309 2312 1356 2337 καὶ
1371 2310 1562 2347 κρυσταλλώδη
1578 2311 1755 2346 εὑρίσκονται,
1774 2300 1839 2347 οὐδὲν

1070 2344 1150 2392 ἦττον
1162 2344 1436 2392 πάχουηχειμερινοῦ.
1454 2357 1525 2387 Ἕως
1548 2344 1670 2391 Ϋάρὲχει
1687 2354 1700 2387 ἡ
1718 2348 1784 2385 ψυχὴ
1797 2344 1838 2378 τὴν

1071 2403 1174 2438 τροφὴν
1185 2404 1225 2434 είς
1242 2403 1381 2436 ἀφθονίαν,
1393 2402 1483 2429 eme;
1498 2402 1528 2428 τὸ
1543 2401 1622 2436 σῶμα
1639 2400 1685 2427 καὶ
1701 2395 1837 2431 ἁϐρύνεται-

1079 2449 1210 2483 Ὀπηνίκα
1225 2449 1253 2475 δὲ
1278 2449 1410 2484 ἀπορήσει
1426 2448 1529 2478 σιτίων,
1547 2448 1612 2474 αὐτὸ
1635 2447 1664 2472 τὸ
1683 2443 1756 2477 σῶμα
1780 2443 1837 2464 κατ’

1073 2495 1156 2521 εσθίει
1167 2495 1213 2521 καὶ
1234 2495 1348 2530 φθείρει.
1366 2495 1402 2521 Οὐ
1433 2495 1488 2530 γὰρ
1506 2495 1615 2521 δύναται
1638 2492 1667 2518 τὸ
1692 2489 1765 2533 σῶμα
1783 2484 1837 2533 ἆξευ

1072 2541 1173 2576 τροφῆς
1189 2541 1310 2575 ἀντέχειν
1337 2541 1405 2576 πρὸς
1434 2541 1484 2576 τὴν
1510 2541 1662 2576 θερμότητα
1690 2536 1735 2570 τῆς
1751 2532 1836 2576 ιίῖῆλῆθ

1073 2585 1167 2621 ὥσπερ
1180 2585 1241 2612 οὔτε
1258 2586 1365 2619 ἀγγεῖον
1376 2585 1502 2620 χαλκοῦν,
1529 2585 1613 2616 ἑστὼς
1640 2581 1685 2609 ἐπὶ
1715 2574 1836 2606 κλιὸἀνον,

1073 2631 1181 2658 δύναται
1194 2631 1285 2668 φέρειν
1302 2632 1364 2659 ἄνευ
1379 2632 1473 2663 ὕδατος
1487 2631 1536 2666 τὴν
1554 2630 1716 2666 σφοδρότητα
1727 2622 1770 2649 τοῦ
1779 2624 1836 2668 Am-

1074 2679 1137 2715 ρόςο
1156 2679 1322 2715 ἐκφρύγεται
1336 2680 1390 2715 γὰρ
1408 2680 1455 2706 καὶ
1483 2679 1618 2706 διαλύεται
1633 2676 1728 2703 τέλεον.
1756 2666 1836 2715 Οὖξωῖ

1073 2709 1119 2753 οὖν
1137 2726 1184 2753 καὶ
1233 2709 1313 2762 λέϐης
1325 2709 1380 2752 -τόῦί
1392 2725 1532 2762 σώματος,
1550 2725 1586 2761 μὴ
1598 2724 1663 2760 ἔχων
1675 2719 1720 2754 ﬁt“
1736 2709 1835 2751 τροφὴν¹
