1924 3059
88 163 147 192 εδδ

603 163 777 191 DOCTRINA
797 163 842 190 AD
867 162 1068 191 ANTIOCHUM
1087 163 1212 191 DUCEM.

1650 168 1702 195 55h

85 219 168 255 παρὰ
187 219 236 254 τῆς
255 218 393 254 πυρώδους
406 218 492 254 ψυχῆς
507 219 708 254 ἑκπυρούμενος
719 239 726 250 ,
756 219 868 245 ἀπόλλυ-

925 218 986 245 dem
1000 218 1167 245 dissolvitur.
1181 218 1222 246 Ad
1237 219 1361 246 eumdem
1380 220 1488 248 modum
1505 221 1557 248 olla
1577 225 1702 258 corporis

85 273 136 293 ται
150 265 332 292 παντάπασιν.

125 350 161 378 Εἴ
169 358 233 377 ποτε
244 350 273 376 δέ
286 358 326 376 σοι
346 351 410 386 περὶ
431 351 480 386 τῆς
499 350 588 385 ψυχῆς
616 359 659 381 τις
676 350 872 385 ὰμφισὸητοίη,

87 395 228 430 ἐρώτησον
243 396 323 422 αὐτόν
333 403 339 410 ·
353 393 419 421 Εἷπέ
436 404 491 430 μοι,
505 397 532 421 ὲν
548 395 600 430 ὅλῳ
613 395 652 430 τῷ
665 395 769 429 σώματι
787 397 873 422 κεῖται

85 441 102 475 ἡ
121 440 194 475 ψυχὴ
208 440 254 466 τοῦ
268 439 421 475 ἀνθρώπου,
438 440 454 475 ἦ
470 440 498 466 ἐν
519 441 559 466 ἐνὶ
572 441 663 475 τόπῳς
685 440 740 466 Καὶ
769 441 793 466 εἰ
824 441 873 475 μὲν

85 484 153 520 εῐπῃ
169 491 221 515 σοι,
245 484 285 509 ὁτι
303 484 332 509 ὲν
359 483 412 519 ὅλῳ
434 483 473 518 τῷ
487 483 604 519 σώματι,
622 483 681 510 εἰπὲ
698 483 785 518 αὐτῷ·
818 483 873 510 Καὶ

84 530 149 562 πῶς
165 531 292 566 τέμνουσι
306 531 355 566 τὴν
366 533 443 566 χεῖρα
460 530 506 556 τοῦ
519 530 672 565 ἀνθρώπου,
685 530 701 565 ἢ
717 530 763 556 τὸν
792 530 870 562 πόδα,

83 579 134 606 καὶ
148 578 178 604 οὐ
193 577 321 604 κόπτεται
333 577 378 604 καὶ
397 578 412 612 ἡ
430 577 517 612 ψυχὴ,
543 576 610 603 ἀλλὰ
628 576 707 603 πάλιν
728 575 760 612 ζῇ
785 578 799 603 ὁ
825 576 873 603 ἄν-

83 624 206 661 θρωπος,
224 625 270 651 καὶ
285 625 335 651 οὐκ
350 623 532 659 ἀποθνήσκεις
550 624 582 649 Et
606 623 634 650 δὲ
664 623 728 658 εἴπῃ
755 631 805 655 σοι,
828 623 871 649 Ἐν

83 671 125 696 ἐνὶ
144 670 221 705 μέρει
233 671 330 701 κεῖται,
343 669 423 696 πάλιν
441 669 501 696 εἰπέ
514 678 520 684 ·
536 669 590 695 Καὶ
603 668 661 700 πῶς
677 670 729 695 εισι
753 669 789 695 τὰ
804 669 871 696 ἄλλα

85 715 158 751 μέρη
167 715 217 743 τοῦ
232 715 373 751 ἀνθρώπου
387 715 470 750 χωρὶς
487 715 587 751 ψυχῆς,
602 716 649 742 καὶ
675 715 733 747 πῶς
757 715 870 743 δύναται

83 761 187 796 ἄψυχον
203 761 281 795 μέλος
297 761 367 796 ἔχειν
377 762 390 787 ὁ
405 761 561 797 ἄνθρωπος;
578 762 633 788 Καὶ
647 761 706 792 πῶς
722 762 780 789 ἐστι
792 762 870 788 δυνα-

81 806 129 832 τὸν
144 798 194 841 ζῇν
206 798 289 841 χώρὶς
301 805 404 841 ψυχῆςς
427 807 483 832 Πᾶν
499 807 553 841 γὰρ
568 806 598 832 τὸ
629 805 667 842 μὴ
698 806 758 841 ἕχον
782 806 870 841 ψυχὴν

82 853 180 887 νεκρόν
193 853 267 878 ἔστι·
282 852 328 878 καὶ
341 852 390 879 οὐκ
411 850 484 883 οἶδας
498 853 524 878 τί
539 852 637 886 λέγεις.
655 852 725 887 Ἐγὼ
749 853 777 879 δὲ
799 854 868 879 εἴπω

924 263 946 290 si
962 270 1015 290 non
1031 264 1128 291 habeat
1140 264 1242 296 cibum,
1259 265 1293 292 ab
1308 265 1388 300 ignita
1404 267 1494 294 anima
1510 275 1635 302 accensa,
1657 278 1702 305 pe-

923 309 997 336 nitus
1010 309 1112 336 interit.

958 353 1036 386 Quod
1054 355 1077 382 si
1094 355 1240 390 aliquando
1261 356 1294 384 de
1310 357 1398 384 anima
1414 359 1519 388 dubitet
1536 362 1645 397 aliquis,
1668 364 1702 391 ab

923 399 983 434 ipso
999 407 1089 434 quaere
1103 410 1109 427 :
1123 400 1192 427 Num
1217 402 1307 429 anima
1325 403 1443 432 hominis
1465 405 1493 432 in
1513 411 1568 433 toto
1588 415 1702 443 corpore

922 449 974 475 est,
988 445 1031 472 vel
1046 445 1074 471 in
1092 453 1146 472 uno
1164 446 1257 481 aliquo
1272 447 1351 475 loco?
1372 448 1405 476 Et
1421 450 1443 478 si
1469 451 1496 478 in
1513 455 1571 479 toto
1587 461 1701 489 corpore

923 490 1084 524 respondeat
1101 491 1218 518 animam
1234 500 1304 525 esse,
1327 494 1461 531 interroga
1477 506 1482 523 :
1496 497 1637 530 Quomodo
1653 501 1702 528 ab-

926 536 1014 562 scissa
1028 543 1121 568 manu,
1138 537 1181 564 vel
1195 538 1270 572 pede,
1293 547 1346 566 non
1372 541 1542 570 abscinditur
1557 546 1656 579 anima,
1673 550 1701 574 et

922 581 1009 608 adhuc
1024 581 1089 608 vivit
1111 582 1202 616 homo,
1227 591 1259 611 ac
1281 586 1400 612 nondum
1424 588 1556 616 moritur?
1573 591 1649 624 Quod
1678 593 1700 620 si

921 626 1002 659 dicat,
1020 627 1048 653 in
1063 631 1140 661 parte
1154 629 1243 663 aliqua
1257 631 1373 658 animam
1384 639 1456 667 esse,
1476 642 1573 663 rursus
1588 645 1678 671 quare
1692 648 1699 666 :

921 671 1044 705 Quonam
1057 677 1138 708 pacto
1149 674 1268 702 hominis
1282 676 1341 703 alite
1351 682 1441 711 partes
1454 686 1514 707 esse
1524 687 1627 715 queunt
1638 685 1702 712 ahs-

921 726 974 753 que
986 719 1086 752 anima,
1103 723 1130 747 et
1144 721 1280 755 quomodo
1297 723 1446 751 membrum
1463 725 1638 755 inanimatum
1653 730 1700 757 ha-

920 764 984 791 bere
1000 766 1087 799 possit
1101 765 1204 793 homo?
1220 767 1284 794 Item
1309 770 1444 803 quomodo
1459 773 1587 806 possibile
1606 775 1641 802 sit
1660 777 1701 802 vi—

919 816 983 836 vere
1003 809 1064 836 sine
1081 810 1190 836 anima?
1207 810 1273 838 Nam
1293 813 1425 847 quidquid
1446 816 1563 842 animum
1584 825 1638 845 non
1653 818 1700 845 ha-

920 854 975 885 bet,
989 860 1125 881 mortuum
1139 860 1191 883 est.
1205 855 1277 883 Sane
1292 858 1381 885 nescis
1396 859 1461 893 quid
1472 861 1557 888 dicas.
1570 861 1625 897 Ego
1635 871 1701 891 vero

81 907 136 930 σοι,
148 900 177 926 ἐν
191 899 260 934 ποίῳ
270 898 354 934 τόπῳ,
368 899 413 925 καὶ
428 899 496 934 ποίῳ
505 900 609 934 τρόπῳ,
623 900 669 925 καὶ
685 900 736 926 ποῦ
749 899 868 926 ἀναπαύ-

922 899 968 926 tibi
979 899 1078 934 dicam,
1091 907 1144 935 qua
1159 901 1185 927 in
1199 906 1285 936 parte,
1298 904 1434 937 quomodo
1447 908 1474 932 et
1485 905 1530 933 ubi
1547 907 1701 941 requiescat

81 945 172 980 εταιὴ
190 944 273 980 ψυχή.
297 945 341 971 Ἐν
354 946 426 980 τρισὶ
449 945 541 976 τόποις
566 945 613 971 τοῦ
643 945 766 981 σώματος
794 946 868 971 ἔστιν

81 991 254 1026 ὲνιδρυμένη,
274 991 321 1017 καὶ
333 991 426 1027 ὥσπερ
443 992 459 1026 ἡ
486 992 564 1023 ἀκτὶς
586 991 632 1018 τοῦ
659 991 736 1027 ἡλίου
762 993 801 1023 εἰς
820 992 867 1018 ἕνα

80 1038 163 1064 τόπον
182 1038 274 1073 χωρεῖ,
290 1037 338 1064 καὶ
363 1038 514 1073 εἰσέρχεται
533 1037 579 1064 τοῦ
606 1037 692 1068 οἴκου,
711 1037 822 1072 φωτίζει
839 1038 867 1064 δὲ

81 1083 171 1110 πάντα
187 1083 231 1109 τὸν
243 1080 331 1109 οἷκονο
351 1083 397 1109 καὶ
416 1084 432 1118 ἡ
447 1083 536 1118 ψυχὴ,
553 1084 581 1109 ἐν
600 1085 656 1115 τοῖς
671 1083 744 1118 τρισὶ
773 1083 866 1119 μέρεσι

79 1127 128 1154 τοῦ
145 1128 269 1162 σώματος
280 1127 449 1163 ὲνιδρυμένη,
467 1128 512 1154 τὸν
521 1126 595 1154 οἷκον
606 1128 665 1155 ὅλον
678 1127 805 1163 ζωογονεῖ
819 1128 866 1155 τοῦ

82 1173 219 1208 σώματος.
241 1175 370 1200 Κατοικεῖ
385 1174 412 1200 δὲ
431 1175 447 1210 ἡ
462 1173 534 1209 ψυχὴ
549 1175 576 1200 ἐν
587 1175 620 1209 τῇ
636 1174 742 1210 καρδίᾳ,
768 1175 814 1201 καὶ
837 1175 866 1200 ἐν

79 1218 120 1253 τῷ
134 1218 244 1245 ὄπισθεν
257 1219 333 1254 μέρει
348 1219 398 1253 τῆς
414 1219 548 1253 κεφαλῆς,
563 1219 630 1254 ὅπερ
645 1219 754 1245 κότυλον
768 1219 866 1255 ὀνομά-

81 1264 169 1296 ζεται,
183 1265 229 1290 καὶ
243 1265 272 1291 ἐν
285 1266 342 1296 ταῖς
353 1264 504 1300 βασιλικαῖς
518 1264 622 1299 φλεψίν.
650 1265 693 1291 Ἐν
704 1265 807 1297 τούτοις
819 1263 865 1292 οὖν

79 1310 138 1341 τοῖς
146 1311 219 1345 τρισὶ
236 1310 331 1346 μέρεσι
344 1312 466 1337 κατοικεῖ
479 1311 495 1346 ἡ
510 1310 593 1346 ψυχή.
608 1309 657 1336 Διὰ
676 1309 754 1336 τοῦτο
773 1310 807 1345 ἣν
833 1311 865 1337 ἂν

79 1354 157 1392 ὥραν
174 1356 265 1392 τρωοῇ
281 1357 298 1391 ἡ
316 1356 454 1392 καρδία,ἢ
477 1357 508 1383 ὲκ
530 1356 579 1391 τῆς
603 1356 744 1391 βασιλικῆς
769 1355 865 1390 φλεϐὸς

79 1400 151 1437 αἷμα
169 1403 252 1438 ῥεύσῃ
268 1403 352 1436 πολὺ,
371 1403 387 1439 ἦ
408 1404 424 1439 ἡ
445 1402 550 1438 κεφαλὴ
568 1402 685 1438 κρουσθῇ
708 1402 755 1429 καὶ
773 1401 864 1438 τμηθῇ

80 1446 134 1472 ὑπὸ
159 1445 262 1481 ξίφους,
292 1447 429 1482 παρευθὺς
453 1447 599 1483 χωρίζεται
633 1446 680 1473 τοῦ
703 1446 826 1481 σώματος
845 1447 863 1481 ἡ

78 1490 164 1527 ψυχὴ,
181 1491 227 1518 καὶ
240 1492 336 1528 νεκρὸν
346 1492 377 1519 τὸ
400 1492 479 1528 σῶμα
504 1492 671 1528 εὑρίσκεται.
694 1491 865 1518 Κατοικοῦσα

78 1537 108 1564 δὲ
122 1539 139 1574 ἡ
155 1538 227 1575 ψυχὴ
239 1541 268 1566 ὲν
281 1541 336 1571 τοῖς
347 1539 420 1575 τρισὶ
434 1539 538 1571 τούτοις
551 1539 671 1574 μέρεσιν,
687 1538 739 1573 ὅλῳ
755 1538 794 1573 τῷ
812 1537 864 1564 σώ-

80 1591 146 1618 ματι
162 1585 322 1619 μεταδίδωσι
337 1585 386 1620 τῆς
401 1584 502 1616 οἰκείας
516 1584 633 1619 ζωτικῆς
647 1583 795 1618 δυνάμεως.

919 945 997 980 201
1016 947 1116 974 anima.
1138 946 1168 974 In
1190 948 1277 975 tribus
1297 949 1364 976 locis
1383 952 1506 985 corporis
1523 960 1599 980 suam
1620 954 1700 982 habet

920 990 1022 1017 sedem.
1040 990 1074 1018 Et
1088 991 1169 1018 sicuti
1185 993 1251 1020 solis
1266 993 1359 1021 radius
1373 1003 1457 1022 unum
1477 996 1593 1031 aliquem
1610 998 1699 1026 locum

920 1040 1047 1071 occupat,
1069 1042 1096 1064 et
1111 1038 1139 1064 in
1153 1038 1263 1065 domum
1279 1043 1412 1074 penetrat,
1429 1041 1564 1070 illuminat
1579 1052 1643 1072 vero
1658 1046 1704 1073 to-‘

918 1084 974 1108 tam
986 1083 1095 1110 domum
1109 1092 1117 1110 :
1136 1084 1176 1111 sic
1189 1084 1279 1111 anima
1293 1093 1401 1121 quoque
1418 1087 1445 1114 in
1460 1088 1546 1116 tribus
1563 1090 1624 1117 istis
1638 1098 1700 1126 par—

919 1127 991 1155 tibus
1002 1129 1125 1163 corporis
1140 1130 1272 1162 residens,
1289 1136 1372 1159 totam
1390 1132 1500 1161 domum
1510 1156 1518 1167 ,
1534 1143 1644 1171 corpus,
1658 1138 1700 1164 vi-

919 1174 1018 1202 viﬁcat.
1040 1174 1127 1203 Habet
1142 1181 1230 1204 autem
1250 1178 1338 1205 anima
1354 1179 1444 1206 sedem
1460 1187 1537 1207 suam
1558 1182 1585 1208 in
1605 1183 1696 1215 corde,

918 1219 946 1246 in
962 1221 1108 1255 posteriori
1123 1227 1200 1257 parte
1216 1224 1322 1258 capitis,
1337 1233 1397 1260 quae
1409 1233 1475 1253 cava
1492 1232 1613 1261 vocatur,
1631 1234 1658 1256 et
1671 1230 1697 1257 in

917 1265 1039 1294 basilicis
1057 1268 1142 1296 venis.
1159 1268 1187 1295 In
1203 1269 1264 1297 istis
1279 1270 1361 1305 igitur
1377 1271 1465 1299 tribus
1479 1273 1602 1307 partibus
1622 1275 1699 1302 habi-

918 1315 958 1338 tat
969 1313 1070 1340 anima.
1086 1314 1185 1347 Quare,
1202 1315 1225 1342 si
1239 1323 1287 1342 cor
1298 1317 1463 1350 vulneretur,
1479 1322 1525 1346 aut
1539 1327 1571 1346 ex
1586 1320 1697 1348 basilica

920 1364 989 1384 vena
1006 1359 1119 1386 multum
1137 1360 1279 1395 sanguinis
1293 1361 1393 1394 eiﬂuat,
1408 1366 1455 1390 aut
1475 1363 1497 1391 si
1515 1368 1596 1399 caput
1613 1366 1699 1393 caeda-

919 1406 972 1435 tur,
997 1404 1038 1432 vel
1061 1404 1151 1440 gladio
1168 1410 1287 1439 secetur,
1308 1408 1400 1436 statim
1422 1416 1437 1435 a
1461 1416 1576 1444 corpore
1596 1412 1698 1438 recedit

920 1449 1022 1483 anima,
1047 1455 1074 1478 et
1100 1455 1237 1479 mortuum
1261 1460 1362 1488 corpus
1386 1455 1558 1490 relinquitur.
1584 1456 1612 1483 In
1638 1456 1697 1484 istis

917 1502 999 1530 porro
1015 1495 1103 1523 tribus
1123 1497 1247 1531 partibus
1264 1497 1354 1524 anima
1370 1498 1461 1526 sedem
1481 1499 1595 1531 habens,
1614 1500 1641 1526 in
1655 1504 1697 1527 to-

916 1544 974 1568 tum
989 1548 1089 1576 corpus
1103 1542 1213 1569 vitalem
1238 1550 1315 1570 suam
1333 1543 1479 1578 potentiam
1494 1543 1643 1571 distribuit.

756 1738 1044 1785 MONITUM

476 1839 509 1867 EN
529 1838 723 1872 SEQUENTIA
742 1838 789 1865 AD
808 1837 1012 1866 ANTIOCHUM
1032 1838 1149 1866 DUCEM
1170 1838 1294 1867 OPERA.

878 1907 914 1914 .—

113 1953 134 1981 Ῑ.
156 1953 313 1980 Antiochum
328 1951 466 1987 quemdam
491 1952 632 1979 Athanasii
647 1959 710 1983 levo,
725 1952 824 1986 ipsique
842 1951 989 1978 Athanasio
1013 1949 1180 1984 familiarem.
1196 1949 1327 1976 exstitisse
1336 1951 1426 1984 palam
1441 1957 1479 1979 est
1492 1961 1524 1979 ex
1538 1955 1648 1989 epistola
1661 1957 1696 1983 ad

77 2000 209 2028 Joannem
229 2004 253 2027 et
267 1999 422 2026 Antiochum
440 2005 503 2024 cusa
521 2001 584 2024 tom.
598 1996 612 2023 1
627 1996 711 2032 [nunc
734 2000 756 2024 t.
774 1995 818 2031 ll],
835 2004 860 2030 p.
876 1996 937 2023 765.
952 1995 1004 2028 Qui
1017 1994 1150 2028 presbyter
1163 1994 1224 2021 item
1240 1993 1299 2027 fuit,
1315 1999 1344 2021 ut
1358 1997 1501 2024 Antiochus
1513 1999 1555 2025 hic
1564 2000 1697 2036 presbyter

77 2049 216 2076 ordinatus
227 2048 308 2082 fuisse
325 2050 483 2073 memoratur
495 2045 617 2079 inferius.
632 2043 721 2076 Quare
733 2044 778 2070 ille
794 2043 916 2078 fortassis
931 2043 1075 2069 Antiochus
1087 2040 1230 2075 presbyter,
1247 2041 1349 2068 occasio
1363 2041 1413 2076 fuit
1435 2048 1463 2069 ut
1487 2046 1589 2072 nomine
1613 2046 1698 2073 Atha-

77 2097 148 2125 nasii
163 2095 238 2122 varia
252 2093 388 2121 ederentur
410 2100 498 2127 opera,
522 2091 555 2117 ad
579 2089 743 2117 Antiochum
768 2094 928 2124 nuncupata.
950 2088 1002 2115 Sed
1016 2089 1068 2114 sive
1081 2088 1134 2114 ista
1147 2087 1199 2113 sive
1214 2087 1270 2113 alia
1283 2089 1418 2114 occasione
1433 2090 1580 2124 conscripta
1599 2091 1697 2125 fuerint

76 2142 206 2178 ejusmodi
219 2150 307 2174 opera,
322 2141 412 2174 palam
425 2143 464 2165 est
478 2144 641 2172 nequaquam
657 2135 796 2162 Athanasii
812 2135 862 2162 illa
877 2142 950 2165 esse;
965 2134 1009 2161 sed
1027 2134 1136 2160 alterius
1153 2133 1287 2166 scriptoris
1302 2133 1447 2161 Athanasio
1466 2140 1543 2162 relate
1563 2136 1697 2170 inferioris

76 2191 181 2225 ingenio
196 2188 270 2223 longe
283 2187 401 2221 imparis.

111 2236 145 2264 ll.
165 2236 207 2263 Ea:
221 2235 304 2262 tribus
321 2234 390 2261 hisce
406 2232 573 2263 tractatibus,
591 2230 624 2258 ad
641 2230 805 2257 Antiochum
820 2229 963 2263 inscriptis,
980 2229 1031 2254 duo
1047 2228 1158 2262 priores,
1174 2227 1272 2253 scilicet
1287 2225 1414 2253 Doctrina
1431 2227 1464 2254 ad
1482 2227 1655 2261 Antiochum.
1672 2235 1698 2257 et

75 2285 143 2313 illud
156 2285 190 2312 ad
204 2282 362 2311 Antiochum
373 2280 538 2315 opusculum,
554 2277 670 2305 nondum
688 2277 753 2304 editi
767 2277 882 2311 fuerant.
894 2276 935 2302 An
945 2283 1003 2302 vero
1024 2275 1076 2301 tria
1089 2274 1139 2301 illa
1153 2274 1278 2308 opuscula
1293 2273 1407 2307 ejusdem
1422 2275 1557 2308 scriptoris
1569 2276 1632 2308 sint,
1649 2279 1700 2304 mi-

77 2335 146 2361 nime
171 2336 290 2363 constat;
308 2338 361 2357 non
384 2329 494 2355 multum
520 2331 606 2352 tamen
620 2324 739 2352 absimile
752 2328 791 2351 est
802 2323 930 2350 orationis
953 2330 1043 2356 genus.
1061 2321 1190 2348 Cteterum
1211 2321 1319 2355 antiqua
1334 2325 1395 2348 sunt
1407 2330 1438 2349 ea
1454 2323 1554 2356 omnia,
1573 2333 1632 2363 nam
1647 2325 1700 2352 duo

75 2380 180 2414 quidem
189 2379 328 2413 priora,“
344 2376 459 2410 antiquis
471 2373 657 2407 manuscriptis
673 2371 789 2398 mutuati
804 2378 913 2401 sumus;
929 2370 1085 2404 quwstiones
1095 2376 1154 2395 vero
1172 2367 1205 2394 ad
1223 2367 1391 2400 Antiochum,
1410 2369 1443 2396 ab
1456 2369 1590 2404 Anonymo
1603 2370 1701 2399 Racen-

76 2431 138 2454 nate
152 2425 265 2460 septimi,
290 2424 329 2451 vel
351 2428 381 2450 ut
404 2422 450 2450 alii
470 2425 574 2456 putant,
593 2419 720 2454 sequioris
745 2417 924 2449 sceculi,edito
947 2424 991 2450 per
1009 2416 1041 2443 ι).
1064 2415 1203 2442 Placidum
1218 2414 1369 2460 Porcheron
1388 2415 1541 2447 laudantur,
1561 2417 1617 2444 loco
1627 2418 1700 2452 infra

76 2459 204 2499 natando.
229 2469 390 2502 Question“
416 2475 494 2502 porro
515 2465 576 2491 illas
604 2464 638 2490 ad
662 2462 818 2490 Antiochum
832 2466 962 2495 postremo
980 2461 1036 2487 loco
1055 2460 1185 2494 ponimus,
1201 2467 1232 2485 ne
1246 2459 1412 2494 sejungamur
1428 2468 1445 2486 a
1461 2461 1561 2487 caneris
1576 2462 1699 2496 quwstio-

77 2519 154 2546 nibus
169 2525 227 2553 qua:
244 2516 277 2544 ad
290 2515 447 2543 Antiochum
463 2513 566 2539 minime
579 2511 768 2537 inscribuntur.
788 2509 826 2535 De
848 2508 958 2544 singulis
973 2507 1093 2543 quaedam
1108 2507 1295 2542 pertractanda
1312 2506 1385 2533 nobis
1402 2512 1473 2534 sunt.

111 2565 156 2593 111.
179 2564 318 2592 Docnuus
339 2571 374 2590 sn
399 2561 558 2589 ANTIOCHUI
584 2566 688 2588 DUCEI.
714 2557 792 2584 otiosi
813 2555 925 2582 hominis
948 2559 1132 2587 commentum,
1148 2558 1177 2580 ut
1202 2562 1276 2581 nemo
1293 2561 1344 2580 non
1361 2553 1438 2584 videt,
1451 2561 1479 2580 eo
1497 2557 1583 2580 tamen
1597 2553 1701 2580 nomine

75 2613 192 2648 pretiosa
206 2616 231 2639 et
245 2609 452 2638 commendanda
477 2613 526 2642 est,
550 2607 618 2643 quod
643 2613 766 2640 magnam
794 2603 855 2630 libri
877 2602 1000 2630 Pastoris
1018 2607 1130 2636 partem.
1148 2601 1224 2633 cuius
1241 2600 1341 2648 (ἓν-(ιταΔ
1346 2599 1451 2648 jamdiu
1466 2599 1595 2630 interiere.
1610 2598 1701 2648 Gra’re

76 2645 152 2690 nobis
171 2657 288 2685 “hibeat
302 2666 311 2684 .-
322 2660 347 2684 et
359 2655 462 2692 quidem
485 2656 523 2682 ita
547 2661 653 2689 puram,
667 2653 705 2679 ita
719 2651 821 2678 Latinis
838 2649 942 2677 Ilermte
957 2648 1077 2676 Pastoris
1091 2655 1243 2678 consonam,
1264 2651 1293 2673 ut
1307 2646 1341 2672 ad
1357 2646 1461 2673 verbum
1475 2653 1507 2672 ea:
1528 2654 1558 2672 eo
1572 2649 1600 2692 ut
1617 2645 1687 2679 pluri
1698 2662 1702 2666 -

73 2714 148 2735 mum
162 2705 320 2739 descriptam
335 2691 401 2734 esse.
422 2703 591 2738 conspicuum
610 2701 654 2727 sit.
678 2699 771 2726 Primo
796 2705 908 2732 namque
923 2697 1035 2730 scriptor
1055 2697 1105 2723 iste
1120 2694 1369 2742 Antiochum-nobis
1380 2696 1549 2742 repraesentat
1563 2691 1701 2741 adeuntem

77 2751 108 2779 S.
120 2751 296 2777 Athanasium
325 2749 489 2783 inﬁrmitatis
510 2755 642 2782 corporea:
665 2752 765 2773 causa:
780 2749 809 2771 ut
822 2752 874 2771 una
888 2743 1006 2778 precibus
1021 2743 1076 2770 suis
1097 2742 1159 2768 levet
1173 2740 1366 2788 wgritudinem,
1381 2740 1527 2788 .monitis
1545 2740 1613 2788 piam
1627 2742 1702 2770 paret

77 2797 113 2824 ad
126 2795 314 2829 penitentiam.
335 2794 403 2820 Huic
423 2794 585 2820 Athanasius
599 2792 713 2820 sanitate
722 2791 854 2821 restituto,
867 2788 1005 2816 duodecim
1026 2788 1153 2814 mandata
1170 2785 1272 2812 tradit:
1286 2792 1344 2820 quae
1365 2784 1430 2810 nihil
1442 2787 1504 2810 sunt
1524 2782 1609 2815 aliud,
1622 2790 1702 2817 quam

78 2843 216 2871 duodecim
232 2842 282 2868 illa
305 2841 412 2868 Hermas
434 2840 556 2868 Pastoris
578 2838 717 2869 mandata,
729 2835 823 2872 quibus
839 2839 944 2862 constat
958 2834 1025 2861 liber
1039 2832 1181 2860 secundus.
1201 2831 1246 2858 Ita
1262 2835 1349 2858 tamen
1372 2835 1401 2856 ut
1415 2838 1467 2856 non
1482 2829 1585 2863 integra
1602 2835 1703 2863 semper

79 2891 123 2919 scd
136 2889 293 2926 quibusdam
307 2888 432 2922 ademptis
448 2888 553 2923 a/ferat.
578 2886 676 2913 Deinde
691 2884 775 2913 multa
790 2884 845 2911 alia
862 2890 894 2910 ea:
910 2881 998 2910 eodem
1019 2882 1086 2910 libro
1102 2880 1162 2908 hinc
1179 2878 1238 2907 inde
1255 2882 1418 2906 consumitur
1433 2884 1442 2903 :
1456 2884 1487 2903 ac
1501 2880 1629 2926 postremo
1645 2883 1703 2901 mo-

239 2938 370 2967 ΡΑτιιοι..
395 2937 453 2966 Gn.
471 2935 619 2966 XXVIII.

1499 2923 1536 2953 18
