1924 3059
246 148 299 176 555
796 148 824 176 S.
845 148 1075 178 ATHANASIUS.
1096 164 1132 169 —
1153 149 1289 177 SPURIA.
1807 150 1850 179 536

244 213 323 241 gnam
338 212 362 233 et
377 207 507 241 prolixam
519 205 756 234 enarratAntioc/ti
770 206 904 237 uisionem,
917 214 996 240 quam
1011 206 1072 232 item
1088 213 1121 232 ea:
1135 208 1212 233 tertio
1223 206 1342 233 Pastoris
1359 206 1425 233 libro
1441 204 1474 232 ad
1489 205 1591 232 verbum
1604 211 1734 234 mutuatus
1747 212 1791 235 est.
1804 207 1853 236 Hoc

245 259 332 290 Itaque
344 255 508 289 opusculum,
521 254 579 281 licet
590 255 676 288 prima
690 254 777 289 fronte
791 262 822 282 ne
835 254 911 289 flocci
924 254 1029 290 quidem
1042 254 1193 288 faciendum
1205 255 1336 288 videatur,
1352 254 1463 281 maximi
1479 257 1567 280 tamen
1580 256 1617 279 est
1634 254 1762 284 momenti,
1773 256 1854 289 quippe

244 309 303 328 cum
325 301 386 327 libri
407 301 480 327 illius
506 300 684 335 apostolorum
709 308 763 327 a'vo
788 299 863 331 editi,
877 305 903 327 et
919 309 936 327 a
951 305 988 326 tot
1004 300 1130 327 Patribus
1149 308 1195 327 nec
1213 301 1268 327 sine
1284 300 1363 327 laude
1376 299 1524 329 memorati,
1541 298 1623 325 multa
1636 303 1660 324 et
1672 298 1772 332 prolixa
1788 300 1852 327 nobis

244 348 392 381 fragmenta
406 346 561 381 suppeditet.
577 345 665 372 Probo
681 346 762 380 igitur
773 345 885 372 consilio
900 352 1060 380 quaecunque
1072 344 1213 371 Athanasii
1232 344 1335 371 nomine
1348 344 1375 370 in
1390 345 1575 378 manuscriptis
1591 344 1803 379 circumferuntur
1817 346 1852 373 edi

241 392 411 423 curavimus;
428 401 490 419 nam
505 392 538 424 si,
554 392 593 419 uti
608 390 754 418 suadebant
772 391 903 424 nonnulli,
919 399 951 418 ea
962 390 1051 418 omnia
1065 390 1262 424 abjecissemus,
1279 398 1338 425 qute
1353 389 1385 416 ab
1401 391 1529 424 imperitis
1549 391 1783 426 inelegantibusque
1794 394 1853 419 scri-

241 437 360 470 ptoribus
381 436 523 465 Athanasii
543 440 647 468 nomine
670 441 815 475 composita
831 444 928 472 essent,
946 439 994 466 hoc
1009 439 1164 473 opusculum
1184 439 1271 472 prima
1287 438 1372 473 fronte
1392 439 1557 472 repudiaturi
1568 447 1683 472 eramus,
1704 447 1761 466 cum
1774 440 1852 468 multis

242 481 304 509 aliis
319 491 429 517 quorum
449 484 552 511 nullum
571 493 621 512 sua
635 491 707 513 caret
727 486 853 512 utilitate.
874 484 906 511 In
920 493 983 511 mss.
1005 484 1112 518 antiquo
1135 482 1262 510 Ecclesite
1275 482 1504 516 Carcassonensis,
1517 485 1558 511 hic
1573 490 1702 512 tractatus
1720 487 1757 513 sic
1769 487 1852 514 inscri-

240 533 301 562 ptus
316 533 355 556 est
370 537 380 556 :
395 529 493 565 Incipit
515 530 639 558 doctrina
654 536 682 559 et.
696 532 830 567 expositio
848 530 990 558 Athanasii
1007 529 1105 561 sancti,
1122 528 1313 556 Alexandrina:
1328 528 1446 556 civitatis
1466 529 1598 565 episcopi.
1619 529 1670 557 Sed
1682 532 1775 559 codicis
1790 533 1853 559 illius

241 574 315 602 nobis
335 576 411 609 copia
427 583 479 602 non
492 581 542 605 est.

275 623 320 650 IV.
339 623 501 659 Opusculum
524 624 597 652 aliud
615 624 793 659 subsequitur,
809 631 843 651 AD
864 623 1026 651 Aut-locavit
1055 627 1247 657 nuncupatum,
1270 622 1340 657 stylo
1356 622 1458 656 χυδαίῳ
1474 626 1499 648 et
1517 630 1611 657 parum
1628 622 1739 657 eleganti
1751 623 1854 649 conscri-

239 672 323 701 ptum,
341 669 369 695 in
384 676 434 703 quo
447 673 607 704 postremum
622 669 671 696 Dei
681 669 824 704 judicium,
839 673 864 696 et
880 669 956 695 varia
971 668 1070 703 inferni
1089 668 1217 702 supplicia
1234 667 1324 694 multis
1349 674 1518 695 enarrantur.
1531 667 1612 700 Quem
1624 667 1766 695 Athanasio
1782 669 1854 694 ascri-

241 717 300 743 bere
311 725 342 744 ne
356 718 511 752 cogitaverit
522 718 627 753 quidem
639 718 782 752 quispiam,
794 722 898 744 tantum
917 717 1017 744 scilicet
1043 716 1075 743 ab
1090 716 1140 743 illa
1154 715 1294 742 Athanasii
1309 715 1432 751 ἐνεργείᾳ
1445 721 1469 742 et
1480 716 1609 750 elegantia
1623 715 1754 743 abhorret.

277 759 308 786 V.
338 759 426 788 Tertio
452 766 594 788 occurrunt
622 760 802 794 QUESTIONES
827 768 861 788 AD
878 761 1038 788 ANTIOCHI]!
1055 769 1113 796 qute
1125 761 1230 795 jamdiu
1252 761 1321 786 inter
1337 761 1478 787 Athanasii
1491 762 1561 789 edita
1576 768 1737 798 comparent,
1753 772 1795 790 nec
1807 763 1855 798 pri-

239 814 321 838 mum,
333 811 363 833 ut
381 807 442 841 jam
460 812 566 834 exstant
587 807 738 841 composita:
752 811 814 834 sunt
828 814 838 833 :
852 805 897 833 sed
911 815 970 833 cum
982 807 1120 840 pauciores
1135 814 1243 833 numero
1272 806 1335 832 olim
1353 806 1451 840 fuerint
1465 814 1474 833 .'
1489 816 1534 834 nec
1549 809 1637 843 plures
1657 809 1691 836 55
1705 810 1731 836 in
1742 810 1853 837 veteribus

238 849 342 877 Latinis
354 850 444 883 editis,
461 856 485 878 et
503 852 529 878 in
545 851 701 886 quibusdam
723 852 923 886 manuscriptis,
934 851 962 878 in
976 852 1038 878 aliis
1052 860 1109 878 vero
1127 851 1170 879 41.
1194 851 1258 884 Jam
1276 856 1382 878 earstant
1395 861 1467 879 nunt.
1482 853 1543 885 156,
1561 854 1679 881 librariis
1699 863 1776 882 novas
1794 864 1855 890 qua-

238 894 336 921 stiones
350 903 451 929 semper
463 896 619 925 addentibus
631 906 640 925 :
654 899 722 926 unde
741 900 771 934 ﬁt
787 904 817 926 ut
829 898 933 926 codices
944 899 1057 926 multum
1069 900 1138 926 inter
1149 907 1176 926 se
1187 899 1298 926 varient.
1316 899 1401 927 Porro
1416 901 1583 935 conspicuum
1598 902 1676 936 plane
1687 907 1725 930 est
1736 903 1781 930 has
1794 912 1855 938 qua?-

238 940 335 967 stiones
354 948 405 967 non
421 949 477 968 esse
492 942 646 976 Athanasii,
663 943 708 972 sed
723 945 865 971 nonnullas
877 952 910 971 ea;
920 944 1003 971 variis
1022 944 1175 971 auctoribus
1189 944 1248 971 hinc
1261 943 1319 971 inde
1331 949 1466 979 excerptas
1478 945 1572 979 fuisse,
1588 948 1658 975 alias
1675 958 1690 975 a
1711 949 1786 976 variis
1798 951 1854 976 scri-

237 985 356 1019 ptoribus
382 989 558 1022 compositas;
577 989 636 1016 inde
650 990 762 1024 factum,
777 995 805 1016 ut
819 990 917 1024 aliqua:
930 994 1031 1017 exstent
1048 989 1109 1016 aliis
1129 991 1339 1023 prtcstantiores,
1353 991 1584 1027 elegantioresque,
1608 1002 1653 1021 nec
1676 995 1787 1029 indigna:
1806 1002 1854 1029 qute

239 1032 372 1066 legantur.
400 1033 458 1061 lnto
478 1042 511 1061 ea:
538 1036 594 1069 ipso
617 1036 764 1064 Athanasio
790 1037 911 1072 quaedam
926 1037 977 1063 huc
996 1037 1127 1064 translata
1144 1038 1382 1072 deprehenduntur.
1400 1039 1455 1066 Pro
1470 1040 1597 1074 facultate
1617 1049 1664 1067 nos
1679 1042 1811 1076 scriptores
1826 1040 1854 1067 ad

237 1079 382 1114 marginem
407 1080 592 1109 adnotavimus
619 1082 686 1109 unde
710 1083 766 1110 illa:
783 1089 914 1117 excerpta:
928 1087 999 1110 sunt.
1016 1082 1085 1109 Hinc
1096 1083 1180 1118 liquet
1195 1083 1263 1110 alias
1274 1092 1331 1111 esse
1345 1085 1407 1112 aliis
1421 1086 1593 1121 antiquiores,
1613 1088 1653 1114 uti
1667 1088 1726 1122 jam
1741 1088 1853 1114 diximus.

239 1123 315 1155 Quod
328 1132 387 1151 vero
403 1126 523 1152 nonnulli
536 1126 642 1158 νοθείας
668 1133 851 1162 argumentum
865 1136 897 1155 ex
907 1137 936 1155 eo
950 1133 1105 1155 mutuantur
1119 1128 1189 1162 quod
1206 1129 1289 1164 aliqui
1303 1129 1406 1161 Patres.
1423 1131 1571 1160 Athanasio
1581 1138 1660 1160 aztate
1674 1134 1810 1168 inferiores
1820 1132 1854 1158 hic

237 1175 424 1202 memorentur,
441 1179 493 1198 non
519 1173 586 1198 tanti
601 1178 640 1200 est
656 1175 798 1206 momenti;
819 1183 878 1201 cum
902 1174 1020 1201 videlicet
1042 1182 1074 1201 ea
1098 1174 1157 1201 loca
1170 1174 1263 1210 quibus
1279 1175 1428 1209 afferuntur
1441 1177 1482 1204 illi
1495 1177 1602 1211 Patres,
1621 1179 1648 1206 in
1674 1178 1853 1213 antiquissimis

237 1217 370 1245 codicibus
395 1226 447 1245 non
468 1224 581 1247 exstent.
604 1220 699 1248 Verum
714 1222 821 1249 aliunde
839 1223 894 1249 luce
909 1223 1007 1249 clarius
1021 1227 1244 1250 commonstratur
1261 1231 1313 1250 non
1330 1232 1386 1251 esse
1404 1225 1467 1252 illas
1483 1225 1634 1257 Athanasii,
1649 1225 1679 1252 ίο
1693 1233 1726 1252 επ
1739 1223 1853 1251 orationis

237 1270 340 1298 genere,
360 1264 479 1299 impolita
501 1271 525 1292 et
545 1266 697 1302 ineleganti,
720 1273 749 1294 ut
767 1268 911 1302 plurimum
925 1268 1036 1295 saltem:
1054 1276 1116 1294 nam
1132 1268 1182 1295 sibi
1204 1269 1289 1303 stylus
1303 1269 1408 1297 minime
1428 1274 1543 1302 constat,
1557 1273 1620 1307 quia
1641 1272 1725 1299 ntulta
1739 1279 1769 1298 ea;
1784 1270 1853 1298 variis

238 1313 413 1346 scriptoribus
430 1314 509 1340 tacita
528 1315 632 1344 nomine
647 1322 770 1352 excerpta
786 1321 863 1348 sunt;
880 1316 908 1343 2°
919 1323 952 1342 ex
974 1317 1051 1351 nugis
1072 1316 1251 1351 compluribus
1267 1325 1332 1352 quas
1355 1318 1463 1353 quisque
1475 1318 1554 1353 facile
1568 1319 1795 1345 animadversum:
1807 1320 1853 1346 est;

238 1361 268 1388 5'
281 1369 313 1389 ea:
326 1363 359 1390 iis
369 1371 427 1398 qum
437 1365 469 1390 de
480 1364 638 1400 imaginibus
649 1368 789 1396 eorumque
804 1360 878 1387 cultu
889 1359 1013 1386 dicuntur
1028 1367 1101 1387 num.
1113 1360 1158 1387 59.
1172 1360 1253 1394 Ναηι,
1269 1361 1328 1389 licet
1343 1362 1457 1390 Eusebio
1466 1368 1535 1391 teste
1547 1364 1666 1398 plurimi,
1682 1372 1728 1390 suo
1743 1367 1852 1396 tempore,

239 1411 419 1444 apostolorum
433 1412 559 1448 imagines
575 1412 690 1446 depictas
702 1409 772 1444 apud
784 1417 811 1436 se
825 1417 884 1436 cum
894 1407 990 1435 honore
1004 1407 1155 1441 retinerent,
1175 1416 1228 1435 non
1238 1409 1277 1435 ita
1293 1409 1413 1445 frequens
1426 1415 1486 1437 tunc
1498 1410 1645 1445 imaginum
1659 1413 1716 1436 erat
1735 1415 1802 1434 usus.
1819 1405 1854 1432 Et:

239 1458 329 1486 multis
351 1459 461 1495 denique
487 1460 547 1486 aliis
575 1465 633 1495 qua:
661 1456 779 1492 proferre
794 1463 846 1482 non
854 1454 942 1489 juvat,
960 1461 991 1480 ne
1007 1454 1179 1488 apertissima:
1194 1454 1233 1481 rei
1247 1455 1448 1489 comprobanda:
1474 1456 1572 1484 diutius
1596 1463 1669 1490 (equo
1689 1455 1851 1481 immorentur.

238 1502 380 1536 thterum,
392 1504 467 1539 quod,
476 1508 575 1538 spectat
588 1503 745 1538 quwstiones
758 1501 792 1528 50
804 1505 829 1528 et
844 1500 889 1532 51,
901 1498 933 1526 de
947 1499 1057 1534 angelis,
1069 1506 1127 1534 qutc
1138 1499 1165 1525 in
1176 1500 1331 1528 testimoniis
1341 1509 1373 1528 ea:
1385 1501 1525 1535 Scriptura
1538 1511 1619 1530 sacra
1632 1504 1748 1537 superius
1761 1503 1853 1528 exstant

237 1557 298 1585 pag.
321 1549 367 1581 21,
384 1551 498 1578 arbitror
510 1550 571 1577 illas
586 1555 619 1576 ea:
631 1547 679 1574 hoc
696 1551 813 1574 tractatu
832 1548 969 1576 excerptas
984 1551 1014 1571 eo
1028 1543 1176 1571 translatas
1191 1544 1289 1579 fuisse;
1304 1553 1362 1581 quae
1378 1552 1521 1581 sequuntur
1532 1548 1613 1580 enim,
1626 1556 1685 1574 cum
1701 1547 1754 1573 illis
1774 1544 1852 1579 afﬁni-

239 1603 320 1625 tatem
349 1598 453 1627 habent.
474 1599 603 1626 Similiter
628 1595 737 1632 quazstio
760 1595 792 1622 71
813 1594 847 1622 ad
872 1594 940 1621 hunc
955 1593 1043 1628 potius
1056 1597 1198 1620 tractatum
1217 1593 1321 1621 videtur
1335 1595 1475 1629 pertinere,
1490 1602 1569 1630 quam
1587 1594 1623 1621 ad
1642 1592 1786 1620 testimonia
1796 1589 1851 1621 illa;

238 1644 284 1672 ubi
304 1653 362 1680 quae
386 1650 589 1680 consequuntur,
600 1645 666 1673 nihil
689 1644 723 1672 ad
741 1644 818 1671 illam
838 1644 1020 1679 questionem.
1038 1641 1090 1669 Hic
1107 1650 1166 1670 vero
1183 1648 1276 1670 contra
1297 1643 1408 1679 quaestio
1426 1643 1583 1678 subsequens
1605 1642 1721 1678 ejusdem
1734 1644 1770 1668 est
1783 1645 1850 1673 argu-

239 1696 330 1722 menti.

781 1805 856 1835 .TOY
874 1804 919 1831 EN
937 1803 1049 1830 ΛΓΙΟΙΣ
1061 1803 1202 1831 ἩΑΤΡΟΣ
1221 1801 1320 1830 ΗΜΩΝ

893 1878 1210 1923 ΑΘΑΝΑΣΙΟΥ

714 1964 923 1992 ΔΙΔΑΣΚΑΛΙΑ
940 1963 1039 1990 ΠΡΟΣ
1051 1962 1104 1989 AN
1106 1961 1233 1988 TIOXON
1248 1959 1402 1988 ΛΟΥΚΑΝ.

762 2096 810 2141 S.
845 2096 898 2139 P.
938 2096 998 2139 N.
1036 2093 1360 2139 ATHANASII

688 2189 878 2220 DOCTRINA
894 2190 943 2218 AD
961 2188 1189 2218 ANTIOCHUM
1209 2187 1339 2218 DUCEM
1358 2186 1426 2224 (56).

275 2322 355 2358 202
382 2321 409 2348 1.
428 2318 640 2347 Sanctissimum
660 2317 820 2352 episcopum
847 2306 1028 2344 Athanasium
1042 2323 1057 2351 Α

1115 2314 1142 2341 i.
1163 2313 1262 2340 Ἐλθὼν
1275 2313 1343 2348 πρὸς
1359 2311 1404 2338 τὸν
1429 2309 1578 2345 ἁγιώτατον
1593 2309 1736 2335 ἐπίσκοπον
1751 2300 1844 2331 Ἀϐανά·

239 2370 306 2398 adiit
323 2370 378 2397 dux
400 2367 521 2403 quidam,
533 2365 643 2393 nomine
658 2363 820 2397 Antiochus,
837 2363 913 2398 gravi
928 2362 1024 2390 morbo

239 2417 379 2446 laborans,
400 2413 558 2449 rogavitque
582 2414 613 2439 ut
638 2410 680 2438 sui
697 2417 780 2437 causa
807 2412 916 2441 oraret;
930 2416 984 2443 quo
999 2408 1024 2436 si

239 2468 324 2489 sanus
340 2459 415 2487 ﬁeret
429 2459 635 2486 converteretur
657 2455 691 2482 ad
706 2454 862 2486 Dominum,
873 2461 905 2480 ac
927 2460 1025 2488 pecca-

240 2514 330 2536 torum
364 2503 551 2542 ptnnitentiam
583 2506 684 2539 ageret.
713 2501 838 2536 Cumque
861 2499 1022 2527 clementem

239 2547 324 2581 Deum
345 2555 450 2579 orasset
464 2549 621 2585 episcopus,
636 2546 799 2581 insequente
814 2544 858 2572 die
880 2551 964 2572 sanus
979 2543 1024 2571 ille

239 2600 301 2627 fuit.
317 2598 386 2626 Tum
401 2596 527 2628 accessit,
545 2595 616 2622 bona
631 2601 681 2621 sua
702 2599 795 2621 secum
815 2590 942 2622 aﬁ'erens,
964 2597 1025 2625 quae

239 2644 332 2680 posuit
357 2643 392 2670 ad
423 2642 505 2678 pedes
532 2639 665 2676 episcopi,
682 2633 783 2676 rogans
806 2643 837 2666 ut
858 2637 1024 2674 pauperibus

238 2693 419 2726 erogarentur
436 2692 464 2716 et
475 2687 586 2723 egenis;
602 2687 710 2722 sibique
723 2686 829 2717 liceret,
850 2688 963 2719 accepto
976 2691 1025 2719 per

239 2740 363 2764 sanctum
377 2735 466 2762 virum
485 2732 640 2761 venerando
657 2731 763 2763 habitu,
779 2729 959 2758 monasticam
969 2729 1026 2756 vir-

237 2783 306 2810 tutis
319 2782 402 2809 vitam
418 2788 508 2816 agerc.
524 2778 602 2812 Quod
614 2777 662 2806 Dei
679 2777 766 2814 gratia
784 2776 849 2804 fecit
867 2775 1022 2810 episcopus.

265 2860 329 2897 .(36)
345 2859 423 2888 Nunc
441 2858 558 2894 primum
577 2856 647 2884 edita
671 2863 705 2884 ex
716 2862 781 2884 mss.
799 2854 919 2882 Colbert.
936 2851 1018 2880 4249.

1078 2368 1135 2387 σιον
1151 2359 1213 2391 δοὺξ
1227 2358 1341 2394 ὀνόματι
1354 2357 1498 2392 Ἀντίοχος,
1510 2357 1540 2383 ἐν
1550 2356 1622 2391 δεινῇ
1638 2351 1770 2389 apricitath
1791 2354 1844 2394 καῖ·

1077 2406 1215 2442 εχόμενος,
1229 2403 1379 2440 παρεκάλει
1395 2403 1521 2438 εὔχεσθαι
1535 2402 1603 2438 ὑπὲρ
1611 2399 1701 2430 αὑτοῦ,
1714 2398 1789 2426 ὅπως,
1804 2392 1844 2419 ἐὰν

1078 2452 1185 2488 ὑγιάνῃ,
1211 2449 1369 2486 ἐπιστρέψει
1389 2449 1480 2476 λοιπὸν
1506 2448 1575 2483 πρὸς
1591 2447 1636 2474 τὸν
1652 2445 1758 2481 Κύριον,
1773 2446 1843 2488 μεξίξ·

1077 2484 1145 2524 ναῶν
1158 2484 1204 2524 ἐπὶ
1226 2498 1282 2529 τοῖς
1293 2484 1490 2532 αμαρτήμασιν
1516 2494 1607 2521 αὐτοῦ.
1627 2493 1682 2520 Καὶ
1704 2484 1842 2535 παραδξειλεέ·

1079 2552 1172 2575 σαντος
1184 2543 1231 2570 τοῦ
1244 2542 1392 2570 ἐπισκόπου
1409 2542 1453 2568 τὸν
1480 2540 1667 2576 φιλάνθρωπον
1683 2536 1755 2566 Θεὸν,
1776 2533 1842 2578 ὑγιὴξ

1077 2591 1111 2625 τῇ
1126 2589 1190 2625 ἑξῆς
1202 2589 1307 2624 γέγονε.
1325 2589 1379 2615 Καὶ
1400 2588 1432 2623 δὴ
1457 2588 1562 2624 εἴρχετο
1579 2586 1668 2621 φέρων
1685 2581 1740 2618 μεθ’
1758 2580 1841 2625 iam?!”

1077 2638 1111 2664 τὰ
1125 2637 1283 2673 ὑπάρχοντα
1303 2635 1396 2667 animi,
1420 2636 1466 2661 καὶ
1479 2634 1570 2668 τίοησι
1593 2631 1667 2667 παρὰ
1687 2629 1749 2658 τοὺς

1077 2683 1124 2710 τοῦ
1140 2683 1300 2714 ἐπισκόπου,
1319 2680 1483 2717 παρακαλῶν
1494 2679 1602 2714 δοθῆναι
1613 2679 1667 2707 τοῖς
1683 2672 1791 2708 πτωχοῖς
1804 2674 1842 2717 κξι

1077 2731 1133 2760 τοῖς
1149 2728 1242 2764 χρείαν
1258 2712 1380 2763 Exouctu-
1406 2727 1487 2754 αὑτὸν
1510 2712 1557 2757 δὲξ
1570 2723 1682 2751 λαϐόντα
1705 2719 1734 2745 τὸ
1757 2712 1840 2764 oti-Fva

1079 2761 1174 2810 oximi;
1183 2774 1259 2810 παρὰ
1273 2761 1318 2800 λέοῦ
1333 2772 1411 2807 ἁγίου
1424 2772 1529 2808 ἀνδρὸς,
1547 2771 1591 2798 τὸν
1607 2768 1728 2804 ἐνάρετον
1746 2761 1789 2790 καὶ
1802 2766 1842 2794 μιν
