  <div class='ocr_page' id='page_1' title='image "/cluster/home/n/w/nwhite01/storage/ocr_20150623/28/njp.32101007506148/290.png"; bbox 0 0 1924 3059; ppageno 0'>
   <div class='ocr_carea' id='block_1_1' title="bbox 110 136 164 164">
    <p class='ocr_par' dir='ltr' id='par_1_1' title="bbox 110 136 164 164">
     <span class='ocr_line' id='line_1_1' title="bbox 110 136 164 164; baseline 0.019 -1"><span class='ocrx_word' id='word_1_1' title='bbox 110 136 164 164; x_wconf 69' lang='lat'><strong>557</strong></span> 
     </span>
    </p>
   </div>
   <div class='ocr_carea' id='block_1_2' title="bbox 622 135 1226 165">
    <p class='ocr_par' dir='ltr' id='par_1_2' title="bbox 622 135 1226 165">
     <span class='ocr_line' id='line_1_2' title="bbox 622 135 1226 165; baseline 0 -2"><span class='ocrx_word' id='word_1_2' title='bbox 622 136 798 165; x_wconf 81' lang='lat' dir='ltr'><strong>DOCTRINA</strong></span> <span class='ocrx_word' id='word_1_3' title='bbox 812 137 858 164; x_wconf 77' lang='lat' dir='ltr'><strong>AD</strong></span> <span class='ocrx_word' id='word_1_4' title='bbox 877 136 1078 164; x_wconf 75' lang='lat' dir='ltr'><strong>AN&#39;I‘IOCHUM</strong></span> <span class='ocrx_word' id='word_1_5' title='bbox 1098 135 1226 164; x_wconf 78' lang='lat' dir='ltr'><strong>DUCEM.</strong></span> 
     </span>
    </p>
   </div>
   <div class='ocr_carea' id='block_1_3' title="bbox 1673 136 1727 164">
    <p class='ocr_par' dir='ltr' id='par_1_3' title="bbox 1673 136 1727 164">
     <span class='ocr_line' id='line_1_3' title="bbox 1673 136 1727 164; baseline 0 0"><span class='ocrx_word' id='word_1_6' title='bbox 1673 136 1727 164; x_wconf 74' lang='lat'><strong>538</strong></span> 
     </span>
    </p>
   </div>
   <div class='ocr_carea' id='block_1_4' title="bbox 108 194 894 233">
    <p class='ocr_par' dir='ltr' id='par_1_4' title="bbox 108 195 894 233">
     <span class='ocr_line' id='line_1_4' title="bbox 108 195 894 233; baseline 0 -10"><span class='ocrx_word' id='word_1_7' title='bbox 108 197 182 232; x_wconf 72' lang='grc' dir='ltr'><strong>νὴρη</strong></span> <span class='ocrx_word' id='word_1_8' title='bbox 198 196 255 232; x_wconf 86' lang='grc' dir='ltr'>βίον</span> <span class='ocrx_word' id='word_1_9' title='bbox 281 195 484 224; x_wconf 78' lang='grc' dir='ltr'>πολιτεύεσθαι’</span> <span class='ocrx_word' id='word_1_10' title='bbox 511 197 579 233; x_wconf 79' lang='grc' dir='ltr'>ὅπερ</span> <span class='ocrx_word' id='word_1_11' title='bbox 591 198 625 232; x_wconf 86' lang='grc' dir='ltr'>τῇ</span> <span class='ocrx_word' id='word_1_12' title='bbox 648 196 694 223; x_wconf 82' lang='grc' dir='ltr'><strong>τοῦ</strong></span> <span class='ocrx_word' id='word_1_13' title='bbox 720 197 786 223; x_wconf 83' lang='grc' dir='ltr'>Θεοῦ</span> <span class='ocrx_word' id='word_1_14' title='bbox 808 197 894 233; x_wconf 79' lang='grc' dir='ltr'>χάριτι</span> 
     </span>
    </p>
   </div>
   <div class='ocr_carea' id='block_1_5' title="bbox 949 194 1727 233">
    <p class='ocr_par' dir='ltr' id='par_1_5' title="bbox 950 194 1727 232">
     <span class='ocr_line' id='line_1_5' title="bbox 950 194 1727 232; baseline -0.003 -8"><span class='ocrx_word' id='word_1_15' title='bbox 950 197 1026 224; x_wconf 90' lang='lat' dir='ltr'><strong>Tunc</strong></span> <span class='ocrx_word' id='word_1_16' title='bbox 1048 197 1085 224; x_wconf 99' lang='lat' dir='ltr'><strong>ait</strong></span> <span class='ocrx_word' id='word_1_17' title='bbox 1106 197 1235 232; x_wconf 88' lang='lat' dir='ltr'><strong>episcopo</strong></span> <span class='ocrx_word' id='word_1_18' title='bbox 1260 196 1315 224; x_wconf 76' lang='lat' dir='ltr'><strong>dux</strong></span> <span class='ocrx_word' id='word_1_19' title='bbox 1336 195 1487 224; x_wconf 77' lang='lat' dir='ltr'><strong>Antiochus</strong></span> <span class='ocrx_word' id='word_1_20' title='bbox 1503 204 1510 224; x_wconf 92' lang='lat'><strong>:</strong></span> <span class='ocrx_word' id='word_1_21' title='bbox 1524 194 1565 224; x_wconf 81' lang='lat' dir='ltr'><strong>Me</strong></span> <span class='ocrx_word' id='word_1_22' title='bbox 1585 196 1727 231; x_wconf 82' lang='lat' dir='ltr'><strong>oportebat</strong></span> 
     </span>
    </p>
   </div>
   <div class='ocr_carea' id='block_1_6' title="bbox 108 242 897 278">
    <p class='ocr_par' dir='ltr' id='par_1_6' title="bbox 108 242 897 278">
     <span class='ocr_line' id='line_1_6' title="bbox 108 242 897 278; baseline 0.003 -10"><span class='ocrx_word' id='word_1_23' title='bbox 108 243 239 278; x_wconf 82' lang='grc' dir='ltr'>ἐποίησεν</span> <span class='ocrx_word' id='word_1_24' title='bbox 256 243 271 268; x_wconf 87' lang='grc' dir='ltr'><strong>ὸ</strong></span> <span class='ocrx_word' id='word_1_25' title='bbox 287 243 443 275; x_wconf 76' lang='grc' dir='ltr'><strong>ἐπίσκοπος.</strong></span> <span class='ocrx_word' id='word_1_26' title='bbox 461 243 528 270; x_wconf 85' lang='grc' dir='ltr'>Τότε</span> <span class='ocrx_word' id='word_1_27' title='bbox 550 243 624 277; x_wconf 83' lang='grc' dir='ltr'>λέγει</span> <span class='ocrx_word' id='word_1_28' title='bbox 648 242 687 278; x_wconf 84' lang='grc' dir='ltr'>τῷ</span> <span class='ocrx_word' id='word_1_29' title='bbox 715 243 859 277; x_wconf 81' lang='grc' dir='ltr'>ἐπισκόπῳ</span> <span class='ocrx_word' id='word_1_30' title='bbox 883 244 897 270; x_wconf 83' lang='grc' dir='ltr'><em>ὁ</em></span> 
     </span>
    </p>
   </div>
   <div class='ocr_carea' id='block_1_7' title="bbox 108 285 896 324">
    <p class='ocr_par' dir='ltr' id='par_1_7' title="bbox 108 285 896 324">
     <span class='ocr_line' id='line_1_7' title="bbox 108 285 896 324; baseline 0.032 -11"><span class='ocrx_word' id='word_1_31' title='bbox 108 287 174 319; x_wconf 58' lang='lat' dir='ltr'><strong>esse</strong></span> <span class='ocrx_word' id='word_1_32' title='bbox 196 288 344 323; x_wconf 80' lang='grc' dir='ltr'>Ἀντίοχος·</span> <span class='ocrx_word' id='word_1_33' title='bbox 364 289 437 315; x_wconf 78' lang='grc' dir='ltr'>Ἔδει</span> <span class='ocrx_word' id='word_1_34' title='bbox 464 297 508 324; x_wconf 80' lang='grc' dir='ltr'><strong>με,</strong></span> <span class='ocrx_word' id='word_1_35' title='bbox 523 289 570 323; x_wconf 80' lang='grc' dir='ltr'><strong>ἀφ’</strong></span> <span class='ocrx_word' id='word_1_36' title='bbox 592 285 622 316; x_wconf 71' lang='grc' dir='ltr'>οὗ</span> <span class='ocrx_word' id='word_1_37' title='bbox 643 288 821 323; x_wconf 67' lang='grc' dir='ltr'><strong>ὲδαπτίσθην’</strong></span> <span class='ocrx_word' id='word_1_38' title='bbox 845 297 896 322; x_wconf 55' lang='lat'><strong>‘9‘“</strong></span> 
     </span>
    </p>
   </div>
   <div class='ocr_carea' id='block_1_8' title="bbox 108 333 896 371">
    <p class='ocr_par' dir='ltr' id='par_1_8' title="bbox 108 333 896 371">
     <span class='ocr_line' id='line_1_8' title="bbox 108 333 896 371; baseline 0.001 -12"><span class='ocrx_word' id='word_1_39' title='bbox 108 333 188 366; x_wconf 79' lang='grc' dir='ltr'>λάξαι</span> <span class='ocrx_word' id='word_1_40' title='bbox 203 334 253 370; x_wconf 75' lang='grc' dir='ltr'>τὴν</span> <span class='ocrx_word' id='word_1_41' title='bbox 269 334 370 366; x_wconf 81' lang='grc' dir='ltr'>πίστιν,</span> <span class='ocrx_word' id='word_1_42' title='bbox 391 335 437 361; x_wconf 74' lang='grc' dir='ltr'>καὶ</span> <span class='ocrx_word' id='word_1_43' title='bbox 452 336 489 371; x_wconf 87' lang='grc' dir='ltr'>μὴ</span> <span class='ocrx_word' id='word_1_44' title='bbox 508 335 619 370; x_wconf 77' lang='grc' dir='ltr'><strong>μολῦναι</strong></span> <span class='ocrx_word' id='word_1_45' title='bbox 636 335 667 361; x_wconf 82' lang='grc' dir='ltr'>τὸ</span> <span class='ocrx_word' id='word_1_46' title='bbox 685 335 824 370; x_wconf 82' lang='grc' dir='ltr'><strong>βάπτισμα</strong></span> <span class='ocrx_word' id='word_1_47' title='bbox 838 334 877 360; x_wconf 70' lang='grc' dir='ltr'><strong>ἔτι</strong></span> <span class='ocrx_word' id='word_1_48' title='bbox 890 343 896 349; x_wconf 90' lang='grc'><strong>·</strong></span> 
     </span>
    </p>
   </div>
   <div class='ocr_carea' id='block_1_9' title="bbox 106 379 895 417">
    <p class='ocr_par' dir='ltr' id='par_1_9' title="bbox 106 379 895 417">
     <span class='ocr_line' id='line_1_9' title="bbox 106 379 895 417; baseline 0.004 -12"><span class='ocrx_word' id='word_1_49' title='bbox 106 379 167 405; x_wconf 81' lang='grc' dir='ltr'>ἀλλ’</span> <span class='ocrx_word' id='word_1_50' title='bbox 184 379 277 415; x_wconf 77' lang='grc' dir='ltr'><strong>ἐπειδὴ</strong></span> <span class='ocrx_word' id='word_1_51' title='bbox 292 381 307 415; x_wconf 86' lang='grc' dir='ltr'><strong>ἡ</strong></span> <span class='ocrx_word' id='word_1_52' title='bbox 322 380 460 416; x_wconf 75' lang='grc' dir='ltr'><strong>ἀφροσύνη</strong></span> <span class='ocrx_word' id='word_1_53' title='bbox 478 390 529 416; x_wconf 87' lang='grc' dir='ltr'><strong>μου</strong></span> <span class='ocrx_word' id='word_1_54' title='bbox 545 381 667 416; x_wconf 82' lang='grc' dir='ltr'><strong>μεγάλην</strong></span> <span class='ocrx_word' id='word_1_55' title='bbox 678 381 706 407; x_wconf 81' lang='grc' dir='ltr'>ἐν</span> <span class='ocrx_word' id='word_1_56' title='bbox 720 381 782 416; x_wconf 76' lang='grc' dir='ltr'>ἐμοὶ</span> <span class='ocrx_word' id='word_1_57' title='bbox 801 381 895 417; x_wconf 75' lang='grc' dir='ltr'><strong>εἰργά-</strong></span> 
     </span>
    </p>
   </div>
   <div class='ocr_carea' id='block_1_10' title="bbox 108 425 894 462">
    <p class='ocr_par' dir='ltr' id='par_1_10' title="bbox 108 425 894 462">
     <span class='ocr_line' id='line_1_10' title="bbox 108 425 894 462; baseline 0.004 -12"><span class='ocrx_word' id='word_1_58' title='bbox 108 433 176 450; x_wconf 77' lang='grc' dir='ltr'>σατο</span> <span class='ocrx_word' id='word_1_59' title='bbox 191 425 331 460; x_wconf 78' lang='grc' dir='ltr'>ἀμέλειαν,</span> <span class='ocrx_word' id='word_1_60' title='bbox 347 426 499 462; x_wconf 82' lang='grc' dir='ltr'>παρακαλῶ</span> <span class='ocrx_word' id='word_1_61' title='bbox 511 426 560 462; x_wconf 80' lang='grc' dir='ltr'><strong>τὴν</strong></span> <span class='ocrx_word' id='word_1_62' title='bbox 569 427 618 462; x_wconf 86' lang='grc' dir='ltr'>σὴν</span> <span class='ocrx_word' id='word_1_63' title='bbox 634 426 779 461; x_wconf 81' lang='grc' dir='ltr'>ἁγιοσύνην</span> <span class='ocrx_word' id='word_1_64' title='bbox 791 427 894 460; x_wconf 78' lang='grc' dir='ltr'><strong>διδάξαι</strong></span> 
     </span>
    </p>
   </div>
   <div class='ocr_carea' id='block_1_11' title="bbox 108 470 895 507">
    <p class='ocr_par' dir='ltr' id='par_1_11' title="bbox 108 470 895 507">
     <span class='ocr_line' id='line_1_11' title="bbox 108 470 895 507; baseline 0.004 -12"><span class='ocrx_word' id='word_1_65' title='bbox 108 478 144 504; x_wconf 86' lang='grc' dir='ltr'><strong>με</strong></span> <span class='ocrx_word' id='word_1_66' title='bbox 161 470 209 496; x_wconf 76' lang='grc' dir='ltr'>καὶ</span> <span class='ocrx_word' id='word_1_67' title='bbox 223 472 377 506; x_wconf 80' lang='grc' dir='ltr'>κατηχῆσαι</span> <span class='ocrx_word' id='word_1_68' title='bbox 394 473 441 499; x_wconf 73' lang='grc' dir='ltr'>καὶ</span> <span class='ocrx_word' id='word_1_69' title='bbox 453 472 622 507; x_wconf 77' lang='grc' dir='ltr'><strong>νουθετῆσαι,</strong></span> <span class='ocrx_word' id='word_1_70' title='bbox 637 472 716 498; x_wconf 81' lang='grc' dir='ltr'>τίνων</span> <span class='ocrx_word' id='word_1_71' title='bbox 728 472 782 498; x_wconf 82' lang='grc' dir='ltr'><strong>ἀπὸ</strong></span> <span class='ocrx_word' id='word_1_72' title='bbox 793 472 839 498; x_wconf 85' lang='grc' dir='ltr'><strong>τοῦ</strong></span> <span class='ocrx_word' id='word_1_73' title='bbox 848 472 895 499; x_wconf 89' lang='grc' dir='ltr'><strong>νῦν</strong></span> 
     </span>
    </p>
   </div>
   <div class='ocr_carea' id='block_1_12' title="bbox 947 242 1727 279">
    <p class='ocr_par' dir='ltr' id='par_1_12' title="bbox 947 242 1727 279">
     <span class='ocr_line' id='line_1_12' title="bbox 947 242 1727 279; baseline -0.003 -8"><span class='ocrx_word' id='word_1_74' title='bbox 947 243 1100 279; x_wconf 81' lang='lat' dir='ltr'><strong>baptizatus</strong></span> <span class='ocrx_word' id='word_1_75' title='bbox 1130 251 1193 270; x_wconf 91' lang='lat' dir='ltr'><strong>cum</strong></span> <span class='ocrx_word' id='word_1_76' title='bbox 1219 242 1342 275; x_wconf 80' lang='lat' dir='ltr'><strong>fuissem,</strong></span> <span class='ocrx_word' id='word_1_77' title='bbox 1359 242 1438 270; x_wconf 81' lang='lat' dir='ltr'><strong>tidem</strong></span> <span class='ocrx_word' id='word_1_78' title='bbox 1461 250 1643 275; x_wconf 85' lang='lat' dir='ltr'><strong>servare,nec</strong></span> <span class='ocrx_word' id='word_1_79' title='bbox 1655 243 1727 269; x_wconf 89' lang='lat' dir='ltr'><strong>ultra</strong></span> 
     </span>
    </p>
   </div>
   <div class='ocr_carea' id='block_1_13' title="bbox 947 287 1728 324">
    <p class='ocr_par' dir='ltr' id='par_1_13' title="bbox 947 287 1728 324">
     <span class='ocr_line' id='line_1_13' title="bbox 947 287 1728 324; baseline -0.003 -8"><span class='ocrx_word' id='word_1_80' title='bbox 947 289 1112 324; x_wconf 79' lang='lat' dir='ltr'><strong>baptismum</strong></span> <span class='ocrx_word' id='word_1_81' title='bbox 1131 289 1250 322; x_wconf 83' lang='lat' dir='ltr'><strong>violare;</strong></span> <span class='ocrx_word' id='word_1_82' title='bbox 1266 288 1314 316; x_wconf 83' lang='lat' dir='ltr'><strong>sed</strong></span> <span class='ocrx_word' id='word_1_83' title='bbox 1336 295 1399 315; x_wconf 87' lang='lat' dir='ltr'><strong>cum</strong></span> <span class='ocrx_word' id='word_1_84' title='bbox 1421 287 1540 315; x_wconf 78' lang='lat' dir='ltr'><strong>amentia</strong></span> <span class='ocrx_word' id='word_1_85' title='bbox 1558 295 1616 315; x_wconf 90' lang='lat' dir='ltr'><strong>mea</strong></span> <span class='ocrx_word' id='word_1_86' title='bbox 1633 287 1728 323; x_wconf 77' lang='lat' dir='ltr'><strong>ingen-</strong></span> 
     </span>
    </p>
   </div>
   <div class='ocr_carea' id='block_1_14' title="bbox 947 333 1728 370">
    <p class='ocr_par' dir='ltr' id='par_1_14' title="bbox 947 333 1728 370">
     <span class='ocr_line' id='line_1_14' title="bbox 947 333 1728 370; baseline -0.004 -8"><span class='ocrx_word' id='word_1_87' title='bbox 947 338 1001 362; x_wconf 88' lang='lat' dir='ltr'><strong>tem</strong></span> <span class='ocrx_word' id='word_1_88' title='bbox 1015 335 1042 362; x_wconf 93' lang='lat' dir='ltr'><strong>in</strong></span> <span class='ocrx_word' id='word_1_89' title='bbox 1054 333 1245 370; x_wconf 75' lang='lat' dir='ltr'><strong>negligentiam</strong></span> <span class='ocrx_word' id='word_1_90' title='bbox 1257 341 1301 361; x_wconf 91' lang='lat' dir='ltr'><strong>me</strong></span> <span class='ocrx_word' id='word_1_91' title='bbox 1310 333 1468 368; x_wconf 86' lang='lat' dir='ltr'><strong>conjecerit,</strong></span> <span class='ocrx_word' id='word_1_92' title='bbox 1492 337 1566 360; x_wconf 89' lang='lat' dir='ltr'><strong>tuam</strong></span> <span class='ocrx_word' id='word_1_93' title='bbox 1582 340 1649 368; x_wconf 80' lang='lat' dir='ltr'><strong>rogo</strong></span> <span class='ocrx_word' id='word_1_94' title='bbox 1664 341 1728 360; x_wconf 86' lang='lat' dir='ltr'><strong>san-</strong></span> 
     </span>
    </p>
   </div>
   <div class='ocr_carea' id='block_1_15' title="bbox 947 379 1729 415">
    <p class='ocr_par' dir='ltr' id='par_1_15' title="bbox 947 379 1729 415">
     <span class='ocr_line' id='line_1_15' title="bbox 947 379 1729 415; baseline 0 -8"><span class='ocrx_word' id='word_1_95' title='bbox 947 383 1079 415; x_wconf 87' lang='lat' dir='ltr'><strong>ctitatem,</strong></span> <span class='ocrx_word' id='word_1_96' title='bbox 1097 384 1126 407; x_wconf 91' lang='lat' dir='ltr'><strong>ut</strong></span> <span class='ocrx_word' id='word_1_97' title='bbox 1140 388 1183 407; x_wconf 90' lang='lat' dir='ltr'><strong>me</strong></span> <span class='ocrx_word' id='word_1_98' title='bbox 1197 380 1307 412; x_wconf 84' lang='lat' dir='ltr'><strong>doceas,</strong></span> <span class='ocrx_word' id='word_1_99' title='bbox 1334 380 1471 411; x_wconf 83' lang='lat' dir='ltr'><strong>instituas,</strong></span> <span class='ocrx_word' id='word_1_100' title='bbox 1492 387 1613 411; x_wconf 84' lang='lat' dir='ltr'><strong>moneas,</strong></span> <span class='ocrx_word' id='word_1_101' title='bbox 1630 379 1729 414; x_wconf 85' lang='lat' dir='ltr'><strong>quibus</strong></span> 
     </span>
    </p>
   </div>
   <div class='ocr_carea' id='block_1_16' title="bbox 945 425 1730 462">
    <p class='ocr_par' dir='ltr' id='par_1_16' title="bbox 945 425 1730 462">
     <span class='ocr_line' id='line_1_16' title="bbox 945 425 1730 462; baseline -0.001 -9"><span class='ocrx_word' id='word_1_102' title='bbox 945 427 1002 462; x_wconf 81' lang='lat' dir='ltr'><strong>jam</strong></span> <span class='ocrx_word' id='word_1_103' title='bbox 1029 426 1166 454; x_wconf 86' lang='lat' dir='ltr'><strong>abstinere</strong></span> <span class='ocrx_word' id='word_1_104' title='bbox 1187 426 1299 453; x_wconf 82' lang='lat' dir='ltr'><strong>debeam</strong></span> <span class='ocrx_word' id='word_1_105' title='bbox 1325 425 1415 458; x_wconf 80' lang='lat' dir='ltr'><strong>factis,</strong></span> <span class='ocrx_word' id='word_1_106' title='bbox 1430 425 1569 460; x_wconf 80' lang='lat' dir='ltr'><strong>operibus,</strong></span> <span class='ocrx_word' id='word_1_107' title='bbox 1587 426 1730 460; x_wconf 79' lang='lat' dir='ltr'><strong>cogitatio-</strong></span> 
     </span>
    </p>
   </div>
   <div class='ocr_carea' id='block_1_17' title="bbox 948 470 1640 506">
    <p class='ocr_par' dir='ltr' id='par_1_17' title="bbox 948 470 1640 506">
     <span class='ocr_line' id='line_1_17' title="bbox 948 470 1640 506; baseline -0.001 -8"><span class='ocrx_word' id='word_1_108' title='bbox 948 472 1045 505; x_wconf 83' lang='lat' dir='ltr'><strong>nibus;</strong></span> <span class='ocrx_word' id='word_1_109' title='bbox 1060 471 1161 506; x_wconf 88' lang='lat' dir='ltr'><strong>quibus</strong></span> <span class='ocrx_word' id='word_1_110' title='bbox 1172 474 1267 498; x_wconf 87' lang='lat' dir='ltr'><strong>contra</strong></span> <span class='ocrx_word' id='word_1_111' title='bbox 1283 470 1430 498; x_wconf 83' lang='lat' dir='ltr'><strong>virtutibus</strong></span> <span class='ocrx_word' id='word_1_112' title='bbox 1442 477 1551 505; x_wconf 84' lang='lat' dir='ltr'><strong>operam</strong></span> <span class='ocrx_word' id='word_1_113' title='bbox 1565 470 1640 498; x_wconf 86' lang='lat' dir='ltr'><strong>dare.</strong></span> 
     </span>
    </p>
   </div>
   <div class='ocr_carea' id='block_1_18' title="bbox 106 515 1481 554">
    <p class='ocr_par' dir='ltr' id='par_1_18' title="bbox 106 515 1481 554">
     <span class='ocr_line' id='line_1_18' title="bbox 106 515 1481 554; baseline 0.001 -13"><span class='ocrx_word' id='word_1_114' title='bbox 106 516 277 551; x_wconf 65' lang='grc' dir='ltr'>πραγμάτων</span> <span class='ocrx_word' id='word_1_115' title='bbox 289 517 335 543; x_wconf 79' lang='grc' dir='ltr'>καὶ</span> <span class='ocrx_word' id='word_1_116' title='bbox 351 517 439 554; x_wconf 77' lang='grc' dir='ltr'>ἔργων</span> <span class='ocrx_word' id='word_1_117' title='bbox 456 519 502 545; x_wconf 78' lang='grc' dir='ltr'><strong>καὶ</strong></span> <span class='ocrx_word' id='word_1_118' title='bbox 513 518 650 554; x_wconf 81' lang='grc' dir='ltr'><strong>λογισμῶν</strong></span> <span class='ocrx_word' id='word_1_119' title='bbox 664 518 882 554; x_wconf 75' lang='grc' dir='ltr'>ὲγκρατεύσομαι</span> <span class='ocrx_word' id='word_1_120' title='bbox 893 518 941 546; x_wconf 74' lang='grc' dir='ltr'>καὶ</span> <span class='ocrx_word' id='word_1_121' title='bbox 957 518 1036 544; x_wconf 86' lang='grc' dir='ltr'>τίνων</span> <span class='ocrx_word' id='word_1_122' title='bbox 1050 517 1137 545; x_wconf 81' lang='grc' dir='ltr'>ἄλλων</span> <span class='ocrx_word' id='word_1_123' title='bbox 1149 517 1352 552; x_wconf 82' lang='grc' dir='ltr'>ὲπιμελήσομαι</span> <span class='ocrx_word' id='word_1_124' title='bbox 1366 515 1481 552; x_wconf 83' lang='grc' dir='ltr'>ἀρετῶν.</span> 
     </span>
    </p>
   </div>
   <div class='ocr_carea' id='block_1_19' title="bbox 143 573 896 612">
    <p class='ocr_par' dir='ltr' id='par_1_19' title="bbox 143 573 896 612">
     <span class='ocr_line' id='line_1_19' title="bbox 143 573 896 612; baseline 0.004 -13"><span class='ocrx_word' id='word_1_125' title='bbox 143 573 211 599; x_wconf 83' lang='grc' dir='ltr'>Τότε</span> <span class='ocrx_word' id='word_1_126' title='bbox 225 574 239 600; x_wconf 78' lang='grc' dir='ltr'>ὁ</span> <span class='ocrx_word' id='word_1_127' title='bbox 251 574 410 607; x_wconf 80' lang='grc' dir='ltr'>ἐπίσκοπος,</span> <span class='ocrx_word' id='word_1_128' title='bbox 427 577 542 611; x_wconf 84' lang='grc' dir='ltr'><strong>ποιήσας</strong></span> <span class='ocrx_word' id='word_1_129' title='bbox 558 575 641 612; x_wconf 81' lang='grc' dir='ltr'>εὐχὴν</span> <span class='ocrx_word' id='word_1_130' title='bbox 656 575 703 602; x_wconf 83' lang='grc' dir='ltr'>καὶ</span> <span class='ocrx_word' id='word_1_131' title='bbox 724 575 837 607; x_wconf 73' lang='grc' dir='ltr'>καθίσας</span> <span class='ocrx_word' id='word_1_132' title='bbox 847 575 896 602; x_wconf 79' lang='grc' dir='ltr'>ἐδί-</span> 
     </span>
    </p>
   </div>
   <div class='ocr_carea' id='block_1_20' title="bbox 105 618 894 657">
    <p class='ocr_par' dir='ltr' id='par_1_20' title="bbox 105 618 894 657">
     <span class='ocr_line' id='line_1_20' title="bbox 105 618 894 657; baseline 0.003 -12"><span class='ocrx_word' id='word_1_133' title='bbox 105 618 208 645; x_wconf 83' lang='grc' dir='ltr'>δασκεν</span> <span class='ocrx_word' id='word_1_134' title='bbox 219 619 300 646; x_wconf 79' lang='grc' dir='ltr'>αὐτὸν</span> <span class='ocrx_word' id='word_1_135' title='bbox 318 621 346 646; x_wconf 85' lang='grc' dir='ltr'>ἐν</span> <span class='ocrx_word' id='word_1_136' title='bbox 363 621 501 656; x_wconf 82' lang='grc' dir='ltr'>Πνεύματι</span> <span class='ocrx_word' id='word_1_137' title='bbox 522 622 592 656; x_wconf 82' lang='grc' dir='ltr'>ἁγίῳ</span> <span class='ocrx_word' id='word_1_138' title='bbox 608 622 672 656; x_wconf 87' lang='grc' dir='ltr'>μίαν</span> <span class='ocrx_word' id='word_1_139' title='bbox 688 621 805 657; x_wconf 82' lang='grc' dir='ltr'>ἑκάστην</span> <span class='ocrx_word' id='word_1_140' title='bbox 820 622 894 647; x_wconf 81' lang='grc' dir='ltr'>ἐντο-</span> 
     </span>
    </p>
   </div>
   <div class='ocr_carea' id='block_1_21' title="bbox 106 663 896 703">
    <p class='ocr_par' dir='ltr' id='par_1_21' title="bbox 106 663 896 703">
     <span class='ocr_line' id='line_1_21' title="bbox 106 663 896 703; baseline 0.006 -14"><span class='ocrx_word' id='word_1_141' title='bbox 106 663 157 698; x_wconf 85' lang='grc' dir='ltr'>λὴν</span> <span class='ocrx_word' id='word_1_142' title='bbox 168 663 223 691; x_wconf 90' lang='grc' dir='ltr'><strong>τῶν</strong></span> <span class='ocrx_word' id='word_1_143' title='bbox 236 665 408 701; x_wconf 83' lang='grc' dir='ltr'>διδαγμάτων</span> <span class='ocrx_word' id='word_1_144' title='bbox 423 667 470 693; x_wconf 88' lang='grc' dir='ltr'><strong>τοῦ</strong></span> <span class='ocrx_word' id='word_1_145' title='bbox 492 667 613 702; x_wconf 82' lang='grc' dir='ltr'>Χριστοῦ</span> <span class='ocrx_word' id='word_1_146' title='bbox 631 667 783 703; x_wconf 84' lang='grc' dir='ltr'>πληρῶσαι.</span> <span class='ocrx_word' id='word_1_147' title='bbox 798 668 896 702; x_wconf 79' lang='grc' dir='ltr'>’Δρχε-</span> 
     </span>
    </p>
   </div>
   <div class='ocr_carea' id='block_1_22' title="bbox 105 707 425 746">
    <p class='ocr_par' dir='ltr' id='par_1_22' title="bbox 105 707 425 746">
     <span class='ocr_line' id='line_1_22' title="bbox 105 707 425 746; baseline 0.013 -12"><span class='ocrx_word' id='word_1_148' title='bbox 105 717 153 734; x_wconf 86' lang='grc' dir='ltr'><strong>ται</strong></span> <span class='ocrx_word' id='word_1_149' title='bbox 172 707 219 735; x_wconf 82' lang='grc' dir='ltr'>οὖν</span> <span class='ocrx_word' id='word_1_150' title='bbox 232 709 320 743; x_wconf 81' lang='grc' dir='ltr'>λέγειν</span> <span class='ocrx_word' id='word_1_151' title='bbox 340 710 425 746; x_wconf 83' lang='grc' dir='ltr'>αὐτῷ·</span> 
     </span>
    </p>
   </div>
   <div class='ocr_carea' id='block_1_23' title="bbox 983 573 1730 608">
    <p class='ocr_par' dir='ltr' id='par_1_23' title="bbox 983 573 1730 608">
     <span class='ocr_line' id='line_1_23' title="bbox 983 573 1730 608; baseline -0.001 -6"><span class='ocrx_word' id='word_1_152' title='bbox 983 575 1063 608; x_wconf 83' lang='grc' dir='ltr'>Τιιιη,</span> <span class='ocrx_word' id='word_1_153' title='bbox 1078 574 1201 601; x_wconf 91' lang='lat' dir='ltr'><strong>oratione</strong></span> <span class='ocrx_word' id='word_1_154' title='bbox 1226 573 1308 605; x_wconf 82' lang='lat' dir='ltr'><strong>facta,</strong></span> <span class='ocrx_word' id='word_1_155' title='bbox 1325 573 1481 608; x_wconf 87' lang='lat' dir='ltr'><strong>episcopus,</strong></span> <span class='ocrx_word' id='word_1_156' title='bbox 1511 573 1608 601; x_wconf 84' lang='lat' dir='ltr'><strong>sedens</strong></span> <span class='ocrx_word' id='word_1_157' title='bbox 1637 573 1730 601; x_wconf 81' lang='lat' dir='ltr'><strong>docuit</strong></span> 
     </span>
    </p>
   </div>
   <div class='ocr_carea' id='block_1_24' title="bbox 947 619 1730 655">
    <p class='ocr_par' dir='ltr' id='par_1_24' title="bbox 947 619 1730 655">
     <span class='ocr_line' id='line_1_24' title="bbox 947 619 1730 655; baseline -0.003 -6"><span class='ocrx_word' id='word_1_158' title='bbox 947 623 1023 650; x_wconf 88' lang='lat' dir='ltr'><strong>illum</strong></span> <span class='ocrx_word' id='word_1_159' title='bbox 1046 621 1074 648; x_wconf 90' lang='lat' dir='ltr'><strong>iu</strong></span> <span class='ocrx_word' id='word_1_160' title='bbox 1104 620 1206 655; x_wconf 79' lang='lat' dir='ltr'><strong>Spiritu</strong></span> <span class='ocrx_word' id='word_1_161' title='bbox 1233 624 1339 651; x_wconf 78' lang='lat' dir='ltr'><strong>sancto,</strong></span> <span class='ocrx_word' id='word_1_162' title='bbox 1355 619 1463 654; x_wconf 72' lang='lat' dir='ltr'><strong>singula</strong></span> <span class='ocrx_word' id='word_1_163' title='bbox 1484 619 1586 647; x_wconf 83' lang='lat' dir='ltr'><strong>Christi</strong></span> <span class='ocrx_word' id='word_1_164' title='bbox 1601 619 1730 648; x_wconf 65' lang='lat' dir='ltr'><strong>doctrinas</strong></span> 
     </span>
    </p>
   </div>
   <div class='ocr_carea' id='block_1_25' title="bbox 948 664 1579 700">
    <p class='ocr_par' dir='ltr' id='par_1_25' title="bbox 948 664 1579 700">
     <span class='ocr_line' id='line_1_25' title="bbox 948 664 1579 700; baseline -0.003 -6"><span class='ocrx_word' id='word_1_165' title='bbox 948 667 1075 694; x_wconf 85' lang='lat' dir='ltr'><strong>mandata</strong></span> <span class='ocrx_word' id='word_1_166' title='bbox 1090 665 1236 700; x_wconf 83' lang='lat' dir='ltr'><strong>complere.</strong></span> <span class='ocrx_word' id='word_1_167' title='bbox 1253 664 1297 692; x_wconf 83' lang='lat' dir='ltr'><strong>Sic</strong></span> <span class='ocrx_word' id='word_1_168' title='bbox 1314 665 1406 700; x_wconf 85' lang='lat' dir='ltr'><strong>itaque</strong></span> <span class='ocrx_word' id='word_1_169' title='bbox 1419 672 1500 692; x_wconf 85' lang='lat' dir='ltr'><strong>orsus</strong></span> <span class='ocrx_word' id='word_1_170' title='bbox 1511 668 1553 692; x_wconf 87' lang='lat' dir='ltr'><strong>est</strong></span> <span class='ocrx_word' id='word_1_171' title='bbox 1573 674 1579 692; x_wconf 94' lang='lat'><strong>:</strong></span> 
     </span>
    </p>
   </div>
   <div class='ocr_carea' id='block_1_26' title="bbox 715 787 1135 823">
    <p class='ocr_par' dir='ltr' id='par_1_26' title="bbox 715 787 1135 823">
     <span class='ocr_line' id='line_1_26' title="bbox 715 787 1135 823; baseline -0.017 -2"><span class='ocrx_word' id='word_1_172' title='bbox 715 792 842 820; x_wconf 80' lang='lat' dir='ltr'><strong>&#39;Primum</strong></span> <span class='ocrx_word' id='word_1_173' title='bbox 862 790 1016 819; x_wconf 83' lang='lat' dir='ltr'><strong>mandatum</strong></span> <span class='ocrx_word' id='word_1_174' title='bbox 1028 788 1059 815; x_wconf 81' lang='lat' dir='ltr'><strong>de</strong></span> <span class='ocrx_word' id='word_1_175' title='bbox 1074 787 1135 823; x_wconf 80' lang='lat' dir='ltr'><strong>ﬁde.</strong></span> 
     </span>
    </p>
   </div>
   <div class='ocr_carea' id='block_1_27' title="bbox 143 863 894 907">
    <p class='ocr_par' dir='ltr' id='par_1_27' title="bbox 143 866 894 907">
     <span class='ocr_line' id='line_1_27' title="bbox 143 866 894 907; baseline 0.008 -15"><span class='ocrx_word' id='word_1_176' title='bbox 143 866 204 902; x_wconf 83' lang='grc' dir='ltr'>Χρὴ</span> <span class='ocrx_word' id='word_1_177' title='bbox 223 867 268 894; x_wconf 80' lang='grc' dir='ltr'><strong>τὸν</strong></span> <span class='ocrx_word' id='word_1_178' title='bbox 291 867 337 894; x_wconf 79' lang='grc' dir='ltr'><strong>ἐπὶ</strong></span> <span class='ocrx_word' id='word_1_179' title='bbox 361 868 411 903; x_wconf 83' lang='grc' dir='ltr'>τὴν</span> <span class='ocrx_word' id='word_1_180' title='bbox 432 869 597 904; x_wconf 85' lang='grc' dir='ltr'>ἀκηλίδωτον</span> <span class='ocrx_word' id='word_1_181' title='bbox 626 871 727 906; x_wconf 82' lang='grc' dir='ltr'>ἀρετὴν</span> <span class='ocrx_word' id='word_1_182' title='bbox 747 872 894 907; x_wconf 80' lang='grc' dir='ltr'>ἐρχόμενον</span> 
     </span>
    </p>
   </div>
   <div class='ocr_carea' id='block_1_28' title="bbox 949 863 1732 907">
    <p class='ocr_par' dir='ltr' id='par_1_28' title="bbox 981 863 1732 903">
     <span class='ocr_line' id='line_1_28' title="bbox 981 863 1732 903; baseline -0.008 -7"><span class='ocrx_word' id='word_1_183' title='bbox 981 868 1049 896; x_wconf 86' lang='lat' dir='ltr'><strong>Eum</strong></span> <span class='ocrx_word' id='word_1_184' title='bbox 1062 867 1109 903; x_wconf 90' lang='lat' dir='ltr'><strong>qui</strong></span> <span class='ocrx_word' id='word_1_185' title='bbox 1123 865 1158 894; x_wconf 85' lang='lat' dir='ltr'><strong>ad</strong></span> <span class='ocrx_word' id='word_1_186' title='bbox 1174 865 1376 893; x_wconf 88' lang='lat' dir='ltr'><strong>immaculatam</strong></span> <span class='ocrx_word' id='word_1_187' title='bbox 1400 865 1528 892; x_wconf 80' lang='lat' dir='ltr'><strong>virtutem</strong></span> <span class='ocrx_word' id='word_1_188' title='bbox 1546 863 1662 896; x_wconf 77' lang='lat' dir='ltr'><strong>accedit,</strong></span> <span class='ocrx_word' id='word_1_189' title='bbox 1683 871 1732 891; x_wconf 86' lang='lat' dir='ltr'><strong>ve-</strong></span> 
     </span>
    </p>
   </div>
   <div class='ocr_carea' id='block_1_29' title="bbox 106 913 895 954">
    <p class='ocr_par' dir='ltr' id='par_1_29' title="bbox 106 913 895 954">
     <span class='ocr_line' id='line_1_29' title="bbox 106 913 895 954; baseline 0.008 -15"><span class='ocrx_word' id='word_1_190' title='bbox 106 913 155 939; x_wconf 74' lang='grc' dir='ltr'>καὶ</span> <span class='ocrx_word' id='word_1_191' title='bbox 168 914 265 949; x_wconf 84' lang='grc' dir='ltr'>σεμνὸν</span> <span class='ocrx_word' id='word_1_192' title='bbox 282 914 338 950; x_wconf 77' lang='grc' dir='ltr'>βίον</span> <span class='ocrx_word' id='word_1_193' title='bbox 355 915 561 951; x_wconf 82' lang='grc' dir='ltr'>πολιτεύομενον</span> <span class='ocrx_word' id='word_1_194' title='bbox 571 917 616 943; x_wconf 69' lang='grc' dir='ltr'>καὶ</span> <span class='ocrx_word' id='word_1_195' title='bbox 628 917 674 944; x_wconf 70' lang='grc' dir='ltr'><strong>ἐπὶ</strong></span> <span class='ocrx_word' id='word_1_196' title='bbox 686 919 744 949; x_wconf 82' lang='grc' dir='ltr'>τοῖς</span> <span class='ocrx_word' id='word_1_197' title='bbox 755 918 895 954; x_wconf 81' lang='grc' dir='ltr'>προτέροις</span> 
     </span>
    </p>
   </div>
   <div class='ocr_carea' id='block_1_30' title="bbox 107 959 895 999">
    <p class='ocr_par' dir='ltr' id='par_1_30' title="bbox 107 959 895 999">
     <span class='ocr_line' id='line_1_30' title="bbox 107 959 895 999; baseline 0.008 -14"><span class='ocrx_word' id='word_1_198' title='bbox 107 959 290 995; x_wconf 83' lang='grc' dir='ltr'>ἁμαρτήμασι</span> <span class='ocrx_word' id='word_1_199' title='bbox 307 961 487 995; x_wconf 75' lang='grc' dir='ltr'>μετανοοῦντα</span> <span class='ocrx_word' id='word_1_200' title='bbox 501 962 558 998; x_wconf 76' lang='grc'><strong>(57)</strong></span> <span class='ocrx_word' id='word_1_201' title='bbox 567 963 621 999; x_wconf 81' lang='grc' dir='ltr'><strong>πρὸ</strong></span> <span class='ocrx_word' id='word_1_202' title='bbox 639 963 747 990; x_wconf 86' lang='grc' dir='ltr'>πάντων</span> <span class='ocrx_word' id='word_1_203' title='bbox 758 965 895 991; x_wconf 81' lang='grc' dir='ltr'>πιστεύειν</span> 
     </span>
    </p>
   </div>
   <div class='ocr_carea' id='block_1_31' title="bbox 105 1005 895 1045">
    <p class='ocr_par' dir='ltr' id='par_1_31' title="bbox 105 1005 895 1045">
     <span class='ocr_line' id='line_1_31' title="bbox 105 1005 895 1045; baseline 0.006 -14"><span class='ocrx_word' id='word_1_204' title='bbox 105 1006 149 1037; x_wconf 71' lang='grc' dir='ltr'><strong>εἰς</strong></span> <span class='ocrx_word' id='word_1_205' title='bbox 163 1005 212 1031; x_wconf 72' lang='grc' dir='ltr'>ἕνα</span> <span class='ocrx_word' id='word_1_206' title='bbox 234 1005 300 1032; x_wconf 76' lang='grc' dir='ltr'>Θεὸν</span> <span class='ocrx_word' id='word_1_207' title='bbox 326 1008 544 1043; x_wconf 83' lang='grc' dir='ltr'>παντοκράτορα,</span> <span class='ocrx_word' id='word_1_208' title='bbox 568 1009 683 1045; x_wconf 83' lang='grc' dir='ltr'>ποιητὴν</span> <span class='ocrx_word' id='word_1_209' title='bbox 707 1009 821 1045; x_wconf 85' lang='grc' dir='ltr'>οὐρανοῦ</span> <span class='ocrx_word' id='word_1_210' title='bbox 849 1010 895 1036; x_wconf 74' lang='grc' dir='ltr'>καὶ</span> 
     </span>
    </p>
   </div>
   <div class='ocr_carea' id='block_1_32' title="bbox 105 1051 894 1090">
    <p class='ocr_par' dir='ltr' id='par_1_32' title="bbox 105 1051 894 1090">
     <span class='ocr_line' id='line_1_32' title="bbox 105 1051 894 1090; baseline 0.006 -13"><span class='ocrx_word' id='word_1_211' title='bbox 105 1052 170 1087; x_wconf 73' lang='grc' dir='ltr'><strong>γῆς,</strong></span> <span class='ocrx_word' id='word_1_212' title='bbox 188 1051 292 1086; x_wconf 79' lang='grc' dir='ltr'>ὁρατῶν</span> <span class='ocrx_word' id='word_1_213' title='bbox 308 1061 338 1078; x_wconf 82' lang='grc' dir='ltr'><strong>τε</strong></span> <span class='ocrx_word' id='word_1_214' title='bbox 356 1053 465 1080; x_wconf 78' lang='grc' dir='ltr'>πάντων</span> <span class='ocrx_word' id='word_1_215' title='bbox 490 1055 537 1081; x_wconf 77' lang='grc' dir='ltr'><strong>καὶ</strong></span> <span class='ocrx_word' id='word_1_216' title='bbox 560 1054 700 1090; x_wconf 57' lang='grc' dir='ltr'>ἀοράτων</span> <span class='ocrx_word' id='word_1_217' title='bbox 716 1056 763 1082; x_wconf 80' lang='grc' dir='ltr'>καὶ</span> <span class='ocrx_word' id='word_1_218' title='bbox 784 1057 824 1088; x_wconf 80' lang='grc' dir='ltr'>εἰς</span> <span class='ocrx_word' id='word_1_219' title='bbox 847 1055 894 1082; x_wconf 71' lang='grc' dir='ltr'>ἕνα</span> 
     </span>
    </p>
   </div>
   <div class='ocr_carea' id='block_1_33' title="bbox 105 1096 894 1136">
    <p class='ocr_par' dir='ltr' id='par_1_33' title="bbox 105 1096 894 1136">
     <span class='ocr_line' id='line_1_33' title="bbox 105 1096 894 1136; baseline 0.01 -15"><span class='ocrx_word' id='word_1_220' title='bbox 105 1096 210 1132; x_wconf 81' lang='grc' dir='ltr'>Κύριον</span> <span class='ocrx_word' id='word_1_221' title='bbox 229 1096 332 1133; x_wconf 80' lang='grc' dir='ltr'>Ἰησοῦν</span> <span class='ocrx_word' id='word_1_222' title='bbox 345 1098 462 1133; x_wconf 84' lang='grc' dir='ltr'>Χριστὸν</span> <span class='ocrx_word' id='word_1_223' title='bbox 473 1099 519 1126; x_wconf 77' lang='grc' dir='ltr'>τὸν</span> <span class='ocrx_word' id='word_1_224' title='bbox 533 1099 597 1126; x_wconf 78' lang='grc' dir='ltr'>Υἰὺν</span> <span class='ocrx_word' id='word_1_225' title='bbox 609 1100 656 1127; x_wconf 85' lang='grc' dir='ltr'><strong>τοῦ</strong></span> <span class='ocrx_word' id='word_1_226' title='bbox 672 1100 739 1127; x_wconf 82' lang='grc' dir='ltr'><strong>Θεοῦ</strong></span> <span class='ocrx_word' id='word_1_227' title='bbox 753 1101 797 1128; x_wconf 83' lang='grc' dir='ltr'>τὸν</span> <span class='ocrx_word' id='word_1_228' title='bbox 816 1110 894 1136; x_wconf 89' lang='grc' dir='ltr'>μονο-</span> 
     </span>
    </p>
   </div>
   <div class='ocr_carea' id='block_1_34' title="bbox 105 1139 895 1183">
    <p class='ocr_par' dir='ltr' id='par_1_34' title="bbox 105 1139 895 1183">
     <span class='ocr_line' id='line_1_34' title="bbox 105 1139 895 1183; baseline 0.008 -15"><span class='ocrx_word' id='word_1_229' title='bbox 105 1142 184 1177; x_wconf 87' lang='grc' dir='ltr'>γενῆ,</span> <span class='ocrx_word' id='word_1_230' title='bbox 199 1142 232 1169; x_wconf 87' lang='grc' dir='ltr'>δι’</span> <span class='ocrx_word' id='word_1_231' title='bbox 247 1139 277 1169; x_wconf 72' lang='grc' dir='ltr'>οὗ</span> <span class='ocrx_word' id='word_1_232' title='bbox 292 1143 326 1169; x_wconf 84' lang='grc' dir='ltr'><strong>τὰ</strong></span> <span class='ocrx_word' id='word_1_233' title='bbox 341 1143 430 1170; x_wconf 84' lang='grc' dir='ltr'>πάντα</span> <span class='ocrx_word' id='word_1_234' title='bbox 446 1145 565 1179; x_wconf 74' lang='grc' dir='ltr'>ἐγένετο,</span> <span class='ocrx_word' id='word_1_235' title='bbox 579 1146 613 1173; x_wconf 76' lang='grc' dir='ltr'><strong>τὰ</strong></span> <span class='ocrx_word' id='word_1_236' title='bbox 630 1146 659 1173; x_wconf 78' lang='grc' dir='ltr'>ὲν</span> <span class='ocrx_word' id='word_1_237' title='bbox 675 1147 713 1183; x_wconf 81' lang='grc' dir='ltr'>τῷ</span> <span class='ocrx_word' id='word_1_238' title='bbox 724 1147 831 1182; x_wconf 81' lang='grc' dir='ltr'>οὐρανῷ</span> <span class='ocrx_word' id='word_1_239' title='bbox 848 1148 895 1174; x_wconf 75' lang='grc' dir='ltr'>καὶ</span> 
     </span>
    </p>
   </div>
   <div class='ocr_carea' id='block_1_35' title="bbox 106 1188 894 1229">
    <p class='ocr_par' dir='ltr' id='par_1_35' title="bbox 106 1188 894 1229">
     <span class='ocr_line' id='line_1_35' title="bbox 106 1188 894 1229; baseline 0.008 -15"><span class='ocrx_word' id='word_1_240' title='bbox 106 1188 136 1214; x_wconf 81' lang='grc' dir='ltr'>ὲν</span> <span class='ocrx_word' id='word_1_241' title='bbox 150 1189 184 1223; x_wconf 84' lang='grc' dir='ltr'><strong>τῇ</strong></span> <span class='ocrx_word' id='word_1_242' title='bbox 195 1189 242 1224; x_wconf 86' lang='grc' dir='ltr'><strong>γῇ,</strong></span> <span class='ocrx_word' id='word_1_243' title='bbox 256 1189 321 1215; x_wconf 82' lang='grc' dir='ltr'><strong>Θεὸν</strong></span> <span class='ocrx_word' id='word_1_244' title='bbox 344 1190 459 1226; x_wconf 80' lang='grc' dir='ltr'><strong>Σωτῆρα</strong></span> <span class='ocrx_word' id='word_1_245' title='bbox 480 1192 496 1227; x_wconf 83' lang='grc' dir='ltr'>ἡ</span> <span class='ocrx_word' id='word_1_246' title='bbox 501 1192 559 1226; x_wconf 82' lang='grc' dir='ltr'><strong>μῶν</strong></span> <span class='ocrx_word' id='word_1_247' title='bbox 575 1192 741 1228; x_wconf 86' lang='grc' dir='ltr'>ὑπάρχοντα,</span> <span class='ocrx_word' id='word_1_248' title='bbox 754 1193 894 1229; x_wconf 82' lang='grc' dir='ltr'>ὁμοούσιον</span> 
     </span>
    </p>
   </div>
   <div class='ocr_carea' id='block_1_36' title="bbox 105 1232 895 1274">
    <p class='ocr_par' dir='ltr' id='par_1_36' title="bbox 105 1232 895 1274">
     <span class='ocr_line' id='line_1_36' title="bbox 105 1232 895 1274; baseline 0.006 -15"><span class='ocrx_word' id='word_1_249' title='bbox 105 1232 146 1268; x_wconf 79' lang='grc' dir='ltr'>τῷ</span> <span class='ocrx_word' id='word_1_250' title='bbox 161 1234 265 1270; x_wconf 86' lang='grc' dir='ltr'>Πατρί·</span> <span class='ocrx_word' id='word_1_251' title='bbox 281 1235 328 1261; x_wconf 80' lang='grc' dir='ltr'><strong>καὶ</strong></span> <span class='ocrx_word' id='word_1_252' title='bbox 340 1235 380 1267; x_wconf 82' lang='grc' dir='ltr'><strong>είς</strong></span> <span class='ocrx_word' id='word_1_253' title='bbox 391 1236 422 1262; x_wconf 81' lang='grc' dir='ltr'>τὸ</span> <span class='ocrx_word' id='word_1_254' title='bbox 439 1236 516 1270; x_wconf 78' lang='grc' dir='ltr'>ἅγιον</span> <span class='ocrx_word' id='word_1_255' title='bbox 532 1237 654 1273; x_wconf 82' lang='grc' dir='ltr'><strong>Πνεῦμα,</strong></span> <span class='ocrx_word' id='word_1_256' title='bbox 672 1238 702 1265; x_wconf 80' lang='grc' dir='ltr'>τὸ</span> <span class='ocrx_word' id='word_1_257' title='bbox 725 1239 826 1274; x_wconf 82' lang='grc' dir='ltr'>Κύριον</span> <span class='ocrx_word' id='word_1_258' title='bbox 849 1239 895 1265; x_wconf 83' lang='grc' dir='ltr'>καὶ</span> 
     </span>
    </p>
   </div>
   <div class='ocr_carea' id='block_1_37' title="bbox 105 1278 895 1320">
    <p class='ocr_par' dir='ltr' id='par_1_37' title="bbox 105 1278 895 1320">
     <span class='ocr_line' id='line_1_37' title="bbox 105 1278 895 1320; baseline 0.009 -15"><span class='ocrx_word' id='word_1_259' title='bbox 105 1278 248 1311; x_wconf 80' lang='grc' dir='ltr'>ζωοποιὺν,</span> <span class='ocrx_word' id='word_1_260' title='bbox 266 1280 296 1306; x_wconf 77' lang='grc' dir='ltr'><strong>τὸ</strong></span> <span class='ocrx_word' id='word_1_261' title='bbox 316 1281 348 1307; x_wconf 82' lang='grc' dir='ltr'>ἐκ</span> <span class='ocrx_word' id='word_1_262' title='bbox 361 1281 408 1307; x_wconf 83' lang='grc' dir='ltr'><strong>τοῦ</strong></span> <span class='ocrx_word' id='word_1_263' title='bbox 426 1282 533 1318; x_wconf 80' lang='grc' dir='ltr'>Πατρὸς</span> <span class='ocrx_word' id='word_1_264' title='bbox 555 1283 779 1320; x_wconf 80' lang='grc' dir='ltr'>ἐκπορευόμενον,</span> <span class='ocrx_word' id='word_1_265' title='bbox 802 1285 832 1311; x_wconf 76' lang='grc' dir='ltr'>τὸ</span> <span class='ocrx_word' id='word_1_266' title='bbox 847 1285 895 1312; x_wconf 84' lang='grc' dir='ltr'>σὺν</span> 
     </span>
    </p>
   </div>
   <div class='ocr_carea' id='block_1_38' title="bbox 105 1325 895 1363">
    <p class='ocr_par' dir='ltr' id='par_1_38' title="bbox 105 1325 895 1363">
     <span class='ocr_line' id='line_1_38' title="bbox 105 1325 895 1363; baseline 0.009 -13"><span class='ocrx_word' id='word_1_267' title='bbox 105 1325 196 1360; x_wconf 76' lang='grc' dir='ltr'>Πατρὶ</span> <span class='ocrx_word' id='word_1_268' title='bbox 213 1325 260 1351; x_wconf 78' lang='grc' dir='ltr'><strong>καὶ</strong></span> <span class='ocrx_word' id='word_1_269' title='bbox 270 1326 328 1360; x_wconf 80' lang='grc' dir='ltr'><strong>Υἱῷ</strong></span> <span class='ocrx_word' id='word_1_270' title='bbox 346 1328 640 1363; x_wconf 84' lang='grc' dir='ltr'>συμπροσκυνούμενον</span> <span class='ocrx_word' id='word_1_271' title='bbox 662 1329 709 1356; x_wconf 75' lang='grc' dir='ltr'>καὶ</span> <span class='ocrx_word' id='word_1_272' title='bbox 735 1329 895 1363; x_wconf 78' lang='grc' dir='ltr'>συνδοξαζό-</span> 
     </span>
    </p>
   </div>
   <div class='ocr_carea' id='block_1_39' title="bbox 107 1368 897 1411">
    <p class='ocr_par' dir='ltr' id='par_1_39' title="bbox 107 1368 897 1411">
     <span class='ocr_line' id='line_1_39' title="bbox 107 1368 897 1411; baseline 0.008 -15"><span class='ocrx_word' id='word_1_273' title='bbox 107 1379 198 1406; x_wconf 88' lang='grc' dir='ltr'>μενον.</span> <span class='ocrx_word' id='word_1_274' title='bbox 210 1368 258 1403; x_wconf 75' lang='grc' dir='ltr'>Εἷς</span> <span class='ocrx_word' id='word_1_275' title='bbox 274 1371 338 1402; x_wconf 81' lang='grc' dir='ltr'>Θεὸς</span> <span class='ocrx_word' id='word_1_276' title='bbox 349 1372 429 1407; x_wconf 81' lang='grc' dir='ltr'>μόνος</span> <span class='ocrx_word' id='word_1_277' title='bbox 440 1374 454 1399; x_wconf 85' lang='grc' dir='ltr'><strong><em>ὁ</em></strong></span> <span class='ocrx_word' id='word_1_278' title='bbox 466 1372 554 1400; x_wconf 83' lang='grc' dir='ltr'>πάντα</span> <span class='ocrx_word' id='word_1_279' title='bbox 569 1374 674 1410; x_wconf 78' lang='grc' dir='ltr'>χωρῶν,</span> <span class='ocrx_word' id='word_1_280' title='bbox 690 1375 769 1410; x_wconf 80' lang='grc' dir='ltr'>μόνος</span> <span class='ocrx_word' id='word_1_281' title='bbox 783 1375 811 1401; x_wconf 86' lang='grc' dir='ltr'><strong>δὲ</strong></span> <span class='ocrx_word' id='word_1_282' title='bbox 827 1376 897 1411; x_wconf 81' lang='grc' dir='ltr'><strong>ἀχώ-</strong></span> 
     </span>
    </p>
   </div>
   <div class='ocr_carea' id='block_1_40' title="bbox 106 1416 892 1456">
    <p class='ocr_par' dir='ltr' id='par_1_40' title="bbox 106 1416 892 1456">
     <span class='ocr_line' id='line_1_40' title="bbox 106 1416 892 1456; baseline 0.008 -14"><span class='ocrx_word' id='word_1_283' title='bbox 106 1425 187 1452; x_wconf 85' lang='grc' dir='ltr'>ρητος</span> <span class='ocrx_word' id='word_1_284' title='bbox 201 1416 247 1446; x_wconf 87' lang='grc' dir='ltr'><strong>ὣν.</strong></span> <span class='ocrx_word' id='word_1_285' title='bbox 263 1418 309 1444; x_wconf 78' lang='grc' dir='ltr'>καὶ</span> <span class='ocrx_word' id='word_1_286' title='bbox 319 1418 360 1444; x_wconf 78' lang='grc' dir='ltr'><strong>ὅτι</strong></span> <span class='ocrx_word' id='word_1_287' title='bbox 372 1418 461 1445; x_wconf 72' lang='grc' dir='ltr'>πάντα</span> <span class='ocrx_word' id='word_1_288' title='bbox 474 1419 596 1451; x_wconf 84' lang='grc' dir='ltr'>δύναται,</span> <span class='ocrx_word' id='word_1_289' title='bbox 621 1420 750 1447; x_wconf 85' lang='grc' dir='ltr'>ἀδύνατον</span> <span class='ocrx_word' id='word_1_290' title='bbox 772 1421 800 1447; x_wconf 81' lang='grc' dir='ltr'>δὲ</span> <span class='ocrx_word' id='word_1_291' title='bbox 816 1421 892 1456; x_wconf 73' lang='grc' dir='ltr'>αὐτῷ</span> 
     </span>
    </p>
   </div>
   <div class='ocr_carea' id='block_1_41' title="bbox 103 1462 894 1501">
    <p class='ocr_par' dir='ltr' id='par_1_41' title="bbox 103 1462 894 1501">
     <span class='ocr_line' id='line_1_41' title="bbox 103 1462 894 1501; baseline 0.006 -13"><span class='ocrx_word' id='word_1_292' title='bbox 103 1462 191 1488; x_wconf 72' lang='grc' dir='ltr'>οὐδέν.</span> <span class='ocrx_word' id='word_1_293' title='bbox 224 1462 285 1488; x_wconf 77' lang='grc' dir='ltr'><strong>Ἐὰν</strong></span> <span class='ocrx_word' id='word_1_294' title='bbox 304 1462 374 1489; x_wconf 68' lang='grc' dir='ltr'>οὕτω</span> <span class='ocrx_word' id='word_1_295' title='bbox 400 1463 547 1500; x_wconf 78' lang='grc' dir='ltr'>πιστεύσῃς</span> <span class='ocrx_word' id='word_1_296' title='bbox 575 1464 604 1497; x_wconf 74' lang='grc' dir='ltr'><strong>ἐξ</strong></span> <span class='ocrx_word' id='word_1_297' title='bbox 622 1465 686 1500; x_wconf 81' lang='grc' dir='ltr'>ὅλης</span> <span class='ocrx_word' id='word_1_298' title='bbox 714 1466 826 1501; x_wconf 79' lang='grc' dir='ltr'>καρδίας</span> <span class='ocrx_word' id='word_1_299' title='bbox 848 1475 894 1493; x_wconf 83' lang='grc' dir='ltr'>σου</span> 
     </span>
    </p>
   </div>
   <div class='ocr_carea' id='block_1_42' title="bbox 104 1508 896 1547">
    <p class='ocr_par' dir='ltr' id='par_1_42' title="bbox 104 1508 896 1547">
     <span class='ocr_line' id='line_1_42' title="bbox 104 1508 896 1547; baseline 0.006 -13"><span class='ocrx_word' id='word_1_300' title='bbox 104 1508 153 1534; x_wconf 66' lang='grc' dir='ltr'>καὶ</span> <span class='ocrx_word' id='word_1_301' title='bbox 168 1508 197 1540; x_wconf 79' lang='grc' dir='ltr'><strong>ἐξ</strong></span> <span class='ocrx_word' id='word_1_302' title='bbox 213 1508 276 1544; x_wconf 82' lang='grc' dir='ltr'>ὅλης</span> <span class='ocrx_word' id='word_1_303' title='bbox 292 1509 380 1544; x_wconf 68' lang='grc' dir='ltr'>ψυχῆς</span> <span class='ocrx_word' id='word_1_304' title='bbox 393 1510 440 1536; x_wconf 77' lang='grc' dir='ltr'><strong>καὶ</strong></span> <span class='ocrx_word' id='word_1_305' title='bbox 455 1509 484 1542; x_wconf 78' lang='grc' dir='ltr'><strong>ἐξ</strong></span> <span class='ocrx_word' id='word_1_306' title='bbox 501 1510 565 1546; x_wconf 87' lang='grc' dir='ltr'>ὃλης</span> <span class='ocrx_word' id='word_1_307' title='bbox 594 1511 685 1546; x_wconf 78' lang='grc' dir='ltr'>ἰσχύος</span> <span class='ocrx_word' id='word_1_308' title='bbox 704 1520 761 1545; x_wconf 85' lang='grc' dir='ltr'>σου,</span> <span class='ocrx_word' id='word_1_309' title='bbox 780 1513 825 1538; x_wconf 84' lang='grc' dir='ltr'><strong>καί</strong></span> <span class='ocrx_word' id='word_1_310' title='bbox 849 1521 896 1547; x_wconf 83' lang='grc' dir='ltr'>φο-</span> 
     </span>
    </p>
   </div>
   <div class='ocr_carea' id='block_1_43' title="bbox 945 909 1732 948">
    <p class='ocr_par' dir='ltr' id='par_1_43' title="bbox 945 909 1732 948">
     <span class='ocr_line' id='line_1_43' title="bbox 945 909 1732 948; baseline -0.009 -6"><span class='ocrx_word' id='word_1_311' title='bbox 945 913 1094 942; x_wconf 87' lang='lat' dir='ltr'><strong>nerandam</strong></span> <span class='ocrx_word' id='word_1_312' title='bbox 1103 911 1160 948; x_wconf 67' lang='grc'><strong>(42)</strong></span> <span class='ocrx_word' id='word_1_313' title='bbox 1173 911 1248 939; x_wconf 87' lang='lat' dir='ltr'><strong>ducit</strong></span> <span class='ocrx_word' id='word_1_314' title='bbox 1259 911 1353 941; x_wconf 90' lang='lat' dir='ltr'><strong>vitam,</strong></span> <span class='ocrx_word' id='word_1_315' title='bbox 1365 909 1620 945; x_wconf 70' lang='lat' dir='ltr'><strong>praeteritorumque</strong></span> <span class='ocrx_word' id='word_1_316' title='bbox 1635 916 1732 943; x_wconf 85' lang='lat' dir='ltr'><strong>pecca-</strong></span> 
     </span>
    </p>
   </div>
   <div class='ocr_carea' id='block_1_44' title="bbox 945 953 1732 993">
    <p class='ocr_par' dir='ltr' id='par_1_44' title="bbox 945 953 1732 993">
     <span class='ocr_line' id='line_1_44' title="bbox 945 953 1732 993; baseline -0.009 -7"><span class='ocrx_word' id='word_1_317' title='bbox 945 964 1035 986; x_wconf 86' lang='lat' dir='ltr'><strong>torum</strong></span> <span class='ocrx_word' id='word_1_318' title='bbox 1056 956 1244 993; x_wconf 75' lang='lat' dir='ltr'><strong>poenitentiam</strong></span> <span class='ocrx_word' id='word_1_319' title='bbox 1268 955 1332 990; x_wconf 79' lang='lat' dir='ltr'><strong>agit,</strong></span> <span class='ocrx_word' id='word_1_320' title='bbox 1349 957 1456 989; x_wconf 87' lang='lat' dir='ltr'><strong>oportet</strong></span> <span class='ocrx_word' id='word_1_321' title='bbox 1481 957 1545 980; x_wconf 83' lang='lat' dir='ltr'><strong>ante</strong></span> <span class='ocrx_word' id='word_1_322' title='bbox 1562 953 1653 980; x_wconf 84' lang='lat' dir='ltr'><strong>omnia</strong></span> <span class='ocrx_word' id='word_1_323' title='bbox 1671 960 1732 980; x_wconf 89' lang='lat' dir='ltr'><strong>cre-</strong></span> 
     </span>
    </p>
   </div>
   <div class='ocr_carea' id='block_1_45' title="bbox 945 998 1732 1035">
    <p class='ocr_par' dir='ltr' id='par_1_45' title="bbox 945 998 1732 1035">
     <span class='ocr_line' id='line_1_45' title="bbox 945 998 1732 1035; baseline -0.01 -2"><span class='ocrx_word' id='word_1_324' title='bbox 945 1005 1010 1033; x_wconf 84' lang='lat' dir='ltr'><strong>dere</strong></span> <span class='ocrx_word' id='word_1_325' title='bbox 1028 1004 1056 1032; x_wconf 94' lang='lat' dir='ltr'><strong>in</strong></span> <span class='ocrx_word' id='word_1_326' title='bbox 1079 1011 1164 1031; x_wconf 93' lang='lat' dir='ltr'><strong>unum</strong></span> <span class='ocrx_word' id='word_1_327' title='bbox 1180 1002 1265 1029; x_wconf 86' lang='lat' dir='ltr'><strong>Deum</strong></span> <span class='ocrx_word' id='word_1_328' title='bbox 1281 1002 1504 1035; x_wconf 84' lang='lat' dir='ltr'><strong>omnipotentem,</strong></span> <span class='ocrx_word' id='word_1_329' title='bbox 1521 999 1652 1026; x_wconf 78' lang='lat' dir='ltr'><strong>factorem</strong></span> <span class='ocrx_word' id='word_1_330' title='bbox 1669 998 1732 1026; x_wconf 77' lang='lat' dir='ltr'><strong>cwli</strong></span> 
     </span>
    </p>
   </div>
   <div class='ocr_carea' id='block_1_46' title="bbox 944 1045 1731 1083">
    <p class='ocr_par' dir='ltr' id='par_1_46' title="bbox 944 1045 1731 1083">
     <span class='ocr_line' id='line_1_46' title="bbox 944 1045 1731 1083; baseline -0.01 -4"><span class='ocrx_word' id='word_1_331' title='bbox 944 1056 972 1080; x_wconf 87' lang='lat' dir='ltr'><strong>et</strong></span> <span class='ocrx_word' id='word_1_332' title='bbox 992 1057 1081 1083; x_wconf 61' lang='lat' dir='ltr'><strong>terras,</strong></span> <span class='ocrx_word' id='word_1_333' title='bbox 1095 1048 1245 1077; x_wconf 83' lang='lat' dir='ltr'><strong>visibilium</strong></span> <span class='ocrx_word' id='word_1_334' title='bbox 1263 1047 1385 1074; x_wconf 91' lang='lat' dir='ltr'><strong>omnium</strong></span> <span class='ocrx_word' id='word_1_335' title='bbox 1399 1050 1426 1073; x_wconf 90' lang='lat' dir='ltr'><strong>et</strong></span> <span class='ocrx_word' id='word_1_336' title='bbox 1441 1045 1630 1073; x_wconf 88' lang='lat' dir='ltr'><strong>invisibilium.</strong></span> <span class='ocrx_word' id='word_1_337' title='bbox 1648 1045 1680 1071; x_wconf 80' lang='lat' dir='ltr'><strong>Et</strong></span> <span class='ocrx_word' id='word_1_338' title='bbox 1702 1045 1731 1072; x_wconf 93' lang='lat' dir='ltr'><strong>in</strong></span> 
     </span>
    </p>
   </div>
   <div class='ocr_carea' id='block_1_47' title="bbox 946 1089 1787 1126">
    <p class='ocr_par' dir='ltr' id='par_1_47' title="bbox 946 1089 1787 1126">
     <span class='ocr_line' id='line_1_47' title="bbox 946 1089 1787 1126; baseline -0.01 -3"><span class='ocrx_word' id='word_1_339' title='bbox 946 1103 1029 1124; x_wconf 92' lang='lat' dir='ltr'><strong>unum</strong></span> <span class='ocrx_word' id='word_1_340' title='bbox 1046 1095 1191 1122; x_wconf 87' lang='lat' dir='ltr'><strong>Dominum</strong></span> <span class='ocrx_word' id='word_1_341' title='bbox 1206 1092 1299 1120; x_wconf 85' lang='lat' dir='ltr'><strong>Jesum</strong></span> <span class='ocrx_word' id='word_1_342' title='bbox 1311 1091 1451 1119; x_wconf 85' lang='lat' dir='ltr'><strong>Christum</strong></span> <span class='ocrx_word' id='word_1_343' title='bbox 1476 1090 1576 1117; x_wconf 87' lang='lat' dir='ltr'><strong>Filium</strong></span> <span class='ocrx_word' id='word_1_344' title='bbox 1604 1090 1650 1117; x_wconf 88' lang='lat' dir='ltr'><strong>Dei</strong></span> <span class='ocrx_word' id='word_1_345' title='bbox 1669 1089 1732 1116; x_wconf 83' lang='lat' dir='ltr'><strong>uni—</strong></span> <span class='ocrx_word' id='word_1_346' title='bbox 1784 1125 1787 1126; x_wconf 20' lang='grc' dir='ltr'><em>ν</em></span> 
     </span>
    </p>
   </div>
   <div class='ocr_carea' id='block_1_48' title="bbox 945 1136 1732 1179">
    <p class='ocr_par' dir='ltr' id='par_1_48' title="bbox 945 1136 1732 1179">
     <span class='ocr_line' id='line_1_48' title="bbox 945 1136 1732 1179; baseline -0.009 -9"><span class='ocrx_word' id='word_1_347' title='bbox 945 1143 1075 1179; x_wconf 73' lang='lat' dir='ltr'><strong>genitum,</strong></span> <span class='ocrx_word' id='word_1_348' title='bbox 1095 1149 1143 1176; x_wconf 86' lang='lat' dir='ltr'><strong>per</strong></span> <span class='ocrx_word' id='word_1_349' title='bbox 1160 1147 1240 1175; x_wconf 90' lang='lat' dir='ltr'><strong>quem</strong></span> <span class='ocrx_word' id='word_1_350' title='bbox 1258 1139 1350 1167; x_wconf 86' lang='lat' dir='ltr'><strong>omnia</strong></span> <span class='ocrx_word' id='word_1_351' title='bbox 1364 1138 1435 1166; x_wconf 82' lang='lat' dir='ltr'><strong>facta</strong></span> <span class='ocrx_word' id='word_1_352' title='bbox 1453 1140 1528 1170; x_wconf 86' lang='lat' dir='ltr'><strong>sunt,</strong></span> <span class='ocrx_word' id='word_1_353' title='bbox 1542 1144 1602 1172; x_wconf 74' lang='lat' dir='ltr'><strong>qua:</strong></span> <span class='ocrx_word' id='word_1_354' title='bbox 1617 1136 1645 1163; x_wconf 94' lang='lat' dir='ltr'><strong>in</strong></span> <span class='ocrx_word' id='word_1_355' title='bbox 1662 1137 1732 1164; x_wconf 71' lang='lat' dir='ltr'><strong>coelo</strong></span> 
     </span>
    </p>
   </div>
   <div class='ocr_carea' id='block_1_49' title="bbox 945 1184 1732 1224">
    <p class='ocr_par' dir='ltr' id='par_1_49' title="bbox 945 1184 1732 1224">
     <span class='ocr_line' id='line_1_49' title="bbox 945 1184 1732 1224; baseline -0.01 -7"><span class='ocrx_word' id='word_1_356' title='bbox 945 1193 971 1217; x_wconf 88' lang='lat' dir='ltr'><strong>et</strong></span> <span class='ocrx_word' id='word_1_357' title='bbox 987 1197 1046 1224; x_wconf 76' lang='lat' dir='ltr'><strong>quze</strong></span> <span class='ocrx_word' id='word_1_358' title='bbox 1061 1188 1174 1215; x_wconf 85' lang='lat' dir='ltr'><strong>in-terra</strong></span> <span class='ocrx_word' id='word_1_359' title='bbox 1194 1196 1199 1213; x_wconf 98' lang='lat'>:</span> <span class='ocrx_word' id='word_1_360' title='bbox 1216 1185 1300 1213; x_wconf 90' lang='lat' dir='ltr'><strong>Deum</strong></span> <span class='ocrx_word' id='word_1_361' title='bbox 1320 1184 1489 1211; x_wconf 85' lang='lat' dir='ltr'><strong>Salvatorem</strong></span> <span class='ocrx_word' id='word_1_362' title='bbox 1512 1187 1646 1213; x_wconf 80' lang='lat' dir='ltr'><strong>nostrum,</strong></span> <span class='ocrx_word' id='word_1_363' title='bbox 1667 1190 1732 1210; x_wconf 86' lang='lat' dir='ltr'><strong>eon-</strong></span> 
     </span>
    </p>
   </div>
   <div class='ocr_carea' id='block_1_50' title="bbox 945 1228 1732 1265">
    <p class='ocr_par' dir='ltr' id='par_1_50' title="bbox 945 1228 1732 1265">
     <span class='ocr_line' id='line_1_50' title="bbox 945 1228 1732 1265; baseline -0.011 -2"><span class='ocrx_word' id='word_1_364' title='bbox 945 1234 1154 1263; x_wconf 86' lang='lat' dir='ltr'><strong>substantialem</strong></span> <span class='ocrx_word' id='word_1_365' title='bbox 1175 1232 1261 1259; x_wconf 86' lang='lat' dir='ltr'><strong>Patri.</strong></span> <span class='ocrx_word' id='word_1_366' title='bbox 1283 1231 1315 1257; x_wconf 87' lang='lat' dir='ltr'><strong>Et</strong></span> <span class='ocrx_word' id='word_1_367' title='bbox 1334 1231 1362 1257; x_wconf 89' lang='lat' dir='ltr'><strong>in</strong></span> <span class='ocrx_word' id='word_1_368' title='bbox 1385 1229 1516 1265; x_wconf 80' lang='lat' dir='ltr'><strong>Spiritum</strong></span> <span class='ocrx_word' id='word_1_369' title='bbox 1533 1233 1657 1256; x_wconf 88' lang='lat' dir='ltr'><strong>sanctum</strong></span> <span class='ocrx_word' id='word_1_370' title='bbox 1679 1228 1732 1255; x_wconf 82' lang='lat' dir='ltr'><strong>Do-</strong></span> 
     </span>
    </p>
   </div>
   <div class='ocr_carea' id='block_1_51' title="bbox 945 1270 1732 1312">
    <p class='ocr_par' dir='ltr' id='par_1_51' title="bbox 945 1270 1732 1312">
     <span class='ocr_line' id='line_1_51' title="bbox 945 1270 1732 1312; baseline -0.011 -2"><span class='ocrx_word' id='word_1_371' title='bbox 945 1282 1049 1309; x_wconf 90' lang='lat' dir='ltr'><strong>minum</strong></span> <span class='ocrx_word' id='word_1_372' title='bbox 1064 1285 1090 1308; x_wconf 91' lang='lat' dir='ltr'><strong>et</strong></span> <span class='ocrx_word' id='word_1_373' title='bbox 1103 1270 1295 1310; x_wconf 75' lang='lat' dir='ltr'><strong>viviﬁcantem,</strong></span> <span class='ocrx_word' id='word_1_374' title='bbox 1313 1277 1360 1312; x_wconf 87' lang='lat' dir='ltr'><strong>qui</strong></span> <span class='ocrx_word' id='word_1_375' title='bbox 1377 1284 1409 1304; x_wconf 75' lang='lat' dir='ltr'><strong>ex</strong></span> <span class='ocrx_word' id='word_1_376' title='bbox 1428 1275 1508 1303; x_wconf 81' lang='lat' dir='ltr'><strong>Patre</strong></span> <span class='ocrx_word' id='word_1_377' title='bbox 1529 1275 1662 1310; x_wconf 83' lang='lat' dir='ltr'><strong>procedit,</strong></span> <span class='ocrx_word' id='word_1_378' title='bbox 1685 1276 1732 1309; x_wconf 86' lang='lat' dir='ltr'><strong>qui</strong></span> 
     </span>
    </p>
   </div>
   <div class='ocr_carea' id='block_1_52' title="bbox 945 1321 1733 1355">
    <p class='ocr_par' dir='ltr' id='par_1_52' title="bbox 945 1321 1733 1355">
     <span class='ocr_line' id='line_1_52' title="bbox 945 1321 1733 1355; baseline -0.011 0"><span class='ocrx_word' id='word_1_379' title='bbox 945 1335 1006 1355; x_wconf 92' lang='lat' dir='ltr'><strong>cum</strong></span> <span class='ocrx_word' id='word_1_380' title='bbox 1026 1326 1106 1353; x_wconf 81' lang='lat' dir='ltr'><strong>Patre</strong></span> <span class='ocrx_word' id='word_1_381' title='bbox 1121 1329 1147 1352; x_wconf 88' lang='lat' dir='ltr'><strong>et</strong></span> <span class='ocrx_word' id='word_1_382' title='bbox 1160 1323 1231 1351; x_wconf 86' lang='lat' dir='ltr'><strong>Filio</strong></span> <span class='ocrx_word' id='word_1_383' title='bbox 1255 1323 1337 1350; x_wconf 89' lang='lat' dir='ltr'><strong>simul</strong></span> <span class='ocrx_word' id='word_1_384' title='bbox 1360 1322 1490 1349; x_wconf 89' lang='lat' dir='ltr'><strong>adoratur</strong></span> <span class='ocrx_word' id='word_1_385' title='bbox 1502 1325 1529 1348; x_wconf 91' lang='lat' dir='ltr'><strong>ct</strong></span> <span class='ocrx_word' id='word_1_386' title='bbox 1543 1321 1733 1355; x_wconf 76' lang='lat' dir='ltr'><strong>congloriﬁcn-</strong></span> 
     </span>
    </p>
   </div>
   <div class='ocr_carea' id='block_1_53' title="bbox 945 1368 1733 1405">
    <p class='ocr_par' dir='ltr' id='par_1_53' title="bbox 945 1368 1733 1405">
     <span class='ocr_line' id='line_1_53' title="bbox 945 1368 1733 1405; baseline -0.009 -4"><span class='ocrx_word' id='word_1_387' title='bbox 945 1379 999 1402; x_wconf 90' lang='lat' dir='ltr'><strong>tur.</strong></span> <span class='ocrx_word' id='word_1_388' title='bbox 1012 1373 1089 1401; x_wconf 89' lang='lat' dir='ltr'><strong>Unus</strong></span> <span class='ocrx_word' id='word_1_389' title='bbox 1099 1372 1170 1400; x_wconf 89' lang='lat' dir='ltr'><strong>Deus</strong></span> <span class='ocrx_word' id='word_1_390' title='bbox 1186 1371 1260 1398; x_wconf 86' lang='lat' dir='ltr'><strong>solus</strong></span> <span class='ocrx_word' id='word_1_391' title='bbox 1270 1369 1317 1405; x_wconf 87' lang='lat' dir='ltr'><strong>qui</strong></span> <span class='ocrx_word' id='word_1_392' title='bbox 1330 1369 1421 1396; x_wconf 86' lang='lat' dir='ltr'><strong>omnia</strong></span> <span class='ocrx_word' id='word_1_393' title='bbox 1437 1369 1568 1401; x_wconf 88' lang='lat' dir='ltr'><strong>continet,</strong></span> <span class='ocrx_word' id='word_1_394' title='bbox 1583 1376 1645 1396; x_wconf 89' lang='lat' dir='ltr'><strong>cum</strong></span> <span class='ocrx_word' id='word_1_395' title='bbox 1658 1368 1733 1394; x_wconf 86' lang='lat' dir='ltr'><strong>solus</strong></span> 
     </span>
    </p>
   </div>
   <div class='ocr_carea' id='block_1_54' title="bbox 945 1414 1733 1455">
    <p class='ocr_par' dir='ltr' id='par_1_54' title="bbox 945 1414 1733 1455">
     <span class='ocr_line' id='line_1_54' title="bbox 945 1414 1733 1455; baseline -0.009 -8"><span class='ocrx_word' id='word_1_396' title='bbox 945 1419 1004 1455; x_wconf 86' lang='lat' dir='ltr'><strong>ipse</strong></span> <span class='ocrx_word' id='word_1_397' title='bbox 1018 1418 1151 1446; x_wconf 88' lang='lat' dir='ltr'><strong>contineri</strong></span> <span class='ocrx_word' id='word_1_398' title='bbox 1167 1418 1284 1451; x_wconf 86' lang='lat' dir='ltr'><strong>nequeat</strong></span> <span class='ocrx_word' id='word_1_399' title='bbox 1299 1424 1306 1442; x_wconf 84' lang='lat'><strong>:</strong></span> <span class='ocrx_word' id='word_1_400' title='bbox 1321 1414 1368 1450; x_wconf 92' lang='lat' dir='ltr'><strong>qui</strong></span> <span class='ocrx_word' id='word_1_401' title='bbox 1385 1414 1476 1441; x_wconf 86' lang='lat' dir='ltr'><strong>omnia</strong></span> <span class='ocrx_word' id='word_1_402' title='bbox 1494 1418 1594 1449; x_wconf 86' lang='lat' dir='ltr'><strong>potest,</strong></span> <span class='ocrx_word' id='word_1_403' title='bbox 1609 1414 1733 1448; x_wconf 86' lang='lat' dir='ltr'><strong>nihilque</strong></span> 
     </span>
    </p>
   </div>
   <div class='ocr_carea' id='block_1_55' title="bbox 946 1460 1733 1500">
    <p class='ocr_par' dir='ltr' id='par_1_55' title="bbox 946 1460 1733 1500">
     <span class='ocr_line' id='line_1_55' title="bbox 946 1460 1733 1500; baseline -0.006 -8"><span class='ocrx_word' id='word_1_404' title='bbox 946 1465 998 1500; x_wconf 88' lang='lat' dir='ltr'><strong>ipsi</strong></span> <span class='ocrx_word' id='word_1_405' title='bbox 1013 1463 1182 1499; x_wconf 65' lang='lat' dir='ltr'><strong>impossibile</strong></span> <span class='ocrx_word' id='word_1_406' title='bbox 1208 1466 1259 1490; x_wconf 88' lang='lat' dir='ltr'><strong>est.</strong></span> <span class='ocrx_word' id='word_1_407' title='bbox 1282 1461 1310 1488; x_wconf 90' lang='lat' dir='ltr'><strong>Si</strong></span> <span class='ocrx_word' id='word_1_408' title='bbox 1332 1468 1364 1488; x_wconf 86' lang='lat' dir='ltr'><strong>eo</strong></span> <span class='ocrx_word' id='word_1_409' title='bbox 1390 1460 1470 1487; x_wconf 85' lang='lat' dir='ltr'><strong>modo</strong></span> <span class='ocrx_word' id='word_1_410' title='bbox 1493 1461 1591 1488; x_wconf 82' lang='lat' dir='ltr'><strong>credas</strong></span> <span class='ocrx_word' id='word_1_411' title='bbox 1613 1469 1644 1488; x_wconf 85' lang='lat' dir='ltr'><strong>ex</strong></span> <span class='ocrx_word' id='word_1_412' title='bbox 1675 1465 1733 1487; x_wconf 88' lang='lat' dir='ltr'><strong>toto</strong></span> 
     </span>
    </p>
   </div>
   <div class='ocr_carea' id='block_1_56' title="bbox 946 1505 1734 1543">
    <p class='ocr_par' dir='ltr' id='par_1_56' title="bbox 946 1505 1734 1543">
     <span class='ocr_line' id='line_1_56' title="bbox 946 1505 1734 1543; baseline -0.009 -4"><span class='ocrx_word' id='word_1_413' title='bbox 946 1511 1029 1539; x_wconf 90' lang='lat' dir='ltr'><strong>corde</strong></span> <span class='ocrx_word' id='word_1_414' title='bbox 1046 1514 1103 1543; x_wconf 84' lang='lat' dir='ltr'><strong>tuo,</strong></span> <span class='ocrx_word' id='word_1_415' title='bbox 1119 1517 1151 1536; x_wconf 82' lang='lat' dir='ltr'><strong>ex</strong></span> <span class='ocrx_word' id='word_1_416' title='bbox 1169 1512 1225 1535; x_wconf 92' lang='lat' dir='ltr'><strong>tota</strong></span> <span class='ocrx_word' id='word_1_417' title='bbox 1242 1507 1331 1534; x_wconf 90' lang='lat' dir='ltr'><strong>anima</strong></span> <span class='ocrx_word' id='word_1_418' title='bbox 1346 1511 1406 1539; x_wconf 88' lang='lat' dir='ltr'><strong>tua,</strong></span> <span class='ocrx_word' id='word_1_419' title='bbox 1424 1510 1452 1533; x_wconf 89' lang='lat' dir='ltr'><strong>ct</strong></span> <span class='ocrx_word' id='word_1_420' title='bbox 1477 1514 1510 1533; x_wconf 85' lang='lat' dir='ltr'><strong>ex</strong></span> <span class='ocrx_word' id='word_1_421' title='bbox 1541 1510 1596 1532; x_wconf 85' lang='lat' dir='ltr'><strong>tota</strong></span> <span class='ocrx_word' id='word_1_422' title='bbox 1623 1505 1734 1532; x_wconf 83' lang='lat' dir='ltr'><strong>fortitu—</strong></span> 
     </span>
    </p>
   </div>
   <div class='ocr_carea' id='block_1_57' title="bbox 104 1545 894 1592">
    <p class='ocr_par' dir='ltr' id='par_1_57' title="bbox 104 1545 894 1592">
     <span class='ocr_line' id='line_1_57' title="bbox 104 1545 894 1592; baseline 0.008 -13"><span class='ocrx_word' id='word_1_423' title='bbox 104 1553 193 1589; x_wconf 73' lang='grc' dir='ltr'>δηθῇς</span> <span class='ocrx_word' id='word_1_424' title='bbox 204 1555 296 1585; x_wconf 72' lang='grc' dir='ltr'>αὐτὸν,</span> <span class='ocrx_word' id='word_1_425' title='bbox 311 1556 357 1581; x_wconf 72' lang='grc' dir='ltr'>καὶ</span> <span class='ocrx_word' id='word_1_426' title='bbox 368 1555 563 1591; x_wconf 79' lang='grc' dir='ltr'>ὲγκρατεύσῃς,</span> <span class='ocrx_word' id='word_1_427' title='bbox 576 1556 613 1588; x_wconf 83' lang='grc' dir='ltr'><strong>ὡς</strong></span> <span class='ocrx_word' id='word_1_428' title='bbox 622 1545 697 1592; x_wconf 80' lang='grc' dir='ltr'>λέγω</span> <span class='ocrx_word' id='word_1_429' title='bbox 712 1566 763 1590; x_wconf 86' lang='grc' dir='ltr'>σοι,</span> <span class='ocrx_word' id='word_1_430' title='bbox 772 1545 894 1585; x_wconf 79' lang='grc' dir='ltr'>εἰσακου-</span> 
     </span>
    </p>
   </div>
   <div class='ocr_carea' id='block_1_58' title="bbox 949 1545 1732 1592">
    <p class='ocr_par' dir='ltr' id='par_1_58' title="bbox 949 1551 1732 1590">
     <span class='ocr_line' id='line_1_58' title="bbox 949 1551 1732 1590; baseline -0.009 -6"><span class='ocrx_word' id='word_1_431' title='bbox 949 1557 1019 1589; x_wconf 84' lang='lat' dir='ltr'><strong>dine,</strong></span> <span class='ocrx_word' id='word_1_432' title='bbox 1034 1562 1150 1590; x_wconf 90' lang='lat' dir='ltr'><strong>eumque</strong></span> <span class='ocrx_word' id='word_1_433' title='bbox 1161 1556 1268 1586; x_wconf 87' lang='lat' dir='ltr'><strong>timeas,</strong></span> <span class='ocrx_word' id='word_1_434' title='bbox 1280 1556 1307 1580; x_wconf 87' lang='lat' dir='ltr'><strong>et</strong></span> <span class='ocrx_word' id='word_1_435' title='bbox 1324 1555 1508 1586; x_wconf 80' lang='lat' dir='ltr'><strong>temperanter</strong></span> <span class='ocrx_word' id='word_1_436' title='bbox 1529 1559 1604 1587; x_wconf 80' lang='lat' dir='ltr'><strong>agas,</strong></span> <span class='ocrx_word' id='word_1_437' title='bbox 1631 1555 1662 1578; x_wconf 93' lang='lat' dir='ltr'><strong>ut</strong></span> <span class='ocrx_word' id='word_1_438' title='bbox 1683 1551 1732 1578; x_wconf 90' lang='lat' dir='ltr'><strong>tibi</strong></span> 
     </span>
    </p>
   </div>
   <div class='ocr_carea' id='block_1_59' title="bbox 107 1600 893 1641">
    <p class='ocr_par' dir='ltr' id='par_1_59' title="bbox 107 1600 893 1641">
     <span class='ocr_line' id='line_1_59' title="bbox 107 1600 893 1641; baseline 0.006 -14"><span class='ocrx_word' id='word_1_439' title='bbox 107 1600 239 1635; x_wconf 82' lang='grc' dir='ltr'>σθήσεταί</span> <span class='ocrx_word' id='word_1_440' title='bbox 253 1610 299 1628; x_wconf 83' lang='grc' dir='ltr'>σου</span> <span class='ocrx_word' id='word_1_441' title='bbox 312 1602 329 1637; x_wconf 85' lang='grc' dir='ltr'>ἡ</span> <span class='ocrx_word' id='word_1_442' title='bbox 351 1601 481 1635; x_wconf 77' lang='grc' dir='ltr'>ἔντευξις,</span> <span class='ocrx_word' id='word_1_443' title='bbox 498 1603 545 1629; x_wconf 79' lang='grc' dir='ltr'><strong>καὶ</strong></span> <span class='ocrx_word' id='word_1_444' title='bbox 567 1603 715 1636; x_wconf 85' lang='grc' dir='ltr'>πιστεύσας</span> <span class='ocrx_word' id='word_1_445' title='bbox 740 1604 812 1640; x_wconf 76' lang='grc' dir='ltr'>λήψῃ</span> <span class='ocrx_word' id='word_1_446' title='bbox 830 1606 893 1641; x_wconf 81' lang='grc' dir='ltr'>παρ’</span> 
     </span>
    </p>
   </div>
   <div class='ocr_carea' id='block_1_60' title="bbox 106 1647 895 1686">
    <p class='ocr_par' dir='ltr' id='par_1_60' title="bbox 106 1647 895 1686">
     <span class='ocr_line' id='line_1_60' title="bbox 106 1647 895 1686; baseline 0.008 -13"><span class='ocrx_word' id='word_1_447' title='bbox 106 1647 191 1674; x_wconf 77' lang='grc' dir='ltr'>αὑτοῦ</span> <span class='ocrx_word' id='word_1_448' title='bbox 207 1647 255 1684; x_wconf 84' lang='grc' dir='ltr'>τὴν</span> <span class='ocrx_word' id='word_1_449' title='bbox 269 1648 395 1684; x_wconf 79' lang='grc' dir='ltr'>βοήθειαν</span> <span class='ocrx_word' id='word_1_450' title='bbox 407 1650 454 1676; x_wconf 79' lang='grc' dir='ltr'><strong>καὶ</strong></span> <span class='ocrx_word' id='word_1_451' title='bbox 470 1650 548 1684; x_wconf 81' lang='grc' dir='ltr'>νίκην</span> <span class='ocrx_word' id='word_1_452' title='bbox 563 1651 610 1677; x_wconf 81' lang='grc' dir='ltr'>καὶ</span> <span class='ocrx_word' id='word_1_453' title='bbox 627 1651 763 1686; x_wconf 80' lang='grc' dir='ltr'>σωτηρίαν</span> <span class='ocrx_word' id='word_1_454' title='bbox 779 1652 819 1683; x_wconf 80' lang='grc' dir='ltr'><strong>εἰς</strong></span> <span class='ocrx_word' id='word_1_455' title='bbox 830 1653 895 1685; x_wconf 81' lang='grc' dir='ltr'>τοὺς</span> 
     </span>
    </p>
   </div>
   <div class='ocr_carea' id='block_1_61' title="bbox 105 1693 333 1732">
    <p class='ocr_par' dir='ltr' id='par_1_61' title="bbox 105 1693 333 1732">
     <span class='ocr_line' id='line_1_61' title="bbox 105 1693 333 1732; baseline 0.009 -12"><span class='ocrx_word' id='word_1_456' title='bbox 105 1693 218 1726; x_wconf 74' lang='grc' dir='ltr'>αἰῶνας.</span> <span class='ocrx_word' id='word_1_457' title='bbox 236 1695 333 1732; x_wconf 76' lang='grc' dir='ltr'>Ἀμήν.</span> 
     </span>
    </p>
   </div>
   <div class='ocr_carea' id='block_1_62' title="bbox 945 1596 1731 1634">
    <p class='ocr_par' dir='ltr' id='par_1_62' title="bbox 945 1596 1731 1634">
     <span class='ocr_line' id='line_1_62' title="bbox 945 1596 1731 1634; baseline -0.01 -3"><span class='ocrx_word' id='word_1_458' title='bbox 945 1604 1017 1634; x_wconf 91' lang='lat' dir='ltr'><strong>dico,</strong></span> <span class='ocrx_word' id='word_1_459' title='bbox 1043 1601 1204 1629; x_wconf 79' lang='lat' dir='ltr'><strong>exaudietur</strong></span> <span class='ocrx_word' id='word_1_460' title='bbox 1227 1597 1346 1634; x_wconf 86' lang='lat' dir='ltr'><strong>precatio</strong></span> <span class='ocrx_word' id='word_1_461' title='bbox 1359 1601 1405 1624; x_wconf 89' lang='lat' dir='ltr'><strong>tua</strong></span> <span class='ocrx_word' id='word_1_462' title='bbox 1422 1607 1428 1624; x_wconf 88' lang='lat'>:</span> <span class='ocrx_word' id='word_1_463' title='bbox 1449 1601 1476 1624; x_wconf 89' lang='lat' dir='ltr'><strong>et</strong></span> <span class='ocrx_word' id='word_1_464' title='bbox 1491 1604 1552 1624; x_wconf 90' lang='lat' dir='ltr'><strong>cum</strong></span> <span class='ocrx_word' id='word_1_465' title='bbox 1572 1596 1731 1628; x_wconf 86' lang='lat' dir='ltr'><strong>credideris,</strong></span> 
     </span>
    </p>
   </div>
   <div class='ocr_carea' id='block_1_63' title="bbox 946 1643 1732 1684">
    <p class='ocr_par' dir='ltr' id='par_1_63' title="bbox 946 1643 1732 1684">
     <span class='ocr_line' id='line_1_63' title="bbox 946 1643 1732 1684; baseline -0.01 -6"><span class='ocrx_word' id='word_1_466' title='bbox 946 1652 1109 1684; x_wconf 88' lang='lat' dir='ltr'><strong>accepturus</strong></span> <span class='ocrx_word' id='word_1_467' title='bbox 1125 1647 1160 1674; x_wconf 89' lang='lat' dir='ltr'><strong>ab</strong></span> <span class='ocrx_word' id='word_1_468' title='bbox 1173 1653 1205 1673; x_wconf 91' lang='lat' dir='ltr'><strong>eo</strong></span> <span class='ocrx_word' id='word_1_469' title='bbox 1217 1652 1246 1673; x_wconf 86' lang='lat' dir='ltr'><strong>es</strong></span> <span class='ocrx_word' id='word_1_470' title='bbox 1261 1643 1402 1676; x_wconf 80' lang='lat' dir='ltr'><strong>auxilium,</strong></span> <span class='ocrx_word' id='word_1_471' title='bbox 1413 1643 1556 1671; x_wconf 83' lang='lat' dir='ltr'><strong>victoriam</strong></span> <span class='ocrx_word' id='word_1_472' title='bbox 1574 1647 1602 1670; x_wconf 89' lang='lat' dir='ltr'><strong>et</strong></span> <span class='ocrx_word' id='word_1_473' title='bbox 1617 1643 1732 1671; x_wconf 78' lang='lat' dir='ltr'><strong>salutent</strong></span> 
     </span>
    </p>
   </div>
   <div class='ocr_carea' id='block_1_64' title="bbox 946 1692 1217 1723">
    <p class='ocr_par' dir='ltr' id='par_1_64' title="bbox 946 1692 1217 1723">
     <span class='ocr_line' id='line_1_64' title="bbox 946 1692 1217 1723; baseline -0.018 0"><span class='ocrx_word' id='word_1_474' title='bbox 946 1696 975 1723; x_wconf 92' lang='lat' dir='ltr'><strong>in</strong></span> <span class='ocrx_word' id='word_1_475' title='bbox 992 1694 1103 1722; x_wconf 74' lang='lat' dir='ltr'><strong>saecula.</strong></span> <span class='ocrx_word' id='word_1_476' title='bbox 1120 1692 1217 1719; x_wconf 85' lang='lat' dir='ltr'><strong>Amen.</strong></span> 
     </span>
    </p>
   </div>
   <div class='ocr_carea' id='block_1_65' title="bbox 307 1747 1542 1789">
    <p class='ocr_par' dir='ltr' id='par_1_65' title="bbox 307 1747 1542 1789">
     <span class='ocr_line' id='line_1_65' title="bbox 307 1747 1542 1789; baseline -0.006 -9"><span class='ocrx_word' id='word_1_477' title='bbox 307 1751 456 1780; x_wconf 77' lang='lat' dir='ltr'><strong>Secundum</strong></span> <span class='ocrx_word' id='word_1_478' title='bbox 474 1754 639 1788; x_wconf 83' lang='lat' dir='ltr'><strong>mandatum,</strong></span> <span class='ocrx_word' id='word_1_479' title='bbox 655 1755 812 1789; x_wconf 59' lang='lat' dir='ltr'><strong>simpucttas</strong></span> <span class='ocrx_word' id='word_1_480' title='bbox 835 1756 965 1784; x_wconf 71' lang='lat' dir='ltr'><strong>servanda</strong></span> <span class='ocrx_word' id='word_1_481' title='bbox 979 1763 987 1781; x_wconf 96' lang='lat'><em>:</em></span> <span class='ocrx_word' id='word_1_482' title='bbox 1001 1762 1052 1781; x_wconf 84' lang='lat' dir='ltr'><strong>non</strong></span> <span class='ocrx_word' id='word_1_483' title='bbox 1068 1749 1224 1787; x_wconf 79' lang='lat' dir='ltr'><strong>loquendum</strong></span> <span class='ocrx_word' id='word_1_484' title='bbox 1244 1749 1367 1776; x_wconf 73' lang='lat' dir='ltr'><strong>adversus</strong></span> <span class='ocrx_word' id='word_1_485' title='bbox 1382 1747 1542 1783; x_wconf 68' lang='lat' dir='ltr'><strong>proximum.</strong></span> 
     </span>
    </p>
   </div>
   <div class='ocr_carea' id='block_1_66' title="bbox 140 1809 892 1850">
    <p class='ocr_par' dir='ltr' id='par_1_66' title="bbox 140 1809 892 1850">
     <span class='ocr_line' id='line_1_66' title="bbox 140 1809 892 1850; baseline 0.009 -15"><span class='ocrx_word' id='word_1_486' title='bbox 140 1809 168 1836; x_wconf 73' lang='grc'>2.</span> <span class='ocrx_word' id='word_1_487' title='bbox 181 1810 236 1836; x_wconf 81' lang='grc' dir='ltr'><strong>Καὶ</strong></span> <span class='ocrx_word' id='word_1_488' title='bbox 250 1811 368 1843; x_wconf 73' lang='grc' dir='ltr'>ἀναστὰς</span> <span class='ocrx_word' id='word_1_489' title='bbox 380 1811 492 1846; x_wconf 73' lang='grc' dir='ltr'>ηὔξατο,</span> <span class='ocrx_word' id='word_1_490' title='bbox 509 1813 556 1839; x_wconf 73' lang='grc' dir='ltr'>καὶ</span> <span class='ocrx_word' id='word_1_491' title='bbox 570 1814 638 1849; x_wconf 77' lang='grc' dir='ltr'>μετὰ</span> <span class='ocrx_word' id='word_1_492' title='bbox 655 1814 703 1849; x_wconf 85' lang='grc' dir='ltr'>τὴν</span> <span class='ocrx_word' id='word_1_493' title='bbox 719 1814 802 1850; x_wconf 82' lang='grc' dir='ltr'>εύχὴν</span> <span class='ocrx_word' id='word_1_494' title='bbox 818 1815 892 1849; x_wconf 85' lang='grc' dir='ltr'>λέγει</span> 
     </span>
    </p>
   </div>
   <div class='ocr_carea' id='block_1_67' title="bbox 105 1855 891 1893">
    <p class='ocr_par' dir='ltr' id='par_1_67' title="bbox 105 1855 891 1893">
     <span class='ocr_line' id='line_1_67' title="bbox 105 1855 891 1893; baseline 0.006 -11"><span class='ocrx_word' id='word_1_495' title='bbox 105 1855 180 1891; x_wconf 78' lang='grc' dir='ltr'>αὑτῴ</span> <span class='ocrx_word' id='word_1_496' title='bbox 192 1864 198 1870; x_wconf 92' lang='grc'><strong>·</strong></span> <span class='ocrx_word' id='word_1_497' title='bbox 218 1856 275 1891; x_wconf 80' lang='grc'><strong>(58)</strong></span> <span class='ocrx_word' id='word_1_498' title='bbox 290 1856 439 1893; x_wconf 78' lang='grc' dir='ltr'>Ἀπλότητα</span> <span class='ocrx_word' id='word_1_499' title='bbox 453 1858 509 1892; x_wconf 73' lang='grc' dir='ltr'><strong>ἔχε,</strong></span> <span class='ocrx_word' id='word_1_500' title='bbox 519 1859 566 1885; x_wconf 79' lang='grc' dir='ltr'><strong>καὶ</strong></span> <span class='ocrx_word' id='word_1_501' title='bbox 575 1859 676 1890; x_wconf 77' lang='grc' dir='ltr'>ἄκακος</span> <span class='ocrx_word' id='word_1_502' title='bbox 688 1860 766 1893; x_wconf 85' lang='grc' dir='ltr'>γενοῦ</span> <span class='ocrx_word' id='word_1_503' title='bbox 784 1860 830 1887; x_wconf 78' lang='grc' dir='ltr'>καὶ</span> <span class='ocrx_word' id='word_1_504' title='bbox 846 1860 891 1887; x_wconf 72' lang='lat' dir='ltr'><strong>Eoo</strong></span> 
     </span>
    </p>
   </div>
   <div class='ocr_carea' id='block_1_68' title="bbox 105 1902 893 1940">
    <p class='ocr_par' dir='ltr' id='par_1_68' title="bbox 105 1902 893 1940">
     <span class='ocr_line' id='line_1_68' title="bbox 105 1902 893 1940; baseline 0.006 -13"><span class='ocrx_word' id='word_1_505' title='bbox 105 1902 143 1933; x_wconf 83' lang='grc' dir='ltr'><strong>ὡς</strong></span> <span class='ocrx_word' id='word_1_506' title='bbox 154 1902 188 1928; x_wconf 77' lang='grc' dir='ltr'><strong>τὰ</strong></span> <span class='ocrx_word' id='word_1_507' title='bbox 206 1902 290 1938; x_wconf 83' lang='grc' dir='ltr'>νήπια</span> <span class='ocrx_word' id='word_1_508' title='bbox 306 1902 340 1929; x_wconf 80' lang='grc' dir='ltr'><strong>τὰ</strong></span> <span class='ocrx_word' id='word_1_509' title='bbox 365 1902 401 1938; x_wconf 83' lang='grc' dir='ltr'>μὴ</span> <span class='ocrx_word' id='word_1_510' title='bbox 422 1903 590 1937; x_wconf 83' lang='grc' dir='ltr'>γινώσκοντα</span> <span class='ocrx_word' id='word_1_511' title='bbox 614 1905 746 1940; x_wconf 80' lang='grc' dir='ltr'>πονηρίαν</span> <span class='ocrx_word' id='word_1_512' title='bbox 760 1905 808 1940; x_wconf 83' lang='grc' dir='ltr'>τὴν</span> <span class='ocrx_word' id='word_1_513' title='bbox 826 1907 893 1932; x_wconf 83' lang='grc' dir='ltr'>ἁπο-</span> 
     </span>
    </p>
   </div>
   <div class='ocr_carea' id='block_1_69' title="bbox 105 1948 893 1987">
    <p class='ocr_par' dir='ltr' id='par_1_69' title="bbox 105 1948 893 1987">
     <span class='ocr_line' id='line_1_69' title="bbox 105 1948 893 1987; baseline 0.005 -13"><span class='ocrx_word' id='word_1_514' title='bbox 105 1948 206 1975; x_wconf 77' lang='grc' dir='ltr'>λοῦσαν</span> <span class='ocrx_word' id='word_1_515' title='bbox 216 1948 265 1984; x_wconf 82' lang='grc' dir='ltr'><strong>τὴν</strong></span> <span class='ocrx_word' id='word_1_516' title='bbox 282 1949 418 1985; x_wconf 78' lang='grc' dir='ltr'>σωτηρίαν</span> <span class='ocrx_word' id='word_1_517' title='bbox 443 1950 498 1976; x_wconf 87' lang='grc' dir='ltr'><strong>τῶν</strong></span> <span class='ocrx_word' id='word_1_518' title='bbox 517 1950 677 1986; x_wconf 84' lang='grc' dir='ltr'>ἀνθρώπων.</span> <span class='ocrx_word' id='word_1_519' title='bbox 703 1951 759 1986; x_wconf 76' lang='grc'><strong>(59)</strong></span> <span class='ocrx_word' id='word_1_520' title='bbox 783 1952 893 1987; x_wconf 84' lang='grc' dir='ltr'>Πρῶτον</span> 
     </span>
    </p>
   </div>
   <div class='ocr_carea' id='block_1_70' title="bbox 107 1995 893 2032">
    <p class='ocr_par' dir='ltr' id='par_1_70' title="bbox 107 1995 893 2032">
     <span class='ocr_line' id='line_1_70' title="bbox 107 1995 893 2032; baseline 0.004 -11"><span class='ocrx_word' id='word_1_521' title='bbox 107 1995 158 2030; x_wconf 82' lang='grc' dir='ltr'>μὲν</span> <span class='ocrx_word' id='word_1_522' title='bbox 173 1995 285 2030; x_wconf 78' lang='grc' dir='ltr'>μηδενὸς</span> <span class='ocrx_word' id='word_1_523' title='bbox 304 1995 459 2028; x_wconf 83' lang='grc' dir='ltr'>καταλάλει,</span> <span class='ocrx_word' id='word_1_524' title='bbox 473 1997 540 2032; x_wconf 80' lang='grc' dir='ltr'>μηδὲ</span> <span class='ocrx_word' id='word_1_525' title='bbox 555 1997 641 2032; x_wconf 84' lang='grc' dir='ltr'>ἡδέως</span> <span class='ocrx_word' id='word_1_526' title='bbox 651 1996 732 2023; x_wconf 84' lang='grc' dir='ltr'>ἄκουε</span> <span class='ocrx_word' id='word_1_527' title='bbox 747 1997 793 2023; x_wconf 88' lang='grc' dir='ltr'><strong>τοῦ</strong></span> <span class='ocrx_word' id='word_1_528' title='bbox 810 2006 893 2024; x_wconf 68' lang='grc' dir='ltr'>καταν</span> 
     </span>
    </p>
   </div>
   <div class='ocr_carea' id='block_1_71' title="bbox 105 2042 893 2079">
    <p class='ocr_par' dir='ltr' id='par_1_71' title="bbox 105 2042 893 2079">
     <span class='ocr_line' id='line_1_71' title="bbox 105 2042 893 2079; baseline 0.001 -12"><span class='ocrx_word' id='word_1_529' title='bbox 105 2042 265 2073; x_wconf 74' lang='grc' dir='ltr'>λαλοῦντος·</span> <span class='ocrx_word' id='word_1_530' title='bbox 290 2043 314 2068; x_wconf 86' lang='grc' dir='ltr'><strong>εἰ</strong></span> <span class='ocrx_word' id='word_1_531' title='bbox 328 2042 355 2068; x_wconf 83' lang='grc' dir='ltr'><strong>δὲ</strong></span> <span class='ocrx_word' id='word_1_532' title='bbox 370 2043 419 2078; x_wconf 84' lang='grc' dir='ltr'><strong>μὴ,</strong></span> <span class='ocrx_word' id='word_1_533' title='bbox 436 2043 483 2069; x_wconf 69' lang='grc' dir='ltr'>καὶ</span> <span class='ocrx_word' id='word_1_534' title='bbox 498 2043 530 2070; x_wconf 82' lang='grc' dir='ltr'>σὺ</span> <span class='ocrx_word' id='word_1_535' title='bbox 545 2043 651 2069; x_wconf 78' lang='grc' dir='ltr'>ἁκούων</span> <span class='ocrx_word' id='word_1_536' title='bbox 663 2043 754 2077; x_wconf 75' lang='grc' dir='ltr'>ἔνοχος</span> <span class='ocrx_word' id='word_1_537' title='bbox 775 2042 824 2079; x_wconf 78' lang='grc' dir='ltr'><strong>ἔσῃ</strong></span> <span class='ocrx_word' id='word_1_538' title='bbox 844 2043 893 2077; x_wconf 77' lang='grc' dir='ltr'>τῆς</span> 
     </span>
    </p>
   </div>
   <div class='ocr_carea' id='block_1_72' title="bbox 107 2088 897 2124">
    <p class='ocr_par' dir='ltr' id='par_1_72' title="bbox 107 2088 897 2124">
     <span class='ocr_line' id='line_1_72' title="bbox 107 2088 897 2124; baseline 0.001 -10"><span class='ocrx_word' id='word_1_539' title='bbox 107 2088 244 2124; x_wconf 83' lang='grc' dir='ltr'>ἁμαρτίας</span> <span class='ocrx_word' id='word_1_540' title='bbox 253 2088 300 2115; x_wconf 87' lang='grc' dir='ltr'><strong>τοῦ</strong></span> <span class='ocrx_word' id='word_1_541' title='bbox 325 2088 546 2121; x_wconf 84' lang='grc' dir='ltr'>καταλαλοῦντος,</span> <span class='ocrx_word' id='word_1_542' title='bbox 572 2089 618 2115; x_wconf 73' lang='grc' dir='ltr'>ἐὰν</span> <span class='ocrx_word' id='word_1_543' title='bbox 635 2088 781 2124; x_wconf 75' lang='grc' dir='ltr'>πιστεύσῃς</span> <span class='ocrx_word' id='word_1_544' title='bbox 799 2090 830 2124; x_wconf 82' lang='grc' dir='ltr'><strong>τῇ</strong></span> <span class='ocrx_word' id='word_1_545' title='bbox 849 2097 897 2115; x_wconf 82' lang='grc' dir='ltr'>κα-</span> 
     </span>
    </p>
   </div>
   <div class='ocr_carea' id='block_1_73' title="bbox 106 2131 897 2171">
    <p class='ocr_par' dir='ltr' id='par_1_73' title="bbox 106 2131 897 2171">
     <span class='ocr_line' id='line_1_73' title="bbox 106 2131 897 2171; baseline 0 -11"><span class='ocrx_word' id='word_1_546' title='bbox 106 2133 230 2169; x_wconf 82' lang='grc' dir='ltr'>ταλαλιᾷ,</span> <span class='ocrx_word' id='word_1_547' title='bbox 280 2134 328 2160; x_wconf 82' lang='grc' dir='ltr'><strong>ἑὰν</strong></span> <span class='ocrx_word' id='word_1_548' title='bbox 341 2135 459 2170; x_wconf 77' lang='grc' dir='ltr'>ἀκούσῃς</span> <span class='ocrx_word' id='word_1_549' title='bbox 468 2143 474 2150; x_wconf 90' lang='grc'><strong>·</strong></span> <span class='ocrx_word' id='word_1_550' title='bbox 489 2135 636 2166; x_wconf 79' lang='grc' dir='ltr'>πιστεύσας</span> <span class='ocrx_word' id='word_1_551' title='bbox 647 2135 701 2170; x_wconf 79' lang='grc' dir='ltr'><strong>γὰρ</strong></span> <span class='ocrx_word' id='word_1_552' title='bbox 714 2135 759 2161; x_wconf 75' lang='grc' dir='ltr'>καὶ</span> <span class='ocrx_word' id='word_1_553' title='bbox 772 2135 803 2161; x_wconf 78' lang='grc' dir='ltr'>σὺ</span> <span class='ocrx_word' id='word_1_554' title='bbox 817 2135 897 2166; x_wconf 71' lang='grc' dir='ltr'>αὐτὸς</span> 
     </span>
    </p>
   </div>
   <div class='ocr_carea' id='block_1_74' title="bbox 107 2177 895 2215">
    <p class='ocr_par' dir='ltr' id='par_1_74' title="bbox 107 2177 895 2215">
     <span class='ocr_line' id='line_1_74' title="bbox 107 2177 895 2215; baseline 0 -9"><span class='ocrx_word' id='word_1_555' title='bbox 107 2179 246 2211; x_wconf 73' lang='grc' dir='ltr'>ἕξει-κατὰ</span> <span class='ocrx_word' id='word_1_556' title='bbox 255 2179 302 2206; x_wconf 86' lang='grc' dir='ltr'><strong>τοῦ</strong></span> <span class='ocrx_word' id='word_1_557' title='bbox 317 2179 430 2214; x_wconf 77' lang='grc' dir='ltr'>ἀδελφοῦ</span> <span class='ocrx_word' id='word_1_558' title='bbox 444 2188 501 2210; x_wconf 81' lang='grc' dir='ltr'>σου,</span> <span class='ocrx_word' id='word_1_559' title='bbox 515 2179 602 2211; x_wconf 78' lang='grc' dir='ltr'>οὕτως</span> <span class='ocrx_word' id='word_1_560' title='bbox 621 2177 668 2206; x_wconf 74' lang='grc' dir='ltr'><strong>οὖν</strong></span> <span class='ocrx_word' id='word_1_561' title='bbox 685 2179 776 2214; x_wconf 77' lang='grc' dir='ltr'>ἔνοχος</span> <span class='ocrx_word' id='word_1_562' title='bbox 787 2179 835 2215; x_wconf 78' lang='grc' dir='ltr'><strong>ἔσῃ</strong></span> <span class='ocrx_word' id='word_1_563' title='bbox 849 2179 895 2205; x_wconf 79' lang='grc' dir='ltr'><strong>τοῦ</strong></span> 
     </span>
    </p>
   </div>
   <div class='ocr_carea' id='block_1_75' title="bbox 977 1806 1734 1847">
    <p class='ocr_par' dir='ltr' id='par_1_75' title="bbox 977 1806 1734 1847">
     <span class='ocr_line' id='line_1_75' title="bbox 977 1806 1734 1847; baseline -0.011 -6"><span class='ocrx_word' id='word_1_564' title='bbox 977 1813 1004 1841; x_wconf 74' lang='grc'><strong>2.</strong></span> <span class='ocrx_word' id='word_1_565' title='bbox 1028 1812 1202 1847; x_wconf 80' lang='lat' dir='ltr'><strong>Surgensque</strong></span> <span class='ocrx_word' id='word_1_566' title='bbox 1219 1808 1318 1840; x_wconf 86' lang='lat' dir='ltr'><strong>oravit,</strong></span> <span class='ocrx_word' id='word_1_567' title='bbox 1339 1811 1366 1835; x_wconf 89' lang='lat' dir='ltr'><strong>et</strong></span> <span class='ocrx_word' id='word_1_568' title='bbox 1391 1806 1517 1834; x_wconf 88' lang='lat' dir='ltr'><strong>absoluta</strong></span> <span class='ocrx_word' id='word_1_569' title='bbox 1545 1807 1679 1839; x_wconf 83' lang='lat' dir='ltr'><strong>oratione,</strong></span> <span class='ocrx_word' id='word_1_570' title='bbox 1695 1807 1734 1834; x_wconf 88' lang='lat' dir='ltr'><strong>ait</strong></span> 
     </span>
    </p>
   </div>
   <div class='ocr_carea' id='block_1_76' title="bbox 943 1852 1734 1893">
    <p class='ocr_par' dir='ltr' id='par_1_76' title="bbox 943 1852 1734 1893">
     <span class='ocr_line' id='line_1_76' title="bbox 943 1852 1734 1893; baseline -0.01 -5"><span class='ocrx_word' id='word_1_571' title='bbox 943 1861 1004 1888; x_wconf 88' lang='lat' dir='ltr'><strong>illi:</strong></span> <span class='ocrx_word' id='word_1_572' title='bbox 1022 1856 1232 1893; x_wconf 87' lang='lat' dir='ltr'><strong>Simplicitatem</strong></span> <span class='ocrx_word' id='word_1_573' title='bbox 1256 1855 1336 1887; x_wconf 84' lang='lat' dir='ltr'><strong>habe,</strong></span> <span class='ocrx_word' id='word_1_574' title='bbox 1354 1857 1381 1880; x_wconf 90' lang='lat' dir='ltr'><strong>et</strong></span> <span class='ocrx_word' id='word_1_575' title='bbox 1405 1853 1466 1881; x_wconf 90' lang='lat' dir='ltr'><strong>sine</strong></span> <span class='ocrx_word' id='word_1_576' title='bbox 1488 1852 1591 1880; x_wconf 87' lang='lat' dir='ltr'><strong>malitia</strong></span> <span class='ocrx_word' id='word_1_577' title='bbox 1613 1857 1683 1884; x_wconf 86' lang='lat' dir='ltr'><strong>esto,</strong></span> <span class='ocrx_word' id='word_1_578' title='bbox 1701 1861 1734 1880; x_wconf 86' lang='lat' dir='ltr'><strong>ac</strong></span> 
     </span>
    </p>
   </div>
   <div class='ocr_carea' id='block_1_77' title="bbox 944 1900 1733 1937">
    <p class='ocr_par' dir='ltr' id='par_1_77' title="bbox 944 1900 1733 1937">
     <span class='ocr_line' id='line_1_77' title="bbox 944 1900 1733 1937; baseline -0.01 -4"><span class='ocrx_word' id='word_1_579' title='bbox 944 1906 1017 1934; x_wconf 86' lang='lat' dir='ltr'><strong>velut</strong></span> <span class='ocrx_word' id='word_1_580' title='bbox 1032 1904 1161 1934; x_wconf 79' lang='lat' dir='ltr'><strong>infantes,</strong></span> <span class='ocrx_word' id='word_1_581' title='bbox 1178 1902 1224 1937; x_wconf 86' lang='lat' dir='ltr'><strong>qui</strong></span> <span class='ocrx_word' id='word_1_582' title='bbox 1240 1902 1367 1936; x_wconf 81' lang='lat' dir='ltr'><strong>ignorant</strong></span> <span class='ocrx_word' id='word_1_583' title='bbox 1381 1900 1513 1927; x_wconf 86' lang='lat' dir='ltr'><strong>malitiam</strong></span> <span class='ocrx_word' id='word_1_584' title='bbox 1536 1900 1618 1927; x_wconf 87' lang='lat' dir='ltr'><strong>saluti</strong></span> <span class='ocrx_word' id='word_1_585' title='bbox 1642 1900 1733 1926; x_wconf 76' lang='lat' dir='ltr'><strong>homi-</strong></span> 
     </span>
    </p>
   </div>
   <div class='ocr_carea' id='block_1_78' title="bbox 942 1945 1735 1981">
    <p class='ocr_par' dir='ltr' id='par_1_78' title="bbox 942 1945 1735 1981">
     <span class='ocr_line' id='line_1_78' title="bbox 942 1945 1735 1981; baseline -0.01 -3"><span class='ocrx_word' id='word_1_586' title='bbox 942 1958 1008 1979; x_wconf 86' lang='lat' dir='ltr'><strong>num</strong></span> <span class='ocrx_word' id='word_1_587' title='bbox 1023 1949 1171 1977; x_wconf 79' lang='lat' dir='ltr'><strong>exitialem.</strong></span> <span class='ocrx_word' id='word_1_588' title='bbox 1195 1946 1316 1974; x_wconf 89' lang='lat' dir='ltr'><strong>Primum</strong></span> <span class='ocrx_word' id='word_1_589' title='bbox 1338 1945 1448 1981; x_wconf 89' lang='lat' dir='ltr'><strong>quidem</strong></span> <span class='ocrx_word' id='word_1_590' title='bbox 1481 1953 1515 1972; x_wconf 88' lang='lat' dir='ltr'><strong>ne</strong></span> <span class='ocrx_word' id='word_1_591' title='bbox 1543 1945 1660 1980; x_wconf 87' lang='lat' dir='ltr'><strong>cuipiam</strong></span> <span class='ocrx_word' id='word_1_592' title='bbox 1686 1945 1735 1970; x_wconf 75' lang='grc' dir='ltr'>οιι-</span> 
     </span>
    </p>
   </div>
   <div class='ocr_carea' id='block_1_79' title="bbox 945 1989 1736 2028">
    <p class='ocr_par' dir='ltr' id='par_1_79' title="bbox 945 1989 1736 2028">
     <span class='ocr_line' id='line_1_79' title="bbox 945 1989 1736 2028; baseline -0.009 -5"><span class='ocrx_word' id='word_1_593' title='bbox 945 1999 1057 2026; x_wconf 87' lang='lat' dir='ltr'><strong>trectes,</strong></span> <span class='ocrx_word' id='word_1_594' title='bbox 1079 2001 1168 2028; x_wconf 86' lang='lat' dir='ltr'><strong>neque</strong></span> <span class='ocrx_word' id='word_1_595' title='bbox 1183 1993 1396 2020; x_wconf 83' lang='lat' dir='ltr'><strong>obtrectatorem</strong></span> <span class='ocrx_word' id='word_1_596' title='bbox 1411 1990 1527 2018; x_wconf 87' lang='lat' dir='ltr'><strong>libenter</strong></span> <span class='ocrx_word' id='word_1_597' title='bbox 1542 1989 1648 2017; x_wconf 86' lang='lat' dir='ltr'><strong>audias.</strong></span> <span class='ocrx_word' id='word_1_598' title='bbox 1661 1990 1736 2016; x_wconf 81' lang='lat' dir='ltr'><strong>Alio-</strong></span> 
     </span>
    </p>
   </div>
   <div class='ocr_carea' id='block_1_80' title="bbox 945 2035 1736 2076">
    <p class='ocr_par' dir='ltr' id='par_1_80' title="bbox 945 2035 1736 2076">
     <span class='ocr_line' id='line_1_80' title="bbox 945 2035 1736 2076; baseline -0.009 -8"><span class='ocrx_word' id='word_1_599' title='bbox 945 2042 1012 2076; x_wconf 86' lang='lat' dir='ltr'><strong>quin</strong></span> <span class='ocrx_word' id='word_1_600' title='bbox 1023 2045 1052 2068; x_wconf 91' lang='lat' dir='ltr'><strong>tu</strong></span> <span class='ocrx_word' id='word_1_601' title='bbox 1073 2039 1142 2074; x_wconf 90' lang='lat' dir='ltr'><strong>ipse,</strong></span> <span class='ocrx_word' id='word_1_602' title='bbox 1159 2038 1205 2074; x_wconf 95' lang='lat' dir='ltr'><strong>qui</strong></span> <span class='ocrx_word' id='word_1_603' title='bbox 1223 2036 1312 2068; x_wconf 87' lang='lat' dir='ltr'><strong>audis,</strong></span> <span class='ocrx_word' id='word_1_604' title='bbox 1325 2044 1389 2064; x_wconf 88' lang='lat' dir='ltr'><strong>reus</strong></span> <span class='ocrx_word' id='word_1_605' title='bbox 1405 2036 1461 2063; x_wconf 88' lang='lat' dir='ltr'><strong>eris</strong></span> <span class='ocrx_word' id='word_1_606' title='bbox 1476 2036 1580 2071; x_wconf 89' lang='lat' dir='ltr'><strong>peccati</strong></span> <span class='ocrx_word' id='word_1_607' title='bbox 1598 2035 1736 2062; x_wconf 88' lang='lat' dir='ltr'><strong>obtrecta-</strong></span> 
     </span>
    </p>
   </div>
   <div class='ocr_carea' id='block_1_81' title="bbox 947 2082 1734 2119">
    <p class='ocr_par' dir='ltr' id='par_1_81' title="bbox 947 2082 1734 2119">
     <span class='ocr_line' id='line_1_81' title="bbox 947 2082 1734 2119; baseline -0.011 -4"><span class='ocrx_word' id='word_1_608' title='bbox 947 2088 1025 2119; x_wconf 87' lang='lat' dir='ltr'><strong>toris,</strong></span> <span class='ocrx_word' id='word_1_609' title='bbox 1042 2087 1065 2115; x_wconf 80' lang='lat' dir='ltr'><strong>si</strong></span> <span class='ocrx_word' id='word_1_610' title='bbox 1080 2084 1272 2113; x_wconf 88' lang='lat' dir='ltr'><strong>obtrectationi</strong></span> <span class='ocrx_word' id='word_1_611' title='bbox 1300 2083 1379 2110; x_wconf 85' lang='lat' dir='ltr'><strong>ﬁdem</strong></span> <span class='ocrx_word' id='word_1_612' title='bbox 1397 2082 1509 2114; x_wconf 82' lang='lat' dir='ltr'><strong>habeas,</strong></span> <span class='ocrx_word' id='word_1_613' title='bbox 1523 2082 1568 2109; x_wconf 90' lang='lat' dir='ltr'><strong>cui</strong></span> <span class='ocrx_word' id='word_1_614' title='bbox 1588 2084 1616 2108; x_wconf 87' lang='lat' dir='ltr'><strong>tu</strong></span> <span class='ocrx_word' id='word_1_615' title='bbox 1639 2088 1734 2107; x_wconf 87' lang='lat' dir='ltr'><strong>aurem</strong></span> 
     </span>
    </p>
   </div>
   <div class='ocr_carea' id='block_1_82' title="bbox 948 2126 1735 2169">
    <p class='ocr_par' dir='ltr' id='par_1_82' title="bbox 948 2126 1735 2169">
     <span class='ocr_line' id='line_1_82' title="bbox 948 2126 1735 2169; baseline -0.011 -8"><span class='ocrx_word' id='word_1_616' title='bbox 948 2133 1112 2169; x_wconf 78' lang='lat' dir='ltr'><strong>praebuisti;</strong></span> <span class='ocrx_word' id='word_1_617' title='bbox 1138 2138 1216 2162; x_wconf 86' lang='lat' dir='ltr'><strong>nam,</strong></span> <span class='ocrx_word' id='word_1_618' title='bbox 1248 2129 1271 2157; x_wconf 89' lang='lat' dir='ltr'><strong>si</strong></span> <span class='ocrx_word' id='word_1_619' title='bbox 1295 2128 1455 2159; x_wconf 86' lang='lat' dir='ltr'><strong>credideris,</strong></span> <span class='ocrx_word' id='word_1_620' title='bbox 1483 2127 1541 2162; x_wconf 87' lang='lat' dir='ltr'><strong>ipse</strong></span> <span class='ocrx_word' id='word_1_621' title='bbox 1566 2130 1678 2161; x_wconf 82' lang='lat' dir='ltr'><strong>peccato</strong></span> <span class='ocrx_word' id='word_1_622' title='bbox 1707 2126 1735 2153; x_wconf 91' lang='lat' dir='ltr'><strong>in</strong></span> 
     </span>
    </p>
   </div>
   <div class='ocr_carea' id='block_1_83' title="bbox 949 2171 1735 2208">
    <p class='ocr_par' dir='ltr' id='par_1_83' title="bbox 949 2171 1735 2208">
     <span class='ocr_line' id='line_1_83' title="bbox 949 2171 1735 2208; baseline -0.01 -2"><span class='ocrx_word' id='word_1_623' title='bbox 949 2179 1061 2206; x_wconf 74' lang='lat' dir='ltr'><strong>fratrem</strong></span> <span class='ocrx_word' id='word_1_624' title='bbox 1085 2181 1161 2204; x_wconf 90' lang='lat' dir='ltr'><strong>tuum</strong></span> <span class='ocrx_word' id='word_1_625' title='bbox 1188 2175 1333 2206; x_wconf 81' lang='lat' dir='ltr'><strong>obnoxius,</strong></span> <span class='ocrx_word' id='word_1_626' title='bbox 1363 2177 1444 2208; x_wconf 86' lang='lat' dir='ltr'><strong>atque</strong></span> <span class='ocrx_word' id='word_1_627' title='bbox 1465 2173 1503 2199; x_wconf 90' lang='lat' dir='ltr'><strong>ita</strong></span> <span class='ocrx_word' id='word_1_628' title='bbox 1516 2180 1578 2199; x_wconf 90' lang='lat' dir='ltr'><strong>cum</strong></span> <span class='ocrx_word' id='word_1_629' title='bbox 1599 2171 1735 2199; x_wconf 87' lang='lat' dir='ltr'><strong>obtrecta-</strong></span> 
     </span>
    </p>
   </div>
   <div class='ocr_carea' id='block_1_84' title="bbox 106 2217 894 2263">
    <p class='ocr_par' dir='ltr' id='par_1_84' title="bbox 106 2224 894 2263">
     <span class='ocr_line' id='line_1_84' title="bbox 106 2224 894 2263; baseline 0.001 -12"><span class='ocrx_word' id='word_1_630' title='bbox 106 2224 328 2257; x_wconf 79' lang='grc' dir='ltr'>καταλαλοῦντος.</span> <span class='ocrx_word' id='word_1_631' title='bbox 351 2226 471 2261; x_wconf 80' lang='grc' dir='ltr'>Πονηρὺν</span> <span class='ocrx_word' id='word_1_632' title='bbox 495 2226 548 2261; x_wconf 81' lang='grc' dir='ltr'>γὰρ</span> <span class='ocrx_word' id='word_1_633' title='bbox 571 2226 680 2261; x_wconf 78' lang='grc' dir='ltr'>πνεῦμά</span> <span class='ocrx_word' id='word_1_634' title='bbox 706 2226 763 2263; x_wconf 67' lang='grc' dir='ltr'><strong>(ἄθ)</strong></span> <span class='ocrx_word' id='word_1_635' title='bbox 794 2227 894 2262; x_wconf 77' lang='grc' dir='ltr'>ἐστινὴ</span> 
     </span>
    </p>
   </div>
   <div class='ocr_carea' id='block_1_85' title="bbox 949 2217 1735 2263">
    <p class='ocr_par' dir='ltr' id='par_1_85' title="bbox 949 2217 1735 2256">
     <span class='ocr_line' id='line_1_85' title="bbox 949 2217 1735 2256; baseline -0.013 -3"><span class='ocrx_word' id='word_1_636' title='bbox 949 2229 1008 2252; x_wconf 86' lang='lat' dir='ltr'><strong>tore</strong></span> <span class='ocrx_word' id='word_1_637' title='bbox 1028 2231 1091 2252; x_wconf 90' lang='lat' dir='ltr'><strong>reus</strong></span> <span class='ocrx_word' id='word_1_638' title='bbox 1105 2223 1170 2250; x_wconf 87' lang='lat' dir='ltr'><strong>eris.</strong></span> <span class='ocrx_word' id='word_1_639' title='bbox 1189 2220 1308 2256; x_wconf 88' lang='lat' dir='ltr'><strong>Spiritus</strong></span> <span class='ocrx_word' id='word_1_640' title='bbox 1322 2219 1422 2254; x_wconf 86' lang='lat' dir='ltr'><strong>quippe</strong></span> <span class='ocrx_word' id='word_1_641' title='bbox 1437 2218 1572 2253; x_wconf 82' lang='lat' dir='ltr'><strong>malignus</strong></span> <span class='ocrx_word' id='word_1_642' title='bbox 1586 2221 1628 2244; x_wconf 86' lang='lat' dir='ltr'><strong>est</strong></span> <span class='ocrx_word' id='word_1_643' title='bbox 1641 2217 1735 2244; x_wconf 85' lang='lat' dir='ltr'><strong>obtre—</strong></span> 
     </span>
    </p>
   </div>
   <div class='ocr_carea' id='block_1_86' title="bbox 108 2271 894 2307">
    <p class='ocr_par' dir='ltr' id='par_1_86' title="bbox 108 2271 894 2307">
     <span class='ocr_line' id='line_1_86' title="bbox 108 2271 894 2307; baseline -0.001 -9"><span class='ocrx_word' id='word_1_644' title='bbox 108 2271 269 2303; x_wconf 82' lang='grc' dir='ltr'>καταλαλιὰ,</span> <span class='ocrx_word' id='word_1_645' title='bbox 295 2271 342 2298; x_wconf 78' lang='grc' dir='ltr'>καὶ</span> <span class='ocrx_word' id='word_1_646' title='bbox 368 2271 554 2298; x_wconf 84' lang='grc' dir='ltr'>ἀκατάστατον</span> <span class='ocrx_word' id='word_1_647' title='bbox 582 2272 729 2306; x_wconf 78' lang='grc' dir='ltr'>δαιμόνιον,</span> <span class='ocrx_word' id='word_1_648' title='bbox 761 2271 894 2307; x_wconf 83' lang='grc' dir='ltr'>μηδέποτε</span> 
     </span>
    </p>
   </div>
   <div class='ocr_carea' id='block_1_87' title="bbox 108 2316 894 2354">
    <p class='ocr_par' dir='ltr' id='par_1_87' title="bbox 108 2316 894 2354">
     <span class='ocr_line' id='line_1_87' title="bbox 108 2316 894 2354; baseline -0.003 -10"><span class='ocrx_word' id='word_1_649' title='bbox 108 2317 259 2354; x_wconf 80' lang='grc' dir='ltr'>εἰρηνεῦον,</span> <span class='ocrx_word' id='word_1_650' title='bbox 277 2317 345 2344; x_wconf 82' lang='grc' dir='ltr'>ἀλλὰ</span> <span class='ocrx_word' id='word_1_651' title='bbox 362 2317 478 2344; x_wconf 86' lang='grc' dir='ltr'>πάντοτε</span> <span class='ocrx_word' id='word_1_652' title='bbox 495 2317 524 2343; x_wconf 81' lang='grc' dir='ltr'>ἐν</span> <span class='ocrx_word' id='word_1_653' title='bbox 536 2316 720 2351; x_wconf 78' lang='grc' dir='ltr'>διχοστασίαις</span> <span class='ocrx_word' id='word_1_654' title='bbox 741 2316 894 2343; x_wconf 80' lang='grc' dir='ltr'>κατοικοῦν.</span> 
     </span>
    </p>
   </div>
   <div class='ocr_carea' id='block_1_88' title="bbox 109 2361 895 2399">
    <p class='ocr_par' dir='ltr' id='par_1_88' title="bbox 109 2361 895 2399">
     <span class='ocr_line' id='line_1_88' title="bbox 109 2361 895 2399; baseline -0.003 -9"><span class='ocrx_word' id='word_1_655' title='bbox 109 2366 214 2399; x_wconf 71' lang='grc' dir='ltr'><strong>Ἀπεχε</strong></span> <span class='ocrx_word' id='word_1_656' title='bbox 227 2361 274 2390; x_wconf 72' lang='grc' dir='ltr'>οὖν</span> <span class='ocrx_word' id='word_1_657' title='bbox 297 2364 344 2390; x_wconf 74' lang='grc' dir='ltr'><strong>ἀπ’</strong></span> <span class='ocrx_word' id='word_1_658' title='bbox 358 2362 440 2390; x_wconf 85' lang='grc' dir='ltr'>αὑτοῦ</span> <span class='ocrx_word' id='word_1_659' title='bbox 457 2362 503 2389; x_wconf 71' lang='grc' dir='ltr'>καὶ</span> <span class='ocrx_word' id='word_1_660' title='bbox 520 2363 631 2398; x_wconf 79' lang='grc' dir='ltr'>εἰρήνην</span> <span class='ocrx_word' id='word_1_661' title='bbox 654 2362 726 2394; x_wconf 74' lang='grc' dir='ltr'>ἕξεις</span> <span class='ocrx_word' id='word_1_662' title='bbox 750 2362 806 2396; x_wconf 76' lang='grc'><strong>(41)</strong></span> <span class='ocrx_word' id='word_1_663' title='bbox 828 2361 895 2397; x_wconf 75' lang='grc' dir='ltr'>μετὰ</span> 
     </span>
    </p>
   </div>
   <div class='ocr_carea' id='block_1_89' title="bbox 108 2408 895 2444">
    <p class='ocr_par' dir='ltr' id='par_1_89' title="bbox 108 2408 895 2444">
     <span class='ocr_line' id='line_1_89' title="bbox 108 2408 895 2444; baseline -0.005 -6"><span class='ocrx_word' id='word_1_664' title='bbox 108 2412 228 2443; x_wconf 69' lang='grc' dir='ltr'>πάντων.</span> <span class='ocrx_word' id='word_1_665' title='bbox 247 2410 375 2437; x_wconf 86' lang='grc' dir='ltr'>Ἕνδυσαι</span> <span class='ocrx_word' id='word_1_666' title='bbox 388 2410 416 2436; x_wconf 79' lang='grc' dir='ltr'><strong>δὲ</strong></span> <span class='ocrx_word' id='word_1_667' title='bbox 437 2409 488 2444; x_wconf 81' lang='grc' dir='ltr'>τὴν</span> <span class='ocrx_word' id='word_1_668' title='bbox 512 2409 649 2444; x_wconf 76' lang='grc' dir='ltr'>ἁπλότητα</span> <span class='ocrx_word' id='word_1_669' title='bbox 669 2409 719 2435; x_wconf 76' lang='grc' dir='ltr'><strong>παὶ</strong></span> <span class='ocrx_word' id='word_1_670' title='bbox 733 2408 781 2444; x_wconf 85' lang='grc' dir='ltr'>τὴν</span> <span class='ocrx_word' id='word_1_671' title='bbox 799 2408 895 2443; x_wconf 81' lang='grc' dir='ltr'>σεμνό-</span> 
     </span>
    </p>
   </div>
   <div class='ocr_carea' id='block_1_90' title="bbox 107 2451 896 2490">
    <p class='ocr_par' dir='ltr' id='par_1_90' title="bbox 107 2451 896 2490">
     <span class='ocr_line' id='line_1_90' title="bbox 107 2451 896 2490; baseline -0.004 -9"><span class='ocrx_word' id='word_1_672' title='bbox 107 2463 189 2490; x_wconf 81' lang='grc' dir='ltr'>τητα,</span> <span class='ocrx_word' id='word_1_673' title='bbox 205 2455 233 2480; x_wconf 81' lang='grc' dir='ltr'>ὲν</span> <span class='ocrx_word' id='word_1_674' title='bbox 255 2451 296 2485; x_wconf 78' lang='grc' dir='ltr'><strong>οἷς</strong></span> <span class='ocrx_word' id='word_1_675' title='bbox 319 2453 395 2480; x_wconf 74' lang='grc' dir='ltr'>οῦδὲν</span> <span class='ocrx_word' id='word_1_676' title='bbox 418 2453 584 2489; x_wconf 82' lang='grc' dir='ltr'>πρόσκομμά</span> <span class='ocrx_word' id='word_1_677' title='bbox 604 2453 662 2479; x_wconf 80' lang='grc' dir='ltr'>ἐστι</span> <span class='ocrx_word' id='word_1_678' title='bbox 686 2452 814 2488; x_wconf 79' lang='grc' dir='ltr'>πονηρὸν,</span> <span class='ocrx_word' id='word_1_679' title='bbox 829 2453 896 2479; x_wconf 82' lang='grc' dir='ltr'>ἀλλὰ</span> 
     </span>
    </p>
   </div>
   <div class='ocr_carea' id='block_1_91' title="bbox 145 2542 896 2580">
    <p class='ocr_par' dir='ltr' id='par_1_91' title="bbox 145 2542 896 2580">
     <span class='ocr_line' id='line_1_91' title="bbox 145 2542 896 2580; baseline -0.004 -9"><span class='ocrx_word' id='word_1_680' title='bbox 145 2544 202 2580; x_wconf 77' lang='lat'><strong>(37)</strong></span> <span class='ocrx_word' id='word_1_681' title='bbox 216 2543 274 2571; x_wconf 84' lang='lat' dir='ltr'><strong>Hoc</strong></span> <span class='ocrx_word' id='word_1_682' title='bbox 298 2543 414 2580; x_wconf 87' lang='lat' dir='ltr'><strong>primum</strong></span> <span class='ocrx_word' id='word_1_683' title='bbox 439 2543 595 2580; x_wconf 78' lang='lat' dir='ltr'><strong>mandatum</strong></span> <span class='ocrx_word' id='word_1_684' title='bbox 617 2550 650 2569; x_wconf 71' lang='lat' dir='ltr'><strong>es</strong></span> <span class='ocrx_word' id='word_1_685' title='bbox 675 2542 896 2580; x_wconf 32' lang='lat' dir='ltr'><strong>primo‘llerrnae</strong></span> 
     </span>
    </p>
   </div>
   <div class='ocr_carea' id='block_1_92' title="bbox 108 2577 895 2613">
    <p class='ocr_par' dir='ltr' id='par_1_92' title="bbox 108 2577 895 2613">
     <span class='ocr_line' id='line_1_92' title="bbox 108 2577 895 2613; baseline -0.003 -7"><span class='ocrx_word' id='word_1_686' title='bbox 108 2577 260 2607; x_wconf 59' lang='lat' dir='ltr'><strong>Pastoralis</strong></span> <span class='ocrx_word' id='word_1_687' title='bbox 277 2577 415 2611; x_wconf 79' lang='lat' dir='ltr'><strong>mandato,</strong></span> <span class='ocrx_word' id='word_1_688' title='bbox 435 2580 453 2606; x_wconf 89' lang='lat' dir='ltr'><strong>l.</strong></span> <span class='ocrx_word' id='word_1_689' title='bbox 470 2586 501 2612; x_wconf 88' lang='grc' dir='ltr'>ιι,</span> <span class='ocrx_word' id='word_1_690' title='bbox 522 2586 548 2613; x_wconf 94' lang='lat' dir='ltr'><strong>p.</strong></span> <span class='ocrx_word' id='word_1_691' title='bbox 562 2578 608 2611; x_wconf 70' lang='grc'><strong>44,</strong></span> <span class='ocrx_word' id='word_1_692' title='bbox 626 2581 653 2605; x_wconf 90' lang='lat' dir='ltr'><strong>et</strong></span> <span class='ocrx_word' id='word_1_693' title='bbox 663 2585 694 2604; x_wconf 82' lang='lat' dir='ltr'><strong>ex</strong></span> <span class='ocrx_word' id='word_1_694' title='bbox 709 2577 837 2613; x_wconf 86' lang='lat' dir='ltr'><strong>Symbolo</strong></span> <span class='ocrx_word' id='word_1_695' title='bbox 847 2577 895 2604; x_wconf 91' lang='lat' dir='ltr'><strong>Ni-</strong></span> 
     </span>
    </p>
   </div>
   <div class='ocr_carea' id='block_1_93' title="bbox 109 2615 424 2643">
    <p class='ocr_par' dir='ltr' id='par_1_93' title="bbox 109 2615 424 2643">
     <span class='ocr_line' id='line_1_93' title="bbox 109 2615 424 2643; baseline -0.006 0"><span class='ocrx_word' id='word_1_696' title='bbox 109 2623 186 2643; x_wconf 64' lang='grc' dir='ltr'><strong>ωηο</strong></span> <span class='ocrx_word' id='word_1_697' title='bbox 202 2615 357 2642; x_wconf 83' lang='lat' dir='ltr'><strong>confectum</strong></span> <span class='ocrx_word' id='word_1_698' title='bbox 371 2618 424 2641; x_wconf 86' lang='lat' dir='ltr'><strong>est.</strong></span> 
     </span>
    </p>
   </div>
   <div class='ocr_carea' id='block_1_94' title="bbox 144 2646 896 2685">
    <p class='ocr_par' dir='ltr' id='par_1_94' title="bbox 144 2646 896 2685">
     <span class='ocr_line' id='line_1_94' title="bbox 144 2646 896 2685; baseline -0.007 -8"><span class='ocrx_word' id='word_1_699' title='bbox 144 2650 199 2685; x_wconf 75' lang='lat'><strong>(38)</strong></span> <span class='ocrx_word' id='word_1_700' title='bbox 216 2649 283 2677; x_wconf 86' lang='lat' dir='ltr'><strong>Vide</strong></span> <span class='ocrx_word' id='word_1_701' title='bbox 299 2650 350 2685; x_wconf 85' lang='lat' dir='ltr'><strong>hoc</strong></span> <span class='ocrx_word' id='word_1_702' title='bbox 376 2649 526 2677; x_wconf 87' lang='lat' dir='ltr'><strong>secundum</strong></span> <span class='ocrx_word' id='word_1_703' title='bbox 548 2650 706 2685; x_wconf 84' lang='lat' dir='ltr'><strong>mandatum</strong></span> <span class='ocrx_word' id='word_1_704' title='bbox 731 2647 802 2682; x_wconf 89' lang='lat' dir='ltr'><strong>apud</strong></span> <span class='ocrx_word' id='word_1_705' title='bbox 827 2646 896 2673; x_wconf 87' lang='lat' dir='ltr'><strong>Her-</strong></span> 
     </span>
    </p>
   </div>
   <div class='ocr_carea' id='block_1_95' title="bbox 107 2683 896 2720">
    <p class='ocr_par' dir='ltr' id='par_1_95' title="bbox 107 2683 896 2720">
     <span class='ocr_line' id='line_1_95' title="bbox 107 2683 896 2720; baseline -0.006 -7"><span class='ocrx_word' id='word_1_706' title='bbox 107 2683 195 2716; x_wconf 62' lang='lat' dir='ltr'><strong>mam,</strong></span> <span class='ocrx_word' id='word_1_707' title='bbox 208 2693 233 2720; x_wconf 90' lang='lat' dir='ltr'><strong>p.</strong></span> <span class='ocrx_word' id='word_1_708' title='bbox 258 2685 293 2712; x_wconf 65' lang='grc' dir='ltr'>ιη</span> <span class='ocrx_word' id='word_1_709' title='bbox 307 2695 313 2700; x_wconf 91' lang='grc'><strong>-</strong></span> <span class='ocrx_word' id='word_1_710' title='bbox 335 2684 625 2720; x_wconf 21' lang='grc' dir='ltr'>δίηιρίίεἱιιιιειῃνῂαρς,</span> <span class='ocrx_word' id='word_1_711' title='bbox 643 2687 668 2710; x_wconf 81' lang='lat' dir='ltr'><strong>et</strong></span> <span class='ocrx_word' id='word_1_712' title='bbox 691 2683 814 2720; x_wconf 52' lang='lat' dir='ltr'><strong>innocens</strong></span> <span class='ocrx_word' id='word_1_713' title='bbox 829 2687 896 2720; x_wconf 59' lang='lat' dir='ltr'><strong>esto.</strong></span> 
     </span>
    </p>
   </div>
   <div class='ocr_carea' id='block_1_96' title="bbox 143 2717 894 2756">
    <p class='ocr_par' dir='ltr' id='par_1_96' title="bbox 143 2717 894 2756">
     <span class='ocr_line' id='line_1_96' title="bbox 143 2717 894 2756; baseline -0.005 -9"><span class='ocrx_word' id='word_1_714' title='bbox 143 2717 279 2756; x_wconf 53' lang='lat' dir='ltr'><strong>(59i&#39;ﬂaac</strong></span> <span class='ocrx_word' id='word_1_715' title='bbox 294 2717 443 2756; x_wconf 72' lang='lat' dir='ltr'><strong>Antiochus</strong></span> <span class='ocrx_word' id='word_1_716' title='bbox 463 2719 573 2756; x_wconf 84' lang='lat' dir='ltr'><strong>homilia</strong></span> <span class='ocrx_word' id='word_1_717' title='bbox 586 2719 639 2756; x_wconf 68' lang='lat'><strong>29,_</strong></span> <span class='ocrx_word' id='word_1_718' title='bbox 653 2726 680 2756; x_wconf 56' lang='lat' dir='ltr'><strong>p,</strong></span> <span class='ocrx_word' id='word_1_719' title='bbox 700 2717 781 2751; x_wconf 75' lang='grc'>1077,</span> <span class='ocrx_word' id='word_1_720' title='bbox 792 2717 844 2756; x_wconf 72' lang='lat' dir='ltr'><strong>sed</strong></span> <span class='ocrx_word' id='word_1_721' title='bbox 857 2718 894 2756; x_wconf 77' lang='lat' dir='ltr'><strong>ita</strong></span> 
     </span>
    </p>
   </div>
   <div class='ocr_carea' id='block_1_97' title="bbox 107 2752 892 2790">
    <p class='ocr_par' dir='ltr' id='par_1_97' title="bbox 107 2752 892 2790">
     <span class='ocr_line' id='line_1_97' title="bbox 107 2752 892 2790; baseline -0.006 -7"><span class='ocrx_word' id='word_1_722' title='bbox 107 2752 223 2790; x_wconf 77' lang='lat' dir='ltr'><strong>incipit:</strong></span> <span class='ocrx_word' id='word_1_723' title='bbox 252 2755 340 2782; x_wconf 83' lang='grc' dir='ltr'>Καλὸν</span> <span class='ocrx_word' id='word_1_724' title='bbox 362 2753 408 2782; x_wconf 79' lang='grc' dir='ltr'><strong>οὖν</strong></span> <span class='ocrx_word' id='word_1_725' title='bbox 427 2752 701 2790; x_wconf 22' lang='grc' dir='ltr'>ἑστιννὲπὶῗμηδενὸς</span> <span class='ocrx_word' id='word_1_726' title='bbox 722 2752 892 2790; x_wconf 81' lang='grc' dir='ltr'>καταλαλεῖν,</span> 
     </span>
    </p>
   </div>
   <div class='ocr_carea' id='block_1_98' title="bbox 110 2788 894 2827">
    <p class='ocr_par' dir='ltr' id='par_1_98' title="bbox 110 2788 894 2827">
     <span class='ocr_line' id='line_1_98' title="bbox 110 2788 894 2827; baseline -0.005 -9"><span class='ocrx_word' id='word_1_727' title='bbox 110 2788 177 2827; x_wconf 81' lang='grc' dir='ltr'>μηδὲ</span> <span class='ocrx_word' id='word_1_728' title='bbox 200 2791 285 2827; x_wconf 79' lang='grc' dir='ltr'>ἡδέως</span> <span class='ocrx_word' id='word_1_729' title='bbox 303 2790 411 2827; x_wconf 75' lang='grc' dir='ltr'>ἀκούειν</span> <span class='ocrx_word' id='word_1_730' title='bbox 435 2789 658 2827; x_wconf 68' lang='grc' dir='ltr'>καταλαλοῦντος,</span> <span class='ocrx_word' id='word_1_731' title='bbox 682 2788 894 2827; x_wconf 84' lang='lat' dir='ltr'><strong>accommodatis</strong></span> 
     </span>
    </p>
   </div>
   <div class='ocr_carea' id='block_1_99' title="bbox 109 2823 894 2857">
    <p class='ocr_par' dir='ltr' id='par_1_99' title="bbox 109 2823 894 2857">
     <span class='ocr_line' id='line_1_99' title="bbox 109 2823 894 2857; baseline -0.005 -4"><span class='ocrx_word' id='word_1_732' title='bbox 109 2823 216 2854; x_wconf 72' lang='lat' dir='ltr'><strong>scilicet</strong></span> <span class='ocrx_word' id='word_1_733' title='bbox 228 2826 262 2853; x_wconf 88' lang='lat' dir='ltr'><strong>ad</strong></span> <span class='ocrx_word' id='word_1_734' title='bbox 274 2825 391 2853; x_wconf 72' lang='lat' dir='ltr'><strong>homiliae</strong></span> <span class='ocrx_word' id='word_1_735' title='bbox 407 2833 462 2853; x_wconf 67' lang='lat' dir='ltr'><strong>sua:</strong></span> <span class='ocrx_word' id='word_1_736' title='bbox 478 2825 586 2856; x_wconf 86' lang='lat' dir='ltr'><strong>seriem,</strong></span> <span class='ocrx_word' id='word_1_737' title='bbox 603 2823 708 2851; x_wconf 61' lang='lat' dir='ltr'><strong>Hermm</strong></span> <span class='ocrx_word' id='word_1_738' title='bbox 718 2823 819 2852; x_wconf 81' lang='lat' dir='ltr'><strong>verbis.</strong></span> <span class='ocrx_word' id='word_1_739' title='bbox 833 2831 894 2857; x_wconf 82' lang='lat' dir='ltr'><strong>quae</strong></span> 
     </span>
    </p>
   </div>
   <div class='ocr_carea' id='block_1_100' title="bbox 110 2858 893 2890">
    <p class='ocr_par' dir='ltr' id='par_1_100' title="bbox 110 2858 893 2890">
     <span class='ocr_line' id='line_1_100' title="bbox 110 2858 893 2890; baseline -0.004 -2"><span class='ocrx_word' id='word_1_740' title='bbox 110 2865 255 2890; x_wconf 82' lang='lat' dir='ltr'><strong>contextus</strong></span> <span class='ocrx_word' id='word_1_741' title='bbox 286 2865 380 2889; x_wconf 90' lang='lat' dir='ltr'><strong>noster</strong></span> <span class='ocrx_word' id='word_1_742' title='bbox 401 2861 508 2888; x_wconf 80' lang='lat' dir='ltr'><strong>exhibet</strong></span> <span class='ocrx_word' id='word_1_743' title='bbox 540 2859 706 2887; x_wconf 77' lang='lat' dir='ltr'><strong>accuratius.</strong></span> <span class='ocrx_word' id='word_1_744' title='bbox 742 2858 893 2886; x_wconf 82' lang='lat' dir='ltr'><strong>Antiochus</strong></span> 
     </span>
    </p>
   </div>
   <div class='ocr_carea' id='block_1_101' title="bbox 949 2262 1734 2300">
    <p class='ocr_par' dir='ltr' id='par_1_101' title="bbox 949 2262 1734 2300">
     <span class='ocr_line' id='line_1_101' title="bbox 949 2262 1734 2300; baseline -0.01 -4"><span class='ocrx_word' id='word_1_745' title='bbox 949 2269 1041 2300; x_wconf 86' lang='lat' dir='ltr'><strong>ctatio,</strong></span> <span class='ocrx_word' id='word_1_746' title='bbox 1055 2271 1082 2295; x_wconf 85' lang='lat' dir='ltr'><strong>et</strong></span> <span class='ocrx_word' id='word_1_747' title='bbox 1108 2266 1295 2294; x_wconf 86' lang='lat' dir='ltr'><strong>turbulentum</strong></span> <span class='ocrx_word' id='word_1_748' title='bbox 1311 2262 1486 2294; x_wconf 65' lang='lat' dir='ltr'><strong>daemonium,</strong></span> <span class='ocrx_word' id='word_1_749' title='bbox 1502 2262 1574 2297; x_wconf 92' lang='lat' dir='ltr'><strong>quod</strong></span> <span class='ocrx_word' id='word_1_750' title='bbox 1595 2270 1734 2297; x_wconf 88' lang='lat' dir='ltr'><strong>nunquam</strong></span> 
     </span>
    </p>
   </div>
   <div class='ocr_carea' id='block_1_102' title="bbox 949 2307 1735 2347">
    <p class='ocr_par' dir='ltr' id='par_1_102' title="bbox 949 2307 1735 2347">
     <span class='ocr_line' id='line_1_102' title="bbox 949 2307 1735 2347; baseline -0.009 -7"><span class='ocrx_word' id='word_1_751' title='bbox 949 2313 977 2340; x_wconf 95' lang='lat' dir='ltr'><strong>in</strong></span> <span class='ocrx_word' id='word_1_752' title='bbox 998 2320 1065 2347; x_wconf 87' lang='lat' dir='ltr'><strong>pace</strong></span> <span class='ocrx_word' id='word_1_753' title='bbox 1083 2311 1167 2345; x_wconf 76' lang='lat' dir='ltr'><strong>degit,</strong></span> <span class='ocrx_word' id='word_1_754' title='bbox 1184 2309 1232 2337; x_wconf 87' lang='lat' dir='ltr'><strong>sed</strong></span> <span class='ocrx_word' id='word_1_755' title='bbox 1251 2315 1360 2343; x_wconf 85' lang='lat' dir='ltr'><strong>semper</strong></span> <span class='ocrx_word' id='word_1_756' title='bbox 1373 2307 1400 2334; x_wconf 91' lang='lat' dir='ltr'><strong>in</strong></span> <span class='ocrx_word' id='word_1_757' title='bbox 1414 2307 1659 2342; x_wconf 81' lang='lat' dir='ltr'><strong>disceptationibus</strong></span> <span class='ocrx_word' id='word_1_758' title='bbox 1673 2315 1735 2334; x_wconf 82' lang='lat' dir='ltr'><strong>ver-</strong></span> 
     </span>
    </p>
   </div>
   <div class='ocr_carea' id='block_1_103' title="bbox 949 2351 1735 2390">
    <p class='ocr_par' dir='ltr' id='par_1_103' title="bbox 949 2351 1735 2390">
     <span class='ocr_line' id='line_1_103' title="bbox 949 2351 1735 2390; baseline -0.01 -4"><span class='ocrx_word' id='word_1_759' title='bbox 949 2362 1035 2386; x_wconf 87' lang='lat' dir='ltr'><strong>satur.</strong></span> <span class='ocrx_word' id='word_1_760' title='bbox 1051 2357 1091 2383; x_wconf 87' lang='lat' dir='ltr'><strong>Ab</strong></span> <span class='ocrx_word' id='word_1_761' title='bbox 1108 2363 1141 2383; x_wconf 87' lang='lat' dir='ltr'><strong>ea</strong></span> <span class='ocrx_word' id='word_1_762' title='bbox 1155 2355 1238 2390; x_wconf 79' lang='lat' dir='ltr'><strong>igitur</strong></span> <span class='ocrx_word' id='word_1_763' title='bbox 1256 2362 1285 2381; x_wconf 92' lang='lat' dir='ltr'><strong>re</strong></span> <span class='ocrx_word' id='word_1_764' title='bbox 1305 2353 1452 2382; x_wconf 86' lang='lat' dir='ltr'><strong>abstineto.</strong></span> <span class='ocrx_word' id='word_1_765' title='bbox 1472 2356 1500 2379; x_wconf 88' lang='lat' dir='ltr'><strong>et</strong></span> <span class='ocrx_word' id='word_1_766' title='bbox 1519 2351 1630 2386; x_wconf 85' lang='lat' dir='ltr'><strong>paciﬁce</strong></span> <span class='ocrx_word' id='word_1_767' title='bbox 1652 2351 1735 2387; x_wconf 81' lang='lat' dir='ltr'><strong>deges</strong></span> 
     </span>
    </p>
   </div>
   <div class='ocr_carea' id='block_1_104' title="bbox 949 2398 1732 2434">
    <p class='ocr_par' dir='ltr' id='par_1_104' title="bbox 949 2398 1732 2434">
     <span class='ocr_line' id='line_1_104' title="bbox 949 2398 1732 2434; baseline -0.01 -2"><span class='ocrx_word' id='word_1_768' title='bbox 949 2412 1010 2432; x_wconf 90' lang='lat' dir='ltr'><strong>cum</strong></span> <span class='ocrx_word' id='word_1_769' title='bbox 1035 2403 1172 2431; x_wconf 88' lang='lat' dir='ltr'><strong>omnibus.</strong></span> <span class='ocrx_word' id='word_1_770' title='bbox 1195 2401 1279 2428; x_wconf 89' lang='lat' dir='ltr'><strong>lndue</strong></span> <span class='ocrx_word' id='word_1_771' title='bbox 1294 2399 1495 2434; x_wconf 87' lang='lat' dir='ltr'><strong>simplicitatem</strong></span> <span class='ocrx_word' id='word_1_772' title='bbox 1510 2402 1537 2426; x_wconf 93' lang='lat' dir='ltr'><strong>et</strong></span> <span class='ocrx_word' id='word_1_773' title='bbox 1550 2398 1732 2430; x_wconf 81' lang='lat' dir='ltr'><strong>honestatem,</strong></span> 
     </span>
    </p>
   </div>
   <div class='ocr_carea' id='block_1_105' title="bbox 949 2446 1734 2487">
    <p class='ocr_par' dir='ltr' id='par_1_105' title="bbox 949 2446 1734 2487">
     <span class='ocr_line' id='line_1_105' title="bbox 949 2446 1734 2487; baseline -0.008 -9"><span class='ocrx_word' id='word_1_774' title='bbox 949 2451 1049 2487; x_wconf 88' lang='lat' dir='ltr'><strong>quibus</strong></span> <span class='ocrx_word' id='word_1_775' title='bbox 1081 2449 1185 2477; x_wconf 93' lang='lat' dir='ltr'><strong>nullum</strong></span> <span class='ocrx_word' id='word_1_776' title='bbox 1213 2449 1285 2475; x_wconf 89' lang='lat' dir='ltr'><strong>inest</strong></span> <span class='ocrx_word' id='word_1_777' title='bbox 1317 2446 1509 2475; x_wconf 83' lang='lat' dir='ltr'><strong>oﬂ‘endiculum</strong></span> <span class='ocrx_word' id='word_1_778' title='bbox 1539 2446 1657 2479; x_wconf 86' lang='lat' dir='ltr'><strong>malum;</strong></span> <span class='ocrx_word' id='word_1_779' title='bbox 1686 2446 1734 2474; x_wconf 84' lang='lat' dir='ltr'><strong>sed</strong></span> 
     </span>
    </p>
   </div>
   <div class='ocr_carea' id='block_1_106' title="bbox 949 2536 1732 2572">
    <p class='ocr_par' dir='ltr' id='par_1_106' title="bbox 949 2536 1732 2572">
     <span class='ocr_line' id='line_1_106' title="bbox 949 2536 1732 2572; baseline -0.005 -4"><span class='ocrx_word' id='word_1_780' title='bbox 949 2541 1030 2568; x_wconf 87' lang='lat' dir='ltr'><strong>etiam</strong></span> <span class='ocrx_word' id='word_1_781' title='bbox 1043 2540 1127 2567; x_wconf 92' lang='lat' dir='ltr'><strong>multa</strong></span> <span class='ocrx_word' id='word_1_782' title='bbox 1141 2546 1190 2566; x_wconf 88' lang='lat' dir='ltr'><strong>suo</strong></span> <span class='ocrx_word' id='word_1_783' title='bbox 1202 2544 1288 2566; x_wconf 91' lang='lat' dir='ltr'><strong>marte</strong></span> <span class='ocrx_word' id='word_1_784' title='bbox 1302 2537 1405 2572; x_wconf 83' lang='lat' dir='ltr'><strong>adjicit,</strong></span> <span class='ocrx_word' id='word_1_785' title='bbox 1425 2541 1454 2564; x_wconf 88' lang='lat' dir='ltr'><strong>ut</strong></span> <span class='ocrx_word' id='word_1_786' title='bbox 1465 2537 1563 2572; x_wconf 87' lang='lat' dir='ltr'><strong>cuique</strong></span> <span class='ocrx_word' id='word_1_787' title='bbox 1578 2536 1669 2565; x_wconf 87' lang='lat' dir='ltr'><strong>videre</strong></span> <span class='ocrx_word' id='word_1_788' title='bbox 1680 2543 1732 2564; x_wconf 86' lang='lat' dir='ltr'><strong>est.</strong></span> 
     </span>
    </p>
   </div>
   <div class='ocr_carea' id='block_1_107' title="bbox 947 2572 1388 2611">
    <p class='ocr_par' dir='ltr' id='par_1_107' title="bbox 947 2572 1388 2611">
     <span class='ocr_line' id='line_1_107' title="bbox 947 2572 1388 2611; baseline -0.007 -9"><span class='ocrx_word' id='word_1_789' title='bbox 947 2591 982 2597; x_wconf 92' lang='lat'><strong>-—</strong></span> <span class='ocrx_word' id='word_1_790' title='bbox 997 2575 1164 2611; x_wconf 59' lang='lat' dir='ltr'><strong>liloxyulgo,</strong></span> <span class='ocrx_word' id='word_1_791' title='bbox 1207 2573 1267 2611; x_wconf 56' lang='grc' dir='ltr'><strong>Δἐξίιν.</strong></span> <span class='ocrx_word' id='word_1_792' title='bbox 1284 2573 1388 2611; x_wconf 78' lang='grc' dir='ltr'>Νριτε.</span> 
     </span>
    </p>
   </div>
   <div class='ocr_carea' id='block_1_108' title="bbox 983 2607 1734 2646">
    <p class='ocr_par' dir='ltr' id='par_1_108' title="bbox 983 2607 1734 2646">
     <span class='ocr_line' id='line_1_108' title="bbox 983 2607 1734 2646; baseline -0.004 -9"><span class='ocrx_word' id='word_1_793' title='bbox 983 2611 1038 2646; x_wconf 67' lang='grc'><strong>(40)</strong></span> <span class='ocrx_word' id='word_1_794' title='bbox 1055 2607 1167 2646; x_wconf 70' lang='grc' dir='ltr'>Πνεῦμα</span> <span class='ocrx_word' id='word_1_795' title='bbox 1181 2607 1294 2646; x_wconf 78' lang='lat' dir='ltr'><strong>&quot;videtur</strong></span> <span class='ocrx_word' id='word_1_796' title='bbox 1309 2608 1462 2646; x_wconf 79' lang='lat' dir='ltr'><strong>irrepsisse,</strong></span> <span class='ocrx_word' id='word_1_797' title='bbox 1471 2608 1519 2646; x_wconf 88' lang='lat' dir='ltr'><strong>_sic</strong></span> <span class='ocrx_word' id='word_1_798' title='bbox 1537 2607 1611 2635; x_wconf 82' lang='lat' dir='ltr'><strong>enim</strong></span> <span class='ocrx_word' id='word_1_799' title='bbox 1635 2607 1734 2643; x_wconf 78' lang='lat' dir='ltr'><strong>legitur</strong></span> 
     </span>
    </p>
   </div>
   <div class='ocr_carea' id='block_1_109' title="bbox 948 2643 1503 2673">
    <p class='ocr_par' dir='ltr' id='par_1_109' title="bbox 948 2643 1503 2673">
     <span class='ocr_line' id='line_1_109' title="bbox 948 2643 1503 2673; baseline -0.007 0"><span class='ocrx_word' id='word_1_800' title='bbox 948 2647 976 2673; x_wconf 94' lang='lat' dir='ltr'><strong>in</strong></span> <span class='ocrx_word' id='word_1_801' title='bbox 987 2643 1105 2672; x_wconf 33' lang='lat' dir='ltr'><strong>‘Pa&#39;store</strong></span> <span class='ocrx_word' id='word_1_802' title='bbox 1116 2643 1292 2671; x_wconf 53' lang='lat' dir='ltr'><strong>{Perniciosa</strong></span> <span class='ocrx_word' id='word_1_803' title='bbox 1309 2649 1348 2670; x_wconf 81' lang='lat' dir='ltr'><strong>est</strong></span> <span class='ocrx_word' id='word_1_804' title='bbox 1364 2643 1503 2670; x_wconf 75' lang='lat' dir='ltr'><strong>detractio.</strong></span> 
     </span>
    </p>
   </div>
   <div class='ocr_carea' id='block_1_110' title="bbox 984 2677 1736 2716">
    <p class='ocr_par' dir='ltr' id='par_1_110' title="bbox 984 2677 1736 2716">
     <span class='ocr_line' id='line_1_110' title="bbox 984 2677 1736 2716; baseline -0.005 -8"><span class='ocrx_word' id='word_1_805' title='bbox 984 2682 1040 2716; x_wconf 68' lang='lat' dir='ltr'><strong>(tt)</strong></span> <span class='ocrx_word' id='word_1_806' title='bbox 1060 2680 1122 2707; x_wconf 70' lang='lat' dir='ltr'><strong>Haec</strong></span> <span class='ocrx_word' id='word_1_807' title='bbox 1139 2680 1319 2716; x_wconf 77' lang='lat' dir='ltr'><strong>sicleguntur</strong></span> <span class='ocrx_word' id='word_1_808' title='bbox 1334 2678 1489 2716; x_wconf 67' lang='lat' dir='ltr'><strong>in_P(t.\&#39;torc</strong></span> <span class='ocrx_word' id='word_1_809' title='bbox 1504 2677 1557 2705; x_wconf 84' lang='lat' dir='ltr'><strong>:Et</strong></span> <span class='ocrx_word' id='word_1_810' title='bbox 1575 2686 1675 2716; x_wconf 75' lang='lat' dir='ltr'><strong>semper</strong></span> <span class='ocrx_word' id='word_1_811' title='bbox 1685 2685 1736 2712; x_wconf 79' lang='lat' dir='ltr'><strong>pa-</strong></span> 
     </span>
    </p>
   </div>
   <div class='ocr_carea' id='block_1_111' title="bbox 948 2713 1733 2749">
    <p class='ocr_par' dir='ltr' id='par_1_111' title="bbox 948 2713 1733 2749">
     <span class='ocr_line' id='line_1_111' title="bbox 948 2713 1733 2749; baseline -0.005 -5"><span class='ocrx_word' id='word_1_812' title='bbox 948 2713 1002 2744; x_wconf 70' lang='lat' dir='ltr'><strong>cem</strong></span> <span class='ocrx_word' id='word_1_813' title='bbox 1017 2713 1082 2743; x_wconf 70' lang='lat' dir='ltr'><strong>liabe</strong></span> <span class='ocrx_word' id='word_1_814' title='bbox 1096 2723 1156 2742; x_wconf 80' lang='lat' dir='ltr'><strong>cum</strong></span> <span class='ocrx_word' id='word_1_815' title='bbox 1176 2714 1260 2749; x_wconf 76' lang='lat' dir='ltr'><strong>fratre</strong></span> <span class='ocrx_word' id='word_1_816' title='bbox 1279 2719 1333 2741; x_wconf 82' lang='lat' dir='ltr'><strong>tuo.</strong></span> <span class='ocrx_word' id='word_1_817' title='bbox 1358 2713 1442 2741; x_wconf 85' lang='lat' dir='ltr'><strong>Indue</strong></span> <span class='ocrx_word' id='word_1_818' title='bbox 1466 2713 1642 2741; x_wconf 75' lang='lat' dir='ltr'><strong>constantiam</strong></span> <span class='ocrx_word' id='word_1_819' title='bbox 1667 2721 1733 2740; x_wconf 69' lang='lat' dir='ltr'><strong>aau-</strong></span> 
     </span>
    </p>
   </div>
   <div class='ocr_carea' id='block_1_112' title="bbox 948 2749 1735 2786">
    <p class='ocr_par' dir='ltr' id='par_1_112' title="bbox 948 2749 1735 2786">
     <span class='ocr_line' id='line_1_112' title="bbox 948 2749 1735 2786; baseline -0.004 -7"><span class='ocrx_word' id='word_1_820' title='bbox 948 2757 1028 2782; x_wconf 79' lang='lat' dir='ltr'><strong>ctam,</strong></span> <span class='ocrx_word' id='word_1_821' title='bbox 1052 2751 1079 2777; x_wconf 84' lang='lat' dir='ltr'><strong>in</strong></span> <span class='ocrx_word' id='word_1_822' title='bbox 1104 2758 1155 2786; x_wconf 85' lang='lat' dir='ltr'><strong>qua</strong></span> <span class='ocrx_word' id='word_1_823' title='bbox 1179 2749 1255 2776; x_wconf 86' lang='lat' dir='ltr'><strong>nulla</strong></span> <span class='ocrx_word' id='word_1_824' title='bbox 1278 2754 1338 2776; x_wconf 75' lang='lat' dir='ltr'><strong>sunt</strong></span> <span class='ocrx_word' id='word_1_825' title='bbox 1361 2754 1477 2783; x_wconf 83' lang='lat' dir='ltr'><strong>peccata,</strong></span> <span class='ocrx_word' id='word_1_826' title='bbox 1493 2749 1537 2776; x_wconf 76' lang='lat' dir='ltr'><strong>sed</strong></span> <span class='ocrx_word' id='word_1_827' title='bbox 1558 2749 1645 2777; x_wconf 76' lang='lat' dir='ltr'><strong>omnia</strong></span> <span class='ocrx_word' id='word_1_828' title='bbox 1669 2749 1735 2776; x_wconf 78' lang='grc' dir='ltr'>Ιωια</span> 
     </span>
    </p>
   </div>
   <div class='ocr_carea' id='block_1_113' title="bbox 947 2792 1087 2820">
    <p class='ocr_par' dir='ltr' id='par_1_113' title="bbox 947 2792 1087 2820">
     <span class='ocr_line' id='line_1_113' title="bbox 947 2792 1087 2820; baseline -0.014 -5"><span class='ocrx_word' id='word_1_829' title='bbox 947 2793 1018 2820; x_wconf 80' lang='lat' dir='ltr'><strong>sunt,</strong></span> <span class='ocrx_word' id='word_1_830' title='bbox 1033 2792 1087 2814; x_wconf 90' lang='lat' dir='ltr'><strong>etc.</strong></span> 
     </span>
    </p>
   </div>
   <div class='ocr_carea' id='block_1_114' title="bbox 983 2820 1352 2859">
    <p class='ocr_par' dir='ltr' id='par_1_114' title="bbox 983 2820 1352 2859">
     <span class='ocr_line' id='line_1_114' title="bbox 983 2820 1352 2859; baseline -0.011 -9"><span class='ocrx_word' id='word_1_831' title='bbox 983 2823 1040 2859; x_wconf 68' lang='grc'><strong>(42)</strong></span> <span class='ocrx_word' id='word_1_832' title='bbox 1055 2821 1084 2850; x_wconf 90' lang='lat' dir='ltr'><strong>ld</strong></span> <span class='ocrx_word' id='word_1_833' title='bbox 1096 2825 1147 2854; x_wconf 87' lang='lat' dir='ltr'><strong>est,</strong></span> <span class='ocrx_word' id='word_1_834' title='bbox 1163 2820 1352 2848; x_wconf 80' lang='lat' dir='ltr'><strong>monasticam.</strong></span> 
     </span>
    </p>
   </div>
  </div>
