1924 3059
195 127 248 156 559

749 124 778 152 S.
795 122 1024 151 ATHANASIUS.
1046 137 1080 142 —
1099 120 1234 149 SPURIA.

1777 118 1831 146 560

195 186 287 213 omnia
309 186 390 222 plana
410 191 490 221 atque
507 183 628 220 jucunda
646 193 653 210 :
668 189 695 212 et
716 184 790 211 vives
814 183 841 210 in
869 183 977 211 saecula.

1039 181 1121 208 πάντα
1135 181 1223 207 ὁμαλά
1243 180 1289 206 καὶ
1303 179 1383 215 ἱλαρά
1393 187 1399 194 ·
1419 179 1564 215 καὶζήσεις
1577 179 1617 210 εἰς
1629 179 1694 210 τοὺς
1710 178 1830 210 αἰῶνας.

193 232 293 260 Amen.

1041 227 1135 262 ’Δμήν.

633 287 712 323 203
732 287 849 314 Tertium
867 285 1033 317 mandatum,
1049 284 1215 312 mendacium
1233 282 1368 310 vitandum

229 351 257 378 3.
279 349 311 377 Et
330 356 482 384 exsurgens
506 347 606 379 oravit.
631 347 821 382 completaque
843 345 978 377 oratione,

195 397 293 425 sedens
312 395 349 422 ait
366 394 425 422 illi:
446 394 517 421 Audi
540 393 592 421 hoc
623 393 686 420 item
714 392 884 420 mandatum.
901 391 979 419 Veri-

195 447 278 470 tatem
306 441 408 476 dilige,
436 439 580 474 omnisque
597 440 699 466 veritas
723 439 838 473 prodeat
868 446 903 466 ex
932 445 979 465 ore

195 492 252 518 tuo,
267 490 297 514 ut
311 487 340 514 in
355 489 382 513 te
396 485 498 512 habitet
519 483 638 519 Spiritus
653 483 710 511 Dei.
727 483 780 517 Qui
804 483 876 511 enim
901 491 979 510 men-

195 534 311 565 tiuntur,
326 531 412 559 Deum
429 534 617 558 contemnunt.
635 529 771 564 Accepere
787 535 905 563 namque
913 527 978 562 Spi-

195 578 277 605 ritum
293 577 427 609 veritatis,
439 580 466 604 et
483 575 548 603 facti
564 579 629 603 sunt
644 574 799 602 habitacula
815 574 872 602 veri
890 574 979 609 Spiri-

194 629 249 653 tus.
270 624 300 652 Si
317 625 409 658 itaque
425 623 567 650 veritatem
585 621 828 656 servaris,poteris
845 621 893 648 tibi
905 628 980 648 com-

194 678 292 706 parare
304 668 595 697 vitam.Juramenlum
610 675 692 702 porro
707 668 764 695 sive
773 675 822 702 pro
834 667 908 702 justa
923 667 981 694 sive

195 725 246 752 pro
266 717 368 751 injusta
387 722 417 742 re
433 714 522 749 fugias
539 723 547 747 ;
562 717 590 740 et
610 713 714 741 veritas
741 713 896 741 introducet
911 717 938 740 te
952 713 980 740 in

195 763 278 792 vitam
292 761 474 789 immortalem
484 761 513 788 in
526 759 637 788 sascuia.
648 759 745 787 Amen.

1066 344 1093 370 5.
1111 343 1166 379 (45)
1183 343 1236 369 Καὶ
1259 342 1375 373 ἀναστὰς
1389 341 1500 377 ηὔξατο,
1514 342 1561 368 καὶ
1587 341 1655 376 μετὰ
1677 341 1731 376 τὴν
1747 341 1831 376 εὐχὴν

1031 388 1146 421 καθίσας
1167 389 1240 423 λέγει
1262 388 1351 423 αὐτῷ·
1372 389 1469 413 Ἄκουε
1490 387 1535 414 καὶ
1552 386 1653 422 ταύτην
1682 386 1736 422 τὴν
1758 388 1834 413 ἐντο-

1031 435 1090 470 λήν.
1103 434 1244 470 Ἀλήθειαν
1258 434 1353 468 ἀγάπα
1369 433 1437 469 (44),
1451 433 1498 460 καὶ
1513 434 1586 460 πᾶσα
1601 432 1720 468 ἀλήθεια
1736 434 1770 459 ὲκ
1784 433 1831 459 τοῦ

1032 481 1166 516 στόματός
1183 489 1229 506 σου
1243 479 1443 515 ἐκπορευέσθω,
1461 479 1503 506 ἵνα
1519 479 1549 506 τὺ
1564 478 1678 513 Πνεῦμα
1700 478 1751 505 τοῦ
1763 478 1832 505 Θεοῦ

1031 528 1144 562 κατοικῇ
1163 535 1212 554 σοι.
1229 527 1261 553 Ol
1280 526 1334 562 γὰρ
1357 525 1514 561 ψευδόμενοι
1535 524 1662 551 ἀθετοῦσι
1681 525 1731 551 τὸν
1754 524 1831 551 Θεὸν.

1034 573 1148 600 Ἔλαΰον
1163 573 1216 609 γὰρ
1238 572 1349 608 Πνεῦμα
1368 571 1496 607 ἀληθείας
1511 572 1558 597 καὶ
1573 572 1702 605 ἐγένοντο
1719 573 1833 607 οίκητή-

1035 629 1079 655 ρια
1094 619 1142 646 τοῦ
1157 619 1283 655 ἀληθινοῦ
1302 617 1470 653 Πνεύματος.
1491 618 1554 644 Ἐὰν
1572 616 1617 644 οὖν
1629 618 1683 654 τὴν
1700 618 1832 653 ἀλήθειαν

1033 666 1164 703 φυλάξῃς,
1182 666 1284 702 δυνήσῃ
1297 665 1403 701 σεαυτῷ
1417 665 1488 701 ζωὴν
1501 665 1750 701 περιποιήσασθαι.
1767 665 1832 701 '09-

1033 722 1080 740 κον
1103 713 1131 740 δὲ
1151 713 1262 744 δικαίως
1285 712 1301 747 ἢ
1325 712 1424 743 ἀδίκως
1449 711 1575 746 ἐκφευγε,
1599 711 1647 737 καὶ
1672 712 1689 746 ἡ
1717 710 1833 746 ἀλήθεια

1031 760 1134 793 εἰσάξει
1150 768 1179 786 σε
1197 760 1236 791 εὶς
1252 759 1302 795 τὴν
1323 759 1395 794 ζωὴν
1409 759 1458 794 τὴν
1478 758 1610 786 ἀθάνατον
1627 759 1670 789 εἰς
1687 758 1755 789 τοὺς
1766 757 1832 784 αἰῶ-ι

1033 815 1090 837 νας.
1112 806 1208 841 Ἀμην.

1601 831 1608 846 Ι

710 862 843 896 Quartum
857 862 1024 897 mandatum,
1041 865 1152 892 castitas
1172 864 1311 891 servanda.

229 921 257 949 4.
269 920 337 948 Cum
350 923 477 948 orassent
495 919 546 950 illi,
564 918 664 947 sedens
687 919 834 954 episcopus
860 919 901 947 sic
917 927 980 947 eum

1068 922 1094 949 4.
1114 922 1169 957 (45)
1184 922 1239 948 Καὶ
1249 920 1405 956 εὐξαμένων
1418 920 1517 953 αὐτῶν,
1533 919 1680 952 καθεσθεὶς
1697 921 1712 947 ὁ
1725 921 1832 947 ἐπίσκο-

196 966 343 1002 alloquitur
357 974 364 992 :
384 964 454 992 Audi
468 965 550 993 etiam
563 969 693 1000 quartum
713 965 882 992 mandatum.
898 966 983 993 Serva

196 1013 360 1045 castitatem,
381 1019 471 1046 neque
495 1011 523 1038 in
552 1011 635 1038 corde
663 1015 710 1038 tuo
726 1017 834 1038 maneat
853 1012 984 1047 cogitatio

195 1058 291 1086 uxoris
309 1057 414 1090 alienat,
431 1060 478 1083 aut
507 1055 696 1083 fornicationis
724 1055 888 1090 cujuspiam,
908 1057 986 1084 simi-

195 1105 297 1132 liumvc
318 1103 471 1130 nominum.
483 1100 551 1128 Nam
568 1101 619 1129 hoc
635 1101 658 1129 si
683 1109 760 1136 agas,
786 1108 913 1137 magnum
936 1101 984 1128 ad-

195 1149 282 1177 mittis
291 1153 443 1183 peccatum,
456 1154 506 1174 nec
515 1154 569 1174 non
577 1146 600 1174 si
608 1150 726 1173 mentem
739 1151 812 1173 tuam
820 1154 835 1173 a
845 1146 918 1181 turpi
934 1146 985 1173 liu-

193 1194 313 1231 jusmodi
333 1193 478 1229 phantasia
494 1200 549 1220 non
565 1192 707 1220 averteris.
720 1191 858 1228 Siquidem
872 1192 913 1220 vel
925 1193 984 1227 ipsa

197 1240 344 1276 cogitatio,
363 1239 458 1275 ingens
473 1239 521 1267 Dei
536 1238 638 1266 famulo
652 1242 694 1266 est
709 1238 852 1274 ﬂagitium.
868 1238 945 1272 Quod
961 1238 985 1266 si

197 1286 259 1321 quis
283 1286 384 1312 malum
404 1286 456 1312 hoc
471 1284 579 1312 facinus
596 1284 732 1317 admittat,
748 1285 771 1312 is
793 1289 908 1312 mortem
931 1284 984 1311 sibi

196 1331 317 1360 conﬁcit.
331 1331 399 1359 Vide
409 1331 501 1367 igitur,
514 1331 548 1357 ab
565 1330 721 1365 huiusmodi
739 1331 904 1366 cogitatione
918 1331 984 1358 abs-

196 1379 294 1406 tineas.
311 1376 379 1404 Nam
400 1377 445 1404 ubi
464 1377 594 1406 honestas
618 1376 785 1412 castitasque
800 1377 915 1409 habitat,
929 1377 985 1404 illic

196 1426 287 1454 scelus
310 1433 345 1453 ne
365 1424 505 1452 ascendat.
533 1423 610 1456 Quod
639 1422 774 1458 frequenti
795 1427 823 1451 et
847 1423 985 1452 laboriosa

196 1471 321 1498 oratione
349 1470 499 1498 oblinetur.
527 1468 585 1496 Hoc
605 1469 689 1505 igitur
710 1469 794 1497 facito
812 1473 839 1498 et
861 1471 936 1499 vives
956 1471 985 1498 in

194 1519 306 1546 saecula.
324 1518 421 1546 Amen.

1036 977 1085 1000 πος
1098 968 1171 1002 λέγει
1188 968 1261 1003 αὺτῷ
1272 976 1278 982 ·
1298 968 1395 994 Ἄκουε
1412 967 1458 994 καὶ
1482 967 1531 1002 τῆς
1543 967 1681 1002 τετάρτης
1703 966 1831 1000 ὲντολῆςο

1033 1013 1154 1040 Φύλασσε
1170 1013 1218 1049 τὴν
1240 1013 1361 1046 ἁγνείαν,
1385 1012 1431 1039 καὶ
1456 1011 1492 1047 μὴ
1518 1012 1691 1038 ἀναϐαινέτω
1710 1011 1766 1047 (46)
1787 1012 1832 1038 ἐπὶ

1033 1060 1082 1096 τὴν
1095 1059 1209 1094 καρδίαν
1223 1067 1269 1085 σου
1281 1059 1344 1094 περὶ
1357 1058 1485 1093 γυναικὸς
1498 1058 1641 1093 ἀλλοτρίας
1653 1058 1670 1094 ἢ
1686 1059 1753 1093 περὶ
1768 1067 1832 1094 πορ-

1034 1105 1107 1136 νείας
1130 1104 1234 1140 τινὸςῆ
1260 1104 1323 1140 περὶ
1346 1104 1474 1130 τοιούτων
1497 1105 1649 1140 ὀνομάτων.
1675 1105 1764 1131 Τοῦτο
1779 1104 1831 1140 γὰρ

1035 1151 1118 1178 ποιῶν
1133 1151 1269 1187 ἁμαρτίαν
1283 1151 1403 1186 μεγάλην
1418 1151 1530 1186 ἐργάζῃ,
1543 1150 1579 1186 μὴ
1588 1151 1696 1185 ταχέως
1710 1150 1831 1185 ἀφιστῶν

1034 1198 1079 1224 τὸν
1092 1197 1155 1224 νοῦν
1169 1206 1215 1224 σου
1227 1197 1274 1224 τοῦ
1294 1197 1414 1223 τοιούτου
1431 1196 1543 1232 αἰσχροῦ
1564 1197 1712 1232 φάσματος
1723 1205 1731 1212 ο
1747 1197 1764 1231 ἡ
1778 1196 1830 1231 γάρ

1034 1244 1184 1280 ὲνθύμησις
1197 1244 1267 1279 αὐτὴ
1282 1243 1350 1270 Θεοῦ
1369 1243 1453 1278 δούλῳ
1470 1243 1590 1279 ἁμαρτία
1615 1243 1726 1279 μεγάλη
1748 1243 1828 1270 ἐστίν.

1034 1291 1066 1317 El
1082 1290 1110 1317 δέ
1124 1299 1166 1322 τις
1183 1291 1327 1326 ἐργάζεται
1343 1290 1373 1317 τὺ
1390 1290 1469 1325 ἔργον
1481 1290 1511 1317 τὸ
1533 1290 1653 1325 πονηρὸν
1669 1289 1761 1322 τοῦτο,
1782 1289 1828 1316 θά-

1036 1346 1116 1364 νατον
1137 1337 1226 1372 ἑαυτῷ
1244 1337 1452 1373 κατεργάζεται.
1475 1336 1562 1362 Βλέπε
1582 1334 1640 1366 οὖν.
1659 1336 1763 1372 ἀπέχου
1778 1335 1828 1361 ἀπὸ

1035 1383 1085 1418 τῆς
1110 1382 1283 1418 ἐνθυμήσεως
1307 1382 1424 1418 ταύτης*
1450 1383 1516 1408 ὅπου
1538 1381 1592 1417 γὰρ
1620 1382 1758 1416 σεμνότης
1783 1380 1828 1407 καὶ

1035 1426 1130 1460 ἁγνεία
1147 1427 1278 1457 κατοικεῖ,
1297 1427 1354 1452 ἐκεῖ
1367 1426 1466 1461 ἀνομία
1482 1427 1531 1452 οὐκ
1546 1425 1649 1460 ὀφείλει
1664 1425 1825 1452 ἀναϐαίνειν.

1035 1470 1121 1497 Τοῦτο
1145 1471 1173 1497 δὲ
1191 1470 1369 1506 κατορθοῦται
1394 1470 1437 1498 διὰ
1464 1471 1633 1505 πυκνοτέρας
1657 1472 1705 1497 καὶ
1733 1469 1827 1497 ἐπιπό-

1035 1525 1081 1544 νου
1098 1516 1191 1552 εὐχῆς.
1207 1517 1292 1543 Τοῦτο
1307 1515 1354 1543 οὖν
1371 1517 1442 1542 ποίει
1459 1517 1506 1543 καὶ
1531 1516 1599 1552 ζήσῃ
1617 1517 1661 1548 εἰς
1684 1518 1746 1548 τοὺς
1763 1516 1824 1542 αἰῶ-

1036 1571 1095 1594 νας.
1116 1563 1212 1598 Ἀμήν.

674 1617 802 1650 Quintum
817 1618 983 1653 mandatum,
1001 1619 1191 1656 longanimitas
1210 1619 1347 1647 servanda.

232 1685 259 1714 Β.
275 1685 425 1722 Surgentes
446 1690 537 1714 autem
567 1685 672 1721 precati
698 1690 783 1720 sunt;
802 1690 860 1714 tum
885 1687 984 1715 sedens

1070 1688 1097 1715 5.
1115 1687 1170 1723 (4⁵1)
1186 1688 1241 1714 Καὶ
1253 1687 1418 1718 ἀναστάντες
1431 1686 1545 1722 ηὔξαντο
1558 1686 1605 1712 καὶ
1616 1686 1734 1716 καθίσας
1747 1686 1760 1711 ὸ
1771 1683 1824 1709 ἐπί-

196 1732 343 1767 episcopus
356 1732 394 1759 ait
411 1732 451 1759 illi
468 1741 476 1760 ι
497 1731 569 1759 Audi
585 1739 695 1767 quoque
719 1732 846 1767 quintum
872 1733 985 1759 manda-

196 1783 273 1805 tum:
290 1777 374 1806 Serva
389 1778 561 1806 tolerantiam
578 1783 606 1806 et
621 1778 869 1813 aequanimitatem;
882 1785 913 1806 ac
924 1787 986 1814 pru-

197 1824 265 1852 dens
280 1828 350 1857 esto,
364 1824 459 1860 sicque
474 1824 595 1851 omnium
613 1831 758 1859 pravorum
773 1831 885 1858 operum
897 1825 986 1851 domi-

198 1869 312 1900 nabere,
324 1875 491 1903 omnemque
506 1868 643 1903 justitiam
666 1867 837 1902 adimplebis.
855 1867 882 1894 Si
909 1875 986 1894 nam-

197 1923 251 1950 que
274 1914 436 1949 aequanimis
458 1914 554 1946 fueris,
572 1913 692 1950 Spiritus
702 1918 826 1945 sanctus,
842 1913 887 1948 qui
909 1914 937 1940 in
958 1917 985 1941 te

197 1961 313 1993 habitat,
325 1968 411 1996 purus
430 1960 492 1992 erit,
505 1968 556 1988 nec
570 1967 585 1987 a
602 1960 721 1995 maligno
737 1959 837 1995 spiritu
852 1960 984 1987 obscura-

197 2012 252 2039 Ius,
263 2006 306 2034 vel
321 2005 438 2033 fatdatus
450 2005 485 2033 ab
493 2005 644 2033 iracundia.
659 2004 726 2032 Nam
741 2005 769 2032 in
783 2005 986 2040 aequanimitate

197 2052 331 2080 Dominus
347 2051 453 2079 habitat
467 2061 473 2078 :
491 2051 519 2078 in
539 2051 682 2078 iracundia
694 2051 831 2079 diabolus.
847 2051 906 2078 Non
920 2059 985 2079 con-

198 2099 272 2126 venit
285 2102 375 2125 autem
390 2101 539 2133 utrumque
556 2098 685 2133 spiritum
705 2097 801 2126 eodem
817 2098 846 2124 in
860 2097 921 2125 loco
936 2097 986 2124 ha-

197 2145 295 2172 bitare.
307 2143 375 2172 Nam
391 2144 414 2171 si
431 2147 574 2179 acceptum
587 2143 718 2171 absinthii
732 2144 886 2175 minimum,
900 2144 928 2170 in
943 2143 984 2170 la-

198 2197 296 2226 gcnam
308 2190 397 2218 mellis
409 2189 549 2222 effuderis,
566 2197 658 2217 nonne
677 2189 731 2217 mel
746 2193 832 2216 totum
849 2189 915 2216 illud
930 2189 987 2216 dis-

198 2236 287 2271 perit,
307 2241 334 2263 et
363 2239 439 2262 tanta
458 2235 547 2263 mellis
567 2235 646 2271 copia
666 2242 683 2262 a
709 2235 821 2262 minimo
847 2234 986 2262 absinthio

197 2282 402 2318 corrumpitur?
414 2281 468 2309 Sed
483 2285 581 2309 contra
595 2282 619 2310 si
635 2282 804 2310 absinthium
820 2281 847 2309 in
863 2283 917 2310 mel
930 2289 985 2309 non

198 2329 371 2365 projiciatnr,
388 2329 426 2356 ita
444 2328 499 2356 mel
514 2328 594 2356 dulce
611 2329 759 2364 reperitur,
777 2336 810 2356 ac
825 2329 892 2357 utile
905 2328 986 2364 plane

197 2379 240 2404 est
253 2375 365 2403 domino
376 2382 436 2403 suo.

232 2421 372 2456 Perpende
390 2421 481 2457 itaque
505 2420 655 2448 dulciorem
681 2421 761 2448 melle
788 2429 849 2448 esse
865 2421 986 2456 aequani-

197 2467 331 2499 mitatem,
348 2471 429 2502 atque
443 2467 539 2494 utilem
555 2466 671 2494 Domino
687 2467 735 2502 qui
759 2466 786 2494 in
803 2467 848 2493 illa
863 2467 982 2500 habitat;

196 2512 339 2541 iracundia
353 2520 419 2540 vero
430 2512 662 2547 aequanimitatem
678 2511 833 2540 labefactat.
846 2511 916 2539 Audi
931 2511 983 2547 igi-

196 2566 243 2588 tur
257 2559 405 2588 iracundiae
414 2559 480 2592 vim,
493 2566 576 2595 quam
587 2559 622 2587 sit
631 2559 760 2595 maligna,
772 2566 854 2595 quam
870 2559 984 2587 seducat

197 2614 292 2636 servos
307 2606 365 2640 Dei,
381 2610 409 2635 et
425 2614 476 2635 sua
490 2607 517 2635 vi
529 2610 696 2643 prosternat.
714 2605 800 2633 Porro
811 2605 924 2633 minime
941 2613 985 2633 se-

242 2686 288 2718 43)
302 2685 409 2713 Hermae
426 2686 546 2714 mandat.
560 2686 585 2713 '5.

243 2721 289 2757 44)
308 2720 371 2748 Haec
382 2722 464 2749 verba
479 2721 507 2748 in
522 2721 643 2749 secundo
657 2720 763 2748 Hermae
774 2721 913 2754 mandato,
926 2728 982 2748 non

195 2761 406 2792 consequenter,
419 2757 468 2785 sed
483 2757 626 2785 hinclinde
643 2757 788 2792 desumpta
806 2761 879 2788 sunt,
887 2761 920 2792 et
933 2757 982 2784 ha-

196 2791 297 2828 bentur
303 2792 372 2828 item
388 2792 459 2827 apud
476 2792 641 2828 Antiochum
654 2792 729 2819 hom.
743 2791 788 2824 66,
804 2800 831 2828 p.
848 2791 928 2820 1128.

241 2827 287 2857 45)
303 2826 412 2854 Πετηιὼ
419 2827 540 2854 mandat.
552 2828 580 2855 5.

242 2862 286 2898 46)
305 2862 389 2899 Vulgo
402 2863 481 2896 male,
497 2863 657 2898 ἀναμενὲτω
675 2862 778 2891 Nona.

1037 1742 1138 1765 σκοπος
1151 1733 1225 1768 λέγει
1242 1733 1316 1768 αὐτῷ
1327 1742 1333 1748 ·
1349 1733 1447 1759 Ἀκουε
1465 1733 1511 1759 καὶ
1527 1732 1575 1768 τῆς
1600 1733 1734 1767 πέμπτης
1756 1731 1824 1755 ἐντο-

1035 1779 1100 1813 λῆς·
1115 1778 1236 1805 Φύλασσε
1251 1777 1300 1813 τὴν
1312 1777 1417 1804 εὔνοιαν
1431 1777 1486 1813 (48)
1498 1778 1544 1804 καὶ
1559 1777 1762 1813 μακροθυμίαν,
1779 1774 1822 1801 καὶ

1035 1825 1111 1858 γίνου
1129 1824 1238 1856 συνετὸς
1254 1825 1301 1851 καὶ
1317 1824 1425 1851 πάντων
1438 1824 1490 1850 τῶν
1505 1824 1633 1859 πονηρῶν
1650 1824 1737 1860 ἔργων
1748 1828 1823 1848 κατα·

1037 1869 1199 1905 κνριεύσεις,
1212 1871 1260 1897 καὶ
1271 1871 1375 1907 ἐργάσῃ
1391 1871 1480 1897 πᾶσαν
1492 1870 1676 1906 δικαιοσύνην.
1698 1869 1758 1895 Ἐὰν
1773 1866 1820 1901 ·,ὰρ

1039 1916 1213 1952 μακρόθυμος
1230 1916 1290 1952 ἔσῃ,
1311 1916 1342 1943 τὸ
1360 1916 1473 1952 Πνεῦμα
1486 1917 1516 1942 τὸ
1533 1915 1610 1950 ἅγιον
1632 1914 1773 1943 κατοικοῦν
1793 1914 1819 1938 ἐν

1037 1962 1079 1988 σοὶ
1101 1961 1219 1997 καθαρὸν
1246 1961 1333 1993 ἔσται,
1362 1962 1398 1997 μὴ
1424 1961 1604 1996 σκοτοὺμενον
1629 1961 1682 1988 ὑπὸ
1707 1957 1817 1994 πονηροῦ

1036 2007 1200 2043 πνεύματος,
1220 2008 1258 2044 μὴ
1280 2007 1439 2043 μειούμενον
1458 2007 1512 2043 (49)
1534 2007 1588 2034 ὑπὸ
1607 2007 1658 2043 τῆς
1674 2005 1815 2040 ὀξυχολίας.

1043 2055 1086 2080 ‘Ev
1104 2054 1158 2090 γὰρ
1170 2055 1203 2090 τῇ
1224 2053 1399 2090 μακροθυμίᾳ
1411 2055 1424 2080 ὁ
1441 2054 1542 2089 Κύριος
1558 2054 1690 2086 κατοικεῖ,
1706 2054 1733 2078 ὲν
1750 2050 1775 2077 δὲ
1787 2049 1816 2083 τῇ

1036 2099 1161 2135 ὀξνχολίᾳ
1183 2100 1197 2126 ὁ
1220 2099 1352 2130 διάϐολος.
1377 2099 1532 2135 ’Δμφότερα
1557 2097 1604 2126 οὖν
1626 2098 1660 2125 τὰ
1682 2096 1815 2131 πνεύματα

1036 2144 1194 2179 ἀσύμφορόν
1215 2144 1288 2170 ἐστιν
1308 2145 1336 2170 ὲν
1352 2144 1440 2180 ταὺτῷ
1458 2145 1603 2171 κατοικεῖν.
1621 2144 1685 2171 Ἐὰν
1707 2142 1759 2176 γὰρ
1774 2140 1816 2165 λα-

1037 2189 1091 2217 ϐὼν
1108 2189 1231 2224 ἀψινθίου
1254 2190 1350 2225 μικρὸν
1366 2191 1405 2222 εἰς
1422 2191 1553 2226 κεράμιον
1571 2190 1679 2226 μέλιτος
1701 2186 1813 2222 ἐπιχέῃςι

1036 2235 1096 2271 οὐχὶ
1112 2234 1171 2262 ὅλον
1185 2235 1215 2262 τδ
1233 2235 1293 2271 μέλι
1310 2235 1468 2270 ἀφανίζεται
1486 2235 1532 2262 καὶ
1547 2236 1674 2262 τοσοῦτον
1690 2233 1748 2269 μέλι
1769 2229 1814 2256 ὑπὸ

1036 2282 1083 2309 τοῦ
1100 2282 1242 2318 ἐλαχίστου
1266 2283 1390 2318 ἀψινθίου
1413 2283 1577 2316 ἀπόλλυται;
1599 2283 1661 2310 Ἐὰν
1679 2282 1707 2308 δὲ
1729 2281 1767 2310 εἰς
1785 2275 1813 2302 ἐδ

1039 2327 1099 2363 μέλι
1123 2328 1160 2364 μὴ
1187 2327 1272 2364 βληθῇ
1291 2328 1321 2354 τὺ
1347 2327 1480 2361 ἁψίνθιον,
1503 2328 1588 2363 γλυκὺ
1616 2327 1767 2363 εὑρίσκεται
1786 2321 1813 2348 τὸ

1035 2373 1095 2409 μέλι
1110 2374 1157 2400 καὶ
1170 2373 1319 2411 εὔχρηστον
1334 2375 1441 2407 πάντως
1456 2375 1559 2408 γίνεται
1574 2374 1612 2410 τῷ
1625 2372 1746 2406 δεσπότῃ-

1073 2419 1160 2446 Βλέπε
1183 2418 1246 2453 οὖν,
1271 2421 1311 2447 ὃτι
1333 2421 1350 2456 ἡ
1377 2420 1550 2456 μακροθυμία
1571 2418 1723 2454 γλυκυτάτη
1746 2412 1812 2441 ἐστὶν

1037 2466 1108 2502 ὑπὲρ
1120 2466 1152 2493 τὸ
1171 2466 1233 2502 μέλι
1250 2466 1298 2493 κα)⁸
1316 2465 1464 2502 εὖχρηστός
1479 2467 1538 2492 ἐστι
1553 2466 1593 2501 τῷ
1609 2464 1702 2500 Κυρίῳ
1722 2460 1766 2488 καὶ
1785 2459 1811 2483 ἐν

1037 2513 1105 2549 αὐτῇ
1135 2514 1256 2539 κατοικεῖ
1271 2522 1277 2528 ”
1308 2513 1325 2548 ἡ
1352 2512 1379 2539 δὲ
1406 2512 1530 2548 ὸξυχολία
1554 2512 1602 2548 τὴν
1633 2504 1810 2546 μακροθυμίαν

1039 2559 1149 2594 μιαίνει.
1170 2561 1268 2586 Ἄκουε
1287 2559 1315 2586 δὲ
1330 2560 1377 2586 καὶ
1391 2560 1443 2595 τὴν
1456 2559 1595 2595 ἐνέργειαν
1608 2558 1657 2592 τῆς
1671 2551 1809 2596 ὀξυχολίαῆ

1038 2605 1096 2637 πῶς
1117 2606 1224 2642 πονηρά
1244 2607 1301 2632 ἐστι
1318 2606 1365 2632 καὶ
1385 2606 1473 2641 πλανᾷ
1485 2606 1547 2637 τοὺς
1565 2605 1671 2634 δούλους
1691 2599 1736 2627 τοῦ
1749 2597 1808 2623 Θεον

1080 2684 1126 2718 47)
1140 2683 1247 2712 Hermae
1262 2683 1383 2712 mandat.
1400 2684 1427 2716 5,
1443 2687 1469 2712 et
1481 2684 1607 2711 Antioch.
1623 2682 1694 2718 hom.
1709 2677 1750 2704 10-

1079 2714 1125 2752 48)
1139 2719 1235 2754 Vulgo,
1250 2720 1353 2753 ἀνείαν,
1372 2721 1399 2747 in
1412 2714 1466 2755 quo
1480 2723 1506 2747 et
1525 2718 1645 2746 ἀνεικίαν
1670 2716 1749 2741 latere
1765 2714 1807 2743 βο·

1033 2761 1096 2783 test.
1114 2755 1219 2782 Νοιτε.
1618 2788 1623 2790 Α
1642 2786 1662 2790 μ
1687 2783 1709 2790 ,,
1763 2777 1784 2790 __.

1066 2790 1122 2825 (49)
1136 2790 1176 2817 Ex
1190 2791 1224 2818 iis
1243 2798 1304 2826 quae
1330 2791 1422 2817 statim
1434 2794 1596 2824 sequuntur,
1612 2788 1628 2823 ἡ
1641 2786 1668 2813 δὲ

1034 2813 1187 2861 aptabat,
1206 2813 1304 2860 503s};
1311 2813 1633 2861 cotijicerEhicdoijta'sse
1647 2813 1806 2861 scribendum

1032 2853 1093 2889 csse
1108 2853 1299 2896 μιαινὸμενοη
1316 2853 1397 2896 νυίῖςο
1411 2861 1482 2889 male
1495 2860 1653 2895 μιούμενον.
1670 2853 1705 2880 ID.
