1924 3059
114 153 166 183 δσι

625 163 800 193 DOCTRINA
817 166 864 193 AD
879 167 1084 200 ANTIOCHUM
1103 171 1231 201 DUCEM.

1677 173 1729 200 56%

112 214 163 268 ia".
177 215 360 268 κμταστρέφει
374 219 406 252 τῇ
420 218 520 254 ἑαυτῆς
539 222 678 258 ἐνεργείᾳ·
694 225 743 250 οὑκ
757 225 887 262 ἀποπλανζ

950 229 1027 257 ducit
1042 239 1090 259 eos
1100 232 1146 267 qui
1163 232 1235 268 pleni
1252 235 1317 261 sunt
1328 231 1401 265 ﬁdei,
1413 239 1463 260 nec
1479 232 1617 268 quidpiam
1630 232 1728 260 virium

158 260 221 291 τοὺς
236 260 316 308 ὄντας
331 261 443 297 πλήρεις
458 264 488 291 ὲν
508 267 540 301 τῇ
558 257 656 294 πίστει
667 269 727 296 οὐδὲ
751 257 896 308 ἐνεργῆσαί⁵

112 303 224 332 δύναται
238 307 277 338 είς
292 308 398 343 αὐτοὺς,
419 311 459 337 ὅτι
475 313 491 348 ἡ
510 312 622 348 δύναμις
638 315 683 341 τοῦ
708 303 824 352 Κυρίου.
837 303 895 353 μετ’

113 351 202 398 αύτῶν
218 353 291 380 ἐστιν
302 362 309 368 ·
331 355 399 382 ἀλλά
419 357 562 394 ἀποπλανᾷ
576 361 639 392 τοὺς
658 351 794 398 διψύχους,
812 351 895 391 Ὅταν

112 397 169 434 γὰρ
195 398 236 435 ἴδῃ
259 401 323 433 τοὺς
346 403 482 436 τοιούτους
503 405 661 442 ἀνθρώπους
688 409 893 443 εύσταθοῦντας,

111 444 300 479 παρεμῦἀλλει
316 447 414 484 ἑαυτὴν
428 451 466 482 είς
484 451 532 487 τὴν
549 451 661 488 καρδίαν
672 453 719 480 τοῦ
734 455 891 491 ἀνθρώπου·

110 491 159 517 καὶ
180 490 250 518 οὕτω
279 494 450 529 πικραίνεται
475 497 615 532 ἅνθρωπος
644 500 735 527 ἕνεκεν
762 490 893 536 βιωτικῶν

110 538 317 584 πραγμάτων,ῆ
331 540 407 575 φίλου
420 543 527 579 τινὸς,ἣ
539 545 602 580 περὶ
613 545 712 578 δόσεως
725 549 771 574 καὶ
779 548 894 584 λήψεως,

110 582 127 616 ἢ
150 583 214 618 περὶ
238 585 367 613 τοιούτων
392 589 499 624 μικρῶν
522 590 577 625 (50)
603 594 780 627 πραγμάτων.
805 582 896 622 Ταῦτα

109 631 199 655 πάντα
214 632 294 666 μωρά
309 633 366 659 ἐστι
386 635 433 661 καὶ
454 635 519 662 κενά
534 637 579 663 καὶ
599 638 745 674 ἀσύμφορα
759 641 815 672 τοῖς
832 641 892 667 δού-

109 673 166 721 λοις
182 676 228 703 τοῦ
252 677 328 705 Θεοῦ.
348 679 380 706 Ἡ
405 680 433 706 δὲ
450 682 624 718 μακροθυμία
642 673 747 721 μεγάλη
771 686 829 713 ἐστὶ
845 687 893 714 καὶ

107 719 204 768 οχυρά,
227 722 325 757 ἔχουσα
344 725 392 760 τὴν
407 725 520 762 δύναμιν
537 729 649 765 ἰσχυρὰν
669 731 715 757 καὶ
736 719 892 768 καθημένην

107 767 139 792 ὲν
152 767 300 804 πλατυσμῷ
315 772 441 807 μεγάλῳ·
459 773 547 809 ίλαρὰ,
561 775 750 812 ἀγαλλιωμὲνη
766 778 812 803 καὶ
826 767 891 813 ἀμέ-

108 821 205 859 ριμνος
217 813 283 842 οὖσα
300 816 403 850 δοξάζει
419 819 465 845 τὸν
481 820 583 855 Κύριον
600 821 629 847 ὲν
641 822 724 848 παντὶ
738 822 826 858 καιρῷ
839 833 891 859 μη-

949 277 1031 304 habet
1052 278 1080 305 in
1100 278 1171 312 illos,
1184 279 1347 314 quibuscum
1370 279 1457 307 virtus
1483 279 1589 307 Domini
1606 283 1664 313 est;
1681 279 1729 307 sed

949 323 1082 351 subornat
1094 332 1142 352 eos
1153 325 1199 360 qui
1214 325 1305 352 animo
1319 325 1441 360 duplices
1457 330 1531 353 sunt.
1545 325 1614 353 Cum
1632 325 1729 353 viderit

947 369 1019 396 enim
1036 361 1200 404 hujusmodi'
1209 371 1335 399 homines
1348 371 1496 406 tranquille
1507 370 1616 406 degere,
1631 371 1728 399 sesein

948 422 995 442 cor
1014 423 1108 443 eorum
1124 416 1244 444 immittit
1262 425 1270 443 :
1287 421 1369 452 atque
1391 417 1429 444 ita
1445 417 1569 445 irritatur
1588 417 1669 445 homo
1685 426 1728 445 re-

947 469 1008 488 rum
1030 469 1114 490 causa
1129 463 1330 498 temporalium,
1343 467 1391 490 aut
1415 464 1506 497 amici,
1523 467 1570 491 aut
1590 464 1666 496 doni,
1681 467 1728 492 aut

947 508 1051 542 accepti
1060 508 1225 544 cuiuspiam,
1236 514 1282 536 aut
1292 509 1409 544 denique
1423 509 1557 537 [edorum
1571 510 1727 545 hujusmodi

947 553 1118 588 negotiorum
1139 554 1236 588 gratia.
1250 554 1313 582 Hmc
1326 560 1415 582 autem
1429 555 1532 588 omnia,
1549 556 1642 589 stulta,
1657 564 1727 583 vana

948 603 974 626 et
993 599 1102 626 inutilia
1128 604 1189 628 sunt
1222 600 1270 628 Dei
1297 601 1396 628 servis.
1428 599 1631 636 Equanimitas
1662 610 1727 630 vero

945 651 1042 679 magna
1053 644 1183 680 ﬁrmaque
1192 649 1243 678 est,
1252 646 1306 672 vim
1315 646 1419 674 habens
1427 646 1565 674 robustam
1577 647 1605 674 in
1616 655 1726 682 magna-

945 697 998 724 que
1015 690 1160 718 latitudine
1171 691 1320 719 sedentem.
1336 691 1420 724 Laeta,
1430 692 1640 724 exsultabunda,
1654 697 1727 720 tran-

945 736 1040 770 quilla,
1054 736 1169 764 Domino
1183 738 1297 772 gloriam
1315 737 1412 765 tribuit
1428 737 1502 765 omni
1515 741 1648 773 tempore.
1658 739 1726 765 nihil

945 780 974 807 in
995 789 1025 808 se
1046 781 1149 810 habens
1169 783 1370 816 amaritudinis,
1393 789 1603 820 perseveratque
1620 792 1728 820 semper

946 825 973 852 in
988 827 1196 856 mansuetudine
1208 828 1273 855 etin
1289 829 1389 864 quiete.

105 858 151 885 δὲν
163 858 261 894 ἔχουσα
274 861 303 887 ὲν
314 862 396 898 ἑαυτῇ
410 864 515 900 πικρὸν,
532 866 726 902 παραμένουσα
735 867 779 894 διὰ
790 858 889 900 παντὸς
905 870 933 896 ὲν
953 871 1085 907 πραότητι
1099 873 1146 899 καὶ
1160 874 1268 909 ἡσυχίᾳ.

142 919 215 955 Αὕτη
231 918 277 947 οὖν
291 923 306 957 ἡ
325 923 499 959 μακροθυμία
513 927 636 952 κατοικεῖ
649 926 718 961 μετά
732 927 786 954 τῶν
803 928 887 954 πίστι·¹

978 927 1040 955 Haec
1052 937 1116 964 ergo
1131 931 1321 965 aequanimitas
1334 935 1390 959 tota
1400 932 1534 960 inhabitat
1549 933 1577 959 in
1593 933 1626 960 iis
1638 932 1683 967 qui
1699 932 1727 959 li-

105 964 221 999 ὲχόντων
240 966 394 1001 ὁλόκληρος.
413 969 444 994 'H
461 969 489 995 δὲ
504 969 626 1005 ὀξυχολία
643 971 750 1006 πρῶτον
769 972 818 1008 μὲν
837 982 892 1008 μω-

105 1009 153 1044 ρία
173 1011 233 1037 ἐστὶ
260 1013 305 1038 καὶ
331 1013 446 1049 ὲλαῳρὶα
469 1015 589 1051 φρενῶν·
608 1014 668 1044 εἶτα
686 1019 718 1045 ἐκ
740 1018 788 1054 τῆς
809 1020 892 1055 ἀφρο-

103 1056 188 1092 σύνης
200 1057 302 1091 γίνεται
319 1060 429 1095 πικρία·
449 1061 504 1096 (51)
520 1062 551 1088 ἐκ
567 1062 594 1089 δὲ
610 1063 659 1098 τῆς
672 1064 784 1099 πικρίας
797 1064 890 1099 θυμὸς,

103 1102 137 1128 ὲκ
147 1102 175 1128 δὲ
190 1102 236 1129 τοῦ
253 1103 336 1139 θυμοῦ
351 1104 434 1140 ὀργὴ,
456 1107 488 1132 ὲκ
509 1107 537 1133 δὲ
557 1109 605 1143 τῆς
619 1108 702 1143 ὀργῆς
725 1108 813 1144 μῆνις.
826 1107 892 1135 Εἶτα

102 1145 120 1180 ἡ
147 1145 227 1181 μῆνις
249 1148 281 1174 ix
304 1150 438 1177 τοσούτων
465 1151 559 1178 κακῶν
582 1154 763 1188 συνισταμένη
788 1154 891 1188 γίνεται

105 1193 230 1228 ἁμαρτία
248 1196 352 1231 μεγάλη
377 1197 423 1223 καὶ
439 1198 556 1231 ἀνίατος.
576 1200 657 1226 Ὅταν
672 1201 735 1236 ιγὰρ
751 1201 839 1228 πάντα
857 1201 892 1228 τὰ

103 1237 262 1272 ἀνθρώπινα
286 1240 371 1267 ταῦτα
385 1242 414 1267 ἐν
436 1242 475 1268 ἑνὶ
495 1244 599 1278 ἀγγείῳ
620 1246 748 1277 κατοικεῖ,
762 1246 827 1272 ὅπου
845 1247 891 1273 καὶ

101 1283 133 1310 τὸ
152 1284 262 1321 Πνεῦμα
275 1286 305 1312 τὸ
319 1286 395 1320 ἅγιον
405 1296 411 1302 ·
424 1289 455 1314 ού
468 1290 552 1325 χωρεῖ
566 1291 653 1316 ἐκεῖνο
673 1290 704 1317 τὸ
721 1291 814 1325 ἄγγος,
832 1292 890 1319 ἀλλ’

102 1330 315 1366 ὑπερπλεονάζει
339 1333 369 1359 τὸ
389 1335 524 1370 τρυφερὸν
552 1335 662 1371 Πνεῦμα
685 1336 722 1372 μὴ
743 1337 804 1372 ἔχον
829 1346 891 1364 συν-

101 1376 196 1411 ήθειαν
209 1378 277 1413 μετὰ
285 1379 402 1414 πονηροῦ
411 1380 564 1415 πνεύματος
575 1382 621 1408 καὶ
633 1382 814 1418 σκληρότητος
826 1393 889 1410 κατ-

100 1424 186 1449 οικεῖν
197 1431 204 1438 ·
223 1424 360 1460 ὑποχωρεῖ
380 1423 426 1453 οὖν
440 1427 493 1453 ἀπὸ
510 1426 555 1453 τοῦ
571 1428 715 1463 ἀνθρώπου
730 1429 823 1455 τούτου
843 1431 889 1457 καὶ

101 1467 179 1503 ζητεῖ
197 1471 334 1496 κατοικεῖν
357 1470 426 1505 μετά
446 1471 597 1507 πραότητος
613 1473 660 1499 καὶ
680 1474 805 1509 ἡσυχίας.
822 1472 889 1501 Εἶτα

100 1513 165 1540 ὅταν
182 1515 286 1551 ἀποστῇ
305 1516 359 1542 ἀπὸ
379 1516 425 1543 τοῦ
448 1517 602 1552 ἀνθρώπου,
618 1516 649 1546 οὗ
665 1520 795 1551 κατοικεῖ,
817 1520 889 1554 γίνε-

99 1566 146 1584 ται
166 1559 180 1583 ὁ
202 1558 343 1594 ἄνθρωπος
364 1561 467 1592 ἐκεῖνος
488 1562 565 1594 κενὸς
588 1562 643 1589 ἀπὸ
663 1563 711 1589 τοῦ
731 1563 888 1599 Πνεύματος

99 1603 147 1630 τοῦ
163 1604 252 1638 ἁγίου,
263 1606 309 1632 καὶ
319 1605 420 1639 λοιπὸν,
433 1608 646 1644 πεπληρωμένος
657 1610 710 1636 τῶν
724 1611 887 1647 πνευμάτων

99 1648 155 1676 τῶν
168 1651 292 1686 πονηρῶν
303 1672 310 1684 ,
334 1653 517 1680 ἀκαταστατεῖ
539 1655 567 1680 ὲν
583 1655 657 1691 πάσῃ
673 1655 771 1692 πράξει
793 1658 884 1690 αὑτοῦ,

99 1694 308 1730 περισπώμενος
325 1694 376 1723 ὧδε
400 1698 480 1724 κάκεῖ
504 1699 558 1725 ἀπὸ
580 1699 634 1727 τῶν
659 1700 812 1736 ἀνθρώπων
832 1703 886 1730 τῶν

100 1740 235 1775 πονηρῶν,
257 1742 303 1768 καὶ
318 1742 377 1774 ὅλος
396 1744 595 1779 ὰποτυφλοῦται
620 1746 674 1772 ἀπὺ
698 1747 748 1782 τῆς
769 1748 885 1781 διανοίας

98 1785 149 1820 τῆς
165 1786 279 1822 ἀγαθῆς.
301 1787 392 1820 Οῗιτως
413 1787 459 1816 οὖν
479 1790 622 1825 συμϐαίνει
639 1793 706 1819 πᾶσι
723 1794 779 1825 τοῖς
793 1794 886 1830 ὀξυχό-

97 1831 164 1862 λοις.
188 1832 301 1867 Ἀπέχου
316 1831 362 1860 οὖν
387 1835 440 1861 ἀπὸ
461 1835 511 1870 τῆς
534 1836 673 1872 ὀξυχολίας
695 1838 742 1865 τοῦ
768 1840 884 1876 πονηροῦ

97 1877 224 1912 δαίμονος
233 1887 240 1894 ·
255 1879 361 1907 ἔνδυσαι
374 1880 402 1907 δὲ
413 1881 460 1916 τὴν
475 1882 673 1919 μακροθυμίαν,
687 1884 733 1911 καὶ
747 1885 885 1921 ἀπίστηθι

96 1924 131 1958 τῇ
148 1922 284 1959 όξυχολίᾳ,
299 1926 345 1952 καὶ
357 1925 406 1962 ἔσῃ
428 1928 623 1963 ἐπαινούμενος
638 1928 707 1963 μετὰ
724 1930 885 1966 σεμνότητος

96 1970 154 2000 τοῖς
169 1970 356 2006 ἠγαπημένοις
376 1972 427 1999 ὑπὸ
444 1974 556 2009 Κυρίου.
575 1973 661 2001 Βλέπε
676 1972 722 2001 οὖν
737 1975 774 2011 μὴ
795 1984 885 2012 παρα-

95 2015 199 2051 λογήοῃ
214 2016 262 2052 τὴν
275 2017 383 2054 ἐντολὴν
394 2019 504 2054 ταύτην·
517 2019 564 2046 ἐὰν
579 2020 632 2056 γὰρ
641 2020 742 2055 ταύτην
754 2021 883 2057 φυλάξῃς,

95 2062 198 2098 δυνήσῃ
213 2064 259 2090 καὶ
274 2064 322 2096 τὰς
339 2065 434 2097 λοιπὰς
448 2068 580 2102 τηρῆσαι·
599 2066 675 2102 ἴσχυε
688 2064 734 2093 οὖν
748 2068 777 2093 ἐν
789 2068 884 2101 αὐταῖς

96 2107 145 2133 καὶ
161 2108 319 2144 ἐνδυναμοῦ,
333 2110 378 2137 καλ¹
393 2111 513 2147 νικήσεις
526 2112 573 2138 καὶ
588 2111 680 2148 ζήσεις
693 2113 733 2144 είς
747 2113 810 2145 τοὺς
821 2114 883 2140 αἰῶ-

95 2161 157 2185 νας.
180 2154 274 2190 Ἀμήν.

942 972 1003 1000 dem
1020 979 1140 1001 servant.
1164 975 1308 1003 iracundia
1322 984 1386 1003 vero
1410 977 1529 1012 primum
1553 977 1659 1004 insania
1671 980 1723 1006 est.

941 1021 1097 1055 ruentisque
1110 1020 1217 1049 levitas.
1232 1021 1303 1048 Hinc
1315 1030 1349 1050 ex
1364 1022 1481 1049 stultitia
1491 1023 1613 1058 gignitur
1624 1023 1725 1049 amari-

941 1065 1022 1099 tudo;
1033 1074 1066 1092 ex
1083 1066 1276 1100 amaritudine,
1288 1067 1435 1096 vehemens
1449 1068 1557 1096 animus
1567 1075 1617 1100 ;ex
1633 1067 1725 1094 animo

941 1110 1106 1144 vehementi,
1119 1111 1175 1145 ira;
1194 1120 1228 1139 ex
1250 1112 1303 1145 ira,
1329 1112 1416 1140 furor.
1441 1113 1511 1140 llinc
1533 1113 1610 1140 furor
1624 1113 1670 1148 qui
1685 1116 1725 1140 tot

941 1157 1079 1193 tantisque
1103 1166 1136 1186 ex
1162 1159 1242 1187 malis
1259 1163 1378 1192 constat,
1394 1165 1537 1195 peccatum
1557 1160 1647 1187 evadit
1666 1166 1725 1186 ma-

940 1211 1023 1238 gnum
1040 1208 1067 1231 et
1084 1204 1245 1233 incurabile.
1268 1205 1383 1238 Quando
1399 1205 1473 1233 enim
1489 1206 1579 1233 omnia
1597 1205 1655 1232 haec
1672 1204 1725 1232 hu-

940 1258 1021 1277 mana
1033 1250 1061 1277 in
1073 1259 1138 1278 vase
1152 1259 1207 1278 uno
1217 1252 1403 1284 continentur,
1424 1252 1470 1279 ubi
1490 1255 1533 1279 est
1555 1255 1582 1278 et
1604 1251 1723 1286 Spiritus

941 1302 1067 1330 sanctus,
1084 1305 1138 1324 non
1155 1301 1244 1332 potest
1258 1306 1306 1326 vas
1321 1298 1478 1333 hujusmodi
1489 1305 1602 1333 capere;
1617 1297 1664 1325 sed
1677 1305 1724 1325 su-

939 1343 1073 1377 percllluit
1088 1344 1180 1372 suavis
1195 1344 1240 1371 ille
1255 1343 1385 1378 Spiritus,
1403 1345 1446 1371 cui
1473 1351 1528 1371 non
1547 1349 1589 1371 est
1607 1351 1723 1371 consue-

942 1386 1008 1413 tudo
1024 1387 1163 1414 habitandi
1181 1395 1243 1414 cum
1260 1389 1380 1424 maligno
1396 1389 1493 1424 spiritu
1511 1388 1592 1424 20E.
1613 1393 1639 1416 et
1660 1396 1722 1416 cum

940 1432 1074 1467 ejusmodi
1089 1434 1191 1461 duritie
1213 1434 1308 1462 animi.
1337 1434 1446 1462 Secedit
1469 1435 1561 1470 itaque
1578 1435 1612 1462 ab
1624 1435 1722 1469 hujus-

940 1479 1012 1506 modi
1035 1479 1154 1512 homine,
1171 1481 1323 1516 quaeritque
1345 1481 1470 1508 habitare
1490 1489 1551 1508 cum
1565 1485 1723 1508 mansuetu-

940 1524 1004 1552 dine
1016 1529 1043 1552 et
1057 1525 1160 1560 quiete.
1185 1526 1254 1553 Hinc
1268 1529 1414 1561 postquam
1438 1526 1602 1553 abscesserit
1618 1526 1652 1552 ah
1669 1525 1722 1552 ho-

940 1570 1014 1597 mine
1028 1570 1075 1597 illo
1091 1570 1119 1598 in
1134 1578 1189 1606 quo
1200 1571 1348 1602 habitabat.
1362 1571 1478 1599 ellicitur
1498 1571 1579 1598 homo
1602 1571 1647 1598 ille
1664 1570 1723 1606 Spir

940 1615 994 1642 ritu
1019 1620 1115 1644 sancto
1141 1624 1256 1648 vacuus,
1272 1624 1305 1644 ac
1324 1617 1432 1645 demum
1456 1617 1552 1652 plenus
1580 1617 1723 1651 spiritibus

939 1658 1078 1694 malignis,
1095 1659 1348 1694 incompositusque
1367 1663 1410 1694 est
1435 1659 1464 1687 in
1490 1660 1617 1688 omnibus
1637 1660 1722 1695 gestis

939 1704 1007 1735 suis,
1024 1704 1096 1731 ultro
1105 1705 1231 1739 citroque
1248 1704 1283 1732 ab
1297 1705 1429 1740 improbis
1449 1705 1607 1733 hominibus
1624 1705 1722 1733 distra-

939 1755 1010 1780 ctus.
1027 1758 1058 1777 ac
1068 1750 1139 1777 bona
1150 1754 1241 1778 mente
1251 1758 1355 1778 vacuus
1368 1751 1476 1786 penitus
1492 1755 1652 1778 excaecatum
1664 1750 1722 1778 lloc
1775 1771 1779 1775 .

938 1797 1052 1831 contigit
1069 1797 1197 1824 omnibus
1220 1796 1368 1824 iracundis.
1401 1796 1504 1824 Cohibe
1527 1801 1552 1824 te
1577 1796 1661 1832 igitur
1686 1797 1722 1825 ab

939 1843 1080 1870 iracundia
1097 1843 1206 1878 maligni
1224 1843 1364 1870 daemonis.
1381 1843 1465 1871 indue
1479 1844 1719 1878 aequanimitatem,

938 1892 965 1916 et
986 1889 1134 1916 iracundia:
1155 1888 1258 1916 absiste
1270 1897 1282 1922 ;_
1296 1888 1479 1924 laudibusque
1497 1890 1581 1924 probe
1597 1890 1738 1930 celebraa

938 1933 1011 1961 beris
1028 1934 1062 1961 ab
1077 1933 1233 1961 hominibus
1241 1933 1356 1961 Domino
1371 1934 1488 1961 dilectis.
1500 1933 1568 1962 Vide
1585 1934 1676 1969 itaque
1687 1943 1721 1962 ne

938 1978 1074 2013 despicias
1093 1978 1144 2005 hoc
1163 1977 1332 2006 mandatum.
1352 1977 1445 2006 Sihoc
1461 1979 1561 2014 quippe
1582 1979 1722 2007 custodie-

937 2025 987 2057 ris,
1001 2028 1028 2052 et
1043 2025 1147 2060 reliqua
1163 2032 1273 2052 servare
1288 2025 1402 2060 poteris.
1418 2025 1448 2052 In
1471 2025 1547 2053 hisce
1559 2025 1641 2060 igitur
1654 2033 1722 2052 con-

937 2070 1049 2103 fortare,
1060 2074 1087 2098 et
1108 2071 1299 2104 corroborarc,
1316 2076 1343 2100 et
1360 2072 1463 2103 vinces,
1478 2072 1609 2107 vivesque
1628 2072 1655 2100 in
1671 2079 1723 2100 saa—

937 2117 1010 2144 cula.
1017 2144 1019 2146 ,
1026 2115 1123 2144 Amen.

624 2212 735 2241 Sextum
751 2214 916 2248 mandatum,
935 2215 1015 2249 primi
1026 2214 1176 2249 explicatio.

131 2277 159 2304 6.
177 2278 233 2314 (5‘2)
259 2279 314 2306 Kal
327 2281 492 2313 ἀνασταντες
511 2281 638 2318 ηὔξαντο,
657 2284 704 2310 καὶ
726 2284 856 2311 καθίσατο
869 2285 885 2311 ὁ

969 2285 998 2312 6.
1014 2284 1163 2318 Surgentes
1175 2289 1265 2313 autem
1276 2284 1377 2320 precati
1390 2289 1465 2317 sunt.
1481 2284 1605 2319 seditque
1614 2284 1720 2319 episco~

94 2324 255 2357 ἐπίσκοπος,
270 2327 316 2352 καὶ
333 2323 408 2353 εἴπεν
427 2327 516 2362 αὐτῷ·
541 2329 640 2355 Ἀκουε
659 2329 707 2356 καὶ
728 2329 778 2365 τῆς
800 2330 882 2366 ἕκτης

93 2369 215 2405 ἐντολῆς.
233 2371 288 2407 (55)
305 2373 495 2410 Ἐνετειλάμην
509 2382 550 2400 σοι
564 2375 593 2401 ἐν
608 2377 641 2411 τῇ
661 2375 757 2413 πρώτῃ
773 2377 879 2413 ἐντολῇ,

93 2416 139 2443 ἴνα.
155 2417 274 2454 φυλάξῃς
293 2418 341 2454 τὴν
363 2420 453 2447 πίστιν
473 2421 520 2447 καὶ
543 2421 588 2448 τὸν
612 2421 693 2456 φόϐον
715 2423 762 2449 καὶ
779 2424 882 2458 ἐγκρα-

92 2462 188 2498 τεύσῃ.
215 2463 360 2502 Ἀπεκρίθη
382 2466 396 2492 ὁ
418 2466 568 2502 Ἀντίοχος·
591 2467 656 2501 Ναὶ,
679 2467 766 2504 κύριε,
796 2468 882 2500 οὕτως

93 2507 162 2534 ἐστί.
182 2509 262 2543 Λέγει
283 2511 357 2546 αύτῷ
371 2512 386 2538 ὁ
401 2511 564 2544 ἐπίσκοπος·
587 2513 668 2540 Ἀλλά
686 2513 734 2540 νῦν
754 2513 824 2540 θέλω
841 2522 883 2540 σοι

92 2552 212 2588 δηλῶσαι
236 2556 283 2583 καὶ
307 2556 356 2589 τὰς
375 2557 503 2593 δυνάμεις
525 2558 624 2591 αὐτῶν,
642 2559 686 2586 ἴνα
710 2560 809 2596 νοήσῃς
832 2559 881 2595 τὴν

91 2599 208 2636 δύναμιν
229 2601 262 2637 ἢν
283 2601 380 2638 ἔχουσι
395 2604 442 2630 καὶ
463 2604 615 2640 ἐνέργειαν·
636 2605 728 2632 διπλαῖ
748 2605 803 2642 γὰρ
814 2606 881 2632 εἰσισ

129 2702 187 2738 (50)
200 2701 288 2737 Vulgo
309 2703 430 2741 μιαρῶνς
445 2707 472 2741 at
487 2704 640 2741 vetudeat.
657 2705 755 2741 interp.
773 2704 855 2741 habet
869 2714 877 2733 :

89 2737 370 2775 reb‘urgsupervqc'uisj:
390 2739 479 2775 possis
486 2739 604 2775 ἀμωρῶν
615 2737 760 2774 conjicere.
774 2739 878 2768 Noua.

129 2772 186 2808 (51)
203 2772 275 2810 llaec,
288 2773 361 2810 txiaé
377 2772 427 2808 τῆς
438 2772 560 2810 πικρίαςζ
571 2772 673 2802 desunt
683 2775 710 2802 in
721 2775 816 2802 codice
830 2783 880 2803 no-

91 2811 163 2839 stro,
174 2808 221 2835 sed
235 2816 266 2834 ea
277 2816 309 2835 ex
322 2809 432 2836 homilia
444 2808 629 2837 ilOAntiochi
643 2811 757 2838 mutuati
771 2819 878 2839 sumus.

129 2843 185 2876 (5‘2)
200 2842 304 2870 Hennae
319 2844 438 2871 mandat.
451 2843 477 2871 6.

130 2878 187 2913 (55)
203 2878 264 2906 Haec
285 2880 378 2910 verba,
402 2881 441 2910 εἰς
458 2879 505 2915 τὴν
518 2879 629 2916 πρώτην
648 2881 757 2916 ἐντολὴν
780 2882 879 2907 ἐνετει-

937 2339 989 2365 pus
1016 2335 1042 2358 et
1069 2331 1107 2358 ait
1130 2331 1167 2358 illi
1185 2340 1192 2358 :
1210 2331 1279 2358 Audi
1298 2335 1404 2359 sextum
1423 2337 1532 2366 quoque
1549 2330 1718 2357 mandatum.

935 2375 1008 2403 Jussi
1022 2380 1048 2403 te
1065 2378 1091 2403 in
1105 2377 1193 2411 primo
1209 2381 1354 2411 praecepto,
1373 2383 1482 2404 servare
1500 2375 1579 2402 iidem
1595 2379 1623 2403 et
1633 2375 1716 2402 timo-

935 2428 1004 2454 rem,
1021 2424 1260 2456 temperanterque
1271 2421 1529 2457 agereuRespondit
1539 2421 1691 2449 Antiochus
1708 2429 1716 2447 ι

935 2465 1034 2498 Etiam,
1045 2466 1167 2499 domine,
1182 2467 1219 2494 ita
1230 2475 1260 2495 se
1275 2475 1320 2495 res
1334 2467 1427 2494 habet.
1441 2467 1486 2494 Ait
1497 2467 1536 2493 illi
1547 2467 1694 2502 episcopus
1709 2476 1717 2494 :

935 2511 988 2540 Sed
999 2512 1055 2547 jam
1074 2512 1196 2540 indicare
1211 2513 1272 2540 volo
1291 2513 1340 2541 tibi
1350 2520 1473 2549 quaenam
1487 2513 1543 2541 sint
1554 2520 1649 2540 eorum
1664 2513 1719 2540 vir—

935 2562 1018 2592 tutes,
1030 2561 1060 2584 ut
1077 2558 1245 2593 exploratam
1259 2558 1360 2586 habeas
1373 2566 1467 2586 eorum
1486 2559 1542 2585 vim
1559 2561 1586 2585 et
1601 2557 1720 2586 ellicien-

934 2605 1010 2632 tiam.
1028 2605 1151 2640 Duplicis
1178 2612 1297 2640 namque
1320 2603 1429 2640 generis
1453 2607 1529 2636 sunt,
1552 2604 1666 2639 sitaeque
1690 2604 1719 2632 in

930 2705 1020 2740 λάμην
1034 2713 1076 2731 σοι
1083 2704 1147 2740 περὶ
1158 2704 1284 2736 πίστεως,
1292 2708 1357 2737 etc.,
1366 2703 1556 2739 exprimuntur
1568 2703 1639 2739 apud
1653 2703 1721 2740 Her-

932 2739 1004 2767 mani
1018 2740 1069 2766 hoc
1085 2739 1182 2774 pacto:
1200 2740 1391 2775 Prwceperam,
1407 2741 1505 2774 inquit,
1526 2739 1571 2766 tibi
1593 2740 1620 2766 in
1635 2739 1720 2775 primo

933 2774 1059 2802 mandato
1074 2773 1104 2801 ιὶι
1126 2775 1270 2802 custodires
1288 2773 1365 2810 ﬁdem
1381 2778 1406 2801 et
1432 2775 1561 2806 timorem,
1583 2773 1721 2810 ρει-,βιώ-

934 2810 1111 2844 sequentibus
1132 2814 1221 2837 autem
1239 2809 1302 2838 mox
1318 2811 1408 2837 verbis
1434 2809 1519 2836 Φοϐοῦ
1543 2810 1589 2836 τὸν
1607 2809 1719 2844 Κύριον,

934 2846 981 2872 καὶ
997 2844 1127 2881 φύλασσε,
1141 2846 1270 2881 incipitur
1292 2846 1438 2880 septimum
1461 2844 1618 2872 mandatum
1638 2845 1719 2871 etiam

934 2881 1005 2915 apud
1021 2880 1157 2909 llermam.
