1924 3059
110 103 168 132 565

621 105 795 134 DOCTRINA
815 107 861 135 AD
881 107 1084 137 ANTIOCHUM
1102 108 1229 138 DUCEM.

1684 109 1736 139 566

113 164 155 191 δεῖ
169 172 200 191 σε
214 164 436 201 ὲγκρατεύεσθαι,
454 165 499 192 ὲπί
515 173 596 193 τινων
614 165 642 192 δὲ
658 167 688 192 ού
703 167 751 197 δεῖ,
767 168 808 194 Τδ“
819 177 901 205 πονη-

964 169 1028 197 iam.
1048 169 1073 197 A'
1085 169 1249 206 quihusdam
1271 169 1343 198 enim
1367 169 1513 203 abstinere,
1539 177 1554 197 a
1572 168 1736 205 quibusdam

117 210 166 246 ρὸν
192 210 407 248 ὲγκρατεύεσθαι
429 211 477 238 καὶ
493 211 530 247 μὴ
550 213 635 238 ποιεῖν
651 211 707 248 (57)
731 213 809 240 αύτό·
829 213 860 240 τὸ
875 214 904 241 δὲ

116 256 220 290 ἀγαθὸν
237 256 289 292 μὴ·
300 257 477 292 ὲγκρατεύου,
493 257 560 284 ἀλλὰ
578 258 649 284 ποίει
665 258 739 285 αὑτό.
754 260 852 286 Ἀκουε
875 259 904 286 δὲ

116 303 302 338 λεῃομερῶς.
313 303 392 338 Λέγει
403 303 476 339 αύτῷ
485 304 499 330 ό
507 304 640 340 Ἀντίοχος
650 313 656 320 ·
670 305 734 337 Ναὶ,
742 305 837 341 δέομαί
846 315 902 338 σου,

116 349 207 376 πάντα
220 357 264 384 μοι
274 349 449 385 λεπτομερῶς
461 349 581 385 δήλωσον
589 358 595 365 ’
609 350 649 377 ὅτι
662 350 789 377 οὐδέποτε
801 351 905 387 ἤκουσα

114 394 236 421 τοιοῦτον
253 395 330 429 λόγον
347 395 484 430 σωτηρίας
500 395 698 427 καθοπλίζοντα
710 396 756 423 τὸν
763 396 904 433 ἄνθρωπον

115 439 189 467 κατὰ
203 440 293 476 πάσης
305 440 429 475 μηχανῆς
440 440 487 467 τοῦ
495 440 628 468 διαϐόλου.
637 441 686 468 Διὰ
699 441 778 468 τοῦτο
791 441 906 477 ἐποίησα

116 487 165 513 καὶ
177 486 223 513 τὸν
238 486 359 522 νοτάριόν
373 495 422 521 μου
437 487 527 513 πᾶσαν
541 488 590 523 τὴν
606 488 708 520 ἔνδοξον
719 488 766 514 καὶ
780 487 906 523 ἐνάρετον

115 532 219 568 ταύτην
232 532 342 567 διδαχὴν
356 532 470 568 γράψαι.
487 534 567 567 Λέγει
580 534 593 560 ὁ
605 533 753 565 ἐπίσκοπος
762 542 769 548 ·
789 533 907 569 Ἐγκρα-

117 578 198 605 τεύου
210 578 264 605 ἀπὸ
283 579 373 613 πάσης
399 579 542 615 πονηρίας,
567 579 620 606 ἀπὸ
640 579 822 615 μεθύσματος,
846 580 907 606 ἀνο-

119 624 195 659 μίας,
211 624 265 650 ἀπὸ
282 624 392 660 τρυφῆς»
404 625 535 660 πονηρᾶς,
561 624 616 650 ἀπὺ
634 624 787 659 ἐδεσμάτων
802 624 907 651 πολλῶν

118 669 168 696 καὶ
185 668 347 710 ὠχρῶν,
362 668 489 701 πλούτου,
502 669 670 704 καυχήσεως,
686 663 908 706 ὑψῂλόῴῥόᾶἶῖης

118 716 168 742 καὶ
191 715 379 750 ὑπερηφανίας
397 715 445 742 καὶ
463 715 575 750 ψεύδους
594 715 643 742 καὶ
667 716 832 748 καταλαλιᾶς
861 717 908 743 καὶ

120 761 292 798 ὑποκρίσεως
316 761 569 797 καὶμνησικακίας
598 762 645 789 καὶ
664 764 755 798 πάσης
787 763 908 798 βλασφη-

122 808 188 843 μίας
200 807 266 843 (58).
285 808 378 835 Ταῦτα
393 807 428 834 τὰ
441 807 508 844 ἔργα
532 807 639 843 πονηρά
659 809 717 834 ἐστι
736 810 768 844 τῇ
782 808 837 845 ζωῇ
854 809 907 836 τῶν

120 853 286 890 ἀνθρώπων.
298 853 407 881 Τούτων
418 851 464 880 οὖν
478 853 533 880 τῶν
546 853 632 889 ἔργων
645 854 685 880 δεῖ
695 843 908 890 ἐγκρατεύεσθαι
924 843 946 870 Β

119 901 167 927 τὸν
185 899 276 927 δοῦλον
284 899 331 926 τοῦ
343 899 422 927 Θεοῦ.
438 900 467 926 ὐ
479 899 533 936 γὰρ
548 899 585 935 μὴ
599 900 829 935 ἐγκρατευόμενος
845 900 908 926 τού-

120 955 176 972 των
188 947 219 972 ού
229 946 337 972 δύναται
354 945 434 980 ζῆσαι
450 945 488 980 τῷ
499 945 568 980 Θεῷ.
583 946 680 972 ’Ἄκουε
698 946 726 972 δὲ
742 946 788 972 καὶ
799 946 833 972 τὰ
843 946 908 972 ἀκό-

120 990 206 1017 λουθα
217 990 329 1017 τούτων.
338 990 418 1024 Λέγει
432 990 446 1016 ὁ
457 990 518 1023 δοὺξ
535 990 668 1025 Ἀντίοχος
678 998 685 1005 ·
702 991 762 1017 Ἔτι
774 991 828 1027 γὰρ
838 1009 845 1022 ,
861 991 909 1017 κύ-

122 1046 175 1073 ριε,
188 1037 293 1073 πονηρά
306 1037 374 1063 εἰσιν
386 1036 470 1071 ἐργα;
481 1036 562 1070 Λέγει
571 1036 645 1072 αύτῷ
656 1037 670 1063 4
684 1036 843 1068 ἑπίσ-ιοπος·
855 1037 910 1064 Καὶ

122 1082 209 1109 πολλά
232 1084 299 1109 εἰσιν
314 1083 360 1117 ἀφ’
379 1079 416 1109 ὦν
432 1082 473 1109 δεῖ
493 1082 538 1109 τὸν
550 1081 642 1109 δοῦλον
660 1082 707 1109 τοῦ
726 1082 792 1109 Θεοῦ
808 1084 909 1119 ἐγκρα-

121 1127 259 1160 τεύεσθαι,
280 1127 377 1169 idolii,
393 1127 497 1162 ψεῦδος,
512 1127 704 1169 άποστέρησις,
719 1128 909 1166 ψευδομαρτυ-

125 1173 182 1209 ρία,
199 1173 349 1213 πλεονεξία,
365 1173 506 1205 ἀλαζονεία
529 1174 576 1201 καὶ
591 1174 641 1201 ὅσα
656 1175 761 1206 τούτοις
772 1175 863 1211 ὅμοια.
878 1176 910 1202 Et

123 1220 154 1246 σύ
164 1221 238 1247 δοκεῖ
247 1229 286 1247 σοι
297 1216 402 1255 πονηρὰ
413 1218 482 1246 εἶναι
494 1220 580 1247 ταῦτα
591 1228 598 1253 ;
608 1221 756 1256 Ἀπεκρίθη
765 1229 771 1236 ·
785 1222 839 1248 Καὶ
852 1221 910 1248 λίαν

125 1266 233 1302 πονηρὰ
247 1267 303 1297 τοῖς
322 1266 423 1298 δούλοις
439 1265 485 1292 τοῦ
500 1265 577 1292 Θεοῦ.
592 1265 673 1300 Λέγει
687 1266 763 1302 αύτῷ
775 1267 789 1293 ό
802 1267 912 1294 ἐπίσκο-

124 1319 190 1342 πος·
215 1311 407 1347 Ἐγκρατεῦσαι
421 1309 468 1337 οὖν
482 1311 535 1338 ἀπὸ
547 1311 654 1339 πάντων
673 1311 786 1345 τούτων,
806 1313 850 1339 ἴνα
863 1311 912 1348 ζή-

126 1366 176 1395 σῃς
192 1358 230 1393 τῷ
245 1358 304 1393 Θεῷ
321 1358 368 1384 καὶ
379 1359 540 1395 ὲγγραφὴσῃ
555 1358 624 1393 μετὰ
637 1357 691 1384 τῶν
711 1359 912 1394 ὲγκρατευομέ-

124 1411 189 1429 νων.
204 1404 236 1429 Ἀ
248 1403 296 1438 μὲν
307 1401 352 1429 οὖν
367 1403 408 1430 δεῖ
422 1403 645 1440 ὲγκρατεύεσθαι,
657 1403 743 1430 ταῦτά
754 1403 828 1430 ἐστιν
837 1412 844 1418 '
856 1403 874 1430 ἃ
884 1403 913 1430 δὲ

124 1449 166 1475 δεῖ
181 1457 210 1475 σε
221 1449 258 1485 μὴ
271 1449 493 1485 ὲγκρατεύεσθαι,
502 1449 569 1476 ἀλλὰ
579 1450 675 1482 ποιεῖν,
688 1448 769 1476 ἄκουε
779 1457 786 1464 ·
801 1449 913 1476 Πάντων

125 1495 234 1544 πρῶτον
255 1496 356 1544 πίστις,
375 1496 455 1531 φόϐος
471 1496 582 1532 Κυρίου,
603 1495 848 1544 ὁμόνοιακὰγάπη,
867 1496 914 1531 ρή-
927 1515 947 1544 c

127 1549 203 1575 ματα
214 1541 396 1576 δικαιοσύνης,
408 1541 531 1577 ἀλήθεια,
541 1541 674 1577 ὑπομονὴ.
683 1540 792 1568 Τούτων
805 1540 913 1575 ἀγαθὼ-

126 1595 206 1621 τερον
220 1587 295 1613 οὐδέν
310 1588 382 1618 ἐστιν
397 1588 426 1614 ὲν
442 1589 474 1623 τῇ
493 1587 548 1623 ζωῇ
570 1586 623 1614 τῶν
639 1587 799 1623 ἀνθρώπων.
822 1586 914 1613 Ταῦτα

127 1632 176 1659 ἐάν
184 1641 226 1664 τις
237 1633 360 1669 φυλάσσῃ
373 1634 419 1660 καὶ
427 1633 464 1669 μὴ
478 1633 677 1668 ὲγκρατεύηται
689 1633 743 1668 (59)
755 1633 802 1659 ἀπ’
814 1632 913 1663 αὐτῶν,

130 1678 265 1714 μακάριός
282 1681 356 1706 ἐστιν
371 1681 400 1706 ὲν
416 1681 449 1715 τῇ
470 1679 526 1715 ζωῇ
546 1679 638 1706 αὑτοῦ.
665 1677 733 1706 Εἶτα
753 1680 854 1706 τούτων
880 1679 915 1706 τὰ

129 1724 262 1751 ἀκόλουθα
273 1724 354 1751 ἄκουε
365 1733 371 1740 ’
383 1726 469 1761 χήρας
479 1725 624 1761 ὑπηρετεῖν
634 1726 681 1752 καὶ
691 1726 824 1761 ὀρφανοὺς
839 1726 917 1752 ὑστε-

130 1770 278 1806 ρουμένους
301 1770 522 1803 ἐπισκέπτεσθαι,
537 1771 566 1804 ἐξ
584 1771 706 1806 ἀνάγκης
727 1770 916 1806 λυτρώσασθαι

129 1817 193 1847 τοὺς
208 1815 316 1848 δούλους
327 1816 373 1842 τοῦ
387 1816 465 1848 Θεοῦ,
481 1816 616 1851 φιλόξενον
628 1814 696 1843 εἶναι
710 1817 749 1852 (ὲν
760 1816 813 1850 γὰρ
874 1825 917 1850 φι-

129 1861 236 1897 λοξενίᾳ
251 1862 407 1898 εὑρίσκεται
424 1862 641 1898 ἀγαθοποίησις),
656 1862 766 1898 ἡσύχιον
779 1860 858 1895 εἶναι,
874 1862 917 1888 ὲν-

129 1907 271 1943 δεέστερον
291 1907 427 1942 γενέσθαι,
443 1908 531 1934 πάντα
544 1907 685 1945 ἆνθρωπον
701 1907 857 1944 πρεσὸύτην
871 1907 918 1934 σέ-

131 1953 237 1985 ϐεσθαι,
257 1954 349 1980 ἀσκεῖν
370 1954 551 1990 δικαιοσύνην,
574 1954 742 1989 ἀδελφότητα
766 1955 918 1989 συντηρεῖν,

132 1999 210 2034 ὕϐριν
227 2000 382 2036 ὑποφέρειν,
416 2000 590 2035 μακρόθυμον
611 1998 695 2032 εἶναι,
721 1999 917 2035 ἀμνησίκακον,

131 2045 287 2080 κάμνοντας
311 2047 343 2081 τῇ
360 2046 432 2082 ψυχῇ
460 2046 638 2081 παρακαλεῖν,
661 2045 919 2080 ὲσκανδαλισμένους

132 2091 188 2118 ἀπὸ
201 2091 252 2126 τῆς
267 2091 384 2122 πίστεως
403 2091 440 2127 μὴ
465 2091 660 2124 ἀποϐαλέσθαι,
677 2091 733 2118 ἀλλ’
746 2091 920 2126 ἐπιστρέφειν

132 2137 182 2164 καὶ
193 2137 328 2172 εὐθύμους
344 2139 440 2170 ποιεῖν,
457 2138 663 2173 ἁμαρτάνοντας
675 2137 818 2168 νουθετεῖν,
831 2136 918 2172 χρεώ-

954 223 1009 243 non
1033 215 1170 244 abstinere
1188 216 1324 244 convenit.
1342 216 1365 243 A
1384 217 1456 243 malo
1471 214 1662 243 abstinendum
1685 221 1736 242 nec

954 261 1088 297 agendum
1111 261 1176 289 illud
1200 266 1252 295 est,
1275 269 1290 288 a
1312 261 1384 289 bono
1401 261 1513 288 minime
1533 260 1735 288 abstinendum.

953 307 1023 335 Audi
1036 315 1116 343 porro
1129 307 1294 343 singulatim.
1307 307 1357 335 Cui
1372 307 1522 335 Antiochus
1540 315 1547 333 :
1562 305 1628 340 lmo,
1645 313 1737 342 quaeso

954 358 982 382 te
1002 354 1091 381 omnia
1114 354 1270 388 singulatim
1298 353 1435 389 expendas
1464 361 1471 379 :
1499 360 1638 388 nunquam
1663 352 1737 380 enim

955 404 1009 426 tam
1032 399 1183 427 salutarem
1212 399 1304 425 audivi
1335 405 1500 430 sermonem,
1528 398 1573 432 qui
1600 396 1741 426 hominem

955 445 1040 472 armis
1060 444 1173 472 instruit
1193 443 1324 471 adversus
1340 444 1467 479 quaelibet
1485 443 1585 471 diaboli
1598 443 1738 470 machina.

955 495 1056 518 menta.
1076 489 1246 526 Quapropter
1263 490 1333 524 jussi
1354 489 1490 518 notarium
1511 497 1601 516 meum
1623 489 1738 524 praecla-

956 544 1013 563 ram
1027 540 1054 564 et
1068 536 1176 564 virtutis
1192 536 1349 572 magistram
1363 535 1434 563 hanc
1447 536 1599 563 doctrinam
1613 534 1738 562 conseri-

956 583 1029 611 bere.
1056 583 1101 610 Ait
1125 583 1269 617 episcopus
1297 591 1304 609 :
1327 582 1440 610 Abstine
1466 581 1500 609 ab
1522 581 1594 609 omni
1618 581 1738 612 malitia,

956 628 1106 661 ebrietate,
1128 628 1287 663 iniquitate,
1315 636 1400 663 prava
1425 627 1578 663 voluptate,
1607 634 1624 654 a
1647 626 1740 654 multis

957 675 1095 709 lautisque
1118 674 1199 705 cibis,
1227 681 1243 700 a
1262 673 1375 705 divitiis,
1398 681 1414 700 a
1435 673 1580 708 iactantia,
1601 672 1740 708 superbia,

957 720 1130 755 arrogantia,
1162 719 1304 746 mendacio
1317 739 1324 752 ,
1348 718 1547 746 obtrectatione
1558 739 1566 752 ,
1589 717 1740 753 hypocrisi,

957 766 1119 801 injuriarum
1141 765 1344 796 recordatione,
1367 769 1394 792 et
1411 765 1445 792 ab
1463 764 1537 792 omni
1560 763 1741 799 blasphemia.

958 810 1020 838 Haec
1041 810 1111 838 facta
1138 811 1198 837 vita:
1219 810 1359 837 hominum
1381 810 1452 837 mala
1473 813 1556 842 sunt;
1575 809 1610 837 ab
1629 807 1672 836 his
1696 808 1743 836 Dei

960 864 1068 884 servum
1091 855 1227 883 abstinere
1247 859 1354 890 oportet
1369 865 1375 883 ι
1391 863 1453 882 nam
1471 855 1518 890 qui
1538 854 1572 882 ab
1588 852 1745 882 istiusmodi

959 909 1013 928 non
1038 901 1238 936 temperaverit,
1264 908 1318 927 non
1344 905 1433 935 potest
1457 900 1547 928 vivere
1576 899 1642 928 Deo.
1673 899 1744 926 Audi

959 947 1040 974 etiam
1063 954 1123 982 quae
1154 951 1369 981 consequuntur.
1397 945 1515 972 Plurane
1543 948 1608 973 sunt
1637 943 1743 976 adhuc,

959 993 1080 1024 domine,
1092 993 1129 1019 ait
1143 992 1199 1019 dux
1211 991 1373 1023 Antiochus,
1385 991 1457 1018 mala
1467 991 1568 1027 opera?
1579 990 1636 1018 lmo
1647 990 1743 1022 multa,

959 1038 1066 1073 reponit
1086 1038 1244 1073 episcopus,
1261 1044 1276 1063 a
1289 1036 1389 1072 quibus
1405 1035 1453 1064 Dei
1469 1043 1583 1063 servum
1607 1034 1746 1063 abstinere

959 1088 1090 1119 oportet;
1123 1083 1238 1115 furtum,
1261 1082 1444 1114 mendacium,
1471 1080 1616 1114 fraudatio,
1645 1080 1744 1107 faisum

959 1130 1162 1162 testimonium,
1187 1128 1316 1160 avaritia,
1339 1128 1510 1163 arrogantia,
1532 1131 1559 1155 et
1577 1133 1747 1162 quaecunque

961 1176 1004 1203 his
1023 1175 1132 1203 similia.
1151 1175 1192 1202 An
1212 1182 1266 1202 non
1287 1174 1336 1201 tibi
1357 1174 1414 1202 haec
1431 1174 1502 1201 mala
1518 1173 1644 1201 videntur
1666 1171 1747 1200 esse?

960 1220 1017 1248 lmo
1046 1220 1190 1247 admodum
1219 1219 1312 1251 mala,
1339 1219 1463 1254 reponit,
1489 1218 1537 1246 Dei
1571 1218 1668 1246 servis.
1701 1218 1747 1244 Ait

962 1267 1001 1294 illi
1026 1266 1170 1301 episcopus
1192 1275 1198 1292 :
1215 1265 1330 1293 Abstine
1351 1265 1436 1301 igitur
1451 1265 1485 1292 ab
1505 1264 1547 1292 his
1565 1264 1702 1295 omnibus,
1717 1267 1749 1290 ut

961 1312 1037 1339 vivas
1049 1311 1114 1344 Deo,
1127 1315 1155 1338 et
1169 1311 1196 1338 in
1208 1311 1300 1338 album
1312 1309 1433 1339 eﬁ‘eraris
1447 1317 1507 1337 eum
1523 1309 1746 1345 temperantibns.

962 1357 1025 1385 Haec
1047 1357 1138 1393 itaque
1157 1362 1221 1384 sunt
1244 1364 1259 1384 a
1283 1356 1382 1392 quibus
1401 1359 1554 1390 temperare
1574 1357 1692 1389 oportet.
1711 1353 1748 1381 Ea

964 1408 1053 1431 autem
1079 1411 1094 1430 a
1120 1403 1218 1438 quibus
1245 1410 1300 1429 non
1323 1405 1485 1436 temperare,
1515 1401 1561 1428 sed
1585 1408 1645 1436 qua:
1661 1400 1750 1427 facere

963 1454 1082 1485 oportet,
1099 1457 1158 1485 qum
1179 1451 1235 1477 sint
1258 1448 1322 1476 audi
1342 1458 1350 1476 :
1370 1448 1490 1476 Primum
1511 1448 1649 1478 omnium,
1671 1446 1749 1480 ﬁdes;

963 1495 1028 1523 hinc
1042 1497 1123 1523 timor
1139 1494 1257 1527 Domini,
1273 1494 1429 1526 concordia,
1451 1493 1589 1526 charitas,
1605 1492 1686 1520 verba
1704 1492 1751 1527 ju-_

965 1542 1056 1575 stitiaz,
1071 1542 1183 1574 veritas,
1201 1541 1345 1577 patientia.
1366 1540 1416 1568 His
1429 1540 1497 1568 nihil
1519 1539 1701 1575 praestabilius
1721 1539 1757 1568 in-

965 1588 1107 1616 hominum
1124 1588 1190 1615 vita.
1213 1587 1276 1615 Haec
1294 1588 1317 1616 si
1332 1587 1395 1623 quis
1413 1586 1571 1619 servaverit,
1586 1593 1637 1613 nec
1654 1585 1689 1612 ab
1707 1585 1752 1614 his

965 1633 1135 1668 temperarit,
1154 1633 1250 1660 beatus
1269 1636 1312 1660 est
1332 1632 1361 1659 in
1381 1632 1438 1659 vita
1458 1639 1517 1659 sua.
1533 1630 1602 1658 Hinc
1624 1638 1684 1666 qua:
1706 1638 1751 1657 se-

966 1683 1087 1715 quuntur
1102 1679 1207 1706 audias.
1219 1677 1315 1706 Viduis
1330 1677 1416 1706 oﬁicia
1431 1677 1598 1713 impendere,
1614 1676 1752 1711 orphauos

966 1731 1077 1762 egentes
1092 1733 1199 1759 curare,
1223 1732 1317 1753 servos
1341 1723 1390 1752 Dei
1409 1732 1443 1752 ex
1457 1723 1591 1758 angustiis
1606 1722 1750 1753 redimere,

966 1771 1130 1807 hospitalem
1143 1779 1214 1803 esse,
1229 1771 1257 1798 in
1275 1770 1458 1806 hospitalitate
1475 1769 1575 1804 quippe
1591 1767 1751 1796 benelicium

967 1817 1103 1854 reperitur
1122 1827 1130 1845 :
1154 1817 1298 1853 paciﬁcum
1320 1823 1393 1848 esse,
1415 1815 1548 1850 frugalem
1572 1822 1644 1846 esse,
1655 1820 1752 1845 senem

968 1864 1116 1900 quemlibet
1137 1863 1276 1891 hominem
1295 1861 1432 1894 venerari,
1454 1861 1590 1897 justitiam
1613 1866 1753 1890 exercere,

968 1910 1165 1938 fraternitatem
1177 1916 1351 1941 conservare,
1362 1907 1554 1935 contumeliam
1568 1906 1648 1939 ferre,
1664 1913 1756 1947 aequa—

967 1957 1074 1984 nimum
1103 1963 1186 1988 esse,
1211 1955 1375 1990 iniuriarum
1408 1954 1609 1985 immemorem,
1641 1952 1754 1979 aﬂiictos

968 2001 1116 2035 consolari,
1137 2009 1185 2029 eos
1207 2001 1255 2036 qui
1280 2001 1353 2028 circa
1378 2000 1456 2028 ﬁdem
1480 1998 1655 2027 oﬁensionem
1681 1997 1755 2033 passi

969 2051 1035 2076 sunt
1047 2054 1102 2075 non
1119 2046 1279 2082 repudiare,
1295 2046 1344 2074 sed
1360 2046 1501 2079 reducere,
1520 2049 1548 2073 et
1573 2045 1645 2072 bono
1664 2043 1756 2071 animo

969 2102 1033 2122 esse
1053 2102 1169 2126 curare,
1189 2097 1335 2129 peccantes
1356 2092 1513 2124 admonere,
1537 2091 1674 2118 debitores
1700 2097 1757 2117 non

971 2142 1104 2171 atterere,
1129 2145 1230 2174 egenos
1257 2145 1311 2165 non
1332 2137 1514 2168 contristare,
1542 2139 1569 2162 et
1589 2135 1613 2163 si
1636 2141 1690 2169 qua
1713 2134 1757 2162 his

134 2192 202 2215 στας
216 2183 253 2219 μὴ
272 2183 381 2216 θλίϐειν,
405 2183 502 2215 ἐνδεεῖς
517 2184 554 2220 μὴ
570 2184 664 2210 λυπεῖν
690 2184 736 2210 καὶ
757 2185 806 2210 ὅσα
818 2183 912 2214 τούτοις

973 2185 1082 2212 similia.
1102 2184 1144 2211 An
1167 2183 1216 2212 tibi
1232 2183 1359 2210 videntur
1377 2182 1435 2210 haec
1449 2189 1511 2210 esse
1531 2180 1622 2208 bona?
1641 2179 1758 2214 Reponit

133 2230 215 2266 ὅμοιά
229 2231 298 2257 ἐστι.
311 2231 390 2256 Δοκεῖ
405 2239 445 2257 σοι
460 2230 547 2257 ταῦτα
558 2229 650 2264 ἁγαοὰ
668 2228 754 2263 εἶναις
775 2230 922 2266 Ἀπεκρίθη

133 2277 148 2302 ὁ
163 2276 310 2312 Ἀντίοχος·
327 2276 359 2302 Τί
375 2277 440 2312 γὰρ,
459 2276 548 2311 κύριε,
566 2276 676 2303 δύναται
697 2276 798 2303 τούτων
813 2275 923 2310 ἀγαθώ-

973 2229 1125 2256 Antiochus
1142 2238 1149 2256 :
1167 2228 1249 2261 Quid,
1264 2235 1368 2263 quaeso,
1383 2226 1502 2259 domine,
1520 2225 1563 2253 his
1583 2224 1758 2260 prtestantius

974 2283 1036 2304 esse
1063 2275 1169 2310 possit?
1190 2274 1235 2302 Ai:
1258 2274 1297 2301 illi
1323 2273 1469 2308 episcopus
1496 2281 1502 2298 :
1529 2270 1559 2297 In
1584 2271 1634 2298 his‘
1649 2274 1676 2297 te
1700 2269 1758 2304 ipse

134 2330 214 2357 τερον
229 2321 312 2356 εἷναι;
327 2322 406 2356 Λέγει
421 2321 516 2357 αύτῷὸ
530 2322 691 2354 ἐπίσκοπος·
707 2321 831 2356 Γύμναζε
846 2330 912 2348 σεαυη

973 2328 1114 2353 exerceas,
1137 2327 1226 2354 neque
1249 2319 1283 2346 ab
1304 2317 1431 2346 omnibus
1453 2321 1613 2352 temperato,
1636 2319 1662 2344 et
1684 2315 1760 2343 vives

134 2367 181 2394 τὸν
193 2368 222 2394 ὲν
238 2368 354 2400 τούτοις,
375 2369 421 2395 καὶ
445 2367 482 2404 μὴ
499 2367 664 2403 ὲγκρατεύου
678 2367 797 2399 πάντων,
815 2367 864 2394 καὶ
878 2367 924 2403 ζή-

136 2422 195 2456 σεις
207 2414 246 2449 τῷ
258 2414 317 2450 Θεῷ
327 2415 366 2446 είς
382 2414 445 2446 τοὺς
456 2414 566 2446 αἰῶνας.
583 2414 678 2449 Ἀμήν.

975 2366 1029 2394 Deo
1042 2365 1069 2394 in
1083 2365 1193 2394 saecula.
1210 2365 1306 2392 Amen.

595 2481 703 2508 Nonum
721 2481 888 2512 mandatum,
904 2479 1024 2507 dubielas
1038 2479 1121 2507 animi
1132 2478 1249 2506 uitanda.

172 2541 199 2568 9.
218 2540 272 2577 (60)
288 2541 342 2568 Καὶ
361 2541 515 2576 εὐξαμένων
532 2539 619 2567 αὐτῶν
629 2539 747 2572 ἀναστὰς
758 2540 830 2574 λέγει
844 2541 858 2566 ό
868 2539 923 2566 ἐπί-

139 2595 255 2619 σκοπος·
275 2587 373 2613 ’Λκουε
403 2587 450 2613 καὶ
468 2586 570 2621 ταύτην
594 2584 633 2611 ἔτι
661 2585 711 2621 τὴν
731 2584 902 2611 διδασκαλίαν
914 2592 920 2598 ·

141 2634 210 2661 πάνυ
225 2633 279 2669 γὰρ
296 2633 433 2669 ὠφέλιμός
445 2633 528 2659 ἐστιν.
544 2629 629 2668 τΛρον
644 2630 698 2658 ἀπὸ
711 2630 758 2657 σοῦ
779 2630 829 2666 τὴν
844 2629 922 2664 διψυ-

176 2723 234 2759 (57)
255 2723 382 2751 inﬁnitivi
398 2725 476 2759 ὲγκρ.
490 2728 518 2751 et
539 2724 625 2750 ποιεῖν
647 2721 750 2750 nemini
772 2720 916 2749 οπεηεὶοηί

141 2763 221 2786 erunt
233 2758 500 2786 conferentiﬁoms.

176 2794 234 2828 (58)
251 2794 344 2828 Πάσης
353 2794 524 2830 βλασφημίας
531 2793 693 2829 exprimitur
701 2792 771 2828 apud
785 2791 921 2821 ilermam,

141 2829 214 2863 [ulna
226 2830 349 2862 pessima.

1009 2538 1036 2566 9.
1051 2537 1197 2573 Postquam
1209 2540 1298 2564 autem
1309 2539 1463 2567 oraverant,
1479 2541 1592 2570 surgens
1607 2533 1644 2561 ait
1652 2533 1759 2569 episco-

976 2590 1028 2617 pus
1049 2589 1056 2607 ι
1084 2581 1161 2608 Hanc
1188 2581 1252 2608 item
1276 2579 1427 2607 doctrinam
1453 2579 1590 2611 ausculta,
1614 2578 1760 2607 admodum

977 2628 1049 2656 enim
1077 2631 1120 2656 est
1147 2627 1232 2655 utilis.
1262 2625 1431 2654 Dubietatem
1455 2625 1539 2653 animi
1558 2625 1680 2658 elimina,
1710 2631 1761 2654 seu

1007 2719 1063 2755 (59)
1079 2720 1174 2756 Vulgo,
1191 2718 1318 2754 pessime,
1335 2718 1464 2753 φυλάσσει
1485 2723 1512 2745 et
1536 2714 1761 2753 ἑγκρατεύεσθαι.

976 2754 1190 2824 ΝοᾶὶῖἳἨοι-πιίε
1205 2788 1325 2818 mandat.
1342 2789 1369 2817 9.
1387 2788 1512 2816 Antioch.
1525 2787 1598 2816 hom.
1611 2787 1655 2815 85.
