1924 3059
197 83 252 112 867

759 89 789 118 S.
808 89 1038 119 ATHANASIUS.
1058 105 1094 111 ——
1109 91 1245 120 SPURIA.

1755 97 1805 125 588

198 151 337 179 nunquam
355 144 463 173 haesitas
477 145 613 182 quidpiam
627 154 642 174 a
657 146 711 176 Deo
726 149 874 183 postulare,
889 150 982 179 dicens

1036 151 1105 187 χίαν,
1117 153 1164 179 xui.
1184 153 1296 188 μηδενὸς
1306 152 1374 185 ὅλως
1395 153 1545 190 διψυχήσῃς
1560 155 1718 191 αἰτήσασθαι
1735 156 1805 193 παρὰ

198 190 227 218 ln
250 192 393 227 temetipso
417 202 423 220 :
448 193 517 226 Quid
541 201 556 221 a
573 193 688 222 Domino
709 197 846 231 postulare
866 198 981 233 possim,

199 245 263 264 cum
285 241 360 265 tanta
379 238 510 267 adversus
531 247 593 268 eum
615 247 725 276 peccata
748 243 927 271 admiserim?
943 244 982 273 Ne

198 282 257 309 haec
280 283 371 310 animo
384 291 478 312 verses
494 294 501 317 ;
518 285 566 313 sed
585 293 618 314 ex
634 291 689 314 toto
709 287 792 315 corde
805 292 852 316 tuo
867 297 983 317 conver-

198 331 256 355 tere
271 329 303 355 ad
323 329 464 357 Dominum
477 351 485 363 ,
507 335 534 358 et
551 332 654 368 absque
673 333 729 360 ulla
745 333 915 363 haesitatione
935 343 982 370 po-

199 374 269 401 stula
285 374 319 401 ab
346 375 402 407 illo,
428 383 614 412 agnoscesque
637 386 770 406 summam
794 380 854 414 ejus
879 381 983 408 miseri-

199 418 318 444 cordiam
331 427 339 452 ;
350 421 412 454 quia
425 424 451 447 te
463 428 516 447 non
529 421 645 451 deseret.
658 422 705 450 sed
717 423 874 458 petitionem
885 425 983 452 animae

198 467 252 490 tum
268 465 422 499 complebit.
438 465 531 501 Neque
549 467 622 494 enim
640 467 711 496 Deus
725 473 778 501 est,
801 473 831 496 ut
847 470 982 503 homines,

199 509 362 543 injuriarum
388 519 535 544 memores,
567 513 614 540 sed
643 514 784 542 immemor
810 515 981 550 delictorum,

198 555 335 590 opiﬁcium
357 557 502 584 miseratur
522 565 614 585 suum.
632 559 721 595 Purga
739 561 831 596 itaque
843 569 892 589 cor
905 565 982 590 tuum

198 609 213 627 a
230 602 306 628 vanis
331 603 457 630 omnibus
468 603 602 638 ejusmodi
614 605 721 638 verbis,
738 614 842 634 necnon
857 615 872 634 a
887 616 983 644 supra-

198 647 280 674 dlCliS
299 657 306 676 :
325 652 352 676 et
375 649 483 684 postula
503 657 518 676 a
534 649 660 684 Domino,
676 652 870 687 accipiesque;
891 655 983 682 omnia

198 694 334 728 postulata
365 694 534 729 impetrabis,
564 697 628 723 dum
649 697 708 724 sine
734 698 789 725 ulla
815 699 983 728 dubitatione

199 739 391 773 postulaveris.
411 739 458 767 Sin
475 741 501 768 in
517 741 600 768 corde
614 745 661 769 tuo
674 743 853 776 dubitaveris,
873 745 983 773 nihilex

198 785 343 818 postulatis
363 793 518 821 assequere.
542 787 608 815 Nam
629 789 674 823 qui
697 797 758 817 cum
777 789 832 817 Deo
846 791 981 824 luesitant,

1031 198 1078 224 τοῦ
1090 197 1156 225 Θεοῦ
1173 199 1258 233 λέγων
1273 201 1300 226 ἐν
1314 199 1412 235 ἑαυτῷ,
1433 201 1474 227 ὅτι
1489 201 1551 233 Πῶς
1570 201 1716 237 δυνήσομαι
1732 205 1804 239 αἰτή-

1033 243 1129 270 σασθαι
1146 244 1221 280 παρὰ
1236 244 1283 271 τοῦ
1299 245 1402 281 Κυρίου
1412 245 1504 272 λαῦεῖν
1515 246 1681 282 ἡμαρτηκὼς
1695 248 1806 276 τοσαῦτα

1031 291 1071 321 εἰς
1087 290 1166 316 αὐτόν
1180 299 1187 323 ;
1216 290 1260 326 Μὴ
1275 290 1424 325 διαλογίζου
1445 291 1541 324 ταῦτα,
1558 291 1614 318 ἀλλ’
1625 291 1656 325 ἐξ
1667 293 1728 328 ὅλης
1744 303 1807 330 καρ-

1031 336 1089 367 δίας
1101 345 1146 363 σου
1158 336 1318 372 ἐπίστρεψον
1335 337 1402 372 πρὸς
1414 336 1526 372 Κύριον,
1542 338 1588 365 καὶ
1603 337 1678 365 αἰτοῦ
1692 340 1806 374 παράὑ-

1031 381 1079 407 τοῦ
1103 381 1280 413 άδιστάκτως,
1296 382 1340 408 καὶ
1357 381 1448 417 γνώσῃ
1473 382 1522 418 τὴν
1547 383 1807 420 πολυευσπ).αγχνίαν

1033 427 1125 459 αὐτοῦ,
1135 428 1175 454 ὅτι
1184 428 1215 454 οὑ
1229 428 1264 462 μή
1282 436 1311 453 σε
1326 428 1510 464 ἐγκαταλείπῃ
1520 429 1661 464 (61),άλλά
1674 430 1702 456 τὺ
1712 430 1808 466 αἴτημα

1031 473 1081 508 τῆς
1093 473 1181 508 ψυχῆς
1193 482 1239 500 σου
1255 473 1466 510 πληροφορὴσει.
1477 475 1533 502 οὐκ
1548 475 1604 502 ἐστι
1615 476 1669 512 γὰρ
1679 478 1693 503 ὁ
1702 476 1764 508 Θεὸς
1775 477 1809 509 ὡς

1031 519 1056 545 οἱ
1073 519 1208 554 ἄνθρωποι
1223 519 1460 554 μνησικακοῦντες,
1468 520 1524 547 ἀλλ’
1535 521 1616 553 αὐτὸς
1628 522 1810 557 ἀμνησίκακός

1033 566 1090 590 ἐστι
1115 564 1162 591 xui
1185 564 1393 600 σπλαγχνίζεται
1413 566 1460 592 ἐπὶ
1478 566 1528 602 τὴν
1547 567 1656 602 ποίησιν
1676 567 1809 594 αὑτοῦ.Σί›

1032 604 1078 633 οὖν
1095 607 1242 644 καθάρισον
1257 609 1307 644 τὴν
1324 609 1436 645 καρδίαν
1450 618 1496 636 σου
1512 610 1565 637 ἀπὸ
1577 611 1685 638 πάντων
1699 611 1752 638 τῶν
1763 620 1810 646 μα-

1031 653 1113 680 ταίων
1128 653 1241 685 τούτων,
1259 654 1305 680 καὶ
1324 654 1379 680 τῶν
1393 656 1597 691 προειρημένων
1618 665 1660 683 σοι
1678 657 1810 692 ῥημάτων,

1032 699 1079 725 καὶ
1092 699 1167 726 αἰτοῦ
1184 699 1260 736 παρὰ
1271 699 1318 726 τοῦ
1336 701 1448 736 Κυρίου,
1464 702 1510 728 καὶ
1522 701 1606 738 λήψῃ,
1621 702 1669 729 xui
1684 702 1736 729 ἀπὸ
1750 702 1811 729 πάν-

1032 753 1085 771 των
1101 745 1155 772 τῶν
1174 746 1332 782 αἰτημάτων
1347 755 1393 773 σου
1409 747 1556 783 ἀστὲρητος
1571 748 1630 784 ἔσῃ,
1646 748 1693 775 ἐὰν
1711 748 1812 775 άδιστά-

1033 799 1103 822 xm);
1113 792 1237 828 αἰτήσῃς.
1253 793 1315 820 Ἐὰν
1325 793 1354 820 δέ
1364 794 1490 831 διστάσῃς
1500 794 1552 830 (62)
1563 795 1591 821 ἐν
1653 795 1817 839 xw
1850 824 1860 835 ’

199 830 218 857 ii
235 835 300 858 sunt
323 832 414 859 animo
437 832 532 865 dubio,
553 834 599 868 qui
621 835 687 862 nihil
707 843 819 870 prorsus
838 837 983 872 impetrant

1036 837 1108 863 οὐδὲν
1122 837 1153 863 οὐ
1168 837 1205 873 μὴ
1219 837 1290 873 λήψῃ
1305 838 1358 865 τῶν
1373 830 1530 874 αἰτημάτων
1545 830 1812 875 σουίῧὶγᾶ-ῥῖίσῖάῖ

198 877 407 911 postulatorum.
424 878 474 911 Qui
488 884 577 906 autem
590 881 687 915 integri
701 886 763 908 sunt
774 881 800 908 in
817 881 876 914 ﬁde,
893 883 909 909 ii
920 891 983 910 cum

199 922 298 949 ﬁducia
312 924 403 950 omnia
415 928 510 959 petunt
525 933 540 951 a
555 925 619 955 Deo.
636 926 835 962 accipiuntque,
849 929 912 963 quia
925 929 984 956 sine

198 969 380 1001 dubitatione,
397 977 447 997 nec
461 970 603 998 haesitante
618 972 709 999 animo
720 973 867 1008 postulant.
889 973 982 1007 Quivis

197 1014 269 1040 enim
292 1015 374 1042 homo
395 1015 534 1049 hmsitans,
548 1017 629 1053 206
644 1018 694 1045 nisi
711 1019 864 1054 resipiscat,
877 1020 984 1048 diilicile

197 1059 313 1088 salutem
337 1066 530 1096 consequetur.
554 1063 609 1089 Cor
639 1063 730 1098 itaque
757 1069 833 1091 tuum
858 1073 943 1101 purga
968 1073 983 1094 a

197 1108 377 1139 dubitatione.
401 1108 450 1136 sed
476 1108 563 1137 indue
585 1109 676 1142 ﬁdem,
698 1119 758 1145 qua:
779 1112 856 1139 ﬁrma
877 1118 930 1144 est,
956 1117 984 1140 et

198 1153 253 1181 Deo
268 1154 385 1187 conﬁde,
402 1155 475 1190 quod
496 1157 587 1184 omnia
610 1157 745 1192 postulata
768 1161 814 1184 tua
836 1159 874 1186 sis
897 1159 983 1194 impe-

197 1204 329 1228 traturus.
346 1201 423 1234 Quod
440 1202 463 1228 si
481 1202 619 1236 quidpiam
635 1210 650 1229 a
666 1203 779 1231 Domino
791 1211 853 1232 cum
867 1205 986 1240 postula-

197 1246 280 1277 veris.
301 1254 356 1273 non
376 1247 521 1282 impetres,
543 1256 577 1275 ne
595 1248 698 1277 idcirco
718 1250 809 1277 animo
828 1249 867 1278 sis
889 1250 982 1283 dubio,

197 1292 270 1326 quod
302 1293 400 1320 animae
431 1297 484 1321 tua:
515 1294 672 1329 petitionem
698 1296 899 1331 quamprimum
929 1304 983 1324 non

198 1339 339 1373 acceperis
364 1347 370 1366 :
397 1348 461 1367 nam
483 1341 526 1368 vel
542 1342 703 1376 tentationis
723 1342 866 1377 cujusdam
887 1350 982 1375 causa,

197 1383 240 1410 vel
255 1384 290 1411 ob
302 1391 395 1412 casum
409 1386 552 1419 quemdam
568 1387 615 1413 tibi
630 1387 762 1422 ignotum,
773 1395 826 1415 non
841 1389 981 1424 accepisti.

197 1429 237 1457 Ne
248 1438 313 1465 ergo
329 1431 442 1458 deﬁcias
459 1432 573 1465 orando,
588 1433 675 1461 donec
695 1435 793 1461 animm
808 1438 860 1462 tua:
874 1436 983 1470 petitio-

198 1483 259 1503 nem
289 1484 445 1512 assequare.
469 1477 546 1512 Quod
569 1479 592 1506 si
615 1480 686 1507 inter
703 1481 846 1515 petendum
863 1481 983 1509 animum

199 1521 370 1556 despondeas
383 1527 410 1550 et
424 1523 531 1552 dubites
541 1545 548 1556 ,
563 1525 681 1559 teipsum
697 1526 832 1558 incusato,
851 1535 904 1554 non
920 1535 982 1554 eum

198 1568 244 1602 qui
272 1577 326 1596 non
355 1569 430 1597 dedit
465 1571 642 1606 postulatum.
680 1572 751 1600 Cave
786 1573 877 1609 itaque
913 1574 984 1602 hanc

199 1614 282 1641 animi
304 1615 514 1650 dubitationem,
538 1625 598 1651 qua:
624 1618 696 1644 mala
718 1618 823 1646 scilicet
842 1622 894 1650 est,
913 1619 984 1646 mul-

199 1664 296 1695 tosque
319 1669 353 1688 ex
372 1661 424 1689 ﬁde
448 1662 579 1691 radicitus
603 1663 704 1695 avellit,
727 1664 789 1691 licet
813 1669 875 1692 ante
889 1664 984 1692 admo-

199 1707 263 1733 dum
289 1707 380 1735 ﬁdeles
408 1707 546 1744 fortesque
572 1709 681 1736 fuerint.
700 1709 767 1737 Eam
790 1710 984 1737 dubitationem

200 1752 226 1779 in
248 1754 370 1788 qualibet
392 1762 422 1782 re
449 1756 627 1787 contemnito,
651 1755 763 1783 indutus
789 1756 933 1791 praevalida
958 1760 986 1784 et

200 1799 277 1826 ﬁrma
294 1799 354 1827 ﬁde.
371 1799 438 1826 Nam
461 1800 526 1828 ﬁdes
544 1801 635 1828 omnia
651 1801 801 1836 promittit,
818 1801 910 1828 omnia
924 1808 986 1835 per-

200 1845 267 1872 ﬁcit.
290 1844 429 1872 Dubitatio
455 1853 531 1878 vero,
561 1854 622 1880 quae
641 1847 708 1872 nihil
735 1846 831 1878 credit,
859 1847 986 1874 omnibus

200 1891 258 1918 Suis
282 1890 384 1918 excidit
407 1892 546 1926 operibus.
566 1891 605 1918 Tu
629 1892 720 1926 itaque
741 1891 858 1919 orationi
874 1899 985 1926 operam

199 1936 272 1967 dato,
287 1943 335 1970 per
351 1936 478 1962 virtutem
495 1936 567 1967 ﬁdei.
582 1939 609 1963 et
626 1935 680 1964 Deo
693 1936 778 1968 vives,
793 1941 874 1971 atque
890 1943 985 1964 omnes

200 1980 246 2014 qui
285 1979 524 2015 (dubitationem)
557 1981 772 2016 contempserint
811 1981 836 2007 in
873 1981 984 2009 saecula.

200 2025 285 2053 Amen
290 2045 296 2052 .

1036 882 1127 914 ζοντες
1141 884 1179 915 εἰς
1190 883 1234 909 τὸν
1249 883 1325 914 Θεὸν,
1338 881 1409 911 οὗτοί
1428 885 1495 912 εἰσιν
1508 885 1545 916 ὠς
1558 878 1675 920 δίψυχοι,
1686 885 1732 912 καὶ
1745 885 1812 911 οὐδὲν

1036 925 1103 957 ὅλως
1115 925 1281 960 λαμϐάνουσι
1296 926 1348 952 τῶν
1361 927 1518 962 αἰτημάτων
1529 927 1630 954 αὐτῶν.
1644 928 1676 954 υἱ
1689 927 1716 953 δὲ
1731 927 1813 953 ὁλοτε-

1036 971 1092 1003 λεῖς
1105 971 1180 1003 ὄντες
1192 973 1220 998 ὲν
1236 973 1268 1008 τῇ
1283 973 1372 999 πίστει
1391 973 1480 1000 πάντα
1502 973 1640 1000 αἰτοῦνται
1663 972 1814 1004 πεποιθότες

1037 1019 1083 1045 ἐπὶ
1107 1019 1152 1045 τὸν
1175 1018 1240 1045 Θεὸν
1261 1019 1307 1045 xui.
1333 1019 1524 1054 λαμϐάνουσιν,
1542 1020 1584 1046 ὅτι
1598 1019 1764 1050 ἁδιστάιτως
1777 1019 1815 1046 ab

1035 1064 1144 1091 τοῦνται
1162 1064 1244 1100 μηδὲν
1267 1064 1450 1100 διψυχοῦντες.
1470 1066 1527 1097 Πᾶς
1541 1065 1594 1100 γὰρ
1615 1066 1726 1101 δίψυχος
1740 1064 1814 1101 ἀνὴρ,

1037 1109 1083 1137 ἐὰν
1101 1110 1138 1146 μὴ
1158 1111 1320 1147 μετανοήσῃ,
1335 1104 1646 1147 δυσκόλωξσιιῖθήσεται.
1667 1111 1814 1148 Καθάρισον

1036 1153 1081 1182 οὖν
1098 1155 1147 1191 τὴν
1168 1155 1278 1191 καρδίαν
1296 1164 1341 1182 σου
1363 1156 1415 1182 ἀπὸ
1441 1157 1490 1191 τῆς
1505 1156 1631 1191 διψυχίεις
1642 1165 1649 1172 -
1667 1156 1771 1183 ἔνδυσαι
1790 1155 1814 1182 δὲ

1036 1201 1085 1236 τὴν
1098 1202 1197 1233 πίστιν,
1215 1197 1255 1227 ὅτι
1269 1195 1365 1236 ἰσχυρά
1379 1203 1446 1234 ἐστι,
1462 1196 1688 1238 ὀιαῗγπίστευῖτῷ
1701 1202 1768 1238 Θεῷ,
1778 1203 1815 1228 ὅτι

1037 1248 1125 1274 πάντα
1136 1247 1170 1274 τὰ
1180 1247 1318 1283 αἰτήματά
1335 1256 1391 1281 σου,
1403 1247 1420 1274 ἃ
1433 1248 1505 1283 αἰτῇ,
1519 1247 1601 1283 λήψῃ.
1616 1248 1673 1275 Kui.
1687 1248 1733 1275 ἐὰν
1742 1248 1814 1282 αἰτη-

1037 1293 1154 1327 σάμενός
1172 1302 1237 1320 ποτε
1255 1293 1330 1329 παρὰ
1354 1293 1402 1320 τοῦ
1415 1293 1516 1329 Κυρίου
1531 1293 1639 1329 αἴτημά
1652 1302 1678 1321 τι
1699 1294 1744 1320 xui.
1769 1291 1815 1329 [μὴ

1036 1338 1186 1374 ἀπολήψῃ],
1213 1339 1250 1374 μὴ
1267 1339 1427 1376 διψυχήσῃς,
1446 1340 1486 1366 ὅτι
1503 1339 1593 1374 τάχιον
1609 1340 1662 1366 οὐκ
1682 1339 1773 1370 ἔλαὸες
1788 1338 1815 1364 τὸ

1036 1385 1139 1420 αἴτημα
1153 1385 1204 1420 τῆς
1220 1385 1308 1421 ψυχῆς
1326 1394 1372 1412 σου
1384 1394 1390 1400 “
1408 1385 1516 1418 πάντως
1541 1386 1594 1423 γὰρ
1608 1385 1654 1412 διὰ
1671 1385 1816 1422 πειρασμόν

1036 1439 1096 1457 τινα
1111 1431 1128 1466 ἢ
1143 1431 1320 1466 παράπτωμά
1336 1439 1362 1457 τι
1383 1431 1397 1457 ὃ
1420 1432 1451 1458 σὺ
1465 1432 1582 1466 ἀγνοεῖς,
1597 1432 1650 1459 οὐκ
1664 1432 1765 1463 ἔλαϐες.
1783 1431 1814 1457 Συ

1035 1474 1082 1503 οὖν
1097 1477 1134 1511 μὴ
1149 1476 1273 1513 διαλίπῃς
1286 1477 1429 1512 εὐχόμενος
1440 1477 1470 1503 τὸ
1486 1477 1588 1513 αἴτημα
1599 1478 1650 1513 τῆς
1661 1477 1747 1513 ψυχῆς
1763 1485 1815 1508 σου,

997 1514 1017 1541 C
1035 1523 1088 1554 ἓως
1098 1521 1128 1549 οὗ
1141 1523 1268 1560 ἀπολήψῃ
1281 1523 1355 1550 αὑτό.
1372 1523 1433 1550 Ἐὰν
1446 1523 1474 1549 δὲ
1489 1524 1648 1561 ἐκκακήσῃς
1659 1525 1705 1551 καὶ
1715 1523 1816 1558 διψυχή-

1037 1577 1087 1606 σῃς
1100 1569 1268 1605 αἰτούμενος,
1282 1569 1377 1596 ἑαυτὸν
1392 1569 1480 1601 αἰτιῶ,
1498 1571 1545 1596 xui.
1558 1570 1594 1606 μὴ
1605 1571 1653 1597 τὸν
1672 1570 1708 1606 μὴ
1721 1570 1815 1596 διδόντα

1036 1609 1086 1641 σοὶ.
1101 1613 1186 1640 Βλέπε
1197 1612 1242 1641 οὖν
1251 1613 1299 1649 τὴν
1314 1613 1439 1649 διψυχίαν
1449 1614 1565 1650 ταύτην·
1578 1615 1684 1650 πονηρά
1700 1614 1750 1649 γάρ
1764 1615 1816 1640 ἐστι

1035 1660 1082 1687 καὶ
1098 1659 1225 1691 ἀσύνετος
1241 1660 1287 1686 xui.
1311 1659 1423 1691 πολλοὺς
1442 1659 1546 1695 ὲκριζοῖ
1566 1660 1620 1694 (63)
1641 1660 1693 1687 ἀπὸ
1712 1660 1759 1694 τῆς
1780 1658 1817 1684 πί-

1038 1714 1133 1738 στεως,
1149 1706 1195 1732 καί
1211 1715 1242 1740 γε
1257 1706 1314 1732 λίαν
1336 1707 1448 1736 πιστοὺς
1463 1706 1510 1733 xui.
1530 1706 1669 1742 ἰσχυρούς.
1682 1705 1816 1740 Καταφρό-

1037 1759 1118 1787 νησον
1133 1749 1179 1777 οὖν
1190 1751 1274 1786 αὐτῆς
1285 1751 1314 1778 ἐν
1327 1751 1407 1778 παντὶ
1423 1751 1573 1787 πράγματι,
1585 1752 1761 1787 ἐνδυσάμενος
1772 1750 1816 1785 τὴν

1038 1797 1128 1824 πίστιν
1143 1796 1192 1831 τὴν
1208 1797 1321 1832 ἰσχυρὰν
1337 1798 1384 1823 καὶ
1393 1798 1522 1833 δυνατήν·
1538 1799 1554 1834 ὴ
1570 1797 1624 1833 γὰρ
1637 1799 1724 1830 πίστις
1737 1798 1816 1824 πάντα

1038 1843 1245 1877 ἐπαγγέλλεται,
1257 1844 1345 1870 πάντα
1358 1843 1456 1870 τελειοῖ
1466 1853 1472 1859 ·
1488 1845 1504 1879 ἡ
1518 1845 1546 1871 δὲ
1559 1844 1681 1880 διψυχία,
1694 1844 1729 1880 μὴ
1740 1851 1816 1871 κατα-

1039 1889 1203 1915 πιστεύουσα
1221 1890 1328 1926 ἑαυτὴν,
1347 1891 1453 1917 πάντων
1471 1892 1656 1926 ἀποτυγχάνει
1672 1891 1724 1917 τῶν
1737 1890 1815 1926 ἔργων

1039 1935 1134 1969 αὐτῆς,
1147 1932 1184 1961 ὧν
1198 1936 1324 1970 πράσσει.
1343 1937 1378 1962 Σὺ
1397 1935 1443 1963 οὖν
1457 1936 1565 1963 δούλευε
1581 1939 1613 1973 τῇ
1632 1939 1695 1973 εὐχῇ
1709 1945 1763 1968 σου,
1785 1936 1814 1970 τῇ

1039 1981 1151 2016 δυνάμει
1174 1978 1365 2016 τῆςπίστεως,
1385 1983 1432 2009 xui
1450 1981 1520 2018 ζήσῃ
1534 1983 1572 2018 τῷ
1585 1984 1646 2020 Θεῷ
1662 1985 1708 2011 καὶ
1726 1983 1814 2012 πάντες

1039 2027 1062 2052 οἰ
1079 2028 1332 2062 καταφρονήσαντες
1344 2029 1382 2059 εἰς
1399 2029 1462 2060 τοὺς
1476 2028 1584 2061 αἰῶνας.
1605 2030 1702 2066 Ἀμήν.

587 2085 722 2113 Decimum
734 2086 900 2118 mandatum.
917 2087 988 2113 mala
1006 2087 1215 2120 concupiscentia
1227 2086 1401 2114 eliminanda.

235 2143 282 2171 10.
305 2144 373 2171 Cum
400 2143 497 2171 iterum
523 2149 658 2177 orassent,
685 2145 722 2172 ait
747 2145 785 2172 illi
806 2146 951 2181 episcopus
974 2155 981 2173 :

1071 2145 1113 2173 10.
1123 2145 1177 2180 (64)
1187 2146 1240 2172 Καὶ
1253 2145 1408 2180 εὐξαμένων
1416 2145 1516 2175 αὐτῶν,
1526 2145 1600 2179 λέγει
1611 2145 1684 2180 αὐτῷ
1695 2145 1708 2171 ὁ
1715 2143 1814 2170 ἐπίσκη-

201 2189 272 2217 Λιιιίἰ
291 2190 425 2217 decimum
441 2194 604 2225 praeceptum
620 2190 724 2218 :Aul'er
739 2199 754 2218 a
771 2194 798 2218 te
808 2199 914 2218 omnem
929 2199 987 2218 ma-

202 2236 255 2261 lam
281 2235 468 2270 cupiditatcm,
495 2235 631 2270 indueque
659 2234 758 2262 benam
788 2239 816 2262 et
846 2234 987 2261 honestam

202 2281 378 2315 cupiditatem
403 2289 411 2307 :
434 2289 494 2308 eam
518 2289 635 2316 namque
660 2280 783 2313 indutus,
808 2281 906 2308 malam
925 2280 988 2307 odio

203 2329 328 2356 habebis.
341 2329 410 2356 Fera
422 2329 495 2355 enim
509 2328 645 2363 cupiditas
666 2328 693 2354 in
712 2328 768 2355 haec
784 2327 879 2355 incidit
897 2327 987 2360 mala;

204 2375 230 2401 in
248 2375 369 2402 dolorem
385 2382 440 2409 quo
455 2375 496 2402 vir
520 2374 678 2409 imprudens
693 2373 885 2401 miserabiliter
904 2373 988 2400 absu-

203 2420 296 2447 mitur.
324 2419 486 2454 liujusmodi
513 2424 602 2447 autem
627 2419 750 2446 homines
764 2419 884 2446 absumit
897 2417 986 2450 dolor,

203 2467 266 2502 quia
289 2466 448 2493 indumento
472 2469 566 2494 carent
589 2465 667 2492 bonae
687 2464 855 2499 cupiditatis,
873 2463 920 2491 sed
937 2463 988 2490 hoc

203 2511 303 2539 saeculo
337 2510 473 2538 commisti
501 2514 575 2538 sunt.
611 2510 665 2536 llos
692 2510 784 2544 itaque
812 2509 846 2536 ad
872 2512 987 2536 mortem

203 2557 296 2585 tradit.
314 2557 474 2592 chnaanam
493 2557 539 2584 illa
555 2561 629 2588 sunt,
645 2557 682 2583 ait
700 2556 861 2588 Antiochus,
877 2556 903 2582 in
918 2555 988 2582 mala

204 2603 362 2638 cupiditate,
374 2611 434 2638 qua:
447 2602 558 2630 tradunt
576 2602 699 2629 homines
714 2601 747 2628 ad
764 2601 901 2628 mortem?
914 2600 987 2627 indi-

204 2655 264 2676 cato
285 2649 350 2676 mihi
373 2652 401 2675 ut
421 2649 454 2676 ab
479 2649 513 2676 iis
533 2648 681 2684 aufugiam.
699 2648 743 2674 Ait
767 2648 805 2674 illi
820 2648 986 2683 episcopus:

204 2696 284 2723 Audi.
310 2695 431 2722 Primum
463 2696 584 2723 omnium
613 2694 749 2730 cupiditas
772 2695 904 2728 mulieris,
930 2698 987 2721 tum

239 2765 295 2798 (6|)
311 2764 408 2800 Vulgo,
425 2764 605 2800 ἐγκαταλίπῃ.
617 2763 722 2792 Noua.

240 2800 296 2836 (63)
309 2799 405 2837 Vulgo,
418 2799 540 2836 διστάσῃ.
564 2800 602 2826 In.

1039 2199 1098 2222 πος’
1118 2191 1216 2216 Ἄκουε
1237 2190 1283 2216 καὶ
1296 2190 1345 2223 τῆς
1355 2190 1469 2224 δεκάτης
1485 2189 1601 2224 ἐντολῆς·
1612 2187 1695 2225 τΑρον
1709 2187 1758 2214 ἀπὸ
1771 2183 1812 2211 σοῦ

1039 2238 1128 2263 πᾶσαν
1142 2235 1288 2271 ἐπιθυμίαν
1302 2236 1432 2271 πονηρὰν,
1447 2235 1551 2262 ἔνδυσαι
1562 2236 1610 2270 τὴν
1621 2233 1760 2269 ἐπιθυμίαν
1769 2231 1812 2265 τὴν

1039 2282 1155 2317 ἀγαθὴν,
1173 2282 1219 2308 καὶ
1232 2282 1332 2317 σεμνὴν
1341 2289 1349 2297 ·
1362 2281 1535 2316 ἐνδεδυμένος
1548 2282 1600 2317 γὰρ
1615 2281 1664 2316 τὴν
1676 2277 1812 2312 ἐπιθυμίαν

1038 2327 1150 2363 ταύτην,
1165 2328 1290 2363 μισήσεις
1304 2327 1352 2361 τὴν
1366 2326 1487 2362 πονηρὰν
1501 2327 1655 2361 ἐπιθυμίαν.
1666 2323 1756 2359 Ἀγρία
1765 2321 1812 2355 γὰρ

1023 2370 1171 2408 ’ἐπιθυμία
1186 2374 1226 2404 εἰς
1239 2372 1303 2399 τάδε
1317 2373 1475 2408 ὰνεμπεσεῖ,
1490 2373 1529 2404 εἰς
1545 2372 1632 2407 λύπην
1645 2372 1670 2406 (.
1687 2390 1693 2397 .
1709 2389 1716 2396 .
1729 2390 1736 2396 .
1754 2366 1812 2394 ,ἐὰν

1040 2421 1076 2455 μὴ
1092 2418 1119 2456 ᾖ)
1140 2419 1248 2451 συνετὸς
1263 2420 1413 2446 δαπανᾶται
1430 2419 1475 2445 ὑπ’
1492 2419 1576 2453 αὐτῆς
1594 2417 1696 2448 δεινῶς·
1711 2411 1813 2445 Λαττανᾷ

1038 2465 1066 2492 δὲ
1086 2465 1196 2496 τούτους
1221 2465 1258 2500 μὴ
1278 2465 1388 2499 ἔχοντας
1411 2463 1512 2499 ἔνδυμα
1536 2463 1682 2498 ἐπιθυμίας
1706 2458 1810 2493 ἀγαθῆς.

1038 2511 1095 2538 ἀλλ’
1114 2511 1340 2546 ἐμπεφυρμένους
1363 2510 1401 2545 τῷ
1418 2510 1494 2537 αἰῶνι
1520 2509 1620 2544 τούτῳ·
1645 2507 1751 2536 τούτους
1771 2501 1812 2529 ὧν

1038 2557 1218 2592 παραδίδωσιν
1228 2558 1267 2588 εἰς
1278 2557 1400 2584 θάνατον.
1412 2558 1465 2584 Καὶ
1477 2557 1549 2591 λέγει
1559 2557 1572 2583 ὁ
1587 2555 1715 2589 Ἀντίοχος
1725 2561 1731 2567 ·
1739 2551 1810 2580 Ποῖα.

1038 2603 1127 2638 κύριε,
1145 2603 1198 2628 εἰσὶ
1223 2603 1272 2636 τῆς
1288 2601 1434 2636 ἐπιθυμίας
1458 2602 1506 2636 τῆς
1526 2600 1645 2635 πονηρᾶς
1661 2597 1693 2624 τά
1707 2592 1812 2629 παραδι-

1038 2649 1117 2676 δόντα
1131 2649 1194 2678 τοὺς
1210 2647 1369 2683 ἀνθρώπους
1389 2648 1429 2679 εἰς
1455 2647 1586 2678 θάνατον;
1613 2642 1743 2679 Γνὼρισὸν
1760 2646 1810 2673 μοι.

1038 2696 1082 2722 ἵνα
1096 2695 1173 2730 φύγω
1181 2695 1226 2722 ἀπ’
1235 2694 1333 2722 αὐτῶν.
1348 2693 1427 2728 Λέγει
1438 2693 1511 2728 αὐτῷ
1525 2694 1539 2719 ὁ
1551 2688 1694 2721 ἐπίσκοπος
1703 2697 1710 2703 ·
1723 2687 1812 2712 Ἀκου-

1075 2761 1129 2793 (65)
1149 2760 1243 2794 Vulgo.
1255 2759 1504 2821 pessiuwﬁxgﬁei.
1523 2757 1560 2785 in.
1599 2793 1605 2798 _

1076 2795 1131 2821 (64)
1151 2795 1256 2821 Herum
1278 2795 1397 2821 mandat.
1440 2813 1446 2820 .
1477 2794 1520 2821 10.
1545 2794 1605 2820 Anti

1076 2783 1131 2830 i623
1151 2783 1400 2823 ιιέὲῖίίὲἐᾘὶιὶίὶιιιιὶξ
1421 2783 1668 2821 έζἽὸζἏηιίοειι.
1686 2789 1754 2817 hom.
1769 2783 1808 2811 7t-
