  <div class='ocr_page' id='page_1' title='image "/cluster/home/n/w/nwhite01/storage/ocr_20150623/28/njp.32101007506148/296.png"; bbox 0 0 1924 3059; ppageno 0'>
   <div class='ocr_carea' id='block_1_1' title="bbox 68 125 123 154">
    <p class='ocr_par' dir='ltr' id='par_1_1' title="bbox 68 125 123 154">
     <span class='ocr_line' id='line_1_1' title="bbox 68 125 123 154; baseline -0.036 0"><span class='ocrx_word' id='word_1_1' title='bbox 68 125 123 154; x_wconf 72' lang='lat'><strong>569</strong></span> 
     </span>
    </p>
   </div>
   <div class='ocr_carea' id='block_1_2' title="bbox 582 126 1191 157">
    <p class='ocr_par' dir='ltr' id='par_1_2' title="bbox 582 126 1191 157">
     <span class='ocr_line' id='line_1_2' title="bbox 582 126 1191 157; baseline 0.005 -3"><span class='ocrx_word' id='word_1_2' title='bbox 582 126 757 154; x_wconf 67' lang='lat' dir='ltr'><strong>DOCTRINA</strong></span> <span class='ocrx_word' id='word_1_3' title='bbox 774 126 820 153; x_wconf 80' lang='lat' dir='ltr'><strong>AD</strong></span> <span class='ocrx_word' id='word_1_4' title='bbox 838 126 1043 155; x_wconf 77' lang='lat' dir='ltr'><strong>ANTIOCHUM</strong></span> <span class='ocrx_word' id='word_1_5' title='bbox 1063 128 1191 157; x_wconf 84' lang='lat' dir='ltr'><strong>DUCEM.</strong></span> 
     </span>
    </p>
   </div>
   <div class='ocr_carea' id='block_1_3' title="bbox 1641 133 1694 163">
    <p class='ocr_par' dir='ltr' id='par_1_3' title="bbox 1641 133 1694 163">
     <span class='ocr_line' id='line_1_3' title="bbox 1641 133 1694 163; baseline 0.038 -3"><span class='ocrx_word' id='word_1_6' title='bbox 1641 133 1694 163; x_wconf 78' lang='lat'><strong>570</strong></span> 
     </span>
    </p>
   </div>
   <div class='ocr_carea' id='block_1_4' title="bbox 68 186 865 227">
    <p class='ocr_par' dir='ltr' id='par_1_4' title="bbox 68 186 859 224">
     <span class='ocr_line' id='line_1_4' title="bbox 68 186 859 224; baseline 0.003 -11"><span class='ocrx_word' id='word_1_7' title='bbox 68 195 127 214; x_wconf 89' lang='grc' dir='ltr'>σον.</span> <span class='ocrx_word' id='word_1_8' title='bbox 146 186 204 223; x_wconf 84' lang='grc'><strong>(65)</strong></span> <span class='ocrx_word' id='word_1_9' title='bbox 216 187 327 223; x_wconf 83' lang='grc' dir='ltr'>Πρῶτον</span> <span class='ocrx_word' id='word_1_10' title='bbox 339 188 447 215; x_wconf 79' lang='grc' dir='ltr'>πάντων</span> <span class='ocrx_word' id='word_1_11' title='bbox 463 188 595 224; x_wconf 76' lang='grc' dir='ltr'>ἐπιθυμία.</span> <span class='ocrx_word' id='word_1_12' title='bbox 607 189 737 223; x_wconf 79' lang='grc' dir='ltr'>γυναικὸς</span> <span class='ocrx_word' id='word_1_13' title='bbox 753 189 800 215; x_wconf 77' lang='grc' dir='ltr'>καὶ</span> <span class='ocrx_word' id='word_1_14' title='bbox 813 197 859 215; x_wconf 88' lang='grc' dir='ltr'><strong>πο-</strong></span> 
     </span>
    </p>
   </div>
   <div class='ocr_carea' id='block_1_5' title="bbox 917 186 1694 227">
    <p class='ocr_par' dir='ltr' id='par_1_5' title="bbox 917 190 1694 227">
     <span class='ocr_line' id='line_1_5' title="bbox 917 190 1694 227; baseline 0.005 -11"><span class='ocrx_word' id='word_1_15' title='bbox 917 190 1066 218; x_wconf 87' lang='lat' dir='ltr'><strong>livitiarum</strong></span> <span class='ocrx_word' id='word_1_16' title='bbox 1088 191 1235 218; x_wconf 85' lang='lat' dir='ltr'><strong>multarum</strong></span> <span class='ocrx_word' id='word_1_17' title='bbox 1257 191 1367 226; x_wconf 86' lang='lat' dir='ltr'><strong>cupido.</strong></span> <span class='ocrx_word' id='word_1_18' title='bbox 1380 200 1440 227; x_wconf 65' lang='lat' dir='ltr'><strong>qua:</strong></span> <span class='ocrx_word' id='word_1_19' title='bbox 1453 197 1495 220; x_wconf 87' lang='lat' dir='ltr'><strong>est</strong></span> <span class='ocrx_word' id='word_1_20' title='bbox 1507 191 1631 224; x_wconf 85' lang='lat' dir='ltr'><strong>avaritia,</strong></span> <span class='ocrx_word' id='word_1_21' title='bbox 1643 201 1694 221; x_wconf 87' lang='lat' dir='ltr'><strong>nec</strong></span> 
     </span>
    </p>
   </div>
   <div class='ocr_carea' id='block_1_6' title="bbox 68 232 858 270">
    <p class='ocr_par' dir='ltr' id='par_1_6' title="bbox 68 232 858 270">
     <span class='ocr_line' id='line_1_6' title="bbox 68 232 858 270; baseline 0.004 -13"><span class='ocrx_word' id='word_1_22' title='bbox 68 232 193 259; x_wconf 82' lang='grc' dir='ltr'>λυτέλεια</span> <span class='ocrx_word' id='word_1_23' title='bbox 211 232 361 267; x_wconf 54' lang='lat' dir='ltr'><strong>nimi-rami]</strong></span> <span class='ocrx_word' id='word_1_24' title='bbox 373 234 431 260; x_wconf 76' lang='grc' dir='ltr'>ἐστι</span> <span class='ocrx_word' id='word_1_25' title='bbox 446 234 625 270; x_wconf 78' lang='grc' dir='ltr'><strong>φιλαργυρία,</strong></span> <span class='ocrx_word' id='word_1_26' title='bbox 643 234 690 261; x_wconf 77' lang='grc' dir='ltr'>καὶ</span> <span class='ocrx_word' id='word_1_27' title='bbox 703 234 858 269; x_wconf 76' lang='grc' dir='ltr'><strong>ἐδεσμάτων</strong></span> 
     </span>
    </p>
   </div>
   <div class='ocr_carea' id='block_1_7' title="bbox 67 277 858 314">
    <p class='ocr_par' dir='ltr' id='par_1_7' title="bbox 67 277 858 314">
     <span class='ocr_line' id='line_1_7' title="bbox 67 277 858 314; baseline 0.004 -11"><span class='ocrx_word' id='word_1_28' title='bbox 67 277 176 304; x_wconf 64' lang='grc' dir='ltr'><strong>¹πολλῶν</strong></span> <span class='ocrx_word' id='word_1_29' title='bbox 191 278 237 304; x_wconf 82' lang='grc' dir='ltr'>καὶ</span> <span class='ocrx_word' id='word_1_30' title='bbox 252 277 384 313; x_wconf 75' lang='grc' dir='ltr'><strong>ματαίων,</strong></span> <span class='ocrx_word' id='word_1_31' title='bbox 399 279 446 306; x_wconf 77' lang='grc' dir='ltr'><strong>καὶ</strong></span> <span class='ocrx_word' id='word_1_32' title='bbox 462 279 633 314; x_wconf 84' lang='grc' dir='ltr'>μεθύσματος</span> <span class='ocrx_word' id='word_1_33' title='bbox 643 278 751 311; x_wconf 83' lang='grc' dir='ltr'>πολλοῦ,</span> <span class='ocrx_word' id='word_1_34' title='bbox 765 279 858 314; x_wconf 84' lang='grc' dir='ltr'>διαφό-</span> 
     </span>
    </p>
   </div>
   <div class='ocr_carea' id='block_1_8' title="bbox 68 323 856 361">
    <p class='ocr_par' dir='ltr' id='par_1_8' title="bbox 68 323 856 361">
     <span class='ocr_line' id='line_1_8' title="bbox 68 323 856 361; baseline 0.003 -12"><span class='ocrx_word' id='word_1_35' title='bbox 68 332 126 359; x_wconf 87' lang='grc' dir='ltr'><strong>ρων</strong></span> <span class='ocrx_word' id='word_1_36' title='bbox 140 323 271 357; x_wconf 80' lang='grc' dir='ltr'>γεύσεων,</span> <span class='ocrx_word' id='word_1_37' title='bbox 282 324 327 350; x_wconf 75' lang='grc' dir='ltr'><strong>καὶ</strong></span> <span class='ocrx_word' id='word_1_38' title='bbox 338 324 437 359; x_wconf 74' lang='grc' dir='ltr'>ἐτέρων</span> <span class='ocrx_word' id='word_1_39' title='bbox 447 324 556 360; x_wconf 73' lang='grc' dir='ltr'>τρυφῶν</span> <span class='ocrx_word' id='word_1_40' title='bbox 570 323 673 352; x_wconf 78' lang='grc' dir='ltr'><strong>πολλῶν</strong></span> <span class='ocrx_word' id='word_1_41' title='bbox 685 325 732 352; x_wconf 78' lang='grc' dir='ltr'>καὶ</span> <span class='ocrx_word' id='word_1_42' title='bbox 746 325 856 361; x_wconf 82' lang='grc' dir='ltr'><strong>μωρῶν,</strong></span> 
     </span>
    </p>
   </div>
   <div class='ocr_carea' id='block_1_9' title="bbox 67 369 859 406">
    <p class='ocr_par' dir='ltr' id='par_1_9' title="bbox 67 369 859 406">
     <span class='ocr_line' id='line_1_9' title="bbox 67 369 859 406; baseline 0.004 -12"><span class='ocrx_word' id='word_1_43' title='bbox 67 369 116 395; x_wconf 73' lang='grc' dir='ltr'>καὶ</span> <span class='ocrx_word' id='word_1_44' title='bbox 132 369 211 404; x_wconf 80' lang='grc' dir='ltr'><strong>δόξης</strong></span> <span class='ocrx_word' id='word_1_45' title='bbox 224 369 397 405; x_wconf 81' lang='grc' dir='ltr'>ἀνθρωπίνης</span> <span class='ocrx_word' id='word_1_46' title='bbox 407 370 453 396; x_wconf 74' lang='grc' dir='ltr'>καὶ</span> <span class='ocrx_word' id='word_1_47' title='bbox 468 370 594 405; x_wconf 83' lang='grc' dir='ltr'>ματαίας.</span> <span class='ocrx_word' id='word_1_48' title='bbox 611 371 690 397; x_wconf 76' lang='grc' dir='ltr'>Πᾶσα</span> <span class='ocrx_word' id='word_1_49' title='bbox 705 371 793 406; x_wconf 79' lang='grc' dir='ltr'>τρυφὴ</span> <span class='ocrx_word' id='word_1_50' title='bbox 807 379 859 406; x_wconf 87' lang='grc' dir='ltr'>μω-</span> 
     </span>
    </p>
   </div>
   <div class='ocr_carea' id='block_1_10' title="bbox 67 414 860 451">
    <p class='ocr_par' dir='ltr' id='par_1_10' title="bbox 67 414 860 451">
     <span class='ocr_line' id='line_1_10' title="bbox 67 414 860 451; baseline 0.003 -11"><span class='ocrx_word' id='word_1_51' title='bbox 67 414 106 450; x_wconf 86' lang='grc' dir='ltr'><strong>ρά</strong></span> <span class='ocrx_word' id='word_1_52' title='bbox 122 415 181 441; x_wconf 78' lang='grc' dir='ltr'>ἐστι</span> <span class='ocrx_word' id='word_1_53' title='bbox 195 415 242 441; x_wconf 72' lang='grc' dir='ltr'>καὶ</span> <span class='ocrx_word' id='word_1_54' title='bbox 263 415 329 450; x_wconf 86' lang='grc' dir='ltr'>κενὴ</span> <span class='ocrx_word' id='word_1_55' title='bbox 352 416 408 446; x_wconf 82' lang='grc' dir='ltr'>τοῖς</span> <span class='ocrx_word' id='word_1_56' title='bbox 421 415 525 448; x_wconf 82' lang='grc' dir='ltr'>δούλοις</span> <span class='ocrx_word' id='word_1_57' title='bbox 540 415 587 442; x_wconf 83' lang='grc' dir='ltr'><strong>τοῦ</strong></span> <span class='ocrx_word' id='word_1_58' title='bbox 605 415 682 443; x_wconf 77' lang='grc' dir='ltr'>Θεοῦ.</span> <span class='ocrx_word' id='word_1_59' title='bbox 696 416 860 451; x_wconf 80' lang='grc' dir='ltr'>Ἀπέχεσθαι</span> 
     </span>
    </p>
   </div>
   <div class='ocr_carea' id='block_1_11' title="bbox 67 459 861 498">
    <p class='ocr_par' dir='ltr' id='par_1_11' title="bbox 67 459 861 498">
     <span class='ocr_line' id='line_1_11' title="bbox 67 459 861 498; baseline 0.004 -11"><span class='ocrx_word' id='word_1_60' title='bbox 67 459 116 487; x_wconf 72' lang='grc' dir='ltr'>οὖν</span> <span class='ocrx_word' id='word_1_61' title='bbox 132 461 171 487; x_wconf 84' lang='grc' dir='ltr'>δεῖ</span> <span class='ocrx_word' id='word_1_62' title='bbox 191 461 245 487; x_wconf 86' lang='grc' dir='ltr'><strong>τῶν</strong></span> <span class='ocrx_word' id='word_1_63' title='bbox 261 461 413 496; x_wconf 77' lang='grc' dir='ltr'><strong>ἐπιθυμιῶν</strong></span> <span class='ocrx_word' id='word_1_64' title='bbox 428 462 540 495; x_wconf 79' lang='grc' dir='ltr'>τούτων,</span> <span class='ocrx_word' id='word_1_65' title='bbox 558 463 602 490; x_wconf 79' lang='grc' dir='ltr'>ἵνα</span> <span class='ocrx_word' id='word_1_66' title='bbox 623 463 786 498; x_wconf 82' lang='grc' dir='ltr'><strong>ἀπεχόμενοι</strong></span> <span class='ocrx_word' id='word_1_67' title='bbox 812 463 861 498; x_wconf 77' lang='grc' dir='ltr'><strong>ζή-</strong></span> 
     </span>
    </p>
   </div>
   <div class='ocr_carea' id='block_1_12' title="bbox 67 507 859 546">
    <p class='ocr_par' dir='ltr' id='par_1_12' title="bbox 67 507 859 546">
     <span class='ocr_line' id='line_1_12' title="bbox 67 507 859 546; baseline 0.003 -13"><span class='ocrx_word' id='word_1_68' title='bbox 67 516 136 542; x_wconf 84' lang='grc' dir='ltr'>σητε</span> <span class='ocrx_word' id='word_1_69' title='bbox 159 507 199 543; x_wconf 84' lang='grc' dir='ltr'>τῷ</span> <span class='ocrx_word' id='word_1_70' title='bbox 224 507 294 542; x_wconf 79' lang='grc' dir='ltr'>θεῷ.</span> <span class='ocrx_word' id='word_1_71' title='bbox 321 508 385 535; x_wconf 82' lang='grc' dir='ltr'>Ἐὰν</span> <span class='ocrx_word' id='word_1_72' title='bbox 405 508 433 534; x_wconf 81' lang='grc' dir='ltr'>δὲ</span> <span class='ocrx_word' id='word_1_73' title='bbox 459 508 604 546; x_wconf 74' lang='grc' dir='ltr'>δουλεύσῃς</span> <span class='ocrx_word' id='word_1_74' title='bbox 628 511 660 544; x_wconf 81' lang='grc' dir='ltr'>τῇ</span> <span class='ocrx_word' id='word_1_75' title='bbox 678 508 810 544; x_wconf 76' lang='grc' dir='ltr'>ἐπιθυμίᾳ</span> <span class='ocrx_word' id='word_1_76' title='bbox 826 510 859 544; x_wconf 84' lang='grc' dir='ltr'><strong>τῇ</strong></span> 
     </span>
    </p>
   </div>
   <div class='ocr_carea' id='block_1_13' title="bbox 67 553 860 590">
    <p class='ocr_par' dir='ltr' id='par_1_13' title="bbox 67 553 860 590">
     <span class='ocr_line' id='line_1_13' title="bbox 67 553 860 590; baseline 0.003 -11"><span class='ocrx_word' id='word_1_77' title='bbox 67 553 160 589; x_wconf 74' lang='grc' dir='ltr'><strong>ἀγαθῇ</strong></span> <span class='ocrx_word' id='word_1_78' title='bbox 184 553 232 579; x_wconf 74' lang='grc' dir='ltr'>καὶ</span> <span class='ocrx_word' id='word_1_79' title='bbox 248 554 388 589; x_wconf 82' lang='grc' dir='ltr'>ὑποταγῇς</span> <span class='ocrx_word' id='word_1_80' title='bbox 413 555 493 590; x_wconf 82' lang='grc' dir='ltr'>αὐτῇ,</span> <span class='ocrx_word' id='word_1_81' title='bbox 510 555 621 582; x_wconf 75' lang='grc' dir='ltr'>δύνασαι</span> <span class='ocrx_word' id='word_1_82' title='bbox 648 555 860 590; x_wconf 80' lang='grc' dir='ltr'>κατακυριεῦσαι</span> 
     </span>
    </p>
   </div>
   <div class='ocr_carea' id='block_1_14' title="bbox 67 598 861 636">
    <p class='ocr_par' dir='ltr' id='par_1_14' title="bbox 67 598 861 636">
     <span class='ocr_line' id='line_1_14' title="bbox 67 598 861 636; baseline 0.005 -12"><span class='ocrx_word' id='word_1_83' title='bbox 67 599 120 634; x_wconf 81' lang='grc' dir='ltr'>τῆς</span> <span class='ocrx_word' id='word_1_84' title='bbox 134 598 281 634; x_wconf 74' lang='grc' dir='ltr'><strong>ἐπιθυμίας</strong></span> <span class='ocrx_word' id='word_1_85' title='bbox 293 599 341 634; x_wconf 74' lang='grc' dir='ltr'>τῆς</span> <span class='ocrx_word' id='word_1_86' title='bbox 354 601 474 636; x_wconf 78' lang='grc' dir='ltr'>πονηρᾶς</span> <span class='ocrx_word' id='word_1_87' title='bbox 488 601 534 628; x_wconf 73' lang='grc' dir='ltr'>καὶ</span> <span class='ocrx_word' id='word_1_88' title='bbox 549 601 680 634; x_wconf 79' lang='grc' dir='ltr'><strong>ὑποτάξαι</strong></span> <span class='ocrx_word' id='word_1_89' title='bbox 690 601 785 636; x_wconf 70' lang='grc' dir='ltr'>αὑτὴν,</span> <span class='ocrx_word' id='word_1_90' title='bbox 796 601 861 628; x_wconf 75' lang='grc' dir='ltr'>καο-</span> 
     </span>
    </p>
   </div>
   <div class='ocr_carea' id='block_1_15' title="bbox 68 643 861 681">
    <p class='ocr_par' dir='ltr' id='par_1_15' title="bbox 68 643 861 681">
     <span class='ocr_line' id='line_1_15' title="bbox 68 643 861 681; baseline 0.004 -11"><span class='ocrx_word' id='word_1_91' title='bbox 68 643 107 676; x_wconf 81' lang='grc' dir='ltr'>ὼς</span> <span class='ocrx_word' id='word_1_92' title='bbox 118 644 218 679; x_wconf 78' lang='grc' dir='ltr'><strong>βούλει.</strong></span> <span class='ocrx_word' id='word_1_93' title='bbox 232 644 261 671; x_wconf 87' lang='lat'><strong>&#39;0</strong></span> <span class='ocrx_word' id='word_1_94' title='bbox 277 645 411 681; x_wconf 75' lang='grc' dir='ltr'>Ἀντίοχος</span> <span class='ocrx_word' id='word_1_95' title='bbox 423 645 510 680; x_wconf 80' lang='grc' dir='ltr'><strong>λέγει·</strong></span> <span class='ocrx_word' id='word_1_96' title='bbox 538 647 650 673; x_wconf 81' lang='grc' dir='ltr'>’Ἤθελον</span> <span class='ocrx_word' id='word_1_97' title='bbox 660 647 762 681; x_wconf 85' lang='grc' dir='ltr'>γνῶναι</span> <span class='ocrx_word' id='word_1_98' title='bbox 776 648 861 678; x_wconf 84' lang='grc' dir='ltr'>ποίοις</span> 
     </span>
    </p>
   </div>
   <div class='ocr_carea' id='block_1_16' title="bbox 67 690 858 728">
    <p class='ocr_par' dir='ltr' id='par_1_16' title="bbox 67 690 858 728">
     <span class='ocr_line' id='line_1_16' title="bbox 67 690 858 728; baseline 0.004 -12"><span class='ocrx_word' id='word_1_99' title='bbox 67 691 181 726; x_wconf 68' lang='grc' dir='ltr'>τρῦποις</span> <span class='ocrx_word' id='word_1_100' title='bbox 199 690 239 716; x_wconf 81' lang='grc' dir='ltr'>δεῖ</span> <span class='ocrx_word' id='word_1_101' title='bbox 261 699 294 725; x_wconf 85' lang='grc' dir='ltr'><strong>με</strong></span> <span class='ocrx_word' id='word_1_102' title='bbox 322 691 463 718; x_wconf 77' lang='grc' dir='ltr'>δουλεῦσαι</span> <span class='ocrx_word' id='word_1_103' title='bbox 489 693 521 728; x_wconf 79' lang='grc' dir='ltr'><strong>τῇ</strong></span> <span class='ocrx_word' id='word_1_104' title='bbox 542 693 674 728; x_wconf 68' lang='grc' dir='ltr'>ἐπιθυμίᾳ.</span> <span class='ocrx_word' id='word_1_105' title='bbox 698 695 732 728; x_wconf 82' lang='grc' dir='ltr'>τῇ</span> <span class='ocrx_word' id='word_1_106' title='bbox 759 693 858 728; x_wconf 80' lang='grc' dir='ltr'>ἀγαθῇ.</span> 
     </span>
    </p>
   </div>
   <div class='ocr_carea' id='block_1_17' title="bbox 70 735 862 773">
    <p class='ocr_par' dir='ltr' id='par_1_17' title="bbox 70 735 862 773">
     <span class='ocr_line' id='line_1_17' title="bbox 70 735 862 773; baseline 0.005 -13"><span class='ocrx_word' id='word_1_107' title='bbox 70 735 129 770; x_wconf 82' lang='grc'>(66)</span> <span class='ocrx_word' id='word_1_108' title='bbox 151 736 179 761; x_wconf 90' lang='lat'><strong>&#39;0</strong></span> <span class='ocrx_word' id='word_1_109' title='bbox 204 735 352 768; x_wconf 78' lang='grc' dir='ltr'><strong>ἐπίσκοπος</strong></span> <span class='ocrx_word' id='word_1_110' title='bbox 374 737 590 771; x_wconf 79' lang='grc' dir='ltr'>λέγει·¹Ἂκουε·</span> <span class='ocrx_word' id='word_1_111' title='bbox 603 738 739 773; x_wconf 86' lang='grc' dir='ltr'>Ἔργασαι</span> <span class='ocrx_word' id='word_1_112' title='bbox 761 738 862 764; x_wconf 89' lang='grc' dir='ltr'>δικαιο-</span> 
     </span>
    </p>
   </div>
   <div class='ocr_carea' id='block_1_18' title="bbox 70 781 863 820">
    <p class='ocr_par' dir='ltr' id='par_1_18' title="bbox 70 781 863 820">
     <span class='ocr_line' id='line_1_18' title="bbox 70 781 863 820; baseline 0.004 -13"><span class='ocrx_word' id='word_1_113' title='bbox 70 782 154 817; x_wconf 74' lang='grc' dir='ltr'>σύνην</span> <span class='ocrx_word' id='word_1_114' title='bbox 170 781 217 808; x_wconf 64' lang='grc' dir='ltr'>καὶ</span> <span class='ocrx_word' id='word_1_115' title='bbox 231 782 332 818; x_wconf 80' lang='grc' dir='ltr'>ἀρετὴν</span> <span class='ocrx_word' id='word_1_116' title='bbox 349 782 476 818; x_wconf 81' lang='grc' dir='ltr'>ἀληθείας</span> <span class='ocrx_word' id='word_1_117' title='bbox 493 784 538 810; x_wconf 76' lang='grc' dir='ltr'><strong>καὶ</strong></span> <span class='ocrx_word' id='word_1_118' title='bbox 555 783 636 818; x_wconf 72' lang='grc' dir='ltr'>φόϐον</span> <span class='ocrx_word' id='word_1_119' title='bbox 651 785 752 820; x_wconf 68' lang='grc' dir='ltr'>Κυρίου</span> <span class='ocrx_word' id='word_1_120' title='bbox 765 785 812 811; x_wconf 68' lang='grc' dir='ltr'><strong>καὶ</strong></span> <span class='ocrx_word' id='word_1_121' title='bbox 822 784 863 810; x_wconf 82' lang='grc' dir='ltr'><strong>πί-</strong></span> 
     </span>
    </p>
   </div>
   <div class='ocr_carea' id='block_1_19' title="bbox 70 827 863 865">
    <p class='ocr_par' dir='ltr' id='par_1_19' title="bbox 70 827 863 865">
     <span class='ocr_line' id='line_1_19' title="bbox 70 827 863 865; baseline 0.004 -12"><span class='ocrx_word' id='word_1_122' title='bbox 70 835 130 853; x_wconf 82' lang='grc' dir='ltr'>στιν</span> <span class='ocrx_word' id='word_1_123' title='bbox 152 827 200 854; x_wconf 75' lang='grc' dir='ltr'>καὶ</span> <span class='ocrx_word' id='word_1_124' title='bbox 222 827 333 863; x_wconf 76' lang='grc' dir='ltr'>ἀγάπην</span> <span class='ocrx_word' id='word_1_125' title='bbox 359 828 406 854; x_wconf 76' lang='grc' dir='ltr'>καὶ</span> <span class='ocrx_word' id='word_1_126' title='bbox 431 829 680 864; x_wconf 72' lang='grc' dir='ltr'>ταπεινοφροσύνην</span> <span class='ocrx_word' id='word_1_127' title='bbox 709 830 756 856; x_wconf 79' lang='grc' dir='ltr'>καὶ</span> <span class='ocrx_word' id='word_1_128' title='bbox 779 830 863 865; x_wconf 85' lang='grc' dir='ltr'>ὰκτη-</span> 
     </span>
    </p>
   </div>
   <div class='ocr_carea' id='block_1_20' title="bbox 71 873 861 911">
    <p class='ocr_par' dir='ltr' id='par_1_20' title="bbox 71 873 861 911">
     <span class='ocr_line' id='line_1_20' title="bbox 71 873 861 911; baseline 0.003 -11"><span class='ocrx_word' id='word_1_129' title='bbox 71 873 192 909; x_wconf 78' lang='grc' dir='ltr'>μοσύνην</span> <span class='ocrx_word' id='word_1_130' title='bbox 208 894 215 900; x_wconf 90' lang='grc'><strong>.</strong></span> <span class='ocrx_word' id='word_1_131' title='bbox 235 892 242 901; x_wconf 93' lang='grc'><em>.</em></span> <span class='ocrx_word' id='word_1_132' title='bbox 260 894 266 901; x_wconf 94' lang='grc'>.</span> <span class='ocrx_word' id='word_1_133' title='bbox 286 895 292 901; x_wconf 93' lang='grc'><strong>.</strong></span> <span class='ocrx_word' id='word_1_134' title='bbox 310 894 316 900; x_wconf 94' lang='grc'><em>.</em></span> <span class='ocrx_word' id='word_1_135' title='bbox 335 873 394 909; x_wconf 91' lang='grc' dir='ltr'>ιθην</span> <span class='ocrx_word' id='word_1_136' title='bbox 425 875 535 910; x_wconf 74' lang='grc' dir='ltr'>ποιῆσαι</span> <span class='ocrx_word' id='word_1_137' title='bbox 570 875 619 910; x_wconf 84' lang='grc' dir='ltr'>τῆς</span> <span class='ocrx_word' id='word_1_138' title='bbox 649 875 783 911; x_wconf 81' lang='grc' dir='ltr'><strong>κοσμικῆς</strong></span> <span class='ocrx_word' id='word_1_139' title='bbox 804 895 811 901; x_wconf 90' lang='grc'><strong>.</strong></span> <span class='ocrx_word' id='word_1_140' title='bbox 828 895 835 902; x_wconf 93' lang='grc'><strong>.</strong></span> <span class='ocrx_word' id='word_1_141' title='bbox 853 895 861 902; x_wconf 86' lang='grc'><strong>.</strong></span> 
     </span>
    </p>
   </div>
   <div class='ocr_carea' id='block_1_21' title="bbox 70 919 861 956">
    <p class='ocr_par' dir='ltr' id='par_1_21' title="bbox 70 919 861 956">
     <span class='ocr_line' id='line_1_21' title="bbox 70 919 861 956; baseline 0.003 -10"><span class='ocrx_word' id='word_1_142' title='bbox 70 939 78 947; x_wconf 95' lang='grc'><strong><em>.</em></strong></span> <span class='ocrx_word' id='word_1_143' title='bbox 95 939 104 947; x_wconf 91' lang='grc'><strong>.</strong></span> <span class='ocrx_word' id='word_1_144' title='bbox 123 920 243 955; x_wconf 81' lang='grc' dir='ltr'>.ότητος,</span> <span class='ocrx_word' id='word_1_145' title='bbox 254 920 300 946; x_wconf 81' lang='grc' dir='ltr'>καὶ</span> <span class='ocrx_word' id='word_1_146' title='bbox 310 920 361 946; x_wconf 84' lang='grc' dir='ltr'>ὅσα</span> <span class='ocrx_word' id='word_1_147' title='bbox 370 919 474 952; x_wconf 77' lang='grc' dir='ltr'><strong>τούτοις</strong></span> <span class='ocrx_word' id='word_1_148' title='bbox 482 921 562 956; x_wconf 83' lang='grc' dir='ltr'>ὃμοια</span> <span class='ocrx_word' id='word_1_149' title='bbox 574 922 630 953; x_wconf 82' lang='grc' dir='ltr'>τοῖς</span> <span class='ocrx_word' id='word_1_150' title='bbox 643 921 861 956; x_wconf 77' lang='grc' dir='ltr'>προειρημένοις,</span> 
     </span>
    </p>
   </div>
   <div class='ocr_carea' id='block_1_22' title="bbox 67 965 863 1003">
    <p class='ocr_par' dir='ltr' id='par_1_22' title="bbox 67 965 863 1003">
     <span class='ocr_line' id='line_1_22' title="bbox 67 965 863 1003; baseline 0.001 -11"><span class='ocrx_word' id='word_1_151' title='bbox 67 965 156 992; x_wconf 87' lang='grc' dir='ltr'>ταῦτα</span> <span class='ocrx_word' id='word_1_152' title='bbox 178 966 372 1001; x_wconf 78' lang='grc' dir='ltr'>ἐργαςόμενος,</span> <span class='ocrx_word' id='word_1_153' title='bbox 399 966 545 1002; x_wconf 79' lang='grc' dir='ltr'><strong>εὐάρεστος</strong></span> <span class='ocrx_word' id='word_1_154' title='bbox 562 966 611 1003; x_wconf 73' lang='grc' dir='ltr'><strong>ἔσῃ</strong></span> <span class='ocrx_word' id='word_1_155' title='bbox 628 966 719 999; x_wconf 85' lang='grc' dir='ltr'>δοῦλος</span> <span class='ocrx_word' id='word_1_156' title='bbox 741 967 807 993; x_wconf 82' lang='grc' dir='ltr'>Θεοῦ</span> <span class='ocrx_word' id='word_1_157' title='bbox 823 967 863 998; x_wconf 81' lang='grc' dir='ltr'><strong>εἰς</strong></span> 
     </span>
    </p>
   </div>
   <div class='ocr_carea' id='block_1_23' title="bbox 67 1011 374 1047">
    <p class='ocr_par' dir='ltr' id='par_1_23' title="bbox 67 1011 374 1047">
     <span class='ocr_line' id='line_1_23' title="bbox 67 1011 374 1047; baseline 0.003 -9"><span class='ocrx_word' id='word_1_158' title='bbox 67 1012 134 1044; x_wconf 76' lang='grc' dir='ltr'>τοὺς</span> <span class='ocrx_word' id='word_1_159' title='bbox 147 1011 259 1043; x_wconf 77' lang='grc' dir='ltr'><strong>αἰῶνας.</strong></span> <span class='ocrx_word' id='word_1_160' title='bbox 280 1012 374 1047; x_wconf 78' lang='grc' dir='ltr'>Ἀμήν.</span> 
     </span>
    </p>
   </div>
   <div class='ocr_carea' id='block_1_24' title="bbox 107 1058 863 1094">
    <p class='ocr_par' dir='ltr' id='par_1_24' title="bbox 107 1058 863 1094">
     <span class='ocr_line' id='line_1_24' title="bbox 107 1058 863 1094; baseline 0.003 -10"><span class='ocrx_word' id='word_1_161' title='bbox 107 1058 192 1084; x_wconf 71' lang='grc' dir='ltr'>Πάλιν</span> <span class='ocrx_word' id='word_1_162' title='bbox 208 1059 282 1093; x_wconf 78' lang='grc' dir='ltr'>λέγει</span> <span class='ocrx_word' id='word_1_163' title='bbox 303 1059 377 1094; x_wconf 79' lang='grc' dir='ltr'><strong>αὺτῷ</strong></span> <span class='ocrx_word' id='word_1_164' title='bbox 399 1060 413 1086; x_wconf 86' lang='grc' dir='ltr'>ὁ</span> <span class='ocrx_word' id='word_1_165' title='bbox 430 1059 594 1092; x_wconf 75' lang='grc' dir='ltr'>ἐπίσκοπος·</span> <span class='ocrx_word' id='word_1_166' title='bbox 611 1059 641 1086; x_wconf 86' lang='grc' dir='ltr'><strong>Ὀ</strong></span> <span class='ocrx_word' id='word_1_167' title='bbox 652 1059 783 1093; x_wconf 72' lang='grc' dir='ltr'>διάϐολος,</span> <span class='ocrx_word' id='word_1_168' title='bbox 800 1061 863 1086; x_wconf 78' lang='grc' dir='ltr'>ὅταν</span> 
     </span>
    </p>
   </div>
   <div class='ocr_carea' id='block_1_25' title="bbox 69 1104 862 1141">
    <p class='ocr_par' dir='ltr' id='par_1_25' title="bbox 69 1104 862 1141">
     <span class='ocr_line' id='line_1_25' title="bbox 69 1104 862 1141; baseline 0.004 -11"><span class='ocrx_word' id='word_1_169' title='bbox 69 1104 114 1139; x_wconf 73' lang='grc' dir='ltr'><strong>ἴδῃ</strong></span> <span class='ocrx_word' id='word_1_170' title='bbox 137 1105 180 1130; x_wconf 80' lang='grc' dir='ltr'>ὅτι</span> <span class='ocrx_word' id='word_1_171' title='bbox 194 1104 228 1130; x_wconf 79' lang='grc' dir='ltr'>δι’</span> <span class='ocrx_word' id='word_1_172' title='bbox 243 1104 350 1137; x_wconf 75' lang='grc' dir='ltr'>ἑαυτοῦ,</span> <span class='ocrx_word' id='word_1_173' title='bbox 365 1105 488 1131; x_wconf 82' lang='grc' dir='ltr'>τουτέστι</span> <span class='ocrx_word' id='word_1_174' title='bbox 505 1105 550 1132; x_wconf 80' lang='grc' dir='ltr'><strong>διὰ</strong></span> <span class='ocrx_word' id='word_1_175' title='bbox 566 1105 611 1132; x_wconf 83' lang='grc' dir='ltr'><strong>τοῦ</strong></span> <span class='ocrx_word' id='word_1_176' title='bbox 632 1106 697 1132; x_wconf 72' lang='grc' dir='ltr'>ἰδίου</span> <span class='ocrx_word' id='word_1_177' title='bbox 720 1105 862 1141; x_wconf 81' lang='grc' dir='ltr'>λογισμοῦ,</span> 
     </span>
    </p>
   </div>
   <div class='ocr_carea' id='block_1_26' title="bbox 69 1149 864 1186">
    <p class='ocr_par' dir='ltr' id='par_1_26' title="bbox 69 1149 864 1186">
     <span class='ocr_line' id='line_1_26' title="bbox 69 1149 864 1186; baseline 0.003 -11"><span class='ocrx_word' id='word_1_178' title='bbox 69 1149 147 1176; x_wconf 77' lang='grc' dir='ltr'>οὐδὲν</span> <span class='ocrx_word' id='word_1_179' title='bbox 164 1149 275 1176; x_wconf 78' lang='grc' dir='ltr'>δύναταί</span> <span class='ocrx_word' id='word_1_180' title='bbox 293 1158 322 1176; x_wconf 84' lang='grc' dir='ltr'><strong>σε</strong></span> <span class='ocrx_word' id='word_1_181' title='bbox 347 1150 456 1185; x_wconf 70' lang='grc' dir='ltr'>βλάψαι,</span> <span class='ocrx_word' id='word_1_182' title='bbox 475 1150 535 1177; x_wconf 85' lang='grc' dir='ltr'>τότε</span> <span class='ocrx_word' id='word_1_183' title='bbox 553 1151 630 1186; x_wconf 82' lang='grc' dir='ltr'>φέρει</span> <span class='ocrx_word' id='word_1_184' title='bbox 655 1151 723 1186; x_wconf 80' lang='grc' dir='ltr'>πρὸς</span> <span class='ocrx_word' id='word_1_185' title='bbox 739 1151 768 1177; x_wconf 71' lang='grc' dir='ltr'>σὲ</span> <span class='ocrx_word' id='word_1_186' title='bbox 785 1151 864 1178; x_wconf 82' lang='grc' dir='ltr'>ἀσθε-</span> 
     </span>
    </p>
   </div>
   <div class='ocr_carea' id='block_1_27' title="bbox 69 1197 864 1233">
    <p class='ocr_par' dir='ltr' id='par_1_27' title="bbox 69 1197 864 1233">
     <span class='ocr_line' id='line_1_27' title="bbox 69 1197 864 1233; baseline 0.003 -11"><span class='ocrx_word' id='word_1_187' title='bbox 69 1197 215 1232; x_wconf 79' lang='grc' dir='ltr'>νεστέρους</span> <span class='ocrx_word' id='word_1_188' title='bbox 227 1198 368 1232; x_wconf 80' lang='grc' dir='ltr'>μοναχοὺς,</span> <span class='ocrx_word' id='word_1_189' title='bbox 384 1197 431 1223; x_wconf 68' lang='grc' dir='ltr'>καὶ</span> <span class='ocrx_word' id='word_1_190' title='bbox 445 1197 478 1224; x_wconf 86' lang='grc' dir='ltr'>δι’</span> <span class='ocrx_word' id='word_1_191' title='bbox 487 1197 574 1224; x_wconf 70' lang='grc' dir='ltr'>αὐτῶν</span> <span class='ocrx_word' id='word_1_192' title='bbox 589 1197 722 1233; x_wconf 56' lang='grc' dir='ltr'>πρόφασίν</span> <span class='ocrx_word' id='word_1_193' title='bbox 737 1206 797 1225; x_wconf 80' lang='grc' dir='ltr'>τινα</span> <span class='ocrx_word' id='word_1_194' title='bbox 808 1198 864 1224; x_wconf 80' lang='grc' dir='ltr'>δια-</span> 
     </span>
    </p>
   </div>
   <div class='ocr_carea' id='block_1_28' title="bbox 69 1242 864 1280">
    <p class='ocr_par' dir='ltr' id='par_1_28' title="bbox 69 1242 864 1280">
     <span class='ocr_line' id='line_1_28' title="bbox 69 1242 864 1280; baseline 0.003 -12"><span class='ocrx_word' id='word_1_195' title='bbox 69 1243 158 1277; x_wconf 69' lang='grc' dir='ltr'>λόγων</span> <span class='ocrx_word' id='word_1_196' title='bbox 174 1243 190 1278; x_wconf 84' lang='grc' dir='ltr'>ἢ</span> <span class='ocrx_word' id='word_1_197' title='bbox 207 1242 305 1278; x_wconf 77' lang='grc' dir='ltr'>ἔργων,</span> <span class='ocrx_word' id='word_1_198' title='bbox 320 1243 336 1278; x_wconf 82' lang='grc' dir='ltr'>ἢ</span> <span class='ocrx_word' id='word_1_199' title='bbox 353 1244 541 1275; x_wconf 74' lang='grc' dir='ltr'>ἀναπαύσεως,</span> <span class='ocrx_word' id='word_1_200' title='bbox 558 1243 574 1278; x_wconf 81' lang='grc' dir='ltr'>ἢ</span> <span class='ocrx_word' id='word_1_201' title='bbox 589 1243 669 1279; x_wconf 79' lang='grc' dir='ltr'>ζήλου</span> <span class='ocrx_word' id='word_1_202' title='bbox 683 1244 812 1280; x_wconf 86' lang='grc' dir='ltr'>σαρκικοῦ</span> <span class='ocrx_word' id='word_1_203' title='bbox 825 1245 864 1270; x_wconf 80' lang='grc' dir='ltr'>δί-</span> 
     </span>
    </p>
   </div>
   <div class='ocr_carea' id='block_1_29' title="bbox 70 1288 864 1324">
    <p class='ocr_par' dir='ltr' id='par_1_29' title="bbox 70 1288 864 1324">
     <span class='ocr_line' id='line_1_29' title="bbox 70 1288 864 1324; baseline 0.001 -9"><span class='ocrx_word' id='word_1_204' title='bbox 70 1288 139 1315; x_wconf 72' lang='grc' dir='ltr'>δωσί</span> <span class='ocrx_word' id='word_1_205' title='bbox 157 1297 208 1321; x_wconf 83' lang='grc' dir='ltr'>σοι,</span> <span class='ocrx_word' id='word_1_206' title='bbox 223 1291 262 1322; x_wconf 77' lang='grc' dir='ltr'><strong>εἰς</strong></span> <span class='ocrx_word' id='word_1_207' title='bbox 282 1290 312 1316; x_wconf 80' lang='grc' dir='ltr'>τὸ</span> <span class='ocrx_word' id='word_1_208' title='bbox 323 1289 496 1316; x_wconf 82' lang='grc' dir='ltr'>σκανδαλίσαι</span> <span class='ocrx_word' id='word_1_209' title='bbox 510 1290 557 1316; x_wconf 74' lang='grc' dir='ltr'>καὶ</span> <span class='ocrx_word' id='word_1_210' title='bbox 568 1290 694 1324; x_wconf 71' lang='grc' dir='ltr'>ταράξαι.</span> <span class='ocrx_word' id='word_1_211' title='bbox 704 1290 740 1316; x_wconf 75' lang='grc' dir='ltr'><strong>Σὺ</strong></span> <span class='ocrx_word' id='word_1_212' title='bbox 753 1290 782 1316; x_wconf 81' lang='grc' dir='ltr'>δὲ</span> <span class='ocrx_word' id='word_1_213' title='bbox 796 1290 864 1317; x_wconf 82' lang='grc' dir='ltr'>νοῶν</span> 
     </span>
    </p>
   </div>
   <div class='ocr_carea' id='block_1_30' title="bbox 70 1333 864 1371">
    <p class='ocr_par' dir='ltr' id='par_1_30' title="bbox 70 1333 864 1371">
     <span class='ocr_line' id='line_1_30' title="bbox 70 1333 864 1371; baseline 0 -10"><span class='ocrx_word' id='word_1_214' title='bbox 70 1335 119 1361; x_wconf 76' lang='grc' dir='ltr'><strong>τοῦ</strong></span> <span class='ocrx_word' id='word_1_215' title='bbox 131 1334 230 1370; x_wconf 70' lang='grc' dir='ltr'>ἐχθροῦ</span> <span class='ocrx_word' id='word_1_216' title='bbox 244 1333 314 1362; x_wconf 78' lang='grc' dir='ltr'>εἶναι</span> <span class='ocrx_word' id='word_1_217' title='bbox 337 1335 509 1370; x_wconf 76' lang='grc' dir='ltr'>κατασκευὴν</span> <span class='ocrx_word' id='word_1_218' title='bbox 530 1335 618 1367; x_wconf 81' lang='grc' dir='ltr'>τοῦτο,</span> <span class='ocrx_word' id='word_1_219' title='bbox 629 1336 665 1371; x_wconf 86' lang='grc' dir='ltr'>μὴ</span> <span class='ocrx_word' id='word_1_220' title='bbox 677 1335 744 1371; x_wconf 78' lang='grc' dir='ltr'><strong>ἄρξῃ</strong></span> <span class='ocrx_word' id='word_1_221' title='bbox 761 1336 810 1370; x_wconf 82' lang='grc' dir='ltr'>τὴν</span> <span class='ocrx_word' id='word_1_222' title='bbox 825 1336 864 1368; x_wconf 80' lang='grc' dir='ltr'>εἰς</span> 
     </span>
    </p>
   </div>
   <div class='ocr_carea' id='block_1_31' title="bbox 71 1380 865 1416">
    <p class='ocr_par' dir='ltr' id='par_1_31' title="bbox 71 1380 865 1416">
     <span class='ocr_line' id='line_1_31' title="bbox 71 1380 865 1416; baseline 0.003 -10"><span class='ocrx_word' id='word_1_223' title='bbox 71 1380 193 1407; x_wconf 67' lang='grc' dir='ltr'>διάνοιάν</span> <span class='ocrx_word' id='word_1_224' title='bbox 207 1389 252 1407; x_wconf 76' lang='grc' dir='ltr'><strong>σου</strong></span> <span class='ocrx_word' id='word_1_225' title='bbox 274 1380 378 1415; x_wconf 77' lang='grc' dir='ltr'>λέγειν’</span> <span class='ocrx_word' id='word_1_226' title='bbox 398 1381 469 1416; x_wconf 84' lang='grc' dir='ltr'><strong>Ἐγὼ</strong></span> <span class='ocrx_word' id='word_1_227' title='bbox 489 1382 543 1408; x_wconf 81' lang='grc' dir='ltr'><strong>ἀπὸ</strong></span> <span class='ocrx_word' id='word_1_228' title='bbox 561 1380 608 1408; x_wconf 87' lang='grc' dir='ltr'><strong>τοῦ</strong></span> <span class='ocrx_word' id='word_1_229' title='bbox 627 1381 747 1408; x_wconf 80' lang='grc' dir='ltr'>τοιούτου</span> <span class='ocrx_word' id='word_1_230' title='bbox 770 1381 865 1416; x_wconf 77' lang='grc' dir='ltr'>γένους</span> 
     </span>
    </p>
   </div>
   <div class='ocr_carea' id='block_1_32' title="bbox 72 1424 864 1464">
    <p class='ocr_par' dir='ltr' id='par_1_32' title="bbox 72 1424 864 1464">
     <span class='ocr_line' id='line_1_32' title="bbox 72 1424 864 1464; baseline 0.001 -11"><span class='ocrx_word' id='word_1_231' title='bbox 72 1428 131 1462; x_wconf 73' lang='grc' dir='ltr'>εἰμὶ</span> <span class='ocrx_word' id='word_1_232' title='bbox 147 1427 277 1463; x_wconf 78' lang='grc' dir='ltr'>μεγάλου,</span> <span class='ocrx_word' id='word_1_233' title='bbox 295 1428 342 1454; x_wconf 74' lang='grc' dir='ltr'>καὶ</span> <span class='ocrx_word' id='word_1_234' title='bbox 363 1424 440 1460; x_wconf 76' lang='grc' dir='ltr'>οὗτος</span> <span class='ocrx_word' id='word_1_235' title='bbox 462 1427 568 1464; x_wconf 80' lang='grc' dir='ltr'><strong>ἰδιώτης</strong></span> <span class='ocrx_word' id='word_1_236' title='bbox 582 1428 630 1454; x_wconf 80' lang='grc' dir='ltr'>καὶ</span> <span class='ocrx_word' id='word_1_237' title='bbox 649 1427 768 1463; x_wconf 74' lang='grc' dir='ltr'>εὐτελὴς,</span> <span class='ocrx_word' id='word_1_238' title='bbox 786 1428 864 1462; x_wconf 80' lang='grc' dir='ltr'><strong>κάγὼ</strong></span> 
     </span>
    </p>
   </div>
   <div class='ocr_carea' id='block_1_33' title="bbox 74 1473 865 1510">
    <p class='ocr_par' dir='ltr' id='par_1_33' title="bbox 74 1473 865 1510">
     <span class='ocr_line' id='line_1_33' title="bbox 74 1473 865 1510; baseline 0.001 -10"><span class='ocrx_word' id='word_1_239' title='bbox 74 1474 114 1505; x_wconf 66' lang='grc' dir='ltr'><strong>εἰς</strong></span> <span class='ocrx_word' id='word_1_240' title='bbox 125 1474 188 1504; x_wconf 80' lang='grc' dir='ltr'>τοὺς</span> <span class='ocrx_word' id='word_1_241' title='bbox 199 1473 281 1504; x_wconf 71' lang='grc' dir='ltr'>πόδας</span> <span class='ocrx_word' id='word_1_242' title='bbox 296 1473 376 1510; x_wconf 62' lang='grc' dir='ltr'>αότοῦ</span> <span class='ocrx_word' id='word_1_243' title='bbox 391 1473 445 1509; x_wconf 71' lang='grc' dir='ltr'>ἔχω</span> <span class='ocrx_word' id='word_1_244' title='bbox 460 1475 569 1506; x_wconf 63' lang='lat' dir='ltr'><strong>madv;</strong></span> <span class='ocrx_word' id='word_1_245' title='bbox 585 1474 684 1508; x_wconf 83' lang='grc' dir='ltr'>μᾶλλον</span> <span class='ocrx_word' id='word_1_246' title='bbox 698 1474 726 1501; x_wconf 77' lang='grc' dir='ltr'>δὲ</span> <span class='ocrx_word' id='word_1_247' title='bbox 733 1474 777 1501; x_wconf 79' lang='grc' dir='ltr'><strong>διὰ</strong></span> <span class='ocrx_word' id='word_1_248' title='bbox 786 1474 865 1501; x_wconf 84' lang='grc' dir='ltr'>τοῦτο</span> 
     </span>
    </p>
   </div>
   <div class='ocr_carea' id='block_1_34' title="bbox 74 1519 864 1557">
    <p class='ocr_par' dir='ltr' id='par_1_34' title="bbox 74 1519 864 1557">
     <span class='ocr_line' id='line_1_34' title="bbox 74 1519 864 1557; baseline 0.003 -11"><span class='ocrx_word' id='word_1_249' title='bbox 74 1520 214 1557; x_wconf 71' lang='grc' dir='ltr'>πρόσπεσε</span> <span class='ocrx_word' id='word_1_250' title='bbox 227 1519 311 1555; x_wconf 61' lang='grc' dir='ltr'>αὐτῷ,</span> <span class='ocrx_word' id='word_1_251' title='bbox 331 1521 505 1556; x_wconf 83' lang='grc' dir='ltr'>μεμνημένος</span> <span class='ocrx_word' id='word_1_252' title='bbox 517 1520 565 1556; x_wconf 85' lang='grc' dir='ltr'>τῆς</span> <span class='ocrx_word' id='word_1_253' title='bbox 579 1520 626 1546; x_wconf 84' lang='grc' dir='ltr'><strong>τοῦ</strong></span> <span class='ocrx_word' id='word_1_254' title='bbox 645 1521 769 1556; x_wconf 83' lang='grc' dir='ltr'>Σωτῆρος</span> <span class='ocrx_word' id='word_1_255' title='bbox 786 1521 864 1556; x_wconf 85' lang='grc' dir='ltr'>ἡμῶν</span> 
     </span>
    </p>
   </div>
   <div class='ocr_carea' id='block_1_35' title="bbox 81 1565 863 1602">
    <p class='ocr_par' dir='ltr' id='par_1_35' title="bbox 81 1565 863 1602">
     <span class='ocr_line' id='line_1_35' title="bbox 81 1565 863 1602; baseline 0.003 -10"><span class='ocrx_word' id='word_1_256' title='bbox 81 1565 170 1601; x_wconf 78' lang='grc' dir='ltr'>Ἰησοῦ</span> <span class='ocrx_word' id='word_1_257' title='bbox 195 1565 312 1602; x_wconf 84' lang='grc' dir='ltr'>Χριστοῦ</span> <span class='ocrx_word' id='word_1_258' title='bbox 339 1566 459 1602; x_wconf 74' lang='grc' dir='ltr'>ἐντολῆς,</span> <span class='ocrx_word' id='word_1_259' title='bbox 484 1566 544 1602; x_wconf 70' lang='grc' dir='ltr'>ἥτις</span> <span class='ocrx_word' id='word_1_260' title='bbox 571 1575 612 1593; x_wconf 89' lang='grc' dir='ltr'><strong>σοι</strong></span> <span class='ocrx_word' id='word_1_261' title='bbox 631 1567 863 1602; x_wconf 78' lang='grc' dir='ltr'>παρακελεύεται’</span> 
     </span>
    </p>
   </div>
   <div class='ocr_carea' id='block_1_36' title="bbox 77 1612 865 1649">
    <p class='ocr_par' dir='ltr' id='par_1_36' title="bbox 77 1612 865 1649">
     <span class='ocr_line' id='line_1_36' title="bbox 77 1612 865 1649; baseline 0.003 -11"><span class='ocrx_word' id='word_1_262' title='bbox 77 1623 87 1639; x_wconf 73' lang='grc' dir='ltr'><strong>ι</strong></span> <span class='ocrx_word' id='word_1_263' title='bbox 99 1612 162 1639; x_wconf 78' lang='grc' dir='ltr'><strong>Ἐὰν</strong></span> <span class='ocrx_word' id='word_1_264' title='bbox 177 1613 218 1644; x_wconf 78' lang='grc' dir='ltr'>τες</span> <span class='ocrx_word' id='word_1_265' title='bbox 233 1621 262 1638; x_wconf 89' lang='grc' dir='ltr'><strong>σε</strong></span> <span class='ocrx_word' id='word_1_266' title='bbox 277 1612 378 1648; x_wconf 79' lang='grc' dir='ltr'>ραπῐσῃ</span> <span class='ocrx_word' id='word_1_267' title='bbox 393 1613 431 1644; x_wconf 75' lang='grc' dir='ltr'>εἰς</span> <span class='ocrx_word' id='word_1_268' title='bbox 443 1613 492 1648; x_wconf 83' lang='grc' dir='ltr'>τὴν</span> <span class='ocrx_word' id='word_1_269' title='bbox 505 1612 595 1646; x_wconf 78' lang='grc' dir='ltr'>δεξιὰν</span> <span class='ocrx_word' id='word_1_270' title='bbox 612 1613 732 1647; x_wconf 80' lang='grc' dir='ltr'>σιαγόνα,</span> <span class='ocrx_word' id='word_1_271' title='bbox 751 1613 865 1649; x_wconf 76' lang='grc' dir='ltr'>στρέψον</span> 
     </span>
    </p>
   </div>
   <div class='ocr_carea' id='block_1_37' title="bbox 74 1658 866 1694">
    <p class='ocr_par' dir='ltr' id='par_1_37' title="bbox 74 1658 866 1694">
     <span class='ocr_line' id='line_1_37' title="bbox 74 1658 866 1694; baseline 0.001 -10"><span class='ocrx_word' id='word_1_272' title='bbox 74 1658 150 1693; x_wconf 73' lang='grc' dir='ltr'>αὐτῷ</span> <span class='ocrx_word' id='word_1_273' title='bbox 162 1659 208 1685; x_wconf 81' lang='grc' dir='ltr'>καὶ</span> <span class='ocrx_word' id='word_1_274' title='bbox 217 1658 265 1693; x_wconf 80' lang='grc' dir='ltr'>τὴν</span> <span class='ocrx_word' id='word_1_275' title='bbox 272 1658 364 1694; x_wconf 83' lang='grc' dir='ltr'>ἄλλην,</span> <span class='ocrx_word' id='word_1_276' title='bbox 375 1668 384 1684; x_wconf 75' lang='grc' dir='ltr'>ι</span> <span class='ocrx_word' id='word_1_277' title='bbox 399 1659 445 1685; x_wconf 73' lang='grc' dir='ltr'>καὶ</span> <span class='ocrx_word' id='word_1_278' title='bbox 459 1658 496 1694; x_wconf 84' lang='grc' dir='ltr'>μὴ</span> <span class='ocrx_word' id='word_1_279' title='bbox 508 1659 638 1694; x_wconf 81' lang='grc' dir='ltr'>πρότερον</span> <span class='ocrx_word' id='word_1_280' title='bbox 650 1658 731 1685; x_wconf 72' lang='grc' dir='ltr'>αὑτοῦ</span> <span class='ocrx_word' id='word_1_281' title='bbox 745 1659 866 1694; x_wconf 81' lang='grc' dir='ltr'>ἀποστῇς</span> 
     </span>
    </p>
   </div>
   <div class='ocr_carea' id='block_1_38' title="bbox 74 1699 866 1740">
    <p class='ocr_par' dir='ltr' id='par_1_38' title="bbox 74 1699 866 1740">
     <span class='ocr_line' id='line_1_38' title="bbox 74 1699 866 1740; baseline 0.004 -12"><span class='ocrx_word' id='word_1_282' title='bbox 74 1702 130 1728; x_wconf 84' lang='grc' dir='ltr'><strong>τῶν</strong></span> <span class='ocrx_word' id='word_1_283' title='bbox 150 1702 247 1734; x_wconf 82' lang='grc' dir='ltr'>ποδῶν,</span> <span class='ocrx_word' id='word_1_284' title='bbox 262 1702 313 1735; x_wconf 78' lang='grc' dir='ltr'><strong>ἓως</strong></span> <span class='ocrx_word' id='word_1_285' title='bbox 331 1699 362 1728; x_wconf 73' lang='grc' dir='ltr'><strong>οὗ</strong></span> <span class='ocrx_word' id='word_1_286' title='bbox 378 1702 550 1738; x_wconf 75' lang='grc' dir='ltr'>συγχώρησιν</span> <span class='ocrx_word' id='word_1_287' title='bbox 569 1703 626 1738; x_wconf 87' lang='grc' dir='ltr'>μετ’</span> <span class='ocrx_word' id='word_1_288' title='bbox 638 1703 720 1738; x_wconf 77' lang='grc' dir='ltr'>εὐχῆς</span> <span class='ocrx_word' id='word_1_289' title='bbox 740 1704 805 1740; x_wconf 76' lang='grc' dir='ltr'>παρ’</span> <span class='ocrx_word' id='word_1_290' title='bbox 819 1705 866 1731; x_wconf 79' lang='grc' dir='ltr'><strong>αὑ-</strong></span> 
     </span>
    </p>
   </div>
   <div class='ocr_carea' id='block_1_39' title="bbox 74 1747 867 1786">
    <p class='ocr_par' dir='ltr' id='par_1_39' title="bbox 74 1747 867 1786">
     <span class='ocr_line' id='line_1_39' title="bbox 74 1747 867 1786; baseline 0.003 -12"><span class='ocrx_word' id='word_1_291' title='bbox 74 1747 123 1774; x_wconf 79' lang='grc' dir='ltr'><strong>τοῦ</strong></span> <span class='ocrx_word' id='word_1_292' title='bbox 139 1748 212 1784; x_wconf 78' lang='grc' dir='ltr'>δέξῃ,</span> <span class='ocrx_word' id='word_1_293' title='bbox 229 1748 303 1779; x_wconf 73' lang='grc' dir='ltr'>ὅπως</span> <span class='ocrx_word' id='word_1_294' title='bbox 322 1748 422 1780; x_wconf 80' lang='grc' dir='ltr'>τέλειός</span> <span class='ocrx_word' id='word_1_295' title='bbox 439 1757 480 1775; x_wconf 88' lang='grc' dir='ltr'><strong>σοι</strong></span> <span class='ocrx_word' id='word_1_296' title='bbox 496 1748 614 1784; x_wconf 81' lang='grc' dir='ltr'>ἀποδοθῇ</span> <span class='ocrx_word' id='word_1_297' title='bbox 629 1749 679 1784; x_wconf 84' lang='grc' dir='ltr'>τῆς</span> <span class='ocrx_word' id='word_1_298' title='bbox 689 1758 867 1786; x_wconf 85' lang='grc' dir='ltr'>ταπεινοφρο-</span> 
     </span>
    </p>
   </div>
   <div class='ocr_carea' id='block_1_40' title="bbox 76 1793 694 1830">
    <p class='ocr_par' dir='ltr' id='par_1_40' title="bbox 76 1793 694 1830">
     <span class='ocr_line' id='line_1_40' title="bbox 76 1793 694 1830; baseline 0.002 -10"><span class='ocrx_word' id='word_1_299' title='bbox 76 1793 161 1829; x_wconf 74' lang='grc' dir='ltr'>σύνης</span> <span class='ocrx_word' id='word_1_300' title='bbox 173 1794 187 1820; x_wconf 83' lang='grc' dir='ltr'>ὁ</span> <span class='ocrx_word' id='word_1_301' title='bbox 201 1794 329 1828; x_wconf 66' lang='grc' dir='ltr'>στέφανος</span> <span class='ocrx_word' id='word_1_302' title='bbox 343 1795 382 1826; x_wconf 80' lang='grc' dir='ltr'>εἰς</span> <span class='ocrx_word' id='word_1_303' title='bbox 395 1795 458 1826; x_wconf 74' lang='grc' dir='ltr'>τοὺς</span> <span class='ocrx_word' id='word_1_304' title='bbox 473 1794 584 1826; x_wconf 79' lang='grc' dir='ltr'>αἰῶνας.</span> <span class='ocrx_word' id='word_1_305' title='bbox 599 1795 694 1830; x_wconf 86' lang='grc' dir='ltr'>Ἀμήν.</span> 
     </span>
    </p>
   </div>
   <div class='ocr_carea' id='block_1_41' title="bbox 911 237 1695 272">
    <p class='ocr_par' dir='ltr' id='par_1_41' title="bbox 911 237 1695 272">
     <span class='ocr_line' id='line_1_41' title="bbox 911 237 1695 272; baseline 0.005 -10"><span class='ocrx_word' id='word_1_306' title='bbox 911 243 966 262; x_wconf 89' lang='lat' dir='ltr'><strong>non</strong></span> <span class='ocrx_word' id='word_1_307' title='bbox 997 237 1146 263; x_wconf 88' lang='lat' dir='ltr'><strong>multorum</strong></span> <span class='ocrx_word' id='word_1_308' title='bbox 1171 244 1358 272; x_wconf 74' lang='lat' dir='ltr'><strong>variorumque</strong></span> <span class='ocrx_word' id='word_1_309' title='bbox 1384 238 1525 269; x_wconf 85' lang='lat' dir='ltr'><strong>ciborum,</strong></span> <span class='ocrx_word' id='word_1_310' title='bbox 1553 237 1695 267; x_wconf 80' lang='lat' dir='ltr'><strong>ebrietatis</strong></span> 
     </span>
    </p>
   </div>
   <div class='ocr_carea' id='block_1_42' title="bbox 910 282 1695 318">
    <p class='ocr_par' dir='ltr' id='par_1_42' title="bbox 910 282 1695 318">
     <span class='ocr_line' id='line_1_42' title="bbox 910 282 1695 318; baseline 0.004 -10"><span class='ocrx_word' id='word_1_311' title='bbox 910 282 1012 314; x_wconf 73' lang='lat' dir='ltr'><strong>nimiae,</strong></span> <span class='ocrx_word' id='word_1_312' title='bbox 1028 284 1168 310; x_wconf 90' lang='lat' dir='ltr'><strong>variorum</strong></span> <span class='ocrx_word' id='word_1_313' title='bbox 1185 283 1255 318; x_wconf 71' lang='lat' dir='ltr'><strong>gula:</strong></span> <span class='ocrx_word' id='word_1_314' title='bbox 1279 283 1521 316; x_wconf 87' lang='lat' dir='ltr'><strong>irritamentorum,</strong></span> <span class='ocrx_word' id='word_1_315' title='bbox 1536 288 1563 311; x_wconf 85' lang='lat' dir='ltr'><strong>et</strong></span> <span class='ocrx_word' id='word_1_316' title='bbox 1580 285 1695 311; x_wconf 89' lang='lat' dir='ltr'><strong>aliarum</strong></span> 
     </span>
    </p>
   </div>
   <div class='ocr_carea' id='block_1_43' title="bbox 909 327 1696 364">
    <p class='ocr_par' dir='ltr' id='par_1_43' title="bbox 909 327 1696 364">
     <span class='ocr_line' id='line_1_43' title="bbox 909 327 1696 364; baseline 0.004 -10"><span class='ocrx_word' id='word_1_317' title='bbox 909 327 1087 362; x_wconf 83' lang='lat' dir='ltr'><strong>plurimarum</strong></span> <span class='ocrx_word' id='word_1_318' title='bbox 1110 328 1310 363; x_wconf 85' lang='lat' dir='ltr'><strong>stultarumque</strong></span> <span class='ocrx_word' id='word_1_319' title='bbox 1333 329 1502 364; x_wconf 85' lang='lat' dir='ltr'><strong>voluptatum</strong></span> <span class='ocrx_word' id='word_1_320' title='bbox 1536 339 1543 357; x_wconf 88' lang='lat'>:</span> <span class='ocrx_word' id='word_1_321' title='bbox 1569 330 1696 358; x_wconf 73' lang='lat' dir='ltr'><strong>humana:</strong></span> 
     </span>
    </p>
   </div>
   <div class='ocr_carea' id='block_1_44' title="bbox 911 373 1695 411">
    <p class='ocr_par' dir='ltr' id='par_1_44' title="bbox 911 373 1695 411">
     <span class='ocr_line' id='line_1_44' title="bbox 911 373 1695 411; baseline 0.006 -12"><span class='ocrx_word' id='word_1_322' title='bbox 911 373 975 400; x_wconf 90' lang='lat' dir='ltr'><strong>item</strong></span> <span class='ocrx_word' id='word_1_323' title='bbox 1000 381 1132 409; x_wconf 68' lang='lat' dir='ltr'><strong>variaeque</strong></span> <span class='ocrx_word' id='word_1_324' title='bbox 1158 374 1261 409; x_wconf 57' lang='lat' dir='ltr'><strong>gloriae.</strong></span> <span class='ocrx_word' id='word_1_325' title='bbox 1298 373 1428 411; x_wconf 85' lang='lat' dir='ltr'><strong>Voluptas</strong></span> <span class='ocrx_word' id='word_1_326' title='bbox 1458 376 1585 410; x_wconf 72' lang='lat' dir='ltr'><strong>quaelibet</strong></span> <span class='ocrx_word' id='word_1_327' title='bbox 1612 377 1695 404; x_wconf 83' lang='lat' dir='ltr'><strong>stulta</strong></span> 
     </span>
    </p>
   </div>
   <div class='ocr_carea' id='block_1_45' title="bbox 910 419 1696 457">
    <p class='ocr_par' dir='ltr' id='par_1_45' title="bbox 910 419 1696 457">
     <span class='ocr_line' id='line_1_45' title="bbox 910 419 1696 457; baseline 0.006 -12"><span class='ocrx_word' id='word_1_328' title='bbox 910 423 952 445; x_wconf 88' lang='lat' dir='ltr'><strong>est</strong></span> <span class='ocrx_word' id='word_1_329' title='bbox 965 419 1109 454; x_wconf 79' lang='lat' dir='ltr'><strong>inanisque</strong></span> <span class='ocrx_word' id='word_1_330' title='bbox 1123 421 1209 448; x_wconf 77' lang='lat' dir='ltr'><strong>servis</strong></span> <span class='ocrx_word' id='word_1_331' title='bbox 1229 420 1287 447; x_wconf 85' lang='lat' dir='ltr'><strong>Dei.</strong></span> <span class='ocrx_word' id='word_1_332' title='bbox 1305 420 1448 449; x_wconf 76' lang='lat' dir='ltr'><strong>Abstinere</strong></span> <span class='ocrx_word' id='word_1_333' title='bbox 1463 422 1554 457; x_wconf 84' lang='lat' dir='ltr'><strong>itaque</strong></span> <span class='ocrx_word' id='word_1_334' title='bbox 1567 424 1696 450; x_wconf 81' lang='lat' dir='ltr'><strong>convenit</strong></span> 
     </span>
    </p>
   </div>
   <div class='ocr_carea' id='block_1_46' title="bbox 911 465 1695 501">
    <p class='ocr_par' dir='ltr' id='par_1_46' title="bbox 911 465 1695 501">
     <span class='ocr_line' id='line_1_46' title="bbox 911 465 1695 501; baseline 0.008 -11"><span class='ocrx_word' id='word_1_335' title='bbox 911 471 926 490; x_wconf 95' lang='lat' dir='ltr'><strong>a</strong></span> <span class='ocrx_word' id='word_1_336' title='bbox 943 465 1128 500; x_wconf 80' lang='lat' dir='ltr'><strong>voluptatibus</strong></span> <span class='ocrx_word' id='word_1_337' title='bbox 1145 465 1345 500; x_wconf 81' lang='lat' dir='ltr'><strong>hujuscemodi,</strong></span> <span class='ocrx_word' id='word_1_338' title='bbox 1356 471 1385 493; x_wconf 93' lang='lat' dir='ltr'><strong>ut</strong></span> <span class='ocrx_word' id='word_1_339' title='bbox 1400 467 1433 494; x_wconf 85' lang='lat' dir='ltr'><strong>iis</strong></span> <span class='ocrx_word' id='word_1_340' title='bbox 1447 468 1624 501; x_wconf 83' lang='lat' dir='ltr'><strong>abstinentes,</strong></span> <span class='ocrx_word' id='word_1_341' title='bbox 1639 468 1695 496; x_wconf 80' lang='lat' dir='ltr'><strong>Deo</strong></span> 
     </span>
    </p>
   </div>
   <div class='ocr_carea' id='block_1_47' title="bbox 911 510 1697 549">
    <p class='ocr_par' dir='ltr' id='par_1_47' title="bbox 911 510 1697 549">
     <span class='ocr_line' id='line_1_47' title="bbox 911 510 1697 549; baseline 0.005 -12"><span class='ocrx_word' id='word_1_342' title='bbox 911 511 1018 538; x_wconf 85' lang='lat' dir='ltr'><strong>vivatis.</strong></span> <span class='ocrx_word' id='word_1_343' title='bbox 1041 510 1118 544; x_wconf 89' lang='lat' dir='ltr'><strong>Quod</strong></span> <span class='ocrx_word' id='word_1_344' title='bbox 1133 511 1156 538; x_wconf 91' lang='lat' dir='ltr'><strong>si</strong></span> <span class='ocrx_word' id='word_1_345' title='bbox 1172 511 1250 539; x_wconf 62' lang='lat' dir='ltr'><strong>bona;</strong></span> <span class='ocrx_word' id='word_1_346' title='bbox 1264 512 1407 547; x_wconf 83' lang='lat' dir='ltr'><strong>cupiditati</strong></span> <span class='ocrx_word' id='word_1_347' title='bbox 1424 514 1599 545; x_wconf 85' lang='lat' dir='ltr'><strong>inservieris,</strong></span> <span class='ocrx_word' id='word_1_348' title='bbox 1616 515 1697 549; x_wconf 85' lang='lat' dir='ltr'><strong>eique</strong></span> 
     </span>
    </p>
   </div>
   <div class='ocr_carea' id='block_1_48' title="bbox 911 557 1696 594">
    <p class='ocr_par' dir='ltr' id='par_1_48' title="bbox 911 557 1696 594">
     <span class='ocr_line' id='line_1_48' title="bbox 911 557 1696 594; baseline 0.003 -10"><span class='ocrx_word' id='word_1_349' title='bbox 911 558 1057 585; x_wconf 79' lang='lat' dir='ltr'><strong>obsecutus</strong></span> <span class='ocrx_word' id='word_1_350' title='bbox 1083 557 1187 590; x_wconf 85' lang='lat' dir='ltr'><strong>fueris,</strong></span> <span class='ocrx_word' id='word_1_351' title='bbox 1221 557 1398 585; x_wconf 88' lang='lat' dir='ltr'><strong>dominabere</strong></span> <span class='ocrx_word' id='word_1_352' title='bbox 1420 566 1510 593; x_wconf 65' lang='lat' dir='ltr'><strong>pravae</strong></span> <span class='ocrx_word' id='word_1_353' title='bbox 1539 559 1696 594; x_wconf 84' lang='lat' dir='ltr'><strong>cupiditati,</strong></span> 
     </span>
    </p>
   </div>
   <div class='ocr_carea' id='block_1_49' title="bbox 911 603 1698 638">
    <p class='ocr_par' dir='ltr' id='par_1_49' title="bbox 911 603 1698 638">
     <span class='ocr_line' id='line_1_49' title="bbox 911 603 1698 638; baseline 0.005 -9"><span class='ocrx_word' id='word_1_354' title='bbox 911 611 1026 638; x_wconf 82' lang='lat' dir='ltr'><strong>eamque</strong></span> <span class='ocrx_word' id='word_1_355' title='bbox 1045 603 1179 630; x_wconf 85' lang='lat' dir='ltr'><strong>arbitratu</strong></span> <span class='ocrx_word' id='word_1_356' title='bbox 1202 607 1249 630; x_wconf 92' lang='lat' dir='ltr'><strong>tuo</strong></span> <span class='ocrx_word' id='word_1_357' title='bbox 1277 605 1327 631; x_wconf 85' lang='lat' dir='ltr'><strong>tibi</strong></span> <span class='ocrx_word' id='word_1_358' title='bbox 1353 604 1493 638; x_wconf 87' lang='lat' dir='ltr'><strong>subjicies.</strong></span> <span class='ocrx_word' id='word_1_359' title='bbox 1510 605 1579 632; x_wconf 89' lang='lat' dir='ltr'><strong>Tum</strong></span> <span class='ocrx_word' id='word_1_360' title='bbox 1602 605 1698 633; x_wconf 82' lang='lat' dir='ltr'><strong>Antio-</strong></span> 
     </span>
    </p>
   </div>
   <div class='ocr_carea' id='block_1_50' title="bbox 911 648 1697 685">
    <p class='ocr_par' dir='ltr' id='par_1_50' title="bbox 911 648 1697 685">
     <span class='ocr_line' id='line_1_50' title="bbox 911 648 1697 685; baseline 0.003 -9"><span class='ocrx_word' id='word_1_361' title='bbox 911 649 980 677; x_wconf 86' lang='lat' dir='ltr'><strong>chus</strong></span> <span class='ocrx_word' id='word_1_362' title='bbox 1012 659 1018 676; x_wconf 93' lang='lat'>:</span> <span class='ocrx_word' id='word_1_363' title='bbox 1045 648 1121 677; x_wconf 89' lang='lat' dir='ltr'><strong>Scire</strong></span> <span class='ocrx_word' id='word_1_364' title='bbox 1148 650 1255 683; x_wconf 81' lang='lat' dir='ltr'><strong>vellem,</strong></span> <span class='ocrx_word' id='word_1_365' title='bbox 1281 651 1328 682; x_wconf 88' lang='lat' dir='ltr'><strong>ait,</strong></span> <span class='ocrx_word' id='word_1_366' title='bbox 1354 650 1519 685; x_wconf 85' lang='lat' dir='ltr'><strong>quibusnam</strong></span> <span class='ocrx_word' id='word_1_367' title='bbox 1539 651 1627 678; x_wconf 91' lang='lat' dir='ltr'><strong>modis</strong></span> <span class='ocrx_word' id='word_1_368' title='bbox 1653 658 1697 678; x_wconf 89' lang='lat' dir='ltr'><strong>me</strong></span> 
     </span>
    </p>
   </div>
   <div class='ocr_carea' id='block_1_51' title="bbox 912 694 1695 730">
    <p class='ocr_par' dir='ltr' id='par_1_51' title="bbox 912 694 1695 730">
     <span class='ocr_line' id='line_1_51' title="bbox 912 694 1695 730; baseline 0.003 -10"><span class='ocrx_word' id='word_1_369' title='bbox 912 698 1035 729; x_wconf 86' lang='lat' dir='ltr'><strong>oporteat</strong></span> <span class='ocrx_word' id='word_1_370' title='bbox 1050 694 1127 722; x_wconf 69' lang='lat' dir='ltr'><strong>bona:</strong></span> <span class='ocrx_word' id='word_1_371' title='bbox 1143 694 1285 730; x_wconf 86' lang='lat' dir='ltr'><strong>cupiditati</strong></span> <span class='ocrx_word' id='word_1_372' title='bbox 1300 695 1441 722; x_wconf 85' lang='lat' dir='ltr'><strong>inservire.</strong></span> <span class='ocrx_word' id='word_1_373' title='bbox 1455 694 1506 722; x_wconf 89' lang='lat' dir='ltr'><strong>Cui</strong></span> <span class='ocrx_word' id='word_1_374' title='bbox 1525 695 1670 730; x_wconf 88' lang='lat' dir='ltr'><strong>episcopus</strong></span> <span class='ocrx_word' id='word_1_375' title='bbox 1687 703 1695 722; x_wconf 87' lang='lat'><strong>:</strong></span> 
     </span>
    </p>
   </div>
   <div class='ocr_carea' id='block_1_52' title="bbox 912 740 1696 775">
    <p class='ocr_par' dir='ltr' id='par_1_52' title="bbox 912 740 1696 775">
     <span class='ocr_line' id='line_1_52' title="bbox 912 740 1696 775; baseline 0.003 -9"><span class='ocrx_word' id='word_1_376' title='bbox 912 740 993 771; x_wconf 75' lang='lat' dir='ltr'><strong>Audi,</strong></span> <span class='ocrx_word' id='word_1_377' title='bbox 1024 740 1157 774; x_wconf 82' lang='lat' dir='ltr'><strong>justitiam</strong></span> <span class='ocrx_word' id='word_1_378' title='bbox 1185 748 1309 775; x_wconf 85' lang='lat' dir='ltr'><strong>operare,</strong></span> <span class='ocrx_word' id='word_1_379' title='bbox 1330 741 1461 768; x_wconf 84' lang='lat' dir='ltr'><strong>virtutem</strong></span> <span class='ocrx_word' id='word_1_380' title='bbox 1480 744 1542 767; x_wconf 91' lang='lat' dir='ltr'><strong>tene</strong></span> <span class='ocrx_word' id='word_1_381' title='bbox 1561 740 1696 773; x_wconf 81' lang='lat' dir='ltr'><strong>veritatis,</strong></span> 
     </span>
    </p>
   </div>
   <div class='ocr_carea' id='block_1_53' title="bbox 912 786 1698 819">
    <p class='ocr_par' dir='ltr' id='par_1_53' title="bbox 912 786 1698 819">
     <span class='ocr_line' id='line_1_53' title="bbox 912 786 1698 819; baseline 0 -6"><span class='ocrx_word' id='word_1_382' title='bbox 912 794 1018 814; x_wconf 87' lang='lat' dir='ltr'><strong>necnon</strong></span> <span class='ocrx_word' id='word_1_383' title='bbox 1038 787 1161 813; x_wconf 88' lang='lat' dir='ltr'><strong>timorem</strong></span> <span class='ocrx_word' id='word_1_384' title='bbox 1184 786 1302 819; x_wconf 91' lang='lat' dir='ltr'><strong>Domini,</strong></span> <span class='ocrx_word' id='word_1_385' title='bbox 1312 787 1407 818; x_wconf 72' lang='lat' dir='ltr'><strong>ﬁdem,</strong></span> <span class='ocrx_word' id='word_1_386' title='bbox 1423 786 1590 818; x_wconf 85' lang='lat' dir='ltr'><strong>charitatem.</strong></span> <span class='ocrx_word' id='word_1_387' title='bbox 1608 786 1698 813; x_wconf 89' lang='lat' dir='ltr'><strong>humi-</strong></span> 
     </span>
    </p>
   </div>
   <div class='ocr_carea' id='block_1_54' title="bbox 913 833 1696 868">
    <p class='ocr_par' dir='ltr' id='par_1_54' title="bbox 913 833 1696 868">
     <span class='ocr_line' id='line_1_54' title="bbox 913 833 1696 868; baseline 0.001 -9"><span class='ocrx_word' id='word_1_388' title='bbox 913 833 1016 860; x_wconf 87' lang='lat' dir='ltr'><strong>litatem</strong></span> <span class='ocrx_word' id='word_1_389' title='bbox 1043 836 1070 860; x_wconf 87' lang='lat' dir='ltr'><strong>et</strong></span> <span class='ocrx_word' id='word_1_390' title='bbox 1098 837 1284 868; x_wconf 86' lang='lat' dir='ltr'><strong>paupertatem</strong></span> <span class='ocrx_word' id='word_1_391' title='bbox 1313 833 1400 868; x_wconf 84' lang='lat' dir='ltr'><strong>pluris</strong></span> <span class='ocrx_word' id='word_1_392' title='bbox 1423 833 1507 860; x_wconf 75' lang='lat' dir='ltr'><strong>facias</strong></span> <span class='ocrx_word' id='word_1_393' title='bbox 1536 833 1591 868; x_wconf 77' lang='lat'><strong>(&#39;10)</strong></span> <span class='ocrx_word' id='word_1_394' title='bbox 1614 841 1696 868; x_wconf 82' lang='lat' dir='ltr'><strong>quam</strong></span> 
     </span>
    </p>
   </div>
   <div class='ocr_carea' id='block_1_55' title="bbox 915 879 1698 915">
    <p class='ocr_par' dir='ltr' id='par_1_55' title="bbox 915 879 1698 915">
     <span class='ocr_line' id='line_1_55' title="bbox 915 879 1698 915; baseline 0.003 -10"><span class='ocrx_word' id='word_1_395' title='bbox 915 879 1078 906; x_wconf 82' lang='lat' dir='ltr'><strong>mundanam</strong></span> <span class='ocrx_word' id='word_1_396' title='bbox 1095 879 1252 911; x_wconf 88' lang='lat' dir='ltr'><strong>vanitatem,</strong></span> <span class='ocrx_word' id='word_1_397' title='bbox 1275 883 1302 907; x_wconf 91' lang='lat' dir='ltr'><strong>et</strong></span> <span class='ocrx_word' id='word_1_398' title='bbox 1325 879 1368 906; x_wconf 89' lang='lat' dir='ltr'><strong>his</strong></span> <span class='ocrx_word' id='word_1_399' title='bbox 1381 879 1480 906; x_wconf 87' lang='lat' dir='ltr'><strong>similia</strong></span> <span class='ocrx_word' id='word_1_400' title='bbox 1495 889 1501 905; x_wconf 76' lang='grc' dir='ltr'><strong>ε</strong></span> <span class='ocrx_word' id='word_1_401' title='bbox 1518 887 1578 914; x_wconf 72' lang='lat' dir='ltr'><strong>qua:</strong></span> <span class='ocrx_word' id='word_1_402' title='bbox 1595 879 1617 907; x_wconf 89' lang='lat' dir='ltr'><strong>si</strong></span> <span class='ocrx_word' id='word_1_403' title='bbox 1632 887 1698 915; x_wconf 86' lang='lat' dir='ltr'><strong>ope-</strong></span> 
     </span>
    </p>
   </div>
   <div class='ocr_carea' id='block_1_56' title="bbox 914 923 1696 959">
    <p class='ocr_par' dir='ltr' id='par_1_56' title="bbox 914 923 1696 959">
     <span class='ocr_line' id='line_1_56' title="bbox 914 923 1696 959; baseline 0.003 -9"><span class='ocrx_word' id='word_1_404' title='bbox 914 928 989 951; x_wconf 85' lang='lat' dir='ltr'><strong>ratus</strong></span> <span class='ocrx_word' id='word_1_405' title='bbox 1009 924 1109 957; x_wconf 77' lang='lat' dir='ltr'><strong>fueris,</strong></span> <span class='ocrx_word' id='word_1_406' title='bbox 1126 932 1222 952; x_wconf 87' lang='lat' dir='ltr'><strong>servus</strong></span> <span class='ocrx_word' id='word_1_407' title='bbox 1244 923 1298 951; x_wconf 90' lang='lat' dir='ltr'><strong>Deo</strong></span> <span class='ocrx_word' id='word_1_408' title='bbox 1318 927 1446 959; x_wconf 87' lang='lat' dir='ltr'><strong>acceptus</strong></span> <span class='ocrx_word' id='word_1_409' title='bbox 1463 924 1519 951; x_wconf 86' lang='lat' dir='ltr'><strong>eris</strong></span> <span class='ocrx_word' id='word_1_410' title='bbox 1541 924 1569 951; x_wconf 89' lang='lat' dir='ltr'><strong>in</strong></span> <span class='ocrx_word' id='word_1_411' title='bbox 1586 925 1696 952; x_wconf 67' lang='lat' dir='ltr'><strong>saecula.</strong></span> 
     </span>
    </p>
   </div>
   <div class='ocr_carea' id='block_1_57' title="bbox 913 970 1008 998">
    <p class='ocr_par' dir='ltr' id='par_1_57' title="bbox 913 970 1008 998">
     <span class='ocr_line' id='line_1_57' title="bbox 913 970 1008 998; baseline 0 -2"><span class='ocrx_word' id='word_1_412' title='bbox 913 970 1008 998; x_wconf 82' lang='lat' dir='ltr'><strong>Amen.</strong></span> 
     </span>
    </p>
   </div>
   <div class='ocr_carea' id='block_1_58' title="bbox 948 1059 1699 1094">
    <p class='ocr_par' dir='ltr' id='par_1_58' title="bbox 948 1059 1699 1094">
     <span class='ocr_line' id='line_1_58' title="bbox 948 1059 1699 1094; baseline 0.003 -8"><span class='ocrx_word' id='word_1_413' title='bbox 948 1060 1047 1087; x_wconf 85' lang='lat' dir='ltr'><strong>lterum</strong></span> <span class='ocrx_word' id='word_1_414' title='bbox 1068 1060 1106 1087; x_wconf 90' lang='lat' dir='ltr'><strong>ait</strong></span> <span class='ocrx_word' id='word_1_415' title='bbox 1126 1059 1164 1087; x_wconf 92' lang='lat' dir='ltr'><strong>illi</strong></span> <span class='ocrx_word' id='word_1_416' title='bbox 1186 1060 1332 1094; x_wconf 84' lang='lat' dir='ltr'><strong>episcopus</strong></span> <span class='ocrx_word' id='word_1_417' title='bbox 1354 1069 1359 1087; x_wconf 92' lang='lat'>:</span> <span class='ocrx_word' id='word_1_418' title='bbox 1377 1059 1445 1086; x_wconf 87' lang='lat' dir='ltr'><strong>Cum</strong></span> <span class='ocrx_word' id='word_1_419' title='bbox 1461 1059 1550 1087; x_wconf 79' lang='lat' dir='ltr'><strong>videat</strong></span> <span class='ocrx_word' id='word_1_420' title='bbox 1574 1059 1699 1088; x_wconf 84' lang='lat' dir='ltr'><strong>diabolus</strong></span> 
     </span>
    </p>
   </div>
   <div class='ocr_carea' id='block_1_59' title="bbox 913 1106 1698 1141">
    <p class='ocr_par' dir='ltr' id='par_1_59' title="bbox 913 1106 1698 1141">
     <span class='ocr_line' id='line_1_59' title="bbox 913 1106 1698 1141; baseline -0.003 -7"><span class='ocrx_word' id='word_1_421' title='bbox 913 1115 967 1134; x_wconf 90' lang='lat' dir='ltr'><strong>non</strong></span> <span class='ocrx_word' id='word_1_422' title='bbox 987 1114 1068 1141; x_wconf 80' lang='lat' dir='ltr'><strong>posse</strong></span> <span class='ocrx_word' id='word_1_423' title='bbox 1089 1114 1118 1133; x_wconf 90' lang='lat' dir='ltr'><strong>se</strong></span> <span class='ocrx_word' id='word_1_424' title='bbox 1134 1113 1184 1133; x_wconf 86' lang='lat' dir='ltr'><strong>suo</strong></span> <span class='ocrx_word' id='word_1_425' title='bbox 1207 1111 1304 1136; x_wconf 82' lang='lat' dir='ltr'><strong>marte,</strong></span> <span class='ocrx_word' id='word_1_426' title='bbox 1325 1106 1351 1132; x_wconf 87' lang='lat' dir='ltr'><strong>id</strong></span> <span class='ocrx_word' id='word_1_427' title='bbox 1366 1109 1407 1132; x_wconf 87' lang='lat' dir='ltr'><strong>est</strong></span> <span class='ocrx_word' id='word_1_428' title='bbox 1431 1114 1478 1140; x_wconf 89' lang='lat' dir='ltr'><strong>per</strong></span> <span class='ocrx_word' id='word_1_429' title='bbox 1496 1114 1573 1132; x_wconf 82' lang='lat' dir='ltr'><strong>suam</strong></span> <span class='ocrx_word' id='word_1_430' title='bbox 1594 1106 1698 1140; x_wconf 77' lang='lat' dir='ltr'><strong>cogita-</strong></span> 
     </span>
    </p>
   </div>
   <div class='ocr_carea' id='block_1_60' title="bbox 913 1151 1700 1183">
    <p class='ocr_par' dir='ltr' id='par_1_60' title="bbox 913 1151 1700 1183">
     <span class='ocr_line' id='line_1_60' title="bbox 913 1151 1700 1183; baseline 0 -4"><span class='ocrx_word' id='word_1_431' title='bbox 913 1153 1027 1183; x_wconf 80' lang='lat' dir='ltr'><strong>tionem,</strong></span> <span class='ocrx_word' id='word_1_432' title='bbox 1048 1152 1097 1180; x_wconf 92' lang='lat' dir='ltr'><strong>tibi</strong></span> <span class='ocrx_word' id='word_1_433' title='bbox 1123 1159 1239 1183; x_wconf 86' lang='lat' dir='ltr'><strong>nocere,</strong></span> <span class='ocrx_word' id='word_1_434' title='bbox 1263 1151 1427 1178; x_wconf 82' lang='lat' dir='ltr'><strong>inﬁrmiores</strong></span> <span class='ocrx_word' id='word_1_435' title='bbox 1446 1152 1478 1178; x_wconf 89' lang='lat' dir='ltr'><strong>ad</strong></span> <span class='ocrx_word' id='word_1_436' title='bbox 1503 1155 1530 1178; x_wconf 92' lang='lat' dir='ltr'><strong>te</strong></span> <span class='ocrx_word' id='word_1_437' title='bbox 1550 1151 1700 1179; x_wconf 74' lang='lat' dir='ltr'><strong>monachos</strong></span> 
     </span>
    </p>
   </div>
   <div class='ocr_carea' id='block_1_61' title="bbox 914 1197 1699 1234">
    <p class='ocr_par' dir='ltr' id='par_1_61' title="bbox 914 1197 1699 1234">
     <span class='ocr_line' id='line_1_61' title="bbox 914 1197 1699 1234; baseline -0.003 -8"><span class='ocrx_word' id='word_1_438' title='bbox 914 1199 1025 1227; x_wconf 86' lang='lat' dir='ltr'><strong>adducit</strong></span> <span class='ocrx_word' id='word_1_439' title='bbox 1040 1208 1048 1232; x_wconf 82' lang='lat'><strong>;</strong></span> <span class='ocrx_word' id='word_1_440' title='bbox 1061 1206 1177 1234; x_wconf 89' lang='lat' dir='ltr'><strong>quorum</strong></span> <span class='ocrx_word' id='word_1_441' title='bbox 1192 1206 1285 1233; x_wconf 84' lang='lat' dir='ltr'><strong>opera,</strong></span> <span class='ocrx_word' id='word_1_442' title='bbox 1299 1197 1446 1232; x_wconf 84' lang='lat' dir='ltr'><strong>quamdam</strong></span> <span class='ocrx_word' id='word_1_443' title='bbox 1462 1197 1512 1224; x_wconf 89' lang='lat' dir='ltr'><strong>tibi</strong></span> <span class='ocrx_word' id='word_1_444' title='bbox 1538 1197 1639 1232; x_wconf 61' lang='lat' dir='ltr'><strong>praebet</strong></span> <span class='ocrx_word' id='word_1_445' title='bbox 1652 1204 1699 1224; x_wconf 86' lang='lat' dir='ltr'><strong>oc—</strong></span> 
     </span>
    </p>
   </div>
   <div class='ocr_carea' id='block_1_62' title="bbox 914 1243 1700 1280">
    <p class='ocr_par' dir='ltr' id='par_1_62' title="bbox 914 1243 1700 1280">
     <span class='ocr_line' id='line_1_62' title="bbox 914 1243 1700 1280; baseline -0.005 -7"><span class='ocrx_word' id='word_1_446' title='bbox 914 1247 1051 1274; x_wconf 83' lang='lat' dir='ltr'><strong>casionem</strong></span> <span class='ocrx_word' id='word_1_447' title='bbox 1071 1245 1256 1280; x_wconf 72' lang='lat' dir='ltr'><strong>dialogorum,</strong></span> <span class='ocrx_word' id='word_1_448' title='bbox 1279 1251 1403 1279; x_wconf 83' lang='lat' dir='ltr'><strong>operum,</strong></span> <span class='ocrx_word' id='word_1_449' title='bbox 1425 1243 1483 1275; x_wconf 86' lang='lat' dir='ltr'><strong>otii,</strong></span> <span class='ocrx_word' id='word_1_450' title='bbox 1511 1247 1558 1270; x_wconf 87' lang='lat' dir='ltr'><strong>aut</strong></span> <span class='ocrx_word' id='word_1_451' title='bbox 1581 1243 1700 1270; x_wconf 84' lang='lat' dir='ltr'><strong>carnalis</strong></span> 
     </span>
    </p>
   </div>
   <div class='ocr_carea' id='block_1_63' title="bbox 914 1289 1700 1328">
    <p class='ocr_par' dir='ltr' id='par_1_63' title="bbox 914 1289 1700 1328">
     <span class='ocr_line' id='line_1_63' title="bbox 914 1289 1700 1328; baseline -0.004 -9"><span class='ocrx_word' id='word_1_452' title='bbox 914 1291 1066 1328; x_wconf 86' lang='lat' dir='ltr'><strong>cupidinis,</strong></span> <span class='ocrx_word' id='word_1_453' title='bbox 1083 1295 1111 1318; x_wconf 90' lang='lat' dir='ltr'><strong>ut</strong></span> <span class='ocrx_word' id='word_1_454' title='bbox 1127 1291 1154 1318; x_wconf 89' lang='lat' dir='ltr'><strong>in</strong></span> <span class='ocrx_word' id='word_1_455' title='bbox 1170 1291 1329 1318; x_wconf 88' lang='lat' dir='ltr'><strong>scandalum</strong></span> <span class='ocrx_word' id='word_1_456' title='bbox 1347 1295 1373 1317; x_wconf 88' lang='lat' dir='ltr'><strong>te</strong></span> <span class='ocrx_word' id='word_1_457' title='bbox 1386 1293 1414 1318; x_wconf 90' lang='lat' dir='ltr'><strong>et</strong></span> <span class='ocrx_word' id='word_1_458' title='bbox 1428 1290 1454 1316; x_wconf 93' lang='lat' dir='ltr'><strong>in</strong></span> <span class='ocrx_word' id='word_1_459' title='bbox 1469 1289 1700 1325; x_wconf 89' lang='lat' dir='ltr'><strong>perturbationem</strong></span> 
     </span>
    </p>
   </div>
   <div class='ocr_carea' id='block_1_64' title="bbox 914 1336 1700 1373">
    <p class='ocr_par' dir='ltr' id='par_1_64' title="bbox 914 1336 1700 1373">
     <span class='ocr_line' id='line_1_64' title="bbox 914 1336 1700 1373; baseline -0.004 -8"><span class='ocrx_word' id='word_1_460' title='bbox 914 1338 1052 1373; x_wconf 88' lang='lat' dir='ltr'><strong>conjiciat.</strong></span> <span class='ocrx_word' id='word_1_461' title='bbox 1063 1338 1096 1364; x_wconf 84' lang='lat' dir='ltr'><strong>At</strong></span> <span class='ocrx_word' id='word_1_462' title='bbox 1107 1341 1146 1369; x_wconf 93' lang='lat' dir='ltr'><strong>tu,</strong></span> <span class='ocrx_word' id='word_1_463' title='bbox 1159 1345 1220 1364; x_wconf 89' lang='lat' dir='ltr'><strong>cum</strong></span> <span class='ocrx_word' id='word_1_464' title='bbox 1239 1337 1315 1364; x_wconf 87' lang='lat' dir='ltr'><strong>noris</strong></span> <span class='ocrx_word' id='word_1_465' title='bbox 1327 1337 1376 1364; x_wconf 91' lang='lat' dir='ltr'><strong>has</strong></span> <span class='ocrx_word' id='word_1_466' title='bbox 1387 1344 1448 1364; x_wconf 90' lang='lat' dir='ltr'><strong>esse</strong></span> <span class='ocrx_word' id='word_1_467' title='bbox 1461 1336 1563 1363; x_wconf 84' lang='lat' dir='ltr'><strong>inimici</strong></span> <span class='ocrx_word' id='word_1_468' title='bbox 1575 1336 1700 1369; x_wconf 82' lang='lat' dir='ltr'><strong>insidias,</strong></span> 
     </span>
    </p>
   </div>
   <div class='ocr_carea' id='block_1_65' title="bbox 914 1382 1701 1419">
    <p class='ocr_par' dir='ltr' id='par_1_65' title="bbox 914 1382 1701 1419">
     <span class='ocr_line' id='line_1_65' title="bbox 914 1382 1701 1419; baseline -0.004 -7"><span class='ocrx_word' id='word_1_469' title='bbox 914 1392 949 1412; x_wconf 89' lang='lat' dir='ltr'><strong>ne</strong></span> <span class='ocrx_word' id='word_1_470' title='bbox 967 1384 1085 1419; x_wconf 64' lang='lat' dir='ltr'><strong>coeperis</strong></span> <span class='ocrx_word' id='word_1_471' title='bbox 1101 1384 1129 1410; x_wconf 90' lang='lat' dir='ltr'><strong>in</strong></span> <span class='ocrx_word' id='word_1_472' title='bbox 1143 1388 1234 1411; x_wconf 90' lang='lat' dir='ltr'><strong>mente</strong></span> <span class='ocrx_word' id='word_1_473' title='bbox 1251 1388 1296 1410; x_wconf 90' lang='lat' dir='ltr'><strong>tua</strong></span> <span class='ocrx_word' id='word_1_474' title='bbox 1321 1383 1414 1410; x_wconf 86' lang='lat' dir='ltr'><strong>dicere</strong></span> <span class='ocrx_word' id='word_1_475' title='bbox 1430 1393 1436 1410; x_wconf 91' lang='lat'><strong>:</strong></span> <span class='ocrx_word' id='word_1_476' title='bbox 1454 1382 1545 1418; x_wconf 78' lang='lat' dir='ltr'><strong>Egone</strong></span> <span class='ocrx_word' id='word_1_477' title='bbox 1564 1387 1618 1410; x_wconf 87' lang='lat' dir='ltr'><strong>tam</strong></span> <span class='ocrx_word' id='word_1_478' title='bbox 1632 1389 1701 1417; x_wconf 70' lang='lat' dir='ltr'><strong>pm-</strong></span> 
     </span>
    </p>
   </div>
   <div class='ocr_carea' id='block_1_66' title="bbox 915 1428 1702 1465">
    <p class='ocr_par' dir='ltr' id='par_1_66' title="bbox 915 1428 1702 1465">
     <span class='ocr_line' id='line_1_66' title="bbox 915 1428 1702 1465; baseline -0.003 -8"><span class='ocrx_word' id='word_1_479' title='bbox 915 1430 990 1458; x_wconf 82' lang='lat' dir='ltr'><strong>claro</strong></span> <span class='ocrx_word' id='word_1_480' title='bbox 1008 1437 1107 1465; x_wconf 79' lang='lat' dir='ltr'><strong>genere</strong></span> <span class='ocrx_word' id='word_1_481' title='bbox 1120 1429 1264 1461; x_wconf 86' lang='lat' dir='ltr'><strong>oriundus,</strong></span> <span class='ocrx_word' id='word_1_482' title='bbox 1281 1429 1314 1456; x_wconf 90' lang='lat' dir='ltr'><strong>ad</strong></span> <span class='ocrx_word' id='word_1_483' title='bbox 1329 1428 1410 1464; x_wconf 82' lang='lat' dir='ltr'><strong>pedes</strong></span> <span class='ocrx_word' id='word_1_484' title='bbox 1422 1428 1536 1462; x_wconf 89' lang='lat' dir='ltr'><strong>hujusce</strong></span> <span class='ocrx_word' id='word_1_485' title='bbox 1550 1428 1597 1463; x_wconf 88' lang='lat' dir='ltr'><strong>qui</strong></span> <span class='ocrx_word' id='word_1_486' title='bbox 1611 1428 1702 1463; x_wconf 87' lang='lat' dir='ltr'><strong>priva-</strong></span> 
     </span>
    </p>
   </div>
   <div class='ocr_carea' id='block_1_67' title="bbox 915 1474 1701 1510">
    <p class='ocr_par' dir='ltr' id='par_1_67' title="bbox 915 1474 1701 1510">
     <span class='ocr_line' id='line_1_67' title="bbox 915 1474 1701 1510; baseline -0.004 -7"><span class='ocrx_word' id='word_1_487' title='bbox 915 1481 961 1503; x_wconf 90' lang='lat' dir='ltr'><strong>tus</strong></span> <span class='ocrx_word' id='word_1_488' title='bbox 987 1479 1015 1503; x_wconf 86' lang='lat' dir='ltr'><strong>et</strong></span> <span class='ocrx_word' id='word_1_489' title='bbox 1038 1475 1110 1510; x_wconf 80' lang='lat' dir='ltr'><strong>vulgi</strong></span> <span class='ocrx_word' id='word_1_490' title='bbox 1137 1475 1217 1502; x_wconf 83' lang='lat' dir='ltr'><strong>homo</strong></span> <span class='ocrx_word' id='word_1_491' title='bbox 1239 1478 1291 1505; x_wconf 82' lang='lat' dir='ltr'><strong>est,</strong></span> <span class='ocrx_word' id='word_1_492' title='bbox 1314 1482 1357 1501; x_wconf 90' lang='lat' dir='ltr'><strong>me</strong></span> <span class='ocrx_word' id='word_1_493' title='bbox 1375 1474 1564 1508; x_wconf 88' lang='lat' dir='ltr'><strong>prosternam?</strong></span> <span class='ocrx_word' id='word_1_494' title='bbox 1589 1474 1645 1500; x_wconf 83' lang='lat' dir='ltr'><strong>lino</strong></span> <span class='ocrx_word' id='word_1_495' title='bbox 1669 1481 1701 1501; x_wconf 83' lang='lat' dir='ltr'><strong>ea</strong></span> 
     </span>
    </p>
   </div>
   <div class='ocr_carea' id='block_1_68' title="bbox 916 1518 1702 1554">
    <p class='ocr_par' dir='ltr' id='par_1_68' title="bbox 916 1518 1702 1554">
     <span class='ocr_line' id='line_1_68' title="bbox 916 1518 1702 1554; baseline -0.003 -6"><span class='ocrx_word' id='word_1_496' title='bbox 916 1520 1032 1549; x_wconf 75' lang='lat' dir='ltr'><strong>maxime</strong></span> <span class='ocrx_word' id='word_1_497' title='bbox 1048 1520 1080 1547; x_wconf 87' lang='lat' dir='ltr'><strong>de</strong></span> <span class='ocrx_word' id='word_1_498' title='bbox 1096 1527 1178 1546; x_wconf 83' lang='lat' dir='ltr'><strong>causa</strong></span> <span class='ocrx_word' id='word_1_499' title='bbox 1201 1519 1311 1554; x_wconf 87' lang='lat' dir='ltr'><strong>procide</strong></span> <span class='ocrx_word' id='word_1_500' title='bbox 1329 1527 1420 1546; x_wconf 83' lang='lat' dir='ltr'><strong>coram</strong></span> <span class='ocrx_word' id='word_1_501' title='bbox 1443 1519 1501 1550; x_wconf 91' lang='lat' dir='ltr'><strong>illo,</strong></span> <span class='ocrx_word' id='word_1_502' title='bbox 1526 1526 1629 1546; x_wconf 83' lang='lat' dir='ltr'><strong>memor</strong></span> <span class='ocrx_word' id='word_1_503' title='bbox 1643 1518 1702 1553; x_wconf 82' lang='lat' dir='ltr'><strong>jus-</strong></span> 
     </span>
    </p>
   </div>
   <div class='ocr_carea' id='block_1_69' title="bbox 918 1563 1703 1598">
    <p class='ocr_par' dir='ltr' id='par_1_69' title="bbox 918 1563 1703 1598">
     <span class='ocr_line' id='line_1_69' title="bbox 918 1563 1703 1598; baseline -0.004 -5"><span class='ocrx_word' id='word_1_504' title='bbox 918 1566 1005 1594; x_wconf 84' lang='lat' dir='ltr'><strong>sionis</strong></span> <span class='ocrx_word' id='word_1_505' title='bbox 1017 1566 1166 1592; x_wconf 87' lang='lat' dir='ltr'><strong>Salvatoris</strong></span> <span class='ocrx_word' id='word_1_506' title='bbox 1182 1565 1268 1592; x_wconf 88' lang='lat' dir='ltr'><strong>nostri</strong></span> <span class='ocrx_word' id='word_1_507' title='bbox 1283 1563 1347 1591; x_wconf 71' lang='lat' dir='ltr'><strong>Iesu</strong></span> <span class='ocrx_word' id='word_1_508' title='bbox 1358 1563 1469 1596; x_wconf 86' lang='lat' dir='ltr'><strong>Christi,</strong></span> <span class='ocrx_word' id='word_1_509' title='bbox 1483 1571 1535 1598; x_wconf 85' lang='lat' dir='ltr'><strong>qua</strong></span> <span class='ocrx_word' id='word_1_510' title='bbox 1547 1564 1703 1598; x_wconf 65' lang='lat' dir='ltr'><strong>praecipitur</strong></span> 
     </span>
    </p>
   </div>
   <div class='ocr_carea' id='block_1_70' title="bbox 918 1608 1703 1646">
    <p class='ocr_par' dir='ltr' id='par_1_70' title="bbox 918 1608 1703 1646">
     <span class='ocr_line' id='line_1_70' title="bbox 918 1608 1703 1646; baseline -0.003 -8"><span class='ocrx_word' id='word_1_511' title='bbox 918 1612 968 1639; x_wconf 90' lang='lat' dir='ltr'><strong>tibi</strong></span> <span class='ocrx_word' id='word_1_512' title='bbox 985 1620 991 1637; x_wconf 89' lang='lat'><strong>:</strong></span> <span class='ocrx_word' id='word_1_513' title='bbox 1012 1621 1022 1636; x_wconf 73' lang='grc' dir='ltr'><strong>ι</strong></span> <span class='ocrx_word' id='word_1_514' title='bbox 1041 1610 1070 1638; x_wconf 88' lang='lat' dir='ltr'><strong>Si</strong></span> <span class='ocrx_word' id='word_1_515' title='bbox 1090 1611 1152 1646; x_wconf 86' lang='lat' dir='ltr'><strong>quis</strong></span> <span class='ocrx_word' id='word_1_516' title='bbox 1171 1610 1338 1645; x_wconf 85' lang='lat' dir='ltr'><strong>percusserit</strong></span> <span class='ocrx_word' id='word_1_517' title='bbox 1360 1614 1386 1637; x_wconf 91' lang='lat' dir='ltr'><strong>te</strong></span> <span class='ocrx_word' id='word_1_518' title='bbox 1408 1610 1435 1635; x_wconf 90' lang='lat' dir='ltr'><strong>in</strong></span> <span class='ocrx_word' id='word_1_519' title='bbox 1459 1609 1595 1636; x_wconf 75' lang='lat' dir='ltr'><strong>maxillam</strong></span> <span class='ocrx_word' id='word_1_520' title='bbox 1610 1608 1703 1636; x_wconf 78' lang='lat' dir='ltr'><strong>dexte-</strong></span> 
     </span>
    </p>
   </div>
   <div class='ocr_carea' id='block_1_71' title="bbox 918 1653 1704 1692">
    <p class='ocr_par' dir='ltr' id='par_1_71' title="bbox 918 1653 1704 1692">
     <span class='ocr_line' id='line_1_71' title="bbox 918 1653 1704 1692; baseline -0.005 -8"><span class='ocrx_word' id='word_1_521' title='bbox 918 1666 989 1689; x_wconf 87' lang='lat' dir='ltr'><strong>ram,</strong></span> <span class='ocrx_word' id='word_1_522' title='bbox 1007 1657 1096 1692; x_wconf 71' lang='lat' dir='ltr'><strong>prmbe</strong></span> <span class='ocrx_word' id='word_1_523' title='bbox 1112 1657 1148 1683; x_wconf 93' lang='lat' dir='ltr'><strong>illi</strong></span> <span class='ocrx_word' id='word_1_524' title='bbox 1164 1661 1191 1684; x_wconf 90' lang='lat' dir='ltr'><strong>et</strong></span> <span class='ocrx_word' id='word_1_525' title='bbox 1205 1657 1285 1683; x_wconf 88' lang='lat' dir='ltr'><strong>aliam</strong></span> <span class='ocrx_word' id='word_1_526' title='bbox 1299 1656 1321 1672; x_wconf 84' lang='lat'>&quot;</span> <span class='ocrx_word' id='word_1_527' title='bbox 1335 1665 1342 1683; x_wconf 91' lang='lat'>:</span> <span class='ocrx_word' id='word_1_528' title='bbox 1365 1665 1374 1682; x_wconf 72' lang='grc' dir='ltr'>ι</span> <span class='ocrx_word' id='word_1_529' title='bbox 1389 1663 1476 1690; x_wconf 90' lang='lat' dir='ltr'><strong>neque</strong></span> <span class='ocrx_word' id='word_1_530' title='bbox 1487 1655 1521 1681; x_wconf 80' lang='lat' dir='ltr'><strong>ab</strong></span> <span class='ocrx_word' id='word_1_531' title='bbox 1535 1655 1607 1682; x_wconf 91' lang='lat' dir='ltr'><strong>illius</strong></span> <span class='ocrx_word' id='word_1_532' title='bbox 1626 1653 1704 1689; x_wconf 85' lang='lat' dir='ltr'><strong>pedi-</strong></span> 
     </span>
    </p>
   </div>
   <div class='ocr_carea' id='block_1_72' title="bbox 919 1701 1702 1734">
    <p class='ocr_par' dir='ltr' id='par_1_72' title="bbox 919 1701 1702 1734">
     <span class='ocr_line' id='line_1_72' title="bbox 919 1701 1702 1734; baseline -0.005 -3"><span class='ocrx_word' id='word_1_533' title='bbox 919 1704 970 1731; x_wconf 91' lang='lat' dir='ltr'><strong>bus</strong></span> <span class='ocrx_word' id='word_1_534' title='bbox 995 1709 1058 1731; x_wconf 83' lang='lat' dir='ltr'><strong>ante</strong></span> <span class='ocrx_word' id='word_1_535' title='bbox 1082 1702 1270 1734; x_wconf 73' lang='lat' dir='ltr'><strong>absuesseris,</strong></span> <span class='ocrx_word' id='word_1_536' title='bbox 1293 1701 1380 1729; x_wconf 88' lang='lat' dir='ltr'><strong>donec</strong></span> <span class='ocrx_word' id='word_1_537' title='bbox 1404 1701 1509 1729; x_wconf 85' lang='lat' dir='ltr'><strong>veniam</strong></span> <span class='ocrx_word' id='word_1_538' title='bbox 1530 1701 1565 1728; x_wconf 87' lang='lat' dir='ltr'><strong>ab</strong></span> <span class='ocrx_word' id='word_1_539' title='bbox 1584 1708 1617 1728; x_wconf 92' lang='lat' dir='ltr'><strong>eo</strong></span> <span class='ocrx_word' id='word_1_540' title='bbox 1641 1708 1702 1728; x_wconf 88' lang='lat' dir='ltr'><strong>cum</strong></span> 
     </span>
    </p>
   </div>
   <div class='ocr_carea' id='block_1_73' title="bbox 918 1747 1704 1784">
    <p class='ocr_par' dir='ltr' id='par_1_73' title="bbox 918 1747 1704 1784">
     <span class='ocr_line' id='line_1_73' title="bbox 918 1747 1704 1784; baseline -0.005 -7"><span class='ocrx_word' id='word_1_541' title='bbox 918 1750 1042 1777; x_wconf 83' lang='lat' dir='ltr'><strong>oratione</strong></span> <span class='ocrx_word' id='word_1_542' title='bbox 1058 1749 1225 1784; x_wconf 83' lang='lat' dir='ltr'><strong>impetraris,</strong></span> <span class='ocrx_word' id='word_1_543' title='bbox 1243 1752 1274 1775; x_wconf 90' lang='lat' dir='ltr'><strong>ut</strong></span> <span class='ocrx_word' id='word_1_544' title='bbox 1290 1747 1409 1783; x_wconf 80' lang='lat' dir='ltr'><strong>perfecta</strong></span> <span class='ocrx_word' id='word_1_545' title='bbox 1424 1747 1587 1775; x_wconf 86' lang='lat' dir='ltr'><strong>humilitatis</strong></span> <span class='ocrx_word' id='word_1_546' title='bbox 1603 1753 1704 1774; x_wconf 82' lang='lat' dir='ltr'><strong>corona</strong></span> 
     </span>
    </p>
   </div>
   <div class='ocr_carea' id='block_1_74' title="bbox 919 1793 1310 1822">
    <p class='ocr_par' dir='ltr' id='par_1_74' title="bbox 919 1793 1310 1822">
     <span class='ocr_line' id='line_1_74' title="bbox 919 1793 1310 1822; baseline 0 -2"><span class='ocrx_word' id='word_1_547' title='bbox 919 1795 1029 1822; x_wconf 68' lang='lat' dir='ltr'><strong>doner-is</strong></span> <span class='ocrx_word' id='word_1_548' title='bbox 1043 1795 1070 1821; x_wconf 95' lang='lat' dir='ltr'><strong>in</strong></span> <span class='ocrx_word' id='word_1_549' title='bbox 1085 1794 1195 1822; x_wconf 58' lang='lat' dir='ltr'><strong>saecula.</strong></span> <span class='ocrx_word' id='word_1_550' title='bbox 1213 1793 1310 1820; x_wconf 81' lang='lat' dir='ltr'><strong>Amen.</strong></span> 
     </span>
    </p>
   </div>
   <div class='ocr_carea' id='block_1_75' title="bbox 599 1840 1211 1872">
    <p class='ocr_par' dir='ltr' id='par_1_75' title="bbox 599 1840 1211 1872">
     <span class='ocr_line' id='line_1_75' title="bbox 599 1840 1211 1872; baseline 0 -5"><span class='ocrx_word' id='word_1_551' title='bbox 599 1840 770 1867; x_wconf 78' lang='lat' dir='ltr'><strong>Undecimum</strong></span> <span class='ocrx_word' id='word_1_552' title='bbox 786 1841 952 1872; x_wconf 83' lang='lat' dir='ltr'><strong>mandatum,</strong></span> <span class='ocrx_word' id='word_1_553' title='bbox 967 1841 1077 1868; x_wconf 73' lang='lat' dir='ltr'><strong>tristitia</strong></span> <span class='ocrx_word' id='word_1_554' title='bbox 1091 1840 1211 1868; x_wconf 76' lang='lat' dir='ltr'><strong>vitanda.</strong></span> 
     </span>
    </p>
   </div>
   <div class='ocr_carea' id='block_1_76' title="bbox 116 1887 868 1924">
    <p class='ocr_par' dir='ltr' id='par_1_76' title="bbox 116 1887 868 1924">
     <span class='ocr_line' id='line_1_76' title="bbox 116 1887 868 1924; baseline 0 -10"><span class='ocrx_word' id='word_1_555' title='bbox 116 1887 158 1914; x_wconf 79' lang='lat' dir='ltr'><strong>ll.</strong></span> <span class='ocrx_word' id='word_1_556' title='bbox 171 1887 225 1922; x_wconf 80' lang='grc'>(67)</span> <span class='ocrx_word' id='word_1_557' title='bbox 239 1887 295 1914; x_wconf 76' lang='grc' dir='ltr'><strong>Καὶ</strong></span> <span class='ocrx_word' id='word_1_558' title='bbox 311 1887 467 1922; x_wconf 74' lang='grc' dir='ltr'>εὐξαμένων</span> <span class='ocrx_word' id='word_1_559' title='bbox 485 1887 584 1920; x_wconf 79' lang='grc' dir='ltr'>αὐτῶν,</span> <span class='ocrx_word' id='word_1_560' title='bbox 597 1887 670 1922; x_wconf 80' lang='grc' dir='ltr'>λέγει</span> <span class='ocrx_word' id='word_1_561' title='bbox 686 1888 760 1924; x_wconf 78' lang='grc' dir='ltr'>αὐτῷ</span> <span class='ocrx_word' id='word_1_562' title='bbox 781 1890 795 1915; x_wconf 86' lang='grc' dir='ltr'>ὁ</span> <span class='ocrx_word' id='word_1_563' title='bbox 808 1889 868 1914; x_wconf 78' lang='grc' dir='ltr'><strong>ἐπί-</strong></span> 
     </span>
    </p>
   </div>
   <div class='ocr_carea' id='block_1_77' title="bbox 77 1932 868 1969">
    <p class='ocr_par' dir='ltr' id='par_1_77' title="bbox 77 1932 868 1969">
     <span class='ocr_line' id='line_1_77' title="bbox 77 1932 868 1969; baseline 0.001 -9"><span class='ocrx_word' id='word_1_564' title='bbox 77 1941 181 1964; x_wconf 83' lang='grc' dir='ltr'>σκοπος</span> <span class='ocrx_word' id='word_1_565' title='bbox 189 1940 195 1947; x_wconf 80' lang='grc'><em>“</em></span> <span class='ocrx_word' id='word_1_566' title='bbox 207 1934 304 1959; x_wconf 79' lang='grc' dir='ltr'>Ἀκουε</span> <span class='ocrx_word' id='word_1_567' title='bbox 313 1934 360 1960; x_wconf 81' lang='grc' dir='ltr'>καὶ</span> <span class='ocrx_word' id='word_1_568' title='bbox 371 1933 420 1969; x_wconf 77' lang='grc' dir='ltr'>τῆς</span> <span class='ocrx_word' id='word_1_569' title='bbox 431 1934 576 1968; x_wconf 74' lang='grc' dir='ltr'>ἑνδεκάτης</span> <span class='ocrx_word' id='word_1_570' title='bbox 591 1934 709 1969; x_wconf 77' lang='grc' dir='ltr'>ἐντολῆς·</span> <span class='ocrx_word' id='word_1_571' title='bbox 719 1932 753 1960; x_wconf 68' lang='grc' dir='ltr'><strong>Ἀ</strong></span> <span class='ocrx_word' id='word_1_572' title='bbox 758 1943 803 1969; x_wconf 88' lang='grc' dir='ltr'><strong>ρον</strong></span> <span class='ocrx_word' id='word_1_573' title='bbox 814 1935 868 1962; x_wconf 80' lang='grc' dir='ltr'><strong>ἀπὸ</strong></span> 
     </span>
    </p>
   </div>
   <div class='ocr_carea' id='block_1_78' title="bbox 78 1978 867 2015">
    <p class='ocr_par' dir='ltr' id='par_1_78' title="bbox 78 1978 867 2015">
     <span class='ocr_line' id='line_1_78' title="bbox 78 1978 867 2015; baseline 0.003 -11"><span class='ocrx_word' id='word_1_574' title='bbox 78 1978 127 2004; x_wconf 83' lang='grc' dir='ltr'><strong>σοῦ</strong></span> <span class='ocrx_word' id='word_1_575' title='bbox 140 1978 188 2013; x_wconf 78' lang='grc' dir='ltr'>τὴν</span> <span class='ocrx_word' id='word_1_576' title='bbox 204 1978 291 2014; x_wconf 85' lang='grc' dir='ltr'>λύπην</span> <span class='ocrx_word' id='word_1_577' title='bbox 301 1987 308 1994; x_wconf 88' lang='grc'><strong>·</strong></span> <span class='ocrx_word' id='word_1_578' title='bbox 323 1979 370 2005; x_wconf 83' lang='grc' dir='ltr'>καὶ</span> <span class='ocrx_word' id='word_1_579' title='bbox 386 1979 441 2015; x_wconf 88' lang='grc' dir='ltr'><strong>γὰρ</strong></span> <span class='ocrx_word' id='word_1_580' title='bbox 455 1980 523 2014; x_wconf 81' lang='grc' dir='ltr'>αῦτη</span> <span class='ocrx_word' id='word_1_581' title='bbox 535 1979 635 2014; x_wconf 64' lang='grc' dir='ltr'>ἀδελφή</span> <span class='ocrx_word' id='word_1_582' title='bbox 654 1981 711 2006; x_wconf 78' lang='grc' dir='ltr'>ἐστι</span> <span class='ocrx_word' id='word_1_583' title='bbox 726 1980 776 2014; x_wconf 78' lang='grc' dir='ltr'>τῆς</span> <span class='ocrx_word' id='word_1_584' title='bbox 791 1980 867 2015; x_wconf 73' lang='grc' dir='ltr'>διψυ-</span> 
     </span>
    </p>
   </div>
   <div class='ocr_carea' id='block_1_79' title="bbox 78 2023 868 2059">
    <p class='ocr_par' dir='ltr' id='par_1_79' title="bbox 78 2023 868 2059">
     <span class='ocr_line' id='line_1_79' title="bbox 78 2023 868 2059; baseline 0.005 -11"><span class='ocrx_word' id='word_1_585' title='bbox 78 2023 140 2058; x_wconf 71' lang='grc' dir='ltr'>χξας</span> <span class='ocrx_word' id='word_1_586' title='bbox 150 2031 157 2037; x_wconf 81' lang='grc'><strong>’</strong></span> <span class='ocrx_word' id='word_1_587' title='bbox 170 2024 217 2049; x_wconf 74' lang='grc' dir='ltr'>καὶ</span> <span class='ocrx_word' id='word_1_588' title='bbox 230 2023 278 2058; x_wconf 82' lang='grc' dir='ltr'>τῆς</span> <span class='ocrx_word' id='word_1_589' title='bbox 290 2023 438 2058; x_wconf 76' lang='grc' dir='ltr'>ὸξυχολίας.</span> <span class='ocrx_word' id='word_1_590' title='bbox 454 2024 558 2058; x_wconf 82' lang='grc' dir='ltr'>Λέγειὸ</span> <span class='ocrx_word' id='word_1_591' title='bbox 573 2024 719 2059; x_wconf 73' lang='grc' dir='ltr'>Ἀντίοχος·</span> <span class='ocrx_word' id='word_1_592' title='bbox 734 2025 807 2056; x_wconf 86' lang='grc' dir='ltr'>Πῶς,</span> <span class='ocrx_word' id='word_1_593' title='bbox 820 2025 868 2052; x_wconf 79' lang='grc' dir='ltr'><strong>κύ-</strong></span> 
     </span>
    </p>
   </div>
   <div class='ocr_carea' id='block_1_80' title="bbox 80 2068 870 2108">
    <p class='ocr_par' dir='ltr' id='par_1_80' title="bbox 80 2068 870 2108">
     <span class='ocr_line' id='line_1_80' title="bbox 80 2068 870 2108; baseline 0.004 -12"><span class='ocrx_word' id='word_1_594' title='bbox 80 2077 134 2104; x_wconf 80' lang='grc' dir='ltr'>ριε,</span> <span class='ocrx_word' id='word_1_595' title='bbox 151 2068 251 2104; x_wconf 65' lang='grc' dir='ltr'>ἀδελςρή</span> <span class='ocrx_word' id='word_1_596' title='bbox 263 2070 336 2096; x_wconf 79' lang='grc' dir='ltr'>ἐστιν</span> <span class='ocrx_word' id='word_1_597' title='bbox 349 2070 450 2105; x_wconf 53' lang='grc' dir='ltr'>αὐτῆς</span> <span class='ocrx_word' id='word_1_598' title='bbox 465 2071 546 2097; x_wconf 74' lang='grc' dir='ltr'>Ἄλλο</span> <span class='ocrx_word' id='word_1_599' title='bbox 561 2071 615 2106; x_wconf 85' lang='grc' dir='ltr'><strong>γάρ</strong></span> <span class='ocrx_word' id='word_1_600' title='bbox 631 2080 675 2106; x_wconf 87' lang='grc' dir='ltr'><strong>μοι</strong></span> <span class='ocrx_word' id='word_1_601' title='bbox 689 2071 762 2098; x_wconf 81' lang='grc' dir='ltr'>δοκεῖ</span> <span class='ocrx_word' id='word_1_602' title='bbox 777 2072 870 2108; x_wconf 77' lang='grc' dir='ltr'><strong>ὀξυχο-</strong></span> 
     </span>
    </p>
   </div>
   <div class='ocr_carea' id='block_1_81' title="bbox 78 2115 870 2153">
    <p class='ocr_par' dir='ltr' id='par_1_81' title="bbox 78 2115 870 2153">
     <span class='ocr_line' id='line_1_81' title="bbox 78 2115 870 2153; baseline 0.004 -12"><span class='ocrx_word' id='word_1_603' title='bbox 78 2115 135 2146; x_wconf 77' lang='grc' dir='ltr'>λία,</span> <span class='ocrx_word' id='word_1_604' title='bbox 156 2115 204 2141; x_wconf 73' lang='grc' dir='ltr'>καὶ</span> <span class='ocrx_word' id='word_1_605' title='bbox 226 2115 291 2142; x_wconf 80' lang='grc' dir='ltr'>ἄλλο</span> <span class='ocrx_word' id='word_1_606' title='bbox 308 2115 428 2150; x_wconf 68' lang='grc' dir='ltr'>διψυχία,</span> <span class='ocrx_word' id='word_1_607' title='bbox 447 2116 495 2143; x_wconf 71' lang='grc' dir='ltr'>καὶ</span> <span class='ocrx_word' id='word_1_608' title='bbox 516 2116 580 2144; x_wconf 80' lang='grc' dir='ltr'>ἄλλο</span> <span class='ocrx_word' id='word_1_609' title='bbox 596 2116 678 2152; x_wconf 86' lang='grc' dir='ltr'>λύπη.</span> <span class='ocrx_word' id='word_1_610' title='bbox 700 2117 781 2151; x_wconf 81' lang='grc' dir='ltr'>Λέγει</span> <span class='ocrx_word' id='word_1_611' title='bbox 797 2118 870 2153; x_wconf 73' lang='grc' dir='ltr'>αὐτῷ</span> 
     </span>
    </p>
   </div>
   <div class='ocr_carea' id='block_1_82' title="bbox 78 2162 869 2199">
    <p class='ocr_par' dir='ltr' id='par_1_82' title="bbox 78 2162 869 2199">
     <span class='ocr_line' id='line_1_82' title="bbox 78 2162 869 2199; baseline 0.003 -11"><span class='ocrx_word' id='word_1_612' title='bbox 78 2164 95 2189; x_wconf 65' lang='grc' dir='ltr'>ὁ</span> <span class='ocrx_word' id='word_1_613' title='bbox 108 2162 271 2193; x_wconf 76' lang='grc' dir='ltr'>ἐπίσκοπος·</span> <span class='ocrx_word' id='word_1_614' title='bbox 289 2162 336 2189; x_wconf 83' lang='grc' dir='ltr'><strong>Διὰ</strong></span> <span class='ocrx_word' id='word_1_615' title='bbox 349 2162 375 2188; x_wconf 86' lang='grc' dir='ltr'><strong>τί</strong></span> <span class='ocrx_word' id='word_1_616' title='bbox 395 2163 425 2189; x_wconf 80' lang='grc' dir='ltr'>οὐ</span> <span class='ocrx_word' id='word_1_617' title='bbox 442 2163 510 2195; x_wconf 85' lang='grc' dir='ltr'>νοεῖς</span> <span class='ocrx_word' id='word_1_618' title='bbox 530 2163 565 2190; x_wconf 83' lang='grc' dir='ltr'><strong>τά</strong></span> <span class='ocrx_word' id='word_1_619' title='bbox 579 2163 712 2199; x_wconf 85' lang='grc' dir='ltr'>λεγόμενά</span> <span class='ocrx_word' id='word_1_620' title='bbox 730 2172 770 2190; x_wconf 81' lang='grc' dir='ltr'><strong>σοι</strong></span> <span class='ocrx_word' id='word_1_621' title='bbox 785 2172 791 2195; x_wconf 87' lang='lat'><strong>;</strong></span> <span class='ocrx_word' id='word_1_622' title='bbox 815 2165 869 2190; x_wconf 82' lang='grc' dir='ltr'><strong>Καὶ</strong></span> 
     </span>
    </p>
   </div>
   <div class='ocr_carea' id='block_1_83' title="bbox 79 2208 869 2245">
    <p class='ocr_par' dir='ltr' id='par_1_83' title="bbox 79 2208 869 2245">
     <span class='ocr_line' id='line_1_83' title="bbox 79 2208 869 2245; baseline 0.005 -11"><span class='ocrx_word' id='word_1_623' title='bbox 79 2208 135 2245; x_wconf 56' lang='grc' dir='ltr'>γὰρ</span> <span class='ocrx_word' id='word_1_624' title='bbox 146 2209 244 2235; x_wconf 73' lang='grc' dir='ltr'>ἐκεῖνοι</span> <span class='ocrx_word' id='word_1_625' title='bbox 260 2209 290 2235; x_wconf 78' lang='grc' dir='ltr'>οὐ</span> <span class='ocrx_word' id='word_1_626' title='bbox 310 2209 426 2242; x_wconf 75' lang='grc' dir='ltr'>νοοῦσιν,</span> <span class='ocrx_word' id='word_1_627' title='bbox 446 2210 471 2236; x_wconf 79' lang='grc' dir='ltr'>οἱ</span> <span class='ocrx_word' id='word_1_628' title='bbox 486 2210 626 2245; x_wconf 84' lang='grc' dir='ltr'>βάλλοντες</span> <span class='ocrx_word' id='word_1_629' title='bbox 650 2211 762 2242; x_wconf 75' lang='grc' dir='ltr'>ἑαυτοὺς</span> <span class='ocrx_word' id='word_1_630' title='bbox 779 2212 819 2242; x_wconf 88' lang='grc' dir='ltr'><strong>εἰς</strong></span> <span class='ocrx_word' id='word_1_631' title='bbox 835 2211 869 2238; x_wconf 75' lang='grc' dir='ltr'>τὰ</span> 
     </span>
    </p>
   </div>
   <div class='ocr_carea' id='block_1_84' title="bbox 81 2255 869 2293">
    <p class='ocr_par' dir='ltr' id='par_1_84' title="bbox 81 2255 869 2293">
     <span class='ocr_line' id='line_1_84' title="bbox 81 2255 869 2293; baseline 0.003 -11"><span class='ocrx_word' id='word_1_632' title='bbox 81 2256 202 2292; x_wconf 71' lang='grc' dir='ltr'>σαρκικὰ</span> <span class='ocrx_word' id='word_1_633' title='bbox 228 2256 275 2282; x_wconf 72' lang='grc' dir='ltr'><strong>καὶ</strong></span> <span class='ocrx_word' id='word_1_634' title='bbox 302 2255 423 2291; x_wconf 83' lang='grc' dir='ltr'>κοσμικά</span> <span class='ocrx_word' id='word_1_635' title='bbox 446 2257 609 2292; x_wconf 83' lang='grc' dir='ltr'>πράγματα.</span> <span class='ocrx_word' id='word_1_636' title='bbox 637 2258 673 2284; x_wconf 78' lang='grc' dir='ltr'><strong>Οὐ</strong></span> <span class='ocrx_word' id='word_1_637' title='bbox 693 2259 763 2292; x_wconf 73' lang='grc' dir='ltr'>νοεῖς</span> <span class='ocrx_word' id='word_1_638' title='bbox 785 2258 825 2284; x_wconf 79' lang='grc' dir='ltr'>ὅτι</span> <span class='ocrx_word' id='word_1_639' title='bbox 852 2259 869 2293; x_wconf 82' lang='grc' dir='ltr'>ἡ</span> 
     </span>
    </p>
   </div>
   <div class='ocr_carea' id='block_1_85' title="bbox 80 2301 871 2339">
    <p class='ocr_par' dir='ltr' id='par_1_85' title="bbox 80 2301 871 2339">
     <span class='ocr_line' id='line_1_85' title="bbox 80 2301 871 2339; baseline 0.004 -12"><span class='ocrx_word' id='word_1_640' title='bbox 80 2302 155 2336; x_wconf 70' lang='grc' dir='ltr'>λύπη</span> <span class='ocrx_word' id='word_1_641' title='bbox 182 2301 289 2328; x_wconf 80' lang='grc' dir='ltr'>πάντων</span> <span class='ocrx_word' id='word_1_642' title='bbox 323 2301 377 2328; x_wconf 86' lang='grc' dir='ltr'><strong>τῶν</strong></span> <span class='ocrx_word' id='word_1_643' title='bbox 404 2302 498 2329; x_wconf 83' lang='grc' dir='ltr'>παθῶν</span> <span class='ocrx_word' id='word_1_644' title='bbox 534 2303 704 2339; x_wconf 78' lang='grc' dir='ltr'>πονηροτέρα</span> <span class='ocrx_word' id='word_1_645' title='bbox 737 2304 796 2330; x_wconf 73' lang='grc' dir='ltr'>ἐστὶ</span> <span class='ocrx_word' id='word_1_646' title='bbox 824 2304 871 2330; x_wconf 83' lang='grc' dir='ltr'>καὶ</span> 
     </span>
    </p>
   </div>
   <div class='ocr_carea' id='block_1_86' title="bbox 81 2346 870 2384">
    <p class='ocr_par' dir='ltr' id='par_1_86' title="bbox 81 2346 870 2384">
     <span class='ocr_line' id='line_1_86' title="bbox 81 2346 870 2384; baseline 0.005 -12"><span class='ocrx_word' id='word_1_647' title='bbox 81 2346 221 2381; x_wconf 78' lang='grc' dir='ltr'>δεινοτάτη</span> <span class='ocrx_word' id='word_1_648' title='bbox 237 2347 293 2377; x_wconf 78' lang='grc' dir='ltr'>τοῖς</span> <span class='ocrx_word' id='word_1_649' title='bbox 319 2346 424 2378; x_wconf 85' lang='grc' dir='ltr'>δούλοις</span> <span class='ocrx_word' id='word_1_650' title='bbox 446 2347 492 2374; x_wconf 87' lang='grc' dir='ltr'><strong>τοῦ</strong></span> <span class='ocrx_word' id='word_1_651' title='bbox 516 2347 594 2380; x_wconf 87' lang='grc' dir='ltr'>Θεοῦ,</span> <span class='ocrx_word' id='word_1_652' title='bbox 619 2348 666 2375; x_wconf 78' lang='grc' dir='ltr'><strong>καὶ</strong></span> <span class='ocrx_word' id='word_1_653' title='bbox 685 2348 760 2384; x_wconf 80' lang='grc' dir='ltr'>παρὰ</span> <span class='ocrx_word' id='word_1_654' title='bbox 782 2350 870 2376; x_wconf 84' lang='grc' dir='ltr'>πάντα</span> 
     </span>
    </p>
   </div>
   <div class='ocr_carea' id='block_1_87' title="bbox 81 2391 870 2430">
    <p class='ocr_par' dir='ltr' id='par_1_87' title="bbox 81 2391 870 2430">
     <span class='ocr_line' id='line_1_87' title="bbox 81 2391 870 2430; baseline 0.005 -12"><span class='ocrx_word' id='word_1_655' title='bbox 81 2392 116 2418; x_wconf 64' lang='grc' dir='ltr'>τὶ</span> <span class='ocrx_word' id='word_1_656' title='bbox 132 2391 273 2426; x_wconf 77' lang='grc' dir='ltr'>πνεύματα</span> <span class='ocrx_word' id='word_1_657' title='bbox 289 2391 344 2427; x_wconf 84' lang='grc'><strong>(68)</strong></span> <span class='ocrx_word' id='word_1_658' title='bbox 371 2392 549 2428; x_wconf 67' lang='grc' dir='ltr'>καταφθείρει</span> <span class='ocrx_word' id='word_1_659' title='bbox 566 2394 611 2421; x_wconf 86' lang='grc' dir='ltr'><strong>τὸν</strong></span> <span class='ocrx_word' id='word_1_660' title='bbox 633 2393 774 2430; x_wconf 76' lang='grc' dir='ltr'>ἄνθρωπον</span> <span class='ocrx_word' id='word_1_661' title='bbox 793 2394 870 2430; x_wconf 82' lang='lat'><strong>(69);</strong></span> 
     </span>
    </p>
   </div>
   <div class='ocr_carea' id='block_1_88' title="bbox 84 2437 870 2475">
    <p class='ocr_par' dir='ltr' id='par_1_88' title="bbox 84 2437 870 2475">
     <span class='ocr_line' id='line_1_88' title="bbox 84 2437 870 2475; baseline 0.005 -12"><span class='ocrx_word' id='word_1_662' title='bbox 84 2439 114 2464; x_wconf 84' lang='grc' dir='ltr'><strong>υἱ</strong></span> <span class='ocrx_word' id='word_1_663' title='bbox 129 2437 157 2463; x_wconf 83' lang='grc' dir='ltr'>δὲ</span> <span class='ocrx_word' id='word_1_664' title='bbox 174 2437 254 2471; x_wconf 79' lang='grc' dir='ltr'>φόϐον</span> <span class='ocrx_word' id='word_1_665' title='bbox 271 2437 377 2472; x_wconf 78' lang='grc' dir='ltr'>ἔχοντες</span> <span class='ocrx_word' id='word_1_666' title='bbox 395 2438 463 2465; x_wconf 87' lang='grc' dir='ltr'>Θεοῦ</span> <span class='ocrx_word' id='word_1_667' title='bbox 479 2439 526 2466; x_wconf 72' lang='grc' dir='ltr'>καὶ</span> <span class='ocrx_word' id='word_1_668' title='bbox 545 2439 709 2475; x_wconf 80' lang='grc' dir='ltr'>ἐρευνῶντες</span> <span class='ocrx_word' id='word_1_669' title='bbox 722 2441 786 2474; x_wconf 83' lang='grc' dir='ltr'>περὶ</span> <span class='ocrx_word' id='word_1_670' title='bbox 802 2440 870 2467; x_wconf 79' lang='grc' dir='ltr'>Θεοῦ</span> 
     </span>
    </p>
   </div>
   <div class='ocr_carea' id='block_1_89' title="bbox 84 2483 871 2521">
    <p class='ocr_par' dir='ltr' id='par_1_89' title="bbox 84 2483 871 2521">
     <span class='ocr_line' id='line_1_89' title="bbox 84 2483 871 2521; baseline 0.003 -11"><span class='ocrx_word' id='word_1_671' title='bbox 84 2484 172 2519; x_wconf 72' lang='grc' dir='ltr'>ἔργων</span> <span class='ocrx_word' id='word_1_672' title='bbox 191 2483 238 2510; x_wconf 68' lang='grc' dir='ltr'><strong>καὶ</strong></span> <span class='ocrx_word' id='word_1_673' title='bbox 258 2483 386 2518; x_wconf 73' lang='grc' dir='ltr'>ἀληθεῐας</span> <span class='ocrx_word' id='word_1_674' title='bbox 401 2484 449 2511; x_wconf 75' lang='grc' dir='ltr'>καὶ</span> <span class='ocrx_word' id='word_1_675' title='bbox 467 2484 517 2520; x_wconf 82' lang='grc' dir='ltr'>τὴν</span> <span class='ocrx_word' id='word_1_676' title='bbox 539 2485 654 2520; x_wconf 75' lang='grc' dir='ltr'>καρδεαν</span> <span class='ocrx_word' id='word_1_677' title='bbox 673 2485 779 2520; x_wconf 81' lang='grc' dir='ltr'>ἔχοντες</span> <span class='ocrx_word' id='word_1_678' title='bbox 803 2486 871 2521; x_wconf 79' lang='grc' dir='ltr'>πρὸς</span> 
     </span>
    </p>
   </div>
   <div class='ocr_carea' id='block_1_90' title="bbox 84 2529 872 2566">
    <p class='ocr_par' dir='ltr' id='par_1_90' title="bbox 84 2529 872 2566">
     <span class='ocr_line' id='line_1_90' title="bbox 84 2529 872 2566; baseline 0.003 -11"><span class='ocrx_word' id='word_1_679' title='bbox 84 2529 198 2565; x_wconf 76' lang='grc' dir='ltr'>Κύριον,</span> <span class='ocrx_word' id='word_1_680' title='bbox 209 2529 298 2556; x_wconf 82' lang='grc' dir='ltr'>πάντα</span> <span class='ocrx_word' id='word_1_681' title='bbox 312 2530 346 2556; x_wconf 85' lang='grc' dir='ltr'><strong>τὰ</strong></span> <span class='ocrx_word' id='word_1_682' title='bbox 360 2530 495 2566; x_wconf 82' lang='grc' dir='ltr'>λεγόμενα</span> <span class='ocrx_word' id='word_1_683' title='bbox 508 2530 600 2562; x_wconf 77' lang='grc' dir='ltr'>αὐτοῖς</span> <span class='ocrx_word' id='word_1_684' title='bbox 613 2531 706 2566; x_wconf 83' lang='grc' dir='ltr'>τάχιον</span> <span class='ocrx_word' id='word_1_685' title='bbox 722 2531 809 2558; x_wconf 88' lang='grc' dir='ltr'>νοοῦσι</span> <span class='ocrx_word' id='word_1_686' title='bbox 825 2532 872 2557; x_wconf 78' lang='grc' dir='ltr'>καὶ</span> 
     </span>
    </p>
   </div>
   <div class='ocr_carea' id='block_1_91' title="bbox 85 2574 872 2612">
    <p class='ocr_par' dir='ltr' id='par_1_91' title="bbox 85 2574 872 2612">
     <span class='ocr_line' id='line_1_91' title="bbox 85 2574 872 2612; baseline 0.003 -12"><span class='ocrx_word' id='word_1_687' title='bbox 85 2574 241 2608; x_wconf 72' lang='grc' dir='ltr'>συνιοῦσιν,</span> <span class='ocrx_word' id='word_1_688' title='bbox 271 2575 312 2601; x_wconf 82' lang='grc' dir='ltr'>ὅτι</span> <span class='ocrx_word' id='word_1_689' title='bbox 343 2575 459 2611; x_wconf 84' lang='grc' dir='ltr'>καθαροί</span> <span class='ocrx_word' id='word_1_690' title='bbox 486 2576 538 2602; x_wconf 78' lang='grc' dir='ltr'>εἰσι</span> <span class='ocrx_word' id='word_1_691' title='bbox 568 2575 616 2602; x_wconf 73' lang='grc' dir='ltr'>καὶ</span> <span class='ocrx_word' id='word_1_692' title='bbox 645 2576 793 2612; x_wconf 79' lang='grc' dir='ltr'>ἀμέριμνοι</span> <span class='ocrx_word' id='word_1_693' title='bbox 818 2577 872 2602; x_wconf 81' lang='grc' dir='ltr'><strong>ἀπὸ</strong></span> 
     </span>
    </p>
   </div>
   <div class='ocr_carea' id='block_1_92' title="bbox 85 2620 871 2656">
    <p class='ocr_par' dir='ltr' id='par_1_92' title="bbox 85 2620 871 2656">
     <span class='ocr_line' id='line_1_92' title="bbox 85 2620 871 2656; baseline 0.003 -10"><span class='ocrx_word' id='word_1_694' title='bbox 85 2620 178 2654; x_wconf 67' lang='grc' dir='ltr'>’πάσης</span> <span class='ocrx_word' id='word_1_695' title='bbox 194 2620 333 2656; x_wconf 74' lang='grc' dir='ltr'>φροντίδος</span> <span class='ocrx_word' id='word_1_696' title='bbox 355 2621 402 2647; x_wconf 71' lang='grc' dir='ltr'><strong>καὶ</strong></span> <span class='ocrx_word' id='word_1_697' title='bbox 419 2620 554 2656; x_wconf 79' lang='grc' dir='ltr'>μερίμνης</span> <span class='ocrx_word' id='word_1_698' title='bbox 570 2621 715 2656; x_wconf 77' lang='grc' dir='ltr'>κοσμικῆς,</span> <span class='ocrx_word' id='word_1_699' title='bbox 729 2622 776 2648; x_wconf 76' lang='grc' dir='ltr'><strong>καὶ</strong></span> <span class='ocrx_word' id='word_1_700' title='bbox 795 2622 871 2648; x_wconf 76' lang='grc' dir='ltr'>οὐδὲν</span> 
     </span>
    </p>
   </div>
   <div class='ocr_carea' id='block_1_93' title="bbox 83 2664 870 2702">
    <p class='ocr_par' dir='ltr' id='par_1_93' title="bbox 83 2664 870 2702">
     <span class='ocr_line' id='line_1_93' title="bbox 83 2664 870 2702; baseline 0.001 -10"><span class='ocrx_word' id='word_1_701' title='bbox 83 2664 150 2692; x_wconf 77' lang='grc' dir='ltr'>ἀλλο</span> <span class='ocrx_word' id='word_1_702' title='bbox 168 2665 192 2691; x_wconf 79' lang='grc' dir='ltr'>εἰ</span> <span class='ocrx_word' id='word_1_703' title='bbox 210 2665 248 2701; x_wconf 83' lang='grc' dir='ltr'>μὴ</span> <span class='ocrx_word' id='word_1_704' title='bbox 269 2665 314 2693; x_wconf 80' lang='grc' dir='ltr'><strong>τὸν</strong></span> <span class='ocrx_word' id='word_1_705' title='bbox 334 2666 416 2700; x_wconf 79' lang='grc' dir='ltr'>φόὸον</span> <span class='ocrx_word' id='word_1_706' title='bbox 430 2667 476 2693; x_wconf 83' lang='grc' dir='ltr'><strong>τοῦ</strong></span> <span class='ocrx_word' id='word_1_707' title='bbox 491 2666 559 2693; x_wconf 84' lang='grc' dir='ltr'>Θεοῦ</span> <span class='ocrx_word' id='word_1_708' title='bbox 575 2667 682 2702; x_wconf 76' lang='grc' dir='ltr'>ἔχουσιν</span> <span class='ocrx_word' id='word_1_709' title='bbox 697 2668 726 2693; x_wconf 81' lang='grc' dir='ltr'>ὲν</span> <span class='ocrx_word' id='word_1_710' title='bbox 755 2668 870 2699; x_wconf 79' lang='grc' dir='ltr'>ἑαυτοῖς.</span> 
     </span>
    </p>
   </div>
   <div class='ocr_carea' id='block_1_94' title="bbox 121 2721 355 2753">
    <p class='ocr_par' dir='ltr' id='par_1_94' title="bbox 121 2721 355 2753">
     <span class='ocr_line' id='line_1_94' title="bbox 121 2721 355 2753; baseline 0.013 -6"><span class='ocrx_word' id='word_1_711' title='bbox 121 2722 145 2738; x_wconf 83' lang='grc'><strong>⁷¹</strong></span> <span class='ocrx_word' id='word_1_712' title='bbox 159 2721 254 2750; x_wconf 82' lang='lat' dir='ltr'><strong>Matth.</strong></span> <span class='ocrx_word' id='word_1_713' title='bbox 271 2731 296 2753; x_wconf 84' lang='lat' dir='ltr'><strong>v,</strong></span> <span class='ocrx_word' id='word_1_714' title='bbox 310 2722 355 2750; x_wconf 83' lang='lat'><strong>39.</strong></span> 
     </span>
    </p>
   </div>
   <div class='ocr_carea' id='block_1_95' title="bbox 122 2767 527 2806">
    <p class='ocr_par' dir='ltr' id='par_1_95' title="bbox 122 2767 527 2806">
     <span class='ocr_line' id='line_1_95' title="bbox 122 2767 527 2806; baseline 0.005 -12"><span class='ocrx_word' id='word_1_715' title='bbox 196 2767 246 2806; x_wconf 69' lang='lat' dir='ltr'><strong>ilic</strong></span> <span class='ocrx_word' id='word_1_716' title='bbox 257 2768 342 2795; x_wconf 86' lang='lat' dir='ltr'><strong>multa</strong></span> <span class='ocrx_word' id='word_1_717' title='bbox 354 2768 527 2806; x_wconf 74' lang='lat' dir='ltr'><strong>omittuntur.</strong></span> 
     </span>
    </p>
   </div>
   <div class='ocr_carea' id='block_1_96' title="bbox 123 2802 840 2836">
    <p class='ocr_par' dir='ltr' id='par_1_96' title="bbox 123 2802 840 2836">
     <span class='ocr_line' id='line_1_96' title="bbox 123 2802 840 2836; baseline 0.006 -8"><span class='ocrx_word' id='word_1_718' title='bbox 123 2802 180 2836; x_wconf 81' lang='lat'><strong>(66)</strong></span> <span class='ocrx_word' id='word_1_719' title='bbox 198 2802 259 2830; x_wconf 76' lang='lat' dir='ltr'><strong>Haec</strong></span> <span class='ocrx_word' id='word_1_720' title='bbox 274 2811 329 2830; x_wconf 71' lang='lat' dir='ltr'><strong>non</strong></span> <span class='ocrx_word' id='word_1_721' title='bbox 343 2804 454 2831; x_wconf 91' lang='lat' dir='ltr'><strong>omnino</strong></span> <span class='ocrx_word' id='word_1_722' title='bbox 465 2804 565 2832; x_wconf 78' lang='lat' dir='ltr'><strong>similia</strong></span> <span class='ocrx_word' id='word_1_723' title='bbox 582 2803 689 2831; x_wconf 61' lang='lat' dir='ltr'><strong>Hermae</strong></span> <span class='ocrx_word' id='word_1_724' title='bbox 704 2805 840 2832; x_wconf 87' lang='lat' dir='ltr'><strong>mandato.</strong></span> 
     </span>
    </p>
   </div>
   <div class='ocr_carea' id='block_1_97' title="bbox 124 2837 496 2872">
    <p class='ocr_par' dir='ltr' id='par_1_97' title="bbox 124 2837 496 2872">
     <span class='ocr_line' id='line_1_97' title="bbox 124 2837 496 2872; baseline 0.008 -10"><span class='ocrx_word' id='word_1_725' title='bbox 124 2837 181 2872; x_wconf 75' lang='lat'><strong>(67)</strong></span> <span class='ocrx_word' id='word_1_726' title='bbox 200 2837 306 2865; x_wconf 69' lang='lat' dir='ltr'><strong>Hermro</strong></span> <span class='ocrx_word' id='word_1_727' title='bbox 318 2839 438 2866; x_wconf 88' lang='lat' dir='ltr'><strong>mandat.</strong></span> <span class='ocrx_word' id='word_1_728' title='bbox 454 2840 496 2866; x_wconf 86' lang='grc' dir='ltr'><strong>Η.</strong></span> 
     </span>
    </p>
   </div>
   <div class='ocr_carea' id='block_1_98' title="bbox 122 2872 872 2908">
    <p class='ocr_par' dir='ltr' id='par_1_98' title="bbox 122 2872 872 2908">
     <span class='ocr_line' id='line_1_98' title="bbox 122 2872 872 2908; baseline 0.003 -9"><span class='ocrx_word' id='word_1_729' title='bbox 122 2872 179 2907; x_wconf 73' lang='lat'><strong>(08)</strong></span> <span class='ocrx_word' id='word_1_730' title='bbox 195 2873 335 2908; x_wconf 72' lang='grc' dir='ltr'><strong>Καὶπιιρά</strong></span> <span class='ocrx_word' id='word_1_731' title='bbox 350 2873 446 2901; x_wconf 72' lang='grc' dir='ltr'>πάντα</span> <span class='ocrx_word' id='word_1_732' title='bbox 457 2875 493 2902; x_wconf 74' lang='grc' dir='ltr'>τὰ</span> <span class='ocrx_word' id='word_1_733' title='bbox 507 2875 669 2908; x_wconf 70' lang='grc' dir='ltr'>πνεύματα.</span> <span class='ocrx_word' id='word_1_734' title='bbox 686 2873 746 2902; x_wconf 68' lang='lat' dir='ltr'><strong>Hrcc</strong></span> <span class='ocrx_word' id='word_1_735' title='bbox 766 2875 804 2903; x_wconf 85' lang='lat' dir='ltr'><strong>sic</strong></span> <span class='ocrx_word' id='word_1_736' title='bbox 819 2874 872 2902; x_wconf 80' lang='lat' dir='ltr'><strong>La-</strong></span> 
     </span>
    </p>
   </div>
   <div class='ocr_carea' id='block_1_99' title="bbox 957 1886 1704 1923">
    <p class='ocr_par' dir='ltr' id='par_1_99' title="bbox 957 1886 1704 1923">
     <span class='ocr_line' id='line_1_99' title="bbox 957 1886 1704 1923; baseline -0.004 -7"><span class='ocrx_word' id='word_1_737' title='bbox 957 1888 1000 1916; x_wconf 82' lang='grc'><strong>11.</strong></span> <span class='ocrx_word' id='word_1_738' title='bbox 1021 1888 1052 1915; x_wconf 88' lang='lat' dir='ltr'><strong>Et</strong></span> <span class='ocrx_word' id='word_1_739' title='bbox 1066 1893 1210 1923; x_wconf 88' lang='lat' dir='ltr'><strong>postquam</strong></span> <span class='ocrx_word' id='word_1_740' title='bbox 1227 1887 1307 1914; x_wconf 91' lang='lat' dir='ltr'><strong>ambo</strong></span> <span class='ocrx_word' id='word_1_741' title='bbox 1328 1886 1430 1922; x_wconf 86' lang='lat' dir='ltr'><strong>precati</strong></span> <span class='ocrx_word' id='word_1_742' title='bbox 1448 1890 1523 1917; x_wconf 84' lang='lat' dir='ltr'><strong>sunt,</strong></span> <span class='ocrx_word' id='word_1_743' title='bbox 1540 1886 1577 1914; x_wconf 92' lang='lat' dir='ltr'><strong>ait</strong></span> <span class='ocrx_word' id='word_1_744' title='bbox 1591 1886 1629 1913; x_wconf 94' lang='lat' dir='ltr'><strong>illi</strong></span> <span class='ocrx_word' id='word_1_745' title='bbox 1645 1886 1704 1922; x_wconf 82' lang='lat' dir='ltr'><strong>epi-</strong></span> 
     </span>
    </p>
   </div>
   <div class='ocr_carea' id='block_1_100' title="bbox 921 1931 1706 1969">
    <p class='ocr_par' dir='ltr' id='par_1_100' title="bbox 921 1931 1706 1969">
     <span class='ocr_line' id='line_1_100' title="bbox 921 1931 1706 1969; baseline -0.003 -7"><span class='ocrx_word' id='word_1_746' title='bbox 921 1942 1019 1969; x_wconf 89' lang='lat' dir='ltr'><strong>scopus</strong></span> <span class='ocrx_word' id='word_1_747' title='bbox 1030 1944 1036 1961; x_wconf 87' lang='lat'><strong>:</strong></span> <span class='ocrx_word' id='word_1_748' title='bbox 1046 1934 1116 1961; x_wconf 88' lang='lat' dir='ltr'><strong>Audi</strong></span> <span class='ocrx_word' id='word_1_749' title='bbox 1128 1933 1300 1961; x_wconf 85' lang='lat' dir='ltr'><strong>undecimum</strong></span> <span class='ocrx_word' id='word_1_750' title='bbox 1311 1940 1420 1968; x_wconf 88' lang='lat' dir='ltr'><strong>quoque</strong></span> <span class='ocrx_word' id='word_1_751' title='bbox 1433 1935 1606 1967; x_wconf 73' lang='lat' dir='ltr'><strong>praeceptum.</strong></span> <span class='ocrx_word' id='word_1_752' title='bbox 1623 1931 1706 1967; x_wconf 76' lang='lat' dir='ltr'><strong>Exige</strong></span> 
     </span>
    </p>
   </div>
   <div class='ocr_carea' id='block_1_101' title="bbox 919 1977 1706 2010">
    <p class='ocr_par' dir='ltr' id='par_1_101' title="bbox 919 1977 1706 2010">
     <span class='ocr_line' id='line_1_101' title="bbox 919 1977 1706 2010; baseline -0.005 -2"><span class='ocrx_word' id='word_1_753' title='bbox 919 1989 934 2008; x_wconf 91' lang='lat' dir='ltr'><strong>a</strong></span> <span class='ocrx_word' id='word_1_754' title='bbox 956 1986 983 2008; x_wconf 92' lang='lat' dir='ltr'><strong>te</strong></span> <span class='ocrx_word' id='word_1_755' title='bbox 1001 1988 1107 2008; x_wconf 88' lang='lat' dir='ltr'><strong>omnem</strong></span> <span class='ocrx_word' id='word_1_756' title='bbox 1126 1979 1277 2010; x_wconf 87' lang='lat' dir='ltr'><strong>tristitiam,</strong></span> <span class='ocrx_word' id='word_1_757' title='bbox 1293 1986 1356 2006; x_wconf 88' lang='lat' dir='ltr'><strong>nam</strong></span> <span class='ocrx_word' id='word_1_758' title='bbox 1378 1985 1457 2006; x_wconf 88' lang='lat' dir='ltr'><strong>soror</strong></span> <span class='ocrx_word' id='word_1_759' title='bbox 1480 1978 1525 2004; x_wconf 85' lang='lat' dir='ltr'><strong>illa</strong></span> <span class='ocrx_word' id='word_1_760' title='bbox 1551 1981 1597 2009; x_wconf 52' lang='lat' dir='ltr'><strong>est.</strong></span> <span class='ocrx_word' id='word_1_761' title='bbox 1622 1977 1706 2005; x_wconf 84' lang='lat' dir='ltr'><strong>animi</strong></span> 
     </span>
    </p>
   </div>
   <div class='ocr_carea' id='block_1_102' title="bbox 919 2022 1706 2057">
    <p class='ocr_par' dir='ltr' id='par_1_102' title="bbox 919 2022 1706 2057">
     <span class='ocr_line' id='line_1_102' title="bbox 919 2022 1706 2057; baseline -0.008 -3"><span class='ocrx_word' id='word_1_762' title='bbox 919 2027 995 2054; x_wconf 88' lang='lat' dir='ltr'><strong>dubii</strong></span> <span class='ocrx_word' id='word_1_763' title='bbox 1018 2030 1045 2054; x_wconf 92' lang='lat' dir='ltr'><strong>et</strong></span> <span class='ocrx_word' id='word_1_764' title='bbox 1065 2025 1227 2057; x_wconf 64' lang='lat' dir='ltr'><strong>haesitantis,</strong></span> <span class='ocrx_word' id='word_1_765' title='bbox 1246 2032 1296 2052; x_wconf 88' lang='lat' dir='ltr'><strong>nec</strong></span> <span class='ocrx_word' id='word_1_766' title='bbox 1317 2032 1372 2051; x_wconf 87' lang='lat' dir='ltr'><strong>non</strong></span> <span class='ocrx_word' id='word_1_767' title='bbox 1389 2023 1544 2051; x_wconf 59' lang='lat' dir='ltr'><strong>iracundia).</strong></span> <span class='ocrx_word' id='word_1_768' title='bbox 1563 2022 1632 2049; x_wconf 92' lang='lat' dir='ltr'><strong>Tum</strong></span> <span class='ocrx_word' id='word_1_769' title='bbox 1648 2022 1706 2049; x_wconf 84' lang='lat' dir='ltr'><strong>An-</strong></span> 
     </span>
    </p>
   </div>
   <div class='ocr_carea' id='block_1_103' title="bbox 920 2068 1707 2105">
    <p class='ocr_par' dir='ltr' id='par_1_103' title="bbox 920 2068 1707 2105">
     <span class='ocr_line' id='line_1_103' title="bbox 920 2068 1707 2105; baseline -0.005 -6"><span class='ocrx_word' id='word_1_770' title='bbox 920 2072 1029 2099; x_wconf 87' lang='lat' dir='ltr'><strong>tiochus</strong></span> <span class='ocrx_word' id='word_1_771' title='bbox 1043 2079 1050 2096; x_wconf 83' lang='lat'><strong>:</strong></span> <span class='ocrx_word' id='word_1_772' title='bbox 1064 2070 1127 2104; x_wconf 86' lang='lat' dir='ltr'><strong>Qui,</strong></span> <span class='ocrx_word' id='word_1_773' title='bbox 1142 2078 1244 2105; x_wconf 66' lang='lat' dir='ltr'><strong>quaeso,</strong></span> <span class='ocrx_word' id='word_1_774' title='bbox 1263 2069 1312 2102; x_wconf 88' lang='lat' dir='ltr'><strong>ait,</strong></span> <span class='ocrx_word' id='word_1_775' title='bbox 1330 2069 1454 2101; x_wconf 88' lang='lat' dir='ltr'><strong>Domine,</strong></span> <span class='ocrx_word' id='word_1_776' title='bbox 1470 2076 1548 2096; x_wconf 89' lang='lat' dir='ltr'><strong>soror</strong></span> <span class='ocrx_word' id='word_1_777' title='bbox 1560 2069 1635 2096; x_wconf 85' lang='lat' dir='ltr'><strong>illius</strong></span> <span class='ocrx_word' id='word_1_778' title='bbox 1648 2068 1707 2095; x_wconf 82' lang='lat' dir='ltr'><strong>est?</strong></span> 
     </span>
    </p>
   </div>
   <div class='ocr_carea' id='block_1_104' title="bbox 922 2114 1706 2145">
    <p class='ocr_par' dir='ltr' id='par_1_104' title="bbox 922 2114 1706 2145">
     <span class='ocr_line' id='line_1_104' title="bbox 922 2114 1706 2145; baseline -0.001 -2"><span class='ocrx_word' id='word_1_779' title='bbox 922 2116 1002 2143; x_wconf 86' lang='lat' dir='ltr'><strong>Aliud</strong></span> <span class='ocrx_word' id='word_1_780' title='bbox 1019 2117 1091 2143; x_wconf 89' lang='lat' dir='ltr'><strong>enim</strong></span> <span class='ocrx_word' id='word_1_781' title='bbox 1108 2116 1216 2143; x_wconf 87' lang='lat' dir='ltr'><strong>videtur</strong></span> <span class='ocrx_word' id='word_1_782' title='bbox 1234 2115 1300 2142; x_wconf 89' lang='lat' dir='ltr'><strong>mihi</strong></span> <span class='ocrx_word' id='word_1_783' title='bbox 1313 2114 1465 2145; x_wconf 85' lang='lat' dir='ltr'><strong>iracundia,</strong></span> <span class='ocrx_word' id='word_1_784' title='bbox 1483 2114 1554 2141; x_wconf 85' lang='lat' dir='ltr'><strong>aliud</strong></span> <span class='ocrx_word' id='word_1_785' title='bbox 1575 2114 1706 2142; x_wconf 91' lang='lat' dir='ltr'><strong>dubitatio</strong></span> 
     </span>
    </p>
   </div>
   <div class='ocr_carea' id='block_1_105' title="bbox 886 2159 1707 2207">
    <p class='ocr_par' dir='ltr' id='par_1_105' title="bbox 886 2159 1707 2207">
     <span class='ocr_line' id='line_1_105' title="bbox 886 2159 1707 2207; baseline -0.002 -19"><span class='ocrx_word' id='word_1_786' title='bbox 886 2180 906 2207; x_wconf 67' lang='grc' dir='ltr'><strong>Β</strong></span> <span class='ocrx_word' id='word_1_787' title='bbox 922 2161 1017 2207; x_wconf 82' lang='lat' dir='ltr'><strong>animi,</strong></span> <span class='ocrx_word' id='word_1_788' title='bbox 1041 2161 1120 2196; x_wconf 76' lang='lat'><strong>207</strong></span> <span class='ocrx_word' id='word_1_789' title='bbox 1143 2161 1215 2188; x_wconf 86' lang='lat' dir='ltr'><strong>aliud</strong></span> <span class='ocrx_word' id='word_1_790' title='bbox 1234 2161 1356 2207; x_wconf 81' lang='lat' dir='ltr'><strong>tristitia.</strong></span> <span class='ocrx_word' id='word_1_791' title='bbox 1379 2159 1430 2187; x_wconf 88' lang='lat' dir='ltr'><strong>Cui</strong></span> <span class='ocrx_word' id='word_1_792' title='bbox 1450 2160 1594 2207; x_wconf 74' lang='lat' dir='ltr'><strong>episcopus</strong></span> <span class='ocrx_word' id='word_1_793' title='bbox 1611 2169 1617 2186; x_wconf 89' lang='lat'><strong>:</strong></span> <span class='ocrx_word' id='word_1_794' title='bbox 1636 2159 1707 2192; x_wconf 86' lang='lat' dir='ltr'><strong>Quid</strong></span> 
     </span>
    </p>
   </div>
   <div class='ocr_carea' id='block_1_106' title="bbox 922 2205 1707 2242">
    <p class='ocr_par' dir='ltr' id='par_1_106' title="bbox 922 2205 1707 2242">
     <span class='ocr_line' id='line_1_106' title="bbox 922 2205 1707 2242; baseline 0.001 -9"><span class='ocrx_word' id='word_1_795' title='bbox 922 2206 994 2242; x_wconf 84' lang='lat' dir='ltr'><strong>quod</strong></span> <span class='ocrx_word' id='word_1_796' title='bbox 1010 2214 1064 2234; x_wconf 91' lang='lat' dir='ltr'><strong>non</strong></span> <span class='ocrx_word' id='word_1_797' title='bbox 1082 2206 1211 2242; x_wconf 79' lang='lat' dir='ltr'><strong>intelligis</strong></span> <span class='ocrx_word' id='word_1_798' title='bbox 1225 2214 1286 2241; x_wconf 59' lang='lat' dir='ltr'><strong>qua}</strong></span> <span class='ocrx_word' id='word_1_799' title='bbox 1299 2206 1371 2233; x_wconf 86' lang='lat' dir='ltr'><strong>dicta</strong></span> <span class='ocrx_word' id='word_1_800' title='bbox 1389 2206 1472 2233; x_wconf 85' lang='lat' dir='ltr'><strong>sunt?</strong></span> <span class='ocrx_word' id='word_1_801' title='bbox 1485 2205 1505 2233; x_wconf 88' lang='lat' dir='ltr'><strong>li</strong></span> <span class='ocrx_word' id='word_1_802' title='bbox 1523 2213 1639 2240; x_wconf 90' lang='lat' dir='ltr'><strong>namque</strong></span> <span class='ocrx_word' id='word_1_803' title='bbox 1651 2214 1707 2234; x_wconf 94' lang='lat' dir='ltr'><strong>non</strong></span> 
     </span>
    </p>
   </div>
   <div class='ocr_carea' id='block_1_107' title="bbox 922 2252 1707 2288">
    <p class='ocr_par' dir='ltr' id='par_1_107' title="bbox 922 2252 1707 2288">
     <span class='ocr_line' id='line_1_107' title="bbox 922 2252 1707 2288; baseline 0 -9"><span class='ocrx_word' id='word_1_804' title='bbox 922 2253 1084 2288; x_wconf 80' lang='lat' dir='ltr'><strong>intelligunt,</strong></span> <span class='ocrx_word' id='word_1_805' title='bbox 1106 2252 1153 2288; x_wconf 91' lang='lat' dir='ltr'><strong>qui</strong></span> <span class='ocrx_word' id='word_1_806' title='bbox 1175 2259 1237 2280; x_wconf 85' lang='lat' dir='ltr'><strong>sese</strong></span> <span class='ocrx_word' id='word_1_807' title='bbox 1258 2253 1285 2279; x_wconf 90' lang='lat' dir='ltr'><strong>in</strong></span> <span class='ocrx_word' id='word_1_808' title='bbox 1307 2252 1428 2279; x_wconf 89' lang='lat' dir='ltr'><strong>carnalia</strong></span> <span class='ocrx_word' id='word_1_809' title='bbox 1445 2255 1472 2279; x_wconf 89' lang='lat' dir='ltr'><strong>et</strong></span> <span class='ocrx_word' id='word_1_810' title='bbox 1489 2252 1707 2279; x_wconf 78' lang='lat' dir='ltr'><strong>mundanafaci-</strong></span> 
     </span>
    </p>
   </div>
   <div class='ocr_carea' id='block_1_108' title="bbox 922 2298 1706 2334">
    <p class='ocr_par' dir='ltr' id='par_1_108' title="bbox 922 2298 1706 2334">
     <span class='ocr_line' id='line_1_108' title="bbox 922 2298 1706 2334; baseline -0.003 -8"><span class='ocrx_word' id='word_1_811' title='bbox 922 2307 988 2326; x_wconf 91' lang='lat' dir='ltr'><strong>nora</strong></span> <span class='ocrx_word' id='word_1_812' title='bbox 1000 2299 1141 2334; x_wconf 84' lang='lat' dir='ltr'><strong>dejiciunt.</strong></span> <span class='ocrx_word' id='word_1_813' title='bbox 1157 2299 1254 2325; x_wconf 81' lang='lat' dir='ltr'><strong>Annon</strong></span> <span class='ocrx_word' id='word_1_814' title='bbox 1276 2298 1405 2333; x_wconf 74' lang='lat' dir='ltr'><strong>intelligis</strong></span> <span class='ocrx_word' id='word_1_815' title='bbox 1425 2298 1546 2325; x_wconf 85' lang='lat' dir='ltr'><strong>omnium</strong></span> <span class='ocrx_word' id='word_1_816' title='bbox 1562 2298 1706 2325; x_wconf 81' lang='lat' dir='ltr'><strong>atl‘ectuum</strong></span> 
     </span>
    </p>
   </div>
   <div class='ocr_carea' id='block_1_109' title="bbox 920 2343 1708 2381">
    <p class='ocr_par' dir='ltr' id='par_1_109' title="bbox 920 2343 1708 2381">
     <span class='ocr_line' id='line_1_109' title="bbox 920 2343 1708 2381; baseline -0.004 -8"><span class='ocrx_word' id='word_1_817' title='bbox 920 2346 1069 2381; x_wconf 88' lang='lat' dir='ltr'><strong>pessimum</strong></span> <span class='ocrx_word' id='word_1_818' title='bbox 1093 2353 1153 2372; x_wconf 90' lang='lat' dir='ltr'><strong>esse</strong></span> <span class='ocrx_word' id='word_1_819' title='bbox 1176 2345 1326 2376; x_wconf 87' lang='lat' dir='ltr'><strong>tristitiam,</strong></span> <span class='ocrx_word' id='word_1_820' title='bbox 1355 2343 1455 2378; x_wconf 89' lang='lat' dir='ltr'><strong>Deique</strong></span> <span class='ocrx_word' id='word_1_821' title='bbox 1480 2344 1567 2371; x_wconf 84' lang='lat' dir='ltr'><strong>servis</strong></span> <span class='ocrx_word' id='word_1_822' title='bbox 1591 2344 1708 2371; x_wconf 57' lang='lat' dir='ltr'><strong>durissi-</strong></span> 
     </span>
    </p>
   </div>
   <div class='ocr_carea' id='block_1_110' title="bbox 921 2391 1707 2427">
    <p class='ocr_par' dir='ltr' id='par_1_110' title="bbox 921 2391 1707 2427">
     <span class='ocr_line' id='line_1_110' title="bbox 921 2391 1707 2427; baseline -0.004 -8"><span class='ocrx_word' id='word_1_823' title='bbox 921 2400 992 2419; x_wconf 89' lang='lat' dir='ltr'><strong>mam</strong></span> <span class='ocrx_word' id='word_1_824' title='bbox 1010 2402 1017 2419; x_wconf 90' lang='lat'>:</span> <span class='ocrx_word' id='word_1_825' title='bbox 1033 2399 1093 2427; x_wconf 71' lang='lat' dir='ltr'><strong>quae</strong></span> <span class='ocrx_word' id='word_1_826' title='bbox 1108 2391 1169 2426; x_wconf 84' lang='lat' dir='ltr'><strong>plus</strong></span> <span class='ocrx_word' id='word_1_827' title='bbox 1184 2399 1265 2425; x_wconf 89' lang='lat' dir='ltr'><strong>quam</strong></span> <span class='ocrx_word' id='word_1_828' title='bbox 1282 2391 1327 2418; x_wconf 89' lang='lat' dir='ltr'><strong>alii</strong></span> <span class='ocrx_word' id='word_1_829' title='bbox 1348 2399 1444 2419; x_wconf 86' lang='lat' dir='ltr'><strong>omnes</strong></span> <span class='ocrx_word' id='word_1_830' title='bbox 1459 2391 1608 2426; x_wconf 60' lang='lat' dir='ltr'><strong>(nequitiac)</strong></span> <span class='ocrx_word' id='word_1_831' title='bbox 1624 2391 1707 2425; x_wconf 88' lang='lat' dir='ltr'><strong>spiri-</strong></span> 
     </span>
    </p>
   </div>
   <div class='ocr_carea' id='block_1_111' title="bbox 921 2436 1706 2472">
    <p class='ocr_par' dir='ltr' id='par_1_111' title="bbox 921 2436 1706 2472">
     <span class='ocr_line' id='line_1_111' title="bbox 921 2436 1706 2472; baseline -0.003 -8"><span class='ocrx_word' id='word_1_832' title='bbox 921 2441 966 2465; x_wconf 88' lang='lat' dir='ltr'><strong>tus</strong></span> <span class='ocrx_word' id='word_1_833' title='bbox 991 2437 1129 2465; x_wconf 88' lang='lat' dir='ltr'><strong>hominem</strong></span> <span class='ocrx_word' id='word_1_834' title='bbox 1150 2436 1324 2472; x_wconf 88' lang='lat' dir='ltr'><strong>corrumpit?</strong></span> <span class='ocrx_word' id='word_1_835' title='bbox 1340 2436 1411 2464; x_wconf 87' lang='lat' dir='ltr'><strong>Sane</strong></span> <span class='ocrx_word' id='word_1_836' title='bbox 1427 2437 1473 2471; x_wconf 87' lang='lat' dir='ltr'><strong>qui</strong></span> <span class='ocrx_word' id='word_1_837' title='bbox 1496 2436 1578 2463; x_wconf 88' lang='lat' dir='ltr'><strong>Deum</strong></span> <span class='ocrx_word' id='word_1_838' title='bbox 1601 2436 1706 2468; x_wconf 88' lang='lat' dir='ltr'><strong>timent,</strong></span> 
     </span>
    </p>
   </div>
   <div class='ocr_carea' id='block_1_112' title="bbox 921 2482 1708 2518">
    <p class='ocr_par' dir='ltr' id='par_1_112' title="bbox 921 2482 1708 2518">
     <span class='ocr_line' id='line_1_112' title="bbox 921 2482 1708 2518; baseline -0.001 -8"><span class='ocrx_word' id='word_1_839' title='bbox 921 2485 1066 2518; x_wconf 83' lang='lat' dir='ltr'><strong>divinaque</strong></span> <span class='ocrx_word' id='word_1_840' title='bbox 1087 2491 1169 2518; x_wconf 87' lang='lat' dir='ltr'><strong>opera</strong></span> <span class='ocrx_word' id='word_1_841' title='bbox 1191 2491 1222 2509; x_wconf 86' lang='lat' dir='ltr'><strong>at:</strong></span> <span class='ocrx_word' id='word_1_842' title='bbox 1242 2483 1384 2510; x_wconf 85' lang='lat' dir='ltr'><strong>veritatem</strong></span> <span class='ocrx_word' id='word_1_843' title='bbox 1400 2486 1568 2513; x_wconf 86' lang='lat' dir='ltr'><strong>scrutantur,</strong></span> <span class='ocrx_word' id='word_1_844' title='bbox 1584 2485 1610 2509; x_wconf 90' lang='lat' dir='ltr'><strong>et</strong></span> <span class='ocrx_word' id='word_1_845' title='bbox 1625 2482 1708 2509; x_wconf 75' lang='lat' dir='ltr'><strong>corde</strong></span> 
     </span>
    </p>
   </div>
   <div class='ocr_carea' id='block_1_113' title="bbox 922 2527 1708 2560">
    <p class='ocr_par' dir='ltr' id='par_1_113' title="bbox 922 2527 1708 2560">
     <span class='ocr_line' id='line_1_113' title="bbox 922 2527 1708 2560; baseline -0.003 -4"><span class='ocrx_word' id='word_1_846' title='bbox 922 2529 1037 2556; x_wconf 88' lang='lat' dir='ltr'><strong>Domino</strong></span> <span class='ocrx_word' id='word_1_847' title='bbox 1052 2530 1200 2560; x_wconf 69' lang='lat' dir='ltr'><strong>adhaerent,</strong></span> <span class='ocrx_word' id='word_1_848' title='bbox 1217 2530 1234 2556; x_wconf 90' lang='lat' dir='ltr'><strong>ii</strong></span> <span class='ocrx_word' id='word_1_849' title='bbox 1255 2529 1346 2556; x_wconf 87' lang='lat' dir='ltr'><strong>omnia</strong></span> <span class='ocrx_word' id='word_1_850' title='bbox 1370 2529 1421 2556; x_wconf 88' lang='lat' dir='ltr'><strong>sibi</strong></span> <span class='ocrx_word' id='word_1_851' title='bbox 1442 2529 1513 2556; x_wconf 88' lang='lat' dir='ltr'><strong>dicta</strong></span> <span class='ocrx_word' id='word_1_852' title='bbox 1535 2529 1590 2555; x_wconf 90' lang='lat' dir='ltr'><strong>cito</strong></span> <span class='ocrx_word' id='word_1_853' title='bbox 1608 2527 1708 2555; x_wconf 89' lang='lat' dir='ltr'><strong>intelli-</strong></span> 
     </span>
    </p>
   </div>
   <div class='ocr_carea' id='block_1_114' title="bbox 921 2573 1707 2610">
    <p class='ocr_par' dir='ltr' id='par_1_114' title="bbox 921 2573 1707 2610">
     <span class='ocr_line' id='line_1_114' title="bbox 921 2573 1707 2610; baseline -0.004 -8"><span class='ocrx_word' id='word_1_854' title='bbox 921 2578 988 2610; x_wconf 81' lang='lat' dir='ltr'><strong>gunt</strong></span> <span class='ocrx_word' id='word_1_855' title='bbox 1003 2579 1031 2602; x_wconf 91' lang='lat' dir='ltr'><strong>et</strong></span> <span class='ocrx_word' id='word_1_856' title='bbox 1047 2575 1216 2610; x_wconf 82' lang='lat' dir='ltr'><strong>percipiunt,</strong></span> <span class='ocrx_word' id='word_1_857' title='bbox 1241 2575 1306 2610; x_wconf 86' lang='lat' dir='ltr'><strong>quia</strong></span> <span class='ocrx_word' id='word_1_858' title='bbox 1332 2575 1393 2609; x_wconf 87' lang='lat' dir='ltr'><strong>puri</strong></span> <span class='ocrx_word' id='word_1_859' title='bbox 1417 2579 1481 2601; x_wconf 89' lang='lat' dir='ltr'><strong>sunt</strong></span> <span class='ocrx_word' id='word_1_860' title='bbox 1501 2578 1528 2601; x_wconf 85' lang='lat' dir='ltr'><strong>et</strong></span> <span class='ocrx_word' id='word_1_861' title='bbox 1542 2574 1619 2600; x_wconf 82' lang='lat' dir='ltr'><strong>vacui</strong></span> <span class='ocrx_word' id='word_1_862' title='bbox 1633 2573 1707 2599; x_wconf 85' lang='lat' dir='ltr'><strong>omni</strong></span> 
     </span>
    </p>
   </div>
   <div class='ocr_carea' id='block_1_115' title="bbox 921 2619 1709 2654">
    <p class='ocr_par' dir='ltr' id='par_1_115' title="bbox 921 2619 1709 2654">
     <span class='ocr_line' id='line_1_115' title="bbox 921 2619 1709 2654; baseline -0.004 -7"><span class='ocrx_word' id='word_1_863' title='bbox 921 2628 988 2648; x_wconf 89' lang='lat' dir='ltr'><strong>cura</strong></span> <span class='ocrx_word' id='word_1_864' title='bbox 999 2625 1026 2648; x_wconf 88' lang='lat' dir='ltr'><strong>et</strong></span> <span class='ocrx_word' id='word_1_865' title='bbox 1038 2621 1220 2648; x_wconf 87' lang='lat' dir='ltr'><strong>sollicitudine</strong></span> <span class='ocrx_word' id='word_1_866' title='bbox 1236 2621 1360 2648; x_wconf 80' lang='lat' dir='ltr'><strong>sa:cnlari</strong></span> <span class='ocrx_word' id='word_1_867' title='bbox 1378 2628 1384 2646; x_wconf 88' lang='lat'>:</span> <span class='ocrx_word' id='word_1_868' title='bbox 1404 2621 1532 2654; x_wconf 90' lang='lat' dir='ltr'><strong>nulloque</strong></span> <span class='ocrx_word' id='word_1_869' title='bbox 1546 2619 1599 2646; x_wconf 86' lang='lat' dir='ltr'><strong>alio</strong></span> <span class='ocrx_word' id='word_1_870' title='bbox 1613 2622 1709 2645; x_wconf 85' lang='lat' dir='ltr'><strong>tenen--</strong></span> 
     </span>
    </p>
   </div>
   <div class='ocr_carea' id='block_1_116' title="bbox 922 2663 1708 2701">
    <p class='ocr_par' dir='ltr' id='par_1_116' title="bbox 922 2663 1708 2701">
     <span class='ocr_line' id='line_1_116' title="bbox 922 2663 1708 2701; baseline -0.001 -9"><span class='ocrx_word' id='word_1_871' title='bbox 922 2670 966 2693; x_wconf 90' lang='lat' dir='ltr'><strong>tur</strong></span> <span class='ocrx_word' id='word_1_872' title='bbox 983 2666 1102 2701; x_wconf 76' lang='lat' dir='ltr'><strong>(aﬂ‘ectn)</strong></span> <span class='ocrx_word' id='word_1_873' title='bbox 1119 2674 1199 2700; x_wconf 86' lang='lat' dir='ltr'><strong>quam</strong></span> <span class='ocrx_word' id='word_1_874' title='bbox 1223 2666 1319 2693; x_wconf 87' lang='lat' dir='ltr'><strong>timore</strong></span> <span class='ocrx_word' id='word_1_875' title='bbox 1341 2665 1400 2693; x_wconf 88' lang='lat' dir='ltr'><strong>Dei.</strong></span> <span class='ocrx_word' id='word_1_876' title='bbox 1423 2664 1490 2691; x_wconf 84' lang='lat' dir='ltr'><strong>Nam</strong></span> <span class='ocrx_word' id='word_1_877' title='bbox 1509 2664 1555 2692; x_wconf 92' lang='lat' dir='ltr'><strong>ubi</strong></span> <span class='ocrx_word' id='word_1_878' title='bbox 1578 2663 1708 2691; x_wconf 84' lang='lat' dir='ltr'><strong>Dominus</strong></span> 
     </span>
    </p>
   </div>
   <div class='ocr_carea' id='block_1_117' title="bbox 923 2765 1709 2803">
    <p class='ocr_par' dir='ltr' id='par_1_117' title="bbox 923 2765 1709 2803">
     <span class='ocr_line' id='line_1_117' title="bbox 923 2765 1709 2803; baseline 0 -9"><span class='ocrx_word' id='word_1_879' title='bbox 923 2769 978 2795; x_wconf 92' lang='lat' dir='ltr'><strong>tine</strong></span> <span class='ocrx_word' id='word_1_880' title='bbox 991 2769 1180 2803; x_wconf 70' lang='lat' dir='ltr'><strong>exprimuntur</strong></span> <span class='ocrx_word' id='word_1_881' title='bbox 1195 2767 1265 2802; x_wconf 82' lang='lat' dir='ltr'><strong>apud</strong></span> <span class='ocrx_word' id='word_1_882' title='bbox 1283 2767 1427 2795; x_wconf 72' lang='lat' dir='ltr'><strong>llermam:</strong></span> <span class='ocrx_word' id='word_1_883' title='bbox 1446 2766 1478 2793; x_wconf 82' lang='lat' dir='ltr'><strong>Et</strong></span> <span class='ocrx_word' id='word_1_884' title='bbox 1493 2766 1608 2793; x_wconf 79' lang='lat' dir='ltr'><strong>omnium</strong></span> <span class='ocrx_word' id='word_1_885' title='bbox 1629 2765 1709 2797; x_wconf 73' lang='lat' dir='ltr'><strong>spiri-</strong></span> 
     </span>
    </p>
   </div>
   <div class='ocr_carea' id='block_1_118' title="bbox 924 2803 1564 2838">
    <p class='ocr_par' dir='ltr' id='par_1_118' title="bbox 924 2803 1564 2838">
     <span class='ocr_line' id='line_1_118' title="bbox 924 2803 1564 2838; baseline -0.003 -8"><span class='ocrx_word' id='word_1_886' title='bbox 924 2809 965 2830; x_wconf 77' lang='lat' dir='ltr'><strong>tus</strong></span> <span class='ocrx_word' id='word_1_887' title='bbox 978 2804 1134 2830; x_wconf 72' lang='lat' dir='ltr'><strong>exterminat</strong></span> <span class='ocrx_word' id='word_1_888' title='bbox 1148 2808 1173 2830; x_wconf 84' lang='lat' dir='ltr'><strong>et</strong></span> <span class='ocrx_word' id='word_1_889' title='bbox 1187 2804 1288 2829; x_wconf 75' lang='lat' dir='ltr'><strong>cruciat</strong></span> <span class='ocrx_word' id='word_1_890' title='bbox 1304 2803 1433 2838; x_wconf 77' lang='lat' dir='ltr'><strong>Spiritum</strong></span> <span class='ocrx_word' id='word_1_891' title='bbox 1442 2807 1564 2830; x_wconf 74' lang='lat' dir='ltr'><strong>sanctum</strong></span> 
     </span>
    </p>
   </div>
   <div class='ocr_carea' id='block_1_119' title="bbox 961 2838 1402 2871">
    <p class='ocr_par' dir='ltr' id='par_1_119' title="bbox 961 2838 1402 2871">
     <span class='ocr_line' id='line_1_119' title="bbox 961 2838 1402 2871; baseline -0.002 -6"><span class='ocrx_word' id='word_1_892' title='bbox 961 2839 1017 2871; x_wconf 68' lang='lat'><strong>(69)</strong></span> <span class='ocrx_word' id='word_1_893' title='bbox 1038 2838 1088 2865; x_wconf 87' lang='lat' dir='ltr'><strong>Hic</strong></span> <span class='ocrx_word' id='word_1_894' title='bbox 1102 2839 1169 2866; x_wconf 90' lang='lat' dir='ltr'><strong>bene</strong></span> <span class='ocrx_word' id='word_1_895' title='bbox 1188 2839 1271 2865; x_wconf 82' lang='lat' dir='ltr'><strong>tnulta</strong></span> <span class='ocrx_word' id='word_1_896' title='bbox 1292 2839 1402 2866; x_wconf 85' lang='lat' dir='ltr'><strong>desunt.</strong></span> 
     </span>
    </p>
   </div>
   <div class='ocr_carea' id='block_1_120' title="bbox 959 2874 1419 2908">
    <p class='ocr_par' dir='ltr' id='par_1_120' title="bbox 959 2874 1419 2908">
     <span class='ocr_line' id='line_1_120' title="bbox 959 2874 1419 2908; baseline 0.002 -9"><span class='ocrx_word' id='word_1_897' title='bbox 959 2874 1015 2908; x_wconf 82' lang='lat'><strong>(70)</strong></span> <span class='ocrx_word' id='word_1_898' title='bbox 1032 2874 1077 2901; x_wconf 83' lang='lat' dir='ltr'><strong>Sic</strong></span> <span class='ocrx_word' id='word_1_899' title='bbox 1089 2874 1267 2908; x_wconf 77' lang='lat' dir='ltr'><strong>conjectando</strong></span> <span class='ocrx_word' id='word_1_900' title='bbox 1279 2875 1419 2901; x_wconf 71' lang='lat' dir='ltr'><strong>vertimus.</strong></span> 
     </span>
    </p>
   </div>
  </div>
