1924 3059
232 115 282 143 571

814 117 843 145 S.
861 117 1093 147 ATHANASIUS.
1113 134 1148 139 —
1168 119 1304 148 SPURIA.

1809 118 1865 146 572

233 173 347 206 habitat.
375 173 432 202 illic
456 173 634 210 intelligentia
663 176 760 204 multa.
789 176 905 205 Adhaere
933 178 1024 213 itaque

1078 179 1164 206 Ὅπου
1193 179 1248 215 γὰρ
1271 179 1286 204 ό
1318 178 1420 214 Κύριος
1437 179 1567 209 κατοικεῖ,
1595 178 1652 204 ἐκεῖ
1679 177 1726 204 καὶ
1755 177 1865 210 σύνεσις

232 218 361 252 Domino,
378 223 405 247 et
428 220 504 247 nulla
527 227 583 247 non
607 221 754 257 intelliges.
773 221 844 250 Audi
865 223 948 258 igitur
969 231 1024 259 quo

232 270 314 301 pacto
329 265 440 293 tristitia
457 265 583 301 spiritum
599 270 708 300 atterat,
727 271 754 295 et
766 276 821 304 quo
836 273 916 304 pacto
929 275 1024 297 contra

233 311 339 339 salvum
362 311 454 338 faciat.
475 311 543 339 Cum
561 312 643 339 homo
666 313 766 342 dubius
786 315 870 342 animi
885 315 1024 350 quidpiam

232 356 402 392 aggreditur,
417 357 491 392 quod
505 358 685 387 dubitationis
697 368 779 388 causa
801 365 899 396 prazter
914 366 1025 390 senten-

233 402 300 429 tiam
331 403 384 438 ipsi
414 404 498 437 cadit,
526 408 584 431 tum
610 405 720 432 tristitia
747 406 851 434 invadit
876 407 1023 440 hominem,

233 447 422 484 Spiritumque
451 453 577 477 sanctum
606 451 751 478 contristat
777 457 858 487 atque
886 457 1023 488 angustat.

231 493 302 522 Hinc
323 503 435 523 rursum
457 496 503 522 ubi
529 496 670 523 iracundia
684 501 800 532 occupat
818 498 971 531 hominem,
990 498 1025 525 ob

230 549 289 569 rem
304 541 454 577 quamlibet
475 545 557 576 atque
578 542 694 570 multum
717 543 880 576 exacerbat,
894 544 932 571 ita
950 548 981 571 ut
997 544 1025 572 in

230 588 334 615 malum
356 587 494 622 quidpiam
520 587 628 616 facinus
648 593 908 624 prorumpat;tune
926 590 1024 617 iterum

234 633 347 661 tristitia
363 633 517 668 ingreditur
538 633 570 660 in
585 641 633 660 cor
653 634 773 662 hominis
788 635 925 668 iracundi,
944 640 1026 670 atque

231 679 265 707 de
293 678 367 706 facto
383 686 434 706 suo
454 678 527 706 dolet
540 679 710 714 paenitetque
725 681 800 707 illum
822 680 935 708 admissi
959 681 1027 708 faci-

231 724 318 752 noris.
341 723 405 751 litec
432 724 525 759 itaque
545 724 659 752 tristitia
676 725 785 753 videtur
804 726 944 758 salutaris,
962 726 1026 761 quia

231 776 294 796 etim
318 769 459 796 commissi
484 768 614 797 facinoris
633 770 758 805 poenitet.
781 770 882 798 Verum
904 775 1026 808 utraeque

231 822 276 842 res
295 814 433 842 hominem
446 815 620 848 contristant,
632 824 730 851 nempe
749 817 874 849 tristitia,
897 818 961 853 quia
982 826 1026 846 res

1076 225 1172 260 πολλή.
1202 225 1355 260 Κολλήθητι
1381 222 1427 251 οὖν
1456 224 1503 251 τοῦ
1533 224 1654 260 Κυρίου,
1680 224 1726 251 καὶ
1751 224 1866 251 πάντων

1075 270 1190 306 νοήσεις.
1210 270 1309 296 ’Λκουε
1329 267 1375 296 οὖν
1394 269 1452 301 πῶς
1469 270 1486 305 ἡ
1508 269 1578 305 λύπη
1599 269 1717 305 ἑκτρίϐει
1733 269 1763 296 τὺ
1779 269 1864 297 πνεῦ-

1077 325 1131 351 μα,
1156 316 1203 342 καὶ
1217 315 1298 342 πάλιν
1316 315 1409 348 σώζει.
1426 316 1511 342 Ὂταν
1533 316 1548 342 ὀ
1569 315 1680 351 δίψυχος
1699 309 1871 352 ὲπιϐάληταί

1075 361 1177 397 πρᾶξαί
1190 370 1227 393 τι,
1246 362 1292 387 καὶ
1309 361 1431 397 ἀποτύχῃ
1459 361 1502 388 διὰ
1519 361 1568 397 τὴν
1584 361 1709 396 διψυχίαν
1733 362 1826 395 αὑτοῦ,
1847 363 1864 398 ἡ

1075 407 1146 443 λύπη
1169 407 1348 442 ἐκπορεύεται
1366 408 1407 439 είς
1423 407 1468 434 τον
1494 407 1635 442 ἄνθρωπον
1663 408 1710 434 καὶ
1729 408 1809 435 λυπεῖ
1834 409 1866 435 τὸ

1075 452 1187 488 Πνεῦμα
1201 452 1231 479 τὸ
1251 453 1329 487 ἅγιον
1344 453 1391 479 καὶ
1406 454 1567 488 στενοχωρεῖ
1588 453 1664 480 αὑτό.
1691 451 1758 480 Εἶτα
1782 455 1866 481 πάλιν

1074 498 1199 534 ὀξυχολία
1213 499 1276 525 ὅταν
1287 499 1404 534 κολληθῇ
1419 499 1457 534 τῷ
1473 498 1609 534 ἀνθρώπῳ
1622 499 1686 536 περὶ
1701 500 1865 536 πράγματός

1075 553 1157 577 τινος,
1173 545 1220 571 καὶ
1235 544 1294 571 λίαν
1306 545 1454 580 πικρανθῇ,
1466 545 1512 571 καὶ
1526 546 1626 582 ποιήσῃ
1639 554 1665 572 τι
1675 546 1768 578 κακὸν,
1782 543 1871 573 πάλιν¹

1075 590 1092 624 ἠ
1110 588 1181 624 λύπη
1195 588 1385 624 εἰσπορεύεται
1399 590 1439 620 εἰς
1449 590 1499 624 τὴν
1518 589 1631 625 καρδίαν
1654 589 1700 616 τοῦ
1717 590 1862 626 ἀνθρώπου

1074 634 1122 660 τοῦ
1138 626 1379 670 ἱὸξυχολὴσαντος,
1407 637 1454 662 καὶ
1479 635 1603 662 λυπεῖται
1631 636 1677 662 ἐπὶ
1705 637 1738 672 τῇ
1766 637 1864 672 πράξει

1075 679 1169 711 αὐτοῧ,
1223 679 1336 715 ἔπραξε,
1355 680 1402 706 καὶ
1421 683 1554 716 μετανοεῖ,
1577 681 1618 707 ὅτι
1637 681 1754 716 πονηρὸν
1768 682 1863 717 εἰργά-

1077 733 1151 751 σατο.
1166 725 1240 761 Αὕτη
1254 723 1300 752 οὖν
1315 727 1331 761 ἡ
1351 725 1425 762 λύπη
1443 726 1516 752 δοκεῖ
1531 725 1666 767 etimng
1681 725 1766 761 ἔχειν,
1779 727 1819 753 ὅτι
1835 719 1869 753 τό

1076 770 1194 806 πονηρὸν
1218 770 1325 805 πράξας
1350 771 1520 806 μετενόησεν.
1545 769 1729 806 [Ἃμφότεραι
1748 770 1780 798 δὲ,
1792 770 1863 806 τῶν]

1077 815 1202 852 πράξεων
1221 815 1336 842 λυποῦσι
1351 816 1395 842 τὸν
1410 816 1568 852 ἄνθρωπονη-
1645 816 1694 851 μὲν
1706 816 1788 851 λύπη,
1804 817 1867 853 ὅτι]

231 867 291 887 non
306 868 322 887 e
344 861 479 888 sententia
495 860 579 893 cadit,
596 866 623 889 et
638 862 793 894 iracundia,
814 863 878 898 quia
895 863 1024 899 ﬂagitium

1078 861 1197 896 ἀπέτυχε
1211 861 1262 896 τῆς
1282 860 1417 896 πράξεως,
1434 861 1451 896 ἡ
1470 861 1498 887 δὲ
1511 860 1646 895 ὀξυχολία,
1661 861 1701 887 ὅτι
1717 860 1817 896 ἔπραξε
1833 862 1865 888 τὸ

231 906 398 940 perpetravit
414 915 421 933 ι
437 913 497 941 qua:
515 907 601 934 amba:
623 907 754 943 Spiritum
772 914 898 936 sanctum
919 911 1024 937 contri-

231 954 315 978 stant.
347 950 463 978 Elimina
491 960 557 987 ergo
579 953 728 986 tristitiam,
761 962 850 990 neque
875 956 1024 984 contristes

232 996 364 1030 Spiritum
376 1000 501 1024 sanctum
519 998 545 1024 in
556 1002 583 1025 te
599 999 766 1026 habitantem
781 1010 787 1026 :
803 1008 838 1028 ne
854 1000 923 1028 forte
939 1000 1023 1028 Deum

231 1041 403 1074 obsecretur.
423 1047 450 1069 et
465 1050 480 1069 a
497 1047 522 1070 te
540 1043 682 1071 abscedat.
703 1043 823 1079 Spiritus
843 1053 961 1081 namque
976 1046 1024 1074 Dei

231 1087 278 1122 qui
299 1088 375 1114 carni
398 1091 499 1115 nostra:
525 1088 692 1123 impertitur,
719 1091 856 1118 carnalem
883 1092 1024 1119 tristitiam

231 1141 288 1161 non
316 1133 448 1167 sustinet,
480 1141 569 1168 neque
602 1136 828 1164 coarctationem.
860 1136 923 1164 Sola
951 1138 1024 1165 enim

231 1178 347 1205 tristitia
375 1179 575 1213 praeteritorum
607 1184 781 1214 peccatorum
818 1180 895 1208 affert
923 1182 1027 1209 utilita-

231 1227 309 1256 tem;
331 1223 398 1250 dum
420 1224 536 1251 ulterius
561 1232 616 1251 non
645 1226 812 1260 peccaveris.
844 1226 928 1253 Indue
954 1226 1025 1253 hila-

231 1268 350 1301 ritatem,
372 1276 434 1304 qum
459 1270 534 1296 omni
560 1269 637 1298 ﬂoret
658 1272 745 1306 gratia
767 1271 838 1307 apud
860 1271 956 1304 Deum,
981 1272 1024 1298 cui

230 1317 274 1340 est
294 1314 498 1349 acceptissima,
522 1316 549 1342 in
569 1323 656 1351 eaque
681 1317 782 1344 laetare.
810 1318 903 1345 Omnis
926 1318 1026 1353 quippe

231 1359 328 1387 hilaris
341 1360 424 1388 homo
449 1361 520 1388 bona
536 1367 676 1397 operatur,
692 1363 763 1390 bona
775 1364 858 1391 sentit
870 1367 897 1391 et
912 1364 1023 1398 cogitat,

231 1406 391 1441 spernitque
413 1414 511 1434 vanam
535 1408 676 1435 tristitiam
695 1417 701 1436 :
720 1413 815 1436 contra
835 1409 916 1437 homo
941 1410 1027 1437 tristis

232 1451 346 1479 assidue
368 1452 498 1479 irascitur
513 1456 541 1480 et
555 1453 727 1488 iniquitatem
750 1460 890 1490 operatur,
906 1464 956 1484 nec
972 1456 1025 1484 Do-

231 1497 337 1524 minum
358 1501 499 1532 precatur,
521 1506 611 1534 neque
628 1500 701 1527 mala
727 1500 779 1536 ipsi
799 1502 944 1530 confitetur
965 1510 1024 1530 sua.

230 1542 326 1571 Oratio
341 1544 442 1579 quippe
456 1545 507 1572 viri
524 1546 636 1573 tristitia
649 1547 789 1582 occupati,
803 1548 954 1577 ascendere
970 1557 1024 1576 non

228 1590 302 1617 valet
321 1589 356 1617 ad
377 1591 464 1618 altare
482 1590 540 1624 Dei,
561 1592 625 1626 quia
651 1592 763 1620 tristitia
785 1593 884 1621 insidet
902 1594 928 1621 in
941 1594 1024 1621 corde

229 1636 327 1671 ipsius.
357 1635 483 1665 Tristitia
511 1645 578 1674 ergo
603 1638 741 1666 mundana
767 1640 919 1674 precationi
947 1647 1023 1667 com-

229 1681 323 1713 mista,
341 1688 397 1708 non
411 1682 477 1709 sinit
493 1683 679 1718 precationem
704 1684 854 1711 ascendere
877 1692 975 1720 puram
989 1685 1023 1712 ad

229 1727 329 1755 altare.
363 1727 600 1760 Quemadmodum
633 1729 706 1756 enim
740 1734 847 1756 acetum
874 1733 900 1758 et
929 1731 1023 1758 vinum

230 1773 362 1807 permista
382 1781 438 1801 non
460 1774 584 1802 eamdem
609 1774 701 1802 ferunt
724 1776 804 1803 ambo
830 1777 995 1812 voluptatem
1014 1798 1022 1811 ,

231 1819 271 1845 sic
283 1818 397 1846 tristitia
412 1827 476 1847 cum
490 1819 595 1855 Spiritu
611 1824 706 1848 sancto
722 1822 814 1854 mista,
830 1830 884 1849 non
900 1823 1023 1850 eamdem

230 1864 332 1891 emittit
345 1865 508 1893 orationem.
525 1866 617 1901 Purga
635 1866 719 1901 igitur
736 1870 763 1894 te
781 1867 839 1902 ipse
851 1875 866 1894 a
879 1875 961 1903 prava
980 1868 1025 1894 illa

231 1909 352 1942 tristitia,
367 1914 396 1937 et
410 1910 485 1938 vives
501 1909 556 1937 Deo
574 1912 602 1938 in
616 1912 726 1938 saecula.
739 1912 835 1940 Amen.

1076 908 1204 944 πονηρόν.
1230 907 1386 943 Ἀμφότερα
1410 904 1456 933 οὖν
1469 906 1580 942 λυπηρά
1594 908 1652 933 ἐστι
1672 906 1710 942 τῷ
1726 907 1864 942 Πνεύματι

1074 953 1113 988 τῷ
1127 953 1208 988 ἁγίῳ.
1219 950 1304 988 Ἀρον
1321 951 1367 979 οὖν
1382 952 1436 980 ἀπὸ
1456 951 1501 979 σοῦ
1515 951 1563 986 τὴν
1578 951 1667 987 λύπην
1679 952 1726 978 καὶ
1743 952 1780 988 μὴ
1791 952 1863 979 Θλίϐε

1074 998 1104 1024 τὸ
1120 998 1234 1033 Πνεῦμα
1250 998 1280 1024 τὸ
1308 998 1385 1031 ἆγιον
1411 997 1441 1024 τὸ
1458 998 1486 1023 ὲν
1514 997 1556 1023 σοὶ
1578 997 1722 1024 κατοικοῦν
1735 1017 1742 1030 ,
1760 998 1863 1032 μήποτε

1075 1043 1232 1078 ὲντεύξηται
1250 1043 1288 1078 τῷ
1308 1042 1378 1078 Θεῷ,
1397 1043 1444 1068 καὶ
1466 1043 1571 1078 ἀποστῇ
1597 1042 1650 1069 ἀπὸ
1667 1042 1726 1069 σοῦ.
1750 1042 1787 1069 Τὸ
1810 1043 1864 1079 γὰρ

1075 1088 1185 1123 Πνεῦμα
1207 1087 1254 1114 τοῦ
1277 1086 1354 1118 Θεοῦ,
1369 1087 1399 1113 τὸ
1419 1086 1494 1113 δοθὲν
1515 1087 1554 1118 είς
1577 1086 1626 1122 τὴν
1649 1087 1738 1121 σάρκα
1751 1087 1862 1123 ταύτην.

1075 1133 1162 1168 λύπην
1180 1132 1314 1168 σαρκικὴν
1340 1132 1389 1167 οὐχ
1412 1131 1562 1167 ὑποφέρει,
1589 1131 1650 1158 οὐδὲ
1671 1132 1862 1168 στενοχωρίαν.

1075 1179 1153 1214 Λὺπη
1178 1179 1232 1214 γὰρ
1253 1179 1269 1213 ἠ
1300 1178 1346 1204 ἐπὶ
1368 1178 1424 1209 τοῖς
1447 1176 1565 1212 πρώτοις
1590 1178 1771 1213 ἁμαρτήμασι
1797 1177 1863 1213 μόνη

1075 1225 1132 1260 ἔχει
1155 1224 1298 1259 ὠψὲλειαν,
1313 1223 1361 1250 ἐὰν
1381 1223 1417 1258 μὴ
1441 1222 1521 1249 πάλιν
1541 1223 1714 1259 ἁμαρτήοῃς.
1736 1223 1863 1249 Ἐνδυσαι

1075 1268 1121 1297 οὖν
1137 1270 1186 1305 τὴν
1202 1269 1359 1305 ἱλαρότητα,
1371 1268 1420 1304 τὴν
1434 1268 1551 1295 πάντοτε
1567 1268 1680 1304 ἔχουσαν
1698 1268 1778 1303 χάριν
1786 1268 1864 1304 παρὰ

1075 1316 1114 1351 τῷ
1129 1316 1189 1351 Θεῷ
1206 1315 1253 1342 καὶ
1268 1314 1465 1350 εὑπρόσδεκτον
1480 1312 1563 1341 οὖσαν
1580 1314 1654 1350 αὺτῷ
1669 1314 1716 1341 καὶ
1731 1314 1864 1349 ἐντρυφη-

1077 1370 1122 1387 σον
1142 1362 1170 1387 ὲν
1186 1361 1264 1396 αὐτῇ.
1276 1360 1333 1391 Πᾶς
1347 1359 1402 1395 γὰρ
1416 1359 1509 1394 ἱλαρὸς
1521 1359 1590 1395 ἀνὴρ
1611 1359 1702 1394 ἀγαθὰ
1719 1359 1863 1395 ἐργάζεται

1076 1407 1123 1432 καὶ
1137 1405 1228 1440 ἀγαθὰ
1239 1407 1332 1441 φρονεῖ
1344 1406 1390 1432 καὶ
1403 1405 1624 1441 καταφρονεῖτῆς
1637 1406 1755 1441 ματαίας
1764 1405 1862 1441 λύπης.

1082 1453 1111 1479 '0
1122 1453 1150 1478 δὲ
1165 1451 1286 1486 λυπηρὸς
1300 1450 1369 1486 ἀνὴρ
1387 1451 1502 1478 πάντοτε
1521 1451 1659 1486 ὀργίζεται
1686 1452 1732 1477 καὶ
1750 1451 1862 1487 ἀνομίαν

1077 1498 1223 1534 ἐργάζεται
1241 1497 1277 1532 μὴ
1291 1497 1462 1532 ἐντυγχάνων
1481 1497 1548 1532 μηδὲ
1567 1496 1811 1532 ἐξομολογούμενος
1826 1497 1862 1532 τῷ

1038 1539 1059 1568 C
1076 1543 1144 1579 (θεῷ.
1168 1543 1288 1570 Πάντοτε
1310 1542 1364 1578 γὰρ
1381 1542 1505 1578 λυπηροῦ
1529 1543 1626 1578 ἀνδρὸς
1647 1545 1664 1578 ὴ
1681 1542 1800 1575 ἔντευξις
1815 1544 1863 1570 οὐκ

1077 1591 1134 1626 ἔχει
1147 1590 1260 1625 δύναμιν
1276 1589 1324 1616 τοῦ
1340 1589 1474 1624 ἀναϐῆναι
1494 1589 1542 1616 ἐπὶ
1556 1589 1587 1615 τὸ
1608 1589 1801 1625 θυσιαστήριον
1817 1589 1862 1616 τοῦ

1077 1636 1159 1662 Θεοῦ·
1177 1636 1217 1662 ὅτι
1233 1636 1250 1671 ἡ
1267 1635 1340 1670 λύπη
1357 1634 1508 1670 ἐγκάθηται
1526 1635 1566 1666 εἰς
1577 1634 1625 1671 τὴν
1643 1634 1757 1670 καρδίαν
1769 1635 1861 1662 αὐτοῦ.

1076 1682 1241 1718 Μεμιγμένη
1258 1679 1304 1708 οὖν
1315 1681 1333 1717 ἡ
1346 1681 1434 1716 λύπηι
1453 1681 1470 1716 ή
1485 1681 1604 1717 κοσμικὴ
1625 1680 1694 1716 μετὰ
1704 1681 1753 1716 τῆς
1771 1681 1863 1708 ἐντεύ-

1077 1728 1144 1762 ξεως
1156 1729 1207 1755 οὐκ
1226 1727 1324 1763 ἀφίησι
1337 1727 1386 1763 τὴν
1398 1727 1517 1760 ἔντευξιν
1531 1726 1664 1762 ἀναϐῆναι
1687 1726 1811 1763 καθαρὰν
1826 1729 1864 1760 εἰς

1076 1774 1106 1800 τὸ
1128 1774 1331 1809 Θυσταστήριον.
1349 1773 1453 1808 ’Ὠσπερ
1473 1772 1527 1808 γὰρ
1547 1772 1608 1805 ὄξος
1625 1772 1672 1798 καὶ
1689 1770 1759 1804 οἶνος
1783 1781 1863 1808 μεμι-

1076 1820 1164 1855 γμένα
1175 1819 1231 1856 (Ἠ)
1246 1819 1296 1855 τὴν
1319 1819 1405 1854 αὐτὴν
1418 1817 1514 1854 ἡδονὴν
1527 1817 1577 1844 οὐκ
1596 1817 1712 1853 ἔχουσιν,
1732 1817 1804 1844 οὕτω
1818 1819 1864 1845 καὶ

1073 1866 1145 1903 λύπη
1176 1866 1332 1902 μεμιγμένη
1365 1865 1435 1900 μετὰ
1456 1865 1503 1891 τοῦ
1530 1864 1608 1898 ἁγίου
1634 1864 1792 1900 Πνεύματος
1817 1865 1864 1900 τὴν

1078 1913 1161 1948 αὐτὴν
1184 1912 1303 1944 ἔντευξιν
1328 1910 1398 1946 [οὐκ
1413 1910 1500 1947 ἕχει].
1523 1910 1678 1946 Καθίρισον
1701 1907 1747 1936 οὖν
1770 1911 1864 1937 ἑαυτὸν

231 1955 286 1982 ἀπὸ
311 1955 360 1991 τῆς
376 1955 465 1990 λύττης
489 1957 610 1992 πονηρᾶς
629 1957 746 1994 ταύτης,
772 1959 820 1985 καὶ
844 1958 914 2005 ζήσῃ
936 1959 974 1995 τῷ
1000 1958 1060 1994 Θεῷ
1074 1959 1113 1991 είς
1127 1959 1190 1990 τοὺς
1212 1958 1322 1989 αἰῶνας.
1342 1957 1439 1992 Ἀμήν.

531 2037 722 2065 Duodecimum
735 2043 904 2073 prwceptum,
919 2038 1000 2065 Deum
1016 2039 1116 2070 timere,
1132 2037 1267 2064 diabolum
1282 2045 1334 2063 non
1347 2036 1438 2062 timere
1455 2040 1564 2070 oportet.

271 2103 312 2131 12.
325 2103 473 2139 Postquam
497 2108 590 2132 autem
615 2110 772 2138 oraverant,
790 2106 829 2133 ait
853 2106 892 2133 illi
915 2106 1024 2141 episco-

1113 2105 1157 2132 12.
1181 2105 1235 2132 Καὶ
1250 2104 1407 2140 εὐξαμένων
1424 2103 1524 2135 αὐτῶν,
1539 2101 1615 2137 λέγει
1629 2101 1703 2137 αὺτῷ
1719 2101 1864 2130 ὸ.ὲπίσκοο

232 2157 305 2185 pus:
327 2151 437 2178 Attente
461 2150 608 2185 perpende,
626 2155 653 2178 et
673 2159 707 2179 ex
725 2156 781 2179 toto
795 2152 878 2180 corde
897 2156 944 2180 tuo
958 2161 1024 2180 con-

1077 2160 1141 2183 πος⁶
1162 2151 1250 2178 Βλέπε
1273 2150 1402 2186 στερεῶς,
1421 2149 1467 2176 καὶ
1481 2148 1511 2181 ἐξ
1535 2149 1599 2183 ὅλης
1615 2148 1666 2184 τῆς
1686 2148 1801 2183 καρδίας
1819 2157 1863 2174 σου

232 2199 340 2224 vertere
351 2195 385 2223 ad
399 2195 557 2228 Dominum,
570 2203 622 2224 nec
635 2197 775 2225 diabolum
792 2197 963 2231 reformides,
984 2199 1024 2227 vis

232 2242 333 2277 quippe
352 2242 427 2270 nulla
442 2243 471 2270 in
487 2250 521 2270 eo
542 2246 585 2271 est
608 2243 740 2272 adversus
763 2252 858 2273 servos
873 2245 921 2273 Dei
935 2255 943 2273 ε
960 2254 1024 2273 nam

234 2278 306 2316 Deus
314 2292 357 2316 est
371 2288 418 2323 qui
430 2288 476 2316 dat
483 2288 637 2317 victoriam.
651 2289 781 2319 Diabolus
793 2296 924 2319 terrorem
933 2300 1025 2327 quem-

234 2332 297 2359 dam
315 2332 403 2360 solum
431 2332 574 2368 imprimit,
598 2334 647 2362 sed
669 2338 758 2362 terror
777 2335 822 2363 ille
840 2336 908 2363 nihil
925 2336 1023 2364 virium

234 2377 324 2405 habet.
341 2377 380 2405 Ne
397 2377 527 2407 formides
544 2380 637 2415 itaque
648 2380 737 2414 illum,
748 2385 775 2408 et
792 2385 845 2409 ate
857 2381 952 2418 fugiet.
968 2381 1024 2410 Nec

233 2423 322 2450 minas
339 2423 413 2452 illius
433 2426 622 2460 pertimescas.
639 2426 756 2455 Perinde
778 2428 851 2455 enim
871 2428 1024 2456 imbecillus

233 2472 276 2496 est
295 2471 326 2495 ut
349 2469 426 2497 nervi
452 2470 605 2499 cadaveris.
630 2471 686 2499 Nec
702 2477 792 2507 potest
816 2473 953 2500 dominari
978 2473 1023 2501 Dei

234 2514 332 2548 servis,
343 2514 391 2549 qui
407 2523 438 2544 ex
455 2519 513 2543 toto
527 2516 610 2545 corde
623 2525 673 2545 suo
693 2522 804 2553 sperant
819 2519 846 2546 in
867 2519 955 2546 illum.
970 2518 1024 2546 Pu-

233 2567 318 2595 gnare
332 2560 457 2590 diabolus
470 2563 553 2595 valet,
577 2570 734 2600 oppugnare
751 2572 807 2592 non
821 2565 903 2592 valet.
927 2564 955 2592 Si
976 2566 1024 2591 nb-

234 2607 338 2634 stiteris
353 2607 404 2640 illi,
417 2613 564 2643 superatus
577 2610 663 2645 fugiet
679 2615 731 2639 ate
745 2619 807 2639 cum
823 2611 938 2647 pudore.
948 2611 1025 2638 Time

235 2652 327 2686 potius
344 2652 502 2687 Dominum,
520 2655 567 2690 qui
583 2659 674 2691 potest
690 2657 795 2684 salvum
809 2656 898 2684 facere
914 2660 941 2683 et
961 2663 1024 2690 per-

235 2697 308 2727 dere.
324 2697 364 2727 Ne
384 2699 546 2729 reformides
561 2702 604 2729 vel
627 2702 723 2730 timeas
747 2707 861 2730 mortem
876 2710 936 2738 quae
953 2702 1024 2729 lluxa

271 2789 328 2861 (7f;
344 2790 440 2828 Vulgo.
457 2791 517 2826 ὅξος
533 2793 596 2828 οἴνῳ
612 2794 789 2829 μεμιγμένον.
803 2794 906 2822 None.

272 2825 317 2860 (7'!
347 2826 407 2854 Hec
428 2833 537 2856 exstant
557 2829 609 2857 sub
635 2830 713 2857 linem
739 2831 890 2858 tluodccinti

1077 2199 1228 2234 ἐπίστρεφε
1250 2197 1318 2232 πρὸς
1350 2196 1453 2232 Κύριον
1480 2195 1548 2230 (72)
1564 2203 1571 2210 ·
1604 2195 1651 2221 καὶ
1679 2193 1716 2229 μὴ
1743 2193 1864 2229 φοϐηθῇς

1074 2245 1121 2271 τὸν
1135 2243 1258 2270 διάϐολον
1274 2251 1280 2257 ·
1303 2242 1419 2278 δύναμις
1440 2241 1495 2276 γὰρ
1517 2241 1546 2267 ὲν
1563 2239 1637 2274 αὐτῷ
1649 2239 1697 2266 οὐκ
1720 2239 1778 2265 ἐστι
1795 2238 1865 2266 κατὰ

1074 2291 1128 2317 τῶν
1144 2281 1245 2317 δούλων
1259 2289 1306 2316 τοῦ
1323 2288 1401 2316 Θεοῦ.
1429 2289 1458 2315 '0
1473 2287 1538 2319 Θεὸς
1551 2286 1604 2322 γάρ
1618 2287 1690 2312 ἐστιν
1707 2286 1721 2311 ὁ
1736 2285 1864 2321 παρέχων

1074 2337 1123 2373 τὴν
1139 2339 1227 2372 νίκην.
1248 2337 1277 2363 '0
1290 2335 1412 2367 διάϐολος
1431 2334 1510 2370 μόνον
1525 2332 1607 2368 φόϐον
1623 2331 1693 2367 ἔχει·
1710 2332 1725 2357 ὁ
1739 2330 1768 2357 δὲ
1782 2330 1865 2364 φόϐος

1074 2381 1156 2409 αὐτοῦ
1172 2382 1265 2414 τόνους
1286 2382 1337 2407 οὐκ
1360 2381 1427 2416 ἔχει.
1452 2380 1498 2415 Μὴ
1512 2378 1632 2414 φοϐηθῇς
1645 2375 1692 2404 οὗν
1705 2378 1796 2408 αὑτὸν,
1818 2378 1865 2404 καὶ

1075 2427 1201 2461 φεύξεται
1214 2426 1268 2453 ἀπὸ
1277 2425 1335 2460 σοῦ,
1347 2425 1414 2461 μηδὲ
1426 2425 1475 2460 τὴν
1490 2424 1604 2460 ἀπειλὴν
1618 2423 1701 2450 αὑτοῦ
1715 2424 1863 2460 δειλιάσῃς,

1077 2474 1186 2504 Ἀτονος
1203 2471 1258 2508 γὰρ
1274 2471 1312 2504 ὡς
1327 2471 1425 2506 νεκροῦ
1446 2469 1539 2506 νεῦρα.
1553 2471 1591 2496 Οὐ
1612 2469 1725 2497 δύναται
1739 2469 1796 2505 γὰρ
1816 2479 1867 2497 κα-

1074 2517 1282 2546 ταδυναστεύειν
1299 2517 1353 2544 τῶν
1379 2516 1481 2543 δούλων
1503 2516 1551 2543 τοῦ
1573 2515 1640 2542 Θεοῦ
1664 2515 1718 2542 τῶν
1744 2515 1775 2548 ἐξ
1800 2514 1866 2549 ὅλης

1075 2565 1187 2600 καρδίας
1209 2563 1373 2596 ἐλπιζόντων
1393 2563 1437 2589 ἐπ’
1457 2562 1547 2590 αὐτόν.
1572 2561 1688 2589 Δύναται
1704 2559 1751 2588 οὗν
1767 2563 1782 2588 ὁ
1803 2562 1864 2589 διά-

1075 2611 1151 2642 ϐολος
1174 2611 1314 2641 παλαῖσαι,
1341 2609 1540 2636 καταπαλαῖσαι
1563 2608 1591 2634 δὲ
1612 2607 1642 2634 οὺ
1658 2607 1781 2634 δύναται.
1801 2607 1865 2633 Ἐὰν

1075 2655 1120 2684 οὖν
1135 2657 1261 2692 ἁντιστῇς
1281 2656 1372 2688 αὐτὴν,
1388 2655 1510 2691 νικηθεὶς
1524 2653 1649 2688 φεύξεται
1664 2653 1718 2680 ἀπὸ
1732 2654 1779 2680 σοῦ
1797 2662 1866 2680 κατ-

1074 2703 1256 2740 ῃσχυμμένος.
1270 2702 1379 2729 Μᾶλλον
1398 2701 1532 2737 φοϐήθητι
1545 2700 1592 2727 τὸν
1604 2699 1706 2736 Κύριον
1723 2699 1770 2727 τὸν
1783 2698 1864 2728 δυνά·

347 2826 408 2854 Htec
428 2833 537 2856 exstant
557 2826 618 2857 sub'
635 2826 713 2857 linem
739 2831 890 2858 tluodccinti
916 2829 1021 2858 llcrma:
1031 2830 1161 2863 mandati,
1175 2828 1221 2857 scd
1242 2828 1411 2863 aliquantum
1422 2827 1541 2854 diversa.
