1924 3059
81 142 136 169 573

583 135 759 164 DOCTRINA
777 135 824 162 AD
844 134 1047 164 ANTIOCHUM
1062 134 1190 163 DUCEM.

1647 128 1700 157 57‘

74 205 157 234 μενον
187 197 274 224 σῶσαι
302 195 350 223 καὶ
379 196 520 224 ἀπολέσαι.
545 195 593 231 Μὴ
615 195 772 231 δειλιάσῃς,
797 195 884 230 μηδὲ⁴

935 199 970 223 st.
991 195 1045 223 Sed
1060 195 1125 222 time
1139 197 1292 230 peccatum,
1309 191 1381 228 quod
1399 199 1431 220 ex
1445 190 1585 219 voluntate
1605 192 1632 216 et
1646 188 1701 215 ele-

75 243 199 279 φοὸηθῇς
223 243 269 269 τὸν
294 242 425 274 θάνατον,
453 241 573 276 φθαρτὸς
603 240 658 276 γάρ
681 242 772 267 ἐστιν·
796 240 865 267 ἀλλὰ

77 287 164 323 φοϐοῦ
178 287 228 324 τὴν
242 288 389 323 ἁμαρτίαν,
405 286 584 323 προαιρετικὴ
601 286 655 321 γάρ
665 285 865 312 ὲστι.Φύλασσε

78 334 194 362 σεαυτὺν
211 333 265 360 ἀπὸ
280 333 334 360 τῶν
360 333 460 368 τρίτων
484 332 571 368 μελῶν
587 331 634 358 τοῦ
663 331 788 367 σώματός
807 340 865 364 σου,

78 379 236 415 ὀφθαλμοῦ,
265 379 398 414 στόματος
419 379 467 405 καὶ
492 378 592 414 ἀκοῆς·
619 379 724 413 μήποτε
747 377 793 403 διὰ
812 376 868 404 τῶν

78 424 229 459 ὀφθαλμῶν
250 432 297 450 σου
328 422 464 458 φθονερῶς
481 422 527 448 καὶ
551 421 709 454 ἀκολάστως
731 421 869 457 προσέχῃς

79 469 147 501 τινὶ,
160 468 207 494 καὶ
221 467 266 493 διὰ
283 466 416 502 στόματος
426 466 472 492 τοῦ
493 466 530 501 μὴ
538 465 626 494 λαλεῖν
637 474 701 492 ποτε
711 466 868 501 ἀσύμφορα,

80 515 131 541 καὶ
154 513 240 548 ἀκοὴν
263 513 297 548 τῇ
320 511 477 547 ὑγιαινούσῃ
504 511 675 547 [διδασκαλίᾳ
696 510 868 546 ὲπίστρεφε],

84 560 192 596 μήποτε
222 558 355 594 καταδέξῃ
389 556 496 592 λόγ[ους
524 556 643 592 ἀσεὸεἰς]
665 557 732 591 (75),
767 557 871 592 μήποτε

83 606 206 641 ἡττηθῇς
226 605 367 634 ὰσυνὲτοις
385 603 526 638 λογισμοῖς
539 623 547 635 ,
571 603 640 638 ἀκοῇ
665 602 802 638 βλαϐερᾷ,
824 601 872 628 xui.

85 651 255 688 ἔπιε-τρέψῃς
283 651 320 682 ὡς
342 650 414 676 κύων
444 649 490 675 ἐπὶ
513 649 559 675 τὸν
575 649 641 676 ἴδιον
667 649 773 684 ὲμετόν.
794 648 874 675 Ἀλλὰ

85 698 153 725 λάϐε
181 697 282 733 μᾶλλον
315 697 355 727 είς
381 695 429 730 τὴν
460 694 509 730 σὴν
537 694 641 722 ἔννοιαν
672 695 721 730 τὴν
757 694 874 730 ἐσχάτην

87 744 205 780 ἡμέραν.
223 744 260 770 Οὺ
273 743 327 778 γὰρ
341 742 420 777 μόνος
441 742 487 768 τὸν
504 741 591 768 αἰῶνα
606 740 725 776 βιώσεις,
742 740 811 767 ἀλλὰ
824 739 875 775 τὴν

86 790 149 817 τότε
169 789 304 825 μνήσθητι
337 788 451 823 συνοχὴν
477 787 524 814 καὶ
540 787 660 822 πνιγμὺν
686 787 733 813 καὶ
759 785 875 812 θανάτου

88 836 163 871 ὥραν
182 836 230 862 καὶ
246 835 381 869 ἀπόφασιν
403 833 470 860 Θεοῦ
488 832 703 867 κατεπείγουσαν
723 832 770 859 καὶ
796 832 877 866 ἀγγέ-

88 882 151 914 λους
166 881 377 911 ὲπισπεύδοντας
401 880 450 906 καὶ
473 879 561 914 ψυχὴν
578 880 606 905 ὲν
630 878 735 909 τούτοις
749 877 877 913 θορύϐου·
893 871 913 899 Β

90 929 175 964 μένην
186 928 232 954 καὶ
250 927 308 962 ἃμα
327 926 366 962 τῷ
382 926 512 952 συνειδότι
531 925 636 962 πικρῶς
657 924 877 960 μαστιγουμένην

88 975 137 1001 καὶ
164 974 232 1010 πρὸς
258 973 292 1000 τὰ
308 970 359 1000 ὧδε
377 972 500 1003 ἐλεεινῶς
517 971 741 1007 ἐπιστρέφουσαν.
756 971 811 996 Καὶ
828 970 878 1004 τὴν

89 1019 279 1055 ἀπαραίτητον
292 1018 341 1053 τῆς
353 1018 460 1052 μακρᾶς
475 1017 583 1051 ἐκείνης
594 1015 748 1050 ἀποδημίας
756 1014 878 1049 ἀνάγκην

89 1064 240 1101 διάγραψόν
258 1073 302 1099 μοι
315 1065 346 1099 τῇ
362 1063 476 1098 διανοίᾳ,
492 1062 541 1098 τὴν
555 1060 713 1088 τελευταίαν
727 1060 774 1086 τοῦ
789 1059 878 1086 κοινοῦ

91 1112 150 1147 βίου
167 1111 370 1146 καταστροφὴν,
381 1111 446 1136 ὅταν
458 1108 523 1145 ἔλθῃ
536 1109 551 1135 ὁ
562 1108 627 1139 Υἱὸς
643 1107 690 1134 τοῦ
709 1106 776 1133 Θεοῦ
798 1107 826 1132 ὲν
843 1106 878 1141 τῇ

90 1157 154 1193 διξῃ
169 1156 252 1184 αὑτοῦ
280 1156 348 1192 μετὰ
371 1155 425 1182 τῶν
450 1155 573 1190 ἀγγέλων
596 1152 678 1180 αὑτοῦ
704 1152 758 1179 τῶν
783 1151 877 1186 ἁγίων.

92 1203 173 1235 Ἥξει
193 1202 246 1238 γὰρ
271 1201 318 1228 καὶ
344 1201 375 1227 οὐ
405 1199 647 1235 παρασιωπήσεται
661 1216 669 1228 ,
695 1197 759 1223 ὅταν
782 1195 845 1231 ἔλθῃ
866 1195 881 1220 ὁ

92 1248 196 1283 Κύριος
221 1249 312 1282 κρῖναι
329 1246 434 1278 ζῶντας
458 1244 504 1271 καὶ
529 1244 642 1279 νεκροὺς
664 1242 711 1269 καὶ
736 1240 881 1267 ἀποδοῦναι

93 1294 202 1329 ἑκάστῳ
217 1293 287 1320 κατὰ
309 1292 343 1319 τὰ
360 1292 427 1328 ἔργα
443 1289 535 1317 αὑτοῦ.
548 1288 689 1324 Μνήσθητι
707 1287 752 1314 τὸν
770 1286 881 1322 πύρινον

93 1341 217 1376 ποταμὸν
230 1359 237 1372 ,
253 1341 298 1366 τὸν
323 1338 451 1373 σκώληκα
475 1337 520 1363 τὺν
549 1335 713 1370 ἀκοίμητον,
734 1333 780 1360 τὸν
797 1332 882 1360 δεινὸν

93 1388 173 1423 ᾅδην,
190 1387 221 1413 τὸ
234 1386 329 1416 σκότος
345 1385 375 1411 τὸ
391 1383 533 1419 ἐξώτερον,
550 1381 595 1408 τὸν
611 1380 708 1415 πικρὸν
733 1378 881 1413 κλαυθμὸν,

95 1434 142 1460 τὸν
169 1432 292 1469 βρυγμὸν
311 1431 365 1458 τῶν
385 1430 515 1462 ὀδόντων,
537 1427 586 1463 τὴν
610 1426 741 1454 ἄσϐεστον
757 1425 882 1460 κάμινον.

98 1481 192 1508 Πάντα
218 1481 273 1515 γὰρ
297 1477 389 1513 γυμνὰ
413 1476 460 1503 καὶ
480 1472 720 1510 τετραχηλισμένα
739 1470 883 1506 παραστή-

98 1534 190 1553 serat“
208 1526 272 1552 ὅταν
289 1525 306 1559 ἡ
328 1522 444 1557 σάλπιγξ
459 1521 550 1555 ἐκείνη
568 1520 639 1556 μέγα
656 1528 683 1545 τι
701 1518 748 1545 καὶ
772 1516 884 1553 φοϐερὸν

97 1573 225 1607 ὴχήσασα
246 1553 309 1602 τοὺς
336 1570 383 1596 ἀπ’
402 1553 507 1599 ἀίῶνος
585 1584 593 1592 .
626 1584 633 1592 .
649 1585 655 1591 .
666 1584 672 1591 .
687 1558 883 1594 καθεύδοντας,
897 1553 919 1581 C

101 1628 110 1644 ε
137 1619 184 1645 καὶ
206 1616 417 1653 ἐκπορεύσονται
440 1615 465 1641 οί
492 1612 527 1640 τὰ
556 1610 648 1646 ἀγαθὰ
672 1610 825 1646 πράξαντες
846 1608 886 1639 εις

99 1664 249 1691 ἀνάστασιν
276 1663 365 1698 ζωῆς’
387 1661 412 1688 οἱ
435 1660 464 1687 δὲ
488 1659 523 1685 τὰ
551 1657 641 1693 φαῦλα
669 1655 821 1692 πράξαντες
848 1655 888 1685 εἰς

99 1710 250 1737 ἀνάστασιν
273 1709 400 1743 κρίσεως.
425 1715 434 1732 ι
458 1704 600 1740 Μνήσθητι
630 1702 681 1736 τῆς
713 1699 760 1727 τοῦ
791 1699 888 1734 Δανιὴλ

100 1755 311 1788 ὁπτασίας,πῶς
324 1754 369 1781 ὑπ’
382 1753 474 1787 ὄψεσιν
484 1751 546 1785 ἄγει
557 1750 606 1785 τὴν
618 1748 718 1784 κρίσιν,
729 1747 781 1778 ὅτι,
796 1745 887 1781 φησὶν,

104 1815 114 1830 ι
133 1804 206 1835 Ἕως
232 1800 263 1829 οὒ
288 1801 378 1836 θρόνοι
395 1798 538 1832 ἐτέθησαν,
564 1795 613 1823 καὶ
637 1793 755 1824 Παλαιὸς
779 1790 890 1828 ἡμερῶν

102 1849 225 1880 ἐκάθισε,
243 1847 292 1874 καλ⁸
308 1846 338 1873 τὸ
359 1845 460 1880 ἔνδυμα
475 1841 557 1870 αὑτοῦ
581 1841 676 1868 λευκὸν
695 1840 731 1870 ὡς
750 1838 827 1874 χιὼν,
845 1837 891 1863 καὶ

102 1899 121 1932 ἡ
136 1896 197 1933 θρὶξ
220 1896 270 1930 τῆς
295 1893 416 1928 κεφαλῆς
444 1891 525 1918 αὑτοῦ
550 1890 588 1920 ὡς
608 1888 679 1924 ἔριον
702 1886 833 1920 καθαρόν.
863 1884 892 1911 '0

104 1943 200 1979 Θρόνος
217 1940 299 1968 αὐτοῦ
316 1940 353 1971 ὡς
370 1938 435 1973 φλὸξ
460 1936 558 1973 πυρός·
581 1935 606 1961 οἱ
622 1933 713 1970 τροχοὶ
740 1931 821 1959 αὑτοῦ
838 1930 893 1967 πῦρ

105 1977 222 2024 φ-λέγον⁵
248 1986 370 2021 ποταμὸς
396 1983 482 2019 πυρὸς
510 1979 601 2008 εἷλκεν
624 1978 777 2015 ἔμπροσθεν
799 1977 892 2004 αὐτοῦ.

104 2035 197 2063 Χίλιαι
217 2033 335 2069 χιλιάδες
356 2029 543 2064 ἐλειτούργουν
565 2027 639 2062 αὐτῷ
656 2026 702 2052 καὶ
731 2024 825 2060 μύριαι
846 2032 895 2058 μυ-

107 2081 198 2117 ριάδες
213 2079 442 2115 παρειστήκεισαν
455 2075 539 2110 αὐτῷ.
560 2073 708 2109 Κριτήριον
724 2071 834 2098 ἐκάθισε
849 2070 896 2096 καὶ

107 2115 448 2164 βίϐλοιὴνεῲχθησανδτὰ
463 2120 606 2156 ἀγαθὰ,τὰ
620 2117 764 2154 φαῦλα,τᾶι
778 2115 894 2151 φανερὰ,

106 2161 141 2201 τὰ
154 2172 344 2208 κεκρυμμένα,
360 2169 395 2196 τὰ
408 2168 570 2204 πράγματα,
583 2165 618 2192 τὰ
635 2165 756 2200 ῥήματα,
772 2162 806 2188 τὰ
821 2161 898 2188 ἐνθυ-

915 242 1005 269 ctione
1018 241 1149 276 procedit.
1162 240 1233 267 Cave
1246 240 1294 267 tibi
1310 247 1324 266 a
1336 239 1422 266 tribus
1432 236 1556 272 corporis
1565 234 1605 262 tui
1617 241 1703 260 mem—

915 288 984 320 bris.
1000 289 1090 320 oculo,
1105 295 1163 319 ore,
1181 287 1285 314 auditu.
1305 284 1342 312 Ne
1359 284 1428 311 forte
1442 283 1559 318 aliquem
1576 279 1662 308 torvis
1676 282 1704 306 et

917 334 1017 362 invidis
1030 334 1118 362 oculis
1135 333 1267 368 respicias
1278 353 1285 365 ,
1301 335 1327 359 et
1343 339 1390 358 ore
1406 329 1529 365 quazdam
1544 327 1624 354 noxia
1640 332 1704 360 pro-

918 380 991 408 feras
1006 389 1013 414 ;
1035 380 1157 408 auditum
1173 387 1238 407 vero
1260 385 1332 406 sana:
1348 377 1409 404 (idei
1426 375 1554 402 adhibeto
1578 376 1703 404 tantum;

919 435 953 454 ne
982 427 1050 454 forte
1076 433 1234 461 perversum
1259 430 1411 451 sermonem
1442 420 1582 451 admittas,
1605 417 1648 445 vel
1673 425 1705 443 ex

919 473 1003 501 noxio
1025 473 1118 500 auditu
1132 472 1165 499 ab
1187 469 1406 506 imprudentibus
1428 465 1639 502 cogitationibus
1660 471 1708 491 su-

921 519 1026 556 pereris
1039 518 1106 554 (74),
1121 521 1148 545 et
1172 522 1309 544 revertare
1333 515 1408 542 velut
1434 513 1511 540 canis
1531 510 1564 538 ad
1576 509 1707 537 vomitum

921 569 1011 594 tuum.
1033 564 1087 592 Sed
1113 564 1204 599 potius
1227 561 1406 590 novissimam
1428 560 1499 587 diem
1514 557 1596 592 208
1617 559 1708 583 tecum

922 616 1028 648 reputa.
1039 611 1132 646 Neque
1146 610 1218 638 enim
1233 612 1262 635 tu
1276 608 1351 636 solus
1365 607 1391 633 in
1408 605 1535 633 saeculum
1551 604 1626 630 vives
1639 611 1646 630 ι
1660 600 1708 629 sed

924 661 1060 686 memento
1085 657 1184 684 futura;
1209 655 1282 683 illius
1306 651 1499 681 coarctationis
1513 647 1712 677 suﬂ'ocationis-

925 713 989 741 que,
1009 704 1084 731 horae
1101 703 1202 735 obitus,
1219 700 1340 736 urgentis
1361 697 1503 726 sententia:
1525 695 1583 727 Dei,
1599 693 1710 728 angelo-

925 759 987 779 rum
1003 749 1201 780 festinantium,
1225 747 1322 774 anima:
1342 745 1472 772 harumce
1489 749 1580 769 rerum
1606 741 1714 774 specta—

927 798 988 826 culo
1002 796 1128 826 turbatae,
1141 792 1309 821 conscientia
1325 798 1374 818 sua
1392 788 1512 824 graviter
1525 785 1670 822 perculsae,
1686 786 1714 810 et

927 850 972 870 res
983 841 1065 876 huius
1074 840 1165 868 saeculi
1176 836 1366 865 miserabiliter
1376 832 1567 868 respicientis:
1580 833 1661 863 atque
1673 827 1714 853 in-

930 872 1128 923 deprecabilem
1143 885 1216 911 illius
1231 879 1460 918 peregrinationis
1480 876 1670 905 necessitatem
1687 872 1716 899 in

931 940 977 962 tua
993 938 1083 962 mente
1100 931 1258 961 describito,
1278 936 1328 956 nec
1342 935 1397 954 non
1410 929 1578 962 postremum
1592 928 1714 949 commu-

933 981 974 1007 nis
991 979 1130 1007 hominum
1148 978 1209 1004 vita:
1223 976 1337 1005 exitum,
1354 981 1409 1008 quo
1425 976 1546 1006 tempore
1560 968 1651 995 veniet
1667 966 1715 993 Fi—

932 1026 985 1052 lius
1004 1024 1052 1052 Dei
1075 1024 1102 1050 in
1129 1022 1214 1058 gloria
1240 1028 1289 1048 sua
1307 1026 1368 1045 cum
1396 1016 1500 1052 angelis
1521 1013 1624 1042 sanctis
1645 1011 1716 1038 suis.

932 1070 1030 1098 Veniet
1051 1057 1169 1103 namque
1192 1071 1220 1095 et
1234 1075 1289 1093 non
1308 1064 1408 1095 silebit,
1427 1070 1488 1089 cum
1506 1060 1611 1088 venerit
1627 1057 1718 1085 Domi-

932 1124 985 1143 nus
1004 1114 1131 1149 judicare
1146 1113 1223 1140 vivos
1242 1115 1269 1139 et
1289 1104 1424 1140 mortuos,
1444 1112 1470 1135 et
1486 1107 1551 1133 dare
1570 1104 1719 1138 unicuique

934 1161 1083 1190 secundum
1099 1167 1182 1196 opera
1199 1166 1259 1187 sua.
1278 1157 1412 1185 Memento
1427 1154 1497 1189 ignei
1517 1151 1647 1182 ﬂuminis,
1661 1157 1721 1177 ver-

933 1209 986 1236 mis
1001 1207 1048 1243 qui
1067 1213 1207 1242 nunquam
1230 1204 1356 1236 moritur,
1380 1199 1519 1229 horribilis
1548 1197 1658 1228 inferni,
1680 1199 1720 1223 te-

934 1254 1080 1281 nebrarum
1096 1252 1274 1282 exteriorum,
1291 1248 1382 1276 acerbi
1395 1248 1495 1278 luctus,
1515 1243 1642 1272 stridoris
1654 1242 1722 1269 den-

935 1299 1013 1331 tium,
1023 1297 1180 1325 inexstineti
1193 1295 1305 1323 camini.
1317 1292 1412 1321 Omnia
1423 1291 1494 1319 enim
1509 1288 1580 1317 nuda
1592 1293 1618 1314 et
1629 1289 1723 1321 aperta

935 1345 1144 1376 exhibebuntur,
1162 1349 1223 1370 cum
1240 1341 1303 1368 tuba
1327 1340 1373 1366 illa
1395 1344 1522 1373 magnum
1539 1335 1603 1370 quid
1623 1337 1651 1361 et
1670 1337 1725 1360 ter—

936 1389 1015 1416 ribile
1034 1394 1186 1424 personans
1210 1384 1340 1423 excitabit
1365 1390 1413 1410 eos
1435 1382 1481 1416 qui
1501 1388 1515 1407 a
1539 1379 1638 1408 seculo
1660 1377 1724 1404 dor.-

936 1435 1023 1462 miunt
1037 1443 1045 1461 :
1063 1442 1073 1459 ‹
1088 1436 1115 1461 et
1131 1431 1280 1468 procedent
1294 1429 1341 1465 qui
1359 1429 1430 1457 bona
1448 1427 1571 1455 fecerunt
1589 1425 1616 1452 in
1631 1431 1724 1451 resur-

936 1481 1086 1508 rectionem
1099 1478 1177 1511 vitm;
1203 1477 1250 1511 qui
1264 1483 1329 1503 vero
1350 1474 1421 1502 mala
1437 1474 1562 1508 egerunt,
1581 1471 1609 1497 in
1629 1477 1724 1497 resur-

937 1525 1084 1553 rectionem
1101 1523 1197 1559 judicii
1212 1523 1244 1549 ".
1266 1531 1275 1547 l
1295 1519 1429 1548 Memento
1451 1517 1566 1545 visionis
1584 1515 1722 1542 Danielis:

937 1579 992 1608 quo
1012 1575 1092 1607 pacto
1113 1569 1148 1597 ob
1173 1568 1268 1597 oculos
1294 1570 1378 1602 ponat
1398 1564 1532 1600 judicium
1553 1572 1560 1589 :
1587 1571 1596 1587 ‹
1623 1560 1724 1590 Donec,

937 1604 991 1651 ait,
1012 1604 1106 1644 throni
1126 1613 1208 1649 positi
1228 1617 1309 1644 sunt,
1328 1614 1355 1638 et
1369 1610 1506 1645 Antiquus
1526 1608 1630 1635 dierum
1645 1604 1725 1636 sedit,

938 1668 964 1692 et
987 1662 1179 1691 vestimentum
1196 1660 1256 1695 ejus
1279 1659 1371 1686 album
1393 1657 1464 1684 sicut
1487 1655 1545 1687 nix,
1563 1657 1590 1681 et.
1612 1651 1726 1687 capillus

939 1708 1037 1744 capitis
1061 1708 1122 1742 ejus
1143 1705 1220 1742 quasi
1242 1705 1307 1732 lana
1331 1702 1442 1730 munda.
1465 1700 1592 1727 Thronus
1613 1697 1673 1732 ejus
1698 1700 1728 1723 ut

939 1751 1048 1778 ﬂamma
1071 1741 1160 1786 ignis;
1178 1753 1245 1777 rota:
1270 1748 1330 1783 ejus
1353 1747 1424 1782 ignis
1448 1752 1605 1772 accensus:
1630 1741 1729 1768 ﬂuvius

941 1798 1037 1833 igneus
1060 1796 1161 1824 (luebat
1188 1795 1216 1822 in
1238 1796 1384 1828 conspectu
1411 1791 1481 1826 ejus.
1508 1789 1591 1816 Millia
1613 1786 1729 1814 millium

942 1843 1133 1871 ministrabant
1151 1841 1187 1874 ei,
1204 1843 1232 1868 et
1245 1840 1336 1867 decies
1351 1837 1451 1865 millies
1472 1833 1645 1863 denacmillia
1661 1831 1731 1859 assi-

943 1891 1051 1918 stebant
1063 1889 1099 1920 ei,
1118 1888 1251 1923 judicium
1273 1885 1343 1914 sedit
1359 1888 1386 1912 et
1404 1883 1468 1910 libri
1488 1881 1574 1917 aperti
1591 1883 1655 1908 sunt
1666 1878 1700 1905 ¹¹⁸.
1718 1886 1729 1904 ι

944 1937 1012 1963 Tum
1030 1937 1113 1968 bona,
1126 1934 1207 1965 mala,
1224 1931 1379 1964 manifesta,
1404 1928 1576 1958 abscondita,
1593 1926 1673 1956 facta,
1691 1923 1733 1951 di-

944 1988 998 2013 cta,
1017 1981 1145 2017 cogitata,
1164 1980 1309 2014 derepente
1330 1976 1457 2004 omnibus
1475 1973 1650 2001 audientibus
1669 1977 1731 1998 cum

946 2014 1131 2062 angelis‘tum
1161 2023 1318 2051 hominibus
1343 2020 1433 2056 palam
1467 2018 1608 2046 revelabit.
1635 2014 1732 2044 Omnia

946 2060 1029 2104 enim,
1049 2071 1087 2099 uti
1103 2077 1186 2105 supra
1201 2069 1268 2100 dixi,
1286 2066 1359 2094 nuda
1375 2070 1403 2093 et
1424 2063 1569 2093 manifesta
1583 2060 1730 2093 exhibebit,

948 2125 1038 2146 coram
1055 2116 1171 2144 terribili
1195 2113 1335 2141 tribunali.
1349 2111 1418 2139 Vide
1441 2110 1524 2146 igitur
1543 2116 1578 2136 ne
1592 2106 1733 2135 residuum

949 2164 1090 2200 temporis,
1110 2170 1164 2198 quo
1180 2166 1206 2189 te
1217 2163 1324 2196 oportet
1336 2160 1497 2185 immensam
1510 2155 1569 2189 ejus
1583 2153 1736 2180 misericor-

113 2199 141 2201 ’⁷⁷
156 2199 170 2200 ⁷⁷
209 2199 215 2208 Δ
244 2199 250 2207 I
266 2199 272 2207 I
338 2199 342 2202 ’
431 2199 436 2204 ι
472 2199 492 2203 τη
664 2199 667 2200 ν

109 2221 236 2257 μήματα,
251 2217 351 2248 εὐθέως
363 2213 409 2242 οὖν
423 2215 462 2246 εἰς
482 2212 644 2245 ἐξάκουστον
660 2211 716 2241 τοῖς
743 2209 821 2239 πᾶσι,
850 2216 884 2233 κα

950 2212 1022 2239 diam
1046 2210 1155 2238 ﬂectere
1174 2211 1200 2235 et
1225 2205 1370 2236 demereri,
1391 2204 1419 2230 in
1444 2202 1564 2229 vanitate
1588 2199 1735 2231 absumas;

1176 2254 1183 2257 .
1315 2252 1321 2257 .
1347 2251 1356 2257 η
1388 2250 1394 2256 .
1467 2247 1599 2257 η.ς,,,,,,,,
1619 2248 1643 2257 Α,
1659 2247 1720 2257 “In

109 2255 237 2303 αγγέλοις
251 2265 297 2293 καὶ
318 2262 471 2299 ἀνθρώποις
491 2260 584 2296 σαφῶς
608 2257 786 2292 ἁνακαλύψει.
804 2255 897 2282 Πάντα

109 2316 177 2350 γὰρ,
193 2314 231 2346 ὡς
244 2313 385 2348 προεῖπον,
398 2308 489 2344 γυμνὰ
501 2307 549 2334 καὶ
559 2303 794 2340 τετραχηλισμένα
811 2309 900 2337 παρα-

111 2347 208 2397 στησει
234 2347 273 2394 τῷ
303 2358 405 2393 βήματι
421 2354 459 2390 τῷ
486 2352 603 2388 φοϐερῷ.
628 2351 715 2377 Βλέπε
741 2348 833 2375 λοιπὸν
854 2347 900 2373 τὸν

111 2391 208 2444 χρδνον
225 2391 288 2438 ὲνΠῷ
355 2411 385 2429 σε
398 2398 594 2437 καρπώσασθαι
605 2397 636 2424 τὸ
651 2396 805 2432 ἀμέτρητον
818 2391 900 2421 αὐτοῦ

111 2439 198 2486 ἕλεος,
217 2451 254 2488 μὴ
275 2453 304 2478 ὲν
328 2448 488 2486 ματαιότητι
510 2443 663 2487 ἀναλώσῃς,
679 2442 736 2468 ’καὶ
751 2441 780 2467 ὲν
805 2439 902 2470 πύλαις

112 2501 177 2536 ᾇόου
190 2498 317 2534 ζητήσεις
333 2495 411 2523 τοῦτο
433 2493 481 2520 καὶ
503 2483 557 2527 οὐχ’
565 2491 691 2526 εὑρήσεις
706 2488 764 2514 διὲν
782 2485 822 2522 τῷ
838 2485 901 2520 ὕψει

111 2532 169 2573 τῶν
185 2532 297 2581 ἡμερῶν
316 2551 363 2569 σου
395 2538 575 2576 προκείμενον
595 2537 646 2562 οὐκ
667 2534 811 2570 ἠθέλησας.
826 2532 902 2567 Μνή-

114 2593 194 2628 σθητι
214 2589 261 2618 οὖν
285 2590 332 2617 καὶ
350 2588 451 2622 ταύτην
467 2586 517 2622 τὴν
540 2583 657 2620 φρικτὴν
680 2581 730 2616 τῆς
754 2578 900 2612 ἀπολογίας

114 2625 222 2674 ἡμέραν
244 2637 293 2672 τῆς
318 2635 446 2670 κρίσεως,
473 2632 520 2659 καὶ
539 2631 579 2658 ἴδε
596 2629 656 2661 πῶς
681 2627 786 2664 μέλλεις
805 2625 902 2652 ἀπολο-

114 2684 224 2719 γεῖσθαι
243 2683 283 2719 τῷ
295 2681 427 2710 πλάσαντί
450 2689 480 2707 σε
502 2678 571 2714 Θεῷ,
583 2679 624 2705 ὅτι
639 2677 720 2708 αὑτός
745 2677 803 2702 ἐστι
823 2673 919 2709 κρ.τὴς

153 2743 176 2759 ⁷³
195 2742 273 2770 Joan.
291 2749 318 2774 v,
334 2740 381 2767 29.
420 2739 442 2755 τ’
464 2737 532 2765 Dan.
550 2745 611 2769 vm,
627 2735 655 2769 9,
674 2734 717 2762 10.

147 2800 212 2841 ’(73)
233 2798 433 2862 Su;p‘.cvimus,
453 2794 612 2827 διδασκαλίᾳ
627 2794 783 2829 ἐπίστρεφε.
799 2791 867 2819 Coll.
888 2789 910 2817 ll

147 2844 193 2862 tm.
211 2843 247 2862 Iv.
283 2855 290 2862 .
304 2833 400 2862 Vulso.
417 2831 505 2862 λογίον
518 2830 634 2861 ἀσεϐεῖς.

121 2830 247 2867 Τὶὶιι.ἰν,
263 2830 400 2868 Ξένυιεο,
417 2831 505 2867 λογίον
518 2830 634 2861 ἀσεϐεῖς.

950 2257 1022 2292 quod
1034 2260 1129 2292 postea
1151 2254 1184 2281 ad
1201 2257 1296 2288 portas
1315 2250 1397 2278 inferi
1413 2247 1600 2283 exquisiturus
1617 2248 1645 2272 et
1659 2247 1738 2279 opta-

949 2309 1028 2331 turus
1039 2311 1069 2331 es
1082 2312 1089 2329 :
1104 2309 1155 2329 nec
1169 2299 1292 2328 invenies
1306 2296 1383 2328 illud,
1397 2294 1468 2331 quod
1485 2294 1513 2320 in
1528 2292 1617 2320 medio
1632 2290 1737 2318 dierum

951 2355 1061 2377 tuorum
1085 2355 1147 2375 cum
1169 2347 1277 2374 adesset
1297 2343 1437 2378 respuisti.
1465 2339 1620 2368 Recordare
1644 2337 1738 2370 itaque

951 2394 1119 2423 horrendum
1136 2394 1213 2420 illum
1234 2392 1305 2419 diem
1318 2388 1426 2425 judicii,
1445 2394 1499 2423 quo
1519 2392 1630 2412 causam
1650 2383 1738 2411 dictu—

952 2450 999 2469 rus
1012 2449 1052 2473 es,
1069 2447 1123 2475 quo
1138 2442 1218 2474 pacto
1231 2437 1355 2464 dicturus
1374 2434 1449 2461 illam
1462 2440 1492 2460 es
1505 2430 1575 2466 apud
1592 2429 1676 2457 Deum
1692 2427 1738 2462 qui

955 2489 980 2512 te
996 2483 1129 2514 condidit,
1143 2482 1205 2518 quia
1219 2482 1276 2516 ipse
1287 2480 1370 2515 judex
1386 2481 1429 2506 est
1443 2477 1566 2504 vivorum
1579 2478 1606 2501 et
1620 2477 1740 2500 mortuo-

955 2537 1026 2557 rum.
1040 2529 1174 2562 Quoniam
1190 2527 1372 2563 gloriticatum
1387 2528 1428 2551 est
1442 2529 1541 2550 nomen
1559 2520 1647 2547 Patris
1657 2523 1685 2546 et
1698 2517 1740 2545 Fi-

955 2577 983 2603 lii
1001 2579 1028 2603 et
1049 2574 1167 2610 Spiritus
1188 2572 1285 2604 sancti,
1301 2571 1372 2599 sicut
1388 2577 1403 2597 a
1424 2568 1559 2604 principio
1574 2567 1611 2594 ita
1630 2569 1657 2593 et
1666 2571 1740 2592 nunc

956 2627 982 2649 et
1001 2627 1109 2656 semper
1120 2623 1148 2647 et
1162 2619 1189 2646 in
1202 2617 1300 2646 saecula
1320 2616 1494 2643 saculorum.
1511 2614 1607 2641 Amen.

954 2669 1062 2703 ζώντων
1086 2669 1134 2696 καὶ
1157 2666 1271 2702 νεκρῶν,
1300 2666 1340 2692 ὅτι
1360 2663 1514 2696 δεδόξασται
1535 2662 1566 2689 τὸ
1585 2661 1671 2697 ὄνομα
1692 2667 1740 2696 τοῦ

999 2789 1053 2824 (τι)
1071 2786 1255 2822 Conjectando
1266 2786 1304 2814 sic
1319 2784 1460 2812 vertimus.
