1924 3059
212 135 267 166 5ίὸ

803 136 832 164 S.
850 136 1082 166 ATHANASIUS.
1103 153 1137 158 —
1157 137 1293 166 SPURIA.

1791 135 1849 164 576

212 196 320 232 [ἰατρὸς
340 197 388 224 καὶ
406 196 454 224 τοῦ
467 196 534 223 Υἱοῦ
548 195 599 223 καὶ
611 196 658 223 τοῦ
680 197 759 231 ἁγίου
777 197 947 234 Πνεῦματος,
966 198 1003 230 ὡς
1024 199 1067 226 ἐπ’
1083 199 1171 234 ἀρχῆς
1191 200 1237 226 καὶ
1258 200 1305 226 νῦν
1317 199 1364 226 καὶ
1385 199 1428 226 ἀεὶ
1455 200 1501 226 καὶ
1532 199 1572 231 εἰς
1585 199 1648 231 τοὺς
1666 199 1768 231 αἰῶνας
1788 197 1851 225 τῶν

212 241 330 269 αἰώνων.
349 242 445 278 Ἀμήν.

250 289 293 316 13.
309 287 458 323 Completis
470 289 546 316 hisce
558 289 703 316 duodecim
725 291 880 325 praeceptis,
895 291 1004 326 episco-
1019 293 1043 321 Α

214 341 266 370 pus
278 334 316 360 ait
327 334 366 361 illi
378 343 385 361 :
403 333 501 361 lncede
512 334 540 361 in
561 335 637 362 hisce
650 336 803 370 praeceptis,
820 340 847 363 et
859 337 1005 364 cohortare

213 388 261 408 eos
273 381 319 416 qui
336 380 450 407 audiunt
465 385 494 408 ut
510 381 637 408 incedant
653 382 679 408 in
695 381 766 413 .illis.
782 386 812 409 ut
828 390 895 417 pura
912 383 947 410 sit
957 391 1004 410 eo-

212 431 273 451 rum
291 424 463 459 paenitentia,
484 425 597 460 reliquis
613 425 710 453 diebus
726 426 789 454 vitae
806 435 901 454 eorum
918 436 1006 455 :con—

213 469 329 498 ﬁdentes
346 478 376 498 se
390 478 445 498 non
461 471 542 498 modo
560 471 750 499 remissionem
771 477 944 507 peccatorum
961 482 1005 502 re-

212 520 353 549 cepturos,
380 515 427 543 sed
451 516 534 543 etiam
558 516 679 543 caelestis
703 517 778 552 regni
808 517 1003 551 htereditatem,

212 569 295 596 quam
316 561 385 588 faxit
404 561 477 589 Deus
493 566 522 589 ut
543 570 594 590 nos
607 570 799 598 assequamur,
816 564 903 598 gratia
917 568 944 592 et
958 564 1005 592 be-

212 607 347 642 nignitate
367 607 474 635 Domini
495 609 582 636 nostri
597 608 662 636 Jesu
679 609 794 641 Christi,
810 617 872 637 cum
883 618 938 644 quo
954 610 1005 637 Pa-

213 653 248 680 tri
265 657 293 681 et
307 657 404 681 sancto
415 654 577 689 viviﬁcoque
592 654 717 690 Spiritui,
733 656 831 691 gloria.
844 656 944 691 honor,
955 657 1006 684 im—

214 698 319 732 perium
332 699 358 725 in
375 698 473 726 sacula
491 700 666 727 saeculorum.
682 700 781 728 Amen.

248 785 291 812 14.
311 785 358 813 His
383 786 484 815 auditis
506 789 647 823 praeceptis
658 788 821 821 Antioehus,
845 789 1006 826 descriptis—

213 838 266 866 que
282 831 359 865 quasi
375 832 401 858 in
417 833 485 859 libro
503 833 530 860 in
543 834 626 861 corde
644 841 705 866 suo,
723 834 885 863 festinanter
899 836 927 863 in
947 843 1005 863 cae-

213 876 323 903 uobium
334 878 459 904 concedit
474 878 530 906 h.ec
541 887 632 906 secum
650 881 801 915 reputando
815 891 821 909 :
833 881 872 909 Ne
888 882 910 908 si
924 882 1002 910 solus

212 923 309 957 degant
337 924 464 956 extollar,
479 930 506 952 et
527 926 705 962 mihimetipsi
727 935 851 960 noceam,
874 928 906 955 ad
925 929 1006 956 obse-

213 970 352 1003 quendum
373 969 506 999 fratribus
527 980 572 1000 me
588 973 695 1000 tradam
709 984 716 1001 :
732 978 815 1009 atque
834 975 1005 1010 singulorum

213 1013 370 1042 institutum
393 1017 454 1044 Viue
474 1019 675 1052 contemplatus
697 1020 841 1054 studioque
865 1025 1006 1055 permotus

213 1061 383 1094 proﬁciendi.
401 1070 448 1096 per
465 1062 512 1090 Dei
531 1065 645 1098 gratiam
661 1072 754 1092 eorum
776 1066 902 1093 virtutem
916 1067 1006 1094 imita-

214 1105 275 1133 bor.
289 1106 366 1140 Quod
384 1109 464 1135 etiam
479 1109 514 1135 ita
533 1110 634 1137 factum
655 1114 707 1138 est.
722 1111 864 1146 Ingressus
884 1113 956 1140 enim
978 1113 1005 1140 in

215 1153 384 1185 coenobium,
402 1154 439 1180 ita
452 1162 513 1181 cum
530 1156 660 1183 fratribus
679 1161 803 1184 versatus
819 1161 871 1190 est,
885 1162 914 1185 ut
933 1159 1006 1186 arbi-

213 1201 334 1225 traretur
349 1207 378 1226 se
397 1207 450 1226 non
470 1208 531 1228 cum
552 1201 719 1234 hominibus,
740 1203 787 1230 sed
812 1212 874 1231 cuin
902 1205 1006 1240 angelis

214 1243 263 1271 Dei
276 1244 357 1271 vitam
373 1252 452 1280 agere
467 1255 475 1279 ;
492 1246 624 1282 iussaque
638 1249 712 1275 omni
735 1249 837 1281 studio,
853 1250 1004 1282 alacritate,

213 1294 241 1317 et
258 1289 358 1324 gaudio
380 1292 548 1326 compleret:
566 1300 599 1320 ac
623 1294 697 1321 omni
724 1294 806 1327 fastu,
829 1296 957 1330 superbia
979 1301 1007 1323 et

214 1335 415 1363 mundanarum
440 1344 532 1364 rerum
555 1338 686 1365 memoria
713 1339 854 1366 eliminata
869 1348 1006 1368 summam

213 1387 351 1409 exerceret
371 1383 590 1418 temperantiam,
607 1384 802 1417 obedientiam,
814 1386 1006 1419 humilitatem,

213 1427 330 1455 fratrum
345 1436 476 1461 amorem,
491 1429 716 1464 taciturnitatem,
731 1431 890 1459 charitatem
903 1440 910 1465 ;
927 1432 1008 1459 nihil-

215 1481 269 1508 que
280 1474 352 1501 aliud
365 1475 508 1509 cogitaret,
517 1482 598 1510 quam
608 1481 740 1512 praecepta
750 1478 907 1512 rnonitaque
918 1479 1006 1505 sancti

213 1518 304 1547 Patris
318 1524 345 1547 et
367 1520 488 1554 episcopi
503 1521 658 1555 Athanasii,
679 1526 706 1549 et
724 1530 799 1557 spem
815 1523 842 1550 in
868 1524 1006 1551 Christum

212 1564 317 1593 Jesum.
329 1565 457 1601 Nullique
471 1573 526 1593 non
538 1566 614 1594 fratri
629 1567 695 1595 utile
707 1573 734 1595 et
750 1568 922 1596 fructuosum
937 1573 1005 1601 erat,

1094 289 1138 316 15.
1156 289 1210 315 Καὶ
1230 288 1390 320 συντελέσας
1407 288 1456 320 τὰς
1471 287 1574 314 δώδεκα
1593 287 1694 320 ταύτας
1718 289 1847 323 ἐντολὰς,

1055 336 1069 362 ὁ
1083 335 1231 365 ἐπίσκοπος
1247 334 1319 368 λέγει
1340 333 1430 368 αὐτῷ·
1456 333 1575 369 Πορεύου
1597 335 1625 360 ὲν
1643 335 1702 365 ταῖς
1722 335 1850 368 ἐντολαῖς

1054 379 1167 410 ταύταις
1181 379 1227 405 καὶ
1239 378 1392 414 παρακάλει
1400 379 1446 405 καὶ
1454 379 1515 410 τοὺς
1526 378 1671 410 ἀκούοντας
1680 379 1849 414 πορεύεσθαι

1056 425 1085 450 ὲν
1103 424 1215 456 αὑταῖς,
1234 424 1277 450 ἵνα
1292 425 1309 458 ἡ
1326 423 1453 458 μετάνοια
1481 424 1570 450 αὐτῶν
1600 424 1706 459 καθαρὰ
1730 425 1850 461 γένηται

1055 469 1105 501 τὰς
1118 469 1215 501 λοιπὰς
1229 469 1337 505 ἡμέρας
1350 469 1400 504 τῆς
1412 469 1484 503 ζωῆς
1499 469 1601 496 αὐτῶν·
1618 469 1795 506 θαρροῦντες,
1805 473 1849 498 ὃτι

1056 514 1197 550 λήψονται,
1215 515 1245 541 οὐ
1265 515 1345 550 μόνον
1359 514 1459 550 ἄφησιν
1474 515 1625 550 ἁμαρτιῶν,
1641 515 1709 542 ἀλλὰ
1723 517 1771 543 καὶ
1794 518 1848 552 τὴν

1056 561 1239 596 κληρονομίαν
1258 561 1307 596 τῆς
1330 560 1491 596 ἐπουρανίου
1514 561 1659 596 βασιλείας,
1684 559 1717 597 ἧς
1738 562 1848 596 γένοιτο

1057 607 1162 638 πάντας
1179 607 1255 641 ἡμᾶς
1271 607 1407 641 ἐπιτυχεῖν
1424 607 1516 643 χάριτι
1530 607 1577 633 καὶ
1592 607 1781 643 φιλανθρωπίᾳ
1796 608 1847 635 τοῦ

1056 653 1159 689 Κυρίου
1175 653 1252 688 ἡμῶν
1269 653 1357 688 Ἰησοῦ
1372 653 1500 689 Χριστοῦ,
1521 654 1578 689 μεθ’
1592 651 1621 680 οὗ
1640 655 1679 689 τῷ
1693 654 1780 690 Πατρὶ
1795 656 1848 682 σὺν

1056 698 1096 734 τῷ
1107 699 1178 734 ἁγίῳ
1190 700 1237 726 καὶ
1259 699 1382 734 ζωοποιῷ
1398 699 1537 734 Πνεύματι
1557 699 1619 733 δόξα
1629 720 1637 731 ,
1650 700 1728 736 τιμὴ,
1743 700 1848 736 κράτος

1056 745 1098 776 εἰς
1109 745 1172 776 τοὺς
1188 744 1290 777 αἰῶνας
1306 744 1361 771 τῶν
1376 744 1491 771 αἰώνων.
1515 745 1611 780 Ἀμήν.

1092 789 1137 815 Η.
1152 789 1261 821 Ταύτας
1278 789 1397 821 ἀκούσας
1422 789 1472 821 τὰς
1490 789 1600 821 ἐντολὰς
1611 790 1626 815 ὁ
1642 790 1776 825 ’Δντίοχος
1798 791 1848 817 καὶ

1056 836 1165 871 γράψας
1179 836 1264 868 αὑτὰς
1282 836 1329 862 ἐπὶ
1350 836 1401 871 τὴν
1416 836 1530 872 καρδίαν
1543 835 1625 863 αὐτοῦ
1637 836 1675 868 ὡς
1688 838 1717 863 ὲν
1737 837 1846 872 βιϐλίῳ,

1057 883 1178 915 σπεύσας
1192 882 1376 918 ὀρθοδρόμησε
1388 882 1426 917 τῷ
1439 882 1574 917 κοινοΰίῳ,
1593 882 1678 916 λέγων
1693 883 1721 909 ὲν
1736 883 1826 918 ἑαυτῷ
1837 890 1846 899 ’

1057 926 1165 960 Μήπως
1179 925 1249 952 κατὰ
1262 925 1344 960 μόνας
1355 925 1437 951 οἰκῶν
1449 924 1549 959 ὑψωθῶ
1563 925 1610 951 καὶ
1628 924 1721 959 βλάψω
1732 925 1846 952 ἑαυτόν·

1021 964 1042 992 Β
1057 970 1125 997 ἀλλὰ
1143 970 1242 1006 μᾶλλον
1253 970 1350 1005 δίδωμι
1366 971 1484 1005 ἐμαυτὸν
1507 971 1546 1002 εἰς
1567 971 1689 1006 ὑπακοὴν
1704 970 1828 1005 ἀδελφῶν
1839 978 1846 984 ·

1057 1016 1105 1043 xai.
1119 1016 1229 1051 θεωρῶν
1255 1016 1314 1048 ἑνὸς
1325 1016 1441 1042 ἑκάστου
1455 1016 1504 1052 τὴν
1521 1016 1668 1048 πολιτείαν,
1685 1016 1757 1052 ζήλῳ
1775 1025 1848 1052 κρα-

1056 1062 1187 1097 τούμενος
1204 1061 1280 1096 κάγὼ
1300 1063 1332 1096 τῇ
1351 1061 1398 1087 τοῦ
1418 1061 1485 1088 Θεοῦ
1501 1062 1591 1097 χάριτι
1603 1061 1652 1097 τὴν
1673 1063 1757 1097 αὐτὴν
1777 1062 1848 1098 πλη-

1058 1106 1137 1142 ρώσω
1154 1107 1254 1142 ἀρετήν
1265 1116 1272 1123 ·
1292 1107 1359 1142 ὅπερ
1375 1107 1424 1134 καὶ
1440 1107 1550 1141 γέγονεν
1561 1116 1567 1122 '
1586 1107 1714 1134 εἰσελθὼν
1732 1108 1787 1143 γὰρ
1806 1109 1848 1140 είς

1057 1151 1201 1185 κοινόὸιον,
1229 1152 1314 1183 οὓτως
1337 1152 1551 1188 [ἐπολιτεύσατο]
1569 1153 1637 1187 μετὰ
1662 1152 1713 1188 τῆς
1734 1153 1847 1188 ἀδελφό-

1056 1206 1148 1232 τητος,
1162 1197 1200 1229 ὡς
1211 1197 1331 1233 νομίζειν
1345 1198 1426 1224 αὑτὸν
1441 1198 1478 1234 μὴ
1496 1198 1564 1233 μετὰ
1587 1198 1738 1234 ἀνθρώπων
1749 1200 1846 1230 οἰκεῖν,

1057 1243 1125 1270 ἀλλὰ
1144 1243 1213 1278 μετὰ
1229 1244 1352 1278 ἀγγέλων
1370 1243 1450 1275 Θεοῦ,
1465 1245 1512 1270 καὶ
1532 1244 1567 1271 τὰ
1589 1244 1753 1279 κελευόμενα
1777 1245 1847 1280 μετὰ

1057 1289 1147 1324 πάσης
1175 1289 1292 1325 σπουδῆς
1319 1289 1366 1316 καὶ
1391 1289 1546 1326 προθυμίας
1570 1291 1617 1317 καὶ
1638 1291 1725 1326 χαρᾶς
1747 1291 1845 1318 ἐποίει.

1057 1335 1151 1362 Πάντα
1166 1334 1249 1370 τῦφον
1265 1336 1312 1362 καὶ
1325 1336 1515 1371 ὑπερηφανίαν
1528 1336 1575 1363 καὶ
1587 1337 1697 1372 μνήμην
1712 1336 1847 1372 κοσμικὴν

1057 1380 1179 1408 ἐκποδὼν
1204 1381 1328 1417 ποιήσας,
1349 1384 1440 1408 πᾶσαν
1459 1383 1539 1418 ἤσκει
1563 1383 1750 1419 σωφροσύνην,
1775 1384 1848 1410 ὐπα-

1058 1426 1140 1461 κοὴν,
1153 1426 1414 1462 ταπεινοφροσύνην,
1434 1427 1625 1462 φιλαδελφίαν,
1643 1429 1763 1464 σιωπὴν,
1777 1429 1848 1464 ἁγά-

1059 1480 1124 1507 πην,
1147 1471 1222 1498 οὐδὲν
1247 1471 1312 1498 ἄλλο
1336 1471 1453 1504 ἐννοῶν,
1475 1473 1500 1499 εἰ
1526 1472 1563 1509 μὴ
1589 1472 1639 1504 τὰς
1666 1473 1775 1505 ἐντολὰς
1799 1475 1847 1501 καὶ

1058 1516 1200 1548 νουθεσίας
1230 1516 1276 1543 τοῦ
1296 1517 1374 1551 ἁγίου
1394 1518 1497 1553 πατρὸς
1523 1518 1570 1544 καὶ
1593 1518 1743 1545 ἐπισκόπου
1768 1519 1848 1546 Ἀθα-

1056 1561 1150 1588 νασίου
1171 1562 1219 1588 καὶ
1232 1561 1281 1598 τὴν
1305 1562 1401 1590 ἐλπίδα
1425 1563 1475 1599 τὴν
1489 1563 1518 1590 ὲν
1531 1560 1648 1599 ’Χριστῷ
1669 1563 1766 1600 Ἰησοῦ.
1791 1565 1848 1592 Καὶ

214 1611 288 1646 quod
315 1611 452 1639 hominem
471 1617 596 1640 cerneret
612 1614 677 1640 olim
701 1613 730 1640 in
752 1614 854 1641 mundo
881 1615 1004 1646 divitem,

1060 1608 1159 1640 πάντες
1183 1608 1336 1642 ὠφελοῦντο
1350 1609 1375 1635 οἱ
1401 1609 1510 1644 ἀδελφοὶ
1535 1609 1680 1644 βλέποντες
1704 1610 1749 1637 τὸν
1762 1611 1848 1646 ἄνδρα

214 1657 389 1693 praeclarum,
407 1662 490 1693 atque
504 1661 578 1686 omni
592 1659 748 1686 urbanitate
759 1660 841 1694 209
851 1660 1006 1693 educatum,

213 1703 270 1738 jam
289 1712 319 1731 se
331 1712 386 1732 non
402 1709 499 1739 putare
513 1704 651 1732 hominem
665 1712 728 1732 esse
744 1706 863 1732 nobilem
881 1710 962 1740 atque
977 1705 1008 1732 li-

215 1750 330 1784 berum;
351 1750 399 1778 sed
422 1759 484 1778 cum
510 1751 585 1778 omni
606 1751 711 1778 vilitate
733 1751 841 1785 degere.
869 1750 1009 1786 Deumque

215 1795 346 1823 laudabat
365 1796 412 1831 qui
435 1797 513 1832 plura
530 1797 650 1831 impertit
674 1796 842 1828 hominibus,
857 1804 939 1830 quam
956 1797 1009 1831 ipsi

217 1846 311 1876 petant
324 1843 366 1870 vel
383 1843 523 1876 requirant
539 1842 573 1869 ab
584 1850 628 1869 eo.
642 1841 728 1874 Quem
743 1850 805 1869 eum
823 1842 926 1870 videret
942 1851 1010 1878 pne-

217 1888 306 1915 i'ectus
321 1889 492 1919 monasterii,
510 1892 549 1915 tot
570 1892 679 1922 tamque
702 1888 841 1923 praeclaris
861 1887 908 1915 Dei
923 1889 1010 1924 gratia

218 1934 320 1969 pollere
341 1935 436 1969 gestis,
453 1939 536 1968 atque
554 1933 628 1960 nulla
647 1941 702 1961 non
726 1938 852 1961 ornatum
880 1942 941 1962 esse
953 1935 1010 1963 vir-

217 1985 291 2013 tute;
322 1980 443 2007 secundo
457 1984 518 2014 post
540 1980 695 2014 ingressum
718 1987 797 2006 suum
817 1987 899 2012 anno,
921 1981 1008 2015 ipsum

217 2026 361 2054 constituit
380 2027 540 2054 monasterii
556 2027 599 2054 sui
622 2026 831 2060 apocrisiarium
844 2036 852 2059 ;
867 2031 897 2054 ut
918 2028 946 2054 in
963 2035 1011 2054 ur-

217 2073 279 2101 bem
299 2081 348 2109 pro
376 2074 497 2108 qualibet
525 2075 690 2102 necessitate
717 2072 882 2106 concedens,
913 2082 1009 2109 magna

217 2127 280 2148 cum
305 2121 406 2155 pietate
420 2121 600 2154 ministraret,
616 2127 699 2155 quam
719 2127 777 2146 rem
799 2118 898 2146 fratres
914 2127 1010 2149 omnes

219 2167 445 2201 comprobarunt.

255 2253 357 2282 Servus
371 2261 453 2288 porro
467 2253 512 2281 Dei
529 2253 692 2287 Antiochus,
708 2262 861 2290 repugnare
878 2255 1001 2286 nescius,

1061 1654 1127 1680 ποτὲ
1149 1654 1198 1688 μὲν
1223 1655 1252 1680 ὲν
1268 1654 1308 1690 τῷ
1324 1655 1419 1690 κόσμῳ
1442 1655 1569 1682 πλούσιον
1599 1656 1646 1682 καὶ
1671 1655 1774 1688 ἔνδοξον
1799 1658 1848 1684 καὶ

1061 1700 1130 1735 μετὰ
1147 1700 1236 1735 πάσης
1254 1701 1392 1732 πολιτείας
1406 1701 1607 1736 ἀνατραφέντα,
1622 1701 1669 1728 νῦν
1682 1702 1710 1728 δὲ
1723 1702 1760 1737 μὴ
1774 1702 1850 1737 λογι-

1061 1745 1173 1780 ζόμενον
1200 1746 1294 1772 ἑαυτὸν
1320 1746 1463 1782 ἄνθρωπον
1488 1747 1586 1782 εὐγενῆ
1612 1747 1659 1774 καὶ
1685 1748 1846 1783 ἐλεύθερον,

1059 1791 1129 1817 ἀλλὰ
1143 1792 1234 1818 πᾶσαν
1258 1791 1393 1818 εὐτέλειαν
1413 1792 1559 1825 ἀσκοῦντα,
1585 1794 1632 1820 καὶ
1654 1793 1778 1826 ἐδόξαζον
1799 1794 1846 1821 τὸν

1060 1836 1126 1863 Θεὸν
1149 1837 1193 1863 τὴν
1219 1837 1328 1864 πλείονα
1349 1838 1528 1873 χαριζόμενον
1554 1840 1610 1870 τοῖς
1632 1839 1785 1874 ἀνθρώποις
1808 1836 1847 1866 ὧν

1060 1882 1181 1909 αἰτοῦσιν
1194 1883 1210 1918 ἦ
1225 1883 1350 1918 ζητοῦσιν
1367 1883 1458 1910 αὐτόν.
1471 1884 1576 1919 Ὂνπερ
1590 1884 1651 1911 ἰδὼν
1669 1885 1684 1910 ὁ
1696 1885 1848 1920 ἡγούμενος

1059 1927 1106 1954 τοῦ
1128 1929 1309 1964 μοναστηρίου
1325 1928 1460 1955 τοσούτων
1480 1930 1513 1964 τῇ
1532 1929 1579 1956 τοῦ
1604 1929 1671 1956 Θεοῦ
1686 1930 1777 1966 χάριτι
1799 1930 1847 1964 γέ-

1062 1981 1145 2008 μοντα
1154 1972 1372 2008 κατορθωμάτων
1383 1973 1430 2000 καὶ
1441 1974 1530 2000 πᾶσαν
1541 1974 1641 2010 ἀρετὴν
1649 1975 1847 2010 ἠμφιεσμένον,

1059 2018 1099 2054 τῷ
1109 2019 1228 2055 δευτέρῳ
1250 2019 1366 2055 ἐνιαυτῷ
1378 2019 1427 2054 τῆς
1446 2020 1549 2046 εἰσόδου
1569 2021 1661 2053 αὐτοῦ,
1680 2021 1848 2057 κατέστησεν

1061 2065 1142 2092 αὑτὸν
1162 2065 1370 2100 ἁποκρισιάριον
1390 2064 1446 2100 (75)
1467 2066 1517 2100 τῆς
1534 2067 1628 2101 μονῆς.
1644 2067 1717 2099 ὅπως
1739 2067 1850 2103 ἐξερχὸ-

1062 2120 1142 2146 μενος
1165 2111 1211 2137 ἐπὶ
1236 2112 1286 2147 τὴν
1314 2111 1392 2138 πόλιν
1417 2112 1508 2138 πᾶσαν
1531 2112 1625 2148 χρείαν
1657 2113 1727 2148 μετά
1757 2114 1848 2150 πάσης

1061 2157 1205 2188 εὐλαϐείας
1229 2157 1386 2192 διακονὴσῃ,
1404 2152 1479 2190 ᾧτινι
1500 2159 1548 2185 καὶ
1571 2159 1646 2185 πᾶσα
1665 2160 1682 2194 ἡ
1701 2159 1848 2197 ἀδελφότης

1062 2204 1216 2239 συνῄνεσεν.

1103 2251 1132 2276 Ὀ
1145 2250 1173 2277 δὲ
1185 2249 1277 2282 δοῦλος
1289 2250 1336 2277 τοῦ
1350 2251 1418 2278 Θεοῦ
1439 2250 1573 2286 Ἀντίοχος
1585 2250 1733 2284 ἀντιλέγειν
1751 2250 1788 2286 μὴ
1809 2252 1849 2277 εἰ-

219 2307 327 2328 summa
345 2307 408 2327 eum
434 2300 544 2335 pietate,
559 2303 590 2327 ut
611 2301 646 2328 ab
667 2301 757 2333 initio,
775 2308 834 2328 cam
859 2306 1006 2330 exsecutus

1060 2296 1120 2328 δὼς,
1140 2295 1210 2331 μετὰ
1222 2296 1311 2331 πάσης
1325 2296 1478 2329 εὐλαϐείας,
1495 2297 1533 2328 ὡς
1546 2297 1593 2323 ἀπ’
1608 2297 1707 2332 ἀρχῆς,
1719 2297 1765 2324 καὶ
1781 2297 1848 2323 ταύ-

219 2350 261 2374 est
275 2346 438 2373 obedientiae
467 2346 568 2381 legem;
583 2346 774 2382 postulataque
802 2348 923 2374 omnium
948 2347 1004 2375 fra-

220 2398 292 2420 trum
316 2392 451 2423 oratione,
467 2392 495 2418 in
523 2392 618 2420 urbem
645 2393 794 2425 concessit.
825 2397 855 2420 ut
879 2393 1006 2421 omnibus

220 2438 381 2466 monasterii
413 2438 531 2474 negotiis
554 2443 674 2466 vacaret.
702 2438 877 2474 Repertoque
892 2440 929 2467 ibi
946 2440 1007 2466 viro

221 2486 274 2513 sibi
290 2485 355 2513 olim
372 2486 472 2518 amico,
494 2485 623 2513 Ecclesiae
638 2486 765 2518 diacono,
791 2487 836 2514 cui
849 2494 946 2514 nomen
963 2486 1007 2513 Pi-

221 2536 292 2565 stus,
306 2531 378 2567 apud
388 2532 463 2559 illum
483 2532 685 2564 diversabatur,
700 2540 762 2559 cum
774 2532 853 2559 ollicii
865 2533 907 2560 sui
925 2540 1008 2559 causa

221 2578 389 2606 concedebat
408 2578 435 2606 in
453 2579 558 2606 urbem.
581 2578 633 2606 Sed
656 2578 765 2606 invidus
780 2578 885 2605 daemon
905 2582 1008 2604 tantam

222 2625 275 2652 viri
289 2625 428 2653 solertiam
440 2630 467 2653 et
478 2626 606 2661 pietatem
622 2626 810 2660 conspicatus.
821 2625 887 2652 illud
900 2625 1010 2652 minime

222 2670 325 2702 ferens.
340 2671 403 2699 vide
412 2671 491 2704 mihi,
507 2679 611 2707 quaeso,
623 2671 690 2706 quid
706 2671 879 2698 machinatus
893 2670 938 2696 sit.

323 2821 390 2860 Yide
398 2823 425 2860 in
435 2823 615 2860 Onomastieo,
624 2823 656 2850 ad
666 2823 793 2860 vocem}
799 2820 1010 2860 ποριρισιᾴριος.

269 2821 314 2855 75)
323 2821 390 2850 Vide
398 2823 425 2850 in
435 2823 615 2855 Onomastico,
624 2823 656 2850 ad
666 2830 757 2850 vocem
767 2823 793 2848 Ἀ
799 2821 1010 2860 πσκρισιᾴριος.

257 2821 317 2893 ίῖϐ)
335 2857 516 2892 Ἀπόκρισιν.
532 2858 632 2886 Eadem
644 2862 684 2886 est
699 2857 862 2893 signiﬁcatio
880 2864 955 2884 root:
971 2864 1012 2883 re—

1057 2351 1106 2378 την
1122 2342 1231 2377 ἐποίησε
1247 2341 1295 2377 τὴν
1312 2343 1434 2378 ὑπακοήν
1445 2349 1453 2357 °
1476 2343 1523 2369 καί.
1544 2342 1658 2377 αἰτήσας
1678 2342 1759 2377 εὐχὴν
1775 2343 1850 2378 παρὰ

1060 2388 1150 2424 πάσης
1170 2389 1219 2422 τῆς
1239 2387 1436 2423 ἀδελφότητος,
1463 2387 1592 2423 ἐξήρχετο
1614 2387 1706 2414 λοιπὸν
1729 2388 1776 2414 ἐπὶ
1800 2388 1849 2424 τὴν

1060 2434 1136 2460 πόλιν
1162 2434 1202 2465 εἱς
1225 2433 1315 2459 πᾶσαν
1339 2433 1484 2468 ἀπόκρισιν
1504 2433 1560 2468 (76)
1583 2432 1629 2459 τοῦ
1656 2433 1849 2469 μοναστηρίου.

1060 2481 1156 2516 Εὐρὼν
1170 2479 1198 2506 δὲ
1210 2480 1249 2511 εἰς
1263 2479 1313 2514 τὴν
1328 2479 1403 2505 πόλιν
1421 2479 1496 2513 φίλον
1511 2479 1622 2514 ἀρχαῖον
1633 2499 1641 2511 ,
1658 2478 1782 2505 διάκονον
1800 2478 1850 2514 τῆς

1067 2526 1240 2561 Ἐκκλησίας,
1254 2525 1365 2560 ὀνόματι
1376 2525 1490 2556 Πιστον,
1508 2526 1573 2560 παρ’
1590 2524 1664 2560 αὐτῷ
1677 2524 1772 2560 ἔμενεν
1782 2545 1789 2557 ,
1805 2525 1850 2551 ὅτε

1062 2573 1160 2608 ἤρχετο
1179 2572 1218 2603 εἰς
1232 2572 1280 2607 τὴν
1297 2571 1374 2597 πόλιν
1394 2572 1528 2607 προφάσει
1544 2571 1690 2602 διακονίας.
1714 2570 1788 2597 Ἰδὼν
1803 2569 1850 2598 οὖν

1061 2619 1076 2644 ὀ
1103 2617 1231 2654 φθονερὸς
1257 2617 1360 2652 δαίμων
1385 2617 1434 2652 τὴν
1461 2616 1596 2652 τοσαύτην
1622 2617 1779 2652 ἐπιστήμην
1803 2617 1850 2644 καὶ

1062 2664 1163 2700 ἀρετὴν
1185 2664 1232 2690 τοῦ
1249 2663 1362 2699 ἀνδρὸς,
1379 2664 1426 2690 καὶ
1452 2663 1489 2699 μὴ
1509 2663 1598 2699 φέρων
1610 2682 1618 2694 ,
1632 2663 1683 2698 ὅρα
1710 2662 1735 2688 τί
1761 2671 1852 2698 μηχα-

1063 2719 1153 2737 ναται.

1068 2826 1191 2852 sponsum
1203 2817 1274 2850 apud
1288 2821 1411 2844 sanctum
1421 2817 1527 2844 Patrem
1536 2817 1720 2847 Benedictum,
1729 2824 1789 2851 cap.
1797 2815 1828 2845 5i
1841 2825 1848 2844 :

1071 2854 1179 2881 Fratres
1195 2854 1239 2887 qui
1252 2860 1298 2886 pro
1308 2853 1397 2887 quovis
1413 2861 1536 2886 responso
1549 2852 1762 2886 proﬁciscuntur.
