  <div class='ocr_page' id='page_1' title='image "/cluster/home/n/w/nwhite01/storage/ocr_20150623/28/njp.32101007506148/300.png"; bbox 0 0 1924 3059; ppageno 0'>
   <div class='ocr_carea' id='block_1_1' title="bbox 68 156 119 184">
    <p class='ocr_par' dir='ltr' id='par_1_1' title="bbox 68 156 119 184">
     <span class='ocr_line' id='line_1_1' title="bbox 68 156 119 184; baseline -0.039 0"><span class='ocrx_word' id='word_1_1' title='bbox 68 156 119 184; x_wconf 82' lang='grc'><strong>577</strong></span> 
     </span>
    </p>
   </div>
   <div class='ocr_carea' id='block_1_2' title="bbox 104 212 889 250">
    <p class='ocr_par' dir='ltr' id='par_1_2' title="bbox 104 212 889 250">
     <span class='ocr_line' id='line_1_2' title="bbox 104 212 889 250; baseline 0.003 -10"><span class='ocrx_word' id='word_1_2' title='bbox 104 214 146 241; x_wconf 73' lang='lat' dir='ltr'><strong>IS.</strong></span> <span class='ocrx_word' id='word_1_3' title='bbox 163 214 292 249; x_wconf 82' lang='grc' dir='ltr'><strong>Θυγάτηρ</strong></span> <span class='ocrx_word' id='word_1_4' title='bbox 311 212 345 250; x_wconf 80' lang='grc' dir='ltr'><strong>ἦν</strong></span> <span class='ocrx_word' id='word_1_5' title='bbox 369 215 514 250; x_wconf 82' lang='grc' dir='ltr'>μονογενὴς</span> <span class='ocrx_word' id='word_1_6' title='bbox 540 215 578 250; x_wconf 83' lang='grc' dir='ltr'>τῷ</span> <span class='ocrx_word' id='word_1_7' title='bbox 599 215 728 250; x_wconf 79' lang='grc' dir='ltr'>διακόνῳ·</span> <span class='ocrx_word' id='word_1_8' title='bbox 751 215 853 249; x_wconf 81' lang='grc' dir='ltr'>ταύτην</span> <span class='ocrx_word' id='word_1_9' title='bbox 868 220 889 244; x_wconf 79' lang='grc' dir='ltr'><strong>Α</strong></span> 
     </span>
    </p>
   </div>
   <div class='ocr_carea' id='block_1_3' title="bbox 69 260 856 297">
    <p class='ocr_par' dir='ltr' id='par_1_3' title="bbox 69 260 856 297">
     <span class='ocr_line' id='line_1_3' title="bbox 69 260 856 297; baseline 0.001 -11"><span class='ocrx_word' id='word_1_10' title='bbox 69 260 198 291; x_wconf 72' lang='grc' dir='ltr'>πολλάκις</span> <span class='ocrx_word' id='word_1_11' title='bbox 206 261 405 296; x_wconf 85' lang='grc' dir='ltr'>προσεδρεύσας</span> <span class='ocrx_word' id='word_1_12' title='bbox 414 270 456 292; x_wconf 86' lang='grc' dir='ltr'><strong>τις</strong></span> <span class='ocrx_word' id='word_1_13' title='bbox 467 262 640 297; x_wconf 81' lang='grc' dir='ltr'>ἀναγνώστης</span> <span class='ocrx_word' id='word_1_14' title='bbox 649 262 760 296; x_wconf 76' lang='grc' dir='ltr'>ὀνόματι</span> <span class='ocrx_word' id='word_1_15' title='bbox 766 262 856 294; x_wconf 77' lang='grc' dir='ltr'><strong>Ἀλέξ-</strong></span> 
     </span>
    </p>
   </div>
   <div class='ocr_carea' id='block_1_4' title="bbox 69 304 854 342">
    <p class='ocr_par' dir='ltr' id='par_1_4' title="bbox 69 304 854 342">
     <span class='ocr_line' id='line_1_4' title="bbox 69 304 854 342; baseline 0.004 -12"><span class='ocrx_word' id='word_1_16' title='bbox 69 305 164 340; x_wconf 84' lang='grc' dir='ltr'>ανδρος</span> <span class='ocrx_word' id='word_1_17' title='bbox 186 304 310 340; x_wconf 73' lang='grc' dir='ltr'>ἑφθειρε²</span> <span class='ocrx_word' id='word_1_18' title='bbox 333 306 379 332; x_wconf 80' lang='grc' dir='ltr'>καὶ</span> <span class='ocrx_word' id='word_1_19' title='bbox 398 306 447 341; x_wconf 77' lang='grc' dir='ltr'><strong>τῆς</strong></span> <span class='ocrx_word' id='word_1_20' title='bbox 470 307 553 342; x_wconf 81' lang='grc' dir='ltr'>κόρης</span> <span class='ocrx_word' id='word_1_21' title='bbox 571 307 670 340; x_wconf 77' lang='grc' dir='ltr'>ἐγκύου</span> <span class='ocrx_word' id='word_1_22' title='bbox 691 307 854 342; x_wconf 74' lang='grc' dir='ltr'><strong>γενομένης,</strong></span> 
     </span>
    </p>
   </div>
   <div class='ocr_carea' id='block_1_5' title="bbox 70 350 856 387">
    <p class='ocr_par' dir='ltr' id='par_1_5' title="bbox 70 350 856 387">
     <span class='ocr_line' id='line_1_5' title="bbox 70 350 856 387; baseline 0.001 -10"><span class='ocrx_word' id='word_1_23' title='bbox 70 350 197 387; x_wconf 72' lang='grc' dir='ltr'>φοϐηθεὶς</span> <span class='ocrx_word' id='word_1_24' title='bbox 212 352 226 377; x_wconf 88' lang='grc' dir='ltr'><strong>ό</strong></span> <span class='ocrx_word' id='word_1_25' title='bbox 235 350 410 386; x_wconf 82' lang='grc' dir='ltr'>ἀναγνώστης</span> <span class='ocrx_word' id='word_1_26' title='bbox 420 351 466 378; x_wconf 79' lang='grc' dir='ltr'><strong>τὸν</strong></span> <span class='ocrx_word' id='word_1_27' title='bbox 477 352 634 383; x_wconf 78' lang='grc' dir='ltr'>ἐπίσκοπον,</span> <span class='ocrx_word' id='word_1_28' title='bbox 644 352 690 378; x_wconf 78' lang='grc' dir='ltr'><strong>καὶ</strong></span> <span class='ocrx_word' id='word_1_29' title='bbox 703 351 751 386; x_wconf 84' lang='grc' dir='ltr'>τὴν</span> <span class='ocrx_word' id='word_1_30' title='bbox 766 352 856 386; x_wconf 77' lang='grc' dir='ltr'>αἰσχύ-</span> 
     </span>
    </p>
   </div>
   <div class='ocr_carea' id='block_1_6' title="bbox 70 397 855 433">
    <p class='ocr_par' dir='ltr' id='par_1_6' title="bbox 70 397 855 433">
     <span class='ocr_line' id='line_1_6' title="bbox 70 397 855 433; baseline 0.001 -10"><span class='ocrx_word' id='word_1_31' title='bbox 70 407 119 433; x_wconf 79' lang='grc' dir='ltr'>νην</span> <span class='ocrx_word' id='word_1_32' title='bbox 135 398 171 432; x_wconf 78' lang='grc' dir='ltr'><strong>μὴ</strong></span> <span class='ocrx_word' id='word_1_33' title='bbox 187 397 287 433; x_wconf 81' lang='grc' dir='ltr'>φέρων,</span> <span class='ocrx_word' id='word_1_34' title='bbox 303 397 416 424; x_wconf 78' lang='grc' dir='ltr'>ὑπέθετο</span> <span class='ocrx_word' id='word_1_35' title='bbox 430 399 461 432; x_wconf 88' lang='grc' dir='ltr'><strong>τῇ</strong></span> <span class='ocrx_word' id='word_1_36' title='bbox 478 397 545 433; x_wconf 78' lang='grc' dir='ltr'>κόρῃ</span> <span class='ocrx_word' id='word_1_37' title='bbox 561 397 609 433; x_wconf 76' lang='grc' dir='ltr'>τὴν</span> <span class='ocrx_word' id='word_1_38' title='bbox 620 398 709 424; x_wconf 83' lang='grc' dir='ltr'>αἰτίαν</span> <span class='ocrx_word' id='word_1_39' title='bbox 721 398 759 433; x_wconf 83' lang='grc' dir='ltr'><strong>τῷ</strong></span> <span class='ocrx_word' id='word_1_40' title='bbox 770 398 855 433; x_wconf 81' lang='grc' dir='ltr'>δούλῳ</span> 
     </span>
    </p>
   </div>
   <div class='ocr_carea' id='block_1_7' title="bbox 69 440 854 480">
    <p class='ocr_par' dir='ltr' id='par_1_7' title="bbox 69 440 854 480">
     <span class='ocr_line' id='line_1_7' title="bbox 69 440 854 480; baseline 0.001 -11"><span class='ocrx_word' id='word_1_41' title='bbox 69 443 116 469; x_wconf 83' lang='grc' dir='ltr'><strong>τοῦ</strong></span> <span class='ocrx_word' id='word_1_42' title='bbox 127 443 194 469; x_wconf 84' lang='grc' dir='ltr'>Θεοῦ</span> <span class='ocrx_word' id='word_1_43' title='bbox 208 443 335 478; x_wconf 78' lang='grc' dir='ltr'><strong>Ἀντιόχῳ</strong></span> <span class='ocrx_word' id='word_1_44' title='bbox 346 443 506 479; x_wconf 62' lang='grc' dir='ltr'>ἐπιγράψαι,</span> <span class='ocrx_word' id='word_1_45' title='bbox 519 440 541 476; x_wconf 79' lang='grc' dir='ltr'>ᾧ</span> <span class='ocrx_word' id='word_1_46' title='bbox 553 443 599 470; x_wconf 72' lang='grc' dir='ltr'><strong>καὶ</strong></span> <span class='ocrx_word' id='word_1_47' title='bbox 615 444 739 470; x_wconf 78' lang='grc' dir='ltr'><strong>συνέθετο</strong></span> <span class='ocrx_word' id='word_1_48' title='bbox 753 446 768 479; x_wconf 81' lang='grc' dir='ltr'><strong>ή</strong></span> <span class='ocrx_word' id='word_1_49' title='bbox 788 444 854 480; x_wconf 85' lang='grc' dir='ltr'>κόρη</span> 
     </span>
    </p>
   </div>
   <div class='ocr_carea' id='block_1_8' title="bbox 69 489 855 526">
    <p class='ocr_par' dir='ltr' id='par_1_8' title="bbox 69 489 855 526">
     <span class='ocr_line' id='line_1_8' title="bbox 69 489 855 526; baseline -0.001 -9"><span class='ocrx_word' id='word_1_50' title='bbox 69 491 131 522; x_wconf 78' lang='grc' dir='ltr'>τοὺς</span> <span class='ocrx_word' id='word_1_51' title='bbox 149 490 252 521; x_wconf 80' lang='grc' dir='ltr'>πάντας</span> <span class='ocrx_word' id='word_1_52' title='bbox 267 489 338 516; x_wconf 75' lang='grc' dir='ltr'>οὕτω</span> <span class='ocrx_word' id='word_1_53' title='bbox 363 490 579 526; x_wconf 77' lang='grc' dir='ltr'>πληροφορῆσαι.</span> <span class='ocrx_word' id='word_1_54' title='bbox 600 490 655 516; x_wconf 69' lang='grc' dir='ltr'>Καὶ</span> <span class='ocrx_word' id='word_1_55' title='bbox 671 489 728 525; x_wconf 78' lang='grc' dir='ltr'>μεθ’</span> <span class='ocrx_word' id='word_1_56' title='bbox 750 490 855 525; x_wconf 79' lang='grc' dir='ltr'>ἡμέρας</span> 
     </span>
    </p>
   </div>
   <div class='ocr_carea' id='block_1_9' title="bbox 68 536 856 572">
    <p class='ocr_par' dir='ltr' id='par_1_9' title="bbox 68 536 856 572">
     <span class='ocr_line' id='line_1_9' title="bbox 68 536 856 572; baseline -0.003 -8"><span class='ocrx_word' id='word_1_57' title='bbox 68 537 270 572; x_wconf 76' lang='grc' dir='ltr'>τεσσαράκοντα</span> <span class='ocrx_word' id='word_1_58' title='bbox 281 537 330 572; x_wconf 83' lang='grc' dir='ltr'>τῆς</span> <span class='ocrx_word' id='word_1_59' title='bbox 340 536 386 563; x_wconf 89' lang='grc' dir='ltr'><strong>τοῦ</strong></span> <span class='ocrx_word' id='word_1_60' title='bbox 400 537 505 563; x_wconf 83' lang='grc' dir='ltr'>παιδίου</span> <span class='ocrx_word' id='word_1_61' title='bbox 517 537 667 571; x_wconf 76' lang='grc' dir='ltr'><strong>γεννήσεως</strong></span> <span class='ocrx_word' id='word_1_62' title='bbox 682 537 797 572; x_wconf 71' lang='grc' dir='ltr'>φανερὸν</span> <span class='ocrx_word' id='word_1_63' title='bbox 810 537 856 570; x_wconf 78' lang='grc' dir='ltr'><strong>γέ-</strong></span> 
     </span>
    </p>
   </div>
   <div class='ocr_carea' id='block_1_10' title="bbox 68 581 855 617">
    <p class='ocr_par' dir='ltr' id='par_1_10' title="bbox 68 581 855 617">
     <span class='ocr_line' id='line_1_10' title="bbox 68 581 855 617; baseline -0.001 -9"><span class='ocrx_word' id='word_1_64' title='bbox 68 591 130 617; x_wconf 86' lang='grc' dir='ltr'>γονε</span> <span class='ocrx_word' id='word_1_65' title='bbox 146 581 184 617; x_wconf 83' lang='grc' dir='ltr'>τῷ</span> <span class='ocrx_word' id='word_1_66' title='bbox 199 582 338 617; x_wconf 78' lang='grc' dir='ltr'>ἐπισκόπῳ</span> <span class='ocrx_word' id='word_1_67' title='bbox 352 581 387 608; x_wconf 75' lang='grc' dir='ltr'>τὰ</span> <span class='ocrx_word' id='word_1_68' title='bbox 403 582 473 608; x_wconf 78' lang='grc' dir='ltr'>κατὰ</span> <span class='ocrx_word' id='word_1_69' title='bbox 488 582 537 617; x_wconf 80' lang='grc' dir='ltr'><strong>τὴν</strong></span> <span class='ocrx_word' id='word_1_70' title='bbox 554 581 648 616; x_wconf 79' lang='grc' dir='ltr'>κόρην,</span> <span class='ocrx_word' id='word_1_71' title='bbox 666 582 712 608; x_wconf 78' lang='grc' dir='ltr'>καὶ</span> <span class='ocrx_word' id='word_1_72' title='bbox 736 590 855 616; x_wconf 81' lang='grc' dir='ltr'>προσκα-</span> 
     </span>
    </p>
   </div>
   <div class='ocr_carea' id='block_1_11' title="bbox 69 627 856 664">
    <p class='ocr_par' dir='ltr' id='par_1_11' title="bbox 69 627 856 664">
     <span class='ocr_line' id='line_1_11' title="bbox 69 627 856 664; baseline -0.001 -9"><span class='ocrx_word' id='word_1_73' title='bbox 69 629 215 664; x_wconf 87' lang='grc' dir='ltr'>λεσάμενος</span> <span class='ocrx_word' id='word_1_74' title='bbox 229 628 313 664; x_wconf 81' lang='grc' dir='ltr'>αὐτὴν</span> <span class='ocrx_word' id='word_1_75' title='bbox 331 629 345 654; x_wconf 82' lang='grc' dir='ltr'>ὁ</span> <span class='ocrx_word' id='word_1_76' title='bbox 363 628 511 658; x_wconf 82' lang='grc' dir='ltr'><strong>ἐπίσκοπος</strong></span> <span class='ocrx_word' id='word_1_77' title='bbox 533 627 696 654; x_wconf 75' lang='grc' dir='ltr'>ἐπυνθάνετο</span> <span class='ocrx_word' id='word_1_78' title='bbox 714 628 782 663; x_wconf 82' lang='grc' dir='ltr'>μετὰ</span> <span class='ocrx_word' id='word_1_79' title='bbox 796 628 856 654; x_wconf 87' lang='grc' dir='ltr'>πολ-</span> 
     </span>
    </p>
   </div>
   <div class='ocr_carea' id='block_1_12' title="bbox 69 673 856 710">
    <p class='ocr_par' dir='ltr' id='par_1_12' title="bbox 69 673 856 710">
     <span class='ocr_line' id='line_1_12' title="bbox 69 673 856 710; baseline 0 -9"><span class='ocrx_word' id='word_1_80' title='bbox 69 675 118 710; x_wconf 83' lang='grc' dir='ltr'><strong>λῆς</strong></span> <span class='ocrx_word' id='word_1_81' title='bbox 131 674 246 709; x_wconf 82' lang='grc' dir='ltr'><strong>ἀπειλῆς</strong></span> <span class='ocrx_word' id='word_1_82' title='bbox 256 674 298 706; x_wconf 83' lang='grc' dir='ltr'><strong>τίς</strong></span> <span class='ocrx_word' id='word_1_83' title='bbox 309 673 342 700; x_wconf 86' lang='grc' dir='ltr'><strong>ἂν</strong></span> <span class='ocrx_word' id='word_1_84' title='bbox 361 674 403 709; x_wconf 72' lang='grc' dir='ltr'>εἴη</span> <span class='ocrx_word' id='word_1_85' title='bbox 415 674 429 699; x_wconf 83' lang='grc' dir='ltr'>ὁ</span> <span class='ocrx_word' id='word_1_86' title='bbox 440 673 518 700; x_wconf 85' lang='grc' dir='ltr'>τοῦτο</span> <span class='ocrx_word' id='word_1_87' title='bbox 536 674 702 710; x_wconf 84' lang='grc' dir='ltr'>πεποιηκώς.</span> <span class='ocrx_word' id='word_1_88' title='bbox 719 675 750 700; x_wconf 83' lang='grc' dir='ltr'><strong><em>Ἡ</em></strong></span> <span class='ocrx_word' id='word_1_89' title='bbox 761 675 789 700; x_wconf 82' lang='grc' dir='ltr'><strong>δὲ</strong></span> <span class='ocrx_word' id='word_1_90' title='bbox 802 675 856 701; x_wconf 87' lang='grc' dir='ltr'>ἁπ-</span> 
     </span>
    </p>
   </div>
   <div class='ocr_carea' id='block_1_13' title="bbox 70 720 855 757">
    <p class='ocr_par' dir='ltr' id='par_1_13' title="bbox 70 720 855 757">
     <span class='ocr_line' id='line_1_13' title="bbox 70 720 855 757; baseline -0.001 -9"><span class='ocrx_word' id='word_1_91' title='bbox 70 721 163 757; x_wconf 81' lang='grc' dir='ltr'>εκρίθη</span> <span class='ocrx_word' id='word_1_92' title='bbox 178 721 232 748; x_wconf 74' lang='grc' dir='ltr'><strong>ἀπὸ</strong></span> <span class='ocrx_word' id='word_1_93' title='bbox 245 720 292 747; x_wconf 89' lang='grc' dir='ltr'><strong>τοῦ</strong></span> <span class='ocrx_word' id='word_1_94' title='bbox 309 721 468 756; x_wconf 75' lang='grc' dir='ltr'>μονάζοντος</span> <span class='ocrx_word' id='word_1_95' title='bbox 476 721 620 756; x_wconf 77' lang='grc' dir='ltr'>Ἀντιόχου,</span> <span class='ocrx_word' id='word_1_96' title='bbox 632 721 713 752; x_wconf 66' lang='grc' dir='ltr'>καθὰ,</span> <span class='ocrx_word' id='word_1_97' title='bbox 723 722 814 756; x_wconf 60' lang='grc' dir='ltr'>φησιν,</span> <span class='ocrx_word' id='word_1_98' title='bbox 826 723 855 748; x_wconf 77' lang='grc' dir='ltr'><strong>ὲν</strong></span> 
     </span>
    </p>
   </div>
   <div class='ocr_carea' id='block_1_14' title="bbox 71 765 856 803">
    <p class='ocr_par' dir='ltr' id='par_1_14' title="bbox 71 765 856 803">
     <span class='ocr_line' id='line_1_14' title="bbox 71 765 856 803; baseline -0.001 -10"><span class='ocrx_word' id='word_1_99' title='bbox 71 766 196 803; x_wconf 73' lang='grc' dir='ltr'><strong>συνηθείᾳ</strong></span> <span class='ocrx_word' id='word_1_100' title='bbox 209 766 268 792; x_wconf 73' lang='grc' dir='ltr'>ἐστὶ</span> <span class='ocrx_word' id='word_1_101' title='bbox 281 766 327 792; x_wconf 88' lang='grc' dir='ltr'><strong>τοῦ</strong></span> <span class='ocrx_word' id='word_1_102' title='bbox 343 765 468 801; x_wconf 75' lang='grc' dir='ltr'>ἔρχεσθαι</span> <span class='ocrx_word' id='word_1_103' title='bbox 484 766 552 801; x_wconf 79' lang='grc' dir='ltr'>πρὸς</span> <span class='ocrx_word' id='word_1_104' title='bbox 567 767 649 802; x_wconf 72' lang='grc' dir='ltr'>ἡμᾶς.</span> <span class='ocrx_word' id='word_1_105' title='bbox 665 767 719 792; x_wconf 73' lang='grc' dir='ltr'><strong>Καὶ</strong></span> <span class='ocrx_word' id='word_1_106' title='bbox 734 766 856 793; x_wconf 74' lang='grc' dir='ltr'>ἐπίστευ-</span> 
     </span>
    </p>
   </div>
   <div class='ocr_carea' id='block_1_15' title="bbox 71 812 855 848">
    <p class='ocr_par' dir='ltr' id='par_1_15' title="bbox 71 812 855 848">
     <span class='ocr_line' id='line_1_15' title="bbox 71 812 855 848; baseline -0.001 -9"><span class='ocrx_word' id='word_1_107' title='bbox 71 822 116 839; x_wconf 89' lang='grc' dir='ltr'><strong>σεν</strong></span> <span class='ocrx_word' id='word_1_108' title='bbox 140 814 154 840; x_wconf 83' lang='grc' dir='ltr'><strong>ό</strong></span> <span class='ocrx_word' id='word_1_109' title='bbox 172 813 321 844; x_wconf 75' lang='grc' dir='ltr'>ἐπίσκοπος</span> <span class='ocrx_word' id='word_1_110' title='bbox 346 813 392 838; x_wconf 78' lang='grc' dir='ltr'>καὶ</span> <span class='ocrx_word' id='word_1_111' title='bbox 415 812 514 844; x_wconf 84' lang='grc' dir='ltr'>πάντες</span> <span class='ocrx_word' id='word_1_112' title='bbox 538 813 562 838; x_wconf 83' lang='grc' dir='ltr'>οἱ</span> <span class='ocrx_word' id='word_1_113' title='bbox 593 812 776 848; x_wconf 81' lang='grc' dir='ltr'>παρεστῶτες.</span> <span class='ocrx_word' id='word_1_114' title='bbox 800 813 855 839; x_wconf 75' lang='grc' dir='ltr'><strong>Καὶ</strong></span> 
     </span>
    </p>
   </div>
   <div class='ocr_carea' id='block_1_16' title="bbox 71 858 853 895">
    <p class='ocr_par' dir='ltr' id='par_1_16' title="bbox 71 858 853 895">
     <span class='ocr_line' id='line_1_16' title="bbox 71 858 853 895; baseline 0 -9"><span class='ocrx_word' id='word_1_115' title='bbox 71 859 179 894; x_wconf 67' lang='grc' dir='ltr'>πέμψας</span> <span class='ocrx_word' id='word_1_116' title='bbox 198 859 265 894; x_wconf 81' lang='grc' dir='ltr'>μετὰ</span> <span class='ocrx_word' id='word_1_117' title='bbox 283 858 379 886; x_wconf 80' lang='grc' dir='ltr'>πολλοῦ</span> <span class='ocrx_word' id='word_1_118' title='bbox 396 858 481 893; x_wconf 84' lang='grc' dir='ltr'>θυμοῦ</span> <span class='ocrx_word' id='word_1_119' title='bbox 499 859 538 890; x_wconf 81' lang='grc' dir='ltr'><strong>είς</strong></span> <span class='ocrx_word' id='word_1_120' title='bbox 553 859 583 885; x_wconf 82' lang='grc' dir='ltr'>τὸ</span> <span class='ocrx_word' id='word_1_121' title='bbox 601 860 780 895; x_wconf 78' lang='grc' dir='ltr'>μοναστήριον</span> <span class='ocrx_word' id='word_1_122' title='bbox 790 879 797 885; x_wconf 90' lang='grc'><strong>.</strong></span> <span class='ocrx_word' id='word_1_123' title='bbox 811 879 817 886; x_wconf 92' lang='grc'>.</span> <span class='ocrx_word' id='word_1_124' title='bbox 829 879 835 885; x_wconf 92' lang='grc'><em>.</em></span> <span class='ocrx_word' id='word_1_125' title='bbox 847 880 853 886; x_wconf 95' lang='grc'><em>.</em></span> 
     </span>
    </p>
   </div>
   <div class='ocr_carea' id='block_1_17' title="bbox 70 903 853 940">
    <p class='ocr_par' dir='ltr' id='par_1_17' title="bbox 70 903 853 940">
     <span class='ocr_line' id='line_1_17' title="bbox 70 903 853 940; baseline -0.001 -9"><span class='ocrx_word' id='word_1_126' title='bbox 70 905 114 931; x_wconf 84' lang='grc' dir='ltr'>τὸν</span> <span class='ocrx_word' id='word_1_127' title='bbox 135 905 226 931; x_wconf 73' lang='grc' dir='ltr'>δοῦλον</span> <span class='ocrx_word' id='word_1_128' title='bbox 248 904 294 930; x_wconf 86' lang='grc' dir='ltr'><strong>τοῦ</strong></span> <span class='ocrx_word' id='word_1_129' title='bbox 317 904 394 931; x_wconf 86' lang='grc' dir='ltr'>Θεοῦ.</span> <span class='ocrx_word' id='word_1_130' title='bbox 411 903 479 931; x_wconf 80' lang='grc' dir='ltr'><strong>Μεθ’</strong></span> <span class='ocrx_word' id='word_1_131' title='bbox 502 903 606 939; x_wconf 77' lang='grc' dir='ltr'>ὖΰρεως</span> <span class='ocrx_word' id='word_1_132' title='bbox 625 903 665 939; x_wconf 83' lang='grc' dir='ltr'><strong>[δὲ</strong></span> <span class='ocrx_word' id='word_1_133' title='bbox 677 903 853 940; x_wconf 78' lang='grc' dir='ltr'><strong>εἰσελθόντες]</strong></span> 
     </span>
    </p>
   </div>
   <div class='ocr_carea' id='block_1_18' title="bbox 71 949 853 986">
    <p class='ocr_par' dir='ltr' id='par_1_18' title="bbox 71 949 853 986">
     <span class='ocr_line' id='line_1_18' title="bbox 71 949 853 986; baseline 0 -10"><span class='ocrx_word' id='word_1_134' title='bbox 71 950 130 985; x_wconf 75' lang='grc' dir='ltr'>μετ’</span> <span class='ocrx_word' id='word_1_135' title='bbox 146 950 228 977; x_wconf 81' lang='grc' dir='ltr'>αὑτοῦ</span> <span class='ocrx_word' id='word_1_136' title='bbox 249 951 288 982; x_wconf 87' lang='grc' dir='ltr'><strong>εἰς</strong></span> <span class='ocrx_word' id='word_1_137' title='bbox 301 950 349 986; x_wconf 81' lang='grc' dir='ltr'>τὴν</span> <span class='ocrx_word' id='word_1_138' title='bbox 369 950 460 982; x_wconf 86' lang='grc' dir='ltr'>πόλιν,</span> <span class='ocrx_word' id='word_1_139' title='bbox 481 949 558 981; x_wconf 81' lang='grc' dir='ltr'>ἄλλος</span> <span class='ocrx_word' id='word_1_140' title='bbox 578 949 626 984; x_wconf 79' lang='grc' dir='ltr'>μὲν</span> <span class='ocrx_word' id='word_1_141' title='bbox 642 949 750 985; x_wconf 74' lang='grc' dir='ltr'>ῦϐριζεν</span> <span class='ocrx_word' id='word_1_142' title='bbox 762 950 853 982; x_wconf 80' lang='grc' dir='ltr'>αὐτὸν,</span> 
     </span>
    </p>
   </div>
   <div class='ocr_carea' id='block_1_19' title="bbox 69 995 853 1032">
    <p class='ocr_par' dir='ltr' id='par_1_19' title="bbox 69 995 853 1032">
     <span class='ocr_line' id='line_1_19' title="bbox 69 995 853 1032; baseline 0 -10"><span class='ocrx_word' id='word_1_143' title='bbox 69 996 147 1028; x_wconf 76' lang='grc' dir='ltr'>ἄλλος</span> <span class='ocrx_word' id='word_1_144' title='bbox 161 996 299 1028; x_wconf 82' lang='grc' dir='ltr'>ὲνέπτυεν,</span> <span class='ocrx_word' id='word_1_145' title='bbox 318 996 410 1031; x_wconf 73' lang='grc' dir='ltr'>ἕτερος</span> <span class='ocrx_word' id='word_1_146' title='bbox 426 995 571 1027; x_wconf 81' lang='grc' dir='ltr'>ὠνείδιζεν.</span> <span class='ocrx_word' id='word_1_147' title='bbox 594 996 679 1027; x_wconf 77' lang='grc' dir='ltr'>Αὐτὸς</span> <span class='ocrx_word' id='word_1_148' title='bbox 688 996 717 1022; x_wconf 87' lang='grc' dir='ltr'><strong>δὲ</strong></span> <span class='ocrx_word' id='word_1_149' title='bbox 731 996 853 1032; x_wconf 77' lang='grc' dir='ltr'><strong>παρέστη</strong></span> 
     </span>
    </p>
   </div>
   <div class='ocr_carea' id='block_1_20' title="bbox 69 1041 855 1077">
    <p class='ocr_par' dir='ltr' id='par_1_20' title="bbox 69 1041 855 1077">
     <span class='ocr_line' id='line_1_20' title="bbox 69 1041 855 1077; baseline -0.001 -9"><span class='ocrx_word' id='word_1_150' title='bbox 69 1041 108 1076; x_wconf 85' lang='grc' dir='ltr'>τῷ</span> <span class='ocrx_word' id='word_1_151' title='bbox 131 1041 280 1077; x_wconf 84' lang='grc' dir='ltr'>ἑπισκόπῳ.</span> <span class='ocrx_word' id='word_1_152' title='bbox 301 1041 356 1068; x_wconf 67' lang='grc' dir='ltr'>Καὶ</span> <span class='ocrx_word' id='word_1_153' title='bbox 376 1041 523 1077; x_wconf 70' lang='grc' dir='ltr'>ἐρωτηθεὶς</span> <span class='ocrx_word' id='word_1_154' title='bbox 548 1041 613 1076; x_wconf 76' lang='grc' dir='ltr'>περὶ</span> <span class='ocrx_word' id='word_1_155' title='bbox 635 1042 684 1077; x_wconf 83' lang='grc' dir='ltr'>τῆς</span> <span class='ocrx_word' id='word_1_156' title='bbox 701 1041 786 1077; x_wconf 80' lang='grc' dir='ltr'><strong>κόρης</strong></span> <span class='ocrx_word' id='word_1_157' title='bbox 807 1042 855 1067; x_wconf 78' lang='grc' dir='ltr'><strong>καὶ</strong></span> 
     </span>
    </p>
   </div>
   <div class='ocr_carea' id='block_1_21' title="bbox 71 1086 855 1124">
    <p class='ocr_par' dir='ltr' id='par_1_21' title="bbox 71 1086 855 1124">
     <span class='ocr_line' id='line_1_21' title="bbox 71 1086 855 1124; baseline 0.001 -10"><span class='ocrx_word' id='word_1_158' title='bbox 71 1089 135 1124; x_wconf 77' lang='grc' dir='ltr'>περὶ</span> <span class='ocrx_word' id='word_1_159' title='bbox 159 1088 206 1114; x_wconf 87' lang='grc' dir='ltr'><strong>τοῦ</strong></span> <span class='ocrx_word' id='word_1_160' title='bbox 224 1089 365 1122; x_wconf 78' lang='grc' dir='ltr'>γεγονότος</span> <span class='ocrx_word' id='word_1_161' title='bbox 389 1086 465 1115; x_wconf 76' lang='grc' dir='ltr'>εἶπεν</span> <span class='ocrx_word' id='word_1_162' title='bbox 488 1089 502 1114; x_wconf 87' lang='grc' dir='ltr'><strong>ό</strong></span> <span class='ocrx_word' id='word_1_163' title='bbox 523 1088 674 1123; x_wconf 81' lang='grc' dir='ltr'>Ἀντίοχος·</span> <span class='ocrx_word' id='word_1_164' title='bbox 700 1088 762 1114; x_wconf 82' lang='grc' dir='ltr'><strong>Ἐὰν</strong></span> <span class='ocrx_word' id='word_1_165' title='bbox 785 1088 855 1115; x_wconf 84' lang='grc' dir='ltr'>εῐπω</span> 
     </span>
    </p>
   </div>
   <div class='ocr_carea' id='block_1_22' title="bbox 70 1132 855 1169">
    <p class='ocr_par' dir='ltr' id='par_1_22' title="bbox 70 1132 855 1169">
     <span class='ocr_line' id='line_1_22' title="bbox 70 1132 855 1169; baseline 0.001 -10"><span class='ocrx_word' id='word_1_166' title='bbox 70 1133 120 1168; x_wconf 82' lang='grc' dir='ltr'>τὴν</span> <span class='ocrx_word' id='word_1_167' title='bbox 134 1133 272 1168; x_wconf 78' lang='grc' dir='ltr'>ἀλήθειαν,</span> <span class='ocrx_word' id='word_1_168' title='bbox 290 1134 306 1168; x_wconf 85' lang='grc' dir='ltr'>ὴ</span> <span class='ocrx_word' id='word_1_169' title='bbox 322 1132 435 1168; x_wconf 78' lang='grc' dir='ltr'>ἀλήθειά</span> <span class='ocrx_word' id='word_1_170' title='bbox 458 1142 507 1169; x_wconf 86' lang='grc' dir='ltr'><strong>μου</strong></span> <span class='ocrx_word' id='word_1_171' title='bbox 523 1133 552 1159; x_wconf 76' lang='grc' dir='ltr'><strong>ἐν</strong></span> <span class='ocrx_word' id='word_1_172' title='bbox 571 1133 609 1168; x_wconf 82' lang='grc' dir='ltr'>τῷ</span> <span class='ocrx_word' id='word_1_173' title='bbox 624 1133 748 1169; x_wconf 79' lang='grc' dir='ltr'><strong>ὑμετέρῳ</strong></span> <span class='ocrx_word' id='word_1_174' title='bbox 763 1133 855 1168; x_wconf 77' lang='grc' dir='ltr'>ψεύδει</span> 
     </span>
    </p>
   </div>
   <div class='ocr_carea' id='block_1_23' title="bbox 70 1177 853 1214">
    <p class='ocr_par' dir='ltr' id='par_1_23' title="bbox 70 1177 853 1214">
     <span class='ocr_line' id='line_1_23' title="bbox 70 1177 853 1214; baseline 0 -10"><span class='ocrx_word' id='word_1_175' title='bbox 70 1179 101 1205; x_wconf 86' lang='grc' dir='ltr'><strong>οὐ</strong></span> <span class='ocrx_word' id='word_1_176' title='bbox 127 1178 163 1213; x_wconf 85' lang='grc' dir='ltr'>μὴ</span> <span class='ocrx_word' id='word_1_177' title='bbox 188 1178 329 1214; x_wconf 75' lang='grc' dir='ltr'><strong>πιστευθῇ.</strong></span> <span class='ocrx_word' id='word_1_178' title='bbox 350 1179 404 1204; x_wconf 83' lang='grc' dir='ltr'>Καὶ</span> <span class='ocrx_word' id='word_1_179' title='bbox 423 1178 595 1213; x_wconf 82' lang='grc' dir='ltr'><strong>παρεστῶτος</strong></span> <span class='ocrx_word' id='word_1_180' title='bbox 613 1178 673 1205; x_wconf 79' lang='grc' dir='ltr'>ὅλου</span> <span class='ocrx_word' id='word_1_181' title='bbox 693 1177 740 1204; x_wconf 85' lang='grc' dir='ltr'><strong>τοῦ</strong></span> <span class='ocrx_word' id='word_1_182' title='bbox 764 1178 853 1213; x_wconf 84' lang='grc' dir='ltr'>ὄχλου,</span> 
     </span>
    </p>
   </div>
   <div class='ocr_carea' id='block_1_24' title="bbox 71 1221 855 1259">
    <p class='ocr_par' dir='ltr' id='par_1_24' title="bbox 71 1221 855 1259">
     <span class='ocr_line' id='line_1_24' title="bbox 71 1221 855 1259; baseline 0.001 -10"><span class='ocrx_word' id='word_1_183' title='bbox 71 1221 146 1250; x_wconf 84' lang='grc' dir='ltr'>εἶπεν</span> <span class='ocrx_word' id='word_1_184' title='bbox 162 1224 178 1258; x_wconf 82' lang='grc' dir='ltr'><strong>ἡ</strong></span> <span class='ocrx_word' id='word_1_185' title='bbox 191 1223 258 1258; x_wconf 88' lang='grc' dir='ltr'>κόρη</span> <span class='ocrx_word' id='word_1_186' title='bbox 274 1222 411 1258; x_wconf 76' lang='grc' dir='ltr'>κράζουσα</span> <span class='ocrx_word' id='word_1_187' title='bbox 421 1232 428 1238; x_wconf 93' lang='grc'><strong>·</strong></span> <span class='ocrx_word' id='word_1_188' title='bbox 443 1224 474 1250; x_wconf 88' lang='grc' dir='ltr'><strong>Τί</strong></span> <span class='ocrx_word' id='word_1_189' title='bbox 486 1224 556 1259; x_wconf 79' lang='grc' dir='ltr'>ἔχεις</span> <span class='ocrx_word' id='word_1_190' title='bbox 571 1225 657 1249; x_wconf 78' lang='grc' dir='ltr'>εἰπεῖν</span> <span class='ocrx_word' id='word_1_191' title='bbox 671 1232 678 1255; x_wconf 88' lang='grc'>;</span> <span class='ocrx_word' id='word_1_192' title='bbox 691 1224 727 1250; x_wconf 77' lang='grc' dir='ltr'><strong>Οὐ</strong></span> <span class='ocrx_word' id='word_1_193' title='bbox 743 1223 855 1250; x_wconf 83' lang='grc' dir='ltr'>δύνασαι</span> 
     </span>
    </p>
   </div>
   <div class='ocr_carea' id='block_1_25' title="bbox 71 1267 856 1304">
    <p class='ocr_par' dir='ltr' id='par_1_25' title="bbox 71 1267 856 1304">
     <span class='ocr_line' id='line_1_25' title="bbox 71 1267 856 1304; baseline 0.001 -10"><span class='ocrx_word' id='word_1_194' title='bbox 71 1267 239 1303; x_wconf 69' lang='grc' dir='ltr'><strong>ἀρνήσασθαι</strong></span> <span class='ocrx_word' id='word_1_195' title='bbox 248 1276 255 1283; x_wconf 91' lang='grc'>·</span> <span class='ocrx_word' id='word_1_196' title='bbox 266 1268 320 1295; x_wconf 77' lang='grc' dir='ltr'><strong>ἀπὸ</strong></span> <span class='ocrx_word' id='word_1_197' title='bbox 334 1268 380 1294; x_wconf 91' lang='grc' dir='ltr'><strong>σοῦ</strong></span> <span class='ocrx_word' id='word_1_198' title='bbox 393 1268 447 1304; x_wconf 83' lang='grc' dir='ltr'>γὰρ</span> <span class='ocrx_word' id='word_1_199' title='bbox 460 1269 619 1303; x_wconf 73' lang='grc' dir='ltr'>γεγέννηται</span> <span class='ocrx_word' id='word_1_200' title='bbox 631 1269 661 1295; x_wconf 75' lang='grc' dir='ltr'>τὸ</span> <span class='ocrx_word' id='word_1_201' title='bbox 674 1269 779 1295; x_wconf 78' lang='grc' dir='ltr'>πα;δίον</span> <span class='ocrx_word' id='word_1_202' title='bbox 788 1277 794 1283; x_wconf 69' lang='grc'><strong><em>³</em></strong></span> <span class='ocrx_word' id='word_1_203' title='bbox 808 1269 856 1296; x_wconf 80' lang='grc' dir='ltr'>καὶ</span> 
     </span>
    </p>
   </div>
   <div class='ocr_carea' id='block_1_26' title="bbox 69 1311 856 1349">
    <p class='ocr_par' dir='ltr' id='par_1_26' title="bbox 69 1311 856 1349">
     <span class='ocr_line' id='line_1_26' title="bbox 69 1311 856 1349; baseline 0.005 -12"><span class='ocrx_word' id='word_1_204' title='bbox 69 1312 98 1338; x_wconf 83' lang='grc' dir='ltr'><strong>τί</strong></span> <span class='ocrx_word' id='word_1_205' title='bbox 111 1311 243 1347; x_wconf 81' lang='grc' dir='ltr'>αἰσχύνῃ;</span> <span class='ocrx_word' id='word_1_206' title='bbox 266 1312 430 1348; x_wconf 74' lang='grc' dir='ltr'>ὁμολόγησον</span> <span class='ocrx_word' id='word_1_207' title='bbox 443 1313 457 1339; x_wconf 86' lang='grc' dir='ltr'><strong>ὂ</strong></span> <span class='ocrx_word' id='word_1_208' title='bbox 479 1313 619 1349; x_wconf 74' lang='grc' dir='ltr'>ἐποίησας.</span> <span class='ocrx_word' id='word_1_209' title='bbox 642 1314 708 1340; x_wconf 81' lang='grc' dir='ltr'>Τότε</span> <span class='ocrx_word' id='word_1_210' title='bbox 728 1314 856 1347; x_wconf 77' lang='grc' dir='ltr'>στενάξας</span> 
     </span>
    </p>
   </div>
   <div class='ocr_carea' id='block_1_27' title="bbox 70 1357 856 1395">
    <p class='ocr_par' dir='ltr' id='par_1_27' title="bbox 70 1357 856 1395">
     <span class='ocr_line' id='line_1_27' title="bbox 70 1357 856 1395; baseline 0.003 -11"><span class='ocrx_word' id='word_1_211' title='bbox 70 1359 85 1384; x_wconf 84' lang='grc' dir='ltr'><strong>ὁ</strong></span> <span class='ocrx_word' id='word_1_212' title='bbox 98 1357 189 1389; x_wconf 87' lang='grc' dir='ltr'>δοῦλος</span> <span class='ocrx_word' id='word_1_213' title='bbox 206 1358 252 1390; x_wconf 78' lang='grc' dir='ltr'><strong>τοῦ</strong></span> <span class='ocrx_word' id='word_1_214' title='bbox 267 1358 334 1385; x_wconf 83' lang='grc' dir='ltr'>Θεοῦ</span> <span class='ocrx_word' id='word_1_215' title='bbox 356 1359 490 1394; x_wconf 74' lang='grc' dir='ltr'>Ἃντίοχος</span> <span class='ocrx_word' id='word_1_216' title='bbox 503 1359 575 1393; x_wconf 83' lang='grc' dir='ltr'>λέγει</span> <span class='ocrx_word' id='word_1_217' title='bbox 586 1369 593 1375; x_wconf 90' lang='grc'><strong>·</strong></span> <span class='ocrx_word' id='word_1_218' title='bbox 610 1359 675 1386; x_wconf 85' lang='grc' dir='ltr'>Δότε</span> <span class='ocrx_word' id='word_1_219' title='bbox 689 1369 733 1395; x_wconf 87' lang='grc' dir='ltr'><strong>μοι</strong></span> <span class='ocrx_word' id='word_1_220' title='bbox 751 1361 781 1386; x_wconf 78' lang='grc' dir='ltr'>τὸ</span> <span class='ocrx_word' id='word_1_221' title='bbox 794 1369 856 1387; x_wconf 87' lang='grc' dir='ltr'>παι-</span> 
     </span>
    </p>
   </div>
   <div class='ocr_carea' id='block_1_28' title="bbox 70 1403 856 1440">
    <p class='ocr_par' dir='ltr' id='par_1_28' title="bbox 70 1403 856 1440">
     <span class='ocr_line' id='line_1_28' title="bbox 70 1403 856 1440; baseline 0.003 -10"><span class='ocrx_word' id='word_1_222' title='bbox 70 1403 142 1434; x_wconf 83' lang='grc' dir='ltr'>δίον,</span> <span class='ocrx_word' id='word_1_223' title='bbox 155 1405 201 1431; x_wconf 74' lang='grc' dir='ltr'>καὶ</span> <span class='ocrx_word' id='word_1_224' title='bbox 215 1404 278 1436; x_wconf 74' lang='grc' dir='ltr'>ἴδω,</span> <span class='ocrx_word' id='word_1_225' title='bbox 296 1405 319 1430; x_wconf 87' lang='grc' dir='ltr'><strong>εί</strong></span> <span class='ocrx_word' id='word_1_226' title='bbox 337 1404 367 1436; x_wconf 80' lang='grc' dir='ltr'><strong>ἐξ</strong></span> <span class='ocrx_word' id='word_1_227' title='bbox 384 1405 450 1440; x_wconf 78' lang='grc' dir='ltr'>ἐμοῦ</span> <span class='ocrx_word' id='word_1_228' title='bbox 468 1405 638 1440; x_wconf 75' lang='grc' dir='ltr'>γεγέννηται.</span> <span class='ocrx_word' id='word_1_229' title='bbox 654 1406 709 1432; x_wconf 77' lang='grc' dir='ltr'><strong>Καὶ</strong></span> <span class='ocrx_word' id='word_1_230' title='bbox 722 1406 810 1432; x_wconf 80' lang='grc' dir='ltr'>λαὸὼν</span> <span class='ocrx_word' id='word_1_231' title='bbox 825 1407 856 1432; x_wconf 81' lang='grc' dir='ltr'>τὸ</span> 
     </span>
    </p>
   </div>
   <div class='ocr_carea' id='block_1_29' title="bbox 71 1449 856 1487">
    <p class='ocr_par' dir='ltr' id='par_1_29' title="bbox 71 1449 856 1487">
     <span class='ocr_line' id='line_1_29' title="bbox 71 1449 856 1487; baseline 0.004 -12"><span class='ocrx_word' id='word_1_232' title='bbox 71 1449 175 1476; x_wconf 83' lang='grc' dir='ltr'>παιδίον</span> <span class='ocrx_word' id='word_1_233' title='bbox 195 1450 398 1485; x_wconf 77' lang='grc' dir='ltr'>τεσσαράκοντα</span> <span class='ocrx_word' id='word_1_234' title='bbox 416 1451 526 1487; x_wconf 80' lang='grc' dir='ltr'>ἡμερῶν</span> <span class='ocrx_word' id='word_1_235' title='bbox 548 1451 578 1478; x_wconf 81' lang='grc' dir='ltr'>ὃν</span> <span class='ocrx_word' id='word_1_236' title='bbox 601 1452 648 1478; x_wconf 75' lang='grc' dir='ltr'>καὶ</span> <span class='ocrx_word' id='word_1_237' title='bbox 667 1453 807 1487; x_wconf 79' lang='grc' dir='ltr'>κρατήσας</span> <span class='ocrx_word' id='word_1_238' title='bbox 827 1453 856 1479; x_wconf 76' lang='grc' dir='ltr'>ἐν</span> 
     </span>
    </p>
   </div>
   <div class='ocr_carea' id='block_1_30' title="bbox 70 1495 855 1533">
    <p class='ocr_par' dir='ltr' id='par_1_30' title="bbox 70 1495 855 1533">
     <span class='ocr_line' id='line_1_30' title="bbox 70 1495 855 1533; baseline 0.003 -11"><span class='ocrx_word' id='word_1_239' title='bbox 70 1497 130 1527; x_wconf 79' lang='grc' dir='ltr'>ταῖς</span> <span class='ocrx_word' id='word_1_240' title='bbox 150 1497 242 1531; x_wconf 81' lang='grc' dir='ltr'>χερσὶν</span> <span class='ocrx_word' id='word_1_241' title='bbox 263 1497 344 1523; x_wconf 74' lang='grc' dir='ltr'>αὑτοῦ</span> <span class='ocrx_word' id='word_1_242' title='bbox 356 1516 362 1527; x_wconf 92' lang='grc'><strong>,</strong></span> <span class='ocrx_word' id='word_1_243' title='bbox 377 1497 502 1528; x_wconf 73' lang='grc' dir='ltr'>ἀτενίσας</span> <span class='ocrx_word' id='word_1_244' title='bbox 520 1497 560 1528; x_wconf 87' lang='grc' dir='ltr'>εἰς</span> <span class='ocrx_word' id='word_1_245' title='bbox 580 1497 626 1523; x_wconf 80' lang='grc' dir='ltr'>τὸν</span> <span class='ocrx_word' id='word_1_246' title='bbox 645 1497 777 1533; x_wconf 77' lang='grc' dir='ltr'>οὐρανὸν,</span> <span class='ocrx_word' id='word_1_247' title='bbox 796 1495 855 1524; x_wconf 80' lang='grc' dir='ltr'>εἷπε</span> 
     </span>
    </p>
   </div>
   <div class='ocr_carea' id='block_1_31' title="bbox 71 1542 890 1585">
    <p class='ocr_par' dir='ltr' id='par_1_31' title="bbox 71 1542 890 1585">
     <span class='ocr_line' id='line_1_31' title="bbox 71 1542 890 1585; baseline 0.002 -17"><span class='ocrx_word' id='word_1_248' title='bbox 71 1543 111 1577; x_wconf 84' lang='grc' dir='ltr'>τῷ</span> <span class='ocrx_word' id='word_1_249' title='bbox 125 1543 221 1577; x_wconf 77' lang='grc' dir='ltr'>παιδίῳ</span> <span class='ocrx_word' id='word_1_250' title='bbox 231 1551 237 1558; x_wconf 91' lang='grc'><strong>·</strong></span> <span class='ocrx_word' id='word_1_251' title='bbox 260 1543 303 1568; x_wconf 85' lang='grc' dir='ltr'>Ἐν</span> <span class='ocrx_word' id='word_1_252' title='bbox 315 1543 424 1578; x_wconf 78' lang='grc' dir='ltr'>ὀνόματι</span> <span class='ocrx_word' id='word_1_253' title='bbox 439 1542 485 1569; x_wconf 89' lang='grc' dir='ltr'><strong>τοῦ</strong></span> <span class='ocrx_word' id='word_1_254' title='bbox 500 1543 601 1578; x_wconf 82' lang='grc' dir='ltr'>Κυρίου</span> <span class='ocrx_word' id='word_1_255' title='bbox 612 1563 618 1575; x_wconf 87' lang='grc'><strong>,</strong></span> <span class='ocrx_word' id='word_1_256' title='bbox 635 1544 713 1575; x_wconf 74' lang='grc' dir='ltr'>είπὲ,</span> <span class='ocrx_word' id='word_1_257' title='bbox 732 1544 853 1570; x_wconf 87' lang='grc' dir='ltr'>παιδίον·</span> <span class='ocrx_word' id='word_1_258' title='bbox 870 1557 890 1585; x_wconf 76' lang='lat' dir='ltr'><strong>c</strong></span> 
     </span>
    </p>
   </div>
   <div class='ocr_carea' id='block_1_32' title="bbox 77 1589 855 1625">
    <p class='ocr_par' dir='ltr' id='par_1_32' title="bbox 77 1589 855 1625">
     <span class='ocr_line' id='line_1_32' title="bbox 77 1589 855 1625; baseline 0.003 -11"><span class='ocrx_word' id='word_1_259' title='bbox 77 1589 122 1620; x_wconf 79' lang='grc' dir='ltr'><strong>Ἐξ</strong></span> <span class='ocrx_word' id='word_1_260' title='bbox 137 1589 204 1623; x_wconf 77' lang='grc' dir='ltr'>ἐμοῦ</span> <span class='ocrx_word' id='word_1_261' title='bbox 219 1589 363 1624; x_wconf 78' lang='grc' dir='ltr'>γεγένησαι</span> <span class='ocrx_word' id='word_1_262' title='bbox 382 1589 413 1615; x_wconf 91' lang='grc' dir='ltr'><strong>σύ</strong></span> <span class='ocrx_word' id='word_1_263' title='bbox 428 1597 434 1621; x_wconf 91' lang='lat'>;</span> <span class='ocrx_word' id='word_1_264' title='bbox 450 1590 515 1616; x_wconf 84' lang='grc' dir='ltr'>Τότε</span> <span class='ocrx_word' id='word_1_265' title='bbox 531 1590 581 1625; x_wconf 83' lang='grc' dir='ltr'><strong>βοᾷ.</strong></span> <span class='ocrx_word' id='word_1_266' title='bbox 596 1589 626 1616; x_wconf 85' lang='grc' dir='ltr'>τὸ</span> <span class='ocrx_word' id='word_1_267' title='bbox 641 1589 744 1617; x_wconf 80' lang='grc' dir='ltr'>παιδίον</span> <span class='ocrx_word' id='word_1_268' title='bbox 763 1590 855 1625; x_wconf 82' lang='grc' dir='ltr'>χάριτι</span> 
     </span>
    </p>
   </div>
   <div class='ocr_carea' id='block_1_33' title="bbox 71 1634 854 1671">
    <p class='ocr_par' dir='ltr' id='par_1_33' title="bbox 71 1634 854 1671">
     <span class='ocr_line' id='line_1_33' title="bbox 71 1634 854 1671; baseline 0.003 -11"><span class='ocrx_word' id='word_1_269' title='bbox 71 1634 118 1660; x_wconf 84' lang='grc' dir='ltr'><strong>τοῦ</strong></span> <span class='ocrx_word' id='word_1_270' title='bbox 133 1635 200 1661; x_wconf 78' lang='grc' dir='ltr'>Θεοῦ</span> <span class='ocrx_word' id='word_1_271' title='bbox 223 1636 328 1671; x_wconf 82' lang='grc' dir='ltr'>μεγάλῃ</span> <span class='ocrx_word' id='word_1_272' title='bbox 351 1637 384 1671; x_wconf 85' lang='grc' dir='ltr'>τῇ</span> <span class='ocrx_word' id='word_1_273' title='bbox 407 1637 497 1671; x_wconf 83' lang='grc' dir='ltr'><strong>φωνῇ·</strong></span> <span class='ocrx_word' id='word_1_274' title='bbox 517 1636 599 1671; x_wconf 76' lang='grc' dir='ltr'>Οὐχὶ,</span> <span class='ocrx_word' id='word_1_275' title='bbox 615 1636 690 1662; x_wconf 80' lang='grc' dir='ltr'>δοῦλε</span> <span class='ocrx_word' id='word_1_276' title='bbox 713 1636 760 1662; x_wconf 90' lang='grc' dir='ltr'><strong>τοῦ</strong></span> <span class='ocrx_word' id='word_1_277' title='bbox 775 1636 854 1668; x_wconf 83' lang='grc' dir='ltr'>Θεοῦ,</span> 
     </span>
    </p>
   </div>
   <div class='ocr_carea' id='block_1_34' title="bbox 72 1679 856 1715">
    <p class='ocr_par' dir='ltr' id='par_1_34' title="bbox 72 1679 856 1715">
     <span class='ocr_line' id='line_1_34' title="bbox 72 1679 856 1715; baseline 0.003 -9"><span class='ocrx_word' id='word_1_278' title='bbox 72 1679 191 1715; x_wconf 78' lang='grc' dir='ltr'>καθαρὸς</span> <span class='ocrx_word' id='word_1_279' title='bbox 206 1680 236 1706; x_wconf 80' lang='grc' dir='ltr'><strong>σὺ</strong></span> <span class='ocrx_word' id='word_1_280' title='bbox 254 1680 367 1707; x_wconf 77' lang='grc' dir='ltr'>ἐνώπιον</span> <span class='ocrx_word' id='word_1_281' title='bbox 383 1682 429 1707; x_wconf 78' lang='grc' dir='ltr'><strong>τοῦ</strong></span> <span class='ocrx_word' id='word_1_282' title='bbox 444 1680 521 1707; x_wconf 83' lang='grc' dir='ltr'>Θεοῦ.</span> <span class='ocrx_word' id='word_1_283' title='bbox 543 1681 571 1708; x_wconf 90' lang='lat'><strong>&#39;0</strong></span> <span class='ocrx_word' id='word_1_284' title='bbox 587 1680 615 1707; x_wconf 82' lang='grc' dir='ltr'>δὲ</span> <span class='ocrx_word' id='word_1_285' title='bbox 632 1681 711 1707; x_wconf 83' lang='grc' dir='ltr'>τοῦτο</span> <span class='ocrx_word' id='word_1_286' title='bbox 727 1681 757 1707; x_wconf 82' lang='grc' dir='ltr'>τὸ</span> <span class='ocrx_word' id='word_1_287' title='bbox 774 1681 856 1708; x_wconf 84' lang='grc' dir='ltr'>σκάν-</span> 
     </span>
    </p>
   </div>
   <div class='ocr_carea' id='block_1_35' title="bbox 68 1725 854 1762">
    <p class='ocr_par' dir='ltr' id='par_1_35' title="bbox 68 1725 854 1762">
     <span class='ocr_line' id='line_1_35' title="bbox 68 1725 854 1762; baseline 0.003 -11"><span class='ocrx_word' id='word_1_288' title='bbox 68 1726 149 1751; x_wconf 79' lang='grc' dir='ltr'>δαλον</span> <span class='ocrx_word' id='word_1_289' title='bbox 162 1726 275 1761; x_wconf 83' lang='grc' dir='ltr'>ποιήσας</span> <span class='ocrx_word' id='word_1_290' title='bbox 292 1725 465 1762; x_wconf 77' lang='grc' dir='ltr'>Ἀλέξανδρός</span> <span class='ocrx_word' id='word_1_291' title='bbox 477 1727 550 1752; x_wconf 77' lang='grc' dir='ltr'>ἐστιν</span> <span class='ocrx_word' id='word_1_292' title='bbox 561 1727 575 1752; x_wconf 89' lang='grc' dir='ltr'><strong>ό</strong></span> <span class='ocrx_word' id='word_1_293' title='bbox 588 1726 774 1761; x_wconf 83' lang='grc' dir='ltr'>ἀναγνώστης.</span> <span class='ocrx_word' id='word_1_294' title='bbox 788 1726 854 1753; x_wconf 86' lang='grc' dir='ltr'>Τότε</span> 
     </span>
    </p>
   </div>
   <div class='ocr_carea' id='block_1_36' title="bbox 68 1772 856 1807">
    <p class='ocr_par' dir='ltr' id='par_1_36' title="bbox 68 1772 856 1807">
     <span class='ocr_line' id='line_1_36' title="bbox 68 1772 856 1807; baseline 0.003 -9"><span class='ocrx_word' id='word_1_295' title='bbox 68 1773 86 1806; x_wconf 87' lang='grc' dir='ltr'><strong>ή</strong></span> <span class='ocrx_word' id='word_1_296' title='bbox 107 1772 156 1805; x_wconf 74' lang='grc' dir='ltr'>μὲν</span> <span class='ocrx_word' id='word_1_297' title='bbox 172 1772 250 1807; x_wconf 86' lang='grc' dir='ltr'>κόρη,</span> <span class='ocrx_word' id='word_1_298' title='bbox 266 1773 456 1807; x_wconf 81' lang='grc' dir='ltr'>κατανοήσασα</span> <span class='ocrx_word' id='word_1_299' title='bbox 470 1772 520 1807; x_wconf 80' lang='grc' dir='ltr'>τὴν</span> <span class='ocrx_word' id='word_1_300' title='bbox 532 1772 579 1798; x_wconf 80' lang='grc' dir='ltr'><strong>τοῦ</strong></span> <span class='ocrx_word' id='word_1_301' title='bbox 595 1772 663 1799; x_wconf 87' lang='grc' dir='ltr'>Θεοῦ</span> <span class='ocrx_word' id='word_1_302' title='bbox 677 1772 792 1807; x_wconf 71' lang='grc' dir='ltr'>ἔλεγξιν,</span> <span class='ocrx_word' id='word_1_303' title='bbox 807 1782 856 1800; x_wconf 86' lang='grc' dir='ltr'>πα-</span> 
     </span>
    </p>
   </div>
   <div class='ocr_carea' id='block_1_37' title="bbox 71 1817 853 1854">
    <p class='ocr_par' dir='ltr' id='par_1_37' title="bbox 71 1817 853 1854">
     <span class='ocr_line' id='line_1_37' title="bbox 71 1817 853 1854; baseline 0.004 -11"><span class='ocrx_word' id='word_1_304' title='bbox 71 1818 200 1852; x_wconf 80' lang='grc' dir='ltr'>ραχρῆμα</span> <span class='ocrx_word' id='word_1_305' title='bbox 216 1818 334 1844; x_wconf 82' lang='grc' dir='ltr'>πεσοῦσα</span> <span class='ocrx_word' id='word_1_306' title='bbox 351 1817 426 1853; x_wconf 63' lang='grc' dir='ltr'>παρὰ</span> <span class='ocrx_word' id='word_1_307' title='bbox 442 1818 505 1849; x_wconf 84' lang='grc' dir='ltr'>τοὺς</span> <span class='ocrx_word' id='word_1_308' title='bbox 519 1818 601 1850; x_wconf 84' lang='grc' dir='ltr'>πόδας</span> <span class='ocrx_word' id='word_1_309' title='bbox 613 1819 707 1851; x_wconf 77' lang='grc' dir='ltr'>αὑτοῦ,</span> <span class='ocrx_word' id='word_1_310' title='bbox 717 1819 853 1854; x_wconf 68' lang='grc' dir='ltr'>ἐξέψυξεν.</span> 
     </span>
    </p>
   </div>
   <div class='ocr_carea' id='block_1_38' title="bbox 76 1863 856 1900">
    <p class='ocr_par' dir='ltr' id='par_1_38' title="bbox 76 1863 856 1900">
     <span class='ocr_line' id='line_1_38' title="bbox 76 1863 856 1900; baseline 0.003 -10"><span class='ocrx_word' id='word_1_311' title='bbox 76 1863 105 1890; x_wconf 90' lang='grc' dir='ltr'>Ὁ</span> <span class='ocrx_word' id='word_1_312' title='bbox 113 1863 141 1889; x_wconf 82' lang='grc' dir='ltr'>δὲ</span> <span class='ocrx_word' id='word_1_313' title='bbox 150 1863 295 1894; x_wconf 81' lang='grc' dir='ltr'>ἐπίσκοπος</span> <span class='ocrx_word' id='word_1_314' title='bbox 303 1863 504 1898; x_wconf 86' lang='grc' dir='ltr'>ἀμνησικακίας</span> <span class='ocrx_word' id='word_1_315' title='bbox 510 1863 588 1898; x_wconf 81' lang='grc' dir='ltr'>χάριν</span> <span class='ocrx_word' id='word_1_316' title='bbox 599 1864 655 1899; x_wconf 82' lang='grc'><strong>(77)</strong></span> <span class='ocrx_word' id='word_1_317' title='bbox 664 1865 784 1900; x_wconf 78' lang='grc' dir='ltr'>ᾐτήσατο</span> <span class='ocrx_word' id='word_1_318' title='bbox 793 1866 856 1900; x_wconf 86' lang='grc' dir='ltr'>παρ’</span> 
     </span>
    </p>
   </div>
   <div class='ocr_carea' id='block_1_39' title="bbox 69 1908 856 1944">
    <p class='ocr_par' dir='ltr' id='par_1_39' title="bbox 69 1908 856 1944">
     <span class='ocr_line' id='line_1_39' title="bbox 69 1908 856 1944; baseline 0.003 -10"><span class='ocrx_word' id='word_1_319' title='bbox 69 1908 163 1934; x_wconf 68' lang='grc' dir='ltr'>αὑτοῦ.</span> <span class='ocrx_word' id='word_1_320' title='bbox 186 1908 214 1934; x_wconf 89' lang='lat' dir='ltr'><strong>&#39;O</strong></span> <span class='ocrx_word' id='word_1_321' title='bbox 230 1908 257 1934; x_wconf 81' lang='grc' dir='ltr'>δὲ</span> <span class='ocrx_word' id='word_1_322' title='bbox 272 1908 461 1942; x_wconf 81' lang='grc' dir='ltr'>ἀναγνώστης,</span> <span class='ocrx_word' id='word_1_323' title='bbox 483 1909 568 1935; x_wconf 79' lang='grc' dir='ltr'>πολλὰ</span> <span class='ocrx_word' id='word_1_324' title='bbox 588 1909 692 1940; x_wconf 71' lang='grc' dir='ltr'>ἐπιθεὶς</span> <span class='ocrx_word' id='word_1_325' title='bbox 711 1910 800 1944; x_wconf 80' lang='grc' dir='ltr'>ἐαυτῷ</span> <span class='ocrx_word' id='word_1_326' title='bbox 814 1909 856 1936; x_wconf 87' lang='grc' dir='ltr'>σί-</span> 
     </span>
    </p>
   </div>
   <div class='ocr_carea' id='block_1_40' title="bbox 68 1953 857 1989">
    <p class='ocr_par' dir='ltr' id='par_1_40' title="bbox 68 1953 857 1989">
     <span class='ocr_line' id='line_1_40' title="bbox 68 1953 857 1989; baseline 0.003 -9"><span class='ocrx_word' id='word_1_327' title='bbox 68 1953 140 1989; x_wconf 87' lang='grc' dir='ltr'>δηρα</span> <span class='ocrx_word' id='word_1_328' title='bbox 155 1954 201 1980; x_wconf 69' lang='grc' dir='ltr'><strong>καὶ</strong></span> <span class='ocrx_word' id='word_1_329' title='bbox 216 1954 307 1989; x_wconf 84' lang='grc' dir='ltr'>μακρὰ</span> <span class='ocrx_word' id='word_1_330' title='bbox 320 1954 374 1980; x_wconf 81' lang='grc' dir='ltr'>ἀπὸ</span> <span class='ocrx_word' id='word_1_331' title='bbox 387 1954 437 1989; x_wconf 82' lang='grc' dir='ltr'>τῆς</span> <span class='ocrx_word' id='word_1_332' title='bbox 451 1954 551 1986; x_wconf 84' lang='grc' dir='ltr'>πόλεως</span> <span class='ocrx_word' id='word_1_333' title='bbox 565 1955 699 1986; x_wconf 83' lang='grc' dir='ltr'>ἀπελθὼν,</span> <span class='ocrx_word' id='word_1_334' title='bbox 714 1955 857 1989; x_wconf 76' lang='grc' dir='ltr'>ἐγκλείσας</span> 
     </span>
    </p>
   </div>
   <div class='ocr_carea' id='block_1_41' title="bbox 67 1999 853 2036">
    <p class='ocr_par' dir='ltr' id='par_1_41' title="bbox 67 1999 853 2036">
     <span class='ocr_line' id='line_1_41' title="bbox 67 1999 853 2036; baseline 0.003 -11"><span class='ocrx_word' id='word_1_335' title='bbox 67 1999 166 2025; x_wconf 74' lang='grc' dir='ltr'>ἑαυτὸν</span> <span class='ocrx_word' id='word_1_336' title='bbox 180 2000 209 2025; x_wconf 82' lang='grc' dir='ltr'>ὲν</span> <span class='ocrx_word' id='word_1_337' title='bbox 227 1999 323 2034; x_wconf 79' lang='grc' dir='ltr'>κελλίῳ</span> <span class='ocrx_word' id='word_1_338' title='bbox 343 1999 433 2035; x_wconf 84' lang='grc' dir='ltr'>μικρῷ</span> <span class='ocrx_word' id='word_1_339' title='bbox 452 1999 504 2031; x_wconf 67' lang='grc' dir='ltr'><strong>ἕως</strong></span> <span class='ocrx_word' id='word_1_340' title='bbox 515 2000 564 2035; x_wconf 81' lang='grc' dir='ltr'>τῆς</span> <span class='ocrx_word' id='word_1_341' title='bbox 578 2001 707 2036; x_wconf 83' lang='grc' dir='ltr'>τελευτῆς</span> <span class='ocrx_word' id='word_1_342' title='bbox 723 2000 806 2027; x_wconf 83' lang='grc' dir='ltr'>αὑτοῦ</span> <span class='ocrx_word' id='word_1_343' title='bbox 825 2002 853 2028; x_wconf 82' lang='grc' dir='ltr'>ὲν</span> 
     </span>
    </p>
   </div>
   <div class='ocr_carea' id='block_1_42' title="bbox 67 2044 853 2081">
    <p class='ocr_par' dir='ltr' id='par_1_42' title="bbox 67 2044 853 2081">
     <span class='ocr_line' id='line_1_42' title="bbox 67 2044 853 2081; baseline 0.004 -12"><span class='ocrx_word' id='word_1_344' title='bbox 67 2045 101 2079; x_wconf 81' lang='grc' dir='ltr'><strong>τῇ</strong></span> <span class='ocrx_word' id='word_1_345' title='bbox 116 2044 255 2079; x_wconf 74' lang='grc' dir='ltr'>μετανοίᾳ,</span> <span class='ocrx_word' id='word_1_346' title='bbox 274 2044 373 2070; x_wconf 78' lang='grc' dir='ltr'>τέλειον</span> <span class='ocrx_word' id='word_1_347' title='bbox 391 2044 429 2080; x_wconf 78' lang='grc' dir='ltr'>τῷ</span> <span class='ocrx_word' id='word_1_348' title='bbox 442 2044 501 2079; x_wconf 83' lang='grc' dir='ltr'><strong>Θεῷ</strong></span> <span class='ocrx_word' id='word_1_349' title='bbox 521 2045 647 2071; x_wconf 82' lang='grc' dir='ltr'>ἀπεδίδου</span> <span class='ocrx_word' id='word_1_350' title='bbox 664 2045 712 2081; x_wconf 82' lang='grc' dir='ltr'>τὴν</span> <span class='ocrx_word' id='word_1_351' title='bbox 727 2045 853 2081; x_wconf 76' lang='grc' dir='ltr'>ἐξομολό-</span> 
     </span>
    </p>
   </div>
   <div class='ocr_carea' id='block_1_43' title="bbox 576 153 1182 183">
    <p class='ocr_par' dir='ltr' id='par_1_43' title="bbox 576 153 1182 183">
     <span class='ocr_line' id='line_1_43' title="bbox 576 153 1182 183; baseline 0 -1"><span class='ocrx_word' id='word_1_352' title='bbox 576 155 748 183; x_wconf 73' lang='lat' dir='ltr'><strong>DOCTRINA</strong></span> <span class='ocrx_word' id='word_1_353' title='bbox 767 155 812 182; x_wconf 85' lang='lat' dir='ltr'><strong>AD</strong></span> <span class='ocrx_word' id='word_1_354' title='bbox 830 153 1033 183; x_wconf 72' lang='lat' dir='ltr'><strong>ANTIOCHUM</strong></span> <span class='ocrx_word' id='word_1_355' title='bbox 1053 154 1182 182; x_wconf 74' lang='lat' dir='ltr'><strong>DUCEM.</strong></span> 
     </span>
    </p>
   </div>
   <div class='ocr_carea' id='block_1_44' title="bbox 1635 154 1687 182">
    <p class='ocr_par' dir='ltr' id='par_1_44' title="bbox 1635 154 1687 182">
     <span class='ocr_line' id='line_1_44' title="bbox 1635 154 1687 182; baseline -0.019 0"><span class='ocrx_word' id='word_1_356' title='bbox 1635 154 1687 182; x_wconf 70' lang='lat'><strong>578</strong></span> 
     </span>
    </p>
   </div>
   <div class='ocr_carea' id='block_1_45' title="bbox 943 213 1689 249">
    <p class='ocr_par' dir='ltr' id='par_1_45' title="bbox 943 213 1689 249">
     <span class='ocr_line' id='line_1_45' title="bbox 943 213 1689 249; baseline -0.001 -7"><span class='ocrx_word' id='word_1_357' title='bbox 943 215 986 242; x_wconf 78' lang='grc'><strong>15.</strong></span> <span class='ocrx_word' id='word_1_358' title='bbox 1002 214 1069 242; x_wconf 85' lang='lat' dir='ltr'><strong>Filia</strong></span> <span class='ocrx_word' id='word_1_359' title='bbox 1084 215 1200 242; x_wconf 75' lang='lat' dir='ltr'><strong>diacono</strong></span> <span class='ocrx_word' id='word_1_360' title='bbox 1215 218 1273 241; x_wconf 87' lang='lat' dir='ltr'><strong>erat</strong></span> <span class='ocrx_word' id='word_1_361' title='bbox 1288 214 1378 245; x_wconf 81' lang='lat' dir='ltr'><strong>unica,</strong></span> <span class='ocrx_word' id='word_1_362' title='bbox 1390 221 1471 249; x_wconf 87' lang='lat' dir='ltr'><strong>quam</strong></span> <span class='ocrx_word' id='word_1_363' title='bbox 1482 221 1544 240; x_wconf 93' lang='lat' dir='ltr'><strong>cum</strong></span> <span class='ocrx_word' id='word_1_364' title='bbox 1558 213 1689 248; x_wconf 79' lang='lat' dir='ltr'><strong>frequens</strong></span> 
     </span>
    </p>
   </div>
   <div class='ocr_carea' id='block_1_46' title="bbox 905 259 1688 296">
    <p class='ocr_par' dir='ltr' id='par_1_46' title="bbox 905 259 1688 296">
     <span class='ocr_line' id='line_1_46' title="bbox 905 259 1688 296; baseline -0.001 -9"><span class='ocrx_word' id='word_1_365' title='bbox 905 261 1036 289; x_wconf 85' lang='lat' dir='ltr'><strong>inviseret</strong></span> <span class='ocrx_word' id='word_1_366' title='bbox 1051 261 1137 288; x_wconf 86' lang='lat' dir='ltr'><strong>lector</strong></span> <span class='ocrx_word' id='word_1_367' title='bbox 1154 261 1275 296; x_wconf 87' lang='lat' dir='ltr'><strong>quidam,</strong></span> <span class='ocrx_word' id='word_1_368' title='bbox 1292 261 1402 287; x_wconf 85' lang='lat' dir='ltr'><strong>nomine</strong></span> <span class='ocrx_word' id='word_1_369' title='bbox 1414 260 1579 292; x_wconf 77' lang='lat' dir='ltr'><strong>Alexander,</strong></span> <span class='ocrx_word' id='word_1_370' title='bbox 1591 259 1688 286; x_wconf 80' lang='lat' dir='ltr'><strong>vitium</strong></span> 
     </span>
    </p>
   </div>
   <div class='ocr_carea' id='block_1_47' title="bbox 905 307 1689 342">
    <p class='ocr_par' dir='ltr' id='par_1_47' title="bbox 905 307 1689 342">
     <span class='ocr_line' id='line_1_47' title="bbox 905 307 1689 342; baseline -0.004 -8"><span class='ocrx_word' id='word_1_371' title='bbox 905 308 929 334; x_wconf 83' lang='lat' dir='ltr'><strong>ei</strong></span> <span class='ocrx_word' id='word_1_372' title='bbox 941 308 1041 334; x_wconf 89' lang='lat' dir='ltr'><strong>obtulit</strong></span> <span class='ocrx_word' id='word_1_373' title='bbox 1059 317 1065 334; x_wconf 75' lang='grc' dir='ltr'>ι</span> <span class='ocrx_word' id='word_1_374' title='bbox 1082 307 1145 334; x_wconf 90' lang='lat' dir='ltr'><strong>hinc</strong></span> <span class='ocrx_word' id='word_1_375' title='bbox 1173 315 1235 334; x_wconf 91' lang='lat' dir='ltr'><strong>cum</strong></span> <span class='ocrx_word' id='word_1_376' title='bbox 1251 307 1342 342; x_wconf 90' lang='lat' dir='ltr'><strong>puella</strong></span> <span class='ocrx_word' id='word_1_377' title='bbox 1360 310 1467 333; x_wconf 89' lang='lat' dir='ltr'><strong>uterum</strong></span> <span class='ocrx_word' id='word_1_378' title='bbox 1489 310 1619 340; x_wconf 80' lang='lat' dir='ltr'><strong>gestaret,</strong></span> <span class='ocrx_word' id='word_1_379' title='bbox 1632 313 1689 332; x_wconf 88' lang='lat' dir='ltr'><strong>me-</strong></span> 
     </span>
    </p>
   </div>
   <div class='ocr_carea' id='block_1_48' title="bbox 905 352 1688 388">
    <p class='ocr_par' dir='ltr' id='par_1_48' title="bbox 905 352 1688 388">
     <span class='ocr_line' id='line_1_48' title="bbox 905 352 1688 388; baseline -0.001 -8"><span class='ocrx_word' id='word_1_380' title='bbox 905 357 984 380; x_wconf 82' lang='lat' dir='ltr'><strong>tuens</strong></span> <span class='ocrx_word' id='word_1_381' title='bbox 1000 354 1085 380; x_wconf 78' lang='lat' dir='ltr'><strong>lector</strong></span> <span class='ocrx_word' id='word_1_382' title='bbox 1104 354 1224 388; x_wconf 84' lang='lat' dir='ltr'><strong>episcopi</strong></span> <span class='ocrx_word' id='word_1_383' title='bbox 1242 352 1468 388; x_wconf 85' lang='lat' dir='ltr'><strong>indignationem,</strong></span> <span class='ocrx_word' id='word_1_384' title='bbox 1485 360 1534 379; x_wconf 88' lang='lat' dir='ltr'><strong>nec</strong></span> <span class='ocrx_word' id='word_1_385' title='bbox 1555 353 1688 387; x_wconf 81' lang='lat' dir='ltr'><strong>pudorem</strong></span> 
     </span>
    </p>
   </div>
   <div class='ocr_carea' id='block_1_49' title="bbox 906 399 1688 433">
    <p class='ocr_par' dir='ltr' id='par_1_49' title="bbox 906 399 1688 433">
     <span class='ocr_line' id='line_1_49' title="bbox 906 399 1688 433; baseline -0.003 -7"><span class='ocrx_word' id='word_1_386' title='bbox 906 399 995 426; x_wconf 75' lang='lat' dir='ltr'><strong>ferens</strong></span> <span class='ocrx_word' id='word_1_387' title='bbox 1008 420 1015 432; x_wconf 90' lang='lat'><strong>,</strong></span> <span class='ocrx_word' id='word_1_388' title='bbox 1032 399 1127 433; x_wconf 77' lang='lat' dir='ltr'><strong>puella:</strong></span> <span class='ocrx_word' id='word_1_389' title='bbox 1144 403 1241 426; x_wconf 80' lang='lat' dir='ltr'><strong>auetor</strong></span> <span class='ocrx_word' id='word_1_390' title='bbox 1261 399 1322 430; x_wconf 90' lang='lat' dir='ltr'><strong>fuit,</strong></span> <span class='ocrx_word' id='word_1_391' title='bbox 1341 402 1371 425; x_wconf 92' lang='lat' dir='ltr'><strong>ut</strong></span> <span class='ocrx_word' id='word_1_392' title='bbox 1399 399 1450 425; x_wconf 92' lang='lat' dir='ltr'><strong>hoc</strong></span> <span class='ocrx_word' id='word_1_393' title='bbox 1479 399 1582 425; x_wconf 89' lang='lat' dir='ltr'><strong>crimen</strong></span> <span class='ocrx_word' id='word_1_394' title='bbox 1608 404 1688 425; x_wconf 85' lang='lat' dir='ltr'><strong>servo</strong></span> 
     </span>
    </p>
   </div>
   <div class='ocr_carea' id='block_1_50' title="bbox 905 443 1688 479">
    <p class='ocr_par' dir='ltr' id='par_1_50' title="bbox 905 443 1688 479">
     <span class='ocr_line' id='line_1_50' title="bbox 905 443 1688 479; baseline 0 -9"><span class='ocrx_word' id='word_1_395' title='bbox 905 444 952 471; x_wconf 88' lang='lat' dir='ltr'><strong>Dei</strong></span> <span class='ocrx_word' id='word_1_396' title='bbox 967 445 1102 471; x_wconf 80' lang='lat' dir='ltr'><strong>Antiocho</strong></span> <span class='ocrx_word' id='word_1_397' title='bbox 1128 445 1290 475; x_wconf 80' lang='lat' dir='ltr'><strong>ascriberet,</strong></span> <span class='ocrx_word' id='word_1_398' title='bbox 1306 445 1349 471; x_wconf 93' lang='lat' dir='ltr'><strong>cui</strong></span> <span class='ocrx_word' id='word_1_399' title='bbox 1376 444 1520 479; x_wconf 86' lang='lat' dir='ltr'><strong>pollicetur</strong></span> <span class='ocrx_word' id='word_1_400' title='bbox 1546 443 1636 478; x_wconf 89' lang='lat' dir='ltr'><strong>puclla</strong></span> <span class='ocrx_word' id='word_1_401' title='bbox 1658 450 1688 470; x_wconf 91' lang='lat' dir='ltr'><strong>se</strong></span> 
     </span>
    </p>
   </div>
   <div class='ocr_carea' id='block_1_51' title="bbox 905 490 1688 524">
    <p class='ocr_par' dir='ltr' id='par_1_51' title="bbox 905 490 1688 524">
     <span class='ocr_line' id='line_1_51' title="bbox 905 490 1688 524; baseline -0.001 -8"><span class='ocrx_word' id='word_1_402' title='bbox 905 497 961 517; x_wconf 84' lang='lat' dir='ltr'><strong>rem</strong></span> <span class='ocrx_word' id='word_1_403' title='bbox 978 491 1106 517; x_wconf 88' lang='lat' dir='ltr'><strong>omnibus</strong></span> <span class='ocrx_word' id='word_1_404' title='bbox 1121 491 1158 517; x_wconf 81' lang='lat' dir='ltr'><strong>ita</strong></span> <span class='ocrx_word' id='word_1_405' title='bbox 1177 494 1360 517; x_wconf 72' lang='lat' dir='ltr'><strong>narraturum.</strong></span> <span class='ocrx_word' id='word_1_406' title='bbox 1376 490 1483 524; x_wconf 84' lang='lat' dir='ltr'><strong>Elapsis</strong></span> <span class='ocrx_word' id='word_1_407' title='bbox 1507 490 1688 524; x_wconf 78' lang='lat' dir='ltr'><strong>quadraginta</strong></span> 
     </span>
    </p>
   </div>
   <div class='ocr_carea' id='block_1_52' title="bbox 905 535 1688 570">
    <p class='ocr_par' dir='ltr' id='par_1_52' title="bbox 905 535 1688 570">
     <span class='ocr_line' id='line_1_52' title="bbox 905 535 1688 570; baseline -0.001 -8"><span class='ocrx_word' id='word_1_408' title='bbox 905 543 920 562; x_wconf 88' lang='lat' dir='ltr'><strong>a</strong></span> <span class='ocrx_word' id='word_1_409' title='bbox 934 536 1010 570; x_wconf 89' lang='lat' dir='ltr'><strong>pueri</strong></span> <span class='ocrx_word' id='word_1_410' title='bbox 1026 540 1087 563; x_wconf 93' lang='lat' dir='ltr'><strong>ortu</strong></span> <span class='ocrx_word' id='word_1_411' title='bbox 1102 536 1209 569; x_wconf 88' lang='lat' dir='ltr'><strong>diebus,</strong></span> <span class='ocrx_word' id='word_1_412' title='bbox 1223 536 1352 570; x_wconf 88' lang='lat' dir='ltr'><strong>episcopo</strong></span> <span class='ocrx_word' id='word_1_413' title='bbox 1366 536 1508 562; x_wconf 87' lang='lat' dir='ltr'><strong>innotuere</strong></span> <span class='ocrx_word' id='word_1_414' title='bbox 1527 543 1587 570; x_wconf 72' lang='lat' dir='ltr'><strong>quae</strong></span> <span class='ocrx_word' id='word_1_415' title='bbox 1610 535 1688 567; x_wconf 84' lang='lat' dir='ltr'><strong>puel-</strong></span> 
     </span>
    </p>
   </div>
   <div class='ocr_carea' id='block_1_53' title="bbox 906 581 1688 616">
    <p class='ocr_par' dir='ltr' id='par_1_53' title="bbox 906 581 1688 616">
     <span class='ocr_line' id='line_1_53' title="bbox 906 581 1688 616; baseline 0.001 -9"><span class='ocrx_word' id='word_1_416' title='bbox 906 581 957 608; x_wconf 86' lang='lat' dir='ltr'><strong>lam</strong></span> <span class='ocrx_word' id='word_1_417' title='bbox 975 582 1145 616; x_wconf 83' lang='lat' dir='ltr'><strong>spectabant.</strong></span> <span class='ocrx_word' id='word_1_418' title='bbox 1168 583 1292 609; x_wconf 80' lang='lat' dir='ltr'><strong>Accitam</strong></span> <span class='ocrx_word' id='word_1_419' title='bbox 1318 589 1377 608; x_wconf 83' lang='lat' dir='ltr'><strong>eam</strong></span> <span class='ocrx_word' id='word_1_420' title='bbox 1406 581 1552 616; x_wconf 86' lang='lat' dir='ltr'><strong>episcopus</strong></span> <span class='ocrx_word' id='word_1_421' title='bbox 1572 589 1688 616; x_wconf 87' lang='lat' dir='ltr'><strong>percon-</strong></span> 
     </span>
    </p>
   </div>
   <div class='ocr_carea' id='block_1_54' title="bbox 905 627 1688 663">
    <p class='ocr_par' dir='ltr' id='par_1_54' title="bbox 905 627 1688 663">
     <span class='ocr_line' id='line_1_54' title="bbox 905 627 1688 663; baseline 0.003 -11"><span class='ocrx_word' id='word_1_422' title='bbox 905 631 978 653; x_wconf 84' lang='lat' dir='ltr'><strong>tatur</strong></span> <span class='ocrx_word' id='word_1_423' title='bbox 1000 628 1156 663; x_wconf 77' lang='lat' dir='ltr'><strong>ingentibus</strong></span> <span class='ocrx_word' id='word_1_424' title='bbox 1173 627 1303 655; x_wconf 85' lang='lat' dir='ltr'><strong>adhibitis</strong></span> <span class='ocrx_word' id='word_1_425' title='bbox 1330 627 1422 658; x_wconf 87' lang='lat' dir='ltr'><strong>minis,</strong></span> <span class='ocrx_word' id='word_1_426' title='bbox 1442 628 1504 662; x_wconf 91' lang='lat' dir='ltr'><strong>quis</strong></span> <span class='ocrx_word' id='word_1_427' title='bbox 1523 632 1597 655; x_wconf 83' lang='lat' dir='ltr'><strong>esset</strong></span> <span class='ocrx_word' id='word_1_428' title='bbox 1619 628 1688 654; x_wconf 77' lang='lat' dir='ltr'><strong>faci-</strong></span> 
     </span>
    </p>
   </div>
   <div class='ocr_carea' id='block_1_55' title="bbox 904 672 1689 708">
    <p class='ocr_par' dir='ltr' id='par_1_55' title="bbox 904 672 1689 708">
     <span class='ocr_line' id='line_1_55' title="bbox 904 672 1689 708; baseline 0.003 -9"><span class='ocrx_word' id='word_1_429' title='bbox 904 673 980 699; x_wconf 88' lang='lat' dir='ltr'><strong>noris</strong></span> <span class='ocrx_word' id='word_1_430' title='bbox 998 678 1104 700; x_wconf 84' lang='lat' dir='ltr'><strong>auctor.</strong></span> <span class='ocrx_word' id='word_1_431' title='bbox 1122 672 1274 708; x_wconf 78' lang='lat' dir='ltr'><strong>Respondit</strong></span> <span class='ocrx_word' id='word_1_432' title='bbox 1293 673 1338 700; x_wconf 84' lang='lat' dir='ltr'><strong>illa</strong></span> <span class='ocrx_word' id='word_1_433' title='bbox 1362 673 1525 700; x_wconf 78' lang='lat' dir='ltr'><strong>Antiochum</strong></span> <span class='ocrx_word' id='word_1_434' title='bbox 1546 682 1607 701; x_wconf 76' lang='lat' dir='ltr'><strong>esse</strong></span> <span class='ocrx_word' id='word_1_435' title='bbox 1629 682 1689 701; x_wconf 87' lang='lat' dir='ltr'><strong>mo-</strong></span> 
     </span>
    </p>
   </div>
   <div class='ocr_carea' id='block_1_56' title="bbox 905 719 1687 754">
    <p class='ocr_par' dir='ltr' id='par_1_56' title="bbox 905 719 1687 754">
     <span class='ocr_line' id='line_1_56' title="bbox 905 719 1687 754; baseline 0.001 -9"><span class='ocrx_word' id='word_1_436' title='bbox 905 719 1033 750; x_wconf 82' lang='lat' dir='ltr'><strong>nachum,</strong></span> <span class='ocrx_word' id='word_1_437' title='bbox 1047 719 1104 754; x_wconf 93' lang='lat' dir='ltr'><strong>qui,</strong></span> <span class='ocrx_word' id='word_1_438' title='bbox 1122 719 1219 754; x_wconf 87' lang='lat' dir='ltr'><strong>inquit,</strong></span> <span class='ocrx_word' id='word_1_439' title='bbox 1237 720 1365 754; x_wconf 81' lang='lat' dir='ltr'><strong>frequens</strong></span> <span class='ocrx_word' id='word_1_440' title='bbox 1377 719 1449 754; x_wconf 86' lang='lat' dir='ltr'><strong>apud</strong></span> <span class='ocrx_word' id='word_1_441' title='bbox 1464 727 1513 747; x_wconf 90' lang='lat' dir='ltr'><strong>nos</strong></span> <span class='ocrx_word' id='word_1_442' title='bbox 1523 720 1687 747; x_wconf 79' lang='lat' dir='ltr'><strong>diversatur.</strong></span> 
     </span>
    </p>
   </div>
   <div class='ocr_carea' id='block_1_57' title="bbox 904 764 1690 800">
    <p class='ocr_par' dir='ltr' id='par_1_57' title="bbox 904 764 1690 800">
     <span class='ocr_line' id='line_1_57' title="bbox 904 764 1690 800; baseline 0.003 -10"><span class='ocrx_word' id='word_1_443' title='bbox 904 764 1026 791; x_wconf 83' lang='lat' dir='ltr'><strong>Credidit</strong></span> <span class='ocrx_word' id='word_1_444' title='bbox 1055 765 1212 799; x_wconf 83' lang='lat' dir='ltr'><strong>episcopus,</strong></span> <span class='ocrx_word' id='word_1_445' title='bbox 1224 769 1250 792; x_wconf 90' lang='lat' dir='ltr'><strong>et</strong></span> <span class='ocrx_word' id='word_1_446' title='bbox 1274 765 1320 800; x_wconf 90' lang='lat' dir='ltr'><strong>qui</strong></span> <span class='ocrx_word' id='word_1_447' title='bbox 1339 766 1451 792; x_wconf 83' lang='lat' dir='ltr'><strong>aderant</strong></span> <span class='ocrx_word' id='word_1_448' title='bbox 1479 766 1610 797; x_wconf 86' lang='lat' dir='ltr'><strong>universi,</strong></span> <span class='ocrx_word' id='word_1_449' title='bbox 1632 773 1690 792; x_wconf 88' lang='lat' dir='ltr'><strong>ma-</strong></span> 
     </span>
    </p>
   </div>
   <div class='ocr_carea' id='block_1_58' title="bbox 905 811 1690 846">
    <p class='ocr_par' dir='ltr' id='par_1_58' title="bbox 905 811 1690 846">
     <span class='ocr_line' id='line_1_58' title="bbox 905 811 1690 846; baseline 0.003 -9"><span class='ocrx_word' id='word_1_450' title='bbox 905 818 1012 845; x_wconf 82' lang='lat' dir='ltr'><strong>gnaque</strong></span> <span class='ocrx_word' id='word_1_451' title='bbox 1027 811 1213 846; x_wconf 74' lang='lat' dir='ltr'><strong>indignatione</strong></span> <span class='ocrx_word' id='word_1_452' title='bbox 1233 817 1382 846; x_wconf 83' lang='lat' dir='ltr'><strong>permotus,</strong></span> <span class='ocrx_word' id='word_1_453' title='bbox 1397 813 1478 838; x_wconf 88' lang='lat' dir='ltr'><strong>mittit</strong></span> <span class='ocrx_word' id='word_1_454' title='bbox 1508 814 1535 839; x_wconf 90' lang='lat' dir='ltr'><strong>in</strong></span> <span class='ocrx_word' id='word_1_455' title='bbox 1551 817 1690 839; x_wconf 86' lang='lat' dir='ltr'><strong>monaste-</strong></span> 
     </span>
    </p>
   </div>
   <div class='ocr_carea' id='block_1_59' title="bbox 907 856 1690 891">
    <p class='ocr_par' dir='ltr' id='par_1_59' title="bbox 907 856 1690 891">
     <span class='ocr_line' id='line_1_59' title="bbox 907 856 1690 891; baseline 0 -9"><span class='ocrx_word' id='word_1_456' title='bbox 907 856 976 883; x_wconf 87' lang='lat' dir='ltr'><strong>rium</strong></span> <span class='ocrx_word' id='word_1_457' title='bbox 992 857 1037 891; x_wconf 90' lang='lat' dir='ltr'><strong>qui</strong></span> <span class='ocrx_word' id='word_1_458' title='bbox 1055 864 1165 884; x_wconf 90' lang='lat' dir='ltr'><strong>servum</strong></span> <span class='ocrx_word' id='word_1_459' title='bbox 1176 856 1223 884; x_wconf 91' lang='lat' dir='ltr'><strong>Dei</strong></span> <span class='ocrx_word' id='word_1_460' title='bbox 1236 856 1381 883; x_wconf 84' lang='lat' dir='ltr'><strong>adducant.</strong></span> <span class='ocrx_word' id='word_1_461' title='bbox 1407 856 1543 891; x_wconf 83' lang='lat' dir='ltr'><strong>Ingressis</strong></span> <span class='ocrx_word' id='word_1_462' title='bbox 1557 856 1611 883; x_wconf 89' lang='lat' dir='ltr'><strong>illis</strong></span> <span class='ocrx_word' id='word_1_463' title='bbox 1626 864 1690 883; x_wconf 91' lang='lat' dir='ltr'><strong>cum</strong></span> 
     </span>
    </p>
   </div>
   <div class='ocr_carea' id='block_1_60' title="bbox 906 901 1690 934">
    <p class='ocr_par' dir='ltr' id='par_1_60' title="bbox 906 901 1690 934">
     <span class='ocr_line' id='line_1_60' title="bbox 906 901 1690 934; baseline -0.001 -5"><span class='ocrx_word' id='word_1_464' title='bbox 906 909 938 929; x_wconf 87' lang='lat' dir='ltr'><strong>eo</strong></span> <span class='ocrx_word' id='word_1_465' title='bbox 953 903 980 930; x_wconf 90' lang='lat' dir='ltr'><strong>in</strong></span> <span class='ocrx_word' id='word_1_466' title='bbox 996 903 1144 934; x_wconf 83' lang='lat' dir='ltr'><strong>civitatem,</strong></span> <span class='ocrx_word' id='word_1_467' title='bbox 1157 902 1228 928; x_wconf 88' lang='lat' dir='ltr'><strong>alius</strong></span> <span class='ocrx_word' id='word_1_468' title='bbox 1237 909 1299 928; x_wconf 90' lang='lat' dir='ltr'><strong>eum</strong></span> <span class='ocrx_word' id='word_1_469' title='bbox 1312 902 1475 929; x_wconf 86' lang='lat' dir='ltr'><strong>contumelia</strong></span> <span class='ocrx_word' id='word_1_470' title='bbox 1491 901 1606 933; x_wconf 86' lang='lat' dir='ltr'><strong>allicere,</strong></span> <span class='ocrx_word' id='word_1_471' title='bbox 1619 901 1690 928; x_wconf 84' lang='lat' dir='ltr'><strong>alius</strong></span> 
     </span>
    </p>
   </div>
   <div class='ocr_carea' id='block_1_61' title="bbox 905 947 1689 983">
    <p class='ocr_par' dir='ltr' id='par_1_61' title="bbox 905 947 1689 983">
     <span class='ocr_line' id='line_1_61' title="bbox 905 947 1689 983; baseline -0.004 -7"><span class='ocrx_word' id='word_1_472' title='bbox 905 949 933 976; x_wconf 88' lang='lat' dir='ltr'><strong>in</strong></span> <span class='ocrx_word' id='word_1_473' title='bbox 948 949 1023 976; x_wconf 92' lang='lat' dir='ltr'><strong>illum</strong></span> <span class='ocrx_word' id='word_1_474' title='bbox 1039 956 1147 983; x_wconf 85' lang='lat' dir='ltr'><strong>spuere,</strong></span> <span class='ocrx_word' id='word_1_475' title='bbox 1161 948 1269 982; x_wconf 87' lang='lat' dir='ltr'><strong>probris</strong></span> <span class='ocrx_word' id='word_1_476' title='bbox 1285 948 1356 975; x_wconf 88' lang='lat' dir='ltr'><strong>alius</strong></span> <span class='ocrx_word' id='word_1_477' title='bbox 1380 955 1506 975; x_wconf 87' lang='lat' dir='ltr'><strong>onerare.</strong></span> <span class='ocrx_word' id='word_1_478' title='bbox 1533 947 1627 974; x_wconf 85' lang='lat' dir='ltr'><strong>Astitit</strong></span> <span class='ocrx_word' id='word_1_479' title='bbox 1640 954 1689 973; x_wconf 88' lang='lat' dir='ltr'><strong>au-</strong></span> 
     </span>
    </p>
   </div>
   <div class='ocr_carea' id='block_1_62' title="bbox 906 993 1688 1027">
    <p class='ocr_par' dir='ltr' id='par_1_62' title="bbox 906 993 1688 1027">
     <span class='ocr_line' id='line_1_62' title="bbox 906 993 1688 1027; baseline -0.003 -7"><span class='ocrx_word' id='word_1_480' title='bbox 906 999 958 1021; x_wconf 90' lang='lat' dir='ltr'><strong>tem</strong></span> <span class='ocrx_word' id='word_1_481' title='bbox 975 994 1020 1021; x_wconf 89' lang='lat' dir='ltr'><strong>ille</strong></span> <span class='ocrx_word' id='word_1_482' title='bbox 1035 1001 1129 1020; x_wconf 89' lang='lat' dir='ltr'><strong>coram</strong></span> <span class='ocrx_word' id='word_1_483' title='bbox 1145 993 1284 1027; x_wconf 84' lang='lat' dir='ltr'><strong>episcopo,</strong></span> <span class='ocrx_word' id='word_1_484' title='bbox 1301 997 1327 1020; x_wconf 85' lang='lat' dir='ltr'><strong>et</strong></span> <span class='ocrx_word' id='word_1_485' title='bbox 1343 993 1525 1027; x_wconf 76' lang='lat' dir='ltr'><strong>interrogatus</strong></span> <span class='ocrx_word' id='word_1_486' title='bbox 1540 993 1573 1019; x_wconf 88' lang='lat' dir='ltr'><strong>de</strong></span> <span class='ocrx_word' id='word_1_487' title='bbox 1588 993 1688 1027; x_wconf 83' lang='lat' dir='ltr'><strong>puclla,</strong></span> 
     </span>
    </p>
   </div>
   <div class='ocr_carea' id='block_1_63' title="bbox 905 1038 1688 1071">
    <p class='ocr_par' dir='ltr' id='par_1_63' title="bbox 905 1038 1688 1071">
     <span class='ocr_line' id='line_1_63' title="bbox 905 1038 1688 1071; baseline -0.004 -3"><span class='ocrx_word' id='word_1_488' title='bbox 905 1044 931 1068; x_wconf 91' lang='lat' dir='ltr'><strong>et</strong></span> <span class='ocrx_word' id='word_1_489' title='bbox 947 1041 980 1068; x_wconf 86' lang='lat' dir='ltr'><strong>de</strong></span> <span class='ocrx_word' id='word_1_490' title='bbox 990 1047 1057 1067; x_wconf 88' lang='lat' dir='ltr'><strong>casu</strong></span> <span class='ocrx_word' id='word_1_491' title='bbox 1069 1040 1132 1071; x_wconf 84' lang='lat' dir='ltr'><strong>isto.</strong></span> <span class='ocrx_word' id='word_1_492' title='bbox 1145 1040 1182 1066; x_wconf 84' lang='lat' dir='ltr'><strong>ait</strong></span> <span class='ocrx_word' id='word_1_493' title='bbox 1195 1040 1346 1067; x_wconf 86' lang='lat' dir='ltr'><strong>Antiochus</strong></span> <span class='ocrx_word' id='word_1_494' title='bbox 1361 1049 1367 1066; x_wconf 91' lang='lat'>:</span> <span class='ocrx_word' id='word_1_495' title='bbox 1380 1038 1408 1066; x_wconf 92' lang='lat' dir='ltr'><strong>Si</strong></span> <span class='ocrx_word' id='word_1_496' title='bbox 1425 1040 1566 1066; x_wconf 77' lang='lat' dir='ltr'><strong>veritatem</strong></span> <span class='ocrx_word' id='word_1_497' title='bbox 1582 1039 1688 1071; x_wconf 80' lang='lat' dir='ltr'><strong>dixero,</strong></span> 
     </span>
    </p>
   </div>
   <div class='ocr_carea' id='block_1_64' title="bbox 905 1087 1690 1114">
    <p class='ocr_par' dir='ltr' id='par_1_64' title="bbox 905 1087 1690 1114">
     <span class='ocr_line' id='line_1_64' title="bbox 905 1087 1690 1114; baseline 0 0"><span class='ocrx_word' id='word_1_498' title='bbox 905 1087 1012 1114; x_wconf 82' lang='lat' dir='ltr'><strong>veritati</strong></span> <span class='ocrx_word' id='word_1_499' title='bbox 1029 1094 1094 1114; x_wconf 70' lang='lat' dir='ltr'><strong>meae</strong></span> <span class='ocrx_word' id='word_1_500' title='bbox 1108 1095 1123 1114; x_wconf 89' lang='lat' dir='ltr'><strong>a</strong></span> <span class='ocrx_word' id='word_1_501' title='bbox 1139 1088 1280 1114; x_wconf 88' lang='lat' dir='ltr'><strong>mendacio</strong></span> <span class='ocrx_word' id='word_1_502' title='bbox 1299 1093 1390 1114; x_wconf 84' lang='lat' dir='ltr'><strong>vestro</strong></span> <span class='ocrx_word' id='word_1_503' title='bbox 1404 1087 1515 1114; x_wconf 86' lang='lat' dir='ltr'><strong>minime</strong></span> <span class='ocrx_word' id='word_1_504' title='bbox 1532 1087 1598 1114; x_wconf 91' lang='lat' dir='ltr'><strong>lidcs</strong></span> <span class='ocrx_word' id='word_1_505' title='bbox 1610 1087 1690 1114; x_wconf 82' lang='lat' dir='ltr'><strong>hahe-</strong></span> 
     </span>
    </p>
   </div>
   <div class='ocr_carea' id='block_1_65' title="bbox 905 1133 1690 1168">
    <p class='ocr_par' dir='ltr' id='par_1_65' title="bbox 905 1133 1690 1168">
     <span class='ocr_line' id='line_1_65' title="bbox 905 1133 1690 1168; baseline -0.001 -8"><span class='ocrx_word' id='word_1_506' title='bbox 905 1134 990 1161; x_wconf 85' lang='lat' dir='ltr'><strong>hitur.</strong></span> <span class='ocrx_word' id='word_1_507' title='bbox 1005 1133 1050 1165; x_wconf 87' lang='lat' dir='ltr'><strong>At,</strong></span> <span class='ocrx_word' id='word_1_508' title='bbox 1068 1137 1201 1168; x_wconf 77' lang='lat' dir='ltr'><strong>praesente</strong></span> <span class='ocrx_word' id='word_1_509' title='bbox 1230 1137 1287 1160; x_wconf 82' lang='lat' dir='ltr'><strong>tota</strong></span> <span class='ocrx_word' id='word_1_510' title='bbox 1311 1133 1400 1166; x_wconf 87' lang='lat' dir='ltr'><strong>turba,</strong></span> <span class='ocrx_word' id='word_1_511' title='bbox 1426 1133 1462 1159; x_wconf 88' lang='lat' dir='ltr'><strong>ait</strong></span> <span class='ocrx_word' id='word_1_512' title='bbox 1482 1140 1542 1159; x_wconf 93' lang='lat' dir='ltr'><strong>cum</strong></span> <span class='ocrx_word' id='word_1_513' title='bbox 1570 1133 1690 1160; x_wconf 86' lang='lat' dir='ltr'><strong>clamore</strong></span> 
     </span>
    </p>
   </div>
   <div class='ocr_carea' id='block_1_66' title="bbox 905 1177 1690 1213">
    <p class='ocr_par' dir='ltr' id='par_1_66' title="bbox 905 1177 1690 1213">
     <span class='ocr_line' id='line_1_66' title="bbox 905 1177 1690 1213; baseline 0 -9"><span class='ocrx_word' id='word_1_514' title='bbox 905 1177 1019 1212; x_wconf 87' lang='lat' dir='ltr'><strong>puella:</strong></span> <span class='ocrx_word' id='word_1_515' title='bbox 1037 1177 1108 1209; x_wconf 87' lang='lat' dir='ltr'><strong>Quid</strong></span> <span class='ocrx_word' id='word_1_516' title='bbox 1131 1177 1182 1204; x_wconf 91' lang='lat' dir='ltr'><strong>tibi</strong></span> <span class='ocrx_word' id='word_1_517' title='bbox 1202 1177 1348 1204; x_wconf 90' lang='lat' dir='ltr'><strong>dicendum</strong></span> <span class='ocrx_word' id='word_1_518' title='bbox 1378 1178 1517 1212; x_wconf 83' lang='lat' dir='ltr'><strong>superest?</strong></span> <span class='ocrx_word' id='word_1_519' title='bbox 1533 1185 1587 1204; x_wconf 94' lang='lat' dir='ltr'><strong>non</strong></span> <span class='ocrx_word' id='word_1_520' title='bbox 1612 1181 1690 1213; x_wconf 85' lang='lat' dir='ltr'><strong>potes</strong></span> 
     </span>
    </p>
   </div>
   <div class='ocr_carea' id='block_1_67' title="bbox 906 1224 1690 1259">
    <p class='ocr_par' dir='ltr' id='par_1_67' title="bbox 906 1224 1690 1259">
     <span class='ocr_line' id='line_1_67' title="bbox 906 1224 1690 1259; baseline 0.003 -10"><span class='ocrx_word' id='word_1_521' title='bbox 906 1230 963 1250; x_wconf 85' lang='lat' dir='ltr'><strong>rem</strong></span> <span class='ocrx_word' id='word_1_522' title='bbox 979 1231 1077 1258; x_wconf 77' lang='lat' dir='ltr'><strong>negare</strong></span> <span class='ocrx_word' id='word_1_523' title='bbox 1093 1231 1099 1249; x_wconf 88' lang='lat'><strong>:</strong></span> <span class='ocrx_word' id='word_1_524' title='bbox 1118 1231 1132 1250; x_wconf 87' lang='lat' dir='ltr'><strong>a</strong></span> <span class='ocrx_word' id='word_1_525' title='bbox 1149 1227 1175 1251; x_wconf 88' lang='lat' dir='ltr'><strong>te</strong></span> <span class='ocrx_word' id='word_1_526' title='bbox 1190 1231 1307 1258; x_wconf 88' lang='lat' dir='ltr'><strong>namque</strong></span> <span class='ocrx_word' id='word_1_527' title='bbox 1319 1224 1427 1258; x_wconf 79' lang='lat' dir='ltr'><strong>genitus</strong></span> <span class='ocrx_word' id='word_1_528' title='bbox 1445 1231 1511 1258; x_wconf 88' lang='lat' dir='ltr'><strong>puer</strong></span> <span class='ocrx_word' id='word_1_529' title='bbox 1520 1228 1562 1251; x_wconf 88' lang='lat' dir='ltr'><strong>est</strong></span> <span class='ocrx_word' id='word_1_530' title='bbox 1576 1233 1583 1251; x_wconf 72' lang='grc' dir='ltr'><strong>τ</strong></span> <span class='ocrx_word' id='word_1_531' title='bbox 1596 1224 1690 1259; x_wconf 80' lang='lat' dir='ltr'><strong>ecqui-</strong></span> 
     </span>
    </p>
   </div>
   <div class='ocr_carea' id='block_1_68' title="bbox 906 1266 1693 1305">
    <p class='ocr_par' dir='ltr' id='par_1_68' title="bbox 906 1266 1693 1305">
     <span class='ocr_line' id='line_1_68' title="bbox 906 1266 1693 1305; baseline 0.004 -10"><span class='ocrx_word' id='word_1_532' title='bbox 906 1277 969 1296; x_wconf 88' lang='lat' dir='ltr'><strong>nam</strong></span> <span class='ocrx_word' id='word_1_533' title='bbox 985 1269 1031 1296; x_wconf 87' lang='lat' dir='ltr'><strong>ille</strong></span> <span class='ocrx_word' id='word_1_534' title='bbox 1042 1270 1147 1304; x_wconf 86' lang='lat' dir='ltr'><strong>pudor?</strong></span> <span class='ocrx_word' id='word_1_535' title='bbox 1164 1270 1248 1298; x_wconf 86' lang='lat' dir='ltr'><strong>fatere</strong></span> <span class='ocrx_word' id='word_1_536' title='bbox 1259 1271 1399 1298; x_wconf 85' lang='lat' dir='ltr'><strong>delictum.</strong></span> <span class='ocrx_word' id='word_1_537' title='bbox 1415 1270 1493 1297; x_wconf 91' lang='lat' dir='ltr'><strong>Tunc</strong></span> <span class='ocrx_word' id='word_1_538' title='bbox 1506 1266 1693 1305; x_wconf 73' lang='lat' dir='ltr'><strong>ingemiscens</strong></span> 
     </span>
    </p>
   </div>
   <div class='ocr_carea' id='block_1_69' title="bbox 906 1314 1689 1350">
    <p class='ocr_par' dir='ltr' id='par_1_69' title="bbox 906 1314 1689 1350">
     <span class='ocr_line' id='line_1_69' title="bbox 906 1314 1689 1350; baseline 0 -9"><span class='ocrx_word' id='word_1_539' title='bbox 906 1322 1002 1341; x_wconf 83' lang='lat' dir='ltr'><strong>servus</strong></span> <span class='ocrx_word' id='word_1_540' title='bbox 1019 1314 1065 1342; x_wconf 93' lang='lat' dir='ltr'><strong>Dei</strong></span> <span class='ocrx_word' id='word_1_541' title='bbox 1082 1315 1234 1343; x_wconf 80' lang='lat' dir='ltr'><strong>Antiochus</strong></span> <span class='ocrx_word' id='word_1_542' title='bbox 1250 1324 1256 1341; x_wconf 90' lang='lat'><strong>:</strong></span> <span class='ocrx_word' id='word_1_543' title='bbox 1276 1314 1341 1342; x_wconf 82' lang='lat' dir='ltr'><strong>Date</strong></span> <span class='ocrx_word' id='word_1_544' title='bbox 1359 1315 1436 1346; x_wconf 92' lang='lat' dir='ltr'><strong>mihi,</strong></span> <span class='ocrx_word' id='word_1_545' title='bbox 1451 1315 1548 1350; x_wconf 83' lang='lat' dir='ltr'><strong>inquit,</strong></span> <span class='ocrx_word' id='word_1_546' title='bbox 1564 1323 1689 1349; x_wconf 82' lang='lat' dir='ltr'><strong>puerum,</strong></span> 
     </span>
    </p>
   </div>
   <div class='ocr_carea' id='block_1_70' title="bbox 906 1360 1691 1396">
    <p class='ocr_par' dir='ltr' id='par_1_70' title="bbox 906 1360 1691 1396">
     <span class='ocr_line' id='line_1_70' title="bbox 906 1360 1691 1396; baseline 0.001 -9"><span class='ocrx_word' id='word_1_547' title='bbox 906 1364 937 1387; x_wconf 90' lang='lat' dir='ltr'><strong>ut</strong></span> <span class='ocrx_word' id='word_1_548' title='bbox 950 1360 1057 1387; x_wconf 85' lang='lat' dir='ltr'><strong>videam</strong></span> <span class='ocrx_word' id='word_1_549' title='bbox 1075 1368 1138 1387; x_wconf 94' lang='lat' dir='ltr'><strong>num</strong></span> <span class='ocrx_word' id='word_1_550' title='bbox 1155 1368 1170 1387; x_wconf 88' lang='lat' dir='ltr'><strong>a</strong></span> <span class='ocrx_word' id='word_1_551' title='bbox 1184 1369 1227 1389; x_wconf 86' lang='lat' dir='ltr'><strong>me</strong></span> <span class='ocrx_word' id='word_1_552' title='bbox 1242 1362 1278 1389; x_wconf 86' lang='lat' dir='ltr'><strong>sit</strong></span> <span class='ocrx_word' id='word_1_553' title='bbox 1298 1361 1416 1396; x_wconf 71' lang='lat' dir='ltr'><strong>genitus.</strong></span> <span class='ocrx_word' id='word_1_554' title='bbox 1433 1361 1599 1396; x_wconf 87' lang='lat' dir='ltr'><strong>Accepitque</strong></span> <span class='ocrx_word' id='word_1_555' title='bbox 1626 1369 1691 1396; x_wconf 86' lang='lat' dir='ltr'><strong>puc-</strong></span> 
     </span>
    </p>
   </div>
   <div class='ocr_carea' id='block_1_71' title="bbox 906 1406 1690 1442">
    <p class='ocr_par' dir='ltr' id='par_1_71' title="bbox 906 1406 1690 1442">
     <span class='ocr_line' id='line_1_71' title="bbox 906 1406 1690 1442; baseline 0.003 -10"><span class='ocrx_word' id='word_1_556' title='bbox 906 1414 967 1432; x_wconf 91' lang='lat' dir='ltr'><strong>rum</strong></span> <span class='ocrx_word' id='word_1_557' title='bbox 980 1406 1026 1440; x_wconf 90' lang='lat' dir='ltr'><strong>qui</strong></span> <span class='ocrx_word' id='word_1_558' title='bbox 1040 1406 1220 1441; x_wconf 81' lang='lat' dir='ltr'><strong>quadraginta</strong></span> <span class='ocrx_word' id='word_1_559' title='bbox 1235 1406 1342 1433; x_wconf 90' lang='lat' dir='ltr'><strong>dierum</strong></span> <span class='ocrx_word' id='word_1_560' title='bbox 1362 1410 1431 1438; x_wconf 85' lang='lat' dir='ltr'><strong>erat,</strong></span> <span class='ocrx_word' id='word_1_561' title='bbox 1446 1411 1472 1433; x_wconf 88' lang='lat' dir='ltr'><strong>et</strong></span> <span class='ocrx_word' id='word_1_562' title='bbox 1487 1415 1548 1434; x_wconf 91' lang='lat' dir='ltr'><strong>cum</strong></span> <span class='ocrx_word' id='word_1_563' title='bbox 1565 1416 1620 1442; x_wconf 65' lang='lat' dir='ltr'><strong>prae</strong></span> <span class='ocrx_word' id='word_1_564' title='bbox 1633 1415 1690 1434; x_wconf 86' lang='lat' dir='ltr'><strong>ma-</strong></span> 
     </span>
    </p>
   </div>
   <div class='ocr_carea' id='block_1_72' title="bbox 907 1451 1690 1485">
    <p class='ocr_par' dir='ltr' id='par_1_72' title="bbox 907 1451 1690 1485">
     <span class='ocr_line' id='line_1_72' title="bbox 907 1451 1690 1485; baseline 0.003 -7"><span class='ocrx_word' id='word_1_565' title='bbox 907 1451 988 1479; x_wconf 89' lang='lat' dir='ltr'><strong>nibus</strong></span> <span class='ocrx_word' id='word_1_566' title='bbox 1004 1455 1107 1479; x_wconf 88' lang='lat' dir='ltr'><strong>teneret</strong></span> <span class='ocrx_word' id='word_1_567' title='bbox 1122 1459 1195 1485; x_wconf 87' lang='lat' dir='ltr'><strong>eum,</strong></span> <span class='ocrx_word' id='word_1_568' title='bbox 1215 1459 1278 1479; x_wconf 87' lang='lat' dir='ltr'><strong>cum</strong></span> <span class='ocrx_word' id='word_1_569' title='bbox 1294 1452 1327 1478; x_wconf 92' lang='lat' dir='ltr'><strong>ad</strong></span> <span class='ocrx_word' id='word_1_570' title='bbox 1342 1453 1440 1479; x_wconf 70' lang='lat' dir='ltr'><strong>coelum</strong></span> <span class='ocrx_word' id='word_1_571' title='bbox 1454 1453 1549 1479; x_wconf 89' lang='lat' dir='ltr'><strong>oculos</strong></span> <span class='ocrx_word' id='word_1_572' title='bbox 1563 1453 1690 1485; x_wconf 80' lang='lat' dir='ltr'><strong>levasset,</strong></span> 
     </span>
    </p>
   </div>
   <div class='ocr_carea' id='block_1_73' title="bbox 907 1498 1691 1533">
    <p class='ocr_par' dir='ltr' id='par_1_73' title="bbox 907 1498 1691 1533">
     <span class='ocr_line' id='line_1_73' title="bbox 907 1498 1691 1533; baseline 0.001 -8"><span class='ocrx_word' id='word_1_573' title='bbox 907 1498 945 1525; x_wconf 88' lang='lat' dir='ltr'><strong>ait</strong></span> <span class='ocrx_word' id='word_1_574' title='bbox 955 1506 1040 1533; x_wconf 88' lang='lat' dir='ltr'><strong>puero</strong></span> <span class='ocrx_word' id='word_1_575' title='bbox 1059 1498 1109 1526; x_wconf 90' lang='lat' dir='ltr'><strong>:ln</strong></span> <span class='ocrx_word' id='word_1_576' title='bbox 1133 1499 1244 1526; x_wconf 84' lang='lat' dir='ltr'><strong>nomine</strong></span> <span class='ocrx_word' id='word_1_577' title='bbox 1266 1498 1372 1525; x_wconf 87' lang='lat' dir='ltr'><strong>Domini</strong></span> <span class='ocrx_word' id='word_1_578' title='bbox 1396 1498 1480 1526; x_wconf 90' lang='lat' dir='ltr'><strong>dicito</strong></span> <span class='ocrx_word' id='word_1_579' title='bbox 1503 1507 1580 1533; x_wconf 85' lang='lat' dir='ltr'><strong>puer,</strong></span> <span class='ocrx_word' id='word_1_580' title='bbox 1595 1507 1659 1526; x_wconf 88' lang='lat' dir='ltr'><strong>num</strong></span> <span class='ocrx_word' id='word_1_581' title='bbox 1676 1507 1691 1526; x_wconf 89' lang='lat' dir='ltr'><strong>a</strong></span> 
     </span>
    </p>
   </div>
   <div class='ocr_carea' id='block_1_74' title="bbox 907 1544 1692 1580">
    <p class='ocr_par' dir='ltr' id='par_1_74' title="bbox 907 1544 1692 1580">
     <span class='ocr_line' id='line_1_74' title="bbox 907 1544 1692 1580; baseline 0 -9"><span class='ocrx_word' id='word_1_582' title='bbox 907 1553 950 1572; x_wconf 91' lang='lat' dir='ltr'><strong>me</strong></span> <span class='ocrx_word' id='word_1_583' title='bbox 964 1545 1072 1580; x_wconf 81' lang='lat' dir='ltr'><strong>genitus</strong></span> <span class='ocrx_word' id='word_1_584' title='bbox 1095 1545 1144 1572; x_wconf 89' lang='lat' dir='ltr'><strong>sis.</strong></span> <span class='ocrx_word' id='word_1_585' title='bbox 1163 1544 1244 1577; x_wconf 87' lang='lat' dir='ltr'><strong>Tum,</strong></span> <span class='ocrx_word' id='word_1_586' title='bbox 1260 1552 1308 1578; x_wconf 90' lang='lat' dir='ltr'><strong>per</strong></span> <span class='ocrx_word' id='word_1_587' title='bbox 1334 1544 1381 1572; x_wconf 87' lang='lat' dir='ltr'><strong>Dei</strong></span> <span class='ocrx_word' id='word_1_588' title='bbox 1403 1545 1529 1580; x_wconf 81' lang='lat' dir='ltr'><strong>gratiam,</strong></span> <span class='ocrx_word' id='word_1_589' title='bbox 1556 1545 1692 1572; x_wconf 82' lang='lat' dir='ltr'><strong>exclamat</strong></span> 
     </span>
    </p>
   </div>
   <div class='ocr_carea' id='block_1_75' title="bbox 909 1589 1688 1626">
    <p class='ocr_par' dir='ltr' id='par_1_75' title="bbox 909 1589 1688 1626">
     <span class='ocr_line' id='line_1_75' title="bbox 909 1589 1688 1626; baseline 0 -8"><span class='ocrx_word' id='word_1_590' title='bbox 909 1599 975 1626; x_wconf 90' lang='lat' dir='ltr'><strong>puer</strong></span> <span class='ocrx_word' id='word_1_591' title='bbox 991 1599 1057 1618; x_wconf 89' lang='lat' dir='ltr'><strong>voce</strong></span> <span class='ocrx_word' id='word_1_592' title='bbox 1077 1598 1195 1626; x_wconf 81' lang='lat' dir='ltr'><strong>magna:</strong></span> <span class='ocrx_word' id='word_1_593' title='bbox 1214 1589 1401 1625; x_wconf 84' lang='lat' dir='ltr'><strong>Nequaquam,</strong></span> <span class='ocrx_word' id='word_1_594' title='bbox 1423 1590 1470 1618; x_wconf 91' lang='lat' dir='ltr'><strong>Dei</strong></span> <span class='ocrx_word' id='word_1_595' title='bbox 1496 1599 1585 1623; x_wconf 76' lang='lat' dir='ltr'><strong>serve,</strong></span> <span class='ocrx_word' id='word_1_596' title='bbox 1602 1599 1688 1625; x_wconf 85' lang='lat' dir='ltr'><strong>purus</strong></span> 
     </span>
    </p>
   </div>
   <div class='ocr_carea' id='block_1_76' title="bbox 909 1635 1689 1668">
    <p class='ocr_par' dir='ltr' id='par_1_76' title="bbox 909 1635 1689 1668">
     <span class='ocr_line' id='line_1_76' title="bbox 909 1635 1689 1668; baseline -0.001 -4"><span class='ocrx_word' id='word_1_597' title='bbox 909 1641 937 1664; x_wconf 91' lang='lat' dir='ltr'><strong>tu</strong></span> <span class='ocrx_word' id='word_1_598' title='bbox 950 1644 980 1664; x_wconf 88' lang='lat' dir='ltr'><strong>es</strong></span> <span class='ocrx_word' id='word_1_599' title='bbox 991 1644 1084 1664; x_wconf 87' lang='lat' dir='ltr'><strong>coram</strong></span> <span class='ocrx_word' id='word_1_600' title='bbox 1100 1635 1165 1664; x_wconf 88' lang='lat' dir='ltr'><strong>Deo.</strong></span> <span class='ocrx_word' id='word_1_601' title='bbox 1178 1635 1230 1668; x_wconf 84' lang='lat' dir='ltr'><strong>Qui</strong></span> <span class='ocrx_word' id='word_1_602' title='bbox 1243 1643 1308 1663; x_wconf 89' lang='lat' dir='ltr'><strong>vero</strong></span> <span class='ocrx_word' id='word_1_603' title='bbox 1321 1635 1372 1663; x_wconf 91' lang='lat' dir='ltr'><strong>hoc</strong></span> <span class='ocrx_word' id='word_1_604' title='bbox 1384 1636 1542 1663; x_wconf 84' lang='lat' dir='ltr'><strong>scandalum</strong></span> <span class='ocrx_word' id='word_1_605' title='bbox 1557 1635 1630 1667; x_wconf 87' lang='lat' dir='ltr'><strong>fecit,</strong></span> <span class='ocrx_word' id='word_1_606' title='bbox 1647 1641 1689 1663; x_wconf 84' lang='lat' dir='ltr'><strong>est</strong></span> 
     </span>
    </p>
   </div>
   <div class='ocr_carea' id='block_1_77' title="bbox 908 1681 1692 1717">
    <p class='ocr_par' dir='ltr' id='par_1_77' title="bbox 908 1681 1692 1717">
     <span class='ocr_line' id='line_1_77' title="bbox 908 1681 1692 1717; baseline -0.001 -8"><span class='ocrx_word' id='word_1_607' title='bbox 908 1682 1062 1710; x_wconf 72' lang='lat' dir='ltr'><strong>Alexander</strong></span> <span class='ocrx_word' id='word_1_608' title='bbox 1074 1683 1169 1711; x_wconf 86' lang='lat' dir='ltr'><strong>lector.</strong></span> <span class='ocrx_word' id='word_1_609' title='bbox 1187 1681 1264 1709; x_wconf 89' lang='lat' dir='ltr'><strong>Tunc</strong></span> <span class='ocrx_word' id='word_1_610' title='bbox 1279 1682 1378 1717; x_wconf 89' lang='lat' dir='ltr'><strong>puella,</strong></span> <span class='ocrx_word' id='word_1_611' title='bbox 1396 1687 1425 1709; x_wconf 90' lang='lat' dir='ltr'><strong>ut</strong></span> <span class='ocrx_word' id='word_1_612' title='bbox 1445 1689 1473 1709; x_wconf 86' lang='lat' dir='ltr'><strong>se</strong></span> <span class='ocrx_word' id='word_1_613' title='bbox 1491 1689 1507 1708; x_wconf 87' lang='lat' dir='ltr'><strong>a</strong></span> <span class='ocrx_word' id='word_1_614' title='bbox 1530 1681 1584 1708; x_wconf 92' lang='lat' dir='ltr'><strong>Deo</strong></span> <span class='ocrx_word' id='word_1_615' title='bbox 1598 1681 1692 1708; x_wconf 81' lang='lat' dir='ltr'><strong>convi-</strong></span> 
     </span>
    </p>
   </div>
   <div class='ocr_carea' id='block_1_78' title="bbox 909 1727 1692 1763">
    <p class='ocr_par' dir='ltr' id='par_1_78' title="bbox 909 1727 1692 1763">
     <span class='ocr_line' id='line_1_78' title="bbox 909 1727 1692 1763; baseline 0 -8"><span class='ocrx_word' id='word_1_616' title='bbox 909 1732 979 1755; x_wconf 90' lang='lat' dir='ltr'><strong>ctam</strong></span> <span class='ocrx_word' id='word_1_617' title='bbox 991 1729 1194 1761; x_wconf 87' lang='lat' dir='ltr'><strong>animadvertit,</strong></span> <span class='ocrx_word' id='word_1_618' title='bbox 1211 1731 1321 1762; x_wconf 86' lang='lat' dir='ltr'><strong>repente</strong></span> <span class='ocrx_word' id='word_1_619' title='bbox 1339 1729 1465 1763; x_wconf 90' lang='lat' dir='ltr'><strong>prolapsa</strong></span> <span class='ocrx_word' id='word_1_620' title='bbox 1480 1728 1514 1755; x_wconf 88' lang='lat' dir='ltr'><strong>ad</strong></span> <span class='ocrx_word' id='word_1_621' title='bbox 1536 1728 1617 1762; x_wconf 89' lang='lat' dir='ltr'><strong>pedes</strong></span> <span class='ocrx_word' id='word_1_622' title='bbox 1632 1727 1692 1762; x_wconf 81' lang='lat' dir='ltr'><strong>ejus</strong></span> 
     </span>
    </p>
   </div>
   <div class='ocr_carea' id='block_1_79' title="bbox 908 1773 1691 1810">
    <p class='ocr_par' dir='ltr' id='par_1_79' title="bbox 908 1773 1691 1810">
     <span class='ocr_line' id='line_1_79' title="bbox 908 1773 1691 1810; baseline -0.003 -8"><span class='ocrx_word' id='word_1_623' title='bbox 908 1774 1068 1810; x_wconf 80' lang='lat' dir='ltr'><strong>exspiravit.</strong></span> <span class='ocrx_word' id='word_1_624' title='bbox 1087 1773 1256 1809; x_wconf 80' lang='lat' dir='ltr'><strong>Rogavitque</strong></span> <span class='ocrx_word' id='word_1_625' title='bbox 1271 1774 1347 1801; x_wconf 92' lang='lat' dir='ltr'><strong>illum</strong></span> <span class='ocrx_word' id='word_1_626' title='bbox 1373 1774 1519 1808; x_wconf 87' lang='lat' dir='ltr'><strong>episcopus</strong></span> <span class='ocrx_word' id='word_1_627' title='bbox 1535 1778 1565 1800; x_wconf 93' lang='lat' dir='ltr'><strong>ut</strong></span> <span class='ocrx_word' id='word_1_628' title='bbox 1584 1773 1691 1808; x_wconf 67' lang='lat' dir='ltr'><strong>injuriae</strong></span> 
     </span>
    </p>
   </div>
   <div class='ocr_carea' id='block_1_80' title="bbox 908 1819 1692 1856">
    <p class='ocr_par' dir='ltr' id='par_1_80' title="bbox 908 1819 1692 1856">
     <span class='ocr_line' id='line_1_80' title="bbox 908 1819 1692 1856; baseline 0 -8"><span class='ocrx_word' id='word_1_629' title='bbox 908 1821 1069 1848; x_wconf 83' lang='lat' dir='ltr'><strong>memoriam</strong></span> <span class='ocrx_word' id='word_1_630' title='bbox 1083 1821 1241 1856; x_wconf 83' lang='lat' dir='ltr'><strong>deponeret.</strong></span> <span class='ocrx_word' id='word_1_631' title='bbox 1260 1819 1358 1847; x_wconf 89' lang='lat' dir='ltr'><strong>Lector</strong></span> <span class='ocrx_word' id='word_1_632' title='bbox 1379 1824 1469 1847; x_wconf 86' lang='lat' dir='ltr'><strong>autem</strong></span> <span class='ocrx_word' id='word_1_633' title='bbox 1492 1820 1587 1848; x_wconf 90' lang='lat' dir='ltr'><strong>multis</strong></span> <span class='ocrx_word' id='word_1_634' title='bbox 1602 1822 1692 1855; x_wconf 80' lang='lat' dir='ltr'><strong>gravi-</strong></span> 
     </span>
    </p>
   </div>
   <div class='ocr_carea' id='block_1_81' title="bbox 907 1864 1693 1900">
    <p class='ocr_par' dir='ltr' id='par_1_81' title="bbox 907 1864 1693 1900">
     <span class='ocr_line' id='line_1_81' title="bbox 907 1864 1693 1900; baseline 0.001 -8"><span class='ocrx_word' id='word_1_635' title='bbox 907 1864 1014 1900; x_wconf 87' lang='lat' dir='ltr'><strong>busque</strong></span> <span class='ocrx_word' id='word_1_636' title='bbox 1033 1865 1085 1892; x_wconf 93' lang='lat' dir='ltr'><strong>sibi</strong></span> <span class='ocrx_word' id='word_1_637' title='bbox 1099 1865 1235 1899; x_wconf 87' lang='lat' dir='ltr'><strong>impositis</strong></span> <span class='ocrx_word' id='word_1_638' title='bbox 1255 1864 1439 1898; x_wconf 79' lang='lat' dir='ltr'><strong>ferramentis,</strong></span> <span class='ocrx_word' id='word_1_639' title='bbox 1456 1872 1488 1892; x_wconf 82' lang='lat' dir='ltr'><strong>ex</strong></span> <span class='ocrx_word' id='word_1_640' title='bbox 1516 1865 1584 1892; x_wconf 90' lang='lat' dir='ltr'><strong>urbe</strong></span> <span class='ocrx_word' id='word_1_641' title='bbox 1602 1873 1693 1900; x_wconf 81' lang='lat' dir='ltr'><strong>egres-</strong></span> 
     </span>
    </p>
   </div>
   <div class='ocr_carea' id='block_1_82' title="bbox 908 1909 1692 1944">
    <p class='ocr_par' dir='ltr' id='par_1_82' title="bbox 908 1909 1692 1944">
     <span class='ocr_line' id='line_1_82' title="bbox 908 1909 1692 1944; baseline 0 -6"><span class='ocrx_word' id='word_1_642' title='bbox 908 1918 966 1942; x_wconf 86' lang='lat' dir='ltr'><strong>sus,</strong></span> <span class='ocrx_word' id='word_1_643' title='bbox 981 1909 1008 1936; x_wconf 93' lang='lat' dir='ltr'><strong>in</strong></span> <span class='ocrx_word' id='word_1_644' title='bbox 1025 1916 1109 1944; x_wconf 85' lang='lat' dir='ltr'><strong>parva</strong></span> <span class='ocrx_word' id='word_1_645' title='bbox 1126 1917 1186 1937; x_wconf 84' lang='lat' dir='ltr'><strong>sese</strong></span> <span class='ocrx_word' id='word_1_646' title='bbox 1202 1909 1299 1937; x_wconf 83' lang='lat' dir='ltr'><strong>cellula</strong></span> <span class='ocrx_word' id='word_1_647' title='bbox 1319 1909 1440 1941; x_wconf 84' lang='lat' dir='ltr'><strong>inclusit,</strong></span> <span class='ocrx_word' id='word_1_648' title='bbox 1458 1910 1503 1937; x_wconf 92' lang='lat' dir='ltr'><strong>ubi</strong></span> <span class='ocrx_word' id='word_1_649' title='bbox 1519 1910 1553 1937; x_wconf 82' lang='lat' dir='ltr'><strong>ad</strong></span> <span class='ocrx_word' id='word_1_650' title='bbox 1576 1915 1692 1938; x_wconf 89' lang='lat' dir='ltr'><strong>mortem</strong></span> 
     </span>
    </p>
   </div>
   <div class='ocr_carea' id='block_1_83' title="bbox 909 1955 1692 1991">
    <p class='ocr_par' dir='ltr' id='par_1_83' title="bbox 909 1955 1692 1991">
     <span class='ocr_line' id='line_1_83' title="bbox 909 1955 1692 1991; baseline 0.003 -9"><span class='ocrx_word' id='word_1_651' title='bbox 909 1963 996 1990; x_wconf 90' lang='lat' dir='ltr'><strong>usque</strong></span> <span class='ocrx_word' id='word_1_652' title='bbox 1014 1956 1205 1990; x_wconf 65' lang='lat' dir='ltr'><strong>penitentiam</strong></span> <span class='ocrx_word' id='word_1_653' title='bbox 1222 1963 1315 1991; x_wconf 70' lang='lat' dir='ltr'><strong>agens,</strong></span> <span class='ocrx_word' id='word_1_654' title='bbox 1333 1955 1482 1990; x_wconf 85' lang='lat' dir='ltr'><strong>perfectam</strong></span> <span class='ocrx_word' id='word_1_655' title='bbox 1499 1955 1554 1983; x_wconf 90' lang='lat' dir='ltr'><strong>Deo</strong></span> <span class='ocrx_word' id='word_1_656' title='bbox 1574 1956 1692 1984; x_wconf 89' lang='lat' dir='ltr'><strong>reddidit</strong></span> 
     </span>
    </p>
   </div>
   <div class='ocr_carea' id='block_1_84' title="bbox 908 2000 1691 2038">
    <p class='ocr_par' dir='ltr' id='par_1_84' title="bbox 908 2000 1691 2038">
     <span class='ocr_line' id='line_1_84' title="bbox 908 2000 1691 2038; baseline 0.003 -10"><span class='ocrx_word' id='word_1_657' title='bbox 908 2001 1125 2033; x_wconf 83' lang='lat' dir='ltr'><strong>confessionem,</strong></span> <span class='ocrx_word' id='word_1_658' title='bbox 1151 2001 1239 2036; x_wconf 81' lang='lat' dir='ltr'><strong>gratia</strong></span> <span class='ocrx_word' id='word_1_659' title='bbox 1255 2000 1363 2028; x_wconf 87' lang='lat' dir='ltr'><strong>Domini</strong></span> <span class='ocrx_word' id='word_1_660' title='bbox 1382 2003 1470 2030; x_wconf 87' lang='lat' dir='ltr'><strong>nostri</strong></span> <span class='ocrx_word' id='word_1_661' title='bbox 1489 2002 1555 2030; x_wconf 82' lang='lat' dir='ltr'><strong>Jesu</strong></span> <span class='ocrx_word' id='word_1_662' title='bbox 1576 2002 1691 2038; x_wconf 87' lang='lat' dir='ltr'><strong>Christi,</strong></span> 
     </span>
    </p>
   </div>
   <div class='ocr_carea' id='block_1_85' title="bbox 908 2047 1329 2082">
    <p class='ocr_par' dir='ltr' id='par_1_85' title="bbox 908 2047 1329 2082">
     <span class='ocr_line' id='line_1_85' title="bbox 908 2047 1329 2082; baseline 0 -8"><span class='ocrx_word' id='word_1_663' title='bbox 908 2048 951 2074; x_wconf 92' lang='lat' dir='ltr'><strong>cui</strong></span> <span class='ocrx_word' id='word_1_664' title='bbox 966 2047 1052 2082; x_wconf 75' lang='lat' dir='ltr'><strong>gloria</strong></span> <span class='ocrx_word' id='word_1_665' title='bbox 1067 2048 1093 2073; x_wconf 91' lang='lat' dir='ltr'><strong>in</strong></span> <span class='ocrx_word' id='word_1_666' title='bbox 1109 2048 1219 2074; x_wconf 57' lang='lat' dir='ltr'><strong>saecula.</strong></span> <span class='ocrx_word' id='word_1_667' title='bbox 1233 2047 1329 2075; x_wconf 79' lang='lat' dir='ltr'><strong>Amen.</strong></span> 
     </span>
    </p>
   </div>
   <div class='ocr_carea' id='block_1_86' title="bbox 66 2089 1288 2132">
    <p class='ocr_par' dir='ltr' id='par_1_86' title="bbox 66 2089 1288 2132">
     <span class='ocr_line' id='line_1_86' title="bbox 66 2089 1288 2132; baseline 0.005 -16"><span class='ocrx_word' id='word_1_668' title='bbox 66 2098 150 2125; x_wconf 75' lang='grc' dir='ltr'>γησιν</span> <span class='ocrx_word' id='word_1_669' title='bbox 165 2091 255 2126; x_wconf 80' lang='grc' dir='ltr'>χάριτι</span> <span class='ocrx_word' id='word_1_670' title='bbox 270 2091 315 2117; x_wconf 73' lang='grc' dir='ltr'><strong>τοῦ</strong></span> <span class='ocrx_word' id='word_1_671' title='bbox 329 2092 431 2128; x_wconf 73' lang='grc' dir='ltr'>Κυρίου</span> <span class='ocrx_word' id='word_1_672' title='bbox 444 2092 521 2128; x_wconf 81' lang='grc' dir='ltr'>ἡμῶν</span> <span class='ocrx_word' id='word_1_673' title='bbox 541 2092 628 2128; x_wconf 86' lang='grc' dir='ltr'>Ἰησοῦ</span> <span class='ocrx_word' id='word_1_674' title='bbox 644 2093 773 2128; x_wconf 84' lang='grc' dir='ltr'>Χριστοῦ,</span> <span class='ocrx_word' id='word_1_675' title='bbox 790 2089 812 2127; x_wconf 81' lang='grc' dir='ltr'>ᾧ</span> <span class='ocrx_word' id='word_1_676' title='bbox 825 2095 841 2129; x_wconf 85' lang='grc' dir='ltr'><strong>ἡ</strong></span> <span class='ocrx_word' id='word_1_677' title='bbox 853 2094 915 2127; x_wconf 82' lang='grc' dir='ltr'>δόξα</span> <span class='ocrx_word' id='word_1_678' title='bbox 930 2096 969 2127; x_wconf 88' lang='grc' dir='ltr'>εἰς</span> <span class='ocrx_word' id='word_1_679' title='bbox 985 2095 1049 2126; x_wconf 88' lang='grc' dir='ltr'>τοὺς</span> <span class='ocrx_word' id='word_1_680' title='bbox 1064 2095 1173 2128; x_wconf 74' lang='grc' dir='ltr'>αίῶνας.</span> <span class='ocrx_word' id='word_1_681' title='bbox 1191 2096 1288 2132; x_wconf 78' lang='grc' dir='ltr'>Ἀμήν.</span> 
     </span>
    </p>
   </div>
   <div class='ocr_carea' id='block_1_87' title="bbox 104 2161 854 2197">
    <p class='ocr_par' dir='ltr' id='par_1_87' title="bbox 104 2161 854 2197">
     <span class='ocr_line' id='line_1_87' title="bbox 104 2161 854 2197; baseline 0.001 -10"><span class='ocrx_word' id='word_1_682' title='bbox 104 2161 149 2187; x_wconf 75' lang='grc'><strong>16.</strong></span> <span class='ocrx_word' id='word_1_683' title='bbox 164 2161 220 2188; x_wconf 75' lang='grc' dir='ltr'>Καὶ</span> <span class='ocrx_word' id='word_1_684' title='bbox 239 2161 454 2196; x_wconf 81' lang='grc' dir='ltr'>ὲπανερχομένου</span> <span class='ocrx_word' id='word_1_685' title='bbox 470 2161 551 2188; x_wconf 79' lang='grc' dir='ltr'>αὑτοῦ</span> <span class='ocrx_word' id='word_1_686' title='bbox 570 2162 609 2193; x_wconf 86' lang='grc' dir='ltr'>εἰς</span> <span class='ocrx_word' id='word_1_687' title='bbox 621 2162 651 2188; x_wconf 84' lang='grc' dir='ltr'>τὸ</span> <span class='ocrx_word' id='word_1_688' title='bbox 664 2162 854 2197; x_wconf 75' lang='grc' dir='ltr'>μοναττήριον,</span> 
     </span>
    </p>
   </div>
   <div class='ocr_carea' id='block_1_88' title="bbox 68 2207 856 2243">
    <p class='ocr_par' dir='ltr' id='par_1_88' title="bbox 68 2207 856 2243">
     <span class='ocr_line' id='line_1_88' title="bbox 68 2207 856 2243; baseline 0 -9"><span class='ocrx_word' id='word_1_689' title='bbox 68 2208 155 2241; x_wconf 71' lang='grc' dir='ltr'>ἐγγὺς</span> <span class='ocrx_word' id='word_1_690' title='bbox 175 2207 224 2242; x_wconf 81' lang='grc' dir='ltr'>τῆς</span> <span class='ocrx_word' id='word_1_691' title='bbox 246 2207 332 2242; x_wconf 81' lang='grc' dir='ltr'>πύλης</span> <span class='ocrx_word' id='word_1_692' title='bbox 348 2207 398 2242; x_wconf 82' lang='grc' dir='ltr'>τῆς</span> <span class='ocrx_word' id='word_1_693' title='bbox 413 2207 516 2239; x_wconf 81' lang='grc' dir='ltr'>πόλεως</span> <span class='ocrx_word' id='word_1_694' title='bbox 539 2208 706 2242; x_wconf 81' lang='grc' dir='ltr'>προσπίπτει</span> <span class='ocrx_word' id='word_1_695' title='bbox 728 2207 801 2243; x_wconf 85' lang='grc' dir='ltr'>αὐτῷ</span> <span class='ocrx_word' id='word_1_696' title='bbox 813 2215 856 2240; x_wconf 88' lang='grc' dir='ltr'><strong>τις</strong></span> 
     </span>
    </p>
   </div>
   <div class='ocr_carea' id='block_1_89' title="bbox 71 2252 856 2288">
    <p class='ocr_par' dir='ltr' id='par_1_89' title="bbox 71 2252 856 2288">
     <span class='ocr_line' id='line_1_89' title="bbox 71 2252 856 2288; baseline 0 -8"><span class='ocrx_word' id='word_1_697' title='bbox 71 2253 202 2288; x_wconf 70' lang='grc' dir='ltr'>δεώτερος</span> <span class='ocrx_word' id='word_1_698' title='bbox 227 2253 381 2288; x_wconf 78' lang='grc' dir='ltr'>γονυπετῶν</span> <span class='ocrx_word' id='word_1_699' title='bbox 405 2254 452 2280; x_wconf 76' lang='grc' dir='ltr'><strong>καὶ</strong></span> <span class='ocrx_word' id='word_1_700' title='bbox 474 2253 578 2287; x_wconf 83' lang='grc' dir='ltr'>λέγων·</span> <span class='ocrx_word' id='word_1_701' title='bbox 601 2254 682 2280; x_wconf 76' lang='grc' dir='ltr'>Δοῦλε</span> <span class='ocrx_word' id='word_1_702' title='bbox 710 2254 756 2280; x_wconf 84' lang='grc' dir='ltr'><strong>τοῦ</strong></span> <span class='ocrx_word' id='word_1_703' title='bbox 777 2252 856 2286; x_wconf 82' lang='grc' dir='ltr'>Θεοῦ,</span> 
     </span>
    </p>
   </div>
   <div class='ocr_carea' id='block_1_90' title="bbox 68 2299 856 2335">
    <p class='ocr_par' dir='ltr' id='par_1_90' title="bbox 68 2299 856 2335">
     <span class='ocr_line' id='line_1_90' title="bbox 68 2299 856 2335; baseline 0 -10"><span class='ocrx_word' id='word_1_704' title='bbox 68 2299 248 2335; x_wconf 80' lang='grc' dir='ltr'>συγχώρησόν</span> <span class='ocrx_word' id='word_1_705' title='bbox 261 2308 320 2334; x_wconf 83' lang='grc' dir='ltr'>μοι,</span> <span class='ocrx_word' id='word_1_706' title='bbox 336 2300 376 2326; x_wconf 81' lang='grc' dir='ltr'>ὃτι</span> <span class='ocrx_word' id='word_1_707' title='bbox 393 2299 526 2326; x_wconf 76' lang='grc' dir='ltr'>ἐνέπτυσα</span> <span class='ocrx_word' id='word_1_708' title='bbox 539 2300 578 2331; x_wconf 82' lang='grc' dir='ltr'>εἰς</span> <span class='ocrx_word' id='word_1_709' title='bbox 595 2299 625 2325; x_wconf 87' lang='grc' dir='ltr'>τὺ</span> <span class='ocrx_word' id='word_1_710' title='bbox 638 2299 781 2335; x_wconf 81' lang='grc' dir='ltr'>πρόσωπόν</span> <span class='ocrx_word' id='word_1_711' title='bbox 799 2307 856 2331; x_wconf 80' lang='grc' dir='ltr'>σου,</span> 
     </span>
    </p>
   </div>
   <div class='ocr_carea' id='block_1_91' title="bbox 68 2345 856 2382">
    <p class='ocr_par' dir='ltr' id='par_1_91' title="bbox 68 2345 856 2382">
     <span class='ocr_line' id='line_1_91' title="bbox 68 2345 856 2382; baseline 0 -11"><span class='ocrx_word' id='word_1_712' title='bbox 68 2345 221 2377; x_wconf 83' lang='grc' dir='ltr'>πιστεύσας</span> <span class='ocrx_word' id='word_1_713' title='bbox 233 2347 265 2381; x_wconf 81' lang='grc' dir='ltr'>τῇ</span> <span class='ocrx_word' id='word_1_714' title='bbox 280 2345 370 2381; x_wconf 82' lang='grc' dir='ltr'>ἀνόμῳ</span> <span class='ocrx_word' id='word_1_715' title='bbox 386 2346 453 2381; x_wconf 87' lang='grc' dir='ltr'>κόρῃ</span> <span class='ocrx_word' id='word_1_716' title='bbox 471 2345 562 2382; x_wconf 75' lang='grc' dir='ltr'>ἐκείνῃ</span> <span class='ocrx_word' id='word_1_717' title='bbox 577 2346 640 2381; x_wconf 76' lang='grc' dir='ltr'>περὶ</span> <span class='ocrx_word' id='word_1_718' title='bbox 657 2345 710 2372; x_wconf 84' lang='grc' dir='ltr'>τῶν</span> <span class='ocrx_word' id='word_1_719' title='bbox 725 2345 795 2372; x_wconf 85' lang='grc' dir='ltr'>κατά</span> <span class='ocrx_word' id='word_1_720' title='bbox 810 2353 856 2372; x_wconf 85' lang='grc' dir='ltr'><strong>σου</strong></span> 
     </span>
    </p>
   </div>
   <div class='ocr_carea' id='block_1_92' title="bbox 67 2390 855 2426">
    <p class='ocr_par' dir='ltr' id='par_1_92' title="bbox 67 2390 855 2426">
     <span class='ocr_line' id='line_1_92' title="bbox 67 2390 855 2426; baseline 0 -9"><span class='ocrx_word' id='word_1_721' title='bbox 67 2390 218 2425; x_wconf 80' lang='grc' dir='ltr'>λεχθέντων</span> <span class='ocrx_word' id='word_1_722' title='bbox 228 2411 235 2423; x_wconf 92' lang='grc'><strong>,</strong></span> <span class='ocrx_word' id='word_1_723' title='bbox 255 2391 301 2417; x_wconf 76' lang='grc' dir='ltr'><strong>κα)⁵</strong></span> <span class='ocrx_word' id='word_1_724' title='bbox 317 2390 439 2426; x_wconf 79' lang='grc' dir='ltr'>νηστεύω</span> <span class='ocrx_word' id='word_1_725' title='bbox 451 2391 542 2418; x_wconf 72' lang='grc' dir='ltr'>ἕνεκεν</span> <span class='ocrx_word' id='word_1_726' title='bbox 559 2392 608 2426; x_wconf 85' lang='grc' dir='ltr'><strong>τῆς</strong></span> <span class='ocrx_word' id='word_1_727' title='bbox 624 2390 725 2426; x_wconf 86' lang='grc' dir='ltr'>τόλμης</span> <span class='ocrx_word' id='word_1_728' title='bbox 743 2390 855 2426; x_wconf 81' lang='grc' dir='ltr'>ταύτης,</span> 
     </span>
    </p>
   </div>
   <div class='ocr_carea' id='block_1_93' title="bbox 67 2434 853 2472">
    <p class='ocr_par' dir='ltr' id='par_1_93' title="bbox 67 2434 853 2472">
     <span class='ocr_line' id='line_1_93' title="bbox 67 2434 853 2472; baseline -0.003 -9"><span class='ocrx_word' id='word_1_729' title='bbox 67 2437 119 2463; x_wconf 80' lang='grc' dir='ltr'>καὶ</span> <span class='ocrx_word' id='word_1_730' title='bbox 142 2436 294 2472; x_wconf 83' lang='grc' dir='ltr'>παρακαλῶ</span> <span class='ocrx_word' id='word_1_731' title='bbox 317 2436 361 2462; x_wconf 81' lang='grc' dir='ltr'>τὸν</span> <span class='ocrx_word' id='word_1_732' title='bbox 374 2436 486 2472; x_wconf 87' lang='grc' dir='ltr'>Κύριον.</span> <span class='ocrx_word' id='word_1_733' title='bbox 511 2435 540 2462; x_wconf 86' lang='grc'><strong>’0</strong></span> <span class='ocrx_word' id='word_1_734' title='bbox 561 2436 589 2462; x_wconf 80' lang='grc' dir='ltr'>δὲ</span> <span class='ocrx_word' id='word_1_735' title='bbox 610 2435 701 2466; x_wconf 83' lang='grc' dir='ltr'>δοῦλος</span> <span class='ocrx_word' id='word_1_736' title='bbox 714 2434 760 2462; x_wconf 87' lang='grc' dir='ltr'><strong>τοῦ</strong></span> <span class='ocrx_word' id='word_1_737' title='bbox 785 2435 853 2462; x_wconf 74' lang='grc' dir='ltr'>Θεοῦ</span> 
     </span>
    </p>
   </div>
   <div class='ocr_carea' id='block_1_94' title="bbox 75 2481 857 2519">
    <p class='ocr_par' dir='ltr' id='par_1_94' title="bbox 75 2481 857 2519">
     <span class='ocr_line' id='line_1_94' title="bbox 75 2481 857 2519; baseline 0 -11"><span class='ocrx_word' id='word_1_738' title='bbox 75 2483 213 2517; x_wconf 79' lang='grc' dir='ltr'>Ἀντίοχος</span> <span class='ocrx_word' id='word_1_739' title='bbox 235 2482 310 2516; x_wconf 84' lang='grc' dir='ltr'>λέγει</span> <span class='ocrx_word' id='word_1_740' title='bbox 330 2482 419 2518; x_wconf 79' lang='grc' dir='ltr'>αὐτῷ·</span> <span class='ocrx_word' id='word_1_741' title='bbox 444 2482 489 2519; x_wconf 84' lang='grc' dir='ltr'><strong>Μὴ</strong></span> <span class='ocrx_word' id='word_1_742' title='bbox 511 2481 586 2509; x_wconf 88' lang='grc' dir='ltr'>κλαῖε</span> <span class='ocrx_word' id='word_1_743' title='bbox 611 2482 675 2517; x_wconf 75' lang='grc' dir='ltr'>περὶ</span> <span class='ocrx_word' id='word_1_744' title='bbox 697 2481 763 2517; x_wconf 81' lang='grc' dir='ltr'>ἐμοῦ</span> <span class='ocrx_word' id='word_1_745' title='bbox 789 2482 857 2517; x_wconf 76' lang='grc' dir='ltr'>μηδὲ</span> 
     </span>
    </p>
   </div>
   <div class='ocr_carea' id='block_1_95' title="bbox 67 2528 858 2564">
    <p class='ocr_par' dir='ltr' id='par_1_95' title="bbox 67 2528 858 2564">
     <span class='ocr_line' id='line_1_95' title="bbox 67 2528 858 2564; baseline 0.003 -10"><span class='ocrx_word' id='word_1_746' title='bbox 67 2530 201 2564; x_wconf 85' lang='grc' dir='ltr'>νήστευε·</span> <span class='ocrx_word' id='word_1_747' title='bbox 221 2528 289 2555; x_wconf 79' lang='grc' dir='ltr'>ἀλλὰ</span> <span class='ocrx_word' id='word_1_748' title='bbox 312 2528 387 2556; x_wconf 83' lang='grc' dir='ltr'>κλαῖε</span> <span class='ocrx_word' id='word_1_749' title='bbox 411 2529 458 2556; x_wconf 74' lang='grc' dir='ltr'><strong>καὶ</strong></span> <span class='ocrx_word' id='word_1_750' title='bbox 479 2529 593 2564; x_wconf 88' lang='grc' dir='ltr'>νήστευε</span> <span class='ocrx_word' id='word_1_751' title='bbox 609 2529 653 2555; x_wconf 82' lang='grc' dir='ltr'>διὰ</span> <span class='ocrx_word' id='word_1_752' title='bbox 676 2529 706 2555; x_wconf 84' lang='grc' dir='ltr'>τὸ</span> <span class='ocrx_word' id='word_1_753' title='bbox 727 2529 858 2564; x_wconf 78' lang='grc' dir='ltr'>ἱμάτιονδ</span> 
     </span>
    </p>
   </div>
   <div class='ocr_carea' id='block_1_96' title="bbox 65 2574 859 2610">
    <p class='ocr_par' dir='ltr' id='par_1_96' title="bbox 65 2574 859 2610">
     <span class='ocr_line' id='line_1_96' title="bbox 65 2574 859 2610; baseline 0 -10"><span class='ocrx_word' id='word_1_754' title='bbox 65 2574 189 2609; x_wconf 73' lang='grc' dir='ltr'>ἔκλεψας</span> <span class='ocrx_word' id='word_1_755' title='bbox 206 2574 256 2609; x_wconf 83' lang='grc' dir='ltr'>τῆς</span> <span class='ocrx_word' id='word_1_756' title='bbox 275 2574 402 2608; x_wconf 84' lang='grc' dir='ltr'>γυναικὸς</span> <span class='ocrx_word' id='word_1_757' title='bbox 423 2574 473 2609; x_wconf 86' lang='grc' dir='ltr'>τῆς</span> <span class='ocrx_word' id='word_1_758' title='bbox 495 2574 583 2610; x_wconf 85' lang='grc' dir='ltr'>χήρας</span> <span class='ocrx_word' id='word_1_759' title='bbox 601 2574 648 2601; x_wconf 79' lang='grc' dir='ltr'><strong>καὶ</strong></span> <span class='ocrx_word' id='word_1_760' title='bbox 672 2574 782 2609; x_wconf 83' lang='grc' dir='ltr'>πτωχῆς</span> <span class='ocrx_word' id='word_1_761' title='bbox 806 2575 859 2610; x_wconf 81' lang='grc' dir='ltr'>πρὸ</span> 
     </span>
    </p>
   </div>
   <div class='ocr_carea' id='block_1_97' title="bbox 65 2617 859 2654">
    <p class='ocr_par' dir='ltr' id='par_1_97' title="bbox 65 2617 859 2654">
     <span class='ocr_line' id='line_1_97' title="bbox 65 2617 859 2654; baseline 0.001 -10"><span class='ocrx_word' id='word_1_762' title='bbox 65 2617 155 2653; x_wconf 78' lang='grc' dir='ltr'>τριῶν</span> <span class='ocrx_word' id='word_1_763' title='bbox 172 2617 282 2654; x_wconf 80' lang='grc' dir='ltr'>ἡμερῶν</span> <span class='ocrx_word' id='word_1_764' title='bbox 293 2625 300 2633; x_wconf 77' lang='grc'><strong><em>⁸</em></strong></span> <span class='ocrx_word' id='word_1_765' title='bbox 315 2619 362 2645; x_wconf 81' lang='grc' dir='ltr'>καὶ</span> <span class='ocrx_word' id='word_1_766' title='bbox 376 2619 409 2646; x_wconf 85' lang='grc' dir='ltr'><strong>σὺ</strong></span> <span class='ocrx_word' id='word_1_767' title='bbox 428 2618 497 2654; x_wconf 75' lang='grc' dir='ltr'>ἔχων</span> <span class='ocrx_word' id='word_1_768' title='bbox 511 2618 591 2645; x_wconf 80' lang='grc' dir='ltr'>πέντε</span> <span class='ocrx_word' id='word_1_769' title='bbox 614 2619 709 2654; x_wconf 78' lang='grc' dir='ltr'>ἱμάτια</span> <span class='ocrx_word' id='word_1_770' title='bbox 723 2618 752 2645; x_wconf 82' lang='grc' dir='ltr'>τὸ</span> <span class='ocrx_word' id='word_1_771' title='bbox 769 2619 797 2646; x_wconf 81' lang='grc' dir='ltr'><strong>ἓν</strong></span> <span class='ocrx_word' id='word_1_772' title='bbox 810 2619 859 2654; x_wconf 84' lang='grc' dir='ltr'>τῆς</span> 
     </span>
    </p>
   </div>
   <div class='ocr_carea' id='block_1_98' title="bbox 65 2664 855 2701">
    <p class='ocr_par' dir='ltr' id='par_1_98' title="bbox 65 2664 855 2701">
     <span class='ocr_line' id='line_1_98' title="bbox 65 2664 855 2701; baseline -0.001 -9"><span class='ocrx_word' id='word_1_773' title='bbox 65 2665 160 2701; x_wconf 84' lang='grc' dir='ltr'>χήρας</span> <span class='ocrx_word' id='word_1_774' title='bbox 172 2664 297 2699; x_wconf 74' lang='grc' dir='ltr'>ἔκλεψας.</span> <span class='ocrx_word' id='word_1_775' title='bbox 315 2666 381 2691; x_wconf 85' lang='grc' dir='ltr'>Τότε</span> <span class='ocrx_word' id='word_1_776' title='bbox 394 2665 408 2691; x_wconf 87' lang='grc' dir='ltr'><strong>ὁ</strong></span> <span class='ocrx_word' id='word_1_777' title='bbox 428 2664 566 2700; x_wconf 87' lang='grc' dir='ltr'>νεώτερος,</span> <span class='ocrx_word' id='word_1_778' title='bbox 579 2665 717 2700; x_wconf 73' lang='grc' dir='ltr'>ἐλεγχθεὶς</span> <span class='ocrx_word' id='word_1_779' title='bbox 730 2665 776 2691; x_wconf 79' lang='grc' dir='ltr'><strong>καὶ</strong></span> <span class='ocrx_word' id='word_1_780' title='bbox 793 2665 855 2701; x_wconf 70' lang='grc' dir='ltr'>φρί-</span> 
     </span>
    </p>
   </div>
   <div class='ocr_carea' id='block_1_99' title="bbox 65 2710 854 2746">
    <p class='ocr_par' dir='ltr' id='par_1_99' title="bbox 65 2710 854 2746">
     <span class='ocr_line' id='line_1_99' title="bbox 65 2710 854 2746; baseline 0 -9"><span class='ocrx_word' id='word_1_781' title='bbox 65 2711 119 2745; x_wconf 80' lang='grc' dir='ltr'><strong>ξας</strong></span> <span class='ocrx_word' id='word_1_782' title='bbox 134 2711 182 2738; x_wconf 79' lang='grc' dir='ltr'><strong>καὶ</strong></span> <span class='ocrx_word' id='word_1_783' title='bbox 194 2710 347 2746; x_wconf 84' lang='grc' dir='ltr'>Θαυμάσας,</span> <span class='ocrx_word' id='word_1_784' title='bbox 364 2710 422 2742; x_wconf 83' lang='grc' dir='ltr'>πῶς</span> <span class='ocrx_word' id='word_1_785' title='bbox 437 2710 551 2746; x_wconf 84' lang='grc' dir='ltr'>φανερὸν</span> <span class='ocrx_word' id='word_1_786' title='bbox 566 2711 676 2744; x_wconf 82' lang='grc' dir='ltr'>γέγονεν</span> <span class='ocrx_word' id='word_1_787' title='bbox 693 2710 706 2737; x_wconf 81' lang='grc' dir='ltr'><em>ὃ</em></span> <span class='ocrx_word' id='word_1_788' title='bbox 722 2711 751 2737; x_wconf 78' lang='grc' dir='ltr'><strong>ἐν</strong></span> <span class='ocrx_word' id='word_1_789' title='bbox 764 2711 854 2746; x_wconf 71' lang='grc' dir='ltr'>κρυφῇ</span> 
     </span>
    </p>
   </div>
   <div class='ocr_carea' id='block_1_100' title="bbox 64 2756 857 2793">
    <p class='ocr_par' dir='ltr' id='par_1_100' title="bbox 64 2756 857 2793">
     <span class='ocr_line' id='line_1_100' title="bbox 64 2756 857 2793; baseline -0.001 -9"><span class='ocrx_word' id='word_1_790' title='bbox 64 2757 117 2784; x_wconf 79' lang='grc' dir='ltr'>καὶ</span> <span class='ocrx_word' id='word_1_791' title='bbox 131 2758 236 2793; x_wconf 76' lang='grc' dir='ltr'>ἑσπέρᾳ</span> <span class='ocrx_word' id='word_1_792' title='bbox 250 2756 348 2793; x_wconf 77' lang='grc' dir='ltr'>ἔπραξε</span> <span class='ocrx_word' id='word_1_793' title='bbox 364 2757 454 2792; x_wconf 84' lang='grc' dir='ltr'>μόνος,</span> <span class='ocrx_word' id='word_1_794' title='bbox 467 2757 616 2792; x_wconf 79' lang='grc' dir='ltr'>ἀπέρχεται</span> <span class='ocrx_word' id='word_1_795' title='bbox 631 2757 740 2792; x_wconf 81' lang='grc' dir='ltr'>τρέμων</span> <span class='ocrx_word' id='word_1_796' title='bbox 753 2758 800 2784; x_wconf 77' lang='grc' dir='ltr'>καὶ</span> <span class='ocrx_word' id='word_1_797' title='bbox 811 2757 857 2791; x_wconf 76' lang='grc' dir='ltr'><strong>φέ-</strong></span> 
     </span>
    </p>
   </div>
   <div class='ocr_carea' id='block_1_101' title="bbox 67 2803 856 2839">
    <p class='ocr_par' dir='ltr' id='par_1_101' title="bbox 67 2803 856 2839">
     <span class='ocr_line' id='line_1_101' title="bbox 67 2803 856 2839; baseline 0.001 -10"><span class='ocrx_word' id='word_1_798' title='bbox 67 2812 112 2838; x_wconf 79' lang='grc' dir='ltr'><strong>ρει</strong></span> <span class='ocrx_word' id='word_1_799' title='bbox 126 2803 162 2829; x_wconf 76' lang='grc' dir='ltr'>τὰ</span> <span class='ocrx_word' id='word_1_800' title='bbox 177 2803 230 2829; x_wconf 83' lang='grc' dir='ltr'>ῐδια</span> <span class='ocrx_word' id='word_1_801' title='bbox 245 2804 323 2829; x_wconf 58' lang='lat' dir='ltr'><strong>nev-.2</strong></span> <span class='ocrx_word' id='word_1_802' title='bbox 342 2804 436 2838; x_wconf 78' lang='grc' dir='ltr'>ἱμάτια</span> <span class='ocrx_word' id='word_1_803' title='bbox 451 2803 499 2830; x_wconf 80' lang='grc' dir='ltr'>καὶ</span> <span class='ocrx_word' id='word_1_804' title='bbox 517 2803 547 2830; x_wconf 81' lang='grc' dir='ltr'><strong>τὸ</strong></span> <span class='ocrx_word' id='word_1_805' title='bbox 569 2803 598 2830; x_wconf 85' lang='grc' dir='ltr'><strong>ἓν</strong></span> <span class='ocrx_word' id='word_1_806' title='bbox 617 2803 666 2838; x_wconf 87' lang='grc' dir='ltr'><strong>τῆς</strong></span> <span class='ocrx_word' id='word_1_807' title='bbox 688 2804 792 2839; x_wconf 86' lang='grc' dir='ltr'>χήρας,</span> <span class='ocrx_word' id='word_1_808' title='bbox 810 2804 856 2830; x_wconf 70' lang='grc' dir='ltr'>καὶ</span> 
     </span>
    </p>
   </div>
   <div class='ocr_carea' id='block_1_102' title="bbox 943 2162 1690 2198">
    <p class='ocr_par' dir='ltr' id='par_1_102' title="bbox 943 2162 1690 2198">
     <span class='ocr_line' id='line_1_102' title="bbox 943 2162 1690 2198; baseline -0.001 -8"><span class='ocrx_word' id='word_1_809' title='bbox 943 2163 987 2190; x_wconf 78' lang='grc'><strong>16.</strong></span> <span class='ocrx_word' id='word_1_810' title='bbox 1008 2162 1041 2189; x_wconf 88' lang='lat' dir='ltr'><strong>Et</strong></span> <span class='ocrx_word' id='word_1_811' title='bbox 1070 2171 1134 2190; x_wconf 92' lang='lat' dir='ltr'><strong>cum</strong></span> <span class='ocrx_word' id='word_1_812' title='bbox 1158 2162 1322 2198; x_wconf 77' lang='lat' dir='ltr'><strong>remigraret</strong></span> <span class='ocrx_word' id='word_1_813' title='bbox 1349 2162 1395 2190; x_wconf 89' lang='lat' dir='ltr'><strong>ille</strong></span> <span class='ocrx_word' id='word_1_814' title='bbox 1423 2162 1456 2190; x_wconf 87' lang='lat' dir='ltr'><strong>ad</strong></span> <span class='ocrx_word' id='word_1_815' title='bbox 1482 2163 1690 2195; x_wconf 89' lang='lat' dir='ltr'><strong>monasterium,</strong></span> 
     </span>
    </p>
   </div>
   <div class='ocr_carea' id='block_1_103' title="bbox 908 2208 1691 2244">
    <p class='ocr_par' dir='ltr' id='par_1_103' title="bbox 908 2208 1691 2244">
     <span class='ocr_line' id='line_1_103' title="bbox 908 2208 1691 2244; baseline -0.001 -8"><span class='ocrx_word' id='word_1_816' title='bbox 908 2217 992 2244; x_wconf 88' lang='lat' dir='ltr'><strong>prope</strong></span> <span class='ocrx_word' id='word_1_817' title='bbox 1006 2209 1083 2236; x_wconf 84' lang='lat' dir='ltr'><strong>urbis</strong></span> <span class='ocrx_word' id='word_1_818' title='bbox 1095 2214 1211 2243; x_wconf 84' lang='lat' dir='ltr'><strong>portam,</strong></span> <span class='ocrx_word' id='word_1_819' title='bbox 1225 2208 1386 2236; x_wconf 88' lang='lat' dir='ltr'><strong>adolescens</strong></span> <span class='ocrx_word' id='word_1_820' title='bbox 1402 2208 1511 2242; x_wconf 89' lang='lat' dir='ltr'><strong>quidam</strong></span> <span class='ocrx_word' id='word_1_821' title='bbox 1525 2208 1641 2242; x_wconf 87' lang='lat' dir='ltr'><strong>procidit</strong></span> <span class='ocrx_word' id='word_1_822' title='bbox 1657 2208 1691 2235; x_wconf 83' lang='lat' dir='ltr'><strong>ad</strong></span> 
     </span>
    </p>
   </div>
   <div class='ocr_carea' id='block_1_104' title="bbox 908 2253 1690 2289">
    <p class='ocr_par' dir='ltr' id='par_1_104' title="bbox 908 2253 1690 2289">
     <span class='ocr_line' id='line_1_104' title="bbox 908 2253 1690 2289; baseline -0.004 -7"><span class='ocrx_word' id='word_1_823' title='bbox 908 2261 996 2289; x_wconf 75' lang='lat' dir='ltr'><strong>genua</strong></span> <span class='ocrx_word' id='word_1_824' title='bbox 1009 2254 1069 2289; x_wconf 87' lang='lat' dir='ltr'><strong>ejus</strong></span> <span class='ocrx_word' id='word_1_825' title='bbox 1085 2254 1142 2281; x_wconf 63' lang='lat' dir='ltr'><strong>haec</strong></span> <span class='ocrx_word' id='word_1_826' title='bbox 1156 2253 1272 2281; x_wconf 87' lang='lat' dir='ltr'><strong>dicendo</strong></span> <span class='ocrx_word' id='word_1_827' title='bbox 1290 2263 1297 2280; x_wconf 85' lang='lat'><strong>:</strong></span> <span class='ocrx_word' id='word_1_828' title='bbox 1315 2253 1399 2281; x_wconf 85' lang='lat' dir='ltr'><strong>Serve</strong></span> <span class='ocrx_word' id='word_1_829' title='bbox 1428 2253 1486 2286; x_wconf 86' lang='lat' dir='ltr'><strong>Dei,</strong></span> <span class='ocrx_word' id='word_1_830' title='bbox 1502 2253 1609 2280; x_wconf 84' lang='lat' dir='ltr'><strong>veniam</strong></span> <span class='ocrx_word' id='word_1_831' title='bbox 1624 2253 1690 2279; x_wconf 88' lang='lat' dir='ltr'><strong>mibi</strong></span> 
     </span>
    </p>
   </div>
   <div class='ocr_carea' id='block_1_105' title="bbox 908 2298 1693 2334">
    <p class='ocr_par' dir='ltr' id='par_1_105' title="bbox 908 2298 1693 2334">
     <span class='ocr_line' id='line_1_105' title="bbox 908 2298 1693 2334; baseline -0.004 -7"><span class='ocrx_word' id='word_1_832' title='bbox 908 2299 1061 2331; x_wconf 86' lang='lat' dir='ltr'><strong>concedito,</strong></span> <span class='ocrx_word' id='word_1_833' title='bbox 1072 2299 1145 2334; x_wconf 91' lang='lat' dir='ltr'><strong>quod</strong></span> <span class='ocrx_word' id='word_1_834' title='bbox 1159 2299 1185 2325; x_wconf 92' lang='lat' dir='ltr'><strong>in</strong></span> <span class='ocrx_word' id='word_1_835' title='bbox 1200 2298 1294 2326; x_wconf 85' lang='lat' dir='ltr'><strong>faciem</strong></span> <span class='ocrx_word' id='word_1_836' title='bbox 1311 2302 1385 2325; x_wconf 86' lang='lat' dir='ltr'><strong>tuam</strong></span> <span class='ocrx_word' id='word_1_837' title='bbox 1401 2298 1586 2333; x_wconf 84' lang='lat' dir='ltr'><strong>conspuerim,</strong></span> <span class='ocrx_word' id='word_1_838' title='bbox 1596 2298 1693 2332; x_wconf 64' lang='lat' dir='ltr'><strong>puella:</strong></span> 
     </span>
    </p>
   </div>
   <div class='ocr_carea' id='block_1_106' title="bbox 908 2343 1691 2381">
    <p class='ocr_par' dir='ltr' id='par_1_106' title="bbox 908 2343 1691 2381">
     <span class='ocr_line' id='line_1_106' title="bbox 908 2343 1691 2381; baseline -0.003 -9"><span class='ocrx_word' id='word_1_839' title='bbox 908 2345 1009 2381; x_wconf 80' lang='lat' dir='ltr'><strong>iniqua:</strong></span> <span class='ocrx_word' id='word_1_840' title='bbox 1023 2349 1049 2373; x_wconf 87' lang='lat' dir='ltr'><strong>te</strong></span> <span class='ocrx_word' id='word_1_841' title='bbox 1067 2345 1209 2372; x_wconf 82' lang='lat' dir='ltr'><strong>accusanti</strong></span> <span class='ocrx_word' id='word_1_842' title='bbox 1225 2344 1308 2372; x_wconf 87' lang='lat' dir='ltr'><strong>dictis</strong></span> <span class='ocrx_word' id='word_1_843' title='bbox 1320 2344 1400 2372; x_wconf 85' lang='lat' dir='ltr'><strong>ﬁdem</strong></span> <span class='ocrx_word' id='word_1_844' title='bbox 1422 2344 1543 2376; x_wconf 84' lang='lat' dir='ltr'><strong>habens;</strong></span> <span class='ocrx_word' id='word_1_845' title='bbox 1561 2343 1640 2377; x_wconf 87' lang='lat' dir='ltr'><strong>cujus</strong></span> <span class='ocrx_word' id='word_1_846' title='bbox 1652 2343 1691 2370; x_wconf 87' lang='lat' dir='ltr'><strong>fa-</strong></span> 
     </span>
    </p>
   </div>
   <div class='ocr_carea' id='block_1_107' title="bbox 908 2388 1692 2425">
    <p class='ocr_par' dir='ltr' id='par_1_107' title="bbox 908 2388 1692 2425">
     <span class='ocr_line' id='line_1_107' title="bbox 908 2388 1692 2425; baseline -0.003 -7"><span class='ocrx_word' id='word_1_847' title='bbox 908 2391 1011 2419; x_wconf 89' lang='lat' dir='ltr'><strong>cinoris</strong></span> <span class='ocrx_word' id='word_1_848' title='bbox 1026 2398 1110 2418; x_wconf 85' lang='lat' dir='ltr'><strong>causa</strong></span> <span class='ocrx_word' id='word_1_849' title='bbox 1122 2390 1218 2425; x_wconf 74' lang='lat' dir='ltr'><strong>jejuno</strong></span> <span class='ocrx_word' id='word_1_850' title='bbox 1228 2394 1255 2418; x_wconf 87' lang='lat' dir='ltr'><strong>et</strong></span> <span class='ocrx_word' id='word_1_851' title='bbox 1270 2390 1414 2418; x_wconf 90' lang='lat' dir='ltr'><strong>Dominum</strong></span> <span class='ocrx_word' id='word_1_852' title='bbox 1432 2390 1573 2424; x_wconf 88' lang='lat' dir='ltr'><strong>deprecor.</strong></span> <span class='ocrx_word' id='word_1_853' title='bbox 1587 2388 1621 2415; x_wconf 84' lang='lat' dir='ltr'><strong>At</strong></span> <span class='ocrx_word' id='word_1_854' title='bbox 1633 2397 1692 2416; x_wconf 90' lang='lat' dir='ltr'><strong>ser-</strong></span> 
     </span>
    </p>
   </div>
   <div class='ocr_carea' id='block_1_108' title="bbox 907 2435 1692 2465">
    <p class='ocr_par' dir='ltr' id='par_1_108' title="bbox 907 2435 1692 2465">
     <span class='ocr_line' id='line_1_108' title="bbox 907 2435 1692 2465; baseline -0.003 0"><span class='ocrx_word' id='word_1_855' title='bbox 907 2446 959 2465; x_wconf 86' lang='lat' dir='ltr'><strong>vus</strong></span> <span class='ocrx_word' id='word_1_856' title='bbox 979 2437 1026 2465; x_wconf 90' lang='lat' dir='ltr'><strong>Dei</strong></span> <span class='ocrx_word' id='word_1_857' title='bbox 1037 2438 1190 2464; x_wconf 84' lang='lat' dir='ltr'><strong>Antiochus</strong></span> <span class='ocrx_word' id='word_1_858' title='bbox 1206 2437 1244 2464; x_wconf 82' lang='lat' dir='ltr'><strong>ait</strong></span> <span class='ocrx_word' id='word_1_859' title='bbox 1259 2436 1297 2463; x_wconf 92' lang='lat' dir='ltr'><strong>illi</strong></span> <span class='ocrx_word' id='word_1_860' title='bbox 1312 2446 1318 2463; x_wconf 87' lang='lat'><strong>:</strong></span> <span class='ocrx_word' id='word_1_861' title='bbox 1334 2437 1386 2464; x_wconf 82' lang='lat' dir='ltr'><strong>Mei</strong></span> <span class='ocrx_word' id='word_1_862' title='bbox 1410 2443 1494 2463; x_wconf 83' lang='lat' dir='ltr'><strong>causa</strong></span> <span class='ocrx_word' id='word_1_863' title='bbox 1515 2443 1550 2463; x_wconf 90' lang='lat' dir='ltr'><strong>ne</strong></span> <span class='ocrx_word' id='word_1_864' title='bbox 1567 2435 1632 2464; x_wconf 80' lang='lat' dir='ltr'><strong>fleas</strong></span> <span class='ocrx_word' id='word_1_865' title='bbox 1650 2435 1692 2464; x_wconf 91' lang='lat' dir='ltr'><strong>vel</strong></span> 
     </span>
    </p>
   </div>
   <div class='ocr_carea' id='block_1_109' title="bbox 905 2481 1691 2519">
    <p class='ocr_par' dir='ltr' id='par_1_109' title="bbox 905 2481 1691 2519">
     <span class='ocr_line' id='line_1_109' title="bbox 905 2481 1691 2519; baseline -0.004 -8"><span class='ocrx_word' id='word_1_866' title='bbox 905 2483 1029 2519; x_wconf 86' lang='lat' dir='ltr'><strong>jejunes;</strong></span> <span class='ocrx_word' id='word_1_867' title='bbox 1048 2483 1094 2510; x_wconf 91' lang='lat' dir='ltr'><strong>sed</strong></span> <span class='ocrx_word' id='word_1_868' title='bbox 1106 2482 1168 2510; x_wconf 81' lang='lat' dir='ltr'><strong>ﬂeto</strong></span> <span class='ocrx_word' id='word_1_869' title='bbox 1180 2487 1206 2510; x_wconf 89' lang='lat' dir='ltr'><strong>et</strong></span> <span class='ocrx_word' id='word_1_870' title='bbox 1219 2483 1352 2517; x_wconf 84' lang='lat' dir='ltr'><strong>jejunato.</strong></span> <span class='ocrx_word' id='word_1_871' title='bbox 1367 2483 1403 2509; x_wconf 91' lang='lat' dir='ltr'><strong>ob</strong></span> <span class='ocrx_word' id='word_1_872' title='bbox 1413 2482 1605 2509; x_wconf 85' lang='lat' dir='ltr'><strong>vestimentum</strong></span> <span class='ocrx_word' id='word_1_873' title='bbox 1619 2481 1691 2516; x_wconf 88' lang='lat' dir='ltr'><strong>quod</strong></span> 
     </span>
    </p>
   </div>
   <div class='ocr_carea' id='block_1_110' title="bbox 907 2527 1691 2562">
    <p class='ocr_par' dir='ltr' id='par_1_110' title="bbox 907 2527 1691 2562">
     <span class='ocr_line' id='line_1_110' title="bbox 907 2527 1691 2562; baseline -0.003 -6"><span class='ocrx_word' id='word_1_874' title='bbox 907 2533 971 2557; x_wconf 79' lang='lat' dir='ltr'><strong>ante</strong></span> <span class='ocrx_word' id='word_1_875' title='bbox 999 2533 1056 2556; x_wconf 89' lang='lat' dir='ltr'><strong>tres</strong></span> <span class='ocrx_word' id='word_1_876' title='bbox 1083 2528 1142 2556; x_wconf 88' lang='lat' dir='ltr'><strong>dies</strong></span> <span class='ocrx_word' id='word_1_877' title='bbox 1168 2528 1274 2556; x_wconf 82' lang='lat' dir='ltr'><strong>furatus</strong></span> <span class='ocrx_word' id='word_1_878' title='bbox 1297 2536 1327 2556; x_wconf 89' lang='lat' dir='ltr'><strong>es</strong></span> <span class='ocrx_word' id='word_1_879' title='bbox 1351 2527 1460 2556; x_wconf 87' lang='lat' dir='ltr'><strong>mulieri</strong></span> <span class='ocrx_word' id='word_1_880' title='bbox 1489 2527 1578 2555; x_wconf 70' lang='lat' dir='ltr'><strong>viduae</strong></span> <span class='ocrx_word' id='word_1_881' title='bbox 1609 2532 1691 2562; x_wconf 84' lang='lat' dir='ltr'><strong>atque</strong></span> 
     </span>
    </p>
   </div>
   <div class='ocr_carea' id='block_1_111' title="bbox 906 2572 1690 2610">
    <p class='ocr_par' dir='ltr' id='par_1_111' title="bbox 906 2572 1690 2610">
     <span class='ocr_line' id='line_1_111' title="bbox 906 2572 1690 2610; baseline -0.005 -8"><span class='ocrx_word' id='word_1_882' title='bbox 906 2582 1009 2610; x_wconf 57' lang='lat' dir='ltr'><strong>egenas.</strong></span> <span class='ocrx_word' id='word_1_883' title='bbox 1027 2574 1151 2608; x_wconf 87' lang='lat' dir='ltr'><strong>Cumque</strong></span> <span class='ocrx_word' id='word_1_884' title='bbox 1176 2574 1225 2600; x_wconf 90' lang='lat' dir='ltr'><strong>tibi</strong></span> <span class='ocrx_word' id='word_1_885' title='bbox 1249 2573 1371 2609; x_wconf 91' lang='lat' dir='ltr'><strong>quinque</strong></span> <span class='ocrx_word' id='word_1_886' title='bbox 1399 2576 1491 2600; x_wconf 88' lang='lat' dir='ltr'><strong>essent</strong></span> <span class='ocrx_word' id='word_1_887' title='bbox 1518 2572 1690 2605; x_wconf 84' lang='lat' dir='ltr'><strong>vestimenta,</strong></span> 
     </span>
    </p>
   </div>
   <div class='ocr_carea' id='block_1_112' title="bbox 908 2618 1692 2654">
    <p class='ocr_par' dir='ltr' id='par_1_112' title="bbox 908 2618 1692 2654">
     <span class='ocr_line' id='line_1_112' title="bbox 908 2618 1692 2654; baseline -0.005 -7"><span class='ocrx_word' id='word_1_888' title='bbox 908 2628 992 2647; x_wconf 92' lang='lat' dir='ltr'><strong>unum</strong></span> <span class='ocrx_word' id='word_1_889' title='bbox 1011 2620 1076 2647; x_wconf 92' lang='lat' dir='ltr'><strong>illud</strong></span> <span class='ocrx_word' id='word_1_890' title='bbox 1103 2619 1191 2647; x_wconf 67' lang='lat' dir='ltr'><strong>vidua:</strong></span> <span class='ocrx_word' id='word_1_891' title='bbox 1211 2619 1383 2654; x_wconf 84' lang='lat' dir='ltr'><strong>subripuisti.</strong></span> <span class='ocrx_word' id='word_1_892' title='bbox 1407 2619 1488 2653; x_wconf 82' lang='lat'><strong>210</strong></span> <span class='ocrx_word' id='word_1_893' title='bbox 1501 2618 1579 2645; x_wconf 91' lang='lat' dir='ltr'><strong>Tunc</strong></span> <span class='ocrx_word' id='word_1_894' title='bbox 1597 2618 1692 2644; x_wconf 83' lang='lat' dir='ltr'><strong>adole-</strong></span> 
     </span>
    </p>
   </div>
   <div class='ocr_carea' id='block_1_113' title="bbox 909 2665 1692 2700">
    <p class='ocr_par' dir='ltr' id='par_1_113' title="bbox 909 2665 1692 2700">
     <span class='ocr_line' id='line_1_113' title="bbox 909 2665 1692 2700; baseline -0.005 -6"><span class='ocrx_word' id='word_1_895' title='bbox 909 2674 991 2694; x_wconf 84' lang='lat' dir='ltr'><strong>scens</strong></span> <span class='ocrx_word' id='word_1_896' title='bbox 1001 2667 1155 2699; x_wconf 86' lang='lat' dir='ltr'><strong>convictus,</strong></span> <span class='ocrx_word' id='word_1_897' title='bbox 1168 2674 1200 2693; x_wconf 86' lang='lat' dir='ltr'><strong>ac</strong></span> <span class='ocrx_word' id='word_1_898' title='bbox 1218 2669 1323 2693; x_wconf 81' lang='lat' dir='ltr'><strong>terrore</strong></span> <span class='ocrx_word' id='word_1_899' title='bbox 1342 2670 1495 2700; x_wconf 89' lang='lat' dir='ltr'><strong>correptus,</strong></span> <span class='ocrx_word' id='word_1_900' title='bbox 1510 2665 1692 2699; x_wconf 77' lang='lat' dir='ltr'><strong>miratusque,</strong></span> 
     </span>
    </p>
   </div>
   <div class='ocr_carea' id='block_1_114' title="bbox 910 2710 1692 2748">
    <p class='ocr_par' dir='ltr' id='par_1_114' title="bbox 910 2710 1692 2748">
     <span class='ocr_line' id='line_1_114' title="bbox 910 2710 1692 2748; baseline -0.004 -9"><span class='ocrx_word' id='word_1_901' title='bbox 910 2720 964 2748; x_wconf 91' lang='lat' dir='ltr'><strong>quo</strong></span> <span class='ocrx_word' id='word_1_902' title='bbox 979 2716 1059 2747; x_wconf 87' lang='lat' dir='ltr'><strong>pacto</strong></span> <span class='ocrx_word' id='word_1_903' title='bbox 1071 2713 1159 2747; x_wconf 81' lang='lat' dir='ltr'><strong>palam</strong></span> <span class='ocrx_word' id='word_1_904' title='bbox 1177 2711 1204 2738; x_wconf 90' lang='lat' dir='ltr'><strong>id</strong></span> <span class='ocrx_word' id='word_1_905' title='bbox 1219 2714 1302 2744; x_wconf 87' lang='lat' dir='ltr'><strong>esset,</strong></span> <span class='ocrx_word' id='word_1_906' title='bbox 1318 2711 1390 2746; x_wconf 90' lang='lat' dir='ltr'><strong>quod</strong></span> <span class='ocrx_word' id='word_1_907' title='bbox 1404 2711 1473 2738; x_wconf 82' lang='lat' dir='ltr'><strong>clam</strong></span> <span class='ocrx_word' id='word_1_908' title='bbox 1485 2710 1530 2737; x_wconf 90' lang='lat' dir='ltr'><strong>ille</strong></span> <span class='ocrx_word' id='word_1_909' title='bbox 1541 2714 1567 2737; x_wconf 86' lang='lat' dir='ltr'><strong>et</strong></span> <span class='ocrx_word' id='word_1_910' title='bbox 1582 2717 1692 2745; x_wconf 85' lang='lat' dir='ltr'><strong>vespere</strong></span> 
     </span>
    </p>
   </div>
   <div class='ocr_carea' id='block_1_115' title="bbox 910 2756 1693 2791">
    <p class='ocr_par' dir='ltr' id='par_1_115' title="bbox 910 2756 1693 2791">
     <span class='ocr_line' id='line_1_115' title="bbox 910 2756 1693 2791; baseline -0.004 -5"><span class='ocrx_word' id='word_1_911' title='bbox 910 2759 986 2786; x_wconf 88' lang='lat' dir='ltr'><strong>solus</strong></span> <span class='ocrx_word' id='word_1_912' title='bbox 1000 2757 1311 2791; x_wconf 84' lang='lat' dir='ltr'><strong>admisisset;abscedit</strong></span> <span class='ocrx_word' id='word_1_913' title='bbox 1335 2761 1463 2787; x_wconf 84' lang='lat' dir='ltr'><strong>tremens.</strong></span> <span class='ocrx_word' id='word_1_914' title='bbox 1489 2756 1621 2791; x_wconf 81' lang='lat' dir='ltr'><strong>alfertque</strong></span> <span class='ocrx_word' id='word_1_915' title='bbox 1642 2764 1693 2783; x_wconf 78' lang='lat' dir='ltr'><strong>sua</strong></span> 
     </span>
    </p>
   </div>
   <div class='ocr_carea' id='block_1_116' title="bbox 909 2803 1691 2840">
    <p class='ocr_par' dir='ltr' id='par_1_116' title="bbox 909 2803 1691 2840">
     <span class='ocr_line' id='line_1_116' title="bbox 909 2803 1691 2840; baseline -0.001 -8"><span class='ocrx_word' id='word_1_916' title='bbox 909 2804 1208 2840; x_wconf 86' lang='lat' dir='ltr'><strong>quinquevestimenta,</strong></span> <span class='ocrx_word' id='word_1_917' title='bbox 1218 2811 1279 2831; x_wconf 90' lang='lat' dir='ltr'><strong>cum</strong></span> <span class='ocrx_word' id='word_1_918' title='bbox 1291 2804 1337 2832; x_wconf 90' lang='lat' dir='ltr'><strong>illo</strong></span> <span class='ocrx_word' id='word_1_919' title='bbox 1349 2803 1383 2831; x_wconf 86' lang='lat' dir='ltr'><strong>ad</strong></span> <span class='ocrx_word' id='word_1_920' title='bbox 1394 2803 1502 2831; x_wconf 79' lang='lat' dir='ltr'><strong>viduam</strong></span> <span class='ocrx_word' id='word_1_921' title='bbox 1518 2803 1691 2838; x_wconf 84' lang='lat' dir='ltr'><strong>pertinente;</strong></span> 
     </span>
    </p>
   </div>
   <div class='ocr_carea' id='block_1_117' title="bbox 104 2891 1063 2929">
    <p class='ocr_par' dir='ltr' id='par_1_117' title="bbox 104 2891 1063 2929">
     <span class='ocr_line' id='line_1_117' title="bbox 104 2891 1063 2929; baseline 0.001 -10"><span class='ocrx_word' id='word_1_922' title='bbox 104 2893 165 2929; x_wconf 81' lang='lat'><strong>(77)</strong></span> <span class='ocrx_word' id='word_1_923' title='bbox 180 2891 333 2929; x_wconf 78' lang='lat' dir='ltr'><strong>Vulgatum,</strong></span> <span class='ocrx_word' id='word_1_924' title='bbox 346 2893 447 2928; x_wconf 75' lang='grc' dir='ltr'>ᾐτήτω,</span> <span class='ocrx_word' id='word_1_925' title='bbox 457 2893 512 2929; x_wconf 88' lang='lat' dir='ltr'><strong>jam</strong></span> <span class='ocrx_word' id='word_1_926' title='bbox 529 2893 556 2921; x_wconf 87' lang='lat' dir='ltr'><strong>in</strong></span> <span class='ocrx_word' id='word_1_927' title='bbox 569 2894 689 2929; x_wconf 77' lang='lat' dir='ltr'><strong>margine</strong></span> <span class='ocrx_word' id='word_1_928' title='bbox 705 2898 857 2922; x_wconf 87' lang='lat' dir='ltr'><strong>correctum</strong></span> <span class='ocrx_word' id='word_1_929' title='bbox 878 2900 944 2922; x_wconf 85' lang='lat' dir='ltr'><strong>erat.</strong></span> <span class='ocrx_word' id='word_1_930' title='bbox 961 2892 1063 2921; x_wconf 75' lang='lat' dir='ltr'><strong>None.</strong></span> 
     </span>
    </p>
   </div>
  </div>
