1924 3059
245 137 297 166 5'19

825 133 855 161 S.
875 133 1106 162 ATHANASlUS.
1127 149 1162 154 —-
1181 134 1318 163 SPURIA.

1823 139 1882 166 580

244 195 406 230 mulierique
421 195 467 222 dat
488 193 590 225 omnia,
609 199 708 228 rogans
724 195 755 220 ut
775 199 868 220 secum
891 193 925 220 ad
940 200 1029 228 genua

1084 191 1129 218 ὅλα
1142 192 1250 219 δίδωσιν
1271 195 1302 229 τῇ
1322 196 1430 228 γυναικὶ
1451 195 1617 231 παρακαλῶν
1636 196 1704 232 αὐτῇ
1726 197 1776 223 σὺν
1799 197 1883 233 αὐτῷ

246 241 318 270 servi
332 241 379 268 Dei
393 241 526 276 procidat.
540 239 576 267 Ut
586 240 682 267 ambos
697 239 764 266 vidit
781 239 827 266 ille
839 239 992 274 prolapsos,
1007 242 1034 266 et

247 295 323 315 reum
354 295 385 315 ex
420 287 503 314 corde
536 286 736 322 pmnitentemp
755 285 868 312 admisit
892 284 968 311 illum
1000 284 1033 311 ad

246 334 371 362 osculum
387 338 525 361 sanctum.
552 333 652 368 Aitque
680 332 843 360 adolescens
864 342 871 360 :
890 331 971 363 Volo,
985 330 1034 358 ἀο-

246 379 321 406 mine
335 378 386 411 nii,’
401 378 495 406 multis
511 377 610 405 diebus
623 376 760 412 jejunare,
777 376 842 411 quia
855 375 942 403 multa
966 377 1033 402 sunt

246 426 359 460 peccata
376 432 445 452 mea.
461 424 510 452 Cui
520 431 620 462 servus
638 423 685 451 Dei
701 433 708 450 -.
727 422 787 456 Quo
801 426 882 458 pacto
905 421 946 449 vis
963 421 1033 456 jeju-

247 471 329 499 nare?
344 471 413 498 Tum
428 471 473 498 ille
489 470 530 497 :A
545 478 625 497 mane
638 476 725 504 usque
742 468 776 495 ad
803 475 958 503 vesperum.
975 467 1033 493 Ait-

245 525 299 553 que
319 517 360 544 illi
391 515 544 543 Antiochus
564 518 579 541 ε·
590 515 649 548 Quo
669 515 695 541 in
719 515 780 542 loco
808 513 886 548 degis
909 513 973 540 dum
995 512 1032 538 ila

245 562 368 589 abstines
384 569 399 588 a
413 561 495 588 cibo?
512 560 562 587 Cui
581 561 644 587 ille:
661 558 773 586 Amicos
787 563 813 586 et
841 559 948 593 negotia
972 565 1033 584 nica

246 607 344 640 inviso,
359 607 423 634 hinc
438 606 577 641 paululum
593 604 711 637 dormio,
729 609 755 631 et
768 611 831 631 cum
855 610 967 638 vespera
985 609 1031 629 ac-

245 653 360 681 cesserit
372 653 464 679 cibum
481 659 570 680 sumo.
586 651 631 678 Ait
646 651 685 678 illi
697 658 794 678 servus
804 649 852 676 Dei
863 648 1029 676 Antiochus:

245 699 302 727 Hoc
313 699 446 734 jejunium
461 707 516 726 non
537 702 589 726 est.
607 698 675 725 Nam
694 699 718 726 si
736 705 752 724 a
763 697 833 725 cibis
844 696 992 728 abstineas,
1005 700 1032 723 et

245 745 273 772 in
289 745 407 780 aliquem
429 745 577 775 obtrectes,
590 745 632 771 vel
650 744 805 778 quempiam
816 742 970 770 contristes
990 741 1031 769 vel

244 791 439 819 calumnicris:
458 795 504 818 aut
527 791 550 819 si
577 794 640 826 post
664 790 782 825 priorem
806 788 1031 824 disceptationem

244 836 351 871 injuria:
365 837 524 864 memoriam
539 837 674 869 retineas;
694 836 716 863 si
730 835 794 862 item
803 842 917 871 vespere
928 834 1030 861 lautam

243 890 324 918 pares
337 890 455 916 cmnam,
470 887 550 917 teque
580 882 700 910 inebries
720 889 752 908 ac
773 881 864 916 turpia
878 884 1028 916 perpetres,

244 932 291 956 aut
309 929 332 956 si
359 929 456 956 horum
472 929 613 964 quidpiam
635 928 833 964 concupiscas;
854 927 940 954 multo
960 934 1030 961 prae-

244 973 371 1000 stabilius
383 973 432 1000 tibi
443 977 495 1006 est,
512 977 541 1000 ut
554 974 702 1008 quinquies
714 972 836 1008 quotidie
851 971 989 1004 comedas,
1004 975 1032 999 et

244 1018 320 1045 hisce
332 1018 414 1045 rebus
427 1017 576 1050 abstineas,
592 1024 674 1052 quam
691 1021 721 1044 ut
734 1017 801 1044 nihil
813 1019 907 1051 gustes
917 1021 944 1043 et
956 1015 1031 1043 hisce

244 1064 325 1091 rebus
337 1068 363 1091 te
378 1064 566 1091 commisceas.
580 1062 715 1095 Quidnam
732 1062 860 1089 utilitatis
875 1061 954 1088 all'ert
968 1061 1031 1089 abs-

243 1109 358 1136 tinentia
373 1116 388 1135 a
409 1108 495 1140 cibis,
519 1107 543 1135 si
569 1107 644 1135 omni
661 1107 714 1134 alia
739 1107 964 1142 concupiscentia
980 1107 1031 1133 im-

243 1154 353 1189 pleare?
364 1154 404 1180 An
419 1154 528 1188 ignoras
541 1160 604 1180 eum
621 1153 669 1188 qui
687 1160 766 1180 suam
792 1152 886 1188 implet
901 1153 1031 1186 concupi-

243 1200 387 1231 scentiam.
404 1199 446 1226 vel
462 1199 551 1226 solum
569 1204 670 1231 mente,
683 1199 747 1226 licet
771 1199 894 1227 externis
909 1206 965 1225 non
989 1206 1031 1226 sa-

243 1245 326 1272 tietur
344 1245 423 1277 cibis,
434 1245 490 1279 jam
503 1249 628 1273 saturum
653 1250 681 1273 et
703 1245 811 1273 ebrium
836 1245 915 1273 esse?
936 1244 990 1271 Sed
1005 1244 1030 1272 si

242 1288 311 1315 velis
327 1293 509 1323 temperanter
535 1297 615 1324 agere
639 1293 666 1317 et
686 1289 822 1324 jejunare,
843 1293 873 1316 ut
894 1289 1030 1324 jejunium

243 1337 320 1361 tuum
331 1334 386 1362 Deo
401 1335 436 1362 sit
454 1339 609 1371 acceptum,
628 1336 746 1370 primum
767 1336 889 1363 omnium
912 1336 1030 1364 observa

243 1384 273 1406 ut
291 1379 400 1414 jejunes
416 1381 450 1408 ab
476 1381 550 1408 omni
566 1389 651 1416 pravo
675 1389 802 1409 sermone
825 1381 990 1417 proferendo
1002 1385 1030 1409 et

243 1425 404 1453 audiendo:
422 1430 449 1453 et
476 1434 563 1462 purga
582 1434 631 1454 cor
657 1431 734 1454 tuum
758 1427 792 1454 ab
812 1428 887 1455 omni
902 1428 1030 1463 inquina-

243 1475 346 1503 mento,
367 1471 531 1507 injuriarum
558 1473 702 1506 memoria,
726 1474 813 1508 turpis
833 1474 903 1501 lucri
925 1481 1028 1501 amore.

243 1515 276 1543 Et
291 1525 344 1552 qua
357 1517 401 1545 die
412 1518 591 1554 jejunaveris,
608 1526 689 1554 pane,
709 1519 831 1547 oleribus
846 1524 953 1555 etaqua
962 1527 1029 1547 con-
1041 1535 1064 1565 α

242 1569 335 1593 tentus
346 1569 415 1600 esto,
432 1567 589 1602 gratiasque
600 1567 656 1595 Deo
672 1575 748 1603 agas.
761 1567 924 1604 Computato
937 1573 1028 1596 autem

242 1611 350 1647 prandii
366 1612 439 1647 quod
453 1620 485 1640 eo
501 1613 546 1641 die
561 1617 723 1649 sumpturus
744 1621 806 1642 eras
824 1614 924 1649 pretio,
947 1622 1029 1650 eroga

242 1657 340 1690 viduae,
363 1658 498 1699 orphano,
519 1666 617 1694 egeno,
642 1659 690 1694 qui
715 1659 826 1695 impleta
852 1660 944 1688 anima
967 1668 1027 1694 sua,

242 1704 332 1732 orabit
344 1712 394 1739 pro
410 1709 436 1731 te
448 1704 602 1732 Dominum.
620 1704 649 1732 Si
666 1713 730 1740 ergo
752 1705 904 1741 jejunium,
918 1710 949 1734 ut
964 1713 1030 1741 prae-

243 1749 342 1784 scripsi
357 1749 417 1782 tibi,
430 1750 604 1784 persolveris,
626 1750 793 1778 sacriﬁcium
820 1755 897 1778 tuum
913 1752 965 1778 erit
980 1759 1028 1779 ac-

241 1797 350 1828 ceptum
360 1793 386 1820 in
397 1798 547 1829 conspectu
558 1793 676 1828 Domini,
686 1800 714 1823 et
723 1795 893 1830 descriptum
908 1796 936 1824 in
950 1797 1029 1825 ctelis

242 1839 271 1866 in
285 1838 329 1866 die
341 1839 528 1867 retributionis
542 1840 677 1868 bonorum
698 1841 784 1876 justis
798 1846 1026 1877 praeparatorum.

1085 239 1249 272 προσπεσεῖν
1264 239 1303 274 τῷ
1315 239 1400 275 δούλῳ
1413 240 1460 266 τοῦ
1475 240 1552 267 Θεοῦ.
1571 239 1643 266 Ἰδὼν
1656 241 1684 266 δὲ
1699 241 1883 278 ἀμφοτέρους

1085 283 1304 317 προσπίπτοντας
1319 285 1365 311 καὶ
1384 285 1438 311 ἀπὸ
1455 285 1567 321 καρδίας
1587 286 1632 312 τὸν
1654 286 1739 313 αἴτιον
1759 296 1884 322 μετανο-

1083 329 1174 360 οὖντα,
1192 330 1316 363 ἐδέξαντο
1328 331 1408 357 αὑτὸν
1425 332 1453 357 ἐν
1478 332 1611 368 φιλήματι
1628 332 1708 368 ἁγίῳ.
1726 333 1782 360 Καὶ
1799 334 1883 368 λέγει

1083 375 1097 401 ὁ
1114 374 1260 411 νεώτεροςυ
1274 375 1359 408 Θέλω,
1370 376 1449 412 κύριέ
1464 377 1679 413 μου,νηστεῦσαι
1694 378 1796 411 πολλάς
1807 380 1884 415 ἡμέ-

1084 429 1144 456 ρας.
1159 422 1200 448 ὅτι
1216 422 1311 448 πολλαί
1324 423 1393 450 εἰσιν
1406 425 1434 450 αἰ
1447 424 1580 459 ἁμαρτίαι
1594 433 1656 459 μου.
1675 425 1756 459 Λέγει
1769 426 1851 461 αὐτῷ
1865 427 1883 452 ὁ

1083 463 1174 497 δοῦλος
1188 465 1234 492 τοῦ
1252 466 1319 493 Θεοῦ
1334 476 1339 481 ·
1359 467 1444 504 [Πῶς]
1461 467 1547 500 Θέλεις
1559 469 1703 504 νηστεῦσαι
1719 478 1727 502 ;
1748 471 1778 496 '0
1792 471 1825 498 δὲ
1840 469 1885 498 εἷ-

1083 522 1133 540 πεν
1145 513 1219 547 αὐτῷ
1228 521 1234 527 ·
1253 512 1356 548 (78-79)
1377 513 1442 539 Ἀπὸ
1458 513 1506 540 τοῦ
1526 514 1599 549 πρωϊ
1613 515 1664 546 ἕως
1674 515 1805 551 ἑσπέρας.
1819 517 1882 544 Καὶ

1083 558 1157 592 λέγει
1185 557 1259 592 αὑτῷ
1281 558 1296 583 ὁ
1315 557 1448 594 Ἀντίοχος
1460 567 1467 574 ⁸
1483 559 1538 585 Καὶ
1555 559 1591 594 μὴ
1618 559 1731 594 τρώγων
1750 560 1803 587 ποῦ
1818 561 1882 588 διά-

1081 613 1160 638 γεις;
1180 605 1208 631 '0
1221 604 1248 630 δὲ
1263 602 1322 630 εἷπε
1334 613 1341 619 ·
1359 604 1428 635 Τοὺς
1439 605 1532 638 φίλους
1547 605 1639 632 καὶτὰ
1656 606 1807 642 πράγματά
1824 616 1880 642 μου

1083 652 1184 687 βλέπω,
1202 651 1251 678 καὶ
1268 651 1348 678 πάλιν
1364 650 1454 685 ὀλίγον
1469 651 1600 684 καθεύδω,
1616 652 1662 679 καὶ
1677 653 1742 679 ὅταν
1758 654 1878 689 γένηται

1082 697 1196 733 ἑσπέρα,
1207 695 1416 732 μεταλαμϐάνω.
1429 696 1511 730 Λέγει
1527 696 1600 732 αὐτῷ
1614 697 1628 722 ὁ
1641 696 1734 728 δοῦλος
1746 698 1793 725 τοῦ
1805 698 1880 724 Ε)εοῦ

1088 742 1241 777 Ἀντίοχος·
1266 741 1351 768 Τοῦτο
1373 741 1423 768 οὐκ
1445 741 1501 768 ἔστι
1524 742 1645 777 νηστεία.
1670 742 1732 770 Ἐὰν
1751 743 1806 779 γὰρ
1827 753 1879 779 νη-

1083 787 1198 824 στεύσῃς
1217 787 1270 814 ἀπὸ
1285 786 1436 822 βρωμάτων
1451 787 1498 814 καί
1513 796 1573 815 τινα
1591 787 1779 824 κακολογήσῃς
1794 790 1810 824 ἢ
1831 789 1883 816 λυ-

1081 833 1173 869 πήσῃς
1198 833 1214 868 ἢ
1240 832 1418 868 διαϐάλῃς,ἢ
1444 834 1653 870 μνησικακήσῃς
1667 834 1720 861 ἀπὸ
1736 836 1880 871 προτέρας

1083 878 1215 914 μάχης,ἢ
1241 873 1360 914 ἑσπέρας
1384 879 1500 916 ποιήσῃς
1526 880 1673 915 πολύτιμον
1694 880 1810 914 δεῖπνον,
1829 883 1881 908 καὶ

1080 923 1150 960 ἄρξῃ
1168 923 1362 959 μεθύσκεσθαι,
1376 924 1392 960 ἢ
1409 925 1510 961 αἰσχρά
1525 926 1700 961 ἐργάζεσθαι,
1716 927 1732 962 ἢ
1751 929 1812 954 κατ’
1830 928 1878 954 ἓν-

1080 977 1155 995 νοιαν
1175 968 1320 1004 ἐπιθυμεῖν
1351 978 1376 996 τι
1401 969 1540 996 τοιοῦτον·
1566 972 1633 998 πολὺ
1667 972 1801 1007 συμφέρει
1834 981 1879 998 σοι

1080 1016 1205 1051 πέμπτον
1218 1015 1268 1051 τῆς
1288 1016 1396 1052 ἡμέρας
1415 1016 1515 1042 ἐσθίειν
1530 1017 1577 1043 καὶ
1597 1016 1700 1044 τούτων
1714 1018 1877 1052 φείσασθαι,

1080 1061 1096 1096 ἢ
1121 1062 1158 1097 μὴ
1181 1062 1348 1097 γευσάμενον
1372 1061 1487 1093 ἐκείνοις
1513 1063 1712 1098 συμφύρεσθαι.
1745 1064 1793 1095 Τίς
1819 1064 1878 1100 γὰρ

1079 1107 1198 1142 ὡφέλεία
1217 1107 1369 1143 βρωμάτων
1385 1108 1535 1144 ἀπέχεσθαι
1545 1130 1552 1142 ,
1567 1109 1658 1144 πάσης
1674 1110 1703 1137 δὲ
1720 1110 1803 1146 ἄλλης
1818 1111 1879 1137 ἐπι-

1080 1153 1181 1188 θυμίας
1203 1153 1401 1189 ὲμφορεῖσθαις
1419 1155 1455 1181 Ἣ
1481 1155 1531 1182 οὐκ
1550 1153 1625 1187 οἶδας
1644 1156 1684 1182 ὃτι
1708 1157 1762 1186 πᾶς
1785 1157 1800 1182 ὁ
1823 1157 1877 1191 τὴν

1079 1199 1226 1235 ἐπιθυμίαν
1241 1199 1324 1226 αὐτοῦ
1344 1199 1456 1236 πληρῶν
1469 1200 1529 1227 κατ’
1543 1200 1647 1227 ἔννοιαν
1665 1202 1711 1228 καὶ
1727 1202 1804 1233 ἐκτὸς
1817 1203 1877 1228 τῶν

1080 1245 1179 1278 ἔξωθεν
1196 1245 1348 1281 βρωμάτων
1363 1246 1414 1281 ἠδη
1430 1246 1590 1282 κεκόρεσται
1607 1247 1653 1274 καὶ
1668 1247 1762 1282 μεθύει
1775 1255 1782 1279 ;
1800 1247 1877 1274 ’Δλλ’

1080 1292 1105 1317 εί
1121 1291 1207 1323 θέλεις
1229 1291 1464 1327 ὲγκρατεύσασϐαι
1485 1292 1532 1318 καὶ
1545 1293 1708 1328 νηστεῦσαι,
1730 1294 1773 1320 ἵνα
1792 1294 1809 1328 ἡ
1828 1303 1877 1329 νη-

1080 1336 1156 1362 στεία
1173 1345 1218 1362 σου
1233 1335 1314 1372 δεκτὴ
1360 1336 1400 1372 τῷ
1421 1336 1498 1372 Θεῷ,
1513 1337 1620 1373 πρῶτον
1634 1337 1742 1364 πάντων
1756 1337 1876 1372 φύλαξαι

1079 1381 1220 1415 νηστεύειν
1243 1381 1296 1408 ἀπὸ
1322 1382 1423 1415 παντὸς
1442 1384 1564 1418 ῥήματος
1587 1384 1704 1419 πονηροῦ
1723 1385 1771 1411 καὶ
1787 1386 1877 1420 ἀχοῆ;

1081 1429 1213 1463 πονηρᾶς,
1226 1429 1273 1455 καὶ
1287 1428 1435 1464 καθάρισον
1449 1437 1496 1456 σου
1512 1429 1562 1465 τὴν
1576 1430 1690 1466 καρδίαν
1703 1431 1757 1458 ἀπὸ
1770 1433 1875 1464 παντὸς

1082 1474 1219 1510 μολυσμοῦ
1237 1475 1284 1501 καί⁵
1303 1476 1485 1510 μνησικακίας
1497 1477 1554 1503 ’καὶ
1570 1477 1801 1513 αἰσχροκερδείας.
1818 1479 1876 1506 Καὶ

1081 1521 1109 1548 ὲν
1123 1521 1214 1556 ἡμέρᾳ
1264 1521 1405 1558 νηστεύεις
1421 1522 1571 1559 ἀρκέσθητι
1588 1524 1662 1559 ἄρτῳ
1682 1525 1729 1551 καὶ
1745 1525 1875 1560 λαχάνοις

1081 1567 1128 1594 καὶ
1146 1566 1232 1599 ὕδατι,
1248 1567 1417 1602 εὐχαριστῶν
1436 1568 1476 1604 τῷ
1493 1569 1562 1605 Θεῷ.
1584 1570 1765 1606 Συμψηφίσας
1778 1572 1807 1598 δὲ
1824 1573 1875 1608 τὴν

1081 1613 1218 1649 ποσότητα
1243 1613 1292 1649 τῆς
1326 1613 1447 1650 δαπάνης
1473 1614 1520 1641 τοῦ
1556 1615 1669 1651 ἀρίστου
1700 1614 1731 1644 οὖ
1761 1617 1875 1652 ἔμελλες

1081 1659 1182 1686 ἐσθίειν
1196 1660 1255 1686 κατ’
1268 1659 1375 1695 ἐκείνην
1391 1660 1441 1696 τὴν
1455 1661 1573 1697 ἡμέραν,
1591 1661 1636 1693 δὸς
1648 1663 1720 1699 χήρᾳ
1732 1664 1748 1698 ἢ
1762 1663 1875 1699 ὀρφανῷ

1082 1705 1098 1740 ἢ
1125 1704 1310 1740 στερουμένῳ·
1329 1703 1420 1740 (πρὸς)
1444 1704 1474 1731 ὃν
1498 1705 1531 1741 δὴ
1556 1706 1647 1740 σαφῶς
1664 1707 1804 1742 ἐμπλήσας
1823 1708 1875 1742 τὴν

1082 1750 1179 1776 ἑαυτοῦ
1192 1750 1293 1785 ψυχὴν,
1307 1749 1416 1783 εὔξεται
1439 1750 1510 1787 ὑπὲρ
1527 1751 1573 1777 σοῦ
1592 1752 1659 1787 πρὸς
1675 1752 1785 1787 Κύριον.
1809 1753 1874 1780 Ἐὰν

1081 1795 1128 1823 οὖν
1141 1795 1252 1831 τελέσῃς
1265 1795 1313 1832 τὴν
1325 1796 1463 1831 νηστείαν,
1475 1797 1513 1828 ὡς
1532 1797 1708 1833 ἐνετειλάμην
1729 1807 1780 1830 σοι,
1795 1798 1873 1825 ἔσται

1081 1843 1098 1878 ή
1115 1841 1196 1868 θυσία
1221 1849 1268 1868 σου
1285 1841 1366 1877 δεκτὴ
1389 1841 1504 1870 ἐνώπιον
1519 1843 1624 1878 Κυρίου
1643 1844 1690 1870 καὶ
1715 1844 1874 1881 ἐγγεγραμο

245 1887 313 1922 μένη
331 1887 361 1914 ὲν
382 1888 439 1919 τοῖς
460 1887 584 1924 οὐρανοῖς
598 1888 628 1915 ἐν
649 1887 742 1924 ἡμέρᾳ.
765 1889 969 1922 ἀνταποδόσεως
992 1891 1048 1918 τῶν
1067 1889 1276 1926 ἡτοιμασμένων
1295 1888 1405 1924 ἀγαθῶν
1428 1890 1484 1922 τοῖς
1503 1889 1626 1922 δικαίοις.

277 1969 326 1998 His
341 1969 442 1998 auditis
453 1969 624 2003 adolescens,
640 1970 822 2005 omnibusque
841 1971 944 1999 relictis
967 1979 1027 2000 ser-

242 2023 306 2043 vum
322 2015 369 2043 Dei
381 2015 407 2043 vi
424 2015 557 2051 compulit
575 2021 604 2043 ut
632 2023 663 2043 se
684 2016 817 2050 reciperet
839 2016 867 2044 in
892 2022 1031 2046 monaste-

243 2063 325 2090 rium.
337 2062 377 2089 Ac
391 2065 503 2089 secutus
514 2061 602 2094 illum,
623 2062 796 2098 servatisque
823 2063 952 2091 omnibus
969 2071 1030 2099 quae

243 2109 278 2136 ab
288 2116 321 2136 eo
332 2108 477 2141 didicerat,
493 2112 576 2144 atque
590 2115 663 2136 anno
686 2116 741 2137 uno
762 2109 792 2136 in
812 2116 910 2145 magna
923 2113 1030 2145 tempe-

242 2156 342 2188 rantia,
368 2155 498 2190 lacrymis
515 2159 543 2182 et
573 2154 719 2190 gemitibus
748 2162 890 2190 percurso,
908 2155 937 2182 in
962 2162 1030 2190 pace

243 2202 418 2235 obdormivit,
431 2200 598 2236 tradiditque
615 2200 730 2228 Domino
750 2201 889 2236 spiritum.

278 2247 323 2275 t7.
344 2247 451 2282 Elapsis
469 2247 560 2274 tribus
576 2247 667 2280 annis,
682 2254 746 2274 mox
763 2247 928 2274 moriturum
936 2254 1031 2274 mona-

243 2293 321 2321 sterii
335 2292 493 2328 prafectum
520 2292 631 2327 quidam
648 2292 737 2320 sancti
748 2292 870 2327 episcopi
884 2292 974 2320 visum
987 2299 1031 2320 ve-

243 2342 366 2367 nerunt:
383 2338 544 2373 rogavitque
573 2338 634 2366 illos
668 2337 826 2373 praefectus,
852 2341 883 2365 ut
911 2337 1026 2365 fratrum

243 2390 390 2417 amantem,
403 2384 567 2420 injuriarum
582 2384 768 2412 immemorem
787 2387 815 2412 et
832 2383 962 2411 humilem
972 2383 1028 2410 An-

243 2431 363 2459 tiochum
393 2431 436 2458 sui
451 2431 512 2458 loco
532 2430 732 2458 constituerent
754 2439 761 2457 :
777 2437 839 2465 quae
862 2429 958 2458 eadem
971 2433 1030 2458 erat

244 2478 358 2505 fratrum
382 2478 505 2505 omnium
526 2477 687 2513 postulatio.
721 2475 904 2512 Repugnante
927 2475 975 2503 illo
998 2482 1030 2503 ac

244 2525 467 2560 collacrymantc,
479 2531 577 2559 magna
591 2523 619 2551 vi
649 2523 772 2559 episcopi
799 2522 916 2550 invitum
940 2522 1028 2554 illum,

244 2577 306 2597 cum
321 2570 397 2605 prius
409 2569 584 2597 ordinassent
603 2569 804 2605 presbyterum,
824 2569 1030 2596 constituerunt

244 2620 271 2644 et
285 2617 467 2652 hegumenum
487 2623 535 2644 seu
551 2615 720 2650 praefectum.
732 2616 772 2642 Ac
793 2621 857 2642 cum
882 2613 1029 2650 praefectus

245 2667 332 2691 totum
354 2663 406 2698 ipsi
425 2663 453 2690 in
465 2661 576 2690 Christo
592 2661 710 2689 fratrum
724 2664 828 2689 coetum
840 2659 1031 2688 commendas-

245 2708 297 2744 set,
325 2709 490 2737 obdormivit
514 2709 542 2736 in
560 2716 638 2743 pace.
666 2707 803 2743 Suscepta
825 2707 910 2742 igitur
935 2705 1031 2740 hujus-

245 2757 318 2784 modi
334 2763 399 2784 cura
410 2755 561 2784 Antiochus
574 2755 602 2783 in
618 2755 705 2782 multo
720 2754 822 2788 studio,
837 2752 1030 2788 temperantia,

1120 1970 1214 1998 Ταῦτα
1223 1970 1342 2002 ἀκούσας
1352 1971 1367 1997 ὁ
1378 1969 1520 2006 νεώτερος,
1531 1970 1578 1997 καὶ
1593 1970 1758 2005 καταλείψας
1772 1971 1870 2004 πάντα,

1082 2017 1210 2046 ἐϐιάσατο
1229 2017 1274 2044 τὸν
1290 2017 1383 2044 δοῦλον
1399 2017 1446 2044 τοῦ
1464 2017 1531 2043 Θεοῦ
1552 2017 1644 2043 λαϐεῖν
1661 2017 1742 2044 αὐτὸν
1763 2018 1801 2049 είς
1821 2018 1872 2054 τὴν

1085 2064 1178 2100 μονήν.
1196 2064 1252 2090 Kal
1267 2063 1453 2099 ἀκολουθήσας
1472 2062 1555 2099 αὐτῷ,
1576 2063 1666 2090 πάντα
1681 2064 1731 2090 ὅσα
1747 2063 1869 2100 ἐδιδάχθη

1082 2110 1148 2145 παρ’
1160 2109 1243 2136 αὑτοῦ
1255 2109 1385 2144 φυλάξας,
1396 2109 1426 2135 ὲν
1443 2108 1527 2144 πολλῇ
1540 2109 1686 2146 ἐγκρατείᾳ
1698 2110 1746 2136 καὶ
1756 2109 1870 2145 δάκρυσι

1083 2155 1130 2182 καὶ
1142 2156 1304 2190 στεναγμοῖς
1313 2153 1459 2190 πληρώσας
1469 2153 1604 2181 ἐνιαύσιον
1618 2155 1723 2190 χρόνον,
1733 2155 1761 2181 ἐν
1775 2156 1870 2191 εἰρήνῃ

1046 2199 1068 2226 Ι)
1082 2201 1226 2237 ἐκοιμήθη,
1247 2200 1384 2235 παραδοὺς
1398 2199 1429 2226 τὸ
1441 2200 1549 2236 πνεῦμα
1563 2200 1602 2236 τῷ
1616 2200 1722 2235 Κυρίῳ.

1119 2247 1163 2274 17.
1180 2247 1236 2273 Καὶ
1255 2245 1324 2282 μετά
1340 2245 1404 2281 τρία
1425 2245 1483 2280 ἔτη,
1502 2245 1705 2281 μέλλοντοςντοῢ
1720 2245 1867 2281 ἡγουμένου
1881 2265 1890 2283 ί

1082 2293 1132 2328 τῆς
1147 2292 1231 2328 μονῆς
1250 2291 1389 2327 τελευτᾷν,
1402 2289 1483 2326 ἦλθον
1496 2291 1536 2322 εἰς
1547 2290 1690 2325 ἐπίσκεψιν
1703 2290 1786 2317 αὐτοῦ
1799 2299 1870 2321 τινες

1086 2338 1159 2373 ἅγιοι
1173 2339 1316 2365 ἐπίσκοποι
1326 2347 1332 2353 ·
1344 2338 1391 2364 καὶ
1406 2337 1555 2373 παρεκάλει
1572 2337 1669 2368 αὐτοὺς
1683 2337 1697 2362 ὁ
1709 2336 1868 2376 ἡγούμενος,

1085 2386 1160 2416 ὅπως
1181 2385 1238 2411 ἀντ’
1262 2383 1345 2411 αὑτοῦ
1362 2383 1407 2409 τὸν
1433 2382 1593 2418 φιλάδελφον
1616 2382 1663 2409 καὶ
1683 2383 1870 2418 άμνησίκακον

1083 2431 1130 2458 και
1147 2430 1346 2465 ταπεινόφρονα
1355 2429 1492 2463 Ἀντίοχον
1507 2429 1696 2463 καταστήσωσι
1710 2437 1716 2442 ·
1732 2428 1870 2455 καὶθπᾱσα

1082 2476 1111 2502 δὲ
1125 2477 1141 2511 ή
1156 2474 1304 2509 ἀδελφότης
1325 2472 1540 2509 συμπαρεκάλει.
1565 2472 1618 2498 Τοῦ
1643 2471 1672 2498 δὲ
1686 2472 1870 2506 ἀντιλέγοντος

1083 2521 1130 2549 καὶ
1143 2521 1315 2557 ὀδυρομένου,
1337 2519 1405 2555 μετά
1423 2517 1523 2554 πολλῆς
1536 2518 1596 2553 βίας
1611 2518 1658 2545 καὶ
1672 2518 1794 2554 ἀνάγκης
1813 2528 1871 2554 χει-

1085 2567 1276 2603 ροτονήσαντες
1291 2566 1384 2593 τοῦτον
1398 2566 1422 2592 οἱ
1442 2564 1583 2591 ἐπίσκοποι
1602 2564 1784 2600 πρεσϐύτερον
1800 2574 1867 2592 κατι

1083 2614 1201 2648 ἔστησαν
1222 2612 1270 2639 καὶ
1291 2611 1451 2647 ἡγούμενον.
1478 2611 1533 2637 Καὶ
1558 2610 1745 2646 παραθέμενος
1769 2611 1841 2647 αὺτῷ
1855 2614 1870 2639 ὁ

1083 2659 1233 2695 ἡγούμενος
1254 2659 1344 2685 πᾶσαν
1361 2657 1410 2693 τὴν
1431 2657 1460 2684 ὲν
1481 2656 1592 2693 Χριστῷ
1607 2657 1784 2693 ἀδελφότητα,
1803 2659 1870 2685 ἐκοι-

1085 2704 1158 2740 μήθη
1177 2705 1206 2730 ὲν
1219 2704 1324 2740 εἰρήνῃ.
1350 2702 1446 2729 Λαϐὼν
1463 2699 1509 2729 οὖν
1523 2701 1572 2737 τὴν
1592 2702 1717 2737 φροντίδα
1735 2703 1750 2728 ό
1769 2703 1869 2729 ’Avrio-

1085 2759 1141 2787 χος,
1158 2751 1187 2778 ὲν
1200 2749 1283 2786 πολλῇ
1302 2749 1403 2784 σπουδῇ
1429 2748 1476 2775 καὶ
1493 2748 1641 2784 ἐγκρατείᾳ
1662 2748 1709 2774 καὶ
1733 2748 1869 2785 ἀγρυπνίᾳ

282 2857 385 2895 (78—79)
407 2856 468 2886 Haec
486 2865 518 2885 ex
537 2856 606 2884 libro
633 2863 650 2883 ιι
673 2855 780 2883 Henna
804 2854 867 2883 hinc
885 2854 949 2882 inde
968 2855 1103 2887 excerpta.
