1924 3059
67 155 123 184 581

591 152 765 181 DOCTRINA
786 151 831 179 AD
851 151 1054 180 ANTIOCHUM
1073 152 1202 181 DUCEM.

1645 153 1698 182 532

69 214 121 240 καὶ
136 212 230 249 εὐχαῖς
241 212 368 239 διετέλει·
385 211 469 238 πολλά
483 219 513 237 τε
531 209 646 247 [ἔνδοξα]
660 211 708 238 κα)⁸
727 208 862 245 κατοροώ-

915 209 1014 245 vigiliis
1023 215 1051 238 et
1059 211 1231 239 orationibus
1245 212 1456 246 perseverabat:
1472 211 1612 247 multaque
1627 219 1697 247 pra:-

71 268 149 294 ματα
162 258 309 284 διεπετέλει
326 259 340 284 6
356 257 483 292 Χριστός.

108 306 155 332 18.
173 304 228 331 Καὶ
256 303 324 339 μετὰ
344 303 390 330 δύο
411 303 457 339 ἐτη
472 303 519 330 τοῦ
541 302 695 338 ἡγήσασθαι
712 301 792 328 αὑτὸν
814 301 864 336 τῆς

71 351 160 387 μονῆς
177 350 224 376 δύο
247 349 357 384 ἀδελφοὶ
373 349 526 384 ὀλιγόψυχοι
547 349 623 383 κοινῇ
643 346 740 382 γνώμῃ
754 345 864 381 ἐξῆλθον

69 395 120 422 τοῦ
140 395 336 430 μοναστηρίου,
352 395 399 420 καὶ
422 393 591 429 ἐπέστρεψαν
607 393 644 423 ὡς
667 392 740 418 κύων
755 392 802 417 ἐπὶ
817 391 863 418 τὸν

71 441 143 467 εδιον
158 440 256 475 ὲμετὸν
270 439 461 470 σπαταλῶντες
475 439 523 465 καὶ
540 437 725 474 ἐντρυφῶντες
739 437 785 463 ἐπὶ
804 437 864 468 ταῖς

71 486 214 521 βιωτικαῖς
229 485 392 519 ἀσελγείαις.
407 485 462 511 Kal
470 484 555 511 ταῦτα
575 483 666 519 μαθὼν
681 484 695 509 ό
709 482 800 514 δοῦλος
816 481 862 508 τοῦ

70 532 143 559 Θεοῦ
167 531 300 566 ’Δντίοχος
326 531 396 558 πάνυ
418 530 526 565 ἔθλιψεν
552 529 647 556 ἑαυτὸν
672 528 777 564 θρηνῶν
801 529 863 560 τοὺς

69 577 120 604 δύο
142 576 289 611 ἀδελφοὺς,
311 577 358 603 καὶ
381 575 474 602 ἐδέετο
499 575 562 610 περὶ
582 573 671 600 αὐτῶν
685 573 733 599 τοῦ
748 573 860 608 Κυρίου.

69 623 236 651 Ψαλλόντων
250 623 279 648 δὲ
304 622 392 649 αὐτῶν
408 622 458 657 τὴν
479 621 587 656 ἐνάτην,
600 620 638 652 ὡς
656 620 745 646 ἐκλινε
763 618 797 645 τὰ
817 619 863 653 γόέ

71 677 143 697 νατα
164 670 212 696 σὺν
233 670 289 700 τοῖς
310 668 445 702 ἀδελφοῖς,
466 667 577 701 γέγονεν
598 667 628 693 ἐν
649 666 792 698 ἐκστάσει,
816 665 863 691 καὶ

72 715 316 751 παραλαμϐάνεται
342 715 358 750 ὴ
381 714 453 750 ψυχὴ
476 713 558 740 αὑτοῦ
578 713 631 739 ὑπὸ
652 712 779 746 ἀγγέλου.
807 711 862 738 Kal

72 761 176 796 πολλῆς
201 760 276 796 ὥρας
306 759 510 796 παρελθούσης,
541 759 587 786 καὶ
621 758 657 794 μὴ
687 757 861 793 ἐγειρομένου

69 806 178 839 αὑτοῦ,
207 806 343 841 ἐγείρεται
372 807 386 832 6
411 805 584 841 δευτεράριος
598 803 698 836 αὑτοῦ,
729 803 777 830 καὶ
803 802 861 838 μετ’

70 853 224 884 ἐπιεικείας
243 851 391 888 παρεκάλει
411 851 580 885 ἀναστῆναι,
608 850 654 876 καὶ
681 849 786 876 τελέσαι
813 849 861 885 τὴν

70 898 243 934 λειτουργίαν
274 898 325 932 τῆς
362 897 454 932 εὐχῆς.
483 897 526 928 Ὡς
560 896 588 923 δὲ
621 894 711 928 εἶδον,
741 896 781 922 ὅτι
811 896 861 922 οὐκ

70 943 106 981 ἧν
132 945 207 980 φωνὴ
229 944 276 970 καὶ
299 944 348 970 οὐκ
370 941 404 979 ἧν
427 942 558 978 ἀκρόασις
572 962 579 974 ,
606 941 757 977 ἐγνώρισαν
779 941 862 967 ὀπτα-

71 990 135 1016 σίαν
161 989 242 1016 αὐτὸν
276 988 383 1023 βλέπειν
419 989 466 1014 καὶ
495 987 687 1023 ,ὑπεχώρησαν
727 987 773 1013 ἀπ’
807 986 863 1013 αὑ·-

69 1035 119 1062 τοῦ
146 1034 339 1070 πληρώσαντες
360 1034 404 1060 τὸν
424 1033 533 1061 κανόνα.
557 1033 707 1065 Μέλλοντος
723 1032 751 1059 δὲ
776 1031 862 1059 δύνειν

68 1081 119 1108 τοῦ
136 1081 213 1116 ἡλίου
230 1080 331 1116 κράξας
346 1078 423 1106 εἶπεν
434 1088 441 1095 ’
458 1079 527 1112 Δόξα
544 1088 595 1112 σοι,
612 1080 627 1105 6
642 1079 718 1112 Θεὸς,
732 1078 796 1112 δόξα
810 1087 861 1105 σοι.

72 1127 140 1154 Τότε
162 1125 315 1162 προσ-ἦλθον
334 1125 408 1161 αὐτῷ
431 1126 506 1152 πᾶσα
527 1126 544 1161 ὴ
568 1125 686 1158 συνοδία,
704 1124 862 1151 ἱκετεύουσα

66 1172 158 1208 ,μηδὲν
172 1172 219 1198 ἀπ’
234 1171 324 1198 αὐτῶν
338 1171 452 1206 κρύψαι,
469 1168 507 1198 ὧν
528 1171 543 1196 ό
556 1171 622 1202 Θεὸς
636 1170 710 1206 αὐτῷ
726 1170 863 1197 ἀπεκάλυ-

70 1218 132 1253 ψεν.
148 1218 204 1245 Καὶ
217 1217 254 1253 μὴ
268 1217 391 1254 δυνηθεὶς
404 1217 506 1253 κρύψαι
521 1217 565 1244 διά
579 1217 628 1252 τὴν
642 1217 740 1252 πολλὴν
754 1217 863 1252 ὄχλησιν

72 1263 127 1290 τῶν
140 1263 271 1298 ἀδελφῶν,
290 1264 407 1299 ποιήσας
422 1263 522 1298 εὐχὴν,
538 1262 638 1299 ἧρξατο
653 1262 755 1296 λέγειν’
775 1263 865 1298 Παρα-

68 1309 187 1345 ληφθεὶς
203 1309 294 1344 χάριτι
310 1308 428 1344 Χριστοῦ
451 1308 503 1335 ὑπὸ
527 1308 643 1342 ἀγγέλου
661 1307 715 1343 (80)
727 1306 808 1344 ἦλθον
824 1310 863 1340 εἰς

71 1355 174 1387 πεδίον,
189 1356 235 1381 καὶ
247 1355 381 1391 [δείκνυσί
395 1354 458 1390 μοι]
474 1354 558 1381 παῖδα
569 1353 708 1381 νεανίσκον
722 1354 864 1389 ἐνδεδυμέ-

73 1409 120 1428 νον
136 1400 259 1427 σύνθεσιν
272 1400 428 1436 ἐνδυμάτων
442 1400 573 1435 κροκέων,
591 1399 723 1434 βόσκοντα
738 1399 863 1436 πρόϐατα

74 1446 161 1473 πολλά
183 1446 259 1473 λίαν·
285 1446 331 1472 καὶ
352 1446 385 1473 τὰ
412 1445 537 1481 πρόϐατα
561 1445 649 1472 ταῦτα
664 1443 699 1480 ἦν
715 1445 781 1471 ὡσεὶ
797 1453 863 1480 τρυ-

74 1492 171 1525 φῶντα
192 1492 239 1518 καὶ
259 1491 319 1518 λίαν
337 1491 516 1518 σπαταλῶντα
533 1492 579 1518 καὶ
605 1490 694 1526 ῑλαρά,
712 1489 863 1526 σκιρτῶντα

74 1533 124 1564 ὦδε
137 1537 228 1564 κάκεῖ.
243 1537 297 1563 Καὶ
314 1536 393 1568 αὐτὸς
407 1537 421 1562 ό
441 1536 543 1571 ποιμὴν
559 1535 630 1562 πάνυ
652 1535 744 1571 ἱλαρὸς
762 1535 808 1561 ἐπὶ
824 1534 862 1570 τῷ

76 1583 193 1618 ποιμνίῳ
213 1582 287 1618 αὐτῷ
305 1580 338 1617 ἦν
356 1583 401 1609 καὶ
421 1582 580 1618 περιέτρεχε
599 1581 634 1608 τὰ
650 1581 783 1616 πρόϐατα.
806 1581 862 1607 Kal

75 1629 141 1655 ἀλλα
166 1628 289 1664 πρόὸατα
308 1626 376 1654 εἶδον
394 1627 572 1654 σπαταλῶντα
597 1627 644 1654 καὶ
664 1626 810 1663 τρυφῶντα
834 1627 863 1653 ἐν

75 1675 149 1709 τόπῳ
162 1674 215 1706 ἐνὶ,
229 1674 260 1700 οὺ
277 1673 367 1709 μέντοι
382 1673 545 1709 σκιρτῶντα.
561 1673 616 1700 Καὶ
629 1673 702 1706 λέγει
719 1681 780 1708 μοι’
798 1672 863 1698 Βλέ-

76 1729 138 1751 πεις
151 1719 196 1746 τὸν
209 1720 327 1754 ποιμένα
340 1719 449 1752 τοῦτον;
470 1719 564 1746 Βλέπω
574 1739 582 1751 ,
598 1719 674 1754 φησι,
692 1717 790 1754 Κύριε.
811 1715 863 1744 Οὖ-

74 1775 130 1798 τος,
143 1766 235 1801 φησιν,
249 1765 362 1800 ἄγγελος
375 1767 480 1801 τρυφῆς
496 1765 542 1792 καὶ
558 1765 667 1800 ἀπάτης
683 1765 756 1791 ἐστίν
765 1773 772 1779 ·
786 1761 863 1796 οὗτος

72 1812 195 1847 ἐκτρίόει
216 1811 264 1843 τὰς
278 1812 366 1847 ψυχὰς
387 1812 440 1838 τῶν
452 1811 553 1838 δούλων
568 1810 614 1837 τοῦ
630 1810 698 1837 Θεοῦ
719 1811 766 1838 καὶ
781 1819 864 1837 κατα-

75 1857 186 1893 στρέφει
199 1857 253 1884 ἀπὺ
266 1857 316 1892 τῆς
328 1857 457 1892 ἀληθείας
471 1855 583 1882 ἀπατῶν
596 1855 681 1888 αὑτὰς
696 1857 756 1888 ταῖς
770 1856 863 1883 ἐπιθυ-

77 1903 152 1939 μίαις
164 1904 222 1934 ταῖς
237 1903 378 1938 πονηραῖς,
395 1903 423 1928 ὲν
440 1899 485 1933 αἷς
503 1901 667 1928 ἀπόλλυνται
685 1902 862 1930 ἐπιλανθανό-

75 1957 151 1984 μενοι
166 1949 222 1975 τῶν
237 1947 351 1974 ὲντολῶν
363 1947 409 1974 τοῦ
423 1947 522 1979 ζῶντος
537 1947 584 1973 τοῦ
601 1947 668 1974 Θεοῦ
684 1948 732 1974 καὶ
751 1948 864 1983 πορευό-

77 2003 151 2030 μενοι
165 1995 225 2025 ταῖς
242 1994 370 2029 ματαίαις
393 1994 509 2028 τρυφαῖς
533 1993 580 2019 καὶ
599 1992 719 2025 ἀπάταις
734 1993 781 2020 τοῦ
804 1994 862 2029 βίου

75 2041 180 2067 τούτου.
196 2040 241 2066 Διὸ
255 2040 303 2066 καὶ
317 2039 480 2065 ἀπόλλυνται
495 2038 548 2065 ὑπὸ
566 2039 614 2065 τοῦ
634 2039 751 2073 ἀγγέλου
768 2040 862 2067 τούτου

75 2088 116 2117 είς
131 2087 244 2113 θάνατον
265 2084 320 2119 (81)
340 2085 386 2111 καὶ
407 2084 592 2120 καταφθοράν.
612 2085 692 2119 Λέγω
709 2085 799 2121 αὐτῷ·
824 2087 862 2113 Οὐ

75 2131 212 2166 γινώσκω,
224 2129 321 2165 Κύριε,
335 2129 360 2155 τί
378 2129 461 2160 ἐστιν,
481 2129 520 2160 εἰς
543 2129 657 2155 Θάνατον
670 2129 716 2155 καί
729 2130 864 2165 καταφθο-

75 2177 137 2214 ράν.
160 2176 215 2203 Kal
234 2175 310 2209 λέγει
328 2183 388 2210 μοι·
414 2175 523 2206 Ἄκουε,
542 2175 634 2208 φησὶν,
654 2174 672 2201 ἃ
690 2172 768 2206 εἶδες.
791 2176 863 2211 Πρό-

913 257 987 283 clara
1001 263 1077 292 gesta
1095 265 1143 292 per
1156 264 1218 285 eum
1232 257 1358 285 Christus
1372 256 1548 292 operabatur.

949 300 993 328 18.
1012 300 1078 328 Post
1093 301 1163 329 duos
1182 309 1249 329 vero
1271 309 1327 329 suae
1351 303 1379 329 in
1407 301 1576 329 monasterio
1598 301 1697 336 praefe-

913 350 998 374 cturae
1017 354 1114 381 annos,
1136 347 1399 382 duo'pusillanimcs
1426 347 1534 381 fratres,
1557 348 1696 374 communi

913 392 1049 420 sententia
1071 399 1106 419 ex
1130 393 1299 420 monasterio
1325 393 1439 428 egressi,
1459 393 1562 420 reversi
1587 396 1649 420 sunt
1667 397 1697 420 ut

913 444 995 464 canes
1008 437 1042 463 ad
1058 436 1189 464 vomitum
1203 445 1294 471 suum,
1307 445 1368 465 sese
1379 438 1476 466 dantes
1499 438 1695 473 voluptatibus,

912 483 1017 510 deliciis
1030 488 1057 510 et
1070 483 1192 510 lasciviis
1205 483 1287 518 hujus
1299 484 1403 511 steculi.
1415 483 1464 511 His
1479 484 1627 519 compertis
1643 493 1697 512 ser-

912 536 963 555 vus
988 528 1035 556 Dci
1056 529 1221 562 Antiochus,
1248 530 1365 557 multum
1387 537 1448 558 sese
1464 531 1623 562 maceravit,
1639 538 1697 558 am—

913 575 962 603 bos
987 575 1050 603 illos
1067 575 1216 610 deplorans
1235 575 1346 608 fratres.
1367 584 1399 604 ac
1415 572 1559 604 Dominum
1585 578 1695 605 illorum

912 628 997 648 causa
1015 624 1143 656 precatus
1152 624 1204 648 est.
1217 621 1400 649 Psallentibus
1415 627 1504 649 autem
1517 622 1571 649 illis
1586 630 1695 654 nonam,

913 666 959 693 ubi
974 674 1029 693 una
1040 674 1103 694 cum
1118 666 1249 695 fratribus
1261 675 1348 702 genua
1358 667 1493 699 ﬂectebat,
1511 671 1605 702 raptus
1615 668 1696 695 estin

912 712 1045 745 exstasin,
1062 713 1210 748 animaque
1225 713 1286 748 ejus
1302 714 1434 748 arripitur
1449 713 1483 740 ab
1492 714 1598 748 angelo.
1614 714 1697 741 Multo

912 759 1004 793 elapso
1019 759 1150 793 temporis
1161 759 1261 795 spatio,
1272 767 1334 786 cum
1350 760 1470 786 nondum
1486 760 1695 795 expergisceret,

912 805 1000 840 surgit
1024 805 1205 833 secundarius
1233 806 1304 841 ejus.
1332 806 1485 842 leniterque
1514 807 1640 834 hortatur
1667 810 1698 833 ut

912 856 1051 887 exsurgat,
1064 853 1253 888 orationisque
1268 853 1452 881 ministerium
1467 854 1613 889 persolvat.
1629 854 1698 881 Con-

912 897 1010 932 spicati
1028 901 1119 925 autem
1140 905 1192 924 nec
1208 905 1303 925 vocem
1325 906 1375 926 nec
1395 899 1516 926 auditum
1532 907 1603 932 esse,
1618 900 1698 926 intel-

912 942 1002 969 lexere
1012 942 1143 970 visionem
1155 943 1232 970 illum
1241 943 1466 978 contemplari,ac
1474 944 1610 978 completo
1618 950 1698 970 cano—

912 995 947 1014 ne
960 987 1039 1022 211
1054 988 1212 1016 abscessere
1227 988 1261 1015 ab
1274 988 1330 1015 illo.
1346 988 1414 1016 Cum
1430 993 1520 1016 autem
1543 990 1697 1018 immineret

912 1033 979 1061 solis
999 1040 1127 1066 occasus,
1148 1042 1210 1062 cum
1223 1035 1342 1062 clamore
1357 1036 1414 1062 ait:
1429 1035 1521 1063 Gloria
1537 1036 1596 1068 tibi,
1612 1036 1694 1068 Deus,

912 1078 998 1114 gloria
1009 1079 1067 1106 tibi.
1077 1079 1154 1107 Tunc
1171 1081 1288 1108 accessit
1303 1081 1393 1108 omnis
1410 1085 1499 1108 coetus
1515 1101 1522 1112 ,
1538 1082 1697 1117 rogavitque

913 1124 981 1151 nihil
995 1128 1023 1151 ut
1033 1125 1134 1152 celaret
1143 1133 1238 1154 eorum
1255 1134 1314 1161 quae
1325 1126 1454 1155 Dominus
1469 1127 1522 1155 sibi
1537 1128 1694 1156 revelasset.

913 1169 945 1196 Et
953 1177 1015 1198 cum
1024 1178 1080 1205 prae
1088 1171 1294 1206 importunitate
1306 1171 1420 1199 fratrum
1431 1173 1519 1200 celare
1527 1181 1581 1200 non
1593 1177 1695 1208 posset,

914 1215 986 1243 facta
994 1217 1070 1250 prius
1077 1217 1212 1250 oratione,
1223 1218 1258 1245 ita
1269 1226 1350 1246 orsus
1358 1222 1414 1246 est:
1424 1218 1527 1254 Raptus
1535 1227 1582 1254 per
1590 1219 1696 1246 Domini

913 1261 1029 1295 gratiam
1046 1262 1080 1289 ab
1089 1263 1185 1297 angelo
1202 1264 1265 1290 veni
1278 1264 1306 1291 in
1322 1271 1417 1300 agrum
1427 1265 1582 1299 quemdam.
1599 1264 1698 1293 Osten-

913 1307 1007 1342 ditque
1024 1307 1070 1336 ille
1094 1309 1160 1336 milii
1176 1309 1377 1337 adolescentem
1397 1310 1544 1345 quemdam
1570 1310 1695 1337 indutum

914 1353 1034 1388 synthesi
1046 1360 1204 1381 croceorum
1216 1355 1450 1387 vestimentorum,
1464 1354 1510 1389 qui
1520 1354 1696 1389 quampluri-

914 1404 974 1424 mas
989 1398 1117 1433 pascebat
1130 1406 1212 1426 oves:
1228 1404 1361 1434 erantque
1372 1406 1437 1426 oves
1450 1399 1503 1426 ilLe
1524 1399 1696 1431 deliciantcs,

914 1443 1114 1479 admodumque
1124 1444 1293 1472 luxuriantes
1304 1449 1331 1472 et
1342 1445 1453 1478 hilares,
1463 1445 1527 1472 hinc
1539 1448 1619 1479 atque
1633 1444 1698 1472 hine

914 1489 1093 1518 exsultantes.
1107 1490 1221 1525 Ipseque
1239 1494 1331 1525 pastor
1348 1490 1463 1517 multum
1486 1489 1582 1517 hilaris
1594 1489 1620 1516 in
1632 1489 1696 1517 ovili

915 1535 1029 1570 degebat
1039 1543 1100 1569 suo,
1125 1540 1152 1563 et
1167 1543 1232 1563 oves
1256 1535 1399 1562 circuibat.
1421 1535 1550 1569 Aliasque
1561 1535 1616 1562 vidi
1630 1542 1695 1562 oves

914 1583 1084 1610 luxuriantes
1095 1586 1123 1609 et
1138 1581 1297 1609 deliciantes
1318 1589 1372 1609 uno
1398 1582 1426 1609 in
1451 1581 1522 1613 loco,
1543 1588 1593 1608 nec
1605 1586 1696 1608 tamen

912 1628 1090 1655 exsultantes.
1106 1626 1206 1662 Aitque
1228 1626 1296 1653 mihi
1309 1635 1317 1654 :
1333 1626 1429 1654 Viden’
1449 1626 1522 1653 hunc
1538 1630 1674 1661 pastorem
1684 1628 1697 1654 ’ί

913 1672 1007 1705 Video,
1017 1673 1139 1708 inquam,
1154 1671 1278 1700 Domine.
1290 1671 1340 1699 Hic
1351 1676 1402 1705 est,
1412 1673 1461 1705 ait,
1472 1673 1584 1708 angelus
1604 1673 1698 1708 volup-

912 1720 977 1747 tatis
985 1723 1013 1747 et
1027 1719 1151 1746 fallacize.
1167 1719 1217 1746 Hic
1230 1720 1324 1747 atterit
1340 1720 1445 1747 animas
1453 1726 1594 1747 servorum
1604 1719 1698 1752 Dei,et

917 1765 1019 1793 avertit
1027 1766 1172 1797 averitate,
1189 1765 1268 1793 malis
1279 1765 1417 1801 decipiens
1429 1765 1489 1793 illas
1500 1765 1698 1801 concupiscen-

913 1811 969 1844 tiis,
978 1811 1006 1838 in
1014 1812 1113 1846 quibus
1122 1811 1175 1838 illas
1186 1814 1301 1846 pereunt
1322 1811 1495 1838 immemores
1509 1811 1698 1839 mandatorum

913 1857 960 1885 Dei
986 1857 1114 1890 viventis,
1133 1857 1345 1891 incedentesque
1366 1856 1394 1883 in
1416 1856 1494 1884 vanis
1512 1857 1698 1891 voluptatibus

913 1906 940 1930 et
952 1901 1067 1930 fallaciis
1093 1902 1175 1938 hujus
1199 1903 1269 1930 vitae.
1287 1901 1459 1937 Quapropter
1476 1902 1644 1937 dispereunt,
1663 1902 1699 1930 ab

913 1948 966 1976 hoc
994 1949 1090 1984 angelo
1104 1949 1132 1976 in
1147 1953 1263 1977 mortem
1284 1953 1312 1977 et
1332 1949 1538 1985 corruptionem
1563 1949 1698 1977 deductae.

913 1994 983 2021 Tum
999 2002 1048 2030 ego
1064 2004 1071 2022 :
1088 1994 1195 2030 Ignoro,
1213 1994 1336 2026 Domine,
1357 1994 1421 2029 quid
1438 1994 1474 2022 sit
1495 1994 1523 2021 in
1546 1999 1660 2022 mortem
1671 1998 1699 2022 et

914 2040 1127 2075 corruptionem.
1146 2040 1273 2074 Dixitque
1287 2038 1373 2066 mihi:
1391 2039 1462 2066 Audi
1478 2043 1505 2066 et
1519 2039 1628 2075 percipe
1637 2047 1699 2074 quae

913 2086 989 2113 vides
1005 2095 1012 2112 :
1025 2084 1096 2113 Oves
1108 2085 1208 2112 hilares
1228 2085 1279 2112 illa:
1292 2088 1319 2112 et
1329 2084 1499 2112 exsultantes
1510 2103 1517 2116 ,
1532 2083 1559 2111 hi
1574 2089 1638 2112 sunt
1650 2084 1698 2119 qui

913 2139 929 2158 a
943 2131 998 2158 Deo
1013 2131 1046 2158 ad
1071 2130 1152 2158 tinem
1173 2138 1261 2166 usque
1283 2130 1373 2157 avulsi
1388 2133 1463 2162 sunt,
1481 2134 1508 2157 et
1524 2137 1585 2157 sese
1596 2137 1698 2157 concu-

913 2178 1055 2213 piscentiis
1080 2177 1162 2212 hujus
1185 2176 1278 2204 saeculi
1306 2175 1486 2204 tradiderunt.
1502 2175 1530 2202 In
1546 2175 1588 2202 his
1606 2175 1699 2210 itaque

77 2222 146 2249 ϐατα
160 2221 240 2257 ἰλαρά
253 2221 300 2247 καὶ
315 2220 466 2255 σκιρτῶντα
480 2216 552 2246 οὗτοί
567 2221 633 2247 εἰσιν
647 2221 671 2246 οἱ
686 2221 862 2257 ἀπεσπασμέ-

916 2225 990 2252 nulla
998 2228 1040 2252 est
1049 2223 1209 2259 poenitentia
1221 2222 1267 2258 {de
1285 2222 1342 2250 vita
1354 2230 1415 2254 sua,
1432 2222 1496 2256 quia
1504 2223 1585 2249 etiam
1597 2229 1698 2249 nomen

77 2278 116 2297 νοι
128 2267 234 2295 ἀπὸτοῦ
246 2266 313 2293 Θεοῦ
322 2267 361 2298 είς
372 2265 448 2297 τέλος
459 2265 506 2292 καὶ
518 2266 739 2301 παραδεδωκότες
750 2268 862 2299 ἑαυτοὺς

76 2316 137 2346 ταῖς
155 2313 310 2349 ἐπιθυμίαις
324 2311 371 2338 τοῦ
390 2312 485 2342 αἰῶνος
499 2311 605 2338 τούτου.
636 2313 680 2338 Ἐν
693 2313 798 2345 τούτοις
816 2311 862 2340 οὖν

79 2360 207 2396 μετάνοια
220 2359 292 2394 ζωῆς
305 2358 355 2385 οὐκ
372 2357 455 2389 ἐστιν,
473 2358 513 2384 ὅτι
532 2358 579 2384 καὶ
591 2357 622 2384 τὺ
635 2358 720 2393 ὄνομα
730 2358 777 2385 τοῦ
794 2358 861 2385 Θεοῦ

77 2407 110 2433 δι’
124 2406 222 2436 αὐτοὺς
237 2405 445 2440 βλασφημεῖται.
460 2403 520 2430 Τῶν
535 2403 662 2430 τοιούτων
676 2405 692 2439 ἡ
706 2403 762 2440 ζωὴ
779 2404 860 2431 Θάνα-

78 2453 123 2484 τός
140 2452 222 2478 ἐστιν.
241 2451 274 2476 Ἀ
291 2450 319 2476 δὲ
338 2448 408 2481 εἶδες
428 2449 465 2485 μὴ
486 2449 648 2485 σκιρτῶντα,
673 2450 740 2477 ἀλλά
764 2451 812 2477 καὶ
832 2452 861 2477 ἐν

78 2498 152 2533 τόπῳ
167 2496 335 2532 βοσκόμενα,
352 2493 424 2522 οἶιτοί
445 2496 514 2522 είσιν
534 2497 558 2522 οί
575 2497 797 2532 παραδεδωκότες
813 2498 861 2532 μὲν

78 2545 111 2580 τῇ
125 2544 214 2579 τρυφῇ
231 2543 277 2569 καὶ
292 2541 383 2576 ἀπάτῃ
398 2542 520 2574 ἑαυτοὺς,
540 2542 580 2573 εἰς
596 2542 624 2568 δὲ
638 2542 684 2568 τὸν
706 2542 806 2578 Κύριον
824 2543 861 2579 μὴ

78 2589 331 2625 βλασφημήσαντες.
344 2583 423 2614 Οὗτοι
433 2585 479 2613 οὗν
493 2587 711 2623 κατεφθαρμένοι
726 2588 794 2614 εἰσὶν
808 2589 862 2615 ἀπὸ

75 2635 128 2670 ’τῆς
140 2634 282 2670 ἀληθείας·
301 2634 330 2660 ἐν
342 2633 446 2665 τούτοις
461 2633 538 2664 ἐλπίς
555 2634 612 2666 ἐστι
630 2634 783 2668 μετανοίας,
801 2635 830 2660 ἐν

914 2271 1022 2299 Domini
1049 2274 1161 2305 propter
1188 2269 1250 2296 illos
1273 2268 1489 2303 blasphematur.
1520 2267 1622 2294 Harum
1642 2267 1698 2294 vita

914 2323 988 2344 mors
1000 2318 1053 2344 est.
1066 2314 1141 2348 Quas
1155 2317 1246 2341 autem
1262 2313 1356 2341 vidisti
1367 2320 1422 2340 non
1434 2312 1614 2345 exsultantes,
1627 2315 1654 2340 et
1669 2312 1698 2339 in

914 2362 975 2390 loco
990 2368 1041 2389 suo
1055 2363 1210 2396 pascentes,
1234 2359 1262 2386 bi
1275 2362 1340 2386 sunt
1354 2359 1400 2394 qui
1411 2366 1472 2386 sese
1488 2358 1596 2392 quidem
1618 2357 1697 2385 volu-

914 2408 982 2443 ptati
996 2411 1024 2435 et
1039 2406 1154 2434 fallacia
1178 2405 1316 2437 dedidere,
1345 2405 1393 2432 sed
1416 2405 1443 2431 in
1472 2404 1615 2431 Dominum
1640 2411 1696 2431 non

914 2453 1146 2488 blasphemavere.
1161 2450 1195 2477 Hi
1204 2450 1314 2485 quidem
1329 2449 1451 2484 corrupti
1464 2453 1491 2477 et
1504 2456 1520 2476 a
1529 2449 1642 2476 veritate
1653 2456 1697 2476 se-

915 2499 990 2527 ducti
1007 2501 1082 2529 sunt,
1099 2497 1128 2524 in
1139 2497 1183 2524 his
1204 2501 1294 2524 tamen
1322 2503 1385 2530 spes
1407 2500 1450 2523 est
1467 2495 1642 2530 poenitentiae,
1668 2495 1697 2521 in

914 2553 968 2580 qua
981 2544 1073 2571 vivere
1099 2545 1223 2578 possunt.
1242 2541 1344 2568 Earum
1370 2541 1463 2575 itaque
1485 2541 1626 2575 corruptio
1642 2547 1697 2567 non

914 2595 958 2618 est
976 2590 1035 2618 sine
1045 2596 1093 2624 spe
1110 2588 1324 2616 resurrectionis
1337 2608 1345 2621 ,
1361 2595 1449 2623 usque
1466 2587 1501 2615 ad
1512 2591 1618 2615 certum
1629 2589 1698 2614 tem-

914 2636 990 2672 poris
1002 2635 1130 2670 spatium.
1141 2634 1215 2662 Mors
1231 2638 1321 2661 autem
1335 2638 1466 2662 aeternum
1485 2636 1527 2661 est
1537 2632 1660 2660 exitium.

78 2682 202 2708 δύνανται
218 2680 308 2716 ζῆσαι.
326 2680 359 2706 Ἡ
374 2679 531 2715 καταφθορὰ
543 2677 588 2706 οὖν
603 2679 697 2706 ἐλπίδα
716 2680 771 2715 ἔχει
792 2681 966 2714 ἀναστάσεως
982 2682 1034 2713 ἕως
1046 2681 1118 2713 τινός
1130 2689 1136 2695 ·
1151 2680 1166 2706 ό
1180 2680 1208 2707 δὲ
1239 2680 1352 2711 θάνατος
1381 2679 1517 2707 ἀπώλειαν
1543 2679 1601 2714 ἔχει
1629 2677 1696 2704 αἰώ-

79 2737 143 2754 νιον.

114 2774 170 2810 (80)
186 2774 236 2801 llic
257 2775 334 2801 locus
347 2773 443 2801 Latine
460 2777 565 2801 tantum
589 2774 687 2810 legitur
707 2775 777 2810 apud
792 2775 860 2803 Iler-

80 2817 151 2836 mam
163 2809 304 2844 Pastorem
321 2810 340 2836 1.
354 2817 396 2840 ιιι,
414 2809 496 2836 simil.
514 2809 541 2841 6,
556 2816 583 2844 p.
599 2809 644 2841 65,
658 2810 701 2837 ubi
722 2809 762 2837 sic
781 2811 861 2838 liabe-

81 2851 123 2870 lur
136 2854 141 2871 :
158 2843 191 2870 Et
207 2846 321 2871 uenimus
336 2845 361 2871 in
372 2843 509 2876 quemdam
525 2843 656 2878 cauipum.
667 2850 691 2871 et
705 2846 759 2871 illic
774 2851 860 2872 osten-

81 2881 118 2906 dit
137 2880 200 2906 milii
224 2880 344 2915 juvenem
366 2884 496 2914 pauorem
517 2881 635 2906 vestitum
658 2881 800 2915 syrilltesint
821 2890 860 2908 t'e-

912 2775 1095 2802 alimentorum
1110 2772 1196 2799 colore
1213 2772 1342 2799 coccineo.
1362 2771 1394 2799 Et
1412 2778 1508 2799 caetera
1526 2771 1594 2799 bene
1611 2772 1697 2800 multa

913 2817 973 2844 qua
992 2810 1109 2842 scriptor
1126 2808 1175 2834 iste
1195 2806 1293 2844 ex_Gr.
1305 2806 1422 2844 llermaa
1439 2811 1524 2836 terlu,
1539 2807 1586 2841 qui
1607 2807 1697 2835 adhuc

913 2842 1053 2879 supererat
1067 2851 1116 2870 suo
1129 2850 1195 2879 aevo,
1210 2842 1245 2879 ad
1257 2842 1368 2879 verbum
1384 2845 1523 2870 mutuatus
1537 2845 1587 2869 est.

949 2877 1004 2914 [81)
1019 2878 1139 2913 llcrmas,
1152 2877 1185 2904 ad
1200 2877 1378 2913 defcctiuuem.
