1924 3059
248 141 299 169 585

806 139 835 166 S.
853 137 1084 166 ATHANASIUS.
1104 154 1139 159 -—-
1158 137 1295 166 SPURIA.

1811 142 1858 169 586

286 197 328 225 l9.
341 196 446 224 Rursus
470 197 609 231 paululum
634 197 830 232 processimus,
853 202 880 225 et
908 198 1021 225 ostendi

1117 197 1160 225 l9.
1185 197 1270 224 Πάλιν
1294 196 1451 232 προέϐημεν
1479 196 1592 232 μικρὸν,
1610 197 1656 223 καὶ
1678 195 1795 223 δείκνυσί
1818 207 1859 233 μοι

249 243 315 270 mihi
330 244 411 270 alium
432 247 570 277 pastorem
588 247 693 270 statura
722 243 875 278 praealtum,
893 243 1031 278 eﬁeraque

249 289 349 323 specie,
365 288 490 315 indutum
507 288 620 322 caprina
635 288 709 323 pelle
724 288 796 320 alba,
811 289 857 323 qui
876 296 969 324 peram
980 289 1032 316 ha-

247 332 327 362 bebat
341 334 454 361 humero
462 334 626 368 impositam,
639 335 829 369 acpraeduram
846 335 1032 370 nodosamqne

247 380 362 415 virgam,
381 384 512 415 torvoque
523 385 580 407 erat
592 384 714 414 aspectu,
731 381 767 407 ita
781 385 809 407 ut
825 381 1030 409 reformidarem

248 426 333 454 illum.
345 425 394 453 Hic
405 427 494 461 itaque
504 430 597 461 pastor
610 434 675 454 oves
684 427 789 462 accepit
800 435 815 453 a
824 428 912 462 primo
921 431 1030 462 pastore

247 471 294 498 illo
323 471 506 503 adolescente,
533 472 593 498 illas
613 471 728 504 scilicet,
753 472 923 504 deliciantes,
951 472 1030 499 luxu-

247 516 360 550 riantes,
376 525 425 543 nec
433 517 612 549 exsultantes,
630 523 662 543 ac
679 516 797 551 conjecit
815 517 876 545 illas
893 517 918 544 in
935 525 1030 552 quem-

247 561 308 588 dam
325 565 489 596 praeruptum
502 562 603 593 locum,
612 562 700 596 spinis
707 566 733 589 et
742 563 851 590 tribulis
861 563 1029 598 perplexum,

248 607 284 634 ita
310 611 339 634 ut
368 615 421 634 non
439 613 550 642 possent
577 615 641 635 Oves
664 615 679 635 a
696 608 807 636 tribulis
825 609 878 636 illis
893 614 919 636 et
942 609 1029 643 spinis

247 660 307 680 sese
317 653 463 685 extricare,
481 653 528 680 sed
548 653 576 680 in
599 654 666 688 ipsis
679 654 919 689 complicarcntur,
935 661 966 681 ac
982 655 1030 681 mi-

247 699 360 726 serrime
380 703 500 733 agerent,
533 699 567 726 ab
585 699 632 726 illo
661 700 742 726 etiam
766 699 919 732 lancinata,
949 703 1029 734 atque

246 745 318 773 ultro
339 746 463 780 citroque
487 745 644 780 compulsze.
662 745 769 772 Nullam
798 745 917 780 denique
931 753 1029 772 conce-

246 791 325 819 debat
340 792 471 826 requiem,
488 798 539 819 nec
566 795 596 818 ut
615 792 733 826 quodam
756 791 817 818 loco
835 792 1025 819 consisterent.

245 836 312 864 Cum
327 837 387 865 illas
397 838 434 864 ita
453 837 608 865 verberatas
623 841 649 864 et
675 837 774 865 misere
789 836 904 865 athletas
920 838 1028 872 conspi-

1079 243 1173 278 ἕτερον
1188 242 1304 277 ποιμένα
1321 241 1417 277 μέγαν,
1434 241 1472 273 ὡς
1487 242 1582 278 ἄγριον
1602 243 1634 276 τῇ
1660 241 1731 277 ἰδέᾳ,
1750 243 1857 277 περικεί

1082 296 1161 324 μενον
1173 287 1258 323 δέρμα
1269 286 1371 321 αἴγειον
1385 286 1490 318 λευκὸν,
1499 286 1547 313 καὶ
1556 286 1645 322 πήραν
1660 286 1722 312 τινὰ
1734 284 1804 321 εἶχεν
1817 287 1858 313 ἐπὶ

1079 333 1126 359 τὸν
1137 330 1212 367 ὦμον
1222 332 1270 359 καὶ
1282 332 1378 368 ῥάϐδον
1393 331 1513 367 σκληρὰν
1526 331 1585 357 λίαν
1595 331 1641 357 καὶ
1653 330 1732 362 ὖζους
1743 331 1858 365 ἔχουσαν

1080 379 1128 406 καὶ
1142 379 1173 405 τὸ
1197 378 1305 413 βλέμμα
1320 375 1376 413 εἷχε
1401 377 1508 414 πικρὸν,
1521 377 1590 403 ὥστε
1605 376 1755 412 φοϐηθῆναι
1773 385 1804 411 με
1818 378 1858 403 αὐ·

1079 426 1135 452 τόν.
1153 422 1237 456 υῦτος
1256 423 1302 451 οὖν
1318 425 1332 450 ὁ
1357 424 1458 459 ποιμὴν
1475 423 1670 458 παρελάμϐανε
1687 423 1722 449 τὰ
1745 423 1858 458 πρόϐατα

1079 471 1133 498 ἀπὸ
1153 470 1200 496 τοῦ
1219 470 1347 504 ποιμένος
1363 469 1410 496 τοῦ
1424 469 1533 505 πρώτου
1548 469 1594 496 τοῦ
1608 469 1762 500 νεανίσκου,
1778 470 1859 496 ἐκεῖνα

1079 515 1113 542 τὰ
1137 514 1315 541 σπαταλῶντα
1339 514 1387 540 καὶ
1407 513 1563 549 τρυφῶντα,
1582 513 1621 549 μὴ
1649 513 1802 548 σκιρτῶντα
1823 513 1857 545 δὲ,

1079 560 1126 587 καὶ
1137 560 1246 586 ἔϐαλλεν
1261 559 1330 586 αὐτὰ
1345 559 1384 591 είς
1396 568 1456 586 τινα
1469 559 1552 586 τόπον
1567 560 1716 594 κρημνώδη
1731 559 1778 586 καὶ
1789 559 1858 586 ἀκαν-

1079 605 1150 642 θώδη
1163 606 1208 632 καὶ
1220 605 1369 640 τριϐολώδη
1380 613 1387 620 ·
1401 605 1472 631 ὥστε
1484 605 1537 631 ἀπὺ
1547 605 1602 631 τῶν
1613 604 1739 632 ἀκανθῶν
1753 605 1798 631 καὶ
1809 613 1857 640 τρι-

1079 651 1163 678 ϐόλων
1181 651 1218 687 μὴ
1234 651 1363 678 δύνασθαι
1379 651 1511 683 ὲκπλέξαι
1532 651 1566 677 τὰ
1584 650 1719 686 πρόϐατα,
1744 651 1857 685 ἀλλ’,ὲμ-

1078 698 1224 724 πλέκεσθαι
1238 699 1298 729 ταῖς
1315 697 1446 727 ἀκάνθαις
1461 697 1508 723 καὶ
1521 696 1658 731 τριϐόλοις
1673 696 1720 723 καὶ
1733 696 1791 722 λίαν
1804 697 1856 721 ἐτα-

1077 742 1231 778 λαιπώρουν
1247 743 1395 778 δαιρὸμενα
1418 743 1463 768 ὑπ’
1479 742 1562 768 αὑτοῦ
1585 743 1633 769 καὶ
1655 739 1707 769 ὧδε
1723 743 1799 768 κάκεί
1812 750 1853 767 πε-

1079 789 1218 824 ριέλαυνεν
1250 788 1321 814 αὑτά
1350 789 1396 814 καὶ
1418 788 1487 819 ὅλως
1514 788 1668 814 ἀνάπαυσιν
1699 787 1787 818 αὐτοῖς
1814 788 1856 813 οὐκ

1077 835 1178 868 ἐδίδου,
1205 835 1265 860 οὐδὲ
1287 834 1404 860 ἵσταντο.
1431 834 1543 860 Βλέπων
1564 831 1611 860 οὖν
1631 833 1703 860 αὺτά
1721 833 1775 867 ἐγὼ
1793 833 1855 860 οὕτω

245 891 334 910 cerem
345 903 353 915 ,
367 883 492 911 dolebam
505 891 555 917 pro
568 883 621 910 illis
643 883 706 917 quia
729 883 807 910 valde
820 883 1021 915 cruciabantur,

1077 881 1262 917 μαστιζόμενα
1277 881 1325 907 καί
1341 879 1745 916 ταλαιπωροῦντα,ὲλυπούμην
1761 881 1800 906 ἐπ’
1816 879 1855 905 αὐ-

245 937 295 957 nec
330 929 560 956 intermissionem
593 929 676 956 ullam
717 929 863 956 habebant.
893 928 1025 963 Angelum

244 983 332 1002 meum
357 975 511 1009 loquentem
530 979 694 1010 percunctor
707 982 715 1000 ι
730 975 845 1002 Domine
858 995 866 1007 ,
895 975 957 1010 quis
982 975 1027 1002 hic

244 1024 337 1055 pastor
360 1025 412 1055 est,
433 1022 472 1048 ita
498 1021 610 1048 immitis
625 1026 651 1048 et
663 1021 801 1048 acerbus?
815 1021 912 1056 Aitque
936 1021 1001 1048 mihi
1017 1030 1023 1048 :

243 1065 293 1093 Hic
307 1070 348 1093 est
359 1067 470 1101 angelus
486 1067 609 1097 ultionis,
627 1067 673 1101 qui
688 1074 703 1094 e
726 1074 841 1093 numero
855 1070 898 1093 est
917 1067 1026 1101 angelo-

242 1120 302 1139 rum
316 1113 464 1147 juslorum,
482 1113 646 1140 constitutus
662 1113 694 1139 ad
707 1113 849 1139 ultionem.
860 1112 910 1140 Hic
925 1113 1025 1148 excipit

241 1165 289 1184 eos
304 1157 349 1191 qui
365 1164 380 1183 a
399 1156 453 1183 Deo
465 1157 639 1187 aberrarunt,
658 1161 684 1183 et
695 1156 867 1183 incesserunt
880 1156 906 1182 in
921 1163 1024 1183 concu-

242 1202 384 1237 piscentiis
398 1202 464 1229 suis.
482 1202 571 1236 Atque
585 1202 647 1229 illos
660 1209 710 1236 pro
737 1202 835 1228 merito
850 1209 900 1228 suo
914 1201 1024 1228 ulcisci-

240 1250 295 1279 tur,
315 1247 452 1274 atrocibus
480 1251 507 1274 et
530 1246 615 1274 variis
642 1246 762 1281 aﬂligens
778 1247 927 1281 suppliciis.
954 1246 1024 1273 Tum

239 1300 290 1327 ego
306 1300 313 1318 :
332 1291 408 1320 Scire
417 1293 509 1328 cupio.
524 1292 647 1325 Domine,
668 1300 728 1328 quae
736 1296 763 1320 et
779 1293 869 1327 qualia
883 1293 938 1320 sint
949 1293 1024 1320 varia

240 1338 287 1365 illa
304 1339 446 1373 supplicia.
460 1338 547 1371 Audi,
563 1338 653 1373 inquit
682 1338 736 1370 ille.
753 1339 828 1365 varia
850 1339 983 1373 supplicia
997 1342 1024 1366 et

241 1389 385 1417 tormenta,
401 1384 544 1411 saecularia
557 1387 622 1411 sunt
634 1383 857 1412 tormenta.Cum
874 1384 945 1411 enim
963 1391 1023 1411 sese

239 1428 364 1457 homines
377 1436 393 1456 a
403 1429 457 1457 Deo
473 1429 671 1465 separaverint,
687 1430 740 1457 rati
751 1438 781 1457 se
798 1429 825 1456 in
836 1430 927 1464 quiete
938 1434 965 1457 et
979 1429 1022 1456 di-

238 1475 313 1502 vitiis
325 1478 492 1506 versaturos,
517 1478 583 1502 tunc
595 1482 691 1510 poenas
704 1475 794 1508 luunt,
807 1478 834 1502 et
850 1475 896 1502 alii
913 1475 1022 1510 quidem

237 1521 400 1553 multantur,
423 1521 469 1548 alii
484 1522 562 1556 egeni
585 1522 714 1555 evadunt,
730 1522 777 1549 alii
802 1522 829 1549 in
849 1522 1021 1549 inﬁrmitates

1076 929 1142 960 τοῖς,
1155 929 1196 955 ὅτι
1207 927 1293 959 οὕτως
1308 926 1500 959 ἐϐασανίζοντο
1512 927 1560 953 καὶ
1574 927 1674 962 ἀνοχὴν
1687 926 1753 958 ὅλως
1768 926 1813 952 οὐκ
1823 922 1855 951 εἷ-

1076 983 1134 1009 χον.
1156 975 1212 1001 Καὶ
1227 974 1299 1008 λέγω
1314 973 1353 1009 τῷ
1370 973 1478 1009 ἀγγέλῳ
1492 973 1530 1008 τῷ
1555 974 1614 1008 μετ’
1635 971 1704 1008 ἐμοῦ
1724 971 1852 998 λαλοῦντι-

1076 1021 1172 1056 Κύριε,
1189 1020 1231 1052 τίς
1250 1021 1323 1046 ἐστιν
1343 1016 1420 1051 οὗτος
1441 1020 1455 1046 6
1475 1019 1586 1054 ποιμὴν,
1602 1020 1617 1045 6
1632 1018 1800 1052 ἄσπλαγχνος
1816 1017 1854 1042 καὶ

1075 1067 1189 1102 πικρός;
1213 1065 1268 1092 Καὶ
1280 1065 1354 1100 λέγει
1373 1073 1434 1100 μοι·
1452 1061 1538 1096 Οὗτός
1555 1065 1630 1090 ἐστιν
1651 1065 1665 1090 6
1688 1063 1799 1097 ἄγγελος
1812 1063 1854 1097 τῆς

1074 1111 1224 1147 τιμωρίας·
1243 1111 1275 1136 ὲκ
1291 1110 1319 1136 δὲ
1332 1110 1387 1137 τῶν
1402 1109 1525 1144 ἀγγέλων
1541 1109 1595 1136 τῶν
1611 1109 1725 1136 δικαίων
1737 1107 1803 1140 ἐστὶ,
1816 1115 1852 1132 τε·

1073 1156 1209 1191 ταγμὲνος
1232 1156 1260 1183 δὲ
1281 1156 1328 1182 ἐπὶ
1344 1156 1392 1191 τῆς
1411 1155 1555 1191 τιμωρίας.
1584 1155 1796 1191 Παραλαμϐἁνει
1814 1151 1853 1180 οὖν

1073 1202 1136 1233 τοὺς
1153 1201 1392 1236 ἁποπλανηθέντας
1408 1202 1462 1228 ἀπὸ
1474 1201 1522 1227 τοῦ
1537 1200 1604 1227 Θεοῦ
1622 1201 1670 1228 καὶ
1686 1200 1853 1236 πορευθέντας

1074 1249 1133 1280 ταῖς
1151 1247 1309 1283 ἐπιθυμίαις
1324 1247 1424 1278 αὐτῶν,
1439 1248 1485 1273 καὶ
1499 1249 1661 1283 τιμωρεῖται
1679 1247 1783 1278 αὐτοὺς,
1795 1244 1851 1272 καθ-

1073 1293 1112 1325 ὼς
1123 1293 1192 1326 ἄξιοί
1204 1294 1281 1325 εἰσιν,
1296 1294 1395 1324 δειναῖς
1406 1292 1453 1319 καὶ
1464 1292 1599 1324 ποικίλαις
1612 1292 1768 1328 τιμωρίαις.
1783 1290 1852 1323 Λέγω

1073 1338 1162 1374 αὐτῷ’
1181 1338 1295 1365 Ἠθελον
1315 1338 1427 1372 γνῶναι,
1443 1337 1540 1373 Κύριε,
1555 1338 1604 1369 τὰς
1622 1338 1748 1368 ποικίλας
1764 1335 1852 1366 ταύτας

1071 1385 1217 1420 τιμωρίας,
1229 1385 1350 1411 ποταπαί
1363 1385 1442 1411 εἰσιν.
1458 1384 1568 1415 Ἄκουε,
1580 1384 1669 1421 ,φησίν
1679 1391 1686 1398 ·
1701 1384 1732 1409 Al
1744 1381 1850 1409 ποικίλαι

1071 1430 1201 1466 τιμωρίαι
1224 1430 1272 1457 καὶ
1291 1430 1402 1465 βάσανοι
1420 1429 1544 1464 βιωτικαί
1558 1429 1612 1456 εισι
1635 1429 1754 1465 βάσανοι.
1776 1427 1849 1454 Ἐπὰν

1071 1476 1126 1512 γὰρ
1152 1476 1290 1503 ἀποστῶσι
1314 1475 1362 1502 τοῦ
1387 1475 1454 1502 Θεοῦ
1477 1475 1638 1511 νομίζοντες
1662 1476 1691 1502 ὲν
1713 1473 1849 1501 ἀναπαύσει

1072 1520 1140 1549 εἶναι
1166 1523 1213 1549 καὶ
1237 1521 1354 1557 πλούτῳ,
1371 1522 1431 1548 τότε
1446 1521 1633 1557 τιμωροῦνται
1646 1522 1671 1548 οἱ
1689 1521 1736 1557 μὲν
1749 1518 1849 1555 ζημιού-

237 1566 369 1600 plurimas
394 1566 496 1593 eadunt
515 1570 542 1593 et
567 1566 595 1593 in
613 1566 774 1600 seditiones,
800 1567 846 1593 alii
861 1567 895 1594 ab
912 1566 1021 1594 inferio-

1074 1578 1159 1604 μενοι,
1172 1569 1196 1595 οἱ
1212 1569 1240 1595 δὲ
1256 1567 1459 1604 ὑστερούμενοι,
1473 1568 1499 1594 οἱ
1513 1567 1542 1594 δὲ
1557 1567 1713 1600 ἀσθενείαις
1729 1565 1849 1594 ποικίλαις

237 1611 314 1639 ribus
329 1612 495 1640 contumelia
512 1611 676 1644 afﬁciuntur,
693 1617 721 1639 et
737 1612 791 1639 alia
802 1613 835 1640 iis
847 1613 1020 1640 similiacon-

238 1657 355 1693 tingunt.
370 1656 483 1684 Plurimi
501 1665 619 1692 namque
641 1658 689 1692 qui
719 1658 885 1685 tumultuose
905 1659 1019 1686 consilia

238 1703 388 1739 agitant,in
403 1703 489 1730 multa
501 1705 610 1738 negotia
620 1704 815 1738 conjiciuntur,
831 1704 954 1738 nihilque
966 1705 1019 1732 illis

237 1756 367 1784 prospere
378 1748 461 1780 cadit,
475 1749 548 1784 quod
561 1749 671 1784 indigne
687 1749 778 1777 ferunt
797 1750 864 1784 ipsi:
882 1751 1022 1785 ignorant-

235 1802 289 1828 qne
306 1795 366 1821 ideo
383 1801 413 1821 se
421 1794 512 1822 minus
529 1802 659 1829 prospere
675 1803 732 1822 rem
750 1803 839 1831 agere.
857 1796 930 1831 quod
948 1797 1019 1823 mala

235 1840 316 1875 212
330 1841 512 1874 perpetrarint
526 1850 532 1866 :
548 1848 581 1868 ac
595 1841 705 1868 demum
720 1841 865 1869 Dominum
880 1843 1017 1875 incusant,

235 1893 286 1912 nec
295 1886 430 1912 sustinent
457 1885 569 1920 reliquis
591 1887 654 1913 vitte
678 1895 735 1914 suae
759 1888 856 1916 diebus
883 1888 915 1915 ad
934 1888 1018 1916 Deum

235 1933 359 1960 converti
371 1936 453 1967 atque
472 1933 510 1959 illi
526 1941 595 1967 puro
621 1933 703 1961 corde
720 1934 831 1961 servire.
845 1933 921 1966 Quod
937 1935 959 1961 si
975 1942 1019 1962 re-

236 1978 365 2013 sipiscant
385 1977 627 2012 pmnitentiamque
651 1981 742 2012 agant,
772 1982 838 2004 tunc
863 1978 1019 2012 intelligunt

234 2023 306 2050 mala
320 2030 369 2050 sua
384 2030 467 2058 opera
483 2022 510 2049 in
523 2030 606 2050 causa
623 2023 709 2051 fuisse
728 2023 801 2058 quod
818 2031 873 2050 non
887 2030 1018 2059 prospere

235 2077 291 2096 rem
307 2069 453 2104 gesserint,
471 2073 552 2103 atque
572 2069 609 2095 ita
624 2068 740 2097 Domino
754 2069 869 2104 gloriam
882 2069 1016 2102 referunt,

236 2117 265 2141 ut
275 2115 350 2149 justo
362 2114 458 2150 judici,
478 2121 492 2141 a
509 2122 563 2149 quo
589 2114 652 2149 jure
672 2114 774 2147 alllicti,
788 2119 814 2142 et
833 2115 911 2149 juxta
934 2121 1017 2149 opera

236 2167 284 2186 sua
300 2159 425 2194 castigati
440 2163 514 2186 sunt.
529 2158 599 2186 Audi
626 2159 717 2193 itaque
734 2160 788 2186 vim
797 2160 951 2194 utriusque,
969 2168 1017 2187 vo-

235 2206 347 2240 luptatis
359 2205 464 2233 scilicet
479 2209 506 2232 et
521 2204 659 2240 supplicii.
676 2204 830 2239 Voluptatis
848 2205 1016 2240 fallaciasque

235 2258 288 2277 nua
303 2255 344 2278 est
357 2250 441 2283 hora;
470 2249 597 2284 supplicii
623 2253 714 2276 autem
729 2250 801 2277 horae
814 2249 925 2285 triginta
936 2270 943 2282 ,
956 2257 1016 2284 quae

234 2296 340 2324 dierum
357 2296 412 2323 vim
428 2295 538 2323 habent.
552 2294 653 2330 Siquis
664 2303 729 2330 ergo
746 2295 790 2323 die
808 2303 861 2322 una
882 2296 1015 2331 voluptati

234 2348 312 2370 vacet
330 2346 358 2370 et
372 2350 421 2377 pro
440 2350 472 2370 ea
484 2349 513 2369 re
526 2349 589 2369 cum
603 2349 636 2369 eo
650 2343 848 2377 expostuletur,
864 2346 946 2377 atque
961 2350 1015 2370 uno

234 2388 278 2416 die
297 2388 445 2420 crucietur,
459 2387 518 2415 dies
546 2388 592 2415 illa
611 2388 750 2415 cruciatus
769 2389 834 2415 anni
848 2388 947 2424 integri
960 2390 1014 2416 vim

234 2433 325 2461 habet.
337 2432 409 2466 Quot
423 2433 506 2468 igitur
513 2434 630 2468 quique
646 2434 705 2461 dies
717 2434 849 2469 voluptati
871 2441 931 2462 sese
941 2434 1016 2462 dedi-

233 2478 313 2509 derit,
328 2481 368 2505 tot
384 2478 463 2505 annis
478 2478 655 2506 cruciabitur.
677 2478 756 2506 Vides
775 2486 840 2514 ergo
865 2480 1013 2514 voluptatis

233 2528 260 2550 et
274 2522 386 2550 fallaciae
396 2526 504 2557 tempus
519 2523 586 2549 nihil
601 2530 671 2554 esse,
686 2524 813 2558 supplicii
831 2532 896 2552 vero
911 2528 937 2552 et
950 2532 1013 2551 cru-

234 2568 322 2596 ciatus
337 2567 534 2602 longissimum.
550 2567 602 2600 Qui
620 2568 752 2603 voluptati
765 2573 843 2596 vacat
855 2572 882 2596 et
899 2568 1012 2596 fallacim

233 2613 401 2647 hnjusmodi,
417 2620 448 2639 ac
463 2620 512 2647 pro
527 2612 638 2640 libidine
654 2613 729 2648 agit,
745 2613 769 2641 is
780 2621 876 2648 magna
899 2614 1012 2641 indultis

231 2662 275 2685 est
285 2657 414 2684 amentia.
435 2657 487 2685 Pro
503 2658 641 2693 voluptate
659 2666 778 2693 namque
799 2663 827 2687 et
842 2659 949 2688 fallacia
963 2667 1013 2687 cu-

230 2701 329 2738 jusque
345 2702 545 2740 diei,magnum
557 2705 613 2733 luet
626 2705 800 2740 supplicium,
818 2713 920 2733 annum
934 2707 1011 2733 scili-

232 2753 275 2776 cet
297 2757 348 2784 pro
367 2751 487 2785 qualibet
511 2752 564 2779 die.
581 2751 694 2788 Dixique
720 2752 816 2788 angelo
831 2762 837 2779 :
852 2752 953 2785 Quales
964 2760 1012 2780 vo-

266 2826 321 2860 (82)
334 2827 431 2863 Vulgo,
445 2829 525 2855 ὐποϐ.
544 2829 646 2856 Noun.

1071 1615 1292 1650 περιπίπτοντες,
1307 1615 1381 1641 ἄλλοι
1394 1615 1423 1641 ἐν
1437 1614 1665 1645 ἀκαταστασίαις,
1681 1613 1765 1648 ἔτεροι
1781 1611 1848 1645 ὑϐρι-

1071 1659 1179 1694 ζόμενοι
1201 1659 1254 1685 ὑπὸ
1270 1659 1430 1691 ἐλαττόνων,
1448 1659 1496 1685 καὶ
1512 1659 1624 1694 ἑτέραις
1644 1658 1774 1688 ποικίλαις
1790 1655 1848 1692 πρά-

1071 1704 1137 1737 ξεσι.
1155 1704 1251 1731 Πολλοὶ¹
1265 1704 1320 1739 γὰρ
1337 1704 1539 1735 ἀκαταστάντες
1561 1705 1590 1730 ὲν
1611 1706 1675 1736 ’ταῖς
1689 1704 1790 1739 βουλαῖς
1805 1701 1846 1728 αὑ-

1068 1751 1123 1777 τῶν
1141 1751 1329 1778 ἐπιϐάλλονται
1345 1751 1386 1782 είς
1401 1751 1486 1777 πολλὰ
1502 1751 1655 1786 πράγματα
1668 1751 1713 1777 καὶ
1727 1750 1796 1776 οὐδὲν
1809 1748 1847 1775 αὑ-

1069 1797 1124 1827 τοῖς
1139 1796 1207 1828 ὅλως
1222 1796 1363 1823 ἀποϐαίνει
1377 1796 1442 1831 (82),
1467 1796 1513 1823 καὶ
1537 1796 1751 1832 δυσχεραίνουσι,
1768 1795 1809 1822 καὶ
1821 1793 1845 1820 οὐ

1069 1841 1257 1874 γινώσκουσιν,
1279 1843 1319 1868 ὅτι
1337 1841 1381 1868 διὰ
1397 1843 1430 1869 τὰ
1447 1843 1552 1878 πονηρά
1566 1842 1583 1869 ἃ
1601 1843 1723 1878 ἔπραξαν
1741 1843 1786 1869 οὐκ
1807 1841 1845 1867 £6-

1069 1887 1190 1914 οδοῦνται
1213 1888 1260 1915 καὶ
1281 1887 1374 1914 λοιπὸν
1395 1888 1536 1914 αἰτιῶνται
1558 1888 1604 1915 τὸν
1628 1889 1728 1924 Κύριον
1743 1888 1785 1914 καὶ
1801 1887 1843 1912 οὐκ

1069 1932 1209 1968 ἀνέχονται
1228 1934 1276 1966 τὰς
1297 1933 1394 1965 λοιπὰς
1410 1934 1515 1969 ἡμέρας
1535 1934 1626 1961 αὐτῶν
1645 1933 1842 1969 ἐπιστρέψαντες

1068 1979 1208 2006 δουλεῦσαι
1223 1979 1262 2014 τῷ
1284 1979 1342 2014 Θεῷ
1356 1980 1385 2006 ὲν
1401 1979 1507 2015 καθαρᾷ
1523 1980 1632 2015 καρδίᾳ.
1655 1982 1702 2007 “Av
1722 1980 1748 2005 δὲ
1769 1985 1840 2014 μετακ

1069 2024 1184 2059 νοήσωσι
1204 2023 1250 2050 καὶ
1271 2023 1428 2060 ἀνανήψωσι
1439 2043 1446 2055 ,
1462 2025 1522 2050 τότε
1539 2025 1666 2051 συνιῶσιν
1677 2044 1683 2056 ,
1696 2025 1735 2051 ὅτι
1753 2023 1791 2049 διὰ
1813 2021 1840 2047 τὰ

1068 2069 1136 2104 ἔργα
1149 2069 1238 2096 αὐτῶν
1256 2069 1289 2095 τά
1307 2070 1412 2105 πονηρὰ
1429 2069 1478 2096 οὐκ
1495 2070 1644 2097 εὐωδοῦντο
1666 2071 1711 2096 καὶ
1727 2068 1791 2095 οὕτω
1804 2066 1839 2091 δο-

1068 2113 1177 2146 ξάζουσι
1193 2114 1237 2141 τὸν
1255 2114 1368 2150 Κύριον,
1384 2115 1424 2141 ὅτι
1443 2114 1546 2147 δίκαιος
1560 2117 1657 2151 κριτής
1672 2117 1738 2147 ἐστι,
1753 2114 1795 2140 καὶ
1808 2112 1839 2138 δι-

1067 2160 1151 2192 καίως
1171 2159 1281 2192 ἔπαθον,
1304 2161 1351 2187 καὶ
1369 2161 1570 2196 ὲπαιδεύθησαν
1593 2162 1664 2188 κατά
1680 2160 1727 2192 τὰς
1741 2157 1838 2194 πράξεις

1066 2205 1156 2232 αὐτῶν
1173 2206 1239 2241 (85).
1259 2206 1357 2232 ’Ἄκουε
1372 2205 1417 2233 οὖν
1433 2207 1596 2243 ἀμφοτέρων
1608 2208 1657 2244 τὴν
1670 2208 1786 2240 δύναμινν
1797 2202 1838 2236 τῆς

1068 2253 1174 2287 τρυφῆς
1187 2253 1234 2278 καὶ
1253 2252 1302 2287 τῆς
1317 2252 1444 2286 βασάνου.
1463 2253 1518 2288 Τῆς
1533 2254 1640 2289 τρυφῆς
1657 2254 1703 2279 καὶ
1722 2252 1767 2286 τῆς
1779 2248 1838 2275 ἁπὸι-
1850 2252 1858 2267 I

1068 2306 1118 2332 της
1132 2299 1146 2324 6
1167 2298 1261 2333 χρόνος
1285 2297 1344 2333 ὥρα
1359 2298 1417 2324 ἐστὶ
1442 2298 1501 2333 μία,
1523 2300 1572 2334 τῆς
1597 2299 1625 2325 δὲ
1650 2298 1760 2333 βασάνου
1778 2295 1836 2328 ὧραι

1067 2342 1214 2379 τριάκοντα
1231 2343 1342 2378 ἡμερῶν
1360 2343 1474 2378 δύναμιν
1493 2344 1609 2378 ἔχουσαι.
1638 2344 1698 2370 Ἐὰν
1719 2340 1761 2368 οὖν
1783 2339 1836 2375 μὴν

1068 2388 1175 2423 ἡμέραν
1191 2396 1232 2419 τις
1251 2389 1376 2423 τρυψήσῃ
1391 2389 1437 2414 καὶ
1453 2389 1602 2424 ἁπαιτηθῇ,
1623 2389 1685 2424 μίαν
1699 2387 1725 2413 δὲ
1744 2385 1836 2421 ἡμέραν

1069 2433 1227 2470 βασανισθῇ,
1245 2434 1367 2460 ἐνιαυτοῦ
1390 2435 1538 2470 ὁλοκλήρου
1563 2436 1638 2470 ἰσχὺν
1655 2434 1708 2468 ἔχει
1725 2434 1740 2467 ἡ
1757 2430 1835 2466 ἡμέρα

1067 2480 1156 2515 ἐκείνη
1171 2480 1219 2515 τῆς
1236 2480 1359 2515 βασάνου.
1377 2481 1462 2512 Ὅσας
1476 2480 1522 2508 οὖν
1537 2482 1642 2516 ἡμέρας
1655 2479 1773 2515 τρυφήσῃ
1789 2482 1834 2504 τιςν

1066 2525 1207 2557 τοσούτους
1232 2528 1370 2558 ἐνιαυτοὺς
1393 2526 1628 2562 βασανισθήσεται.
1656 2525 1763 2554 Βλέπεις
1785 2517 1833 2548 οὖν,

1066 2570 1105 2596 ἆτι
1118 2571 1169 2605 τῆς
1183 2572 1287 2606 τρυφῆς
1300 2572 1346 2598 καὶ
1367 2573 1474 2607 ἀπάτης
1487 2574 1501 2599 6
1518 2572 1610 2607 χρόνος
1624 2569 1697 2597 οὐδέν
1710 2571 1778 2598 ἐστι,
1791 2565 1834 2598 τῆς

1065 2616 1093 2642 δὲ
1103 2617 1236 2652 τιμωρίας
1249 2619 1295 2644 καὶ
1309 2618 1428 2654 βασάνου
1445 2618 1536 2650 πολύς.
1561 2618 1588 2645 '0
1600 2616 1707 2652 τρυφῶν
1718 2614 1761 2641 καὶ
1773 2613 1832 2639 ἀπα-

1065 2662 1186 2697 τώμενος
1201 2665 1246 2690 καὶ¹
1263 2665 1392 2700 πράσσων
1407 2665 1425 2691 ἃ
1442 2665 1564 2700 βούλεται
1583 2664 1681 2698 πολλὴν
1693 2658 1832 2696 ἀφροσύνην

1065 2707 1214 2735 ὲνδέδυται·
1231 2710 1290 2736 ἀντὶ
1304 2710 1358 2745 γὰρ
1370 2710 1420 2745 τῆς
1432 2711 1538 2746 τρυφῆς
1554 2711 1600 2737 καὶ
1612 2709 1715 2743 ἀπάτης
1726 2705 1831 2737 ἑκάστης

1066 2754 1171 2789 ἡμέρας
1201 2755 1324 2782 ἀποτίσει
1355 2755 1470 2792 βάσανον
1501 2756 1638 2792 μεγάλην,
1662 2750 1776 2780 ἐνιαυτὸν
1801 2746 1829 2782 τῇ

267 2862 322 2899 (85)
337 2862 545 2899 llic’complura
559 2865 731 2899 omittuntur,
746 2873 805 2901 quae
822 2865 947 2901 leguntur
963 2865 1184 2904 apud_llermam.
