1924 3059
107 134 163 163 585

611 129 784 159 DOCTRlNA
803 128 849 156 AD
867 127 1069 158 ANTIOCHUM
1088 131 1215 160 DUCEM.

1667 138 1718 166 580

107 195 209 233 ἡμέρᾳ.
232 195 288 223 Καὶ
305 195 376 229 λέγω
399 194 437 230 τῷ
462 194 586 230 ἀγγέλῳ·
609 194 688 221 Ποῖαι
712 193 812 229 τρυφαί
836 193 879 218 εἰσ

941 190 1057 227 luptates
1077 194 1164 222 noxiae
1189 198 1263 226 sunt,
1287 194 1370 223 dicito
1395 195 1471 224 mihi.
1495 195 1580 224 Omne
1608 198 1719 226 carnale

107 242 254 279 βλαϐεραὶ,
275 243 337 277 λέγε
361 251 416 278 μοι.
440 242 517 269 Πᾶσα
529 240 625 277 πρᾶξις
648 240 775 276 σαρκικὴ,
799 239 889 275 τρυφή

106 289 165 316 ἐστι
176 288 241 325 (84).
257 288 314 315 Νῦν
334 288 418 324 ἡδέως
433 289 504 314 ποιεῖ
518 288 612 323 αὑτήν.
629 286 675 322 [Ὀ
687 285 753 322 γὰρ]
767 285 891 320 ὀξύχολος

105 335 146 371 τῷ
159 334 256 363 ἑαυτοῦ
271 335 351 362 πάθει
363 335 394 361 τὸ
410 334 499 373 ἱκανὸν
513 333 597 361 ποιῶν
612 334 712 369 τρυφᾷ,
729 331 829 367 ὁμοίως
843 331 890 358 καὶ

104 383 121 408 ὁ
139 381 232 417 μοιχὸς
245 382 292 408 καὶ
311 381 325 407 ὁ
346 381 460 416 μέθυσος
475 382 521 407 καὶ
539 381 553 407 ὁ
572 379 720 410 κατάλαλος
734 378 781 405 καὶ
795 379 809 404 ὁ
822 377 889 412 ψεύ-

105 435 173 462 στης
197 429 243 453 καὶ
257 428 271 453 ό
284 426 447 461 πλεονέκτης
468 427 514 453 καὶ
535 427 548 452 ὁ
569 424 756 460 ἀποστερητὴς
776 423 822 451 καὶ
838 424 888 450 ὅσα

103 472 226 500 τοιαῦτα.
241 471 371 508 Τρυφῶσι
391 472 446 507 γὰρ
465 473 494 498 ἐν
515 473 547 507 τῇ
565 471 654 498 αὐτῶν
676 470 782 506 πράξει.
803 466 887 496 Δῦται

101 517 132 544 δὲ
148 518 177 544 αἱ
195 517 308 553 πράξεις
331 517 459 552 βλαϐεραί
475 518 528 543 είσι
549 518 604 548 τοῖς
625 516 727 547 δούλοις
746 515 792 542 τοῦ
808 514 886 541 Θεοῦ.

103 565 165 591 Εἰσὶ
180 565 207 590 δὲ
219 565 266 590 καὶ
279 564 377 599 τρυφαὶ
391 563 525 595 σώζουσαι
536 563 598 594 τοὺς
612 562 778 598 ἀνθρώπους.
792 561 887 588 Πολλοὶ

102 611 158 647 γὰρ
170 610 259 644 ἀγαθά
277 609 454 646 ἐργαζόμενοι
467 609 615 645 τρυφῶσιν.
627 608 700 644 Αὕτη
712 606 757 635 οὖν
769 609 784 643 ἡ
795 607 885 643 τρυφὴ

101 658 159 688 τοῖς
172 656 275 688 δούλοις
285 655 331 682 τοῦ
345 655 412 681 Θεοῦ
422 656 604 690 περιποιεῖται
617 653 698 689 ζωὴν,
715 654 742 681 αἱ
755 653 784 680 δὲ
797 661 887 688 προει-

104 703 220 739 ρημέναι
240 702 341 738 τρυφαὶ
362 701 487 737 βάσανον.
513 700 604 726 Ταῦτὰ
627 708 671 734 μοι
694 698 852 734 φανερώσας
871 698 885 724 ὁ

101 749 217 784 ἄγγελος
243 747 395 784 ἀπέστρεῲέ
417 755 450 782 με
465 747 504 778 είς
520 746 565 772 τὸν
581 745 662 772 τόπον
680 754 740 780 μου.
761 744 884 776 Δοξάσω-

103 805 154 831 μεν
171 794 228 827 οὖν,
243 794 361 828 ἀδελφοὶ,
379 793 427 829 τὴν
441 792 488 819 τοῦ
502 791 569 820 Θεοῦ
589 791 806 827 φιλανθρωπίαν·
827 790 885 822 πῶς

102 841 278 878 μακρόθυμος
293 841 340 866 καὶ
359 838 542 873 εὖσπλαγχνός
560 839 633 864 ἐστιν
645 838 690 863 ἐπὶ
709 838 742 872 τῇ
765 837 883 873 τοσαύτῃ

100 885 186 921 κακίᾳ
201 885 255 911 τῶν
270 883 429 917 ἀνθρώπων.
448 883 526 918 Αὐτῷ
541 884 558 918 ἡ
571 883 634 914 δόξα
655 883 694 914 εἰς
707 883 770 914 τοὺς
784 882 884 913 αἰῶνας

98 931 155 958 τῶν
171 930 286 957 αἰώνων.
295 930 392 966 Ἀμήν.

135 977 181 1004 ‘20.
201 977 255 1003 Καὶ
274 976 331 1012 μετ’
347 975 434 1011 ὀλίγον
445 976 540 1012 χρόνον
553 976 577 1002 οἱ
592 975 638 1002 δύο
651 974 761 1009 ἀδελφοὶ
777 975 801 1001 οἱ
816 973 885 1006 ἐξελ-

100 1022 192 1053 θόντες
208 1022 254 1048 τοῦ
277 1021 455 1058 μοναστηρίου
469 1021 599 1048 ὲνέπεσαν
618 1021 658 1052 εἰς
672 1019 823 1056 πειρασμὸν
839 1020 884 1046 καὶ

100 1068 213 1103 θλίψεις.
229 1067 273 1102 Τῷ
289 1067 343 1102 γὰρ
355 1068 395 1094 ἐνὶ
408 1067 486 1099 ἕλκος
503 1067 622 1102 ἀνεφάνη
641 1068 681 1098 είς
694 1066 742 1102 τὴν
754 1065 882 1101 πλευρὰν,

99 1114 148 1142 καὶ
170 1113 296 1140 εἰσελθὼν
316 1114 356 1145 εἰς
377 1114 548 1148 νοσοκομεῖον
568 1113 607 1144 εἰς
629 1112 676 1139 δύο
693 1112 779 1147 μῆνας
793 1112 883 1148 τρίτον

100 1159 295 1196 ἐχειρουργὴθη
317 1158 369 1186 ὑπὸ
388 1159 434 1186 τοῦ
454 1159 561 1194 ἰατροῦ,
586 1158 632 1186 καὶ
646 1158 706 1185 οὐδὲ
722 1158 807 1189 οὓτως
826 1158 884 1184 ἐθε-

100 1205 233 1242 ραπεύθη.
250 1204 294 1240 Τῷ
310 1204 338 1231 δὲ
357 1205 441 1240 ἑτέρῳ
455 1204 601 1239 ἐμπεσόντι
618 1203 685 1239 μετά
701 1203 755 1230 τῶν
773 1211 884 1230 στασια-

100 1251 171 1278 στῶν
186 1251 284 1286 συνέϐη
300 1250 377 1286 νώτῳ
392 1251 438 1277 καὶ
454 1250 542 1286 κοιλίᾳ
560 1249 757 1285 μαστιγωθέντι
777 1249 883 1284 σιδηρο-

97 1299 208 1334 δέσμιον
224 1297 391 1334 ἐμϐληθῆναι
412 1298 442 1324 ὲν
464 1298 497 1332 τῇ
523 1296 648 1331 φυλακῇ,
670 1296 718 1322 καλ⁴
741 1297 770 1322 ἐν
793 1295 882 1322 σκότει

97 1345 201 1378 διάγειν
218 1344 264 1370 ἐπὶ
279 1343 378 1375 πολλὰς
395 1343 511 1378 ἡμέρας.
532 1342 600 1368 Ἀλλ’
615 1341 706 1376 ἐπειδὴ
721 1342 737 1377 ὴ
753 1341 818 1377 εὐχὴ
834 1341 881 1368 τοῦ

96 1391 171 1418 ὁσίου
185 1390 291 1426 Πατρὸς
308 1389 442 1424 Ἀντιόχου
457 1388 590 1415 ἐδυσώπει
603 1387 647 1414 τὸν
659 1388 791 1423 ἐλεήμονα
804 1387 880 1420 Θεὸν,

99 1437 158 1473 μεθ’
175 1436 282 1472 ἡμέρας
297 1435 395 1462 ἔδωκεν
415 1436 430 1462 ό
447 1435 573 1470 Χριστὸς,
587 1434 633 1461 καὶ
649 1434 779 1470 ἐξεϐλήθη
798 1435 827 1460 ἐν
847 1435 880 1469 τῇ

96 1484 216 1518 φυλακῇ.
236 1483 291 1510 Καὶ
305 1482 385 1508 πάλιν
404 1482 516 1513 ἐκεῖνος,
534 1479 657 1507 ἀπελθὼν
672 1481 700 1507 ἐν
715 1480 754 1516 τῷ
775 1488 882 1506 νοσοκο-

940 245 1009 273 opus
1023 239 1146 275 voluptas
1162 244 1204 268 est
1217 249 1223 266 :
1237 248 1298 268 nam
1310 241 1466 274 iracundus,
1480 249 1541 269 cum
1551 250 1600 271 suo
1610 243 1717 271 aifcctui

940 284 1005 312 facit
1029 285 1107 318 satis,
1124 286 1288 321 voluptatem
1303 287 1417 322 percipit
1432 295 1438 314 :
1455 287 1636 324 similiterque
1649 296 1717 317 mm-

939 331 1018 363 chus,
1044 332 1219 366 temulentus,
1246 324 1431 366 obtrectator,
1454 334 1581 368 mendax,
1607 342 1715 366 avarus.

938 377 1122 411 defraudator,
1139 382 1166 406 et
1188 379 1210 407 si
1231 379 1275 414 qui
1293 380 1350 407 alii.
1370 379 1538 415 Voluptatem
1554 388 1671 416 namque
1688 380 1716 407 in

938 431 988 451 suo
1002 432 1083 459 opere
1094 424 1256 459 percipiunt.
1276 425 1338 452 Hau:
1355 430 1443 453 autem
1470 434 1552 462 opera
1565 426 1646 454 noxia
1658 433 1717 454 ser-

937 472 979 498 vis
990 470 1036 498 Dei
1060 475 1132 499 sunt.
1153 472 1222 498 Sunt.
1239 475 1327 499 autem
1342 476 1369 499 et
1381 473 1532 507 voluptates
1548 472 1647 507 quibus
1667 471 1715 499 lio—

936 517 1025 544 miaes
1040 518 1155 545 salutem
1170 522 1385 552 consequuntur.
1412 517 1489 545 Multi
1513 525 1631 552 namque
1644 517 1714 544 bona

936 564 1073 599 operando
1084 565 1250 599 voluptatem
1265 565 1377 592 habent.
1398 564 1463 597 Quae
1485 565 1610 598 voluptas
1627 562 1716 590 servis

936 610 984 638 Dei
998 610 1080 638 vitam
1093 611 1253 645 adipiscitur
1267 619 1274 643 ;
1290 611 1427 646 praedictae
1443 615 1533 637 autem
1550 609 1714 644 voluptates.

935 658 1097 685 cruciatum.
1110 657 1172 684 llaec
1185 665 1248 684 cum
1271 657 1336 683 mihi
1362 655 1528 683 declarasset
1548 655 1672 690 angelus,
1686 655 1714 682 in

936 712 1026 732 meum
1042 711 1084 731 me
1106 703 1195 730 locum
1214 702 1332 731 reduxit.
1356 702 1476 730 Gloriam
1496 702 1586 737 itaque
1613 700 1715 728 refera-

935 759 1007 782 mus.
1020 750 1127 782 fratres,
1142 750 1292 778 clementia).
1304 749 1362 782 Dei,
1377 750 1425 785 qui
1441 749 1476 776 ita
1487 748 1650 784 longanimis
1661 752 1713 780 est,

935 797 972 824 ita
987 797 1144 825 misericors
1155 804 1219 832 erga
1229 801 1330 824 tantam
1345 797 1487 825 hominum
1502 796 1642 824 malitiam.
1658 795 1714 831 ipsi

935 846 1019 880 gloria
1034 845 1061 872 in
1077 845 1175 872 saecula
1193 845 1364 872 saeculorum.
1383 844 1478 870 Amen.

934 996 938 997 ν
969 978 1014 1006 20.
1031 977 1136 1006 Modico
1151 980 1240 1005 autem
1265 976 1359 1012 elapso
1386 979 1516 1010 tempore.
1531 975 1586 1002 duo
1602 974 1642 1002 illi
1657 973 1713 1001 fra-

934 1029 990 1054 tres
1001 1026 1047 1060 qui
1059 1033 1093 1052 ex
1107 1023 1273 1053 monasterio
1296 1023 1400 1058 egressi
1423 1022 1542 1056 fuerant,
1557 1021 1713 1049 inciderunt

934 1072 962 1099 in
992 1071 1170 1098 tentationem
1192 1073 1218 1098 et
1237 1070 1265 1097 in
1285 1069 1464 1097 calamitates.
1480 1067 1566 1095 Alteri
1579 1067 1652 1095 enim
1665 1074 1712 1094 ex-

933 1116 1018 1145 crevit
1048 1116 1126 1144 ulcus
1142 1115 1175 1142 ad
1192 1115 1273 1147 latus,
1295 1118 1376 1149 atque
1400 1114 1540 1149 ingressus
1551 1113 1578 1140 in
1596 1119 1713 1140 nosoco-

932 1163 1017 1190 mium
1039 1169 1087 1190 seu
1113 1160 1282 1188 inlirmorum
1299 1159 1447 1194 hospitium
1465 1159 1535 1186 intra
1551 1157 1620 1185 duos
1634 1163 1712 1183 men-

933 1217 976 1237 ses
986 1212 1028 1236 ter
1041 1208 1138 1236 medici
1151 1215 1233 1236 manu
1247 1208 1369 1240 curatus,
1383 1212 1470 1239 neque
1482 1205 1519 1231 ita
1530 1207 1642 1231 sanatus
1659 1205 1710 1230 est.

931 1253 1007 1280 Alter
1024 1260 1087 1280 vero
1098 1260 1159 1280 cum
1175 1252 1202 1279 in
1216 1251 1361 1280 seditiosos
1382 1249 1534 1279 incidisset,
1550 1248 1671 1279 adorso,
1683 1250 1712 1275 et

932 1305 948 1325 a
963 1302 1058 1326 ventre
1079 1298 1249 1329 verberatus.
1281 1296 1352 1325 ferro
1381 1299 1498 1323 onustus
1522 1294 1550 1322 in
1573 1301 1711 1321 carcerem

931 1343 1071 1378 coniectus
1085 1347 1137 1376 est,
1149 1347 1231 1378 atque
1245 1343 1271 1370 in
1284 1342 1404 1370 tenebris
1416 1341 1488 1376 degit
1501 1340 1592 1367 multis
1603 1339 1710 1367 diebus.

931 1388 1000 1416 Cum
1018 1393 1106 1416 autem
1116 1389 1204 1416 oratio
1235 1388 1322 1415 sancti
1345 1387 1435 1414 Patris
1455 1385 1583 1413 Antiochi
1600 1385 1713 1412 misera-

931 1439 1018 1464 torem
1041 1435 1125 1463 Deum
1142 1436 1288 1471 placasset,
1312 1434 1414 1461 Christi
1440 1433 1570 1460 beneﬁcio
1595 1431 1710 1459 eductus

931 1479 976 1507 ille
985 1487 1017 1507 ex
1029 1487 1148 1512 carcere,
1167 1487 1228 1506 cum
1244 1478 1278 1505 ad
1299 1477 1487 1506 nosoeomium
1504 1477 1633 1508 venisset,
1651 1475 1708 1502 fra-

98 1530 178 1565 μείῳ,
191 1529 232 1555 ἑτι
246 1529 275 1554 ἐν
292 1529 324 1564 τῇ
336 1527 460 1562 ἀλγηδόνι
476 1527 538 1554 ὄντα
554 1527 599 1553 τὸν
613 1526 724 1560 ἀδελφὸν
736 1525 881 1552 διαϐαστά-

933 1527 1001 1552 trem
1017 1525 1098 1552 alium
1121 1525 1210 1551 adhuc
1220 1524 1315 1551 dolore
1330 1523 1508 1553 laborantem,
1520 1522 1629 1557 paulum
1650 1529 1710 1549 sus-

95 1575 151 1608 ζων
175 1575 264 1609 ὀλίγον
286 1576 318 1610 τῇ
343 1574 414 1609 χειρὶ
436 1573 642 1608 ἀναπαυόμενον
664 1573 766 1608 ἢγαγεν
788 1574 828 1605 εἰς
852 1573 882 1600 τὸ

98 1621 276 1656 μοναστήριον
286 1621 352 1646 ’.καὶ
363 1620 401 1651 ὡς
416 1620 550 1654 ἐσήμανεν
566 1619 579 1646 ὁ
593 1619 724 1655 θυρωρὸς,
739 1615 802 1654 εὗρε
819 1619 881 1651 τοὺς

96 1667 228 1702 ἀδελφοὺς
249 1666 302 1702 πρὸ
321 1665 369 1692 τοῦ
392 1665 537 1697 πυλεῶνος,
558 1665 818 1702 καὶιεὺχαριστήσας
842 1667 880 1701 τῷ

96 1711 279 1748 φιλανθρώπῳ
293 1711 352 1746 Θεῷ
367 1711 473 1744 ἐδέξατο
484 1710 592 1742 αὐτούς.
606 1711 661 1737 Καὶ
678 1711 761 1745 εὐχὴν
775 1711 817 1736 ἐπ’
834 1711 882 1736 αὺ-

94 1758 159 1790 sab;
175 1758 290 1793 ποιήσας
300 1756 470 1792 παραχρῆμα
487 1757 571 1790 ὑγιεῖς
588 1755 627 1791 τῷ
641 1755 745 1790 σώματι
759 1755 880 1782 ἀποκατ-

96 1803 204 1839 έστησε.
227 1803 281 1830 Καὶ
307 1802 398 1829 λοιπὸν
420 1801 610 1837 μετανοοῦντες
628 1801 670 1835 ἐφ’
691 1799 731 1832 οἷς
760 1800 879 1836 ἔπραξαν

97 1849 127 1875 ἐν
150 1849 233 1884 πολλῇ
253 1847 368 1883 ἀσκήσει
388 1847 550 1883 δακρύοντές
570 1855 599 1873 τε
616 1846 663 1873 καὶ
679 1846 880 1882 ἀγρυπνοῦντες

95 1894 230 1922 διετέλουν
244 1894 272 1920 ἐν
287 1893 370 1928 πολλῇ
384 1892 626 1929 ταπεινοφροσύνῃ.
642 1892 696 1919 Καὶ
722 1891 792 1918 οὕτω
811 1891 879 1927 μετά

95 1941 170 1975 τρεῖς
181 1939 320 1970 ἐνιαυτοὺς
338 1938 395 1974 μετ’
411 1939 520 1974 εἰρήνης
538 1938 585 1965 καὶ
600 1937 705 1972 ἀγαθῆς
718 1936 879 1972 ἐξομολογή-

95 1994 165 2021 ᾳεως
184 1984 370 2021 ἐκοιμήθησαν
385 1986 413 2012 ἐν
426 1976 544 2019 «Χριστῷ
564 1983 669 2019 Ἰησοῦ,
683 1980 704 2017 ᾧ
725 1984 741 2018 ή
757 1983 819 2016 δόξα
840 1984 879 2015 εἰς

99 2033 161 2063 τοὺς
177 2030 286 2062 αἰῶνας.
307 2030 402 2066 Ἀμήν.

129 2077 175 2104 21.
197 2076 307 2104 ’Δλλοτε
322 2076 476 2112 καθημένου
492 2076 539 2102 καὶ
552 2074 783 2109 ἀναγινώσκοντος
797 2075 877 2103 αὑτοῦ

93 2122 144 2158 τὴν
159 2122 249 2157 βίϐλον
259 2121 313 2149 τῶν
326 2121 440 2148 ἐντολῶν
451 2121 497 2148 τοῦ
507 2121 581 2148 ὁσίου
596 2120 702 2156 Πατρὺς
713 2121 760 2147 καὶ
774 2121 880 2148 ἐπισκό-

95 2176 146 2194 που
170 2165 328 2194 Ἀθανασίου
349 2165 418 2201 μετά
433 2166 523 2201 φωνῆς
538 2166 584 2192 καὶ
598 2165 694 2200 ἡδονῆς
710 2165 820 2201 πολλῆς,
838 2165 878 2198 εἷς

93 2212 150 2240 τῶν
174 2211 311 2246 ἀδελφῶν,
332 2211 536 2247 ἀκροασάμενος
562 2211 681 2246 ἀκριϐῶς
705 2211 778 2243 ὅλας,
803 2211 875 2246 λέγει
891 2204 914 2232 Ῑ)

94 2258 170 2293 αὐτῷ
187 2257 242 2293 (85)
253 2266 260 2273 ·
284 2266 294 2283 ι
307 2257 410 2292 Κύριε,
422 2258 450 2284 αἰ
467 2257 571 2283 ἐντολαὶ
593 2252 672 2283 αὗται
694 2257 809 2292 μεγάλαι
831 2258 876 2284 καὶ

94 2304 175 2332 καλαὶ
200 2304 247 2331 καὶ
272 2303 382 2330 δυναταί
405 2303 467 2333 εἰσι,
483 2303 630 2337 δυνάμεναι
655 2303 787 2338 εὐφρᾶναι
827 2303 877 2340 τὴν

94 2349 261 2388 καρδίαντοῦ
273 2349 419 2386 δυναμένου
435 2350 553 2386 τηρῆσαι
568 2349 660 2380 αὑτάς.
676 2350 731 2376 Οὐκ
743 2348 811 2382 οἶδα,
829 2351 877 2377 κύ-

97 2405 149 2433 ριε,
170 2397 195 2424 ει
213 2395 337 2423 δύνανται
358 2397 385 2422 αι
407 2395 512 2422 ἐντολαὶ
530 2391 610 2422 αὗται
629 2395 682 2422 ὑπὸ
698 2395 802 2422 πολλῶν
827 2405 878 2430 φυι

96 2432 239 2479 λαχθῆναι,
259 2442 325 2469 διότι
337 2441 452 2477 σκληραί
469 2442 546 2468 εἰσιν.
563 2450 573 2467 ι
589 2441 740 2476 Ἐμϐλὲψας
751 2441 779 2467 δὲ
797 2432 876 2468 αὑτδν

95 2492 110 2518 ό
131 2490 223 2523 δοῦλος
244 2489 290 2516 τοῦ
309 2489 376 2516 Θεοῦ
403 2489 470 2524 μετά
491 2488 590 2523 πολλῆς
611 2488 759 2524 αὐστηρίας
782 2486 873 2516 εἶπεν·

99 2535 264 2571 (Ἄνανδρε,
283 2534 443 2571 ἁκηδιαστὰ,
461 2533 565 2570 ῥᾴθυμε
589 2533 634 2560 καὶ
656 2533 813 2570 ὸλιγόψυχε,
826 2535 876 2562 οὐκ

96 2578 180 2614 οἶδας,
205 2581 257 2614 ὅτι,
279 2580 326 2607 ἐὰν
347 2581 376 2607 ἐν
395 2581 436 2606 σοὶ
459 2580 547 2616 ἐαυτῷ
575 2580 671 2616 προϐῇ,
695 2581 735 2607 ὃτι
753 2580 877 2608 δύνανται

96 2626 283 2662 φυλαχθῆναι,
297 2626 414 2658 εὐκόλως
426 2625 510 2658 αὐτὰς
528 2625 664 2660 φυλάξεις,
683 2626 729 2654 καὶ
743 2627 793 2653 οὐκ
804 2626 879 2654 ἔσον-

97 2681 140 2700 ται
160 2672 292 2709 σκληραίς
315 2673 346 2699 Εἰ
364 2672 392 2699 δὲ
411 2672 497 2707 ἀναδῇ
516 2672 562 2699 ἐπὶ
576 2672 625 2708 τὴν
638 2673 751 2709 καρδίαν
770 2682 815 2700 σου
839 2674 876 2710 μὴ

95 2718 226 2747 δύνασθαι
258 2719 342 2751 αὑτὰς
374 2719 426 2747 ὑπὸ
457 2719 600 2755 ἀνθρώπου
632 2721 815 2758 φυλαχθῆναι,
846 2723 877 2749 οὐ

134 2808 191 2878 με)
209 2807 259 2835 Hic
276 2807 414 2842 paululum
431 2807 517 2834 variat
534 2811 637 2836 textus.

146 2843 192 2878 85)
210 2842 272 2870 Haec
285 2850 317 2870 ex
335 2843 404 2870 libro
418 2850 438 2870 ιι
454 2842 568 2875 llerme.
589 2851 637 2870 mai

932 1574 1051 1604 tentans,
1066 1578 1202 1606 manuque
1218 1571 1270 1598 sibi
1280 1570 1414 1602 innixum,
1429 1568 1541 1596 deduxit
1564 1567 1597 1594 ad
1615 1575 1708 1594 mona-

931 1616 1061 1643 sterium:
1080 1624 1112 1643 ac
1125 1624 1187 1643 cum
1202 1617 1241 1644 illi
1263 1623 1320 1643 rem
1341 1615 1489 1642 iudicasset
1513 1614 1710 1646 ostiarius,in-

930 1664 1004 1693 venit
1016 1666 1080 1691 ante
1094 1664 1194 1690 ostium
1208 1663 1305 1690 fratres
1316 1662 1387 1694 illos,
1404 1662 1559 1697 gratiasque
1568 1660 1707 1688 hominum
1727 1691 1730 1697 ‘

931 1712 1032 1739 amanti
1050 1710 1104 1739 Dco
1116 1717 1210 1745 agens,
1239 1709 1363 1736 homines
1388 1707 1517 1742 suscepit.
1535 1708 1622 1741 Atque
1638 1705 1708 1733 facta

931 1765 1012 1792 super
1022 1756 1076 1783 illis
1091 1755 1224 1785 oratione,
1242 1754 1333 1782 statim
1349 1753 1459 1780 sanitati
1476 1759 1614 1787 corporea:
1627 1752 1705 1780 resti-

930 1804 991 1831 tuit.
1019 1802 1059 1830 Ac
1081 1802 1188 1829 demum
1201 1800 1388 1835 pmnitentiam
1414 1803 1524 1834 agentes
1545 1798 1578 1826 de
1601 1798 1708 1826 delictis

930 1851 997 1883 suis,
1009 1849 1036 1876 in
1056 1848 1141 1875 multa
1153 1846 1358 1878 exercitatione,
1373 1845 1510 1880 lacrymis.
1524 1845 1634 1880 vigiliis,
1650 1852 1709 1872 ma-

929 1901 1034 1930 gnaque
1046 1892 1199 1920 humilitate
1211 1894 1429 1926 perseverarunt.
1449 1889 1609 1925 Elapsisquc
1621 1889 1709 1917 tribus

929 1939 1019 1971 annis,
1037 1945 1098 1967 cum
1107 1945 1173 1973 pace
1181 1942 1208 1965 et
1222 1937 1292 1964 bona
1301 1936 1485 1968 confessione,
1502 1935 1708 1963 obdormierunt

928 1987 957 2014 in
971 1986 1078 2014 Christo
1089 1985 1166 2018 Jesu,
1182 1984 1225 2012 cui
1243 1983 1329 2018 gloria
1353 1982 1382 2010 in
1398 1983 1507 2011 saecula.
1520 1983 1620 2013 Amen.

964 2075 1009 2103 2L
1031 2074 1090 2102 Alio
1108 2078 1227 2109 tempore
1253 2073 1364 2101 sedente
1379 2070 1425 2098 illo
1441 2078 1473 2098 ac
1488 2070 1592 2105 legente
1608 2069 1707 2097 librum

930 2124 1126 2157 praceptorum
1152 2119 1239 2147 sancti
1254 2119 1343 2146 Patris
1370 2121 1397 2145 et
1415 2116 1537 2152 episcopi
1565 2115 1707 2143 Athanasii

929 2169 984 2195 alta
997 2175 1062 2196 voce
1076 2172 1103 2195 et
1118 2175 1180 2195 cum
1193 2166 1289 2203 grandi
1312 2165 1462 2200 voluptate,
1484 2163 1594 2198 quidam
1606 2170 1638 2190 ex
1651 2162 1707 2189 fra-

930 2215 1018 2243 tribus
1033 2222 1095 2243 cum
1109 2214 1216 2250 singula
1231 2217 1332 2240 attente
1343 2211 1500 2242 audivisset,
1513 2210 1550 2237 ait
1561 2209 1599 2237 illi
1612 2219 1618 2236 :
1631 2219 1640 2235 ι
1653 2208 1706 2235 Do-

930 2262 1012 2294 mine,
1043 2261 1101 2288 ha:c
1116 2265 1259 2295 praecepta,
1288 2265 1396 2293 magna.
1422 2257 1545 2292 pulchra,
1567 2259 1594 2283 et
1618 2255 1706 2282 valida

930 2311 1002 2339 sunt,
1024 2310 1190 2342 possuntque
1217 2305 1352 2332 delectare
1369 2310 1417 2330 cor
1427 2302 1486 2336 ejus
1507 2300 1553 2336 qui
1575 2307 1606 2327 ea
1632 2306 1708 2326 com-

928 2353 1002 2387 plere
1019 2353 1106 2385 valet;
1132 2350 1179 2378 sed
1207 2349 1311 2382 nescio,
1340 2348 1461 2379 domine,
1475 2354 1509 2374 an
1526 2345 1632 2382 possint
1645 2344 1706 2379 plu-

928 2399 990 2427 rimi
1003 2407 1033 2426 ea
1045 2405 1163 2429 servare,
1175 2398 1243 2424 dura
1255 2403 1371 2431 namque
1382 2398 1455 2423 sunt.
1471 2405 1480 2421 ι
1491 2394 1575 2422 Istum
1591 2392 1707 2420 intuitus

929 2454 1024 2474 servus
1039 2445 1097 2478 Dei,
1112 2452 1209 2480 magna
1235 2452 1297 2472 cum
1325 2444 1467 2471 severitate
1490 2442 1551 2469 ait:
1574 2441 1705 2475 «ignave,

928 2492 1014 2527 piger,
1040 2491 1177 2519 desidiose
1197 2494 1225 2517 et
1247 2489 1438 2525 pusillanimis,
1471 2494 1562 2514 nonne
1575 2485 1653 2513 vides
1668 2488 1705 2516 te,

929 2538 1009 2566 sitihi
1025 2540 1087 2564 ante
1098 2536 1272 2572 proposueris
1299 2542 1379 2569 posse
1391 2534 1436 2561 illa
1451 2532 1590 2561 observari
1601 2551 1609 2564 ,
1628 2530 1707 2558 facile

929 2584 975 2611 illa
990 2584 1208 2612 observaturum,
1225 2589 1274 2608 nec
1285 2580 1332 2607 tibi
1355 2579 1412 2607 fore
1427 2578 1473 2606 illa
1487 2578 1556 2605 dura
1569 2580 1596 2604 et
1608 2575 1705 2604 dillici-

928 2630 986 2656 lia?
1001 2628 1078 2662 Quod
1092 2628 1115 2656 si
1125 2635 1186 2655 cum
1211 2626 1292 2654 corde
1306 2630 1351 2653 tuo
1367 2623 1546 2660 reputaveris,
1557 2630 1612 2650 non
1626 2628 1705 2657 posse

928 2677 975 2704 illa
1004 2676 1038 2703 ah
1064 2675 1173 2702 homine
1208 2673 1359 2704 observari,
1385 2677 1524 2707 nunquam
1548 2669 1707 2697 observatu-

928 2729 976 2749 rus
993 2729 1032 2749 es.
1048 2721 1145 2748 Annon
1156 2719 1226 2747 nosti
1244 2718 1290 2746 Dei
1303 2717 1427 2754 gloriam,
1442 2719 1555 2752 quanta,
1569 2721 1651 2750 quam
1661 2719 1708 2741 va-

146 2843 192 2885 ss)
210 2842 272 2870 Haec
285 2850 317 2870 ex
335 2843 404 2870 libro
418 2850 438 2870 ιι
454 2842 568 2875 Hermae.
589 2843 715 2872 mandato
734 2843 775 2877 ιε,
797 2844 861 2872 hinc
879 2843 942 2872 inde
952 2843 1142 2873 consarcinata
1158 2848 1230 2872 sunt.

238 2889 373 2920 ΡΑτιιοι..
389 2889 448 2921 Gn.
468 2890 615 2921 XXVIII.

1516 2893 1552 2922 19
