1924 3059
227 163 273 192 887

226 223 290 254 lida,
306 227 385 256 quam
397 217 529 246 mirabilis
543 217 588 244 illa
600 217 656 249 sit;
674 215 743 251 quod
756 215 859 243 scilicet
869 214 998 242 mundqu
1014 216 1037 244 Α

226 268 305 303 213
319 265 451 293 creaverit
468 267 578 299 propter
602 262 756 293 hominem.
783 264 998 296 potestatemque

226 315 263 342 illi
279 312 383 340 dederit
403 314 432 337 ut
447 310 632 336 dominaretur
648 308 774 336 omnibus
788 315 847 342 quae
864 310 927 333 sunt
951 313 1000 332 su-

226 367 273 394 per
286 356 404 384 terram?
417 355 486 388 Quid
507 355 590 390 igitur
605 355 700 381 horum
720 353 840 380 omnium
861 351 941 378 homo
954 350 999 377 do-

225 404 315 431 minus
334 407 386 434 est,
404 401 584 434 omnibusque
599 400 733 434 imperare
747 399 832 429 valet;
854 403 938 431 ecqua
955 403 1000 422 ra—

226 450 299 476 tione
319 456 375 476 non
390 447 488 482 poterit
503 446 579 473 hisce
599 445 741 480 praeceptis
762 442 914 470 dominari?
932 441 1001 473 Quo-

226 494 368 521 modonam
381 491 462 518 David
473 491 606 526 gigantem
617 489 803 522 alienigenam,
813 487 1001 520 hominemque

225 540 393 569 bellatorem,
411 539 484 566 omni
503 543 640 564 armorum
655 542 754 570 genere
771 535 932 561 instructum
954 539 1000 558 su-

225 586 346 621 peravit?
370 592 458 612 nonne
482 585 540 611 solo
562 582 710 617 proposito,
734 587 765 606 ac
790 579 841 606 [ide
862 586 896 606 ex
920 577 1001 604 corde

225 631 408 667 procedente?
423 630 481 665 Ipse
504 629 578 657 solus
594 629 649 655 hmo
666 627 718 654 Deo
735 626 841 653 obtulit.
862 625 932 651 Deus
953 632 1001 650 au-

225 683 278 704 tem
295 677 353 704 visa
367 676 427 710 ejus
446 676 598 706 alacritate,
614 681 646 700 ac
658 673 709 700 ﬁde
727 672 753 699 in
773 671 856 699 corde
878 671 938 705 ejus
957 670 999 696 in-

225 723 286 752 sita,
303 729 409 748 necnon
425 728 482 754 spe,
503 721 562 755 ipse
582 719 690 746 tandem
705 717 846 744 victoriam
863 715 1000 750 pmstitit,

225 768 359 800 uniusque
381 764 561 792 adolescentis
584 770 666 789 manu
685 762 825 788 inimicum
841 761 1000 795 prostravit.

224 810 257 836 Et
272 810 370 837 diseito
385 817 439 836 non
457 808 596 839 Davidem.
621 806 669 834 sed
686 805 769 832 Deum
790 805 815 832 id
836 804 925 839 operis
941 811 1002 838 per-

225 854 329 882 fecisse.
343 855 437 889 Cogita
453 853 618 888 Stephanum
633 852 750 887 primum
767 855 923 885 martyrem.
935 852 1001 883 quot

224 900 326 935 lapides
351 908 366 926 a
391 903 457 934 quot
483 898 637 926 hominibus
657 897 772 931 iniectos
798 896 944 930 exceperit,
968 903 1001 922 ac
1016 901 1038 930 Β

223 947 276 973 nisi
294 946 351 980 ipse
362 945 503 972 Dominum
515 943 653 971 Christum
666 945 790 977 precatus
801 946 883 972 esset,
898 948 999 975 nequa-

222 999 303 1027 quam
323 991 372 1025 ipsi
390 990 545 1017 tradidisset
565 989 700 1024 spiritum.
715 988 771 1015 Cur
784 987 816 1014 dc
834 987 899 1014 viris
913 987 999 1021 loqui-

223 1037 301 1063 mur‘l
319 1035 457 1063 Juditham
480 1035 544 1062 mihi
569 1034 722 1066 considera,
750 1033 892 1061 adeuntem
918 1032 1000 1061 Ποιο-

223 1084 361 1117 phernem,
378 1089 428 1108 nec
445 1081 478 1108 de
495 1088 545 1108 sua
569 1080 732 1115 cogitantem
755 1079 921 1112 inﬁrmitate,
944 1087 999 1105 non

222 1128 256 1154 de
269 1127 378 1160 decoro,
400 1127 442 1154 vel
461 1127 494 1153 de
509 1126 630 1161 periculo
654 1133 714 1153 suo.
738 1124 911 1160 Nequaquam
932 1125 1000 1152 dixit

224 1174 250 1199 in
264 1173 428 1207 semetipsa:
444 1171 495 1198 Tot
508 1172 558 1199 viri
574 1172 601 1198 in
617 1171 682 1198 urbe
697 1175 760 1198 sunt
772 1171 886 1199 robusti.
901 1177 1000 1204 praera-

223 1218 279 1250 lidi,
294 1218 453 1253 prudentes,
467 1217 624 1250 artiﬁciosi;
646 1224 761 1252 quorum
777 1224 856 1244 nemo
873 1216 924 1243 hoc
937 1216 1000 1243 faci-

222 1270 274 1290 nus
297 1267 401 1290 tentare
427 1263 508 1290 audet
527 1266 575 1290 :et
599 1270 648 1296 ego
672 1262 793 1289 omnium
815 1262 998 1295 imbecillima,

221 1309 286 1335 illud
304 1309 464 1343 aggrediar?
480 1307 552 1335 Nihil
565 1308 699 1342 ejusmodi
712 1307 850 1342 cogitavit.
869 1307 922 1334 Sed
938 1315 1000 1334 cum

220 1355 294 1382 omni
319 1355 460 1380 alacritate
481 1357 508 1380 et
531 1353 592 1386 ﬁde,
619 1353 653 1379 ad
676 1354 887 1387 omnipotentem
916 1352 1000 1380 Deum

221 1408 283 1428 cum
307 1401 405 1427 ﬁducia
423 1400 560 1433 accessit;
576 1407 607 1426 ac
626 1399 696 1427 Deus
721 1399 767 1434 qui
789 1399 879 1426 omnia
901 1402 998 1433 potest.

221 1450 357 1481 acceptam
389 1446 448 1480 ejus
471 1446 574 1473 habens
593 1445 738 1478 ﬁduciam,
767 1445 839 1480 quod
867 1445 1000 1480 reliquum

219 1497 278 1522 erat
294 1494 351 1528 ipse
367 1492 489 1528 perfecit.
510 1491 578 1518 Nam
596 1492 740 1519 miserator
753 1491 823 1519 Deus
835 1498 889 1518 non
903 1498 999 1525 corpo-

221 1539 259 1566 ris
273 1540 366 1570 robur,
387 1537 433 1565 sed
450 1537 631 1572 propositum,
658 1537 777 1564 studium
802 1540 828 1563 et
843 1537 999 1571 patientiam

221 1586 346 1621 requirit.
369 1585 504 1612 Abscedat
527 1583 617 1618 itaque
642 1583 759 1609 humana
783 1583 871 1610 omnis
892 1576 1033 1609 occasioC

219 1636 247 1659 et
265 1635 379 1658 conatus
394 1640 400 1657 :
414 1637 469 1657 non
485 1629 628 1656 dicendum
649 1629 748 1663 quippe
766 1627 821 1656 Deo
843 1632 884 1656 est
904 1628 999 1655 :lnﬁr—

220 1684 282 1704 mus
302 1684 372 1703 sum.
390 1676 461 1702 Deus
476 1683 593 1709 namque
613 1683 668 1702 non
694 1676 777 1703 robur
799 1683 814 1702 a
832 1682 858 1702 te
873 1675 996 1710 requirit,

221 1722 269 1750 sed
285 1721 376 1749 cordis
389 1723 567 1756 propositum.
583 1720 632 1747 Dic
645 1721 722 1755 Inibi,
737 1729 817 1756 quam
834 1721 927 1748 habuit
943 1721 998 1748 vim

221 1767 292 1794 latro
310 1767 355 1794 ille
380 1767 452 1801 ligno
477 1766 600 1793 conﬁxus
617 1773 630 1792 a
648 1766 750 1793 dextris
772 1766 894 1794 Christi?
906 1766 1000 1794 Nonne

223 1812 252 1839 in
270 1811 406 1839 infernum
427 1814 602 1845 perrecturus
613 1811 690 1838 erat?
710 1810 743 1837 Et
762 1811 857 1838 mulier
873 1818 932 1845 quae
948 1810 999 1837 Do-

221 1857 324 1883 minqu
345 1860 482 1891 unguento
499 1857 586 1888 unxit,
610 1861 636 1883 et
657 1856 783 1891 lacrymis
800 1856 897 1890 rigavit
919 1857 999 1891 pedes

221 1901 290 1936 ejus,
307 1909 396 1928 nonne
415 1902 555 1936 proposito
571 1905 598 1929 et
611 1901 662 1928 ﬁde
674 1909 722 1928 sua
736 1902 822 1928 solum
839 1902 912 1929 salva
929 1903 999 1929 facta

220 1947 284 1974 est?
297 1946 365 1974 Nolo
380 1947 412 1974 de
435 1947 535 1974 Thecla
555 1947 628 1982 loqui
644 1948 684 1974 vel
704 1947 737 1974 de
751 1947 863 1982 reliquis
880 1948 1000 1975 mulieri-

222 1993 283 2023 bus,
307 1999 366 2026 ηοω
388 1992 417 2019 in
441 1992 532 2020 futuro
554 1993 653 2020 szeculo
677 2000 738 2019 cum
759 1993 844 2028 gloria
865 1999 1000 2021 coronata:

222 2044 305 2071 prope
319 2037 457 2064 Christum
472 2037 692 2065 collocabuutur.
707 2037 898 2066 Pusillanimes
910 2044 999 2067 autem

220 2086 248 2109 et
263 2083 332 2118 pigri
350 2090 411 2110 cum
427 2083 530 2118 pudore
560 2088 673 2118 pergent
694 2084 727 2110 ad
743 2084 903 2119 supplicium
918 2089 998 2112 mter-

222 2136 295 2156 num.
314 2129 404 2164 itaque
425 2130 551 2157 omnibus
569 2130 644 2157 hisce
658 2130 798 2164 prteceptis
820 2130 998 2166 adimplendis

221 2175 346 2210 superior
361 2179 403 2202 est
423 2175 514 2207 homo,
538 2175 586 2210 qui
602 2175 745 2202 Dominum
767 2176 847 2203 habet
862 2177 889 2203 in
906 2177 996 2204 corde.

221 2220 273 2252 Qui
291 2225 381 2247 autent
404 2220 432 2246 in
447 2220 526 2247 labiis
550 2223 654 2246 tantum
683 2220 782 2247 habent
796 2221 882 2253 illum,
901 2222 998 2248 corde-

220 2273 273 2300 que
294 2269 439 2297 excmcato,
465 2265 498 2292 ob
522 2265 646 2292 inertiam
666 2273 742 2292 suam
769 2267 862 2301 procul
886 2266 998 2295 Domino

222 2315 301 2341 sunt,
319 2311 361 2336 his
377 2314 510 2344 prtecepta
526 2310 577 2337 ista
596 2310 664 2336 dura
679 2314 742 2337 sunt
762 2314 790 2338 et
803 2310 929 2338 diﬁicilia.
946 2311 998 2338 Po-

222 2356 277 2382 nite
296 2356 378 2390 igitur
394 2356 590 2388 indesinenter,
609 2363 626 2382 ο
640 2356 827 2390 pusillanimes
851 2362 877 2384 et
894 2357 945 2384 lide
959 2358 997 2385 le-

221 2401 336 2433 vissimi,
355 2400 498 2427 Dominum
517 2401 543 2427 in
558 2401 686 2429 cordibus
703 2402 810 2435 vestris,
826 2404 996 2437 agnoscetis-

220 2455 273 2482 que
289 2447 356 2474 nihil
370 2455 432 2474 esse
452 2447 559 2474 facilius
577 2447 650 2475 hisce
672 2449 825 2483 praeceptis,
849 2449 915 2476 nihil
937 2449 998 2477 dul-

221 2494 290 2525 cius,
316 2494 383 2520 nihil
408 2493 540 2528 placidius
554 2504 560 2521 :
575 2495 756 2522 violentorum
778 2496 877 2531 quippe
901 2501 941 2523 est
958 2504 998 2524 re-

221 2546 302 2574 gnum
317 2538 374 2566 Dei.
387 2539 454 2566 Nam
467 2541 567 2573 petenti
580 2541 677 2574 datur;
690 2542 735 2575 qui
747 2541 880 2569 laboriose
890 2542 996 2577 quaerit,

219 2584 349 2616 inveniet,
364 2588 390 2611 et
401 2585 519 2619 pulsanti
533 2593 567 2612 ex
576 2586 658 2613 corde
672 2590 767 2613 etcum
779 2588 918 2622 patientia,
931 2596 997 2622 ape-

221 2630 305 2656 rietur
318 2639 324 2656 :
338 2634 417 2664 atque
438 2630 514 2665 plura
537 2631 673 2658 dabuntur
687 2639 767 2666 quam
794 2636 927 2667 petamus.
943 2633 995 2660 Va-

221 2683 273 2702 nus
289 2675 389 2710 quippe
411 2680 453 2704 est
469 2677 594 2712 quisquis
613 2677 707 2710 homo,
726 2682 752 2705 et
773 2678 816 2705 hic
831 2679 883 2705 frui
899 2679 956 2706 vult
970 2683 996 2706 et

221 2721 369 2754 quiescere,
388 2725 414 2749 et
431 2722 484 2749 illic
496 2729 557 2750 cum
573 2724 680 2751 Christo
698 2733 820 2759 regnare.
839 2724 896 2752 Vim
915 2725 997 2760 igitur

220 2766 269 2792 tibi
292 2766 404 2799 inferas,
429 2771 510 2802 atque
529 2777 603 2804 spem
620 2770 718 2797 habeto
735 2772 761 2797 in
784 2772 995 2805 omnipotentem

221 2810 321 2846 Deum;
345 2813 408 2847 quia
426 2814 498 2848 apud
522 2815 597 2842 illum
614 2816 691 2842 radix
717 2821 758 2843 est.
780 2817 920 2849 bonitatis,
939 2817 998 2844 fons

220 2857 413 2889 miserationis,
449 2859 560 2894 pelagus
580 2860 838 2888 misericordiarum.
869 2860 921 2896 ipsi
939 2862 997 2896 glo—

1013 2244 1035 2271 D

779 156 808 183 S.
829 153 1058 182 ATIMNASIUS.
1080 168 1113 173 ——
1134 152 1269 180 SPUltlA.

1778 149 1836 178 588

1051 211 1176 246 φυλάξεις
1191 211 1284 242 αὐτάς.
1299 210 1335 237 Οὐ
1358 211 1425 241 νοεῖς
1444 210 1494 245 τὴν
1516 208 1593 240 δόξαν
1610 207 1656 234 τοῦ
1676 206 1756 240 Θεοῦ,
1774 207 1837 238 πῶς

1052 257 1155 292 μεγάλη
1171 257 1228 282 ἐστὶ
1251 257 1297 283 καὶ
1311 256 1408 291 ἰσχυρὰ
1426 256 1472 282 καὶ
1491 254 1632 289 θαυμαστὴ
1643 273 1650 286 ,
1681 254 1721 280 ὅτι
1738 253 1836 279 ἔκτισε

1050 303 1094 329 τὸν
1117 302 1218 337 κόσμον
1247 301 1290 328 διὰ
1313 302 1358 327 τὸν
1383 301 1534 336 ἄνθρωπον,
1567 299 1615 326 καὶ
1630 299 1679 334 τὴν
1708 298 1837 331 ἐξουσίαν

1051 348 1156 374 ἃπασαν
1177 347 1275 373 ἔδωκεν
1290 346 1363 381 αὐτῷ
1380 346 1514 381 κυριεύειν
1538 346 1644 372 πάντων
1661 344 1714 371 τῶν
1727 344 1772 370 ἐπὶ
1783 344 1837 379 τῆς

1050 393 1110 428 γῆς.
1121 393 1152 418 Τί
1161 391 1206 419 οὖν
1216 393 1323 420 πάντων
1329 392 1430 418 τούτων
1441 393 1454 417 ὁ
1467 392 1606 427 ἄνθρωπος
1616 391 1708 427 κύριός
1719 391 1837 417 ἐστικαὶ

1051 439 1159 465 πάντων
1173 438 1282 464 δύναται
1305 438 1533 473 κατακυριεῦσαι;
1558 437 1615 468 πῶς
1637 438 1666 463 οὔ
1692 438 1837 472 δυνήσεται

1051 484 1097 510 καὶ
1116 483 1216 510 τούτων
1229 483 1283 509 τῶν
1300 483 1411 510 ἐντολῶν
1427 483 1656 518 κατακυριεῦσαι;
1673 483 1735 514 Πῶς
1751 482 1837 508 Δαεὶδ

1051 529 1223 564 ὲτροπώσατο
1243 528 1288 555 τὸν
1307 529 1453 563 ἀλλόφυλον
1470 530 1583 563 γίγαντα
1603 530 1649 556 καὶ
1668 529 1837 564 πολεμιστὴν

1051 574 1191 610 ἄνθρωπον
1208 574 1338 600 πάντοθεν
1353 574 1593 610 καθωπλισμένον;
1616 575 1681 610 Οὐχὶ
1701 575 1779 610 μόνον
1801 577 1836 611 τῇ

1052 620 1209 656 προαιρέσει
1228 621 1274 646 καί
1288 621 1320 655 τῇ
1338 620 1390 646 ἀπὸ
1407 620 1518 656 καρδίας
1535 620 1641 653 πίστει;
1665 622 1767 652 ἐκεῖνος
1783 620 1835 656 μό-

1051 674 1094 692 νον
1108 665 1192 692 ταῦτα
1208 666 1376 701 προσήνεγκε
1386 666 1424 701 τῷ
1439 666 1507 701 Θεῷ.
1531 666 1559 693 ⁸0
1575 666 1603 693 δὲ
1617 667 1692 699 Θεὸς,
1710 667 1770 693 ἰδὼν
1784 667 1837 693 αὐ-

1051 711 1097 737 τοῦ
1111 711 1160 745 τὴν
1177 711 1329 746 προθυμίαν
1345 712 1391 738 καὶ
1407 712 1456 747 τὴν
1477 712 1531 738 ἀπὸ
1549 713 1659 748 καρδίας
1673 713 1762 740 πίστιν
1787 714 1836 740 καὶ

1051 757 1155 788 ἐλπίδα,
1178 757 1270 783 λοιπὸν
1292 758 1372 788 αὐτὸς
1383 758 1528 793 εἰργάσατο
1553 758 1602 793 τὴν
1624 759 1713 794 νίκην,
1736 759 1783 785 καὶ
1799 759 1834 786 δι’

1051 803 1109 834 ἐνὸς
1127 803 1266 838 μειρακίου
1283 803 1416 830 κατέϐαλε
1427 804 1472 831 τὸν
1488 804 1654 832 ὑπεναντίον.
1665 805 1718 831 Καὶ
1734 805 1834 841 μάθῃς,

1051 848 1091 874 ὅτι
1106 848 1166 882 οὐχὶ
1179 848 1270 882 Asina,
1290 849 1346 875 ἀλλ’
1360 850 1374 875 ὁ
1388 849 1453 880 Θεὸς
1467 850 1497 876 τὸ
1510 850 1588 885 ἔργον
1605 850 1758 886 εἰργάσατο.
1776 852 1836 877 Κα-

1051 893 1179 929 τανὸησον
1201 895 1336 928 Στέφανον
1358 895 1402 921 τὸν
1429 897 1658 931 πρωτομάρτυρα,
1674 897 1771 928 πόσους
1792 896 1835 923 λε-

1049 938 1111 970 θους
1125 940 1176 966 ὑπὸ
1190 940 1324 967 τοσούτων
1337 941 1486 977 ἀνθρώπων
1501 942 1616 974 ἐδέξατο,
1635 943 1680 969 καὶ
1692 944 1716 969 εἰ
1732 942 1768 978 μὴ
1787 943 1836 970 αὑ-

1048 985 1094 1017 τὸς
1111 986 1279 1021 παρεκάλεσε
1293 987 1337 1013 τὸν
1353 987 1490 1022 Δεσπότην
1506 987 1631 1022 Χριστὸν,
1648 989 1696 1015 οὐκ
1716 989 1748 1015 ἂν
1763 997 1836 1024 παρ-

1049 1030 1134 1057 έδωκε
1161 1031 1190 1057 τὸ
1214 1031 1332 1067 πνεῦμα.
1362 1032 1394 1058 Τί
1424 1032 1452 1058 δὲ
1483 1032 1596 1068 λέγομεν
1622 1034 1686 1069 περὶ
1710 1034 1835 1069 ἀνδρῶν;

1051 1077 1183 1104 Κατανόει
1201 1086 1246 1112 μοι
1269 1078 1318 1114 τὴν
1341 1078 1433 1105 Ἰουδὶθ
1455 1079 1524 1114 πρὸς
1543 1081 1587 1106 τὸν
1609 1079 1768 1115 Ὁλοψὲρνην
1783 1089 1834 1107 πο-

1051 1131 1110 1158 ρευο
1114 1123 1196 1158 μένην
1205 1124 1251 1150 καὶ
1263 1124 1299 1159 μὴ
1308 1125 1511 1160 κατανοήσασαν
1518 1125 1566 1160 τὴν
1575 1126 1672 1160 ἑαυτῆς
1681 1126 1833 1158 ἀσθένειαν,

1048 1167 1078 1193 τὸ
1092 1168 1236 1203 εὐπρεπὲς,
1252 1169 1282 1195 τὸ
1296 1169 1438 1197 εὐάλωτον.
1461 1170 1522 1201 Πῶς
1535 1170 1583 1197 οὐκ
1595 1169 1670 1198 εἶπεν
1685 1172 1713 1197 ἐν
1726 1172 1809 1206 ἑαυτῇ
1823 1180 1830 1186 ’

1049 1213 1175 1239 Τοσοῦτοι
1197 1214 1332 1250 ἄνθρωποι
1349 1216 1377 1241 ὲν
1397 1217 1430 1251 τῇ
1451 1216 1524 1242 πόλει
1540 1217 1642 1252 ἰσχυροὶ
1659 1217 1705 1243 καὶ
1725 1217 1834 1243 δυνατοὶ

1050 1259 1096 1285 καὶ
1119 1259 1243 1295 φρόνιμοι
1268 1260 1315 1286 καὶ
1337 1261 1498 1296 εὐμήχανοι,
1523 1263 1570 1289 καὶ
1593 1263 1679 1294 οὐδεὶς
1699 1263 1834 1300 ἐπιχειρεῖ

1049 1304 1127 1331 τοῦτο
1150 1306 1278 1340 ποιῆσαι·
1295 1306 1372 1340 κάγὼ
1396 1307 1426 1333 τὸ
1443 1307 1631 1344 ἀσθενέστερον
1654 1309 1735 1344 μέρος
1752 1308 1833 1335 τοῦτο

1050 1352 1159 1386 ποιῆσαι
1175 1353 1319 1388 τολμήσω;
1346 1353 1428 1380 Οὐδὲν
1451 1355 1570 1381 τοιοῦτον
1592 1355 1746 1389 ἐλογίσατο·
1763 1355 1832 1382 ἀλλὰ

1050 1397 1124 1433 πάσῃ
1145 1398 1283 1434 προθυμίᾳ
1301 1398 1347 1425 καὶ
1363 1399 1454 1426 ’πίστει
1474 1400 1608 1436 προσῆλθε
1625 1401 1663 1436 τῷ
1679 1402 1832 1437 παντοκρά-

1049 1451 1107 1478 τορι
1131 1443 1189 1479 Θεῷ
1213 1444 1359 1479 θαρροῦσα,
1386 1445 1433 1471 καὶ
1459 1447 1472 1472 ὁ
1497 1446 1562 1478 Θεὸς
1583 1448 1597 1473 ο
1619 1448 1830 1484 παντοδύναμος,

1050 1489 1193 1524 δεξάμενος
1203 1489 1267 1524 παρ’
1279 1490 1362 1525 αὐτῆς
1373 1490 1473 1526 ταύτην
1489 1492 1537 1526 τὴν
1549 1493 1715 1529 πεποίθησιν,
1731 1495 1761 1521 τὸ
1778 1497 1831 1522 πᾶν

1051 1534 1141 1561 λοιπὸν
1160 1535 1240 1566 αὐτὸς
1258 1535 1424 1562 ἐπετέλεσεν.
1448 1537 1476 1563 ‘0
1498 1537 1550 1572 γὰρ
1566 1538 1689 1573 ἐλεήμων
1710 1539 1776 1571 Θεὸς
1800 1541 1830 1567 οὐ

1051 1580 1126 1616 ζητεί
1150 1580 1273 1616 σώματος
1291 1581 1413 1617 δύναμιν,
1431 1582 1497 1609 ἀλλὰ
1513 1584 1669 1619 προαίρεσιν
1686 1585 1733 1612 καὶ
1749 1594 1832 1612 σπου-

1049 1627 1095 1662 δὴν
1113 1628 1158 1653 καὶ
1175 1628 1321 1663 ὑπομονήν.
1340 1629 1416 1654 Πᾶσα
1437 1627 1483 1655 οὖν
1496 1630 1606 1665 ἀφορμὴ
1621 1630 1764 1666 ἀνθρώπου
1785 1632 1832 1658 ὲκ-

1049 1673 1136 1699 ποδὼν
1146 1673 1273 1707 γενέσθω.
1285 1675 1322 1700 Οὺ
1336 1675 1389 1710 γὰρ
1404 1675 1461 1701 ἔστι
1472 1675 1561 1710 λέγειν
1575 1676 1633 1711 Θεῷ
1642 1685 1648 1692 ·
1670 1677 1732 1711 Εγὼ
1751 1678 1831 1705 ἀσθε-

1049 1719 1097 1754 νής
1113 1720 1179 1754 εἰμι.
1201 1720 1228 1746 '0
1244 1720 1308 1752 Θεὸς
1325 1721 1378 1756 γὰρ
1397 1721 1450 1748 ἀπὸ
1466 1722 1512 1748 σοῦ
1530 1723 1604 1757 ίσχίιν
1618 1723 1647 1749 οὐ
1663 1723 1748 1759 ζητεῖ,
1763 1724 1831 1751 ἀλλὰ

1049 1765 1206 1800 προαίρεσιν
1227 1766 1281 1792 ἀπὸ
1305 1767 1426 1802 καρδίας.
1448 1767 1515 1794 Εἰπέ
1540 1777 1593 1803 μοι,
1611 1770 1688 1795 ποίαν
1717 1769 1831 1806 δύναμιν

1049 1808 1120 1844 εἶχεν
1145 1811 1159 1836 ὁ
1183 1811 1282 1847 λῃστὴς
1303 1813 1436 1847 ἐμπαγεὶς
1453 1814 1480 1839 ἐν
1506 1813 1545 1848 τῷ
1569 1814 1639 1850 ξύλῳ
1664 1816 1696 1842 ἑκ
1719 1815 1830 1849 δεξιῶνς

1049 1856 1115 1890 Οὐχὶ
1131 1856 1189 1887 ὅλος
1205 1857 1233 1883 ἐν
1248 1857 1287 1891 τῷ
1301 1858 1351 1894 ᾅδῃ
1365 1856 1398 1893 ἦν
1416 1859 1611 1895 πορευόμενος;
1625 1861 1678 1887 Καὶ
1695 1862 1711 1897 ὴ
1732 1861 1800 1897 γυνὴ
1813 1863 1829 1898 ἡ

1049 1900 1179 1935 ἀλείψασα
1202 1902 1246 1928 τὸν
1269 1903 1371 1938 Κύριον
1396 1903 1485 1939 μύρῳ,
1511 1905 1558 1931 καὶ
1580 1905 1694 1941 δάκρυσι
1714 1906 1830 1942 βρέξασα

1048 1947 1111 1978 τοὺς
1126 1947 1217 1978 πόδας,
1233 1948 1293 1984 οὑχ).
1308 1949 1340 1984 τῇ
1361 1950 1516 1985 προαιρέσει
1533 1952 1578 1978 καὶ
1591 1954 1624 1988 τῇ
1641 1953 1729 1979 πίστει
1752 1955 1830 1989 μόνον

1049 1992 1136 2028 ἐσώθη
1149 2002 1156 2025 ;
1176 1995 1212 2020 Οὑ
1229 1994 1298 2021 θέλω
1313 1995 1400 2030 λέγειν
1413 1997 1447 2022 τὰ
1461 1997 1524 2032 περὶ
1539 1997 1642 2033 θέκλης
1657 1999 1703 2025 καὶ
1717 1999 1765 2031 τὰς
1777 2001 1831 2027 λοι-

1050 2038 1102 2070 πὰς
1127 2042 1267 2074 γυναῖκας,
1282 2041 1381 2073 αἵτινες
1406 2043 1434 2069 ὲν
1461 2042 1500 2078 τῷ
1516 2043 1636 2078 μέλλοντι
1661 2045 1738 2071 αῐῶνι
1763 2047 1829 2081 μετὰ

1048 2084 1126 2120 δόξης
1139 2087 1385 2122 στεφανοφοροῦσαι
1401 2089 1652 2124 παρασταθήσονται
1662 2090 1700 2126 τῷ
1710 2091 1828 2127 Χριστῷ.

1049 2131 1080 2157 Οἱ
1093 2131 1120 2157 δὲ
1134 2131 1285 2167 ὀλιγόῴυχοι
1300 2133 1346 2160 καὶ
1360 2133 1475 2169 ρᾁυμοι
1495 2137 1716 2171 κατῃσχυμμένοι
1734 2137 1830 2173 πορεύ-

1050 2187 1139 2205 σονται
1152 2179 1192 2210 είς
1205 2180 1252 2214 τὴν
1266 2179 1371 2206 αἰώνιον
1383 2180 1502 2208 κόλασιν.
1520 2182 1600 2208 Ὥστε
1613 2183 1704 2209 πασῶν
1718 2183 1771 2208 τῶν
1786 2185 1828 2209 ἐν·

1049 2224 1131 2250 τολῶν
1144 2224 1244 2251 τούτων
1257 2226 1468 2261 κατακυριεῦσαι
1482 2228 1496 2253 ὁ
1514 2227 1655 2262 ἄνθρωπος
1670 2229 1684 2253 ὸ
1705 2228 1774 2262 ἔχων
1787 2228 1829 2255 τὸν

1051 2271 1152 2306 Κύριον
1167 2272 1195 2297 ὲν
1206 2272 1237 2306 τῇ
1255 2271 1352 2306 καρδίᾳ
1362 2272 1453 2299 αὑτοῦ.
1474 2274 1506 2299 Οἱ
1522 2273 1549 2300 δὲ
1566 2274 1610 2299 ἐπὶ
1625 2274 1658 2300 τὰ
1670 2274 1744 2310 χ;ίλη
1759 2275 1831 2310 ἕχον-

1051 2324 1095 2347 τες
1116 2316 1160 2342 τὸν
1183 2317 1293 2352 Κύριον,
1311 2317 1359 2352 τὴν
1382 2317 1409 2343 δὲ
1426 2319 1538 2354 καρδίαν
1556 2320 1761 2354 πεπωρωμένην
1785 2321 1830 2346 καὶ

1052 2362 1158 2397 μακρὰν
1178 2362 1251 2393 ὄντες
1264 2362 1317 2389 ἀπὸ
1331 2363 1376 2389 τοῦ
1393 2364 1494 2399 Κυρίου
1507 2364 1550 2391 διὰ
1566 2366 1614 2400 τὴν
1628 2366 1731 2392 ἑαυτῶν
1749 2367 1828 2402 ρᾳθυ-

1052 2407 1129 2442 μίαν,
1152 2407 1264 2438 ἐκείνοις
1288 2409 1315 2433 αἱ
1341 2408 1446 2434 ἐντολαὶ
1468 2404 1548 2434 αὗται
1572 2409 1686 2444 σκληραί
1707 2411 1759 2435 εἰσι
1785 2411 1831 2436 καὶ

1047 2453 1271 2488 δυσκατόρθωτοι.
1288 2454 1372 2480 Θέσθε
1395 2453 1441 2481 οὖν
1459 2455 1546 2490 ὑμεῖς,
1569 2456 1592 2481 οί
1616 2455 1769 2491 ὀλιγόᾴυχοι
1786 2456 1831 2482 καὶ

1049 2499 1160 2534 ἐλαφροὶ
1183 2501 1215 2534 τῇ
1237 2500 1335 2532 πίστει,
1353 2501 1397 2527 τὸν
1414 2500 1514 2536 Κύριον
1530 2501 1705 2533 ἀδιαλείπτως
1727 2502 1767 2533 εἰς
1783 2502 1832 2533 τὰς

1048 2545 1160 2580 καρδίας
1175 2545 1261 2580 ὑμῶν,
1280 2546 1326 2573 καὶ
1349 2546 1494 2580 γνώσεσθε,
1514 2548 1554 2573 ὅτι
1575 2547 1649 2574 οὐδέν
1666 2548 1738 2574 ἐστιν
1755 2548 1831 2574 εὐκο-

1048 2589 1162 2625 λώτερον
1176 2590 1228 2616 τῶν
1245 2591 1358 2617 ἐντολῶν
1372 2592 1483 2623 τούτων,
1500 2591 1560 2618 οὔτε
1577 2591 1750 2628 γλυκύτερον,
1770 2592 1830 2618 οὔτε

1050 2635 1238 2671 ἡμερώτερον·
1265 2637 1380 2672 βιαστῶν
1405 2639 1458 2673 γάρ
1490 2639 1562 2666 ἐστιν
1588 2640 1604 2674 ἡ
1637 2638 1760 2673 βασιλεία
1785 2638 1829 2665 τοῦ

1049 2681 1133 2708 8:05-
1153 2682 1191 2716 τῷ
1214 2682 1267 2718 γὰρ
1288 2683 1404 2710 αἰτοῦντι
1424 2684 1532 2716 δίδοται,
1550 2685 1596 2710 καὶ
1614 2686 1627 2711 ὁ
1643 2684 1768 2719 ὲμπόνως
1783 2684 1829 2719 ζη-

1049 2725 1103 2752 τῶν
1129 2727 1248 2762 εὑρήσει,
1272 2728 1318 2754 καὶ
1344 2728 1383 2763 τῷ
1403 2729 1457 2755 ἀπὸ
1485 2728 1597 2764 καρδίας
1624 2730 1670 2756 καὶ
1694 2729 1830 2764 ὑπομονῆς

1049 2771 1172 2806 κρούοντι
1187 2773 1356 2809 ἀνοιγήσεται
1366 2782 1372 2788 ·
1389 2775 1436 2800 καὶ
1454 2774 1562 2801 πλείονα
1585 2774 1725 2810 χαρίζεται
1739 2772 1776 2801 ὧν
1789 2775 1829 2800 αἱ-

1050 2817 1158 2852 τοῦμεν.
1174 2819 1293 2850 Ματαιος
1307 2819 1360 2855 γάρ
1378 2821 1452 2846 ἐστιν
1473 2820 1614 2855 ἄνθρωπος
1627 2821 1699 2852 ὅστις
1712 2819 1759 2846 καὶ
1780 2816 1830 2846 ὧδε

1052 2862 1122 2889 θέλει
1140 2863 1290 2890 ἀπολαῦσαι
1306 2865 1352 2891 καὶ
1365 2865 1560 2898 ἀναπαύεσθαι,
1570 2867 1651 2893 κάκεῖ
1667 2867 1714 2893 σὺν
1723 2865 1830 2903 Χριστῷ
