1924 3059
96 170 149 200 589

667 165 782 192 SERMO
801 164 847 191 AD
864 162 1064 191 ANTIOCHUM
1082 162 1210 190 DUCEM.

97 224 320 262 ωμϐασιλεῦσαι.
337 224 432 250 Βίασαι
450 220 496 249 οὖν
519 221 640 254 σεαυτὸν,
655 221 702 248 καὶ
724 219 819 246 ἐλπίδα
838 219 882 255 ἔχε

939 220 973 247 ria
1006 225 1033 248 et
1056 220 1215 255 magnitudo
1241 221 1268 247 in
1291 220 1389 248 acula
1416 220 1588 248 saeculorum.
1620 220 1718 250 Amen.
1762 214 1766 217 ’

1668 158 1720 192 δυο

95 273 135 304 εἰς
148 272 194 298 τὸν
210 269 415 305 παντοκράτορα
436 267 511 294 Θεόνο
539 267 580 293 ὅτι
602 266 666 302 παρ’
683 265 756 300 αὐτῷ
779 266 795 300 ἡ
819 264 881 300 ῥίζα
899 265 948 300 τῆς
972 265 1136 300 ἀγαθότητος
1159 266 1206 292 καὶ
1225 265 1241 300 ἡ
1257 265 1332 300 πηγὴ
1347 265 1392 291 τοῦ
1405 265 1495 298 ἐλέους
1525 266 1572 292 καὶ
1590 265 1621 292 τὸ
1637 265 1721 295 πέλα*

95 327 144 354 γος
163 317 217 344 τῶν
236 316 393 352 οἰκτιρμῶν.
410 314 488 349 Αὐτῷ
501 316 516 350 ή
541 313 603 346 δόξα
618 313 664 340 καὶ
677 314 694 348 ή
712 312 879 348 μεγαλοσύνη
899 314 940 345 είς
951 314 1013 344 τοὺς
1026 313 1126 345 αἰῶνας
1138 313 1191 340 τῶν
1204 312 1318 340 αἰώνων.
1341 313 1436 349 Ἀμήν.

100 408 171 434 ΤΟΥ
189 406 239 432 ΕΝ
257 405 377 432 ΑΓῘΟΙΣ
390 405 529 431 [ιΑΤΡοΣ
552 404 656 430 ΗΜΩΝ
677 404 887 431 ΑΘΑΝΑΣῙΟΥ

130 441 422 469 ΑΡΧΙΕΠΙΣΚΟΠΟΥ
462 438 744 470 ΑΛΕΞΑΝΔΡΕΙΑΣ,
790 440 885 466 ΠΡΟΣ

132 476 313 504 ANTIOXON
327 475 493 502 APXONTA
517 473 582 509 (86).

133 534 327 568 Σκοπήσωμεν,
351 531 518 567 ηὐλογημένε
538 530 585 557 τοῦ
604 530 672 557 Θεοῦ
688 530 825 567 ἄνθρωπε,
839 531 885 558 ἐπὶ

97 580 176 612 πᾶσι,
196 579 240 605 διὰ
251 579 317 605 πᾶσι
332 578 379 604 καὶ
390 578 444 613 πρὸ
456 578 574 608 πάντων,
596 576 653 608 πῶς
670 577 884 613 περιπατοῦμεν,

98 626 145 652 καὶ
156 625 182 651 τί
199 624 262 660 περὶ
276 623 379 650 ἑαυτῶν
395 622 576 657 βουλευόμεθα
586 630 592 636 “
610 621 722 654 πολλοὺς
739 622 886 656 γινώσκον-

97 678 143 700 τες
156 668 209 695 τῶν
216 668 279 704 παρ’
294 667 371 702 ἡμῶν
383 667 530 702 γινομένων
544 675 573 693 τε
584 666 630 692 καὶ
644 667 793 701 νοουμένων
803 667 885 701 ἀορά-

97 723 161 745 seu;
176 712 524 749 παρίστασθαιμάρτυρας,
546 711 596 738 οὐκ
617 713 657 743 εἰς
671 712 703 737 τὸ
724 712 885 747 φαινόμενον

100 759 246 794 βλέποντας
263 758 351 793 μόνον,
365 757 422 783 ἀλλ’
439 757 480 783 ἐπ’
494 756 579 788 αὐτὰς
596 756 822 792 παρακύπτοντας
837 757 885 788 τὰς

97 805 187 840 ψυχὰς
206 805 252 831 καὶ
277 803 307 830 τὺ
332 803 662 839 κρυπὸνέδιελέγχοντας
685 803 734 837 τῆς
760 803 880 838 καρδίας.

98 850 194 878 Πολλοὶ
208 849 263 886 γὰρ
276 849 312 881 ὡς
330 848 435 884 ἀληθῶς
454 849 619 883 πανταχόθεν
639 848 791 883 ἀγγελικῶν
805 850 884 875 δυνα-

101 905 173 932 μεων
187 897 260 931 ἡμᾶς
278 895 518 931 παρειστήκεισαν,
534 894 568 920 τὰ
587 895 721 930 λεγόμενά
734 903 764 921 τε
781 895 827 921 καὶ
843 904 884 929 γι-

98 941 198 976 νόμενα
219 941 283 975 παρ’
297 939 386 975 ἡμῶν,
404 939 449 965 καὶ
467 938 598 973 νοούμενα
613 939 693 974 μέχρι
714 939 794 975 ψιλῆς
809 939 886 965 ἐνθυ-

100 987 224 1023 μήσεως,’
241 986 274 1012 δι’
298 985 439 1020 ἀκριϐείας
462 985 551 1019 πάσης
566 985 594 1011 ὲν
620 984 726 1019 οὐρανῴ
748 985 885 1020 καταγρά-

937 403 1073 432 SANCTI
1100 399 1234 431 PATRIS
1263 399 1400 431 [\(FSTRI
1429 400 1640 432 ATHANASII
1659 402 1720 431 AR-

971 438 1217 466 CHIEPISCOPI
1254 439 1532 472 ALEXANDBl/E,
1571 440 1621 467 AD
1651 439 1718 466 ΑΝιι

973 473 1144 501 TlOClIUM
1164 474 1306 502 DUCEH.

973 532 998 558 1.
1018 531 1243 566 Perpendamus,
1269 532 1412 560 benedicte
1439 533 1520 559 homo
1548 531 1613 564 Dei,
1637 536 1720 567 super

936 578 1037 609 omnia,
1052 585 1100 612 per
1122 578 1224 610 omnia,
1246 582 1309 605 ante
1323 578 1424 611 omnia,
1440 578 1578 613 quomodo
1598 578 1720 605 ambule-

936 631 1007 654 mus.
1022 623 1122 658 quidve
1140 623 1214 650 circa
1233 623 1417 658 nosmetipsos
1433 623 1541 650 consilii
1561 623 1718 657 capiamus;

935 669 1012 704 gnari
1029 670 1129 697 multos
1143 669 1240 697 adesse
1254 673 1392 705 gestorum
1406 669 1657 704 cogitationumque
1670 676 1720 696 no-

937 719 1055 742 strarum
1084 719 1166 743 testes
1190 716 1341 743 invisibiles
1357 725 1363 742 :
1377 715 1423 750 qui
1442 723 1496 742 non
1520 722 1551 742 ea
1576 715 1664 742 solum
1678 714 1721 742 vi-

936 759 1000 787 deut
1017 767 1077 795 quae
1090 761 1142 788 sub
1159 765 1298 796 aspectum
1320 760 1439 793 cadunt;
1454 760 1501 788 sed
1518 760 1598 787 etiam
1614 760 1720 787 animas

936 805 1096 839 respiciunt,
1120 809 1147 833 et
1161 806 1233 840 quod
1251 806 1277 832 iu
1295 805 1377 841 214
1386 805 1469 832 corde
1487 806 1553 832 latet
1570 804 1721 841 deprellen-

936 849 1014 876 dunt.
1033 849 1107 876 Multi
1127 858 1221 877 revera
1243 851 1456 885 circumquaque
1477 851 1555 878 nobis
1573 850 1673 878 adsunt
1687 857 1721 878 ex

936 896 1118 930 angelicarum
1142 897 1273 923 virtutum
1300 905 1427 928 numero,
1454 897 1500 932 qui
1528 897 1612 929 dicta,
1638 897 1720 929 facta,-

936 949 1016 968 sensa
1033 945 1125 969 nostra
1147 942 1180 969 ad
1199 943 1338 969 minimam
1353 949 1441 977 usque
1467 943 1659 978 cogitationem
1675 950 1722 970 ac-

936 987 1109 1014 curatissime
1134 988 1161 1014 in
1178 989 1248 1014 coelo
1263 988 1432 1020 describunt,
1452 991 1481 1014 ut
1505 989 1568 1015 hinc
1591 994 1723 1023 coargua-

98 1041 204 1067 φοντες,
219 1032 286 1067 πρὸς
302 1031 411 1066 ἔλεγχον
422 1030 500 1065 ήμῶν
512 1031 540 1057 ὲν
553 1032 585 1066 τῇ
600 1031 703 1066 φοϐερᾷ
720 1031 812 1066 ἡμέρᾳ
835 1031 884 1066 τῆς

939 1041 999 1059 mur
1013 1033 1040 1059 in
1056 1033 1196 1059 tremenda
1207 1032 1302 1068 judicii
1318 1033 1372 1065 die,
1385 1033 1494 1067 quando
1506 1034 1631 1060 universa
1643 1040 1722 1068 aspe-

99 1078 215 1114 κρίσεως
225 1086 231 1091 ·
243 1078 288 1103 ὅτε
303 1078 377 1103 πᾶσα
391 1077 445 1103 τῶν
461 1072 563 1112 ὁρατῶν
577 1077 593 1111 ὴ
608 1077 705 1108 κτίσις,
719 1076 885 1112 κλονουμένη

99 1123 158 1148 κατ’
174 1121 276 1154 ἔπειξιν
297 1122 410 1156 ἄφατον,
427 1122 495 1157 πρὸς
515 1121 563 1156 τὴν
581 1122 684 1148 οἰκείαν
697 1122 806 1148 ὠθεῖται
826 1130 886 1148 συν-

98 1167 216 1194 τέλειαν·
233 1168 279 1194 καὶ
291 1168 305 1193 ὁ
318 1167 430 1202 οὐρανὸς
446 1167 493 1194 καὶ
510 1168 526 1202 ἡ
543 1163 703 1202 γῆριζηδὸν
720 1167 886 1203 παρελεύσε-

101 1221 156 1246 ται,
171 1213 218 1239 καὶ
239 1213 274 1239 τὰ
295 1212 340 1239 διὰ
367 1213 449 1248 μέσου
474 1214 592 1248 στοιχεῖα
611 1212 784 1248 καυσούμενα
805 1213 886 1248 λυθή-

101 1266 205 1286 σονται·
230 1260 277 1286 καὶ
298 1259 415 1291 Παλαιὸς
439 1260 549 1294 ήμερῶν
563 1258 716 1292 καθέξεται,
735 1260 782 1286 καὶ
802 1259 886 1294 βίϐλοι

100 1306 262 1340 ἀνοίγονται,
280 1305 334 1332 τῶν
350 1306 491 1341 ἡμετέρων
513 1305 646 1341 ἔργων”τε
664 1306 711 1333 καὶ
733 1307 818 1340 λόγων
840 1307 886 1333 καὶ¹

100 1353 243 1387 νοημάτων
267 1351 301 1378 τὰ
327 1352 451 1387 ἓγγραφα
464 1372 471 1384 ,
496 1352 598 1384 πιστῶς
620 1361 649 1378 τε
670 1353 716 1378 καὶ
732 1352 887 1384 ’ἀνοθεύτως

100 1398 200 1433 ἔχουσι.
221 1398 313 1425 Χίλιαί
321 1407 350 1424 τε
360 1398 477 1433 χιλιάδες
485 1398 685 1433 λειτουργοῦσιν
693 1399 776 1434 αὐτῷ,
785 1399 830 1425 καὶ
842 1398 887 1433 μύ-

102 1453 157 1480 ριαι
166 1444 294 1480 μυριάδες
305 1445 534 1479 παρειστήκεισαν
546 1443 628 1479 αὐτῷ,
638 1445 685 1471 καὶ
693 1444 790 1480 ἀπειλὴ
800 1444 885 1480 πυρὸς

101 1490 239 1526 πανταχοῦ
252 1491 427 1526 διατρέχουσα
440 1491 487 1517 καὶ
499 1490 532 1517 τὰ
549 1490 640 1526 κύκλῳ
654 1491 743 1517 πάντα
756 1490 887 1526 περιλάμ-

101 1537 229 1570 6άνουσα,
247 1537 294 1563 καὶ
311 1537 361 1572 ὄρη
383 1537 448 1563 ὡσεὶ
470 1537 554 1572 κηρὸν
577 1537 728 1572 ἐκτήκουσα
741 1545 747 1552 ·
766 1537 887 1572 ποταμὸς

100 1583 156 1618 γὰρ
172 1582 258 1618 πυρὸς
275 1579 364 1608 εἷλκεν
383 1582 535 1617 ἔμπροσθεν
548 1581 629 1607 αὑτοῦ
640 1581 737 1616 ’ἡνίκα
754 1581 887 1617 τάρταρος

102 1629 148 1656 καὶ
162 1628 256 1664 βόθρος
271 1628 372 1663 ἀχανὴς
389 1628 435 1654 καὶ
456 1627 623 1660 ἀνείκαστος,
641 1628 688 1653 καὶ
706 1626 799 1658 σκότος
820 1626 886 1659 ἐξώ-

101 1682 190 1709 τερον,
205 1673 251 1700 καὶ
268 1672 375 1705 σκώληξ
388 1672 545 1707 ἀκοίμητος,
565 1672 740 1706 ἀναδειχθῶσι
755 1672 885 1707 παρόντα.

936 1079 1076 1106 ctabilium
1103 1087 1196 1106 rerum
1225 1085 1367 1111 creatura,
1396 1080 1573 1106 inenarrabili
1601 1079 1721 1114 impulsu

936 1132 1082 1156 concussa,
1108 1125 1136 1151 in
1161 1126 1299 1160 propriam
1319 1125 1435 1160 pelletur
1447 1126 1720 1152 consummationem.

935 1171 1040 1198 C(elum
1066 1175 1093 1198 et
1119 1175 1192 1198 terra
1214 1171 1347 1198 radicitus
1371 1172 1539 1202 transibunt,
1560 1175 1588 1198 et
1609 1178 1669 1206 quae
1694 1170 1731 1203 in,

936 1216 1025 1243 medio
1045 1221 1109 1243 sunt
1132 1217 1278 1249 elementa,
1296 1216 1424 1243 incendio
1451 1216 1594 1250 absumpta
1618 1215 1723 1243 solven-

936 1265 991 1288 tur.
1009 1261 1078 1288 Tum
1104 1261 1239 1296 Antiquus
1255 1261 1360 1288 dierum
1381 1261 1497 1293 sedebit,
1520 1261 1581 1287 libri
1603 1260 1723 1295 aperien-

936 1311 991 1339 tur,
1009 1307 1037 1334 in
1054 1307 1154 1342 quibus
1173 1310 1269 1334 nostra
1283 1314 1376 1342 opera,
1390 1308 1483 1338 verba,
1501 1307 1620 1340 cogitata
1634 1306 1722 1334 ﬁdeli-

937 1356 978 1380 ter
992 1358 1072 1388 atque
1092 1353 1251 1387 incorrupte
1271 1353 1407 1387 descripta
1430 1353 1617 1379 continentur.
1640 1351 1723 1379 Millia

936 1399 1052 1425 millium
1069 1399 1225 1426 ministrant
1242 1398 1291 1430 illi,
1307 1401 1333 1425 et
1350 1398 1440 1425 decies
1456 1398 1554 1425 millies
1573 1397 1642 1425 dena
1662 1397 1724 1424 mil-

937 1443 972 1470 lia
995 1443 1129 1471 assistunt
1150 1443 1198 1469 illi.
1222 1442 1294 1476 Ignis
1316 1442 1372 1469 illic
1395 1442 1573 1469 comminatio
1599 1446 1653 1473 est,
1676 1434 1722 1475 qui

937 1491 1037 1525 ubique
1056 1489 1196 1522 discurrit,
1214 1489 1305 1515 omnia
1326 1488 1543 1522 circumquaque
1564 1487 1724 1522 complecti-

937 1539 992 1567 tur,
1013 1539 1119 1563 montes
1139 1533 1279 1569 liquefacit
1300 1534 1371 1561 sicut
1395 1541 1499 1561 ceram.
1516 1533 1629 1561 Fluvius
1650 1534 1722 1560 enim

938 1582 1033 1616 igneus
1057 1580 1116 1607 ﬂuit
1138 1581 1166 1607 in
1192 1584 1341 1614 conspectu
1366 1579 1438 1614 ejus.
1464 1579 1578 1612 Quando
1602 1582 1723 1606 tartarus

937 1627 1110 1655 vastissimus
1124 1634 1285 1660 omnemque
1301 1625 1449 1660 cogitatum
1471 1633 1605 1660 superans
1621 1625 1722 1657 hiatus.

938 1673 1056 1700 tenebrae
1070 1673 1231 1705 exteriores,
1247 1672 1348 1698 vermis
1368 1679 1507 1706 nunquam
1530 1671 1650 1699 moriens
1669 1679 1724 1699 una

100 1720 158 1747 Καὶ
172 1720 186 1746 ὁ
208 1719 251 1746 ἐπ’
271 1719 354 1750 αὐτὰς
371 1719 451 1753 φόϐος
476 1719 597 1753 εἱστήκει
621 1719 766 1754 μετέωρος,
782 1718 887 1753 ἐκδεχο-

939 1719 1086 1754 conspicue
1101 1718 1226 1746 aderunt.
1243 1718 1312 1745 Hinc
1326 1726 1450 1745 summus
1464 1722 1552 1745 terror
1563 1721 1724 1753 exspectan-

103 1766 193 1801 μένων
212 1765 261 1801 τὴν
277 1765 402 1791 ἔκῦασιν-
421 1765 467 1791 καὶ
483 1765 565 1800 ὀργῆς
590 1764 699 1798 ἄγγελοι
721 1764 885 1796 κολαστικοὶ,

101 1811 158 1846 πῦρ
186 1810 409 1843 ἀποστίλὸοντες,
437 1811 492 1845 πῦρ
517 1819 546 1836 τε
573 1809 732 1844 βλέποντες,
761 1810 807 1836 καὶ
832 1809 887 1845 πῦρ

101 1857 291 1889 ἀναπνέοντες,
305 1857 408 1892 ἕτοιμοι
420 1858 460 1888 εἰς
471 1858 559 1883 πᾶσαν
576 1856 714 1892 ἐκδίκησιν
728 1856 818 1892 πάσης
836 1864 888 1882 πα-

103 1904 234 1942 ρανομίας
247 1905 386 1939 ἑστήκασι.
399 1903 478 1930 Πεισά
488 1912 517 1929 τε
534 1903 601 1938 πρὸς
612 1902 715 1934 τούτοις
730 1903 817 1933 κτίσις
830 1901 888 1928 ἐπί-

101 1950 176 1985 γειός
189 1959 218 1976 τε
232 1951 279 1977 καὶ
293 1950 460 1985 ἐπουράνιος,
474 1950 523 1985 ὅση
535 1958 564 1975 τε
581 1950 609 1975 ὲν
626 1949 750 1983 ἀγγέλοις
766 1949 813 1975 καὶ
828 1950 888 1980 ταῖς

101 1996 172 2032 ὑπὲρ
195 1996 319 2030 ἀγγέλοις
341 1995 481 2030 δυνάμεσι,
501 1995 547 2022 καὶ
568 1995 617 2029 ὅση
632 1995 661 2021 ἐν
673 1995 796 2030 οὐρανοῖς
820 2003 889 2030 παρ-

104 2044 226 2071 ίστανται
244 2042 313 2078 μετὰ
333 2043 434 2078 τρόμου
453 2042 501 2077 τὴν
518 2041 635 2077 φοϐερὰν
667 2041 716 2076 τῆς
736 2041 809 2072 θείας
829 2041 889 2076 βου-

102 2089 152 2124 λῆς
175 2088 344 2123 ἐκδεχόμενοι
373 2088 540 2123 φανέρωσιν.
570 2086 627 2121 Ἐφ’
652 2084 688 2113 ὧν
702 2088 711 2096 “
729 2087 889 2112 κατειόντων

103 2134 192 2169 ἡμῶν,
208 2132 460 2168 ἀναγνωσθήσονται
482 2131 606 2167 πράξεις,
628 2132 674 2158 καὶ
690 2131 743 2157 τῶν
760 2130 889 2166 κρυπτῶν

103 2179 243 2214 γύμνωσις
261 2179 404 2215 γενήσεται
416 2186 422 2193 ·
439 2178 507 2204 ὥστε
523 2177 625 2209 πάντας
646 2177 731 2209 οὕτως
747 2177 890 2211 γινώσκειν

104 2225 228 2261 ἀλλήλων
242 2225 290 2256 τὰς
305 2224 440 2260 ἁμαρτίας
450 2232 457 2239 ³
471 2224 508 2255 ὡς
529 2223 642 2254 ἕκαστος
653 2223 700 2254 τὰς
718 2222 824 2255 ἑαυτοῦ,
841 2222 890 2257 τὴν

105 2270 197 2305 βίϐλον
207 2270 401 2304 ἀναγινώσκειν
409 2270 460 2304 τῆς
470 2268 565 2296 ἑαυτοῦ
578 2269 764 2304 συνειδήσεως.
775 2278 784 2294 ι
801 2268 892 2302 Ἐλέγσ

105 2317 145 2349 ξω
162 2325 191 2343 σε
213 2326 222 2342 ι
241 2316 306 2351 γὰρ,
324 2316 407 2352 φησὶ,
427 2325 436 2341 ι
464 2317 511 2342 καὶ
539 2316 706 2351 παραστήσω
726 2315 796 2341 κατά
812 2315 893 2350 πρόσ-

104 2361 181 2390 ωπόν
200 2370 245 2388 σου
262 2371 273 2388 ι
291 2363 340 2393 τὰς
361 2361 497 2396 ἁμαρτίας
512 2369 558 2387 σου
569 2370 575 2376 ·
591 2361 637 2388 καὶ
651 2361 742 2392 πάλιν,
755 2370 764 2385 ι
778 2360 891 2387 Κυκλώ-

109 2416 148 2434 σει
163 2408 260 2439 αὐτοὺς
273 2407 307 2434 τὰ
320 2406 457 2434 διαὸούλια
471 2407 570 2434 αὐτῶν,
593 2417 602 2432 ι
619 2407 674 2434 Καὶ
686 2407 739 2433 ἰδοὺ
749 2406 890 2442 ἄνθρωπος

108 2453 202 2481 καὶτὸ
224 2453 303 2489 ἔργον
326 2453 421 2484 αὐτοῦ,
446 2453 494 2479 καὶ
514 2453 640 2487 δικαστὴς
665 2451 888 2486 ἀπαραλόγιστος,

109 2498 311 2533 παρισταμένην
327 2497 394 2533 ἔχων
414 2497 462 2533 τὴν
480 2497 672 2533 μεγαλοπρεπῆ
691 2497 744 2523 τῶν
760 2496 891 2532 οὐρανίων

109 2545 254 2580 ταγμάτων
287 2544 414 2579 δύναμιν,
445 2543 554 2579 ὑψηλῶς
578 2543 772 2579 προκαθέζεται
803 2543 891 2569 πᾶσαν

108 2590 309 2625 ἀπαστράπτων
321 2590 501 2624 δικαιοσύνην,
515 2590 560 2616 καὶ
574 2590 680 2624 ἑκάστῳ
691 2589 723 2615 δι’
738 2588 891 2620 ἀποδόσεως

107 2636 224 2671 ἀληθοῦς
234 2636 281 2662 καὶ
297 2635 404 2667 δικαίας
419 2635 508 2670 νέμων
520 2635 554 2661 τὰ
577 2635 645 2671 πρὸς
657 2634 737 2668 ἀξίαν
747 2654 754 2666 ,
770 2636 825 2665 τοῖς
842 2634 890 2669 μὲν

106 2684 140 2710 ἐκ
153 2682 247 2714 δεξιῶν
257 2681 302 2708 διὰ
316 2681 365 2713 τὰς
375 2681 460 2713 καλὰς
474 2680 586 2717 πράξεις
598 2681 663 2716 (86')
672 2681 798 2716 σταθήσιν
809 2688 892 2716 προσ-

149 2757 168 2773 "
187 2756 259 2784 Psal.
277 2764 356 2787 xux,
372 2757 416 2784 21.
453 2757 477 2772 ⁷³
495 2757 568 2784 Psal.
587 2764 641 2788 γη,
659 2756 684 2784 8.

937 1765 1005 1791 tium
1027 1764 1140 1792 exitum.
1169 1764 1286 1792 Stabunt
1315 1764 1404 1800 angeli
1434 1765 1480 1791 irae
1505 1764 1635 1795 ministri,
1662 1764 1724 1798 igne

937 1814 1081 1842 micantes,
1106 1811 1191 1846 ignito
1216 1811 1317 1838 intuitu
1334 1814 1529 1846 respectantes,
1555 1810 1643 1845 ignem
1667 1810 1723 1845 spi-

937 1861 1040 1888 rantes,
1060 1857 1146 1891 parati
1163 1855 1195 1883 ad
1218 1863 1326 1883 onmem
1352 1857 1481 1884 ultionem
1497 1855 1644 1890 cujuslibet
1662 1863 1725 1891 pec-

938 1903 1002 1930 cati.
1021 1902 1062 1929 Ad
1077 1902 1134 1929 hac.
1149 1910 1210 1929 cum
1228 1907 1347 1929 tremore
1369 1902 1457 1929 aderit
1481 1903 1571 1930 omnis
1587 1906 1723 1936 creatura,

939 1953 1046 1976 terrena
1063 1949 1256 1982 ccelestisque;
1275 1948 1364 1983 angeli
1375 1948 1490 1980 scilicet,
1501 1949 1658 1983 angelisque
1674 1957 1723 1976 su-

938 1994 1060 2028 periores
1082 1997 1242 2029 potestates,
1272 2002 1368 2022 omnes
1389 1995 1497 2022 demum
1521 1996 1567 2030 qui
1596 1996 1623 2023 in
1647 1996 1724 2025 cceliu

940 2043 1014 2072 sunt,
1032 2044 1226 2074 exspectantes
1238 2040 1368 2068 horrendi
1383 2041 1491 2068 consilii
1506 2042 1589 2069 divini
1603 2041 1725 2070 declara-

939 2085 1051 2112 tionem.
1072 2085 1156 2113 Nobis
1179 2086 1282 2113 interea
1307 2086 1476 2118 sedentibus,
1499 2087 1623 2121 legentur
1642 2095 1725 2122 opera

940 2131 1084 2165 cujusque,
1103 2131 1202 2166 ﬁetque
1218 2132 1387 2159 occultorum
1404 2133 1552 2166 revelatio;
1569 2133 1607 2159 ita
1624 2138 1652 2161 ut
1665 2141 1726 2161 om-

940 2183 988 2203 nes
1013 2176 1129 2203 aliorum
1147 2180 1258 2211 peccata
1283 2181 1378 2204 mutuo
1401 2181 1577 2212 cognoscant,
1596 2179 1726 2213 quemad-

940 2222 1051 2249 modum
1069 2223 1168 2258 singuli
1182 2231 1243 2255 sua,
1258 2228 1285 2250 et
1299 2223 1397 2250 librum
1413 2224 1502 2258 legant
1517 2232 1572 2251 suae
1582 2225 1726 2252 conscien-

941 2269 995 2296 tiae.
1012 2268 1090 2299 Nam,
1112 2278 1120 2294 ‹
1135 2268 1254 2304 Arguam
1276 2273 1313 2302 te,
1330 2279 1339 2295 ι
1358 2270 1405 2300 ait,
1422 2279 1431 2294 ι
1446 2273 1473 2297 et
1497 2273 1614 2297 statuam
1630 2275 1725 2298 contra

942 2312 1038 2340 faciem
1062 2318 1135 2341 tuam
1156 2323 1166 2339 ›
1193 2318 1304 2348 peccata
1328 2318 1375 2341 tua
1386 2315 1419 2342 ⁷⁸.
1446 2314 1478 2341 Et
1496 2323 1616 2348 rursum,
1641 2325 1650 2341 ι
1665 2315 1725 2344 Cir-

942 2359 1108 2385 cumdabunt
1123 2366 1170 2386 eos
1190 2360 1305 2386 consilia
1326 2368 1420 2387 eorum
1433 2361 1468 2388 ⁷⁶.
1485 2370 1494 2386 ι
1508 2361 1542 2387 Et
1559 2369 1623 2388 ecce
1644 2361 1725 2389 homo

943 2408 969 2430 et
985 2411 1053 2438 opus
1064 2404 1135 2438 ejus,
1146 2411 1178 2430 ac
1192 2403 1274 2437 judex
1288 2405 1334 2439 qui
1350 2405 1439 2440 decipi
1469 2406 1573 2440 nequit,
1589 2407 1633 2433 cui
1648 2407 1726 2434 adest

944 2449 1088 2484 magnilica
1103 2450 1254 2477 cmlestium
1275 2451 1400 2477 ordinum
1417 2456 1549 2487 potestas,
1573 2451 1601 2478 in
1618 2453 1726 2480 excelso

945 2497 1013 2524 solio
1029 2497 1155 2524 omnibus
1169 2497 1293 2532 superior
1306 2498 1420 2531 sedebit,
1436 2499 1509 2526 omni
1525 2498 1631 2534 fulgens
1643 2499 1727 2534 justi-

944 2544 993 2575 tia,
1011 2543 1057 2578 qui
1075 2542 1190 2577 singulis
1204 2547 1331 2570 accurate
1343 2548 1369 2571 et
1383 2544 1457 2578 juste
1472 2552 1521 2579 pro
1535 2545 1631 2572 merito
1647 2545 1726 2571 retri-

943 2588 1024 2616 buet:
1037 2588 1072 2615 iis
1089 2588 1198 2623 quidem
1211 2589 1256 2623 qui
1273 2596 1287 2615 a
1304 2589 1408 2616 dextris
1423 2593 1498 2621 sunt,
1516 2597 1576 2624 quae
1590 2589 1673 2617 statio
1684 2593 1726 2616 est

944 2635 1047 2662 scilicet
1059 2635 1155 2662 animae
1168 2635 1242 2663 mitis
1257 2639 1284 2662 et
1296 2639 1456 2668 mansuetae,
1470 2643 1582 2671 regnum
1601 2635 1726 2663 tribuens

944 2688 959 2707 ιι
982 2680 1177 2708 constitutione
1199 2680 1293 2708 mundi
1318 2685 1458 2716 paratum;
1482 2688 1530 2708 eos
1555 2683 1657 2714 autem,
1678 2681 1726 2718 qui

145 2844 202 2881 (86)
221 2843 298 2881 Nunc
322 2845 438 2881 primum
459 2845 531 2872 edita
549 2853 582 2872 ex
603 2844 695 2872 codice
718 2844 784 2881 Reg.
807 2844 877 2873 c2570
898 2851 1031 2872 annorum
1051 2844 1112 2879 plus
1125 2843 1188 2871 600.

141 2880 210 2916 (86‘)
227 2879 325 2911 Locus.
342 2883 372 2907 ut
384 2879 500 2912 videtur,
518 2884 672 2915 corruptus.
