1924 3059
97 97 155 127 595

632 95 748 138 SEBMO
766 95 810 136 Ap
829 94 1030 126 ANTIOCHUM
1055 94 1182 136 DUFEM.

1651 92 1702 120 1594

97 152 178 188 μεθα·
200 152 387 187 ’Δπετύφλωσε
403 160 455 187 γαρ
467 154 539 188 ἡμᾶς
554 154 570 188 ἡ
588 153 679 187 ἀπάτη
691 152 737 179 τοῦ
753 152 820 187 βίου,
832 152 879 178 καὶ

935 151 1054 179 novimus
1068 152 1195 187 mysteria
1208 151 1263 183 Dei,
1283 159 1330 178 nec
1341 151 1507 186 speravimus
1524 158 1634 185 prorsus
1644 158 1704 176 esse

95 199 147 224 οὐκ
162 198 284 233 ἔγνωμεν
312 200 446 233 μυστήρια
471 198 548 231 Θεοῦ,
575 198 633 224 οὐδὲ
655 198 748 233 μισθὸν
769 192 879 224 εἶναιῶ

97 243 207 270 σύνολον
219 243 372 278 ἠλπίσαμεν
395 244 531 279 ὁσιότητος
542 253 548 259 ·
562 245 609 271 καὶ
624 244 667 270 διὰ
685 243 763 270 τοῦτο
778 244 878 279 τρίϐοις

97 288 210 323 ἀνομίας
226 287 437 323 ὲνεπλήσθημεν.
451 288 637 325 Διωδεὺσαμεν
653 289 681 315 δὲ
694 289 801 325 τρίϐους
813 289 880 315 ὀιῦά-

96 328 169 365 τους,
180 333 279 369 δηλαδὴ
291 334 339 369 τῆς
350 333 425 366 θείας
435 335 584 370 ἐπισκοπῆς
594 325 600 349 λ
617 335 665 370 τὴν
675 335 702 361 δὲ
709 335 767 361 ὁδὸν
777 335 878 370 Κυρίου

97 380 147 406 οὐκ
162 379 292 414 ἔγνωμεν.
307 379 360 406 Kal.
376 379 417 411 τίς
435 381 448 406 ὁ
465 379 574 412 πλοῦτος
591 380 620 412 ὃς
642 379 709 415 μετὰ
724 379 880 411 ἀλαζονείας

98 425 282 460 συμϐέϐληται
309 427 390 461 ἠμίν;
406 425 541 461 παρῆλθεν
552 427 642 452 ἐκεῖνα
656 426 741 452 πάντα
763 426 801 458 ὡς
817 427 880 453 σκιὰ

97 472 145 498 καὶ
161 471 198 503 ὡς
210 471 324 505 ἀγγελία
343 472 561 507 παρατρέχουσα,
582 472 627 498 καὶ
644 471 680 503 ὡς
697 472 762 504 ναῦς
780 472 880 508 διερχο-

99 517 167 552 μένη
196 517 392 552 κυμαινόμενον
412 517 493 553 ὕδωρ,
519 515 552 552 ἦς
578 517 718 552 διαϐάσης,
734 519 783 544 οὑκ
809 519 880 546 ἔστιν

99 564 171 598 ῐχνος
187 564 286 599 εὑρεῖν,
299 563 358 589 οὑδὲ
373 563 495 599 ἀτραπὸν
506 564 640 599 τροπαίως
658 564 742 598 αὐτῆς
755 565 783 591 ὲν
794 565 881 600 κύμα-

99 617 151 635 σιν.
170 610 204 635 Ἦ
221 610 258 640 ὡς
270 609 363 645 ὀρνέου
376 609 535 641 διαπτάντος
550 609 628 646 ἀέρα,
639 610 715 636 οὐδὲν
727 611 881 646 εὑρίσκεται

99 656 245 690 τεκμήριον
254 655 378 690 πορείας.
391 655 533 691 Παρῆλθεν
543 656 634 682 ἐκεῖνα
650 656 748 687 πάντα,
760 657 838 683 τοῦτο
852 658 882 684 τὸ

99 700 154 736 πῦρ
169 701 233 735 ἡμῖν
247 700 359 735 ἀφέντα,
376 700 555 736 κληρονομίαν
571 702 611 732 είς
625 701 728 733 πάντας
742 702 881 738 διαμένου-

100 754 149 772 σαν
164 746 274 779 αἰῶνας.
287 746 383 773 Δικαία
397 747 413 782 ἡ
428 747 517 782 κρίσις
533 755 590 778 σου⁷
605 748 618 773 ὁ
630 747 694 778 Θεὸς
707 747 811 774 ’ταῦτα
828 748 882 784 γὰρ

100 789 222 825 λέγοντες
248 792 374 818 οὐδέποτε
400 791 559 827 παυσόμεθα
574 792 682 819 λοιπόν-
702 792 880 828 ὲκαλούμεθα,

102 837 145 863 καὶ
170 837 219 872 οὐχ
242 837 413 872 ὑπηκούομεν
425 845 431 852 ·
449 837 670 873 ὲνουθετούμεθα,
688 839 734 864 καὶ
745 839 774 864 οὐ
799 848 883 874 προσ-

101 883 207 918 έχομεν.
225 883 291 918 Περὶ
304 883 404 910 τούτων
419 883 479 910 καθ’
495 884 612 919 ἑκάστην
628 884 734 920 ἡμέραν
747 885 883 912 ἐδιδασκό-

102 927 171 962 μεθα
182 927 235 954 τῶν
249 927 351 960 δεινῶν,
364 929 410 954 καὶ
423 929 587 964 κατεφρονοῦ
592 938 640 965 μεν
653 929 706 956 τῶν
713 930 864 965 λεγομένων
874 939 881 945 ·

100 973 149 999 οὑκ
165 973 259 999 ἐλύπει
279 975 352 1008 ἡμᾶς
373 974 432 1000 τότε
457 974 507 1001 κᾶν
525 975 620 1011 μικρὸν
644 975 678 1002 τὰ
700 977 764 1011 περὶ
782 976 883 1003 τούτων

102 1014 222 1053 ῥήματα·
238 1019 298 1045 ἐπεὶ
306 1019 354 1045 οὑκ
370 1019 402 1045 ἂν
421 1020 540 1056 σφοδρῶς
557 1021 642 1053 οὕτως
656 1021 748 1048 ἐλύπει
764 1022 797 1054 τὰ
812 1023 883 1057 πρά-

100 1073 193 1099 γματα
203 1074 208 1079 ·
219 1064 302 1101 λῆρος
320 1066 384 1101 ἡμῖν
393 1066 531 1101 ἐνομίζετο
545 1067 577 1093 τὰ
589 1067 634 1094 νῦν
645 1068 722 1103 ἡμῶν
740 1068 884 1104 συνέχοντα

100 1111 149 1146 τὴν
167 1111 248 1146 ζωήν.
278 1111 362 1138 Τοῦτο
392 1113 508 1147 συνεχῶς
528 1113 662 1148 ἐπᾴδομεν
673 1122 679 1128 ·
691 1114 722 1140 Ὢ
737 1114 785 1149 τῆς
799 1114 882 1150 ρᾳθυ-

103 1155 166 1192 μίας
179 1156 184 1182 !
197 1155 220 1182 ὦ
237 1155 287 1190 τῆς
305 1156 427 1192 ἀπάτηςί
449 1156 471 1183 ὢ
486 1157 538 1183 τῶν
562 1157 654 1184 κακῶν
674 1157 881 1192 βουλευμάτωνί

101 1201 123 1227 ὣ
146 1201 199 1228 τῶν
218 1202 343 1237 πονηρῶν
370 1202 612 1239 συναλλαγμάτωνί
631 1202 653 1229 ὥ
678 1203 724 1230 τοῦ
747 1203 883 1238 θαύματος

100 1246 149 1280 τῆς
173 1246 219 1272 ἐπὶ
234 1246 337 1278 τούτοις
359 1247 405 1274 τοῦ
425 1248 491 1274 Θεοῦ
506 1248 610 1280 δικαίας
620 1243 742 1285 κρίσεως
756 1243 803 1276 καὶ
814 1249 889 1275 duro?

101 1292 227 1326 φάσειωςί
246 1293 308 1324 Πῶς
324 1294 436 1321 ἑκάστου
449 1294 502 1320 τῶν
517 1295 656 1330 ἡμετέρων
679 1295 882 1330 ἁμαρτημάτων

101 1337 189 1369 εἴδους
201 1339 353 1374 πρόσφορον
364 1341 427 1375 ἡμῖν
443 1340 575 1367 ἀντέδωκε
588 1340 715 1375 βάσανονί
730 1341 762 1367 δι’
772 1340 882 1376 οἰκτρὰν

101 1384 155 1420 γὰρ
172 1385 219 1410 καὶ
228 1385 398 1412 ἀπόπτυστον
411 1385 509 1421 σαρκδς
520 1386 626 1422 ἡδονὴν,
639 1387 740 1421 ταύτην
753 1385 824 1421 ἔχειν
834 1386 882 1420 τὴν

104 1430 220 1465 φοϐερὰν
229 1430 339 1463 δικαίως
347 1432 546 1467 κατεκρίθημεν
557 1433 668 1466 γέενναν
678 1441 684 1447 ·
696 1433 740 1459 τὸν
748 1433 827 1467 ζόφον
837 1433 883 1459 καὶ

929 198 1072 232 quamdam
1090 198 1241 225 sanctitatis
1257 198 1406 224 mercedem
1423 207 1428 223 :
1447 201 1609 232 quapropter
1624 197 1703 222 semi-

929 243 964 270 tis
981 243 1130 278 iniquitatis
1145 243 1238 278 repleti
1256 251 1358 270 sumus.
1371 242 1573 270 Ambulavimus
1587 249 1635 276 per
1647 241 1706 268 vias

928 290 1094 322 inaccessas,
1110 290 1208 317 divina
1234 290 1339 317 scilicet
1352 289 1509 322 visitationi,
1523 289 1594 315 viam
1614 293 1705 315 autem

929 335 1034 362 Domini
1053 336 1246 370 ignoravimus.
1266 334 1364 369 Ecqua:
1380 334 1432 361 illze
1449 327 1552 360 divitiae}
1561 341 1628 368 quas
1643 340 1705 360 cum

930 382 1083 416 arrogantia
1099 381 1350 408 accumulavimus?
1368 380 1429 407 Hazc
1443 380 1534 407 omnia
1548 379 1626 414 quasi
1647 386 1707 405 um-

929 426 977 461 bra
991 426 1123 454 transiere
1137 431 1163 453 et
1176 426 1253 460 quasi
1277 426 1400 452 nuntium
1417 426 1580 460 praeteriere,
1602 432 1706 452 necnon

930 469 1008 513 quasi
1026 473 1102 510 navis
1125 473 1223 499 undam
1247 462 1503 506 secans'agitatain,
1518 479 1571 505 qua
1595 474 1705 506 praeter-

930 525 1034 553 gressa,
1060 518 1163 544 nullum
1184 522 1321 552 comparet
1343 517 1497 551 vestigium,
1518 516 1591 543 nulla
1613 516 1708 543 semita

931 563 958 590 in
974 562 1099 590 ﬂuctibus
1116 563 1292 598 conspicitur.
1317 561 1365 589 Vel
1388 563 1457 589 sicut
1474 562 1531 589 avis
1555 569 1603 596 per
1619 569 1707 588 aerem

931 609 1047 636 volantis
1061 609 1163 635 nullum
1177 609 1284 636 volatus
1298 600 1432 642 reperitur
1445 608 1562 642 signum;
1576 606 1636 634 llaec
1650 614 1710 633 om-

931 655 975 681 nia
997 654 1145 685 transiere,
1168 654 1299 688 nobisque
1323 661 1373 688 pro
1396 654 1553 680 haereditate
1578 653 1710 687 reliquere

932 700 1004 727 liunc
1015 699 1102 735 ignem
1113 707 1160 734 per
1172 700 1261 726 omnia
1275 700 1372 726 saecula
1386 699 1587 734 perdurantem.
1602 697 1709 726 Iustum

932 750 972 773 est
985 745 1116 780 judicium
1139 750 1224 777 tuum,
1240 745 1310 772 Deus
1324 754 1331 778 ;
1349 745 1406 772 litec
1422 739 1494 773 enim
1514 744 1621 772 dicendi
1638 753 1709 771 nun-

932 798 1011 825 quam
1026 790 1152 824 deinceps
1169 790 1248 818 t‘mem
1265 790 1394 818 faciemus
1413 799 1420 818 :
1439 791 1527 817 vocati
1540 798 1645 822 sumus,
1661 797 1711 816 nec

932 836 1188 870 obtemperavimus,
1215 837 1309 863 moniti
1338 836 1438 863 fuimus
1464 843 1513 864 nec
1538 836 1710 863 attendimus.

933 881 1101 909 Docebamur
1125 881 1243 916 quotidie
1267 882 1421 916 liujusmodi
1446 882 1502 910 fore
1526 890 1670 914 mrumnas,
1685 885 1712 909 et

933 927 1004 955 dicta
1030 927 1184 962 liujusmodi
1207 927 1435 963 dcspiciebamus,
1455 936 1541 962 neque
1565 927 1642 956 nobis
1666 928 1712 955 isti

933 980 1072 1010 Sermones
1087 975 1129 1000 vel
1145 974 1286 1000 minimum
1302 974 1434 1001 molestia:
1457 974 1622 1006 aiferebant;
1648 974 1711 1008 quia

933 1026 983 1056 nec
997 1019 1061 1054 ipsa:
1075 1026 1118 1046 res
1134 1019 1212 1056 nobis
1230 1018 1373 1046 admodum
1394 1019 1513 1046 molestae
1527 1023 1605 1046 erant
1616 1028 1622 1046 ε
1635 1027 1712 1054 nugae

932 1053 1093 1102 videbantur
1107 1064 1185 1091 nobis
1201 1054 1267 1091 esse
1287 1072 1348 1098 qua:
1364 1064 1419 1098 jam
1437 1069 1556 1092 nostram
1579 1053 1713 1099 occupant

932 1108 1025 1145 vitam.
1040 1108 1096 1136 lloc
1111 1109 1234 1136 canimus
1248 1109 1371 1136 assidue:
1387 1108 1408 1136 0
1420 1109 1606 1144 negligentiam
1617 1110 1623 1136 !
1633 1117 1650 1137 ο
1664 1109 1712 1136 fal-

932 1155 1044 1181 laciam!
1061 1162 1077 1181 o
1092 1163 1175 1189 prava
1187 1156 1299 1182 consilia
1309 1156 1318 1195 ¹ί
1331 1152 1347 1182 ο
1359 1162 1456 1190 pravas
1471 1155 1711 1182 commutationes!

933 1209 949 1244 ο
968 1202 1127 1229 miraculum
1146 1202 1238 1229 hacin
1261 1210 1289 1229 re
1302 1202 1368 1237 justi
1387 1202 1433 1229 Dei
1449 1202 1543 1236 judicii
1557 1210 1588 1229 ac
1605 1208 1714 1230 senten-

933 1249 992 1276 tiae!
1007 1249 1066 1281 Quo
1080 1243 1159 1284 pacto
1173 1257 1221 1284 pro
1240 1250 1355 1284 singulis
1379 1252 1554 1284 peccatorum
1570 1249 1713 1285 generibus

933 1303 1081 1331 congruum
1103 1295 1182 1323 nobis
1204 1295 1321 1323 reddidit
1343 1296 1492 1322 cruciatum
1508 1296 1514 1322 !
1533 1296 1568 1323 ob
1587 1295 1715 1323 miseram

932 1345 960 1368 et
970 1334 1149 1376 respuendam
1159 1334 1334 1376 voluptatem,
1344 1341 1372 1368 in
1381 1341 1452 1368 lianc
1461 1341 1608 1369 terribilem
1616 1341 1716 1376 gehen-

933 1395 995 1414 nam
1012 1387 1108 1414 merito
1122 1387 1242 1414 damnati
1262 1395 1356 1414 sumus
1373 1396 1380 1415 :
1396 1387 1452 1414 brec
1479 1387 1576 1423 caligo,
1590 1387 1630 1414 lue
1642 1393 1715 1415 ten--

932 1433 987 1460 bra:
1010 1433 1037 1460 in
1052 1433 1219 1460 domicilium
1241 1433 1320 1460 nobis
1337 1432 1472 1467 deputata
1487 1437 1560 1460 sunt.
1577 1432 1713 1466 Quoniam

104 1475 133 1501 τὸ
148 1476 242 1508 σκότος
252 1476 328 1503 τοῦτο
337 1478 419 1504 οἰκεῖν
431 1478 639 1513 κατεκρίθημεν.
656 1477 761 1513 Ἐπειδὴ
775 1479 883 1514 ἠγαπή-

936 1478 1039 1506 scilicet
1050 1478 1168 1506 obscena
1176 1479 1266 1505 omnia
1275 1478 1429 1510 dileximus,
1439 1478 1530 1512 divina
1539 1478 1610 1506 bona
1623 1479 1714 1506 omnia

103 1529 187 1556 σαμεν
199 1521 287 1548 πάντα
299 1522 333 1548 τὰ
348 1522 457 1558 αἰσχρὰ,
472 1523 519 1550 καὶ
536 1523 644 1550 πάντων
659 1523 725 1558 ὁμοῦ
739 1523 792 1549 τῶν
807 1523 885 1550 θείων

102 1566 211 1600 ἀγαθῶν
222 1561 485 1602 καταφρονήσαντες,
500 1567 535 1594 τὰ
554 1568 652 1595 ἱππικὰ
676 1568 723 1594 καί
737 1567 771 1594 τὰ
787 1567 887 1603 θέατρα

103 1613 150 1639 καὶ
159 1612 193 1639 τὰ
204 1613 351 1648 κυνηγέσια
364 1615 596 1649 προετιμήσαμεν,
605 1614 632 1640 ὲν
645 1611 683 1645 οἷς
689 1613 821 1649 δαιμόνων
828 1614 888 1648 ἐχό-

103 1667 182 1694 ρευον
195 1659 284 1694 δῆμοι.
299 1659 346 1685 καὶ
355 1660 428 1686 πᾶσα
437 1659 496 1686 θεία
520 1660 641 1694 ἀγγέλων
653 1660 725 1694 ἀπῆν
737 1660 834 1686 σκοπιὰ
842 1660 888 1687 καὶ

102 1704 258 1738 ἐπίγνωσις.
279 1705 361 1731 Ἔνθα
374 1705 404 1731 τὸ
422 1706 470 1740 μὲν
483 1706 579 1741 σεμνὸν
594 1707 642 1741 τῆς
654 1706 818 1741 εὑῳροσὺνης
827 1706 887 1732 πολ-

101 1751 158 1782 λοῖς
175 1750 354 1786 καθυόρίζετο
364 1751 473 1786 τρόποις
484 1761 490 1767 ³
503 1752 532 1778 τὸ
547 1752 575 1778 δὲ
585 1752 633 1787 τῆς
648 1752 792 1784 ἀκολασίας
806 1752 888 1778 κακόν

102 1805 131 1823 τε
140 1797 187 1823 καὶ
198 1796 322 1832 βδελυρὸν
338 1797 506 1832 ἐσεμνύνετο,
516 1797 632 1829 Δικαίως
647 1797 693 1823 τοῦ
717 1797 888 1832 φωτὸςὲστε-

104 1841 210 1877 ρῇμεθα
219 1841 276 1874 νῦν,
285 1843 325 1868 ὅτι
340 1842 407 1878 πρὸς
422 1842 553 1875 δόξαντοῦ
566 1842 745 1878 πεποιηκότος
757 1842 823 1869 Θεοῦ
839 1842 889 1877 τὴν

103 1887 193 1913 κτίσιν
204 1887 273 1913 κατὰ
294 1887 342 1922 τὴν
364 1887 527 1923 πρόσκαιρον
537 1887 613 1923 ἡμῶν
623 1887 693 1923 ζωὴν
706 1888 756 1914 οὑκ
774 1887 884 1914 ἐθεασά-

105 1931 182 1967 μεθα’
192 1932 248 1958 ἀλλ’
255 1931 423 1967 ἐμολύναμεν
429 1932 490 1964 τοὺς
498 1932 649 1967 ὀφθαλμοὺς
658 1933 674 1966 ἡ
679 1932 734 1966 μῶν
743 1932 788 1960 καὶ
794 1932 826 1958 τὰ
834 1929 889 1958 ὦτα

103 1978 150 2004 καὶ
163 1978 298 2012 γλῶσσαν,
317 1978 415 2013 μᾶλλον
432 1978 460 2004 δὲ
476 1979 524 2013 τὴν
539 1979 598 2005 κατ’
618 1979 709 2005 εἰκόνα
726 1977 793 2004 Θεοῦ
812 1986 890 2012 γεγε-

102 2023 225 2057 νημένην
237 2022 324 2058 ψυχὴν
335 2023 401 2049 πᾶσι
413 2023 514 2058 τοῖςτῷ
523 2023 581 2058 Θεῷ
592 2032 669 2058 μισου
675 2023 764 2058 μένοις
775 2023 890 2058 θεάμασι

102 2077 132 2094 τε
153 2069 199 2094 καὶ
214 2069 368 2103 ἀκροάμασι
386 2069 432 2095 καὶ
448 2069 616 2104 ρήμασι,καὶ
629 2070 687 2100 ταῖς
697 2069 756 2095 κατ’
771 2068 890 2104 ἀλλήλων

104 2113 266 2148 βασκανίαις
294 2113 468 2148 ἐφθείραμεν,
486 2114 525 2145 εἰς
543 2113 571 2140 δὲ
584 2113 629 2140 τὸν
650 2113 783 2148 τάρταρον
796 2113 889 2140 τοῦτον

935 1524 1036 1559 pariter
1060 1523 1247 1558 despeximus.
1268 1523 1376 1558 illisque
1405 1523 1609 1558 anteposuinius
1633 1531 1716 1558 eque-

937 1570 1014 1606 stria,
1031 1569 1146 1601 theatra,
1159 1570 1332 1605 venationes,
1352 1570 1452 1605 quibus
1471 1570 1499 1597 in
1512 1569 1594 1597 rebus
1614 1569 1717 1597 daamc-

937 1623 1001 1643 num
1014 1615 1119 1643 chorea:
1129 1615 1318 1647 versabantur,
1327 1615 1472 1651 aberatque
1489 1615 1613 1643 universa
1626 1615 1717 1642 divina

937 1654 1093 1696 angelorum
1110 1661 1258 1696 speculatio
1272 1665 1298 1688 et
1317 1661 1446 1696 cognitio.
1463 1660 1519 1688 Illic
1536 1661 1628 1696 probae
1650 1661 1704 1688 laeti

938 1707 981 1734 tiae
993 1707 1109 1742 gravitas
1124 1706 1216 1733 multis
1233 1706 1458 1733 contumeliarum
1480 1705 1567 1734 modis
1582 1705 1717 1733 allicieba-

939 1756 997 1786 tur;
1021 1752 1236 1787 intemperantia:
1262 1759 1325 1779 vero
1346 1752 1541 1778 exsecrandum
1565 1752 1666 1778 malum
1689 1752 1717 1779 in

938 1797 1041 1825 honore
1051 1801 1120 1825 erat.
1131 1797 1195 1824 Jure
1206 1805 1237 1824 ac
1249 1798 1345 1824 merito
1355 1797 1412 1832 jam
1427 1797 1485 1825 luce
1495 1798 1641 1833 privamur,
1655 1798 1717 1832 quia

939 1847 1077 1872 creaturas
1087 1843 1119 1870 ad
1129 1843 1241 1878 gloriam
1256 1843 1406 1870 conditoris
1418 1841 1465 1869 Dei
1474 1843 1648 1878 contemplati
1663 1851 1716 1870 non

939 1897 1035 1917 sumus
1047 1889 1075 1916 in
1092 1889 1145 1916 vita
1161 1894 1274 1921 nostra;
1288 1889 1334 1916 sed
1349 1889 1494 1923 polluimus
1505 1889 1609 1921 oculos,
1627 1896 1717 1920 aures.

939 1940 966 1962 et
980 1935 1100 1970 linguam
1119 1937 1251 1965 nostram,
1268 1934 1438 1968 maximeque
1457 1933 1578 1970 omnium
1601 1933 1718 1963 animam

940 1981 974 2008 ad
990 1977 1192 2008 similitudinem
1208 1979 1254 2006 Dei
1270 1979 1368 2006 factam
1381 1978 1463 2006 nullis
1479 1986 1532 2005 non
1547 1978 1600 2006 Deo
1615 1979 1719 2013 perosis

940 2025 1112 2060 spectaculis,
1125 2024 1290 2056 rumoribus,
1303 2023 1588 2055 sermocinationibus,
1599 2024 1717 2055 invidiis,

940 2072 1184 2101 obtrectationibus
1200 2071 1332 2098 adversus
1347 2071 1501 2108 proximos,
1520 2078 1574 2097 non
1589 2071 1720 2096 contami-

941 2118 1077 2150 navimus,
1098 2122 1178 2153 atque
1202 2117 1230 2144 in
1245 2117 1317 2144 hunc
1336 2119 1467 2143 tartarum
1479 2115 1593 2149 conjecti
1607 2122 1718 2147 sumus;

102 2159 313 2194 ἀπερρίςςημεν,
332 2158 410 2193 πήξει
422 2158 469 2185 καὶ
492 2157 565 2193 βυθῷ
582 2158 640 2184 κατ’
657 2158 744 2184 αὐτῶν
758 2158 884 2193 τρυχόμε-

942 2164 988 2192 ubi
1005 2165 1056 2191 loci
1069 2162 1203 2198 angustiis
1217 2166 1244 2190 et
1255 2162 1305 2188 bac
1321 2160 1504 2196 profunditate
1516 2159 1651 2194 voraginis
1662 2167 1719 2193 gra-

103 2213 144 2230 νοι
161 2204 262 2236 δεινῶς.
281 2199 388 2240 Ἐπειδὴ
403 2205 451 2239 τῆς
468 2203 517 2240 μὲν
532 2204 635 2239 ὑψηλῆς
648 2205 694 2230 καὶ
710 2203 762 2230 τῶν
779 2203 887 2239 ὑψηλῶν

103 2250 152 2276 καὶ
163 2249 241 2275 θείων
257 2248 402 2284 προξενοῦν
425 2249 670 2284 ταπεινοφροσύνης
690 2249 886 2284 προεκρίναμεν

106 2295 157 2330 τὴν
171 2295 366 2330 ὑπερηφανίαν,
381 2295 428 2321 καὶ
451 2294 481 2320 τὸ
506 2295 555 2329 τῆς
571 2293 672 2330 ἀρετῆς
688 2293 778 2320 στενόν
797 2302 825 2319 τε
841 2293 887 2319 καὶ

109 2341 234 2367 σύντονον
259 2341 303 2367 διὰ
319 2340 367 2375 τὴν
381 2340 429 2375 τῆς
450 2340 549 2375 σαρκὸς
560 2339 778 2375 ὑπερϐάλλουσαν
790 2338 887 2374 θρύψιν

103 2396 132 2414 τε
147 2387 194 2413 καὶ
209 2386 326 2413 διάθεσιν
339 2385 532 2420 ἀπεωσάμεθα.

140 2432 167 2460 4.
186 2431 240 2459 Ποῦ
255 2431 302 2458 νῦν
332 2431 409 2466 ἡμῶν
431 2433 503 2458 ἐστιν
517 2432 533 2466 ή
547 2430 729 2466 ὑπερηφανία,
746 2431 794 2457 καὶ
810 2431 826 2465 ἡ
842 2429 887 2456 διὰ

102 2479 154 2514 τὴν
170 2478 275 2510 ἀλαζὼν
287 2477 355 2513 πρὸς
363 2477 466 2509 πάντας
478 2477 605 2509 διάθεσις,
627 2477 674 2503 καὶ
689 2477 704 2512 ή
720 2476 769 2511 τῆς
786 2476 887 2512 σαρκὸς

105 2523 246 2561 βλακώδης
263 2524 308 2551 κοιλ⁴
322 2523 476 2558 εὐδιάχυτος
488 2523 603 2559 θρύψις
623 2523 654 2548 Ὢ
668 2522 718 2556 τῆς
742 2521 884 2553 ἀϐουλίαςῐ

104 2571 166 2598 ἀντὶ
178 2570 293 2605 γέλωτος
305 2569 439 2605 ἀκρατοῦς
454 2570 500 2596 καὶ
516 2568 561 2595 τοῦ
572 2567 718 2594 ἀκολάστου
732 2567 817 2602 ψόφου
833 2567 886 2593 τῶν

105 2616 226 2653 παρειῶν
247 2618 261 2643 ὁ
290 2616 374 2651 βαρὺς
395 2613 471 2647 οὗτος
485 2614 606 2650 βρυγμος
620 2615 679 2640 ἐστι
697 2613 751 2640 τῶν
761 2613 884 2640 ὀδόντων.

105 2664 162 2700 Τὴν
174 2662 228 2689 τῶν
244 2662 322 2688 θείων
335 2661 380 2688 καὶ
394 2661 532 2696 σωτηρίων
543 2660 627 2694 λόγων
643 2660 760 2695 ἀσκῆσαι
772 2659 887 2694 μάθησιν

106 2709 145 2746 μὴ
161 2707 344 2744 βουληθέντες,
359 2706 425 2733 ἀλλὰ
443 2705 526 2741 μέθης
542 2705 672 2741 ἀμετρίαν
687 2705 737 2740 τῆς
751 2704 793 2731 διὰ
809 2704 886 2738 λόγου

106 2756 184 2787 θείας
210 2754 424 2790 προτιμήσαντες
437 2753 574 2783 αἰνέσεως,
599 2751 692 2783 δεινῶς
719 2750 886 2785 κολαζόμεθα

105 2801 156 2828 νῦν
169 2800 221 2835 τῆς
236 2798 440 2833 γλώσσηςξδίψει
462 2797 563 2832 φοϐερᾷ
578 2799 586 2809 ·
598 2797 732 2832 διακενῆς.
750 2796 840 2828 ’Δξιον
858 2795 886 2822 δὲ

937 2211 1009 2239 viter
1021 2209 1164 2244 aﬂligimur
1179 2217 1185 2235 :
1201 2208 1331 2243 quoniam
1348 2207 1408 2233 altae
1425 2206 1581 2236 humilitati,
1596 2212 1657 2240 quae
1671 2212 1719 2231 ex-

938 2257 1010 2284 celsa
1025 2261 1049 2283 et
1069 2255 1160 2282 divina
1182 2253 1322 2284 conciliat,
1348 2252 1518 2287 prmtulimus
1545 2249 1717 2285 superbiam;

937 2302 1099 2337 virtutisque
1115 2300 1254 2335 angustias
1269 2302 1296 2326 et
1310 2298 1520 2328 contentionem,
1533 2296 1568 2323 ob
1583 2302 1718 2323 summam

937 2347 1030 2375 carnis
1040 2345 1180 2373 mollitiem
1196 2345 1415 2379 voluptatemque
1428 2341 1640 2377 repudiavimus.

972 2413 999 2453 il.
1015 2423 1066 2452 Ubi
1089 2424 1146 2458 jam
1167 2426 1209 2450 est
1227 2425 1319 2449 nostra
1341 2420 1479 2455 superbia,
1503 2420 1547 2446 ubi
1567 2419 1611 2446 ille
1628 2422 1719 2445 noster

938 2470 1098 2506 arrogantia:
1113 2476 1175 2503 erga
1187 2475 1282 2495 omnes
1296 2466 1419 2497 allectus,
1432 2465 1478 2492 ubi
1489 2466 1580 2492 carnis
1595 2465 1640 2491 illa
1652 2466 1720 2491 mol-

937 2518 1008 2545 lities
1028 2514 1138 2543 sordida
1157 2518 1184 2541 et
1200 2513 1308 2541 cll'nsa?
1331 2512 1353 2540 0
1379 2511 1651 2539 inconsiderantiam!
1670 2518 1719 2545 pro

937 2564 1114 2598 intemperata
1127 2561 1185 2588 risu
1196 2564 1223 2587 et
1240 2559 1342 2586 lascivo
1355 2566 1484 2593 genarum
1497 2557 1578 2593 216
1593 2557 1719 2592 strepitu,

936 2609 1027 2646 gravis
1049 2609 1107 2643 jam
1133 2611 1175 2634 est
1201 2607 1301 2634 stridor
1318 2606 1451 2633 dentium.
1475 2605 1543 2638 Quia
1564 2605 1720 2632 divinorum

936 2655 1151 2689 salutariumque
1172 2660 1328 2680 sermonum
1350 2652 1521 2686 disciplinam
1553 2651 1719 2686 respuimus,

937 2703 984 2731 sed
1000 2701 1204 2729 immoderatam
1223 2699 1382 2727 ebrietatem
1397 2697 1496 2725 divinis
1515 2696 1640 2724 laudibus
1654 2704 1721 2731 prae—

936 2749 1088 2785 posuimus,
1106 2747 1161 2782 jam
1179 2746 1297 2781 graviter
1317 2745 1482 2775 cruciamur,
1501 2743 1564 2770 dum
1585 2743 1722 2770 horrenda

938 2795 983 2823 siti
998 2795 1089 2829 lingua
1104 2797 1196 2820 nostra
1211 2790 1355 2819 exarescit.
1373 2789 1489 2826 Dignum
1500 2796 1566 2818 sane
1582 2788 1644 2817 odio
1665 2787 1720 2816 tra-
