  <div class='ocr_page' id='page_1' title='image "/cluster/home/n/w/nwhite01/storage/ocr_20150623/28/njp.32101007506148/309.png"; bbox 0 0 1924 3059; ppageno 0'>
   <div class='ocr_carea' id='block_1_1' title="bbox 231 123 282 152">
    <p class='ocr_par' dir='ltr' id='par_1_1' title="bbox 231 123 282 152">
     <span class='ocr_line' id='line_1_1' title="bbox 231 123 282 152; baseline -0.02 0"><span class='ocrx_word' id='word_1_1' title='bbox 231 123 282 152; x_wconf 67' lang='lat'><strong>595</strong></span> 
     </span>
    </p>
   </div>
   <div class='ocr_carea' id='block_1_2' title="bbox 783 121 1268 150">
    <p class='ocr_par' dir='ltr' id='par_1_2' title="bbox 783 121 1268 150">
     <span class='ocr_line' id='line_1_2' title="bbox 783 121 1268 150; baseline -0.006 -1"><span class='ocrx_word' id='word_1_2' title='bbox 783 121 811 149; x_wconf 82' lang='lat'><strong>5.</strong></span> <span class='ocrx_word' id='word_1_3' title='bbox 833 121 1061 150; x_wconf 76' lang='lat' dir='ltr'><strong>ATHANASIUS.</strong></span> <span class='ocrx_word' id='word_1_4' title='bbox 1081 137 1115 142; x_wconf 94' lang='lat'><strong><em>—</em></strong></span> <span class='ocrx_word' id='word_1_5' title='bbox 1135 121 1268 149; x_wconf 75' lang='lat' dir='ltr'><strong>SPL&#39;RlA.</strong></span> 
     </span>
    </p>
   </div>
   <div class='ocr_carea' id='block_1_3' title="bbox 1781 121 1826 150">
    <p class='ocr_par' dir='ltr' id='par_1_3' title="bbox 1781 121 1826 150">
     <span class='ocr_line' id='line_1_3' title="bbox 1781 121 1826 150; baseline 0.044 -2"><span class='ocrx_word' id='word_1_6' title='bbox 1781 121 1826 150; x_wconf 80' lang='lat'><strong>596</strong></span> 
     </span>
    </p>
   </div>
   <div class='ocr_carea' id='block_1_4' title="bbox 231 179 1006 216">
    <p class='ocr_par' dir='ltr' id='par_1_4' title="bbox 231 180 1006 216">
     <span class='ocr_line' id='line_1_4' title="bbox 231 180 1006 216; baseline -0.003 -7"><span class='ocrx_word' id='word_1_7' title='bbox 231 186 319 213; x_wconf 90' lang='lat' dir='ltr'><strong>terno,</strong></span> <span class='ocrx_word' id='word_1_8' title='bbox 337 182 447 213; x_wconf 78' lang='lat' dir='ltr'><strong>invidia,</strong></span> <span class='ocrx_word' id='word_1_9' title='bbox 469 180 531 208; x_wconf 82' lang='lat' dir='ltr'><strong>dolo</strong></span> <span class='ocrx_word' id='word_1_10' title='bbox 556 180 620 207; x_wconf 90' lang='lat' dir='ltr'><strong>item</strong></span> <span class='ocrx_word' id='word_1_11' title='bbox 647 183 674 207; x_wconf 87' lang='lat' dir='ltr'><strong>et</strong></span> <span class='ocrx_word' id='word_1_12' title='bbox 691 181 827 216; x_wconf 78' lang='lat' dir='ltr'><strong>hypocrisi</strong></span> <span class='ocrx_word' id='word_1_13' title='bbox 849 181 970 216; x_wconf 87' lang='lat' dir='ltr'><strong>(quibus</strong></span> <span class='ocrx_word' id='word_1_14' title='bbox 987 186 1006 208; x_wconf 90' lang='lat' dir='ltr'><strong>el</strong></span> 
     </span>
    </p>
   </div>
   <div class='ocr_carea' id='block_1_5' title="bbox 1058 179 1828 216">
    <p class='ocr_par' dir='ltr' id='par_1_5' title="bbox 1064 179 1828 215">
     <span class='ocr_line' id='line_1_5' title="bbox 1064 179 1828 215; baseline 0 -8"><span class='ocrx_word' id='word_1_15' title='bbox 1064 181 1110 207; x_wconf 76' lang='grc' dir='ltr'>καὶ</span> <span class='ocrx_word' id='word_1_16' title='bbox 1130 180 1176 206; x_wconf 86' lang='grc' dir='ltr'>τοῦ</span> <span class='ocrx_word' id='word_1_17' title='bbox 1206 180 1273 215; x_wconf 77' lang='grc' dir='ltr'>πρὸς</span> <span class='ocrx_word' id='word_1_18' title='bbox 1299 180 1361 210; x_wconf 77' lang='grc' dir='ltr'>τοὺς</span> <span class='ocrx_word' id='word_1_19' title='bbox 1383 179 1512 214; x_wconf 82' lang='grc' dir='ltr'>ἀδελφοὺς</span> <span class='ocrx_word' id='word_1_20' title='bbox 1535 179 1611 214; x_wconf 77' lang='grc' dir='ltr'>ἡμῶν</span> <span class='ocrx_word' id='word_1_21' title='bbox 1628 179 1727 213; x_wconf 88' lang='grc' dir='ltr'>μίσους,</span> <span class='ocrx_word' id='word_1_22' title='bbox 1740 179 1828 214; x_wconf 79' lang='grc' dir='ltr'>φθόνου</span> 
     </span>
    </p>
   </div>
   <div class='ocr_carea' id='block_1_6' title="bbox 232 227 1009 263">
    <p class='ocr_par' dir='ltr' id='par_1_6' title="bbox 232 227 1009 263">
     <span class='ocr_line' id='line_1_6' title="bbox 232 227 1009 263; baseline -0.003 -7"><span class='ocrx_word' id='word_1_23' title='bbox 232 236 280 263; x_wconf 83' lang='lat' dir='ltr'><strong>per</strong></span> <span class='ocrx_word' id='word_1_24' title='bbox 302 236 362 262; x_wconf 69' lang='lat' dir='ltr'><strong>quae</strong></span> <span class='ocrx_word' id='word_1_25' title='bbox 379 227 478 254; x_wconf 79' lang='lat' dir='ltr'><strong>invidia</strong></span> <span class='ocrx_word' id='word_1_26' title='bbox 493 227 639 262; x_wconf 79' lang='lat' dir='ltr'><strong>exoritur),</strong></span> <span class='ocrx_word' id='word_1_27' title='bbox 659 227 834 259; x_wconf 72' lang='lat' dir='ltr'><strong>contumelia,</strong></span> <span class='ocrx_word' id='word_1_28' title='bbox 855 227 1009 260; x_wconf 84' lang='lat' dir='ltr'><strong>calumniis,</strong></span> 
     </span>
    </p>
   </div>
   <div class='ocr_carea' id='block_1_7' title="bbox 232 273 1009 309">
    <p class='ocr_par' dir='ltr' id='par_1_7' title="bbox 232 273 1009 309">
     <span class='ocr_line' id='line_1_7' title="bbox 232 273 1009 309; baseline -0.001 -8"><span class='ocrx_word' id='word_1_29' title='bbox 232 274 395 309; x_wconf 87' lang='lat' dir='ltr'><strong>injuriarum</strong></span> <span class='ocrx_word' id='word_1_30' title='bbox 416 273 555 304; x_wconf 83' lang='lat' dir='ltr'><strong>memoria,</strong></span> <span class='ocrx_word' id='word_1_31' title='bbox 573 273 724 306; x_wconf 87' lang='lat' dir='ltr'><strong>mendacio,</strong></span> <span class='ocrx_word' id='word_1_32' title='bbox 741 273 872 308; x_wconf 87' lang='lat' dir='ltr'><strong>parjurio,</strong></span> <span class='ocrx_word' id='word_1_33' title='bbox 892 273 1009 300; x_wconf 87' lang='lat' dir='ltr'><strong>fructum</strong></span> 
     </span>
    </p>
   </div>
   <div class='ocr_carea' id='block_1_8' title="bbox 231 319 1010 354">
    <p class='ocr_par' dir='ltr' id='par_1_8' title="bbox 231 319 1010 354">
     <span class='ocr_line' id='line_1_8' title="bbox 231 319 1010 354; baseline -0.001 -7"><span class='ocrx_word' id='word_1_34' title='bbox 231 320 415 354; x_wconf 87' lang='lat' dir='ltr'><strong>decerpimus.</strong></span> <span class='ocrx_word' id='word_1_35' title='bbox 439 319 511 346; x_wconf 90' lang='lat' dir='ltr'><strong>hunc</strong></span> <span class='ocrx_word' id='word_1_36' title='bbox 537 319 641 346; x_wconf 84' lang='lat' dir='ltr'><strong>scilicet</strong></span> <span class='ocrx_word' id='word_1_37' title='bbox 658 327 777 346; x_wconf 88' lang='lat' dir='ltr'><strong>vermem</strong></span> <span class='ocrx_word' id='word_1_38' title='bbox 802 319 848 354; x_wconf 88' lang='lat' dir='ltr'><strong>qui</strong></span> <span class='ocrx_word' id='word_1_39' title='bbox 871 327 1010 354; x_wconf 83' lang='lat' dir='ltr'><strong>nunquam</strong></span> 
     </span>
    </p>
   </div>
   <div class='ocr_carea' id='block_1_9' title="bbox 231 364 1011 399">
    <p class='ocr_par' dir='ltr' id='par_1_9' title="bbox 231 364 1011 399">
     <span class='ocr_line' id='line_1_9' title="bbox 231 364 1011 399; baseline 0 -9"><span class='ocrx_word' id='word_1_40' title='bbox 231 365 358 396; x_wconf 85' lang='lat' dir='ltr'><strong>moritur,</strong></span> <span class='ocrx_word' id='word_1_41' title='bbox 379 364 552 399; x_wconf 89' lang='lat' dir='ltr'><strong>animamque</strong></span> <span class='ocrx_word' id='word_1_42' title='bbox 577 368 698 391; x_wconf 86' lang='lat' dir='ltr'><strong>nostram</strong></span> <span class='ocrx_word' id='word_1_43' title='bbox 723 365 846 391; x_wconf 88' lang='lat' dir='ltr'><strong>corrodit</strong></span> <span class='ocrx_word' id='word_1_44' title='bbox 867 365 961 392; x_wconf 92' lang='lat' dir='ltr'><strong>intime</strong></span> <span class='ocrx_word' id='word_1_45' title='bbox 984 369 1011 391; x_wconf 86' lang='lat' dir='ltr'><strong>et</strong></span> 
     </span>
    </p>
   </div>
   <div class='ocr_carea' id='block_1_10' title="bbox 230 409 1010 445">
    <p class='ocr_par' dir='ltr' id='par_1_10' title="bbox 230 409 1010 445">
     <span class='ocr_line' id='line_1_10' title="bbox 230 409 1010 445; baseline 0 -8"><span class='ocrx_word' id='word_1_46' title='bbox 230 409 431 438; x_wconf 85' lang='lat' dir='ltr'><strong>insatiabiliter.</strong></span> <span class='ocrx_word' id='word_1_47' title='bbox 445 409 577 442; x_wconf 79' lang='lat' dir='ltr'><strong>Quoniam</strong></span> <span class='ocrx_word' id='word_1_48' title='bbox 591 411 762 445; x_wconf 87' lang='lat' dir='ltr'><strong>corrupimus</strong></span> <span class='ocrx_word' id='word_1_49' title='bbox 774 410 915 437; x_wconf 84' lang='lat' dir='ltr'><strong>charitalis</strong></span> <span class='ocrx_word' id='word_1_50' title='bbox 929 411 1010 437; x_wconf 90' lang='lat' dir='ltr'><strong>recti-</strong></span> 
     </span>
    </p>
   </div>
   <div class='ocr_carea' id='block_1_11' title="bbox 229 455 1010 491">
    <p class='ocr_par' dir='ltr' id='par_1_11' title="bbox 229 455 1010 491">
     <span class='ocr_line' id='line_1_11' title="bbox 229 455 1010 491; baseline -0.001 -9"><span class='ocrx_word' id='word_1_51' title='bbox 229 456 362 487; x_wconf 86' lang='lat' dir='ltr'><strong>tudinem,</strong></span> <span class='ocrx_word' id='word_1_52' title='bbox 382 459 533 483; x_wconf 86' lang='lat' dir='ltr'><strong>tortuosam</strong></span> <span class='ocrx_word' id='word_1_53' title='bbox 549 460 575 483; x_wconf 93' lang='lat' dir='ltr'><strong>et</strong></span> <span class='ocrx_word' id='word_1_54' title='bbox 592 456 728 491; x_wconf 83' lang='lat' dir='ltr'><strong>obliquam</strong></span> <span class='ocrx_word' id='word_1_55' title='bbox 750 455 863 483; x_wconf 79' lang='lat' dir='ltr'><strong>fecimus</strong></span> <span class='ocrx_word' id='word_1_56' title='bbox 881 456 964 487; x_wconf 85' lang='lat' dir='ltr'><strong>illam,</strong></span> <span class='ocrx_word' id='word_1_57' title='bbox 979 462 1010 481; x_wconf 86' lang='lat' dir='ltr'><strong>ac</strong></span> 
     </span>
    </p>
   </div>
   <div class='ocr_carea' id='block_1_12' title="bbox 230 501 1010 536">
    <p class='ocr_par' dir='ltr' id='par_1_12' title="bbox 230 501 1010 536">
     <span class='ocr_line' id='line_1_12' title="bbox 230 501 1010 536; baseline 0 -8"><span class='ocrx_word' id='word_1_58' title='bbox 230 509 278 536; x_wconf 87' lang='lat' dir='ltr'><strong>per</strong></span> <span class='ocrx_word' id='word_1_59' title='bbox 287 501 378 528; x_wconf 91' lang='lat' dir='ltr'><strong>odium</strong></span> <span class='ocrx_word' id='word_1_60' title='bbox 389 501 466 528; x_wconf 80' lang='lat' dir='ltr'><strong>nobis</strong></span> <span class='ocrx_word' id='word_1_61' title='bbox 481 505 577 536; x_wconf 87' lang='lat' dir='ltr'><strong>sponte</strong></span> <span class='ocrx_word' id='word_1_62' title='bbox 590 506 682 529; x_wconf 85' lang='lat' dir='ltr'><strong>nostra</strong></span> <span class='ocrx_word' id='word_1_63' title='bbox 695 502 795 528; x_wconf 89' lang='lat' dir='ltr'><strong>malum</strong></span> <span class='ocrx_word' id='word_1_64' title='bbox 806 501 881 528; x_wconf 90' lang='lat' dir='ltr'><strong>illum</strong></span> <span class='ocrx_word' id='word_1_65' title='bbox 892 508 1010 528; x_wconf 89' lang='lat' dir='ltr'><strong>vermem</strong></span> 
     </span>
    </p>
   </div>
   <div class='ocr_carea' id='block_1_13' title="bbox 229 545 1012 580">
    <p class='ocr_par' dir='ltr' id='par_1_13' title="bbox 229 545 1012 580">
     <span class='ocr_line' id='line_1_13' title="bbox 229 545 1012 580; baseline 0 -8"><span class='ocrx_word' id='word_1_66' title='bbox 229 545 411 578; x_wconf 88' lang='lat' dir='ltr'><strong>condidimus,</strong></span> <span class='ocrx_word' id='word_1_67' title='bbox 429 553 460 572; x_wconf 89' lang='lat' dir='ltr'><strong>ac</strong></span> <span class='ocrx_word' id='word_1_68' title='bbox 479 546 598 580; x_wconf 83' lang='lat' dir='ltr'><strong>pejorem</strong></span> <span class='ocrx_word' id='word_1_69' title='bbox 618 546 817 574; x_wconf 83' lang='lat' dir='ltr'><strong>tortuositatem</strong></span> <span class='ocrx_word' id='word_1_70' title='bbox 838 553 885 580; x_wconf 90' lang='lat' dir='ltr'><strong>per</strong></span> <span class='ocrx_word' id='word_1_71' title='bbox 903 545 1012 572; x_wconf 84' lang='lat' dir='ltr'><strong>menda-</strong></span> 
     </span>
    </p>
   </div>
   <div class='ocr_carea' id='block_1_14' title="bbox 229 591 1011 626">
    <p class='ocr_par' dir='ltr' id='par_1_14' title="bbox 229 591 1011 626">
     <span class='ocr_line' id='line_1_14' title="bbox 229 591 1011 626; baseline -0.003 -8"><span class='ocrx_word' id='word_1_72' title='bbox 229 591 300 619; x_wconf 86' lang='lat' dir='ltr'><strong>cium</strong></span> <span class='ocrx_word' id='word_1_73' title='bbox 321 591 400 618; x_wconf 85' lang='lat' dir='ltr'><strong>nobis</strong></span> <span class='ocrx_word' id='word_1_74' title='bbox 419 591 574 623; x_wconf 81' lang='lat' dir='ltr'><strong>effudimus,</strong></span> <span class='ocrx_word' id='word_1_75' title='bbox 590 592 626 618; x_wconf 86' lang='lat' dir='ltr'><strong>ob</strong></span> <span class='ocrx_word' id='word_1_76' title='bbox 640 599 721 625; x_wconf 86' lang='lat' dir='ltr'><strong>quam</strong></span> <span class='ocrx_word' id='word_1_77' title='bbox 739 591 792 618; x_wconf 88' lang='lat' dir='ltr'><strong>Deo</strong></span> <span class='ocrx_word' id='word_1_78' title='bbox 809 591 855 626; x_wconf 85' lang='lat' dir='ltr'><strong>qui</strong></span> <span class='ocrx_word' id='word_1_79' title='bbox 876 595 966 617; x_wconf 85' lang='lat' dir='ltr'><strong>rectus</strong></span> <span class='ocrx_word' id='word_1_80' title='bbox 984 593 1011 617; x_wconf 89' lang='lat' dir='ltr'><strong>et</strong></span> 
     </span>
    </p>
   </div>
   <div class='ocr_carea' id='block_1_15' title="bbox 229 636 1011 672">
    <p class='ocr_par' dir='ltr' id='par_1_15' title="bbox 229 636 1011 672">
     <span class='ocr_line' id='line_1_15' title="bbox 229 636 1011 672; baseline -0.003 -8"><span class='ocrx_word' id='word_1_81' title='bbox 229 637 331 672; x_wconf 87' lang='lat' dir='ltr'><strong>probus</strong></span> <span class='ocrx_word' id='word_1_82' title='bbox 347 641 388 664; x_wconf 92' lang='lat' dir='ltr'><strong>est</strong></span> <span class='ocrx_word' id='word_1_83' title='bbox 403 637 541 672; x_wconf 86' lang='lat' dir='ltr'><strong>conjuncti</strong></span> <span class='ocrx_word' id='word_1_84' title='bbox 554 646 607 664; x_wconf 91' lang='lat' dir='ltr'><strong>non</strong></span> <span class='ocrx_word' id='word_1_85' title='bbox 631 645 735 664; x_wconf 87' lang='lat' dir='ltr'><strong>sumus.</strong></span> <span class='ocrx_word' id='word_1_86' title='bbox 756 637 814 672; x_wconf 85' lang='lat' dir='ltr'><strong>ipse</strong></span> <span class='ocrx_word' id='word_1_87' title='bbox 841 644 956 671; x_wconf 84' lang='lat' dir='ltr'><strong>namque</strong></span> <span class='ocrx_word' id='word_1_88' title='bbox 973 636 1011 663; x_wconf 85' lang='lat' dir='ltr'><strong>ait</strong></span> 
     </span>
    </p>
   </div>
   <div class='ocr_carea' id='block_1_16' title="bbox 229 681 1010 717">
    <p class='ocr_par' dir='ltr' id='par_1_16' title="bbox 229 681 1010 717">
     <span class='ocr_line' id='line_1_16' title="bbox 229 681 1010 717; baseline -0.003 -8"><span class='ocrx_word' id='word_1_89' title='bbox 229 690 277 717; x_wconf 66' lang='lat' dir='ltr'><strong>per</strong></span> <span class='ocrx_word' id='word_1_90' title='bbox 291 686 416 709; x_wconf 88' lang='lat' dir='ltr'><strong>sanctum</strong></span> <span class='ocrx_word' id='word_1_91' title='bbox 431 682 588 717; x_wconf 83' lang='lat' dir='ltr'><strong>prophetam</strong></span> <span class='ocrx_word' id='word_1_92' title='bbox 602 681 683 708; x_wconf 83' lang='lat' dir='ltr'><strong>David</strong></span> <span class='ocrx_word' id='word_1_93' title='bbox 698 691 703 708; x_wconf 89' lang='lat'>:</span> <span class='ocrx_word' id='word_1_94' title='bbox 722 691 730 706; x_wconf 77' lang='grc' dir='ltr'><strong>ι</strong></span> <span class='ocrx_word' id='word_1_95' title='bbox 747 681 805 708; x_wconf 86' lang='lat' dir='ltr'><strong>Non</strong></span> <span class='ocrx_word' id='word_1_96' title='bbox 816 681 930 708; x_wconf 60' lang='lat' dir='ltr'><strong>adhaesit</strong></span> <span class='ocrx_word' id='word_1_97' title='bbox 945 681 1010 708; x_wconf 90' lang='lat' dir='ltr'><strong>mihi</strong></span> 
     </span>
    </p>
   </div>
   <div class='ocr_carea' id='block_1_17' title="bbox 229 725 1008 761">
    <p class='ocr_par' dir='ltr' id='par_1_17' title="bbox 229 725 1008 761">
     <span class='ocr_line' id='line_1_17' title="bbox 229 725 1008 761; baseline 0.001 -10"><span class='ocrx_word' id='word_1_98' title='bbox 229 732 277 751; x_wconf 90' lang='lat' dir='ltr'><strong>cor</strong></span> <span class='ocrx_word' id='word_1_99' title='bbox 293 729 446 752; x_wconf 87' lang='lat' dir='ltr'><strong>tortuosum</strong></span> <span class='ocrx_word' id='word_1_100' title='bbox 462 725 495 751; x_wconf 89' lang='lat'><strong>&quot;&quot;.</strong></span> <span class='ocrx_word' id='word_1_101' title='bbox 511 735 519 750; x_wconf 83' lang='grc' dir='ltr'><strong>ι</strong></span> <span class='ocrx_word' id='word_1_102' title='bbox 539 725 623 761; x_wconf 81' lang='lat' dir='ltr'><strong>Digna</strong></span> <span class='ocrx_word' id='word_1_103' title='bbox 638 726 729 760; x_wconf 83' lang='lat' dir='ltr'><strong>itaque</strong></span> <span class='ocrx_word' id='word_1_104' title='bbox 754 725 833 752; x_wconf 89' lang='lat' dir='ltr'><strong>factis</strong></span> <span class='ocrx_word' id='word_1_105' title='bbox 852 726 1008 760; x_wconf 82' lang='lat' dir='ltr'><strong>recipimus,</strong></span> 
     </span>
    </p>
   </div>
   <div class='ocr_carea' id='block_1_18' title="bbox 229 771 1011 810">
    <p class='ocr_par' dir='ltr' id='par_1_18' title="bbox 229 771 1011 810">
     <span class='ocr_line' id='line_1_18' title="bbox 229 771 1011 810; baseline 0 -12"><span class='ocrx_word' id='word_1_106' title='bbox 229 771 374 810; x_wconf 81' lang='lat' dir='ltr'><strong>potiusque</strong></span> <span class='ocrx_word' id='word_1_107' title='bbox 392 771 473 806; x_wconf 80' lang='lat' dir='ltr'><strong>digna</strong></span> <span class='ocrx_word' id='word_1_108' title='bbox 487 771 594 798; x_wconf 89' lang='lat' dir='ltr'><strong>consilii</strong></span> <span class='ocrx_word' id='word_1_109' title='bbox 618 776 644 798; x_wconf 83' lang='lat' dir='ltr'><strong>et</strong></span> <span class='ocrx_word' id='word_1_110' title='bbox 668 771 781 798; x_wconf 81' lang='lat' dir='ltr'><strong>allectus</strong></span> <span class='ocrx_word' id='word_1_111' title='bbox 797 772 882 798; x_wconf 81' lang='lat' dir='ltr'><strong>nostri</strong></span> <span class='ocrx_word' id='word_1_112' title='bbox 902 771 1011 806; x_wconf 55' lang='lat' dir='ltr'><strong>praemia</strong></span> 
     </span>
    </p>
   </div>
   <div class='ocr_carea' id='block_1_19' title="bbox 230 815 1008 851">
    <p class='ocr_par' dir='ltr' id='par_1_19' title="bbox 230 815 1008 851">
     <span class='ocr_line' id='line_1_19' title="bbox 230 815 1008 851; baseline -0.003 -7"><span class='ocrx_word' id='word_1_113' title='bbox 230 815 384 844; x_wconf 78' lang='lat' dir='ltr'><strong>referimus.</strong></span> <span class='ocrx_word' id='word_1_114' title='bbox 408 815 461 842; x_wconf 83' lang='lat' dir='ltr'><strong>Pro</strong></span> <span class='ocrx_word' id='word_1_115' title='bbox 481 817 628 851; x_wconf 84' lang='lat' dir='ltr'><strong>voluptatis</strong></span> <span class='ocrx_word' id='word_1_116' title='bbox 650 816 724 850; x_wconf 88' lang='lat' dir='ltr'><strong>igne,</strong></span> <span class='ocrx_word' id='word_1_117' title='bbox 752 817 839 851; x_wconf 85' lang='lat' dir='ltr'><strong>ignem</strong></span> <span class='ocrx_word' id='word_1_118' title='bbox 861 816 1008 851; x_wconf 71' lang='lat' dir='ltr'><strong>gehennae;</strong></span> 
     </span>
    </p>
   </div>
   <div class='ocr_carea' id='block_1_20' title="bbox 1061 222 1828 260">
    <p class='ocr_par' dir='ltr' id='par_1_20' title="bbox 1061 222 1828 260">
     <span class='ocr_line' id='line_1_20' title="bbox 1061 222 1828 260; baseline 0 -8"><span class='ocrx_word' id='word_1_119' title='bbox 1061 235 1089 252; x_wconf 83' lang='grc' dir='ltr'><strong>τε</strong></span> <span class='ocrx_word' id='word_1_120' title='bbox 1126 226 1174 252; x_wconf 79' lang='grc' dir='ltr'><strong>καὶ</strong></span> <span class='ocrx_word' id='word_1_121' title='bbox 1198 226 1284 257; x_wconf 82' lang='grc' dir='ltr'>δόλου,</span> <span class='ocrx_word' id='word_1_122' title='bbox 1301 225 1348 252; x_wconf 74' lang='grc' dir='ltr'>καὶ</span> <span class='ocrx_word' id='word_1_123' title='bbox 1371 225 1539 260; x_wconf 78' lang='grc' dir='ltr'><strong>ὑποκρίσεως</strong></span> <span class='ocrx_word' id='word_1_124' title='bbox 1560 225 1601 260; x_wconf 74' lang='grc' dir='ltr'>(ἐξ</span> <span class='ocrx_word' id='word_1_125' title='bbox 1621 222 1656 251; x_wconf 82' lang='grc' dir='ltr'>ὧν</span> <span class='ocrx_word' id='word_1_126' title='bbox 1672 226 1716 251; x_wconf 78' lang='grc' dir='ltr'>καὶ</span> <span class='ocrx_word' id='word_1_127' title='bbox 1728 222 1803 252; x_wconf 79' lang='grc' dir='ltr'>δι’ὦν</span> <span class='ocrx_word' id='word_1_128' title='bbox 1815 227 1828 252; x_wconf 86' lang='grc' dir='ltr'><strong>ὸ</strong></span> 
     </span>
    </p>
   </div>
   <div class='ocr_carea' id='block_1_21' title="bbox 1060 269 1829 305">
    <p class='ocr_par' dir='ltr' id='par_1_21' title="bbox 1060 269 1829 305">
     <span class='ocr_line' id='line_1_21' title="bbox 1060 269 1829 305; baseline 0 -9"><span class='ocrx_word' id='word_1_129' title='bbox 1060 270 1176 305; x_wconf 83' lang='grc' dir='ltr'>φθόνος),</span> <span class='ocrx_word' id='word_1_130' title='bbox 1192 270 1323 305; x_wconf 75' lang='grc' dir='ltr'>λοιδορίας</span> <span class='ocrx_word' id='word_1_131' title='bbox 1338 278 1367 296; x_wconf 88' lang='grc' dir='ltr'><strong>τε</strong></span> <span class='ocrx_word' id='word_1_132' title='bbox 1381 271 1426 296; x_wconf 80' lang='grc' dir='ltr'><strong>καὶ</strong></span> <span class='ocrx_word' id='word_1_133' title='bbox 1447 269 1635 304; x_wconf 66' lang='grc' dir='ltr'><strong>συκοφαντίας,</strong></span> <span class='ocrx_word' id='word_1_134' title='bbox 1651 270 1695 295; x_wconf 77' lang='grc' dir='ltr'>καὶ</span> <span class='ocrx_word' id='word_1_135' title='bbox 1709 277 1829 305; x_wconf 79' lang='grc' dir='ltr'>μνησικα-</span> 
     </span>
    </p>
   </div>
   <div class='ocr_carea' id='block_1_22' title="bbox 1060 307 1827 351">
    <p class='ocr_par' dir='ltr' id='par_1_22' title="bbox 1060 307 1827 351">
     <span class='ocr_line' id='line_1_22' title="bbox 1060 307 1827 351; baseline 0 -9"><span class='ocrx_word' id='word_1_136' title='bbox 1060 316 1132 348; x_wconf 84' lang='grc' dir='ltr'>κίας,</span> <span class='ocrx_word' id='word_1_137' title='bbox 1149 316 1196 342; x_wconf 80' lang='grc' dir='ltr'>καὶ</span> <span class='ocrx_word' id='word_1_138' title='bbox 1209 316 1333 350; x_wconf 72' lang='grc' dir='ltr'>ψεύδους,</span> <span class='ocrx_word' id='word_1_139' title='bbox 1346 316 1392 343; x_wconf 78' lang='grc' dir='ltr'>καὶ</span> <span class='ocrx_word' id='word_1_140' title='bbox 1411 307 1551 351; x_wconf 78' lang='grc' dir='ltr'>ἐπιορκίας</span> <span class='ocrx_word' id='word_1_141' title='bbox 1566 314 1716 351; x_wconf 84' lang='grc' dir='ltr'>δρεπόμεθα</span> <span class='ocrx_word' id='word_1_142' title='bbox 1724 315 1827 350; x_wconf 79' lang='grc' dir='ltr'>καρπὸν,</span> 
     </span>
    </p>
   </div>
   <div class='ocr_carea' id='block_1_23' title="bbox 1059 361 1829 398">
    <p class='ocr_par' dir='ltr' id='par_1_23' title="bbox 1059 361 1829 398">
     <span class='ocr_line' id='line_1_23' title="bbox 1059 361 1829 398; baseline -0.003 -9"><span class='ocrx_word' id='word_1_143' title='bbox 1059 363 1154 389; x_wconf 69' lang='grc' dir='ltr'>τοῦτον</span> <span class='ocrx_word' id='word_1_144' title='bbox 1170 362 1215 389; x_wconf 82' lang='grc' dir='ltr'><strong>τὸν</strong></span> <span class='ocrx_word' id='word_1_145' title='bbox 1234 363 1383 398; x_wconf 79' lang='grc' dir='ltr'>ἀκοίμητον</span> <span class='ocrx_word' id='word_1_146' title='bbox 1400 361 1527 398; x_wconf 76' lang='grc' dir='ltr'><strong>σκώληκα</strong></span> <span class='ocrx_word' id='word_1_147' title='bbox 1551 362 1580 388; x_wconf 75' lang='grc' dir='ltr'>τὸ</span> <span class='ocrx_word' id='word_1_148' title='bbox 1601 361 1680 396; x_wconf 80' lang='grc' dir='ltr'>βάθος</span> <span class='ocrx_word' id='word_1_149' title='bbox 1695 362 1768 397; x_wconf 80' lang='grc' dir='ltr'>ἡμῶν</span> <span class='ocrx_word' id='word_1_150' title='bbox 1784 361 1829 396; x_wconf 75' lang='grc' dir='ltr'>τῆς</span> 
     </span>
    </p>
   </div>
   <div class='ocr_carea' id='block_1_24' title="bbox 1059 408 1829 444">
    <p class='ocr_par' dir='ltr' id='par_1_24' title="bbox 1059 408 1829 444">
     <span class='ocr_line' id='line_1_24' title="bbox 1059 408 1829 444; baseline 0 -10"><span class='ocrx_word' id='word_1_151' title='bbox 1059 408 1147 443; x_wconf 78' lang='grc' dir='ltr'>ψυχῆς</span> <span class='ocrx_word' id='word_1_152' title='bbox 1169 408 1322 444; x_wconf 83' lang='grc' dir='ltr'>ἀκορέστως</span> <span class='ocrx_word' id='word_1_153' title='bbox 1343 408 1475 436; x_wconf 78' lang='grc' dir='ltr'>ἐσθίοντα.</span> <span class='ocrx_word' id='word_1_154' title='bbox 1499 408 1606 443; x_wconf 76' lang='grc' dir='ltr'>Ἐπειδὴ</span> <span class='ocrx_word' id='word_1_155' title='bbox 1627 408 1675 442; x_wconf 78' lang='grc' dir='ltr'>τῆς</span> <span class='ocrx_word' id='word_1_156' title='bbox 1691 408 1793 442; x_wconf 82' lang='grc' dir='ltr'>ἀγάπης</span> <span class='ocrx_word' id='word_1_157' title='bbox 1803 408 1829 434; x_wconf 78' lang='grc' dir='ltr'><strong>τὸ</strong></span> 
     </span>
    </p>
   </div>
   <div class='ocr_carea' id='block_1_25' title="bbox 1060 454 1829 489">
    <p class='ocr_par' dir='ltr' id='par_1_25' title="bbox 1060 454 1829 489">
     <span class='ocr_line' id='line_1_25' title="bbox 1060 454 1829 489; baseline 0 -9"><span class='ocrx_word' id='word_1_158' title='bbox 1060 455 1146 487; x_wconf 79' lang='grc' dir='ltr'>εὺθὲς,</span> <span class='ocrx_word' id='word_1_159' title='bbox 1164 454 1368 489; x_wconf 74' lang='grc' dir='ltr'><strong>διαφθείραντες</strong></span> <span class='ocrx_word' id='word_1_160' title='bbox 1392 455 1486 489; x_wconf 68' lang='grc' dir='ltr'>αὐτὴν,</span> <span class='ocrx_word' id='word_1_161' title='bbox 1504 454 1736 489; x_wconf 79' lang='grc' dir='ltr'>ὲσκαμὸὡσαμεν,</span> <span class='ocrx_word' id='word_1_162' title='bbox 1755 454 1829 480; x_wconf 79' lang='grc' dir='ltr'>κακὸν</span> 
     </span>
    </p>
   </div>
   <div class='ocr_carea' id='block_1_26' title="bbox 1059 499 1829 536">
    <p class='ocr_par' dir='ltr' id='par_1_26' title="bbox 1059 499 1829 536">
     <span class='ocr_line' id='line_1_26' title="bbox 1059 499 1829 536; baseline 0 -10"><span class='ocrx_word' id='word_1_163' title='bbox 1059 500 1102 526; x_wconf 86' lang='grc' dir='ltr'><strong>διὰ</strong></span> <span class='ocrx_word' id='word_1_164' title='bbox 1134 500 1228 535; x_wconf 79' lang='grc' dir='ltr'>μίσους</span> <span class='ocrx_word' id='word_1_165' title='bbox 1254 500 1345 532; x_wconf 83' lang='grc' dir='ltr'>αὐτοῖς</span> <span class='ocrx_word' id='word_1_166' title='bbox 1362 500 1482 527; x_wconf 75' lang='grc' dir='ltr'>ἑκούσιον</span> <span class='ocrx_word' id='word_1_167' title='bbox 1498 501 1744 536; x_wconf 80' lang='grc' dir='ltr'>δημιουργήσαντες</span> <span class='ocrx_word' id='word_1_168' title='bbox 1766 499 1829 527; x_wconf 86' lang='grc' dir='ltr'>σκώ-</span> 
     </span>
    </p>
   </div>
   <div class='ocr_carea' id='block_1_27' title="bbox 1059 547 1829 582">
    <p class='ocr_par' dir='ltr' id='par_1_27' title="bbox 1059 547 1829 582">
     <span class='ocr_line' id='line_1_27' title="bbox 1059 547 1829 582; baseline 0.001 -10"><span class='ocrx_word' id='word_1_169' title='bbox 1059 547 1139 582; x_wconf 83' lang='grc' dir='ltr'>ληκα,</span> <span class='ocrx_word' id='word_1_170' title='bbox 1152 547 1198 574; x_wconf 73' lang='grc' dir='ltr'><strong>καὶ</strong></span> <span class='ocrx_word' id='word_1_171' title='bbox 1212 547 1395 582; x_wconf 76' lang='grc' dir='ltr'>πονηροτέραν</span> <span class='ocrx_word' id='word_1_172' title='bbox 1413 547 1586 582; x_wconf 74' lang='grc' dir='ltr'>σκαμεότητα</span> <span class='ocrx_word' id='word_1_173' title='bbox 1601 547 1644 574; x_wconf 87' lang='grc' dir='ltr'><strong>διὰ</strong></span> <span class='ocrx_word' id='word_1_174' title='bbox 1657 547 1765 582; x_wconf 74' lang='grc' dir='ltr'>ψεύδους</span> <span class='ocrx_word' id='word_1_175' title='bbox 1773 547 1829 582; x_wconf 76' lang='grc' dir='ltr'><strong>ὀρύ-</strong></span> 
     </span>
    </p>
   </div>
   <div class='ocr_carea' id='block_1_28' title="bbox 1060 592 1825 628">
    <p class='ocr_par' dir='ltr' id='par_1_28' title="bbox 1060 592 1825 628">
     <span class='ocr_line' id='line_1_28' title="bbox 1060 592 1825 628; baseline 0 -10"><span class='ocrx_word' id='word_1_176' title='bbox 1060 592 1164 626; x_wconf 82' lang='grc' dir='ltr'>ξαντες,</span> <span class='ocrx_word' id='word_1_177' title='bbox 1182 592 1214 618; x_wconf 76' lang='grc' dir='ltr'>δι’</span> <span class='ocrx_word' id='word_1_178' title='bbox 1230 592 1263 628; x_wconf 82' lang='grc' dir='ltr'>ἢν</span> <span class='ocrx_word' id='word_1_179' title='bbox 1279 592 1317 627; x_wconf 84' lang='grc' dir='ltr'>τῷ</span> <span class='ocrx_word' id='word_1_180' title='bbox 1341 592 1400 627; x_wconf 84' lang='grc' dir='ltr'><strong>Θεῴ</strong></span> <span class='ocrx_word' id='word_1_181' title='bbox 1417 593 1455 628; x_wconf 82' lang='grc' dir='ltr'>τῷ</span> <span class='ocrx_word' id='word_1_182' title='bbox 1474 592 1548 619; x_wconf 70' lang='grc' dir='ltr'>εὐθεῖ</span> <span class='ocrx_word' id='word_1_183' title='bbox 1563 593 1609 619; x_wconf 76' lang='grc' dir='ltr'><strong>καὶ</strong></span> <span class='ocrx_word' id='word_1_184' title='bbox 1625 592 1697 628; x_wconf 83' lang='grc' dir='ltr'>ὀρθῷ</span> <span class='ocrx_word' id='word_1_185' title='bbox 1711 593 1757 628; x_wconf 74' lang='grc' dir='ltr'><strong>οὐχ</strong></span> <span class='ocrx_word' id='word_1_186' title='bbox 1767 592 1825 627; x_wconf 53' lang='lat' dir='ltr'><strong>me.</strong></span> 
     </span>
    </p>
   </div>
   <div class='ocr_carea' id='block_1_29' title="bbox 1060 635 1826 673">
    <p class='ocr_par' dir='ltr' id='par_1_29' title="bbox 1060 635 1826 673">
     <span class='ocr_line' id='line_1_29' title="bbox 1060 635 1826 673; baseline -0.001 -9"><span class='ocrx_word' id='word_1_187' title='bbox 1060 638 1155 673; x_wconf 87' lang='grc' dir='ltr'>θημεν.</span> <span class='ocrx_word' id='word_1_188' title='bbox 1172 638 1257 669; x_wconf 78' lang='grc' dir='ltr'>Αὐτὸς</span> <span class='ocrx_word' id='word_1_189' title='bbox 1272 638 1326 672; x_wconf 79' lang='grc' dir='ltr'><strong>γὰρ</strong></span> <span class='ocrx_word' id='word_1_190' title='bbox 1341 635 1400 664; x_wconf 71' lang='grc' dir='ltr'>εἶπε</span> <span class='ocrx_word' id='word_1_191' title='bbox 1415 638 1511 665; x_wconf 77' lang='grc' dir='ltr'><strong>6ιάτοῦ</strong></span> <span class='ocrx_word' id='word_1_192' title='bbox 1524 638 1601 671; x_wconf 86' lang='grc' dir='ltr'>ἁγίου</span> <span class='ocrx_word' id='word_1_193' title='bbox 1617 637 1697 664; x_wconf 79' lang='grc' dir='ltr'>Δασὶδ</span> <span class='ocrx_word' id='word_1_194' title='bbox 1713 637 1756 664; x_wconf 75' lang='grc' dir='ltr'>τοῦ</span> <span class='ocrx_word' id='word_1_195' title='bbox 1771 645 1826 672; x_wconf 73' lang='grc' dir='ltr'>προ-</span> 
     </span>
    </p>
   </div>
   <div class='ocr_carea' id='block_1_30' title="bbox 1060 681 1830 718">
    <p class='ocr_par' dir='ltr' id='par_1_30' title="bbox 1060 681 1830 718">
     <span class='ocr_line' id='line_1_30' title="bbox 1060 681 1830 718; baseline -0.001 -9"><span class='ocrx_word' id='word_1_196' title='bbox 1060 684 1159 718; x_wconf 88' lang='grc' dir='ltr'>φήτου·</span> <span class='ocrx_word' id='word_1_197' title='bbox 1182 693 1191 708; x_wconf 78' lang='grc' dir='ltr'><strong>ι</strong></span> <span class='ocrx_word' id='word_1_198' title='bbox 1211 683 1267 709; x_wconf 85' lang='grc' dir='ltr'>Οὐκ</span> <span class='ocrx_word' id='word_1_199' title='bbox 1283 683 1414 718; x_wconf 82' lang='grc' dir='ltr'><strong>ἐκολλήθη</strong></span> <span class='ocrx_word' id='word_1_200' title='bbox 1433 692 1478 718; x_wconf 82' lang='grc' dir='ltr'><strong>μοι</strong></span> <span class='ocrx_word' id='word_1_201' title='bbox 1494 682 1590 718; x_wconf 79' lang='grc' dir='ltr'>καρδία</span> <span class='ocrx_word' id='word_1_202' title='bbox 1606 682 1724 718; x_wconf 78' lang='grc' dir='ltr'>σκαμὸή.</span> <span class='ocrx_word' id='word_1_203' title='bbox 1741 681 1830 713; x_wconf 74' lang='grc' dir='ltr'>»Ἂξια</span> 
     </span>
    </p>
   </div>
   <div class='ocr_carea' id='block_1_31' title="bbox 1058 725 1830 764">
    <p class='ocr_par' dir='ltr' id='par_1_31' title="bbox 1058 725 1830 764">
     <span class='ocr_line' id='line_1_31' title="bbox 1058 725 1830 764; baseline -0.001 -10"><span class='ocrx_word' id='word_1_204' title='bbox 1058 728 1200 764; x_wconf 76' lang='grc' dir='ltr'>τοιγαροῦν</span> <span class='ocrx_word' id='word_1_205' title='bbox 1213 725 1250 755; x_wconf 83' lang='grc' dir='ltr'>ὧν</span> <span class='ocrx_word' id='word_1_206' title='bbox 1269 728 1426 764; x_wconf 73' lang='grc' dir='ltr'>ἐπράξαμεν</span> <span class='ocrx_word' id='word_1_207' title='bbox 1445 727 1686 763; x_wconf 75' lang='grc' dir='ltr'>ἀπολαμϐάνομεν·</span> <span class='ocrx_word' id='word_1_208' title='bbox 1707 727 1830 764; x_wconf 74' lang='grc' dir='ltr'>μᾶλλονδὲ</span> 
     </span>
    </p>
   </div>
   <div class='ocr_carea' id='block_1_32' title="bbox 1060 772 1830 810">
    <p class='ocr_par' dir='ltr' id='par_1_32' title="bbox 1060 772 1830 810">
     <span class='ocr_line' id='line_1_32' title="bbox 1060 772 1830 810; baseline -0.004 -9"><span class='ocrx_word' id='word_1_209' title='bbox 1060 776 1107 810; x_wconf 80' lang='grc' dir='ltr'>τῆς</span> <span class='ocrx_word' id='word_1_210' title='bbox 1121 775 1222 806; x_wconf 81' lang='grc' dir='ltr'>οἰκείας</span> <span class='ocrx_word' id='word_1_211' title='bbox 1233 775 1303 802; x_wconf 75' lang='grc' dir='ltr'>κατὰ</span> <span class='ocrx_word' id='word_1_212' title='bbox 1312 775 1438 810; x_wconf 79' lang='grc' dir='ltr'><strong>πρόθεσιν</strong></span> <span class='ocrx_word' id='word_1_213' title='bbox 1452 774 1595 805; x_wconf 78' lang='grc' dir='ltr'><strong>διαθέσεως</strong></span> <span class='ocrx_word' id='word_1_214' title='bbox 1602 773 1664 806; x_wconf 79' lang='grc' dir='ltr'>ἀξια</span> <span class='ocrx_word' id='word_1_215' title='bbox 1678 772 1830 808; x_wconf 79' lang='grc' dir='ltr'>κομιζόμεθα</span> 
     </span>
    </p>
   </div>
   <div class='ocr_carea' id='block_1_33' title="bbox 1059 819 1830 856">
    <p class='ocr_par' dir='ltr' id='par_1_33' title="bbox 1059 819 1830 856">
     <span class='ocr_line' id='line_1_33' title="bbox 1059 819 1830 856; baseline -0.004 -10"><span class='ocrx_word' id='word_1_216' title='bbox 1059 820 1093 846; x_wconf 78' lang='grc' dir='ltr'><strong>τὰ</strong></span> <span class='ocrx_word' id='word_1_217' title='bbox 1109 820 1234 856; x_wconf 76' lang='grc' dir='ltr'><strong>ἐπίχειρα</strong></span> <span class='ocrx_word' id='word_1_218' title='bbox 1246 829 1252 834; x_wconf 92' lang='grc'><strong>·</strong></span> <span class='ocrx_word' id='word_1_219' title='bbox 1266 821 1351 855; x_wconf 78' lang='grc' dir='ltr'>πυρὸς</span> <span class='ocrx_word' id='word_1_220' title='bbox 1365 820 1460 856; x_wconf 77' lang='grc' dir='ltr'>ἡδονῆς</span> <span class='ocrx_word' id='word_1_221' title='bbox 1473 819 1528 855; x_wconf 77' lang='grc' dir='ltr'><strong>πῦρ</strong></span> <span class='ocrx_word' id='word_1_222' title='bbox 1535 820 1658 855; x_wconf 81' lang='grc' dir='ltr'>γεέννης,</span> <span class='ocrx_word' id='word_1_223' title='bbox 1671 819 1717 846; x_wconf 76' lang='grc' dir='ltr'>καὶ</span> <span class='ocrx_word' id='word_1_224' title='bbox 1733 819 1830 849; x_wconf 84' lang='grc' dir='ltr'>σκότους</span> 
     </span>
    </p>
   </div>
   <div class='ocr_carea' id='block_1_34' title="bbox 229 862 1006 902">
    <p class='ocr_par' dir='ltr' id='par_1_34' title="bbox 229 862 1006 898">
     <span class='ocr_line' id='line_1_34' title="bbox 229 862 1006 898; baseline -0.001 -9"><span class='ocrx_word' id='word_1_225' title='bbox 229 869 278 896; x_wconf 85' lang='lat' dir='ltr'><strong>pro</strong></span> <span class='ocrx_word' id='word_1_226' title='bbox 294 862 412 890; x_wconf 87' lang='lat' dir='ltr'><strong>tenebris</strong></span> <span class='ocrx_word' id='word_1_227' title='bbox 438 863 598 898; x_wconf 73' lang='lat' dir='ltr'><strong>ignorantia:</strong></span> <span class='ocrx_word' id='word_1_228' title='bbox 620 867 647 890; x_wconf 87' lang='lat' dir='ltr'><strong>et</strong></span> <span class='ocrx_word' id='word_1_229' title='bbox 678 863 791 889; x_wconf 59' lang='lat' dir='ltr'><strong>fallacias</strong></span> <span class='ocrx_word' id='word_1_230' title='bbox 817 866 1006 896; x_wconf 74' lang='lat' dir='ltr'><strong>temporaneze,</strong></span> 
     </span>
    </p>
   </div>
   <div class='ocr_carea' id='block_1_35' title="bbox 1058 862 1830 902">
    <p class='ocr_par' dir='ltr' id='par_1_35' title="bbox 1058 865 1830 902">
     <span class='ocr_line' id='line_1_35' title="bbox 1058 865 1830 902; baseline -0.004 -10"><span class='ocrx_word' id='word_1_231' title='bbox 1058 866 1168 900; x_wconf 79' lang='grc' dir='ltr'>ἀγνοίας</span> <span class='ocrx_word' id='word_1_232' title='bbox 1185 866 1231 893; x_wconf 76' lang='grc' dir='ltr'>καὶ</span> <span class='ocrx_word' id='word_1_233' title='bbox 1248 867 1354 901; x_wconf 79' lang='grc' dir='ltr'><strong>ἀπάτης</strong></span> <span class='ocrx_word' id='word_1_234' title='bbox 1374 865 1540 902; x_wconf 75' lang='grc' dir='ltr'>προσκαίρου</span> <span class='ocrx_word' id='word_1_235' title='bbox 1559 865 1653 897; x_wconf 79' lang='grc' dir='ltr'><strong>σκότος</strong></span> <span class='ocrx_word' id='word_1_236' title='bbox 1674 865 1777 892; x_wconf 73' lang='grc' dir='ltr'>αἰώνιον</span> <span class='ocrx_word' id='word_1_237' title='bbox 1790 865 1830 890; x_wconf 75' lang='grc' dir='ltr'>καὶ</span> 
     </span>
    </p>
   </div>
   <div class='ocr_carea' id='block_1_36' title="bbox 228 907 1006 943">
    <p class='ocr_par' dir='ltr' id='par_1_36' title="bbox 228 907 1006 943">
     <span class='ocr_line' id='line_1_36' title="bbox 228 907 1006 943; baseline -0.001 -8"><span class='ocrx_word' id='word_1_238' title='bbox 228 907 354 941; x_wconf 83' lang='lat' dir='ltr'><strong>tenebras</strong></span> <span class='ocrx_word' id='word_1_239' title='bbox 365 912 490 941; x_wconf 69' lang='lat' dir='ltr'><strong>aeternas,</strong></span> <span class='ocrx_word' id='word_1_240' title='bbox 504 913 531 936; x_wconf 89' lang='lat' dir='ltr'><strong>et</strong></span> <span class='ocrx_word' id='word_1_241' title='bbox 547 916 665 936; x_wconf 91' lang='lat' dir='ltr'><strong>vermem</strong></span> <span class='ocrx_word' id='word_1_242' title='bbox 678 909 792 935; x_wconf 84' lang='lat' dir='ltr'><strong>ultorem</strong></span> <span class='ocrx_word' id='word_1_243' title='bbox 809 909 855 943; x_wconf 93' lang='lat' dir='ltr'><strong>qui</strong></span> <span class='ocrx_word' id='word_1_244' title='bbox 868 915 1006 943; x_wconf 90' lang='lat' dir='ltr'><strong>nunquam</strong></span> 
     </span>
    </p>
   </div>
   <div class='ocr_carea' id='block_1_37' title="bbox 228 953 1009 989">
    <p class='ocr_par' dir='ltr' id='par_1_37' title="bbox 228 953 1009 989">
     <span class='ocr_line' id='line_1_37' title="bbox 228 953 1009 989; baseline 0 -9"><span class='ocrx_word' id='word_1_245' title='bbox 228 953 361 987; x_wconf 89' lang='lat' dir='ltr'><strong>moritur;</strong></span> <span class='ocrx_word' id='word_1_246' title='bbox 379 961 428 989; x_wconf 89' lang='lat' dir='ltr'><strong>pro</strong></span> <span class='ocrx_word' id='word_1_247' title='bbox 440 961 532 981; x_wconf 84' lang='lat' dir='ltr'><strong>verme</strong></span> <span class='ocrx_word' id='word_1_248' title='bbox 549 954 595 981; x_wconf 92' lang='lat' dir='ltr'><strong>illo</strong></span> <span class='ocrx_word' id='word_1_249' title='bbox 611 955 656 989; x_wconf 91' lang='lat' dir='ltr'><strong>qui</strong></span> <span class='ocrx_word' id='word_1_250' title='bbox 674 962 721 989; x_wconf 91' lang='lat' dir='ltr'><strong>per</strong></span> <span class='ocrx_word' id='word_1_251' title='bbox 738 954 830 981; x_wconf 87' lang='lat' dir='ltr'><strong>odium</strong></span> <span class='ocrx_word' id='word_1_252' title='bbox 853 957 881 980; x_wconf 87' lang='lat' dir='ltr'><strong>et</strong></span> <span class='ocrx_word' id='word_1_253' title='bbox 898 954 1009 981; x_wconf 90' lang='lat' dir='ltr'><strong>menda-</strong></span> 
     </span>
    </p>
   </div>
   <div class='ocr_carea' id='block_1_38' title="bbox 227 1000 1008 1036">
    <p class='ocr_par' dir='ltr' id='par_1_38' title="bbox 227 1000 1008 1036">
     <span class='ocr_line' id='line_1_38' title="bbox 227 1000 1008 1036; baseline 0.001 -10"><span class='ocrx_word' id='word_1_254' title='bbox 227 1000 310 1032; x_wconf 87' lang='lat' dir='ltr'><strong>cium,</strong></span> <span class='ocrx_word' id='word_1_255' title='bbox 331 1007 380 1028; x_wconf 84' lang='lat' dir='ltr'><strong>cor</strong></span> <span class='ocrx_word' id='word_1_256' title='bbox 395 1000 534 1036; x_wconf 88' lang='lat' dir='ltr'><strong>obliquum</strong></span> <span class='ocrx_word' id='word_1_257' title='bbox 551 1005 578 1028; x_wconf 89' lang='lat' dir='ltr'><strong>et</strong></span> <span class='ocrx_word' id='word_1_258' title='bbox 597 1005 748 1028; x_wconf 81' lang='lat' dir='ltr'><strong>tortuosum</strong></span> <span class='ocrx_word' id='word_1_259' title='bbox 764 1000 889 1032; x_wconf 84' lang='lat' dir='ltr'><strong>reddidit,</strong></span> <span class='ocrx_word' id='word_1_260' title='bbox 911 1004 938 1027; x_wconf 87' lang='lat' dir='ltr'><strong>et</strong></span> <span class='ocrx_word' id='word_1_261' title='bbox 959 1007 1008 1034; x_wconf 93' lang='lat' dir='ltr'><strong>pro</strong></span> 
     </span>
    </p>
   </div>
   <div class='ocr_carea' id='block_1_39' title="bbox 227 1045 1007 1081">
    <p class='ocr_par' dir='ltr' id='par_1_39' title="bbox 227 1045 1007 1081">
     <span class='ocr_line' id='line_1_39' title="bbox 227 1045 1007 1081; baseline 0 -10"><span class='ocrx_word' id='word_1_262' title='bbox 227 1052 358 1080; x_wconf 73' lang='lat' dir='ltr'><strong>genarum</strong></span> <span class='ocrx_word' id='word_1_263' title='bbox 379 1045 481 1073; x_wconf 86' lang='lat' dir='ltr'><strong>lascivo</strong></span> <span class='ocrx_word' id='word_1_264' title='bbox 500 1046 632 1081; x_wconf 79' lang='lat' dir='ltr'><strong>strepitu,‘</strong></span> <span class='ocrx_word' id='word_1_265' title='bbox 647 1046 754 1073; x_wconf 87' lang='lat' dir='ltr'><strong>ardoris</strong></span> <span class='ocrx_word' id='word_1_266' title='bbox 772 1045 846 1072; x_wconf 89' lang='lat' dir='ltr'><strong>illius</strong></span> <span class='ocrx_word' id='word_1_267' title='bbox 865 1046 1007 1080; x_wconf 88' lang='lat' dir='ltr'><strong>strepitum</strong></span> 
     </span>
    </p>
   </div>
   <div class='ocr_carea' id='block_1_40' title="bbox 227 1091 1008 1128">
    <p class='ocr_par' dir='ltr' id='par_1_40' title="bbox 227 1091 1008 1128">
     <span class='ocr_line' id='line_1_40' title="bbox 227 1091 1008 1128; baseline 0.003 -11"><span class='ocrx_word' id='word_1_268' title='bbox 227 1091 426 1127; x_wconf 74' lang='lat' dir='ltr'><strong>stridoremque</strong></span> <span class='ocrx_word' id='word_1_269' title='bbox 442 1092 564 1120; x_wconf 83' lang='lat' dir='ltr'><strong>dentium</strong></span> <span class='ocrx_word' id='word_1_270' title='bbox 579 1103 585 1119; x_wconf 95' lang='lat'>:</span> <span class='ocrx_word' id='word_1_271' title='bbox 603 1100 652 1128; x_wconf 87' lang='lat' dir='ltr'><strong>pro</strong></span> <span class='ocrx_word' id='word_1_272' title='bbox 667 1092 784 1120; x_wconf 87' lang='lat' dir='ltr'><strong>elatione</strong></span> <span class='ocrx_word' id='word_1_273' title='bbox 802 1092 890 1119; x_wconf 85' lang='lat' dir='ltr'><strong>inanis</strong></span> <span class='ocrx_word' id='word_1_274' title='bbox 913 1099 1008 1126; x_wconf 88' lang='lat' dir='ltr'><strong>super—</strong></span> 
     </span>
    </p>
   </div>
   <div class='ocr_carea' id='block_1_41' title="bbox 226 1135 1007 1176">
    <p class='ocr_par' dir='ltr' id='par_1_41' title="bbox 226 1135 1007 1176">
     <span class='ocr_line' id='line_1_41' title="bbox 226 1135 1007 1176; baseline 0.003 -14"><span class='ocrx_word' id='word_1_275' title='bbox 226 1135 286 1176; x_wconf 70' lang='lat' dir='ltr'><strong>biae,</strong></span> <span class='ocrx_word' id='word_1_276' title='bbox 304 1140 331 1163; x_wconf 91' lang='lat' dir='ltr'><strong>et</strong></span> <span class='ocrx_word' id='word_1_277' title='bbox 347 1143 396 1172; x_wconf 87' lang='lat' dir='ltr'><strong>pro</strong></span> <span class='ocrx_word' id='word_1_278' title='bbox 410 1136 543 1165; x_wconf 74' lang='lat' dir='ltr'><strong>effusione</strong></span> <span class='ocrx_word' id='word_1_279' title='bbox 553 1137 608 1170; x_wconf 89' lang='lat' dir='ltr'><strong>illa,</strong></span> <span class='ocrx_word' id='word_1_280' title='bbox 622 1137 833 1172; x_wconf 89' lang='lat' dir='ltr'><strong>absorptionem,</strong></span> <span class='ocrx_word' id='word_1_281' title='bbox 847 1137 1007 1165; x_wconf 85' lang='lat' dir='ltr'><strong>immensam</strong></span> 
     </span>
    </p>
   </div>
   <div class='ocr_carea' id='block_1_42' title="bbox 225 1181 1008 1221">
    <p class='ocr_par' dir='ltr' id='par_1_42' title="bbox 225 1181 1008 1221">
     <span class='ocr_line' id='line_1_42' title="bbox 225 1181 1008 1221; baseline 0.004 -14"><span class='ocrx_word' id='word_1_282' title='bbox 225 1181 383 1221; x_wconf 73' lang='lat' dir='ltr'><strong>voraginem</strong></span> <span class='ocrx_word' id='word_1_283' title='bbox 398 1186 425 1210; x_wconf 89' lang='lat' dir='ltr'><strong>et</strong></span> <span class='ocrx_word' id='word_1_284' title='bbox 437 1183 489 1210; x_wconf 93' lang='lat' dir='ltr'><strong>loci</strong></span> <span class='ocrx_word' id='word_1_285' title='bbox 505 1184 654 1218; x_wconf 82' lang='lat' dir='ltr'><strong>angustias.</strong></span> <span class='ocrx_word' id='word_1_286' title='bbox 669 1183 798 1218; x_wconf 85' lang='lat' dir='ltr'><strong>Denique,</strong></span> <span class='ocrx_word' id='word_1_287' title='bbox 812 1187 841 1210; x_wconf 94' lang='lat' dir='ltr'><strong>ut</strong></span> <span class='ocrx_word' id='word_1_288' title='bbox 857 1190 911 1210; x_wconf 94' lang='lat' dir='ltr'><strong>uno</strong></span> <span class='ocrx_word' id='word_1_289' title='bbox 925 1183 1008 1210; x_wconf 80' lang='lat' dir='ltr'><strong>verbo</strong></span> 
     </span>
    </p>
   </div>
   <div class='ocr_carea' id='block_1_43' title="bbox 225 1226 1008 1264">
    <p class='ocr_par' dir='ltr' id='par_1_43' title="bbox 225 1226 1008 1264">
     <span class='ocr_line' id='line_1_43' title="bbox 225 1226 1008 1264; baseline 0.001 -11"><span class='ocrx_word' id='word_1_290' title='bbox 225 1226 325 1259; x_wconf 88' lang='lat' dir='ltr'><strong>dicam,</strong></span> <span class='ocrx_word' id='word_1_291' title='bbox 336 1235 385 1262; x_wconf 91' lang='lat' dir='ltr'><strong>pro</strong></span> <span class='ocrx_word' id='word_1_292' title='bbox 393 1227 508 1264; x_wconf 75' lang='lat' dir='ltr'><strong>singulis</strong></span> <span class='ocrx_word' id='word_1_293' title='bbox 519 1232 614 1263; x_wconf 89' lang='lat' dir='ltr'><strong>sponte</strong></span> <span class='ocrx_word' id='word_1_294' title='bbox 623 1228 750 1255; x_wconf 87' lang='lat' dir='ltr'><strong>admissis</strong></span> <span class='ocrx_word' id='word_1_295' title='bbox 762 1228 1008 1263; x_wconf 82' lang='lat' dir='ltr'><strong>malis,congruum</strong></span> 
     </span>
    </p>
   </div>
   <div class='ocr_carea' id='block_1_44' title="bbox 225 1267 795 1308">
    <p class='ocr_par' dir='ltr' id='par_1_44' title="bbox 225 1267 795 1308">
     <span class='ocr_line' id='line_1_44' title="bbox 225 1267 795 1308; baseline 0.002 -9"><span class='ocrx_word' id='word_1_296' title='bbox 225 1271 288 1299; x_wconf 87' lang='lat' dir='ltr'><strong>licet</strong></span> <span class='ocrx_word' id='word_1_297' title='bbox 299 1267 381 1300; x_wconf 86' lang='lat' dir='ltr'><strong>invite</strong></span> <span class='ocrx_word' id='word_1_298' title='bbox 394 1274 557 1308; x_wconf 77' lang='lat' dir='ltr'><strong>Supplicium</strong></span> <span class='ocrx_word' id='word_1_299' title='bbox 570 1274 668 1301; x_wconf 88' lang='lat' dir='ltr'><strong>merito</strong></span> <span class='ocrx_word' id='word_1_300' title='bbox 684 1274 795 1300; x_wconf 87' lang='lat' dir='ltr'><strong>luimus.</strong></span> 
     </span>
    </p>
   </div>
   <div class='ocr_carea' id='block_1_45' title="bbox 260 1316 1009 1354">
    <p class='ocr_par' dir='ltr' id='par_1_45' title="bbox 260 1316 1009 1354">
     <span class='ocr_line' id='line_1_45' title="bbox 260 1316 1009 1354; baseline 0.003 -10"><span class='ocrx_word' id='word_1_301' title='bbox 260 1317 285 1353; x_wconf 71' lang='lat'><strong>5.</strong></span> <span class='ocrx_word' id='word_1_302' title='bbox 302 1316 324 1344; x_wconf 92' lang='grc'>0</span> <span class='ocrx_word' id='word_1_303' title='bbox 340 1317 476 1352; x_wconf 84' lang='lat' dir='ltr'><strong>miseriam</strong></span> <span class='ocrx_word' id='word_1_304' title='bbox 489 1319 626 1346; x_wconf 89' lang='lat' dir='ltr'><strong>nostraml</strong></span> <span class='ocrx_word' id='word_1_305' title='bbox 642 1319 692 1346; x_wconf 91' lang='lat' dir='ltr'><strong>heu</strong></span> <span class='ocrx_word' id='word_1_306' title='bbox 709 1319 802 1346; x_wconf 89' lang='lat' dir='ltr'><strong>miseri</strong></span> <span class='ocrx_word' id='word_1_307' title='bbox 818 1326 877 1351; x_wconf 88' lang='lat' dir='ltr'><strong>nos,</strong></span> <span class='ocrx_word' id='word_1_308' title='bbox 892 1319 937 1354; x_wconf 89' lang='lat' dir='ltr'><strong>qui</strong></span> <span class='ocrx_word' id='word_1_309' title='bbox 947 1327 1009 1346; x_wconf 88' lang='lat' dir='ltr'><strong>car-</strong></span> 
     </span>
    </p>
   </div>
   <div class='ocr_carea' id='block_1_46' title="bbox 224 1362 1008 1399">
    <p class='ocr_par' dir='ltr' id='par_1_46' title="bbox 224 1362 1008 1399">
     <span class='ocr_line' id='line_1_46' title="bbox 224 1362 1008 1399; baseline 0.003 -10"><span class='ocrx_word' id='word_1_310' title='bbox 224 1362 268 1389; x_wconf 79' lang='lat' dir='ltr'><strong>nis</strong></span> <span class='ocrx_word' id='word_1_311' title='bbox 291 1362 381 1398; x_wconf 78' lang='lat' dir='ltr'><strong>ignem</strong></span> <span class='ocrx_word' id='word_1_312' title='bbox 401 1371 455 1391; x_wconf 94' lang='lat' dir='ltr'><strong>non</strong></span> <span class='ocrx_word' id='word_1_313' title='bbox 474 1364 673 1399; x_wconf 76' lang='lat' dir='ltr'><strong>exstinguimus</strong></span> <span class='ocrx_word' id='word_1_314' title='bbox 688 1364 801 1398; x_wconf 85' lang='lat' dir='ltr'><strong>jejunio,</strong></span> <span class='ocrx_word' id='word_1_315' title='bbox 813 1365 919 1399; x_wconf 81' lang='lat' dir='ltr'><strong>vigiliis,</strong></span> <span class='ocrx_word' id='word_1_316' title='bbox 939 1364 1008 1391; x_wconf 91' lang='lat' dir='ltr'><strong>divi-</strong></span> 
     </span>
    </p>
   </div>
   <div class='ocr_carea' id='block_1_47' title="bbox 224 1409 1008 1446">
    <p class='ocr_par' dir='ltr' id='par_1_47' title="bbox 224 1409 1008 1446">
     <span class='ocr_line' id='line_1_47' title="bbox 224 1409 1008 1446; baseline 0.004 -11"><span class='ocrx_word' id='word_1_317' title='bbox 224 1415 321 1435; x_wconf 88' lang='lat' dir='ltr'><strong>norum</strong></span> <span class='ocrx_word' id='word_1_318' title='bbox 341 1409 511 1444; x_wconf 88' lang='lat' dir='ltr'><strong>eloquiorum</strong></span> <span class='ocrx_word' id='word_1_319' title='bbox 533 1410 709 1438; x_wconf 86' lang='lat' dir='ltr'><strong>meditatione</strong></span> <span class='ocrx_word' id='word_1_320' title='bbox 729 1420 735 1436; x_wconf 90' lang='lat'>:</span> <span class='ocrx_word' id='word_1_321' title='bbox 759 1411 858 1445; x_wconf 88' lang='lat' dir='ltr'><strong>quibus</strong></span> <span class='ocrx_word' id='word_1_322' title='bbox 883 1411 966 1446; x_wconf 85' lang='lat' dir='ltr'><strong>probe</strong></span> <span class='ocrx_word' id='word_1_323' title='bbox 981 1415 1008 1438; x_wconf 83' lang='lat' dir='ltr'><strong>et</strong></span> 
     </span>
    </p>
   </div>
   <div class='ocr_carea' id='block_1_48' title="bbox 225 1453 1008 1492">
    <p class='ocr_par' dir='ltr' id='par_1_48' title="bbox 225 1453 1008 1492">
     <span class='ocr_line' id='line_1_48' title="bbox 225 1453 1008 1492; baseline 0.003 -11"><span class='ocrx_word' id='word_1_324' title='bbox 225 1453 353 1483; x_wconf 85' lang='lat' dir='ltr'><strong>facillime</strong></span> <span class='ocrx_word' id='word_1_325' title='bbox 368 1456 547 1491; x_wconf 77' lang='lat' dir='ltr'><strong>restinguitur</strong></span> <span class='ocrx_word' id='word_1_326' title='bbox 562 1456 642 1491; x_wconf 87' lang='lat' dir='ltr'><strong>ignis,</strong></span> <span class='ocrx_word' id='word_1_327' title='bbox 658 1460 687 1483; x_wconf 93' lang='lat' dir='ltr'><strong>ut</strong></span> <span class='ocrx_word' id='word_1_328' title='bbox 700 1464 734 1483; x_wconf 90' lang='lat' dir='ltr'><strong>ne</strong></span> <span class='ocrx_word' id='word_1_329' title='bbox 749 1456 800 1483; x_wconf 89' lang='lat' dir='ltr'><strong>hoc</strong></span> <span class='ocrx_word' id='word_1_330' title='bbox 814 1457 869 1491; x_wconf 88' lang='lat' dir='ltr'><strong>jam</strong></span> <span class='ocrx_word' id='word_1_331' title='bbox 881 1457 943 1492; x_wconf 84' lang='lat' dir='ltr'><strong>igne</strong></span> <span class='ocrx_word' id='word_1_332' title='bbox 955 1460 1008 1484; x_wconf 87' lang='lat' dir='ltr'><strong>tor-</strong></span> 
     </span>
    </p>
   </div>
   <div class='ocr_carea' id='block_1_49' title="bbox 224 1501 1004 1537">
    <p class='ocr_par' dir='ltr' id='par_1_49' title="bbox 224 1501 1004 1537">
     <span class='ocr_line' id='line_1_49' title="bbox 224 1501 1004 1537; baseline 0.003 -9"><span class='ocrx_word' id='word_1_333' title='bbox 224 1508 357 1529; x_wconf 85' lang='lat' dir='ltr'><strong>reremus.</strong></span> <span class='ocrx_word' id='word_1_334' title='bbox 370 1501 440 1535; x_wconf 85' lang='lat' dir='ltr'><strong>Quid</strong></span> <span class='ocrx_word' id='word_1_335' title='bbox 450 1502 522 1537; x_wconf 90' lang='lat' dir='ltr'><strong>quod</strong></span> <span class='ocrx_word' id='word_1_336' title='bbox 534 1510 588 1530; x_wconf 89' lang='lat' dir='ltr'><strong>non</strong></span> <span class='ocrx_word' id='word_1_337' title='bbox 603 1503 773 1530; x_wconf 83' lang='lat' dir='ltr'><strong>assucvimus</strong></span> <span class='ocrx_word' id='word_1_338' title='bbox 786 1503 886 1536; x_wconf 88' lang='lat' dir='ltr'><strong>videre,</strong></span> <span class='ocrx_word' id='word_1_339' title='bbox 901 1503 1004 1536; x_wconf 79' lang='lat' dir='ltr'><strong>audire,</strong></span> 
     </span>
    </p>
   </div>
   <div class='ocr_carea' id='block_1_50' title="bbox 1059 907 1829 948">
    <p class='ocr_par' dir='ltr' id='par_1_50' title="bbox 1059 907 1829 948">
     <span class='ocr_line' id='line_1_50' title="bbox 1059 907 1829 948; baseline -0.005 -10"><span class='ocrx_word' id='word_1_340' title='bbox 1059 912 1185 948; x_wconf 79' lang='grc' dir='ltr'><strong>σκώληκα</strong></span> <span class='ocrx_word' id='word_1_341' title='bbox 1195 912 1352 939; x_wconf 85' lang='grc' dir='ltr'>κολαστικόν</span> <span class='ocrx_word' id='word_1_342' title='bbox 1365 921 1395 938; x_wconf 91' lang='grc' dir='ltr'><strong>τε</strong></span> <span class='ocrx_word' id='word_1_343' title='bbox 1405 911 1452 939; x_wconf 79' lang='grc' dir='ltr'>καὶ</span> <span class='ocrx_word' id='word_1_344' title='bbox 1460 912 1607 947; x_wconf 80' lang='grc' dir='ltr'>ἀκοίμητον</span> <span class='ocrx_word' id='word_1_345' title='bbox 1617 920 1624 926; x_wconf 82' lang='lat'><em>‘</em></span> <span class='ocrx_word' id='word_1_346' title='bbox 1642 910 1776 946; x_wconf 81' lang='grc' dir='ltr'>σκώληκος</span> <span class='ocrx_word' id='word_1_347' title='bbox 1789 907 1829 935; x_wconf 75' lang='grc' dir='ltr'>τοῦ</span> 
     </span>
    </p>
   </div>
   <div class='ocr_carea' id='block_1_51' title="bbox 1057 955 1831 994">
    <p class='ocr_par' dir='ltr' id='par_1_51' title="bbox 1057 955 1831 994">
     <span class='ocr_line' id='line_1_51' title="bbox 1057 955 1831 994; baseline -0.005 -9"><span class='ocrx_word' id='word_1_348' title='bbox 1057 958 1099 985; x_wconf 81' lang='grc' dir='ltr'><strong>διὰ</strong></span> <span class='ocrx_word' id='word_1_349' title='bbox 1114 959 1208 994; x_wconf 82' lang='grc' dir='ltr'>μίσους</span> <span class='ocrx_word' id='word_1_350' title='bbox 1221 959 1268 985; x_wconf 77' lang='grc' dir='ltr'>καὶ</span> <span class='ocrx_word' id='word_1_351' title='bbox 1280 959 1393 994; x_wconf 82' lang='grc' dir='ltr'>ψεύδους</span> <span class='ocrx_word' id='word_1_352' title='bbox 1408 959 1456 994; x_wconf 86' lang='grc' dir='ltr'>τὴν</span> <span class='ocrx_word' id='word_1_353' title='bbox 1467 958 1579 993; x_wconf 80' lang='grc' dir='ltr'>καρδίαν</span> <span class='ocrx_word' id='word_1_354' title='bbox 1593 957 1784 987; x_wconf 84' lang='grc' dir='ltr'>σκολιώσαντος</span> <span class='ocrx_word' id='word_1_355' title='bbox 1791 955 1831 982; x_wconf 72' lang='grc' dir='ltr'>καὶ</span> 
     </span>
    </p>
   </div>
   <div class='ocr_carea' id='block_1_52' title="bbox 1058 999 1831 1039">
    <p class='ocr_par' dir='ltr' id='par_1_52' title="bbox 1058 999 1831 1039">
     <span class='ocr_line' id='line_1_52' title="bbox 1058 999 1831 1039; baseline -0.006 -8"><span class='ocrx_word' id='word_1_356' title='bbox 1058 1004 1282 1039; x_wconf 79' lang='grc' dir='ltr'>σκαμὸώσαντος,</span> <span class='ocrx_word' id='word_1_357' title='bbox 1293 1004 1340 1031; x_wconf 75' lang='grc' dir='ltr'>καὶ</span> <span class='ocrx_word' id='word_1_358' title='bbox 1359 1004 1461 1039; x_wconf 80' lang='grc' dir='ltr'>ψόφους</span> <span class='ocrx_word' id='word_1_359' title='bbox 1479 1003 1546 1039; x_wconf 83' lang='grc'>(87’)</span> <span class='ocrx_word' id='word_1_360' title='bbox 1562 1002 1683 1038; x_wconf 81' lang='grc' dir='ltr'>παρειῶν</span> <span class='ocrx_word' id='word_1_361' title='bbox 1702 999 1831 1034; x_wconf 84' lang='grc' dir='ltr'>ἀσελγοῦς,</span> 
     </span>
    </p>
   </div>
   <div class='ocr_carea' id='block_1_53' title="bbox 1057 1046 1832 1086">
    <p class='ocr_par' dir='ltr' id='par_1_53' title="bbox 1057 1046 1832 1086">
     <span class='ocr_line' id='line_1_53' title="bbox 1057 1046 1832 1086; baseline -0.005 -9"><span class='ocrx_word' id='word_1_362' title='bbox 1057 1049 1212 1086; x_wconf 84' lang='grc' dir='ltr'>βράσματος</span> <span class='ocrx_word' id='word_1_363' title='bbox 1233 1050 1318 1084; x_wconf 79' lang='grc' dir='ltr'>ψόφον</span> <span class='ocrx_word' id='word_1_364' title='bbox 1342 1049 1389 1076; x_wconf 76' lang='grc' dir='ltr'>καὶ</span> <span class='ocrx_word' id='word_1_365' title='bbox 1404 1049 1516 1076; x_wconf 81' lang='grc' dir='ltr'>ὀδόντων</span> <span class='ocrx_word' id='word_1_366' title='bbox 1538 1049 1678 1084; x_wconf 88' lang='grc' dir='ltr'>βρυγμόν·</span> <span class='ocrx_word' id='word_1_367' title='bbox 1697 1048 1743 1074; x_wconf 80' lang='grc' dir='ltr'>καὶ</span> <span class='ocrx_word' id='word_1_368' title='bbox 1758 1046 1832 1081; x_wconf 75' lang='grc' dir='ltr'>ὕψους</span> 
     </span>
    </p>
   </div>
   <div class='ocr_carea' id='block_1_54' title="bbox 1057 1091 1833 1130">
    <p class='ocr_par' dir='ltr' id='par_1_54' title="bbox 1057 1091 1833 1130">
     <span class='ocr_line' id='line_1_54' title="bbox 1057 1091 1833 1130; baseline -0.004 -10"><span class='ocrx_word' id='word_1_369' title='bbox 1057 1094 1243 1130; x_wconf 83' lang='grc' dir='ltr'>ὑπερηφανίας</span> <span class='ocrx_word' id='word_1_370' title='bbox 1260 1093 1376 1130; x_wconf 85' lang='grc' dir='ltr'>ματαίας</span> <span class='ocrx_word' id='word_1_371' title='bbox 1387 1094 1433 1120; x_wconf 74' lang='grc' dir='ltr'>καὶ</span> <span class='ocrx_word' id='word_1_372' title='bbox 1445 1093 1593 1128; x_wconf 81' lang='grc' dir='ltr'><strong>διαχύσεως</strong></span> <span class='ocrx_word' id='word_1_373' title='bbox 1609 1093 1689 1119; x_wconf 84' lang='grc' dir='ltr'>πόσιν</span> <span class='ocrx_word' id='word_1_374' title='bbox 1703 1092 1747 1118; x_wconf 66' lang='grc' dir='ltr'>καὶ</span> <span class='ocrx_word' id='word_1_375' title='bbox 1761 1091 1833 1126; x_wconf 82' lang='grc' dir='ltr'>βάθος</span> 
     </span>
    </p>
   </div>
   <div class='ocr_carea' id='block_1_55' title="bbox 1058 1136 1832 1176">
    <p class='ocr_par' dir='ltr' id='par_1_55' title="bbox 1058 1136 1832 1176">
     <span class='ocr_line' id='line_1_55' title="bbox 1058 1136 1832 1176; baseline -0.006 -9"><span class='ocrx_word' id='word_1_376' title='bbox 1058 1140 1156 1175; x_wconf 79' lang='grc' dir='ltr'>ἀχανὲς</span> <span class='ocrx_word' id='word_1_377' title='bbox 1166 1141 1213 1166; x_wconf 76' lang='grc' dir='ltr'>καὶ</span> <span class='ocrx_word' id='word_1_378' title='bbox 1225 1140 1369 1175; x_wconf 80' lang='grc' dir='ltr'>στενότητα</span> <span class='ocrx_word' id='word_1_379' title='bbox 1385 1140 1501 1176; x_wconf 76' lang='grc' dir='ltr'>πήξεως,</span> <span class='ocrx_word' id='word_1_380' title='bbox 1510 1138 1658 1170; x_wconf 77' lang='grc' dir='ltr'>καὶὰπλῶς</span> <span class='ocrx_word' id='word_1_381' title='bbox 1673 1139 1766 1168; x_wconf 82' lang='grc' dir='ltr'>εἰπεῖν,</span> <span class='ocrx_word' id='word_1_382' title='bbox 1775 1136 1832 1163; x_wconf 81' lang='grc' dir='ltr'>ἐκά-</span> 
     </span>
    </p>
   </div>
   <div class='ocr_carea' id='block_1_56' title="bbox 1057 1184 1834 1220">
    <p class='ocr_par' dir='ltr' id='par_1_56' title="bbox 1057 1184 1834 1220">
     <span class='ocr_line' id='line_1_56' title="bbox 1057 1184 1834 1220; baseline -0.005 -9"><span class='ocrx_word' id='word_1_383' title='bbox 1057 1193 1119 1211; x_wconf 86' lang='grc' dir='ltr'>στου</span> <span class='ocrx_word' id='word_1_384' title='bbox 1133 1185 1186 1210; x_wconf 80' lang='grc' dir='ltr'><strong>τῶν</strong></span> <span class='ocrx_word' id='word_1_385' title='bbox 1199 1185 1328 1211; x_wconf 77' lang='grc' dir='ltr'>ἑκουσίων</span> <span class='ocrx_word' id='word_1_386' title='bbox 1341 1184 1419 1220; x_wconf 75' lang='grc' dir='ltr'>ἡμῶν</span> <span class='ocrx_word' id='word_1_387' title='bbox 1438 1185 1529 1212; x_wconf 84' lang='grc' dir='ltr'>κακῶν</span> <span class='ocrx_word' id='word_1_388' title='bbox 1540 1184 1588 1220; x_wconf 73' lang='grc' dir='ltr'>τὴν</span> <span class='ocrx_word' id='word_1_389' title='bbox 1594 1184 1711 1210; x_wconf 80' lang='grc' dir='ltr'>ἑκάστου</span> <span class='ocrx_word' id='word_1_390' title='bbox 1726 1190 1834 1218; x_wconf 84' lang='grc' dir='ltr'>προσφο-</span> 
     </span>
    </p>
   </div>
   <div class='ocr_carea' id='block_1_57' title="bbox 1058 1229 1832 1267">
    <p class='ocr_par' dir='ltr' id='par_1_57' title="bbox 1058 1229 1832 1267">
     <span class='ocr_line' id='line_1_57' title="bbox 1058 1229 1832 1267; baseline -0.006 -9"><span class='ocrx_word' id='word_1_391' title='bbox 1058 1231 1107 1267; x_wconf 83' lang='grc' dir='ltr'>ρὰν</span> <span class='ocrx_word' id='word_1_392' title='bbox 1117 1231 1163 1257; x_wconf 72' lang='grc' dir='ltr'>καὶ</span> <span class='ocrx_word' id='word_1_393' title='bbox 1179 1230 1305 1257; x_wconf 81' lang='grc' dir='ltr'>ἀκούσιον</span> <span class='ocrx_word' id='word_1_394' title='bbox 1319 1230 1453 1266; x_wconf 84' lang='grc' dir='ltr'>τιμωρίαν</span> <span class='ocrx_word' id='word_1_395' title='bbox 1467 1229 1579 1262; x_wconf 78' lang='grc' dir='ltr'>δικαίως</span> <span class='ocrx_word' id='word_1_396' title='bbox 1594 1229 1832 1264; x_wconf 76' lang='grc' dir='ltr'>ἀντιλαμϐάνομεν.</span> 
     </span>
    </p>
   </div>
   <div class='ocr_carea' id='block_1_58' title="bbox 1091 1318 1830 1354">
    <p class='ocr_par' dir='ltr' id='par_1_58' title="bbox 1091 1318 1830 1354">
     <span class='ocr_line' id='line_1_58' title="bbox 1091 1318 1830 1354; baseline -0.003 -8"><span class='ocrx_word' id='word_1_397' title='bbox 1091 1319 1117 1346; x_wconf 82' lang='lat'><strong>5.</strong></span> <span class='ocrx_word' id='word_1_398' title='bbox 1136 1319 1167 1344; x_wconf 88' lang='grc' dir='ltr'><strong>Ὢ</strong></span> <span class='ocrx_word' id='word_1_399' title='bbox 1180 1319 1230 1353; x_wconf 81' lang='grc' dir='ltr'>τῆς</span> <span class='ocrx_word' id='word_1_400' title='bbox 1243 1318 1424 1354; x_wconf 82' lang='grc' dir='ltr'>ὲλεεινότητος</span> <span class='ocrx_word' id='word_1_401' title='bbox 1442 1319 1532 1354; x_wconf 74' lang='grc' dir='ltr'>ἡμῶνί</span> <span class='ocrx_word' id='word_1_402' title='bbox 1552 1320 1628 1354; x_wconf 80' lang='grc' dir='ltr'>ἡμᾶς</span> <span class='ocrx_word' id='word_1_403' title='bbox 1641 1320 1704 1351; x_wconf 82' lang='grc' dir='ltr'>τοὺς</span> <span class='ocrx_word' id='word_1_404' title='bbox 1724 1319 1830 1349; x_wconf 80' lang='grc' dir='ltr'>ἀθλίους,</span> 
     </span>
    </p>
   </div>
   <div class='ocr_carea' id='block_1_59' title="bbox 1057 1364 1832 1400">
    <p class='ocr_par' dir='ltr' id='par_1_59' title="bbox 1057 1364 1832 1400">
     <span class='ocr_line' id='line_1_59' title="bbox 1057 1364 1832 1400; baseline -0.001 -9"><span class='ocrx_word' id='word_1_405' title='bbox 1057 1365 1094 1400; x_wconf 82' lang='grc' dir='ltr'>μὴ</span> <span class='ocrx_word' id='word_1_406' title='bbox 1112 1365 1279 1392; x_wconf 77' lang='grc' dir='ltr'>κατασϐέσαι</span> <span class='ocrx_word' id='word_1_407' title='bbox 1295 1365 1326 1391; x_wconf 81' lang='grc' dir='ltr'>τὸ</span> <span class='ocrx_word' id='word_1_408' title='bbox 1341 1364 1397 1400; x_wconf 77' lang='grc' dir='ltr'><strong>πῦρ</strong></span> <span class='ocrx_word' id='word_1_409' title='bbox 1410 1365 1460 1399; x_wconf 85' lang='grc' dir='ltr'>τῆς</span> <span class='ocrx_word' id='word_1_410' title='bbox 1477 1365 1577 1400; x_wconf 71' lang='grc' dir='ltr'>σαρκὸς</span> <span class='ocrx_word' id='word_1_411' title='bbox 1596 1365 1641 1392; x_wconf 79' lang='grc' dir='ltr'><strong>διὰ</strong></span> <span class='ocrx_word' id='word_1_412' title='bbox 1657 1365 1778 1400; x_wconf 74' lang='grc' dir='ltr'>νηστείας</span> <span class='ocrx_word' id='word_1_413' title='bbox 1792 1364 1832 1390; x_wconf 73' lang='grc' dir='ltr'>καὶ</span> 
     </span>
    </p>
   </div>
   <div class='ocr_carea' id='block_1_60' title="bbox 1055 1409 1832 1446">
    <p class='ocr_par' dir='ltr' id='par_1_60' title="bbox 1055 1409 1832 1446">
     <span class='ocr_line' id='line_1_60' title="bbox 1055 1409 1832 1446; baseline -0.001 -9"><span class='ocrx_word' id='word_1_414' title='bbox 1055 1410 1208 1446; x_wconf 82' lang='grc' dir='ltr'>ἀγρυπνίας</span> <span class='ocrx_word' id='word_1_415' title='bbox 1218 1411 1266 1437; x_wconf 77' lang='grc' dir='ltr'>καὶ</span> <span class='ocrx_word' id='word_1_416' title='bbox 1279 1411 1328 1446; x_wconf 81' lang='grc' dir='ltr'>τῆς</span> <span class='ocrx_word' id='word_1_417' title='bbox 1342 1410 1397 1436; x_wconf 84' lang='grc' dir='ltr'><strong>τῶν</strong></span> <span class='ocrx_word' id='word_1_418' title='bbox 1413 1410 1492 1436; x_wconf 84' lang='grc' dir='ltr'>θείων</span> <span class='ocrx_word' id='word_1_419' title='bbox 1507 1410 1604 1444; x_wconf 86' lang='grc' dir='ltr'>λογίων</span> <span class='ocrx_word' id='word_1_420' title='bbox 1613 1410 1735 1446; x_wconf 79' lang='grc' dir='ltr'>μελέτης,</span> <span class='ocrx_word' id='word_1_421' title='bbox 1752 1409 1832 1437; x_wconf 84' lang='grc' dir='ltr'>καλῶν</span> 
     </span>
    </p>
   </div>
   <div class='ocr_carea' id='block_1_61' title="bbox 1055 1454 1832 1492">
    <p class='ocr_par' dir='ltr' id='par_1_61' title="bbox 1055 1454 1832 1492">
     <span class='ocr_line' id='line_1_61' title="bbox 1055 1454 1832 1492; baseline -0.001 -9"><span class='ocrx_word' id='word_1_422' title='bbox 1055 1455 1139 1483; x_wconf 81' lang='grc' dir='ltr'>όντων</span> <span class='ocrx_word' id='word_1_423' title='bbox 1154 1456 1201 1483; x_wconf 80' lang='grc' dir='ltr'>καὶ</span> <span class='ocrx_word' id='word_1_424' title='bbox 1224 1456 1352 1492; x_wconf 80' lang='grc' dir='ltr'>εὐμαρῶν</span> <span class='ocrx_word' id='word_1_425' title='bbox 1367 1456 1413 1482; x_wconf 75' lang='grc' dir='ltr'><strong>τοῦ</strong></span> <span class='ocrx_word' id='word_1_426' title='bbox 1439 1456 1523 1491; x_wconf 80' lang='grc' dir='ltr'>πυρὸς</span> <span class='ocrx_word' id='word_1_427' title='bbox 1542 1456 1719 1492; x_wconf 81' lang='grc' dir='ltr'>σϐεστηρίων,</span> <span class='ocrx_word' id='word_1_428' title='bbox 1734 1457 1778 1483; x_wconf 76' lang='grc' dir='ltr'>καὶ</span> <span class='ocrx_word' id='word_1_429' title='bbox 1800 1454 1832 1490; x_wconf 79' lang='grc' dir='ltr'>μὴ</span> 
     </span>
    </p>
   </div>
   <div class='ocr_carea' id='block_1_62' title="bbox 1055 1501 1832 1538">
    <p class='ocr_par' dir='ltr' id='par_1_62' title="bbox 1055 1501 1832 1538">
     <span class='ocr_line' id='line_1_62' title="bbox 1055 1501 1832 1538; baseline -0.003 -10"><span class='ocrx_word' id='word_1_430' title='bbox 1055 1501 1141 1537; x_wconf 80' lang='grc' dir='ltr'>τούτῳ</span> <span class='ocrx_word' id='word_1_431' title='bbox 1156 1501 1203 1528; x_wconf 82' lang='grc' dir='ltr'>νῦν</span> <span class='ocrx_word' id='word_1_432' title='bbox 1216 1502 1254 1537; x_wconf 81' lang='grc' dir='ltr'>τῷ</span> <span class='ocrx_word' id='word_1_433' title='bbox 1269 1501 1335 1537; x_wconf 73' lang='grc' dir='ltr'>πυρὶ</span> <span class='ocrx_word' id='word_1_434' title='bbox 1351 1501 1552 1537; x_wconf 78' lang='grc' dir='ltr'>τηγανίζεσθαι.</span> <span class='ocrx_word' id='word_1_435' title='bbox 1573 1502 1607 1528; x_wconf 88' lang='grc' dir='ltr'>Τί</span> <span class='ocrx_word' id='word_1_436' title='bbox 1620 1503 1657 1538; x_wconf 81' lang='grc' dir='ltr'>μὴ</span> <span class='ocrx_word' id='word_1_437' title='bbox 1679 1502 1746 1529; x_wconf 82' lang='grc' dir='ltr'><strong>κατά</strong></span> <span class='ocrx_word' id='word_1_438' title='bbox 1761 1501 1832 1536; x_wconf 78' lang='grc' dir='ltr'>φύσιν</span> 
     </span>
    </p>
   </div>
   <div class='ocr_carea' id='block_1_63' title="bbox 223 1543 1006 1583">
    <p class='ocr_par' dir='ltr' id='par_1_63' title="bbox 223 1547 1006 1583">
     <span class='ocr_line' id='line_1_63' title="bbox 223 1547 1006 1583; baseline 0 -8"><span class='ocrx_word' id='word_1_439' title='bbox 223 1547 298 1583; x_wconf 87' lang='lat' dir='ltr'><strong>loqui</strong></span> <span class='ocrx_word' id='word_1_440' title='bbox 317 1548 466 1583; x_wconf 81' lang='lat' dir='ltr'><strong>secundum</strong></span> <span class='ocrx_word' id='word_1_441' title='bbox 489 1551 633 1582; x_wconf 76' lang='lat' dir='ltr'><strong>natumut;</strong></span> <span class='ocrx_word' id='word_1_442' title='bbox 654 1556 688 1575; x_wconf 87' lang='lat' dir='ltr'><strong>ne</strong></span> <span class='ocrx_word' id='word_1_443' title='bbox 703 1548 759 1583; x_wconf 90' lang='lat' dir='ltr'><strong>jam</strong></span> <span class='ocrx_word' id='word_1_444' title='bbox 784 1548 812 1576; x_wconf 94' lang='lat' dir='ltr'><strong>in</strong></span> <span class='ocrx_word' id='word_1_445' title='bbox 826 1548 877 1575; x_wconf 86' lang='lat' dir='ltr'><strong>hac</strong></span> <span class='ocrx_word' id='word_1_446' title='bbox 893 1548 1006 1583; x_wconf 74' lang='lat' dir='ltr'><strong>caligine</strong></span> 
     </span>
    </p>
   </div>
   <div class='ocr_carea' id='block_1_64' title="bbox 1058 1543 1830 1583">
    <p class='ocr_par' dir='ltr' id='par_1_64' title="bbox 1058 1547 1830 1583">
     <span class='ocr_line' id='line_1_64' title="bbox 1058 1547 1830 1583; baseline -0.003 -9"><span class='ocrx_word' id='word_1_447' title='bbox 1058 1548 1122 1583; x_wconf 82' lang='grc' dir='ltr'>όρᾷν</span> <span class='ocrx_word' id='word_1_448' title='bbox 1133 1556 1162 1574; x_wconf 85' lang='grc' dir='ltr'><strong>τε</strong></span> <span class='ocrx_word' id='word_1_449' title='bbox 1179 1547 1225 1574; x_wconf 77' lang='grc' dir='ltr'>καὶ</span> <span class='ocrx_word' id='word_1_450' title='bbox 1240 1547 1348 1574; x_wconf 84' lang='grc' dir='ltr'>ἀκούειν</span> <span class='ocrx_word' id='word_1_451' title='bbox 1366 1547 1413 1574; x_wconf 78' lang='grc' dir='ltr'><strong>καὶ</strong></span> <span class='ocrx_word' id='word_1_452' title='bbox 1423 1547 1512 1574; x_wconf 81' lang='grc' dir='ltr'>λαλεῖν</span> <span class='ocrx_word' id='word_1_453' title='bbox 1533 1548 1582 1583; x_wconf 84' lang='grc' dir='ltr'>τὴν</span> <span class='ocrx_word' id='word_1_454' title='bbox 1602 1548 1725 1582; x_wconf 85' lang='grc' dir='ltr'>γλῶτταν</span> <span class='ocrx_word' id='word_1_455' title='bbox 1738 1547 1830 1573; x_wconf 83' lang='grc' dir='ltr'>είθίσα-</span> 
     </span>
    </p>
   </div>
   <div class='ocr_carea' id='block_1_65' title="bbox 223 1593 1006 1629">
    <p class='ocr_par' dir='ltr' id='par_1_65' title="bbox 223 1593 1006 1629">
     <span class='ocr_line' id='line_1_65' title="bbox 223 1593 1006 1629; baseline 0.003 -9"><span class='ocrx_word' id='word_1_456' title='bbox 223 1593 412 1628; x_wconf 84' lang='lat' dir='ltr'><strong>altissimoque</strong></span> <span class='ocrx_word' id='word_1_457' title='bbox 424 1594 533 1622; x_wconf 87' lang='lat' dir='ltr'><strong>silentio</strong></span> <span class='ocrx_word' id='word_1_458' title='bbox 548 1594 726 1629; x_wconf 80' lang='lat' dir='ltr'><strong>degeremus;</strong></span> <span class='ocrx_word' id='word_1_459' title='bbox 753 1594 800 1622; x_wconf 87' lang='lat' dir='ltr'><strong>sed</strong></span> <span class='ocrx_word' id='word_1_460' title='bbox 825 1594 896 1626; x_wconf 88' lang='lat' dir='ltr'><strong>luce,</strong></span> <span class='ocrx_word' id='word_1_461' title='bbox 923 1595 1006 1622; x_wconf 83' lang='lat' dir='ltr'><strong>verbo</strong></span> 
     </span>
    </p>
   </div>
   <div class='ocr_carea' id='block_1_66' title="bbox 223 1639 1004 1674">
    <p class='ocr_par' dir='ltr' id='par_1_66' title="bbox 223 1639 1004 1674">
     <span class='ocr_line' id='line_1_66' title="bbox 223 1639 1004 1674; baseline 0.003 -8"><span class='ocrx_word' id='word_1_462' title='bbox 223 1642 250 1666; x_wconf 88' lang='lat' dir='ltr'><strong>et</strong></span> <span class='ocrx_word' id='word_1_463' title='bbox 264 1639 396 1674; x_wconf 87' lang='lat' dir='ltr'><strong>sapientia</strong></span> <span class='ocrx_word' id='word_1_464' title='bbox 411 1639 469 1671; x_wconf 87' lang='lat' dir='ltr'><strong>Dei,</strong></span> <span class='ocrx_word' id='word_1_465' title='bbox 484 1647 546 1666; x_wconf 93' lang='lat' dir='ltr'><strong>cum</strong></span> <span class='ocrx_word' id='word_1_466' title='bbox 559 1640 663 1668; x_wconf 80' lang='lat' dir='ltr'><strong>sanctis</strong></span> <span class='ocrx_word' id='word_1_467' title='bbox 678 1648 728 1667; x_wconf 90' lang='lat' dir='ltr'><strong>nos</strong></span> <span class='ocrx_word' id='word_1_468' title='bbox 742 1641 822 1667; x_wconf 86' lang='lat' dir='ltr'><strong>etiam</strong></span> <span class='ocrx_word' id='word_1_469' title='bbox 843 1641 1004 1673; x_wconf 87' lang='lat' dir='ltr'><strong>frueremur,</strong></span> 
     </span>
    </p>
   </div>
   <div class='ocr_carea' id='block_1_67' title="bbox 223 1683 1007 1720">
    <p class='ocr_par' dir='ltr' id='par_1_67' title="bbox 223 1683 1007 1720">
     <span class='ocr_line' id='line_1_67' title="bbox 223 1683 1007 1720; baseline 0.003 -9"><span class='ocrx_word' id='word_1_470' title='bbox 223 1683 346 1711; x_wconf 87' lang='lat' dir='ltr'><strong>divinam</strong></span> <span class='ocrx_word' id='word_1_471' title='bbox 363 1684 477 1719; x_wconf 75' lang='lat' dir='ltr'><strong>gloriam</strong></span> <span class='ocrx_word' id='word_1_472' title='bbox 495 1687 721 1720; x_wconf 83' lang='lat' dir='ltr'><strong>contemplantes,</strong></span> <span class='ocrx_word' id='word_1_473' title='bbox 737 1685 887 1718; x_wconf 86' lang='lat' dir='ltr'><strong>audientes,</strong></span> <span class='ocrx_word' id='word_1_474' title='bbox 906 1694 1007 1713; x_wconf 78' lang='lat' dir='ltr'><strong>canen-</strong></span> 
     </span>
    </p>
   </div>
   <div class='ocr_carea' id='block_1_68' title="bbox 223 1730 1006 1766">
    <p class='ocr_par' dir='ltr' id='par_1_68' title="bbox 223 1730 1006 1766">
     <span class='ocr_line' id='line_1_68' title="bbox 223 1730 1006 1766; baseline 0.003 -10"><span class='ocrx_word' id='word_1_475' title='bbox 223 1730 282 1757; x_wconf 85' lang='lat' dir='ltr'><strong>tes?</strong></span> <span class='ocrx_word' id='word_1_476' title='bbox 299 1732 352 1757; x_wconf 85' lang='lat' dir='ltr'><strong>Aut</strong></span> <span class='ocrx_word' id='word_1_477' title='bbox 363 1730 427 1764; x_wconf 90' lang='lat' dir='ltr'><strong>quid</strong></span> <span class='ocrx_word' id='word_1_478' title='bbox 443 1733 484 1757; x_wconf 89' lang='lat' dir='ltr'><strong>est</strong></span> <span class='ocrx_word' id='word_1_479' title='bbox 496 1730 568 1765; x_wconf 91' lang='lat' dir='ltr'><strong>quod</strong></span> <span class='ocrx_word' id='word_1_480' title='bbox 585 1731 641 1758; x_wconf 90' lang='lat' dir='ltr'><strong>odii</strong></span> <span class='ocrx_word' id='word_1_481' title='bbox 654 1732 797 1766; x_wconf 81' lang='lat' dir='ltr'><strong>spontanci</strong></span> <span class='ocrx_word' id='word_1_482' title='bbox 812 1739 930 1759; x_wconf 84' lang='lat' dir='ltr'><strong>vermem</strong></span> <span class='ocrx_word' id='word_1_483' title='bbox 941 1732 1006 1759; x_wconf 85' lang='lat' dir='ltr'><strong>cha-</strong></span> 
     </span>
    </p>
   </div>
   <div class='ocr_carea' id='block_1_69' title="bbox 222 1775 1006 1811">
    <p class='ocr_par' dir='ltr' id='par_1_69' title="bbox 222 1775 1006 1811">
     <span class='ocr_line' id='line_1_69' title="bbox 222 1775 1006 1811; baseline 0.003 -10"><span class='ocrx_word' id='word_1_484' title='bbox 222 1775 304 1802; x_wconf 84' lang='lat' dir='ltr'><strong>ritate</strong></span> <span class='ocrx_word' id='word_1_485' title='bbox 318 1783 373 1802; x_wconf 92' lang='lat' dir='ltr'><strong>non</strong></span> <span class='ocrx_word' id='word_1_486' title='bbox 387 1777 572 1808; x_wconf 83' lang='lat' dir='ltr'><strong>enecavimus,</strong></span> <span class='ocrx_word' id='word_1_487' title='bbox 598 1777 663 1811; x_wconf 91' lang='lat' dir='ltr'><strong>quid</strong></span> <span class='ocrx_word' id='word_1_488' title='bbox 686 1785 740 1804; x_wconf 90' lang='lat' dir='ltr'><strong>non</strong></span> <span class='ocrx_word' id='word_1_489' title='bbox 754 1777 869 1804; x_wconf 88' lang='lat' dir='ltr'><strong>veritate</strong></span> <span class='ocrx_word' id='word_1_490' title='bbox 895 1777 1006 1803; x_wconf 86' lang='lat' dir='ltr'><strong>menda-</strong></span> 
     </span>
    </p>
   </div>
   <div class='ocr_carea' id='block_1_70' title="bbox 223 1821 1005 1856">
    <p class='ocr_par' dir='ltr' id='par_1_70' title="bbox 223 1821 1005 1856">
     <span class='ocr_line' id='line_1_70' title="bbox 223 1821 1005 1856; baseline 0.003 -9"><span class='ocrx_word' id='word_1_491' title='bbox 223 1822 295 1848; x_wconf 83' lang='lat' dir='ltr'><strong>cium</strong></span> <span class='ocrx_word' id='word_1_492' title='bbox 307 1821 473 1849; x_wconf 85' lang='lat' dir='ltr'><strong>delevimus?</strong></span> <span class='ocrx_word' id='word_1_493' title='bbox 483 1822 539 1856; x_wconf 88' lang='lat' dir='ltr'><strong>jam</strong></span> <span class='ocrx_word' id='word_1_494' title='bbox 552 1827 626 1850; x_wconf 87' lang='lat' dir='ltr'><strong>certe</strong></span> <span class='ocrx_word' id='word_1_495' title='bbox 638 1824 688 1850; x_wconf 89' lang='lat' dir='ltr'><strong>hoc</strong></span> <span class='ocrx_word' id='word_1_496' title='bbox 707 1823 810 1850; x_wconf 89' lang='lat' dir='ltr'><strong>ardenti</strong></span> <span class='ocrx_word' id='word_1_497' title='bbox 824 1830 914 1850; x_wconf 90' lang='lat' dir='ltr'><strong>verme</strong></span> <span class='ocrx_word' id='word_1_498' title='bbox 930 1823 1005 1849; x_wconf 85' lang='lat' dir='ltr'><strong>liberi</strong></span> 
     </span>
    </p>
   </div>
   <div class='ocr_carea' id='block_1_71' title="bbox 222 1869 1006 1903">
    <p class='ocr_par' dir='ltr' id='par_1_71' title="bbox 222 1869 1006 1903">
     <span class='ocr_line' id='line_1_71' title="bbox 222 1869 1006 1903; baseline 0.003 -10"><span class='ocrx_word' id='word_1_499' title='bbox 222 1875 363 1899; x_wconf 78' lang='lat' dir='ltr'><strong>essemus,</strong></span> <span class='ocrx_word' id='word_1_500' title='bbox 392 1876 498 1896; x_wconf 89' lang='lat' dir='ltr'><strong>necnon</strong></span> <span class='ocrx_word' id='word_1_501' title='bbox 519 1869 630 1903; x_wconf 88' lang='lat' dir='ltr'><strong>reliquis</strong></span> <span class='ocrx_word' id='word_1_502' title='bbox 648 1877 708 1903; x_wconf 73' lang='lat' dir='ltr'><strong>qua:</strong></span> <span class='ocrx_word' id='word_1_503' title='bbox 727 1869 864 1896; x_wconf 89' lang='lat' dir='ltr'><strong>miseriam</strong></span> <span class='ocrx_word' id='word_1_504' title='bbox 885 1872 1006 1896; x_wconf 91' lang='lat' dir='ltr'><strong>nostram</strong></span> 
     </span>
    </p>
   </div>
   <div class='ocr_carea' id='block_1_72' title="bbox 223 1912 1006 1949">
    <p class='ocr_par' dir='ltr' id='par_1_72' title="bbox 223 1912 1006 1949">
     <span class='ocr_line' id='line_1_72' title="bbox 223 1912 1006 1949; baseline 0.003 -11"><span class='ocrx_word' id='word_1_505' title='bbox 223 1912 354 1940; x_wconf 85' lang='lat' dir='ltr'><strong>distinent</strong></span> <span class='ocrx_word' id='word_1_506' title='bbox 370 1913 461 1940; x_wconf 83' lang='lat' dir='ltr'><strong>vitam.</strong></span> <span class='ocrx_word' id='word_1_507' title='bbox 483 1913 590 1941; x_wconf 84' lang='lat' dir='ltr'><strong>Justum</strong></span> <span class='ocrx_word' id='word_1_508' title='bbox 610 1917 652 1941; x_wconf 86' lang='lat' dir='ltr'><strong>est</strong></span> <span class='ocrx_word' id='word_1_509' title='bbox 669 1914 714 1942; x_wconf 87' lang='lat' dir='ltr'><strong>Dei</strong></span> <span class='ocrx_word' id='word_1_510' title='bbox 734 1914 878 1948; x_wconf 84' lang='lat' dir='ltr'><strong>judicium.</strong></span> <span class='ocrx_word' id='word_1_511' title='bbox 897 1913 1006 1949; x_wconf 86' lang='lat' dir='ltr'><strong>Nequa-</strong></span> 
     </span>
    </p>
   </div>
   <div class='ocr_carea' id='block_1_73' title="bbox 223 1959 1007 1998">
    <p class='ocr_par' dir='ltr' id='par_1_73' title="bbox 223 1959 1007 1998">
     <span class='ocr_line' id='line_1_73' title="bbox 223 1959 1007 1998; baseline 0.003 -14"><span class='ocrx_word' id='word_1_512' title='bbox 223 1965 304 1993; x_wconf 85' lang='lat' dir='ltr'><strong>quam</strong></span> <span class='ocrx_word' id='word_1_513' title='bbox 326 1959 480 1986; x_wconf 89' lang='lat' dir='ltr'><strong>invenimus</strong></span> <span class='ocrx_word' id='word_1_514' title='bbox 504 1960 577 1994; x_wconf 87' lang='lat' dir='ltr'><strong>quod</strong></span> <span class='ocrx_word' id='word_1_515' title='bbox 604 1960 787 1998; x_wconf 62' lang='lat' dir='ltr'><strong>qumsivimus,</strong></span> <span class='ocrx_word' id='word_1_516' title='bbox 812 1967 863 1986; x_wconf 89' lang='lat' dir='ltr'><strong>nec</strong></span> <span class='ocrx_word' id='word_1_517' title='bbox 887 1960 1007 1995; x_wconf 85' lang='lat' dir='ltr'><strong>aperitur</strong></span> 
     </span>
    </p>
   </div>
   <div class='ocr_carea' id='block_1_74' title="bbox 223 2003 1005 2040">
    <p class='ocr_par' dir='ltr' id='par_1_74' title="bbox 223 2003 1005 2040">
     <span class='ocr_line' id='line_1_74' title="bbox 223 2003 1005 2040; baseline 0.004 -11"><span class='ocrx_word' id='word_1_518' title='bbox 223 2003 302 2031; x_wconf 90' lang='lat' dir='ltr'><strong>nobis</strong></span> <span class='ocrx_word' id='word_1_519' title='bbox 315 2004 398 2038; x_wconf 87' lang='lat' dir='ltr'><strong>janua</strong></span> <span class='ocrx_word' id='word_1_520' title='bbox 420 2005 495 2040; x_wconf 82' lang='lat' dir='ltr'><strong>regni</strong></span> <span class='ocrx_word' id='word_1_521' title='bbox 522 2006 665 2033; x_wconf 65' lang='lat' dir='ltr'><strong>malorum.</strong></span> <span class='ocrx_word' id='word_1_522' title='bbox 683 2005 751 2039; x_wconf 82' lang='lat' dir='ltr'><strong>Quia</strong></span> <span class='ocrx_word' id='word_1_523' title='bbox 774 2006 845 2032; x_wconf 90' lang='lat' dir='ltr'><strong>enim</strong></span> <span class='ocrx_word' id='word_1_524' title='bbox 873 2005 1005 2033; x_wconf 90' lang='lat' dir='ltr'><strong>bonorum</strong></span> 
     </span>
    </p>
   </div>
   <div class='ocr_carea' id='block_1_75' title="bbox 220 2048 1006 2086">
    <p class='ocr_par' dir='ltr' id='par_1_75' title="bbox 220 2048 1006 2086">
     <span class='ocr_line' id='line_1_75' title="bbox 220 2048 1006 2086; baseline 0.004 -12"><span class='ocrx_word' id='word_1_525' title='bbox 220 2048 332 2082; x_wconf 87' lang='lat' dir='ltr'><strong>januam</strong></span> <span class='ocrx_word' id='word_1_526' title='bbox 361 2048 439 2077; x_wconf 86' lang='lat' dir='ltr'><strong>factis</strong></span> <span class='ocrx_word' id='word_1_527' title='bbox 464 2051 564 2077; x_wconf 74' lang='lat' dir='ltr'><strong>nostris</strong></span> <span class='ocrx_word' id='word_1_528' title='bbox 592 2058 646 2077; x_wconf 90' lang='lat' dir='ltr'><strong>non</strong></span> <span class='ocrx_word' id='word_1_529' title='bbox 670 2050 846 2086; x_wconf 74' lang='lat' dir='ltr'><strong>pulsavimus,</strong></span> <span class='ocrx_word' id='word_1_530' title='bbox 872 2050 1006 2077; x_wconf 88' lang='lat' dir='ltr'><strong>bonorum</strong></span> 
     </span>
    </p>
   </div>
   <div class='ocr_carea' id='block_1_76' title="bbox 222 2097 1006 2132">
    <p class='ocr_par' dir='ltr' id='par_1_76' title="bbox 222 2097 1006 2132">
     <span class='ocr_line' id='line_1_76' title="bbox 222 2097 1006 2132; baseline 0.003 -11"><span class='ocrx_word' id='word_1_531' title='bbox 222 2098 387 2124; x_wconf 63' lang='lat' dir='ltr'><strong>atcrnorum</strong></span> <span class='ocrx_word' id='word_1_532' title='bbox 417 2105 471 2124; x_wconf 88' lang='lat' dir='ltr'><strong>non</strong></span> <span class='ocrx_word' id='word_1_533' title='bbox 505 2097 654 2132; x_wconf 85' lang='lat' dir='ltr'><strong>accipimus</strong></span> <span class='ocrx_word' id='word_1_534' title='bbox 693 2097 907 2131; x_wconf 85' lang='lat' dir='ltr'><strong>possessionem.</strong></span> <span class='ocrx_word' id='word_1_535' title='bbox 937 2097 1006 2130; x_wconf 85' lang='lat' dir='ltr'><strong>Quia</strong></span> 
     </span>
    </p>
   </div>
   <div class='ocr_carea' id='block_1_77' title="bbox 223 2141 1006 2177">
    <p class='ocr_par' dir='ltr' id='par_1_77' title="bbox 223 2141 1006 2177">
     <span class='ocr_line' id='line_1_77' title="bbox 223 2141 1006 2177; baseline 0 -9"><span class='ocrx_word' id='word_1_536' title='bbox 223 2141 343 2177; x_wconf 65' lang='lat' dir='ltr'><strong>Scientia:</strong></span> <span class='ocrx_word' id='word_1_537' title='bbox 356 2143 469 2177; x_wconf 84' lang='lat' dir='ltr'><strong>gratiam</strong></span> <span class='ocrx_word' id='word_1_538' title='bbox 484 2143 609 2176; x_wconf 83' lang='lat' dir='ltr'><strong>precibus</strong></span> <span class='ocrx_word' id='word_1_539' title='bbox 627 2150 680 2169; x_wconf 92' lang='lat' dir='ltr'><strong>non</strong></span> <span class='ocrx_word' id='word_1_540' title='bbox 696 2143 892 2177; x_wconf 87' lang='lat' dir='ltr'><strong>postulavimus</strong></span> <span class='ocrx_word' id='word_1_541' title='bbox 922 2142 931 2177; x_wconf 95' lang='lat'>(</span> <span class='ocrx_word' id='word_1_542' title='bbox 945 2142 1006 2169; x_wconf 90' lang='lat' dir='ltr'><strong>nul-</strong></span> 
     </span>
    </p>
   </div>
   <div class='ocr_carea' id='block_1_78' title="bbox 223 2187 1005 2222">
    <p class='ocr_par' dir='ltr' id='par_1_78' title="bbox 223 2187 1005 2222">
     <span class='ocr_line' id='line_1_78' title="bbox 223 2187 1005 2222; baseline 0.001 -9"><span class='ocrx_word' id='word_1_543' title='bbox 223 2187 266 2214; x_wconf 90' lang='lat' dir='ltr'><strong>lus</strong></span> <span class='ocrx_word' id='word_1_544' title='bbox 281 2187 381 2222; x_wconf 89' lang='lat' dir='ltr'><strong>quippe</strong></span> <span class='ocrx_word' id='word_1_545' title='bbox 397 2188 476 2215; x_wconf 86' lang='lat' dir='ltr'><strong>nobis</strong></span> <span class='ocrx_word' id='word_1_546' title='bbox 494 2187 543 2214; x_wconf 87' lang='lat' dir='ltr'><strong>fuit</strong></span> <span class='ocrx_word' id='word_1_547' title='bbox 561 2187 713 2214; x_wconf 84' lang='lat' dir='ltr'><strong>divinorum</strong></span> <span class='ocrx_word' id='word_1_548' title='bbox 738 2195 828 2220; x_wconf 85' lang='lat' dir='ltr'><strong>amor;</strong></span> <span class='ocrx_word' id='word_1_549' title='bbox 852 2187 898 2214; x_wconf 90' lang='lat' dir='ltr'><strong>sed</strong></span> <span class='ocrx_word' id='word_1_550' title='bbox 917 2191 1005 2215; x_wconf 87' lang='lat' dir='ltr'><strong>mente</strong></span> 
     </span>
    </p>
   </div>
   <div class='ocr_carea' id='block_1_79' title="bbox 222 2233 1004 2264">
    <p class='ocr_par' dir='ltr' id='par_1_79' title="bbox 222 2233 1004 2264">
     <span class='ocr_line' id='line_1_79' title="bbox 222 2233 1004 2264; baseline 0 -5"><span class='ocrx_word' id='word_1_551' title='bbox 222 2236 316 2260; x_wconf 91' lang='lat' dir='ltr'><strong>nostra</strong></span> <span class='ocrx_word' id='word_1_552' title='bbox 335 2233 451 2261; x_wconf 86' lang='lat' dir='ltr'><strong>terrenis</strong></span> <span class='ocrx_word' id='word_1_553' title='bbox 467 2233 584 2264; x_wconf 79' lang='lat' dir='ltr'><strong>irretita,</strong></span> <span class='ocrx_word' id='word_1_554' title='bbox 606 2237 688 2259; x_wconf 88' lang='lat' dir='ltr'><strong>totam</strong></span> <span class='ocrx_word' id='word_1_555' title='bbox 705 2233 787 2260; x_wconf 89' lang='lat' dir='ltr'><strong>vitam</strong></span> <span class='ocrx_word' id='word_1_556' title='bbox 808 2237 928 2260; x_wconf 87' lang='lat' dir='ltr'><strong>nostram</strong></span> <span class='ocrx_word' id='word_1_557' title='bbox 942 2240 1004 2259; x_wconf 91' lang='lat' dir='ltr'><strong>cor-</strong></span> 
     </span>
    </p>
   </div>
   <div class='ocr_carea' id='block_1_80' title="bbox 222 2279 1002 2317">
    <p class='ocr_par' dir='ltr' id='par_1_80' title="bbox 222 2279 1002 2317">
     <span class='ocr_line' id='line_1_80' title="bbox 222 2279 1002 2317; baseline -0.001 -11"><span class='ocrx_word' id='word_1_558' title='bbox 222 2279 380 2314; x_wconf 85' lang='lat' dir='ltr'><strong>rupimus),</strong></span> <span class='ocrx_word' id='word_1_559' title='bbox 399 2280 445 2306; x_wconf 89' lang='lat' dir='ltr'><strong>illa</strong></span> <span class='ocrx_word' id='word_1_560' title='bbox 459 2279 569 2317; x_wconf 89' lang='lat' dir='ltr'><strong>quidem</strong></span> <span class='ocrx_word' id='word_1_561' title='bbox 588 2280 678 2306; x_wconf 88' lang='lat' dir='ltr'><strong>omnia</strong></span> <span class='ocrx_word' id='word_1_562' title='bbox 695 2279 872 2311; x_wconf 83' lang='lat' dir='ltr'><strong>transierunt,</strong></span> <span class='ocrx_word' id='word_1_563' title='bbox 889 2279 1002 2306; x_wconf 87' lang='lat' dir='ltr'><strong>verbum</strong></span> 
     </span>
    </p>
   </div>
   <div class='ocr_carea' id='block_1_81' title="bbox 223 2325 1005 2354">
    <p class='ocr_par' dir='ltr' id='par_1_81' title="bbox 223 2325 1005 2354">
     <span class='ocr_line' id='line_1_81' title="bbox 223 2325 1005 2354; baseline 0 -3"><span class='ocrx_word' id='word_1_564' title='bbox 223 2328 312 2352; x_wconf 87' lang='lat' dir='ltr'><strong>autem</strong></span> <span class='ocrx_word' id='word_1_565' title='bbox 331 2325 442 2352; x_wconf 87' lang='lat' dir='ltr'><strong>ultionis</strong></span> <span class='ocrx_word' id='word_1_566' title='bbox 467 2325 598 2352; x_wconf 87' lang='lat' dir='ltr'><strong>horumce</strong></span> <span class='ocrx_word' id='word_1_567' title='bbox 613 2325 745 2353; x_wconf 87' lang='lat' dir='ltr'><strong>scelerum</strong></span> <span class='ocrx_word' id='word_1_568' title='bbox 767 2329 858 2354; x_wconf 88' lang='lat' dir='ltr'><strong>manet</strong></span> <span class='ocrx_word' id='word_1_569' title='bbox 877 2326 904 2352; x_wconf 94' lang='lat' dir='ltr'><strong>in</strong></span> <span class='ocrx_word' id='word_1_570' title='bbox 929 2329 1005 2353; x_wconf 58' lang='lat' dir='ltr'><strong>icter-</strong></span> 
     </span>
    </p>
   </div>
   <div class='ocr_carea' id='block_1_82' title="bbox 222 2371 671 2406">
    <p class='ocr_par' dir='ltr' id='par_1_82' title="bbox 222 2371 671 2406">
     <span class='ocr_line' id='line_1_82' title="bbox 222 2371 671 2406; baseline 0.004 -10"><span class='ocrx_word' id='word_1_571' title='bbox 222 2377 298 2402; x_wconf 93' lang='lat' dir='ltr'><strong>num,</strong></span> <span class='ocrx_word' id='word_1_572' title='bbox 313 2378 363 2397; x_wconf 89' lang='lat' dir='ltr'><strong>nec</strong></span> <span class='ocrx_word' id='word_1_573' title='bbox 379 2378 499 2405; x_wconf 90' lang='lat' dir='ltr'><strong>unquam</strong></span> <span class='ocrx_word' id='word_1_574' title='bbox 516 2371 671 2406; x_wconf 68' lang='lat' dir='ltr'><strong>praeteribit.</strong></span> 
     </span>
    </p>
   </div>
   <div class='ocr_carea' id='block_1_83' title="bbox 221 2417 1002 2454">
    <p class='ocr_par' dir='ltr' id='par_1_83' title="bbox 221 2417 1002 2454">
     <span class='ocr_line' id='line_1_83' title="bbox 221 2417 1002 2454; baseline 0.001 -10"><span class='ocrx_word' id='word_1_575' title='bbox 221 2419 236 2444; x_wconf 84' lang='grc' dir='ltr'><strong><em>ὸ</em></strong></span> <span class='ocrx_word' id='word_1_576' title='bbox 265 2417 294 2444; x_wconf 85' lang='grc' dir='ltr'>δὲ</span> <span class='ocrx_word' id='word_1_577' title='bbox 313 2417 364 2452; x_wconf 76' lang='grc' dir='ltr'>τῆς</span> <span class='ocrx_word' id='word_1_578' title='bbox 388 2418 430 2444; x_wconf 74' lang='grc' dir='ltr'><strong>ἐπ’</strong></span> <span class='ocrx_word' id='word_1_579' title='bbox 447 2418 537 2450; x_wconf 68' lang='grc' dir='ltr'>αὐτοῖς</span> <span class='ocrx_word' id='word_1_580' title='bbox 555 2419 632 2454; x_wconf 80' lang='grc' dir='ltr'>δίκης</span> <span class='ocrx_word' id='word_1_581' title='bbox 651 2419 728 2453; x_wconf 81' lang='grc' dir='ltr'>λόγος</span> <span class='ocrx_word' id='word_1_582' title='bbox 747 2418 820 2454; x_wconf 83' lang='grc' dir='ltr'>μένει</span> <span class='ocrx_word' id='word_1_583' title='bbox 842 2418 885 2445; x_wconf 78' lang='grc' dir='ltr'>διὰ</span> <span class='ocrx_word' id='word_1_584' title='bbox 902 2419 1002 2450; x_wconf 76' lang='grc' dir='ltr'>παντὸς</span> 
     </span>
    </p>
   </div>
   <div class='ocr_carea' id='block_1_84' title="bbox 222 2463 1002 2503">
    <p class='ocr_par' dir='ltr' id='par_1_84' title="bbox 222 2463 1002 2503">
     <span class='ocr_line' id='line_1_84' title="bbox 222 2463 1002 2503; baseline 0.001 -12"><span class='ocrx_word' id='word_1_585' title='bbox 222 2500 224 2503; x_wconf 31' lang='grc' dir='ltr'><strong>Ι</strong></span> <span class='ocrx_word' id='word_1_586' title='bbox 257 2465 284 2491; x_wconf 88' lang='grc'><strong>6.</strong></span> <span class='ocrx_word' id='word_1_587' title='bbox 299 2463 361 2495; x_wconf 72' lang='lat' dir='ltr'><strong>Haec</strong></span> <span class='ocrx_word' id='word_1_588' title='bbox 380 2464 417 2491; x_wconf 91' lang='lat' dir='ltr'><strong>illi</strong></span> <span class='ocrx_word' id='word_1_589' title='bbox 434 2472 495 2492; x_wconf 92' lang='lat' dir='ltr'><strong>cum</strong></span> <span class='ocrx_word' id='word_1_590' title='bbox 512 2473 545 2492; x_wconf 75' lang='lat' dir='ltr'><strong>ex</strong></span> <span class='ocrx_word' id='word_1_591' title='bbox 566 2466 643 2493; x_wconf 85' lang='lat' dir='ltr'><strong>malis</strong></span> <span class='ocrx_word' id='word_1_592' title='bbox 663 2465 720 2493; x_wconf 85' lang='lat' dir='ltr'><strong>suis</strong></span> <span class='ocrx_word' id='word_1_593' title='bbox 753 2466 831 2500; x_wconf 85' lang='lat' dir='ltr'><strong>quasi</strong></span> <span class='ocrx_word' id='word_1_594' title='bbox 855 2465 1002 2500; x_wconf 82' lang='lat' dir='ltr'><strong>exemplari</strong></span> 
     </span>
    </p>
   </div>
   <div class='ocr_carea' id='block_1_85' title="bbox 221 2510 1001 2546">
    <p class='ocr_par' dir='ltr' id='par_1_85' title="bbox 221 2510 1001 2546">
     <span class='ocr_line' id='line_1_85' title="bbox 221 2510 1001 2546; baseline 0.003 -10"><span class='ocrx_word' id='word_1_595' title='bbox 221 2510 339 2545; x_wconf 87' lang='lat' dir='ltr'><strong>quodam</strong></span> <span class='ocrx_word' id='word_1_596' title='bbox 367 2510 536 2543; x_wconf 75' lang='lat' dir='ltr'><strong>edidicerint,</strong></span> <span class='ocrx_word' id='word_1_597' title='bbox 563 2519 623 2546; x_wconf 66' lang='lat' dir='ltr'><strong>quae</strong></span> <span class='ocrx_word' id='word_1_598' title='bbox 647 2511 682 2538; x_wconf 86' lang='lat' dir='ltr'><strong>sit</strong></span> <span class='ocrx_word' id='word_1_599' title='bbox 704 2511 801 2538; x_wconf 75' lang='lat' dir='ltr'><strong>divina:</strong></span> <span class='ocrx_word' id='word_1_600' title='bbox 821 2511 934 2545; x_wconf 77' lang='lat' dir='ltr'><strong>justitia:</strong></span> <span class='ocrx_word' id='word_1_601' title='bbox 951 2511 1001 2544; x_wconf 89' lang='lat' dir='ltr'><strong>vis,</strong></span> 
     </span>
    </p>
   </div>
   <div class='ocr_carea' id='block_1_86' title="bbox 221 2555 1002 2592">
    <p class='ocr_par' dir='ltr' id='par_1_86' title="bbox 221 2555 1002 2592">
     <span class='ocr_line' id='line_1_86' title="bbox 221 2555 1002 2592; baseline 0.001 -10"><span class='ocrx_word' id='word_1_602' title='bbox 221 2555 385 2590; x_wconf 72' lang='lat' dir='ltr'><strong>poenitentes</strong></span> <span class='ocrx_word' id='word_1_603' title='bbox 400 2559 494 2583; x_wconf 91' lang='lat' dir='ltr'><strong>mutuo</strong></span> <span class='ocrx_word' id='word_1_604' title='bbox 513 2557 711 2592; x_wconf 88' lang='lat' dir='ltr'><strong>colloquentur.</strong></span> <span class='ocrx_word' id='word_1_605' title='bbox 729 2557 783 2591; x_wconf 84' lang='lat' dir='ltr'><strong>Ego</strong></span> <span class='ocrx_word' id='word_1_606' title='bbox 797 2565 861 2584; x_wconf 84' lang='lat' dir='ltr'><strong>vero</strong></span> <span class='ocrx_word' id='word_1_607' title='bbox 874 2557 919 2592; x_wconf 86' lang='lat' dir='ltr'><strong>qui</strong></span> <span class='ocrx_word' id='word_1_608' title='bbox 942 2565 1002 2584; x_wconf 90' lang='lat' dir='ltr'><strong>sum</strong></span> 
     </span>
    </p>
   </div>
   <div class='ocr_carea' id='block_1_87' title="bbox 221 2602 1004 2638">
    <p class='ocr_par' dir='ltr' id='par_1_87' title="bbox 221 2602 1004 2638">
     <span class='ocr_line' id='line_1_87' title="bbox 221 2602 1004 2638; baseline 0.001 -10"><span class='ocrx_word' id='word_1_609' title='bbox 221 2602 314 2633; x_wconf 84' lang='lat' dir='ltr'><strong>miser,</strong></span> <span class='ocrx_word' id='word_1_610' title='bbox 329 2602 429 2637; x_wconf 89' lang='lat' dir='ltr'><strong>quibus</strong></span> <span class='ocrx_word' id='word_1_611' title='bbox 444 2602 526 2630; x_wconf 79' lang='lat' dir='ltr'><strong>fultus</strong></span> <span class='ocrx_word' id='word_1_612' title='bbox 543 2603 672 2638; x_wconf 85' lang='lat' dir='ltr'><strong>operibus</strong></span> <span class='ocrx_word' id='word_1_613' title='bbox 691 2603 806 2638; x_wconf 86' lang='lat' dir='ltr'><strong>sperabo</strong></span> <span class='ocrx_word' id='word_1_614' title='bbox 820 2603 855 2630; x_wconf 89' lang='lat' dir='ltr'><strong>ab</strong></span> <span class='ocrx_word' id='word_1_615' title='bbox 868 2602 1004 2630; x_wconf 84' lang='lat' dir='ltr'><strong>horrenda</strong></span> 
     </span>
    </p>
   </div>
   <div class='ocr_carea' id='block_1_88' title="bbox 220 2646 1001 2681">
    <p class='ocr_par' dir='ltr' id='par_1_88' title="bbox 220 2646 1001 2681">
     <span class='ocr_line' id='line_1_88' title="bbox 220 2646 1001 2681; baseline 0.001 -9"><span class='ocrx_word' id='word_1_616' title='bbox 220 2646 290 2681; x_wconf 85' lang='lat' dir='ltr'><strong>eripi</strong></span> <span class='ocrx_word' id='word_1_617' title='bbox 307 2646 501 2674; x_wconf 83' lang='lat' dir='ltr'><strong>damnatione?</strong></span> <span class='ocrx_word' id='word_1_618' title='bbox 520 2646 588 2674; x_wconf 90' lang='lat' dir='ltr'><strong>Cum</strong></span> <span class='ocrx_word' id='word_1_619' title='bbox 604 2655 706 2675; x_wconf 86' lang='lat' dir='ltr'><strong>vacuus</strong></span> <span class='ocrx_word' id='word_1_620' title='bbox 725 2648 775 2674; x_wconf 80' lang='lat' dir='ltr'><strong>sint</strong></span> <span class='ocrx_word' id='word_1_621' title='bbox 799 2647 872 2674; x_wconf 89' lang='lat' dir='ltr'><strong>omni</strong></span> <span class='ocrx_word' id='word_1_622' title='bbox 891 2647 1001 2677; x_wconf 83' lang='lat' dir='ltr'><strong>virtute,</strong></span> 
     </span>
    </p>
   </div>
   <div class='ocr_carea' id='block_1_89' title="bbox 221 2693 1003 2729">
    <p class='ocr_par' dir='ltr' id='par_1_89' title="bbox 221 2693 1003 2729">
     <span class='ocr_line' id='line_1_89' title="bbox 221 2693 1003 2729; baseline -0.001 -9"><span class='ocrx_word' id='word_1_623' title='bbox 221 2693 295 2726; x_wconf 79' lang='lat' dir='ltr'><strong>omni</strong></span> <span class='ocrx_word' id='word_1_624' title='bbox 312 2693 436 2725; x_wconf 81' lang='lat' dir='ltr'><strong>scientia,</strong></span> <span class='ocrx_word' id='word_1_625' title='bbox 450 2693 532 2721; x_wconf 84' lang='lat' dir='ltr'><strong>timeo</strong></span> <span class='ocrx_word' id='word_1_626' title='bbox 547 2702 580 2721; x_wconf 89' lang='lat' dir='ltr'><strong>ne</strong></span> <span class='ocrx_word' id='word_1_627' title='bbox 591 2694 681 2729; x_wconf 81' lang='lat' dir='ltr'><strong>ligatis</strong></span> <span class='ocrx_word' id='word_1_628' title='bbox 699 2694 824 2721; x_wconf 86' lang='lat' dir='ltr'><strong>manibus</strong></span> <span class='ocrx_word' id='word_1_629' title='bbox 837 2693 1003 2728; x_wconf 81' lang='lat' dir='ltr'><strong>pedibusque</strong></span> 
     </span>
    </p>
   </div>
   <div class='ocr_carea' id='block_1_90' title="bbox 222 2738 1002 2780">
    <p class='ocr_par' dir='ltr' id='par_1_90' title="bbox 222 2738 1002 2780">
     <span class='ocr_line' id='line_1_90' title="bbox 222 2738 1002 2780; baseline -0.001 -15"><span class='ocrx_word' id='word_1_630' title='bbox 222 2738 351 2780; x_wconf 74' lang='lat' dir='ltr'><strong>projiciar</strong></span> <span class='ocrx_word' id='word_1_631' title='bbox 367 2739 395 2774; x_wconf 82' lang='lat' dir='ltr'><strong>in</strong></span> <span class='ocrx_word' id='word_1_632' title='bbox 411 2743 510 2767; x_wconf 80' lang='lat' dir='ltr'><strong>terram</strong></span> <span class='ocrx_word' id='word_1_633' title='bbox 526 2740 696 2767; x_wconf 84' lang='lat' dir='ltr'><strong>tenebrosam</strong></span> <span class='ocrx_word' id='word_1_634' title='bbox 711 2743 738 2767; x_wconf 89' lang='lat' dir='ltr'><strong>et</strong></span> <span class='ocrx_word' id='word_1_635' title='bbox 755 2740 941 2774; x_wconf 77' lang='lat' dir='ltr'><strong>caliginosam,</strong></span> <span class='ocrx_word' id='word_1_636' title='bbox 975 2738 1002 2765; x_wconf 90' lang='lat' dir='ltr'><strong>in</strong></span> 
     </span>
    </p>
   </div>
   <div class='ocr_carea' id='block_1_91' title="bbox 257 2793 459 2826">
    <p class='ocr_par' dir='ltr' id='par_1_91' title="bbox 257 2793 459 2826">
     <span class='ocr_line' id='line_1_91' title="bbox 257 2793 459 2826; baseline 0.015 -5"><span class='ocrx_word' id='word_1_637' title='bbox 257 2795 279 2810; x_wconf 90' lang='lat'>&quot;</span> <span class='ocrx_word' id='word_1_638' title='bbox 299 2793 371 2822; x_wconf 86' lang='lat' dir='ltr'><strong>Psal.</strong></span> <span class='ocrx_word' id='word_1_639' title='bbox 387 2802 418 2826; x_wconf 81' lang='grc' dir='ltr'>ο,</span> <span class='ocrx_word' id='word_1_640' title='bbox 434 2795 459 2824; x_wconf 71' lang='grc'><strong>4.</strong></span> 
     </span>
    </p>
   </div>
   <div class='ocr_carea' id='block_1_92' title="bbox 257 2835 440 2883">
    <p class='ocr_par' dir='ltr' id='par_1_92' title="bbox 257 2835 440 2883">
     <span class='ocr_line' id='line_1_92' title="bbox 257 2835 440 2883; baseline -0.005 -8"><span class='ocrx_word' id='word_1_641' title='bbox 257 2835 323 2883; x_wconf 55' lang='grc' dir='ltr'><strong>(87η</strong></span> <span class='ocrx_word' id='word_1_642' title='bbox 339 2841 440 2882; x_wconf 55' lang='grc' dir='ltr'>Ψόνου.</span> 
     </span>
    </p>
   </div>
   <div class='ocr_carea' id='block_1_93' title="bbox 1020 2210 1044 2240">
    <p class='ocr_par' dir='ltr' id='par_1_93' title="bbox 1020 2210 1044 2240">
     <span class='ocr_line' id='line_1_93' title="bbox 1020 2210 1044 2240; baseline 0 0"><span class='ocrx_word' id='word_1_643' title='bbox 1020 2210 1044 2240; x_wconf 88' lang='lat' dir='ltr'><strong>D</strong></span> 
     </span>
    </p>
   </div>
   <div class='ocr_carea' id='block_1_94' title="bbox 1057 1592 1831 1629">
    <p class='ocr_par' dir='ltr' id='par_1_94' title="bbox 1057 1592 1831 1629">
     <span class='ocr_line' id='line_1_94' title="bbox 1057 1592 1831 1629; baseline -0.001 -9"><span class='ocrx_word' id='word_1_644' title='bbox 1057 1603 1116 1629; x_wconf 84' lang='grc' dir='ltr'>μεν,</span> <span class='ocrx_word' id='word_1_645' title='bbox 1142 1594 1187 1620; x_wconf 80' lang='grc' dir='ltr'><strong>ἵνα</strong></span> <span class='ocrx_word' id='word_1_646' title='bbox 1213 1594 1250 1629; x_wconf 84' lang='grc' dir='ltr'>μὴ</span> <span class='ocrx_word' id='word_1_647' title='bbox 1278 1593 1371 1620; x_wconf 77' lang='grc' dir='ltr'>τοῦτον</span> <span class='ocrx_word' id='word_1_648' title='bbox 1391 1594 1496 1629; x_wconf 77' lang='grc' dir='ltr'>ἔχωμεν</span> <span class='ocrx_word' id='word_1_649' title='bbox 1515 1593 1561 1620; x_wconf 73' lang='grc' dir='ltr'><strong>νῦν</strong></span> <span class='ocrx_word' id='word_1_650' title='bbox 1577 1595 1622 1621; x_wconf 75' lang='grc' dir='ltr'><strong>τὸν</strong></span> <span class='ocrx_word' id='word_1_651' title='bbox 1637 1594 1716 1629; x_wconf 79' lang='grc' dir='ltr'>ζόφον</span> <span class='ocrx_word' id='word_1_652' title='bbox 1731 1593 1775 1620; x_wconf 71' lang='grc' dir='ltr'>καὶ</span> <span class='ocrx_word' id='word_1_653' title='bbox 1789 1592 1831 1628; x_wconf 81' lang='grc' dir='ltr'>τὴν</span> 
     </span>
    </p>
   </div>
   <div class='ocr_carea' id='block_1_95' title="bbox 1056 1636 1831 1675">
    <p class='ocr_par' dir='ltr' id='par_1_95' title="bbox 1056 1636 1831 1675">
     <span class='ocr_line' id='line_1_95' title="bbox 1056 1636 1831 1675; baseline -0.003 -10"><span class='ocrx_word' id='word_1_654' title='bbox 1056 1638 1209 1674; x_wconf 84' lang='grc' dir='ltr'>βαρυτάτην</span> <span class='ocrx_word' id='word_1_655' title='bbox 1228 1639 1318 1675; x_wconf 87' lang='grc' dir='ltr'>σιγὴν,</span> <span class='ocrx_word' id='word_1_656' title='bbox 1330 1639 1398 1666; x_wconf 73' lang='grc' dir='ltr'>ἀλλὰ</span> <span class='ocrx_word' id='word_1_657' title='bbox 1415 1639 1462 1665; x_wconf 79' lang='grc' dir='ltr'>καὶ</span> <span class='ocrx_word' id='word_1_658' title='bbox 1477 1640 1558 1674; x_wconf 77' lang='grc' dir='ltr'>ἡμεῖς</span> <span class='ocrx_word' id='word_1_659' title='bbox 1571 1639 1619 1665; x_wconf 72' lang='grc' dir='ltr'>τοῦ</span> <span class='ocrx_word' id='word_1_660' title='bbox 1635 1640 1722 1673; x_wconf 76' lang='grc' dir='ltr'>φωτὸς</span> <span class='ocrx_word' id='word_1_661' title='bbox 1737 1636 1831 1665; x_wconf 79' lang='grc' dir='ltr'>καὶτοῦ</span> 
     </span>
    </p>
   </div>
   <div class='ocr_carea' id='block_1_96' title="bbox 1055 1685 1831 1723">
    <p class='ocr_par' dir='ltr' id='par_1_96' title="bbox 1055 1685 1831 1723">
     <span class='ocr_line' id='line_1_96' title="bbox 1055 1685 1831 1723; baseline -0.003 -9"><span class='ocrx_word' id='word_1_662' title='bbox 1055 1687 1133 1722; x_wconf 84' lang='grc' dir='ltr'>λόγου</span> <span class='ocrx_word' id='word_1_663' title='bbox 1159 1688 1206 1714; x_wconf 77' lang='grc' dir='ltr'><strong>καὶ</strong></span> <span class='ocrx_word' id='word_1_664' title='bbox 1236 1687 1286 1723; x_wconf 82' lang='grc' dir='ltr'>τῆς</span> <span class='ocrx_word' id='word_1_665' title='bbox 1311 1688 1406 1722; x_wconf 85' lang='grc' dir='ltr'>σοφίας</span> <span class='ocrx_word' id='word_1_666' title='bbox 1434 1687 1481 1714; x_wconf 72' lang='grc' dir='ltr'><strong>τοῦ</strong></span> <span class='ocrx_word' id='word_1_667' title='bbox 1499 1687 1565 1713; x_wconf 75' lang='grc' dir='ltr'>Θεοῦ</span> <span class='ocrx_word' id='word_1_668' title='bbox 1583 1687 1652 1722; x_wconf 77' lang='grc' dir='ltr'>μετὰ</span> <span class='ocrx_word' id='word_1_669' title='bbox 1675 1687 1727 1714; x_wconf 82' lang='grc' dir='ltr'>τῶν</span> <span class='ocrx_word' id='word_1_670' title='bbox 1755 1685 1831 1720; x_wconf 85' lang='grc' dir='ltr'>ἁγίων</span> 
     </span>
    </p>
   </div>
   <div class='ocr_carea' id='block_1_97' title="bbox 1055 1731 1831 1769">
    <p class='ocr_par' dir='ltr' id='par_1_97' title="bbox 1055 1731 1831 1769">
     <span class='ocr_line' id='line_1_97' title="bbox 1055 1731 1831 1769; baseline -0.005 -9"><span class='ocrx_word' id='word_1_671' title='bbox 1055 1734 1247 1769; x_wconf 82' lang='grc' dir='ltr'>ἀπολαύωμεν,</span> <span class='ocrx_word' id='word_1_672' title='bbox 1264 1734 1301 1766; x_wconf 86' lang='grc' dir='ltr'>ὡς</span> <span class='ocrx_word' id='word_1_673' title='bbox 1319 1734 1369 1769; x_wconf 81' lang='grc' dir='ltr'>τῆς</span> <span class='ocrx_word' id='word_1_674' title='bbox 1390 1734 1464 1765; x_wconf 86' lang='grc' dir='ltr'>θείας</span> <span class='ocrx_word' id='word_1_675' title='bbox 1488 1734 1629 1768; x_wconf 88' lang='grc' dir='ltr'>γενόμενοι</span> <span class='ocrx_word' id='word_1_676' title='bbox 1653 1734 1730 1769; x_wconf 77' lang='grc' dir='ltr'>δόξης</span> <span class='ocrx_word' id='word_1_677' title='bbox 1746 1731 1831 1759; x_wconf 78' lang='grc' dir='ltr'>θεαταὶ</span> 
     </span>
    </p>
   </div>
   <div class='ocr_carea' id='block_1_98' title="bbox 1055 1777 1830 1815">
    <p class='ocr_par' dir='ltr' id='par_1_98' title="bbox 1055 1777 1830 1815">
     <span class='ocr_line' id='line_1_98' title="bbox 1055 1777 1830 1815; baseline -0.005 -9"><span class='ocrx_word' id='word_1_678' title='bbox 1055 1780 1101 1806; x_wconf 75' lang='grc' dir='ltr'><strong>καὶ</strong></span> <span class='ocrx_word' id='word_1_679' title='bbox 1114 1779 1243 1806; x_wconf 67' lang='grc' dir='ltr'>ὰκουσταὶ</span> <span class='ocrx_word' id='word_1_680' title='bbox 1251 1779 1298 1806; x_wconf 74' lang='grc' dir='ltr'>καὶ</span> <span class='ocrx_word' id='word_1_681' title='bbox 1311 1779 1426 1814; x_wconf 84' lang='grc' dir='ltr'>ὑμνῳδοί</span> <span class='ocrx_word' id='word_1_682' title='bbox 1437 1779 1482 1812; x_wconf 84' lang='grc' dir='ltr'><strong>;ΊΙ</strong></span> <span class='ocrx_word' id='word_1_683' title='bbox 1493 1780 1527 1806; x_wconf 82' lang='grc' dir='ltr'>δι’</span> <span class='ocrx_word' id='word_1_684' title='bbox 1541 1779 1653 1815; x_wconf 83' lang='grc' dir='ltr'>ἀγάπης</span> <span class='ocrx_word' id='word_1_685' title='bbox 1666 1779 1710 1806; x_wconf 79' lang='grc' dir='ltr'><strong>τὸν</strong></span> <span class='ocrx_word' id='word_1_686' title='bbox 1719 1777 1830 1805; x_wconf 77' lang='grc' dir='ltr'>ἑκούσιον</span> 
     </span>
    </p>
   </div>
   <div class='ocr_carea' id='block_1_99' title="bbox 1055 1822 1830 1860">
    <p class='ocr_par' dir='ltr' id='par_1_99' title="bbox 1055 1822 1830 1860">
     <span class='ocr_line' id='line_1_99' title="bbox 1055 1822 1830 1860; baseline -0.003 -10"><span class='ocrx_word' id='word_1_687' title='bbox 1055 1824 1102 1851; x_wconf 79' lang='grc' dir='ltr'>τοῦ</span> <span class='ocrx_word' id='word_1_688' title='bbox 1118 1824 1211 1859; x_wconf 83' lang='grc' dir='ltr'>μίσους</span> <span class='ocrx_word' id='word_1_689' title='bbox 1221 1823 1412 1860; x_wconf 81' lang='grc' dir='ltr'>ὲνεκρώσαμεν</span> <span class='ocrx_word' id='word_1_690' title='bbox 1439 1825 1576 1860; x_wconf 84' lang='grc' dir='ltr'>σκώληκα,</span> <span class='ocrx_word' id='word_1_691' title='bbox 1594 1825 1643 1851; x_wconf 75' lang='grc' dir='ltr'><strong>καὶ</strong></span> <span class='ocrx_word' id='word_1_692' title='bbox 1665 1824 1698 1850; x_wconf 78' lang='grc' dir='ltr'>δι’</span> <span class='ocrx_word' id='word_1_693' title='bbox 1715 1822 1830 1858; x_wconf 78' lang='grc' dir='ltr'>ἀληθείας</span> 
     </span>
    </p>
   </div>
   <div class='ocr_carea' id='block_1_100' title="bbox 1055 1867 1828 1905">
    <p class='ocr_par' dir='ltr' id='par_1_100' title="bbox 1055 1867 1828 1905">
     <span class='ocr_line' id='line_1_100' title="bbox 1055 1867 1828 1905; baseline -0.005 -8"><span class='ocrx_word' id='word_1_694' title='bbox 1055 1870 1085 1897; x_wconf 78' lang='grc' dir='ltr'>τὸ</span> <span class='ocrx_word' id='word_1_695' title='bbox 1099 1870 1195 1905; x_wconf 74' lang='grc' dir='ltr'>ψεῦδος</span> <span class='ocrx_word' id='word_1_696' title='bbox 1211 1870 1399 1905; x_wconf 50' lang='lat' dir='ltr'><strong>hominum;</strong></span> <span class='ocrx_word' id='word_1_697' title='bbox 1419 1870 1464 1897; x_wconf 79' lang='grc' dir='ltr'><strong>νῦν</strong></span> <span class='ocrx_word' id='word_1_698' title='bbox 1480 1870 1512 1897; x_wconf 81' lang='grc' dir='ltr'>ἂν</span> <span class='ocrx_word' id='word_1_699' title='bbox 1529 1870 1624 1896; x_wconf 84' lang='grc' dir='ltr'>τούτου</span> <span class='ocrx_word' id='word_1_700' title='bbox 1633 1870 1680 1897; x_wconf 75' lang='grc' dir='ltr'>τοῦ</span> <span class='ocrx_word' id='word_1_701' title='bbox 1694 1867 1828 1896; x_wconf 85' lang='grc' dir='ltr'>καυστικοῦ</span> 
     </span>
    </p>
   </div>
   <div class='ocr_carea' id='block_1_101' title="bbox 1056 1911 1829 1951">
    <p class='ocr_par' dir='ltr' id='par_1_101' title="bbox 1056 1911 1829 1951">
     <span class='ocr_line' id='line_1_101' title="bbox 1056 1911 1829 1951; baseline -0.005 -9"><span class='ocrx_word' id='word_1_702' title='bbox 1056 1916 1264 1951; x_wconf 81' lang='grc' dir='ltr'>καθεστήκαμεν</span> <span class='ocrx_word' id='word_1_703' title='bbox 1282 1915 1417 1951; x_wconf 78' lang='grc' dir='ltr'>ἐλεύθεροι</span> <span class='ocrx_word' id='word_1_704' title='bbox 1436 1914 1585 1950; x_wconf 85' lang='grc' dir='ltr'>σκώληκος,</span> <span class='ocrx_word' id='word_1_705' title='bbox 1604 1915 1651 1941; x_wconf 81' lang='grc' dir='ltr'>καὶ</span> <span class='ocrx_word' id='word_1_706' title='bbox 1666 1915 1718 1941; x_wconf 84' lang='grc' dir='ltr'>τῶν</span> <span class='ocrx_word' id='word_1_707' title='bbox 1740 1911 1829 1939; x_wconf 80' lang='grc' dir='ltr'>λοιπῶν</span> 
     </span>
    </p>
   </div>
   <div class='ocr_carea' id='block_1_102' title="bbox 1055 1957 1828 1996">
    <p class='ocr_par' dir='ltr' id='par_1_102' title="bbox 1055 1957 1828 1996">
     <span class='ocr_line' id='line_1_102' title="bbox 1055 1957 1828 1996; baseline -0.005 -9"><span class='ocrx_word' id='word_1_708' title='bbox 1055 1961 1101 1988; x_wconf 84' lang='grc' dir='ltr'>νῦν</span> <span class='ocrx_word' id='word_1_709' title='bbox 1118 1961 1167 1987; x_wconf 85' lang='grc' dir='ltr'>ὃσα</span> <span class='ocrx_word' id='word_1_710' title='bbox 1183 1961 1231 1996; x_wconf 81' lang='grc' dir='ltr'>τὴν</span> <span class='ocrx_word' id='word_1_711' title='bbox 1249 1960 1326 1996; x_wconf 86' lang='grc' dir='ltr'>ἡμῶν</span> <span class='ocrx_word' id='word_1_712' title='bbox 1345 1961 1449 1996; x_wconf 78' lang='grc' dir='ltr'>συνέχει</span> <span class='ocrx_word' id='word_1_713' title='bbox 1474 1960 1630 1995; x_wconf 81' lang='grc' dir='ltr'>δεινοτάτην</span> <span class='ocrx_word' id='word_1_714' title='bbox 1645 1960 1726 1996; x_wconf 80' lang='grc' dir='ltr'>ζωήν.</span> <span class='ocrx_word' id='word_1_715' title='bbox 1743 1957 1828 1985; x_wconf 85' lang='grc' dir='ltr'>Δικαία</span> 
     </span>
    </p>
   </div>
   <div class='ocr_carea' id='block_1_103' title="bbox 1056 2005 1826 2043">
    <p class='ocr_par' dir='ltr' id='par_1_103' title="bbox 1056 2005 1826 2043">
     <span class='ocr_line' id='line_1_103' title="bbox 1056 2005 1826 2043; baseline -0.001 -10"><span class='ocrx_word' id='word_1_716' title='bbox 1056 2007 1072 2042; x_wconf 80' lang='grc' dir='ltr'><strong>ἡ</strong></span> <span class='ocrx_word' id='word_1_717' title='bbox 1090 2007 1180 2043; x_wconf 85' lang='grc' dir='ltr'>κρίσις</span> <span class='ocrx_word' id='word_1_718' title='bbox 1190 2006 1235 2033; x_wconf 76' lang='grc' dir='ltr'>τοῦ</span> <span class='ocrx_word' id='word_1_719' title='bbox 1244 2006 1322 2034; x_wconf 75' lang='grc' dir='ltr'>Θεοῦ.</span> <span class='ocrx_word' id='word_1_720' title='bbox 1336 2006 1391 2041; x_wconf 84' lang='grc' dir='ltr'><strong>Οὐχ</strong></span> <span class='ocrx_word' id='word_1_721' title='bbox 1404 2006 1565 2042; x_wconf 83' lang='grc' dir='ltr'>εὑρίσκομεν</span> <span class='ocrx_word' id='word_1_722' title='bbox 1572 2007 1642 2042; x_wconf 78' lang='grc' dir='ltr'>ὅπερ</span> <span class='ocrx_word' id='word_1_723' title='bbox 1659 2005 1826 2040; x_wconf 67' lang='grc' dir='ltr'>ἐζητήσαμεν,</span> 
     </span>
    </p>
   </div>
   <div class='ocr_carea' id='block_1_104' title="bbox 1055 2048 1826 2086">
    <p class='ocr_par' dir='ltr' id='par_1_104' title="bbox 1055 2048 1826 2086">
     <span class='ocr_line' id='line_1_104' title="bbox 1055 2048 1826 2086; baseline -0.005 -9"><span class='ocrx_word' id='word_1_724' title='bbox 1055 2051 1105 2078; x_wconf 76' lang='grc' dir='ltr'><strong>οὐκ</strong></span> <span class='ocrx_word' id='word_1_725' title='bbox 1117 2051 1254 2085; x_wconf 80' lang='grc' dir='ltr'>ἀνοίγεται</span> <span class='ocrx_word' id='word_1_726' title='bbox 1267 2052 1332 2086; x_wconf 81' lang='grc' dir='ltr'>ἡμῖν</span> <span class='ocrx_word' id='word_1_727' title='bbox 1347 2050 1415 2086; x_wconf 87' lang='grc' dir='ltr'>θύρα</span> <span class='ocrx_word' id='word_1_728' title='bbox 1431 2051 1480 2086; x_wconf 81' lang='grc' dir='ltr'>τῆς</span> <span class='ocrx_word' id='word_1_729' title='bbox 1491 2051 1629 2085; x_wconf 79' lang='grc' dir='ltr'>βασιλείας</span> <span class='ocrx_word' id='word_1_730' title='bbox 1641 2050 1695 2077; x_wconf 81' lang='grc' dir='ltr'>τῶν</span> <span class='ocrx_word' id='word_1_731' title='bbox 1707 2048 1826 2085; x_wconf 75' lang='grc' dir='ltr'>οὐρανῶν.</span> 
     </span>
    </p>
   </div>
   <div class='ocr_carea' id='block_1_105' title="bbox 1062 2093 1827 2132">
    <p class='ocr_par' dir='ltr' id='par_1_105' title="bbox 1062 2093 1827 2132">
     <span class='ocr_line' id='line_1_105' title="bbox 1062 2093 1827 2132; baseline -0.003 -10"><span class='ocrx_word' id='word_1_732' title='bbox 1062 2096 1170 2132; x_wconf 79' lang='grc' dir='ltr'>Ἐπειδὴ</span> <span class='ocrx_word' id='word_1_733' title='bbox 1187 2097 1240 2131; x_wconf 85' lang='grc' dir='ltr'><strong>γὰρ</strong></span> <span class='ocrx_word' id='word_1_734' title='bbox 1250 2097 1299 2132; x_wconf 83' lang='grc' dir='ltr'>τὴν</span> <span class='ocrx_word' id='word_1_735' title='bbox 1311 2096 1396 2132; x_wconf 87' lang='grc' dir='ltr'>θύραν</span> <span class='ocrx_word' id='word_1_736' title='bbox 1407 2096 1460 2122; x_wconf 82' lang='grc' dir='ltr'><strong>τῶν</strong></span> <span class='ocrx_word' id='word_1_737' title='bbox 1470 2096 1579 2130; x_wconf 77' lang='grc' dir='ltr'>ἀγαθῶν</span> <span class='ocrx_word' id='word_1_738' title='bbox 1592 2096 1636 2123; x_wconf 81' lang='grc' dir='ltr'><strong>διὰ</strong></span> <span class='ocrx_word' id='word_1_739' title='bbox 1653 2095 1772 2131; x_wconf 80' lang='grc' dir='ltr'>πράξεως</span> <span class='ocrx_word' id='word_1_740' title='bbox 1785 2093 1827 2119; x_wconf 74' lang='grc' dir='ltr'><strong>οὐκ</strong></span> 
     </span>
    </p>
   </div>
   <div class='ocr_carea' id='block_1_106' title="bbox 1056 2138 1826 2178">
    <p class='ocr_par' dir='ltr' id='par_1_106' title="bbox 1056 2138 1826 2178">
     <span class='ocr_line' id='line_1_106' title="bbox 1056 2138 1826 2178; baseline -0.005 -9"><span class='ocrx_word' id='word_1_741' title='bbox 1056 2143 1234 2178; x_wconf 80' lang='grc' dir='ltr'>ὲκρούσαμεν,</span> <span class='ocrx_word' id='word_1_742' title='bbox 1263 2143 1294 2169; x_wconf 89' lang='grc' dir='ltr'><strong>οὺ</strong></span> <span class='ocrx_word' id='word_1_743' title='bbox 1322 2142 1495 2177; x_wconf 74' lang='grc' dir='ltr'>λαμϐάνομεν</span> <span class='ocrx_word' id='word_1_744' title='bbox 1520 2142 1573 2168; x_wconf 82' lang='grc' dir='ltr'>τῶν</span> <span class='ocrx_word' id='word_1_745' title='bbox 1592 2142 1707 2168; x_wconf 80' lang='grc' dir='ltr'>αἰωνίων</span> <span class='ocrx_word' id='word_1_746' title='bbox 1729 2138 1826 2174; x_wconf 83' lang='grc' dir='ltr'>ἀγαθῶν</span> 
     </span>
    </p>
   </div>
   <div class='ocr_carea' id='block_1_107' title="bbox 1055 2183 1826 2223">
    <p class='ocr_par' dir='ltr' id='par_1_107' title="bbox 1055 2183 1826 2223">
     <span class='ocr_line' id='line_1_107' title="bbox 1055 2183 1826 2223; baseline -0.003 -8"><span class='ocrx_word' id='word_1_747' title='bbox 1055 2188 1104 2223; x_wconf 84' lang='grc' dir='ltr'>τὴν</span> <span class='ocrx_word' id='word_1_748' title='bbox 1120 2188 1268 2215; x_wconf 83' lang='grc' dir='ltr'>ἀπόλαυσιν</span> <span class='ocrx_word' id='word_1_749' title='bbox 1281 2197 1288 2203; x_wconf 79' lang='grc'><em>’</em></span> <span class='ocrx_word' id='word_1_750' title='bbox 1305 2188 1397 2223; x_wconf 76' lang='grc' dir='ltr'>ἐπειδὴ</span> <span class='ocrx_word' id='word_1_751' title='bbox 1412 2188 1444 2214; x_wconf 77' lang='grc' dir='ltr'>δι’</span> <span class='ocrx_word' id='word_1_752' title='bbox 1453 2188 1536 2223; x_wconf 76' lang='grc' dir='ltr'>εὐχῆς</span> <span class='ocrx_word' id='word_1_753' title='bbox 1550 2188 1600 2223; x_wconf 79' lang='grc' dir='ltr'>τὴν</span> <span class='ocrx_word' id='word_1_754' title='bbox 1614 2188 1693 2223; x_wconf 83' lang='grc' dir='ltr'>χάριν</span> <span class='ocrx_word' id='word_1_755' title='bbox 1708 2187 1755 2221; x_wconf 85' lang='grc' dir='ltr'>τῆς</span> <span class='ocrx_word' id='word_1_756' title='bbox 1764 2183 1826 2219; x_wconf 72' lang='grc' dir='ltr'>γνώσ</span> 
     </span>
    </p>
   </div>
   <div class='ocr_carea' id='block_1_108' title="bbox 1058 2231 1826 2272">
    <p class='ocr_par' dir='ltr' id='par_1_108' title="bbox 1058 2231 1826 2272">
     <span class='ocr_line' id='line_1_108' title="bbox 1058 2231 1826 2272; baseline -0.004 -12"><span class='ocrx_word' id='word_1_757' title='bbox 1058 2243 1126 2266; x_wconf 86' lang='grc' dir='ltr'>σεως</span> <span class='ocrx_word' id='word_1_758' title='bbox 1141 2234 1190 2260; x_wconf 78' lang='grc' dir='ltr'>οὐκ</span> <span class='ocrx_word' id='word_1_759' title='bbox 1203 2235 1358 2269; x_wconf 79' lang='grc' dir='ltr'>ᾑτήσαμεν”</span> <span class='ocrx_word' id='word_1_760' title='bbox 1379 2234 1482 2268; x_wconf 76' lang='grc' dir='ltr'>(οὐδένα</span> <span class='ocrx_word' id='word_1_761' title='bbox 1501 2234 1554 2272; x_wconf 80' lang='grc' dir='ltr'>γὰρ</span> <span class='ocrx_word' id='word_1_762' title='bbox 1570 2234 1624 2260; x_wconf 86' lang='grc' dir='ltr'>τῶν</span> <span class='ocrx_word' id='word_1_763' title='bbox 1642 2233 1719 2260; x_wconf 85' lang='grc' dir='ltr'>θείων</span> <span class='ocrx_word' id='word_1_764' title='bbox 1729 2231 1826 2266; x_wconf 77' lang='grc' dir='ltr'>εἴχομεν</span> 
     </span>
    </p>
   </div>
   <div class='ocr_carea' id='block_1_109' title="bbox 1057 2278 1824 2315">
    <p class='ocr_par' dir='ltr' id='par_1_109' title="bbox 1057 2278 1824 2315">
     <span class='ocr_line' id='line_1_109' title="bbox 1057 2278 1824 2315; baseline -0.004 -10"><span class='ocrx_word' id='word_1_765' title='bbox 1057 2280 1157 2315; x_wconf 70' lang='grc' dir='ltr'>ἔρωτα,</span> <span class='ocrx_word' id='word_1_766' title='bbox 1180 2279 1257 2311; x_wconf 81' lang='grc' dir='ltr'>ἀλλὰ,</span> <span class='ocrx_word' id='word_1_767' title='bbox 1281 2280 1338 2310; x_wconf 81' lang='grc' dir='ltr'>τοῖς</span> <span class='ocrx_word' id='word_1_768' title='bbox 1358 2279 1462 2314; x_wconf 84' lang='grc' dir='ltr'>γηῖνοις</span> <span class='ocrx_word' id='word_1_769' title='bbox 1477 2279 1522 2305; x_wconf 83' lang='grc' dir='ltr'>τὸν</span> <span class='ocrx_word' id='word_1_770' title='bbox 1536 2279 1597 2306; x_wconf 83' lang='grc' dir='ltr'>νοῦν</span> <span class='ocrx_word' id='word_1_771' title='bbox 1628 2278 1824 2313; x_wconf 79' lang='grc' dir='ltr'>καταδήσαντες.</span> 
     </span>
    </p>
   </div>
   <div class='ocr_carea' id='block_1_110' title="bbox 1057 2321 1825 2362">
    <p class='ocr_par' dir='ltr' id='par_1_110' title="bbox 1057 2321 1825 2362">
     <span class='ocr_line' id='line_1_110' title="bbox 1057 2321 1825 2362; baseline 0 -11"><span class='ocrx_word' id='word_1_772' title='bbox 1057 2326 1146 2352; x_wconf 84' lang='grc' dir='ltr'>πᾶσαν</span> <span class='ocrx_word' id='word_1_773' title='bbox 1176 2325 1266 2356; x_wconf 76' lang='grc' dir='ltr'>αὐτοῖς</span> <span class='ocrx_word' id='word_1_774' title='bbox 1289 2325 1354 2360; x_wconf 80' lang='grc' dir='ltr'>ἡμῖν</span> <span class='ocrx_word' id='word_1_775' title='bbox 1375 2325 1423 2360; x_wconf 82' lang='grc' dir='ltr'>τὴν</span> <span class='ocrx_word' id='word_1_776' title='bbox 1440 2324 1510 2361; x_wconf 80' lang='grc' dir='ltr'>ζωὴν</span> <span class='ocrx_word' id='word_1_777' title='bbox 1526 2323 1766 2362; x_wconf 80' lang='grc' dir='ltr'>συνεφθείραμεν’)</span> <span class='ocrx_word' id='word_1_778' title='bbox 1781 2321 1825 2348; x_wconf 86' lang='grc' dir='ltr'>κά-</span> 
     </span>
    </p>
   </div>
   <div class='ocr_carea' id='block_1_111' title="bbox 1056 2366 1823 2405">
    <p class='ocr_par' dir='ltr' id='par_1_111' title="bbox 1056 2366 1823 2405">
     <span class='ocr_line' id='line_1_111' title="bbox 1056 2366 1823 2405; baseline -0.003 -10"><span class='ocrx_word' id='word_1_779' title='bbox 1056 2371 1132 2396; x_wconf 85' lang='grc' dir='ltr'>κεῖνα</span> <span class='ocrx_word' id='word_1_780' title='bbox 1143 2370 1190 2405; x_wconf 82' lang='grc' dir='ltr'>μὲν</span> <span class='ocrx_word' id='word_1_781' title='bbox 1199 2369 1286 2395; x_wconf 85' lang='grc' dir='ltr'>πάντα</span> <span class='ocrx_word' id='word_1_782' title='bbox 1295 2370 1397 2396; x_wconf 78' lang='grc' dir='ltr'>καπνοῦ</span> <span class='ocrx_word' id='word_1_783' title='bbox 1408 2369 1485 2404; x_wconf 82' lang='grc' dir='ltr'>δίκην</span> <span class='ocrx_word' id='word_1_784' title='bbox 1499 2369 1680 2403; x_wconf 81' lang='grc' dir='ltr'>ἀφανισθέντα</span> <span class='ocrx_word' id='word_1_785' title='bbox 1689 2366 1823 2404; x_wconf 83' lang='grc' dir='ltr'>παρῆλθεν·</span> 
     </span>
    </p>
   </div>
   <div class='ocr_carea' id='block_1_112' title="bbox 1018 2418 1209 2454">
    <p class='ocr_par' dir='ltr' id='par_1_112' title="bbox 1018 2418 1209 2454">
     <span class='ocr_line' id='line_1_112' title="bbox 1018 2418 1209 2454; baseline -0.005 -9"><span class='ocrx_word' id='word_1_786' title='bbox 1018 2418 1209 2454; x_wconf 85' lang='grc' dir='ltr'>ἀπαρόδευτος.</span> 
     </span>
    </p>
   </div>
   <div class='ocr_carea' id='block_1_113' title="bbox 1091 2463 1826 2500">
    <p class='ocr_par' dir='ltr' id='par_1_113' title="bbox 1091 2463 1826 2500">
     <span class='ocr_line' id='line_1_113' title="bbox 1091 2463 1826 2500; baseline -0.004 -9"><span class='ocrx_word' id='word_1_787' title='bbox 1091 2465 1118 2491; x_wconf 86' lang='grc'><strong>6.</strong></span> <span class='ocrx_word' id='word_1_788' title='bbox 1133 2465 1187 2490; x_wconf 79' lang='grc' dir='ltr'><strong>Καὶ</strong></span> <span class='ocrx_word' id='word_1_789' title='bbox 1202 2463 1286 2491; x_wconf 76' lang='grc' dir='ltr'>ταῦτα</span> <span class='ocrx_word' id='word_1_790' title='bbox 1298 2464 1346 2500; x_wconf 81' lang='grc' dir='ltr'>μὲν</span> <span class='ocrx_word' id='word_1_791' title='bbox 1352 2464 1448 2490; x_wconf 74' lang='grc' dir='ltr'>ἐκεῖνοι</span> <span class='ocrx_word' id='word_1_792' title='bbox 1460 2463 1508 2499; x_wconf 85' lang='grc' dir='ltr'><strong>τῆς</strong></span> <span class='ocrx_word' id='word_1_793' title='bbox 1520 2463 1593 2495; x_wconf 85' lang='grc' dir='ltr'>θείας</span> <span class='ocrx_word' id='word_1_794' title='bbox 1603 2463 1770 2497; x_wconf 84' lang='grc' dir='ltr'>δικαιοσύνης</span> <span class='ocrx_word' id='word_1_795' title='bbox 1783 2468 1826 2494; x_wconf 75' lang='grc' dir='ltr'>με·</span> 
     </span>
    </p>
   </div>
   <div class='ocr_carea' id='block_1_114' title="bbox 1056 2506 1826 2547">
    <p class='ocr_par' dir='ltr' id='par_1_114' title="bbox 1056 2506 1826 2547">
     <span class='ocr_line' id='line_1_114' title="bbox 1056 2506 1826 2547; baseline -0.008 -9"><span class='ocrx_word' id='word_1_796' title='bbox 1056 2511 1280 2547; x_wconf 82' lang='grc' dir='ltr'>ταμανθάνοντες,</span> <span class='ocrx_word' id='word_1_797' title='bbox 1317 2510 1346 2542; x_wconf 79' lang='grc' dir='ltr'>ἐξ</span> <span class='ocrx_word' id='word_1_798' title='bbox 1370 2507 1406 2537; x_wconf 80' lang='grc' dir='ltr'>ὧν</span> <span class='ocrx_word' id='word_1_799' title='bbox 1429 2510 1561 2546; x_wconf 80' lang='grc' dir='ltr'>πάσχουσι</span> <span class='ocrx_word' id='word_1_800' title='bbox 1578 2510 1627 2546; x_wconf 84' lang='grc' dir='ltr'>τὴν</span> <span class='ocrx_word' id='word_1_801' title='bbox 1646 2510 1772 2544; x_wconf 86' lang='grc' dir='ltr'>δύναμιν,</span> <span class='ocrx_word' id='word_1_802' title='bbox 1792 2506 1826 2537; x_wconf 84' lang='grc' dir='ltr'>ὡς</span> 
     </span>
    </p>
   </div>
   <div class='ocr_carea' id='block_1_115' title="bbox 1056 2550 1825 2592">
    <p class='ocr_par' dir='ltr' id='par_1_115' title="bbox 1056 2550 1825 2592">
     <span class='ocr_line' id='line_1_115' title="bbox 1056 2550 1825 2592; baseline -0.007 -8"><span class='ocrx_word' id='word_1_803' title='bbox 1056 2557 1134 2592; x_wconf 79' lang='grc' dir='ltr'>τύπῳ</span> <span class='ocrx_word' id='word_1_804' title='bbox 1163 2556 1326 2592; x_wconf 75' lang='grc' dir='ltr'>περιλαϐεῖν,</span> <span class='ocrx_word' id='word_1_805' title='bbox 1358 2556 1481 2591; x_wconf 86' lang='grc' dir='ltr'>ἀλλήλοις</span> <span class='ocrx_word' id='word_1_806' title='bbox 1507 2555 1734 2590; x_wconf 76' lang='grc' dir='ltr'>διαλεχθήσονται.</span> <span class='ocrx_word' id='word_1_807' title='bbox 1763 2550 1825 2586; x_wconf 83' lang='grc' dir='ltr'>Ἐγὼ</span> 
     </span>
    </p>
   </div>
   <div class='ocr_carea' id='block_1_116' title="bbox 1055 2597 1825 2637">
    <p class='ocr_par' dir='ltr' id='par_1_116' title="bbox 1055 2597 1825 2637">
     <span class='ocr_line' id='line_1_116' title="bbox 1055 2597 1825 2637; baseline -0.004 -8"><span class='ocrx_word' id='word_1_808' title='bbox 1055 2603 1084 2629; x_wconf 85' lang='grc' dir='ltr'>δὲ</span> <span class='ocrx_word' id='word_1_809' title='bbox 1097 2602 1137 2634; x_wconf 84' lang='grc' dir='ltr'><strong>τίς</strong></span> <span class='ocrx_word' id='word_1_810' title='bbox 1153 2603 1295 2637; x_wconf 88' lang='grc' dir='ltr'>γενόμενος</span> <span class='ocrx_word' id='word_1_811' title='bbox 1311 2601 1402 2633; x_wconf 84' lang='grc' dir='ltr'>τάλας,</span> <span class='ocrx_word' id='word_1_812' title='bbox 1425 2602 1495 2628; x_wconf 86' lang='grc' dir='ltr'>τίσιν</span> <span class='ocrx_word' id='word_1_813' title='bbox 1514 2601 1681 2636; x_wconf 81' lang='grc' dir='ltr'>ἐρειδόμενος</span> <span class='ocrx_word' id='word_1_814' title='bbox 1705 2597 1825 2634; x_wconf 79' lang='grc' dir='ltr'>πράξεσιν</span> 
     </span>
    </p>
   </div>
   <div class='ocr_carea' id='block_1_117' title="bbox 1055 2643 1825 2683">
    <p class='ocr_par' dir='ltr' id='par_1_117' title="bbox 1055 2643 1825 2683">
     <span class='ocr_line' id='line_1_117' title="bbox 1055 2643 1825 2683; baseline -0.004 -8"><span class='ocrx_word' id='word_1_815' title='bbox 1055 2648 1157 2675; x_wconf 75' lang='grc' dir='ltr'>ἐλπίσω</span> <span class='ocrx_word' id='word_1_816' title='bbox 1172 2648 1222 2683; x_wconf 83' lang='grc' dir='ltr'>τῆς</span> <span class='ocrx_word' id='word_1_817' title='bbox 1237 2648 1353 2683; x_wconf 77' lang='grc' dir='ltr'>φοϐερᾶς</span> <span class='ocrx_word' id='word_1_818' title='bbox 1369 2647 1539 2682; x_wconf 75' lang='grc' dir='ltr'>ἐξαιρεθῆναι</span> <span class='ocrx_word' id='word_1_819' title='bbox 1561 2647 1746 2682; x_wconf 81' lang='grc' dir='ltr'>κατακρίσεως</span> <span class='ocrx_word' id='word_1_820' title='bbox 1757 2653 1763 2676; x_wconf 87' lang='lat'><strong>;</strong></span> <span class='ocrx_word' id='word_1_821' title='bbox 1776 2643 1825 2669; x_wconf 78' lang='grc' dir='ltr'><strong>Πά-</strong></span> 
     </span>
    </p>
   </div>
   <div class='ocr_carea' id='block_1_118' title="bbox 1057 2691 1823 2730">
    <p class='ocr_par' dir='ltr' id='par_1_118' title="bbox 1057 2691 1823 2730">
     <span class='ocr_line' id='line_1_118' title="bbox 1057 2691 1823 2730; baseline -0.007 -9"><span class='ocrx_word' id='word_1_822' title='bbox 1057 2703 1105 2730; x_wconf 86' lang='grc' dir='ltr'><strong>σης</strong></span> <span class='ocrx_word' id='word_1_823' title='bbox 1126 2695 1224 2730; x_wconf 84' lang='grc' dir='ltr'>ἀρετῆς</span> <span class='ocrx_word' id='word_1_824' title='bbox 1252 2695 1297 2720; x_wconf 71' lang='grc' dir='ltr'>καὶ</span> <span class='ocrx_word' id='word_1_825' title='bbox 1325 2694 1410 2729; x_wconf 82' lang='grc' dir='ltr'>πάσης</span> <span class='ocrx_word' id='word_1_826' title='bbox 1435 2693 1558 2728; x_wconf 83' lang='grc' dir='ltr'>γνώσεως</span> <span class='ocrx_word' id='word_1_827' title='bbox 1579 2693 1708 2728; x_wconf 80' lang='grc' dir='ltr'>ΰπάρχων</span> <span class='ocrx_word' id='word_1_828' title='bbox 1722 2691 1823 2726; x_wconf 73' lang='grc' dir='ltr'>ἔρημος.</span> 
     </span>
    </p>
   </div>
   <div class='ocr_carea' id='block_1_119' title="bbox 1057 2736 1825 2784">
    <p class='ocr_par' dir='ltr' id='par_1_119' title="bbox 1057 2736 1825 2784">
     <span class='ocr_line' id='line_1_119' title="bbox 1057 2736 1825 2784; baseline -0.009 -16"><span class='ocrx_word' id='word_1_829' title='bbox 1057 2741 1158 2775; x_wconf 76' lang='grc' dir='ltr'>δέδοικα</span> <span class='ocrx_word' id='word_1_830' title='bbox 1221 2740 1305 2772; x_wconf 77' lang='grc' dir='ltr'>δεθεὶς</span> <span class='ocrx_word' id='word_1_831' title='bbox 1321 2741 1413 2775; x_wconf 80' lang='grc' dir='ltr'>χεῖρας</span> <span class='ocrx_word' id='word_1_832' title='bbox 1431 2740 1476 2766; x_wconf 67' lang='grc' dir='ltr'>καὶ</span> <span class='ocrx_word' id='word_1_833' title='bbox 1485 2740 1566 2771; x_wconf 85' lang='grc' dir='ltr'>πόδας</span> <span class='ocrx_word' id='word_1_834' title='bbox 1579 2739 1648 2776; x_wconf 79' lang='grc' dir='ltr'><strong>ῥιφῶ</strong></span> <span class='ocrx_word' id='word_1_835' title='bbox 1662 2739 1699 2769; x_wconf 84' lang='grc' dir='ltr'><strong>είς</strong></span> <span class='ocrx_word' id='word_1_836' title='bbox 1709 2736 1758 2771; x_wconf 83' lang='grc' dir='ltr'>γῆν</span> <span class='ocrx_word' id='word_1_837' title='bbox 1770 2742 1825 2761; x_wconf 50' lang='lat' dir='ltr'><strong>eme</strong></span> 
     </span>
    </p>
   </div>
  </div>
