1924 3059
125 66 177 97 597

615 71 842 105 QUA‘ZSTIONES
862 72 906 99 AD
927 71 1128 100 ANTIOCHUM
1149 72 1276 101 DUCEM.

1681 73 1733 102 598

123 128 213 163 τεινὴν
238 128 285 154 καὶ
301 129 443 164 γνοφερὰν,
460 130 500 160 είς
518 130 569 164 γῆν
585 130 696 161 σκότους
710 130 829 162 αἰωνίου,
844 129 904 156 ἔνθα

959 134 1053 157 terram
1070 130 1242 157 tenebrarum
1266 133 1438 161 aeternarum.
1456 130 1501 157 ubi
1529 138 1616 166 neque
1646 131 1733 159 lucem

123 176 174 202 οὐκ
189 174 246 201 ἐστι
262 175 360 208 φέγγος
376 175 436 201 οὐδὲ
457 176 522 211 ὁρᾷν
545 176 616 211 ζωὴν
636 175 748 211 βροτῶν,
765 176 802 208 ὡς
824 177 906 212 δήσας

123 223 180 253 τοῖς
203 219 316 247 πάθεσιν
339 221 467 252 ἑκουσίως
495 221 543 252 τὰς
568 221 722 256 πρακτικὰς
747 222 795 256 τῆς
819 221 906 256 ψυχῆς

124 266 233 302 ἀρετὰς,
263 267 309 293 καὶ
334 267 387 293 ἀπὸ
405 267 451 293 τοῦ
474 268 546 294 θείου
570 268 670 303 δρόμου
686 268 735 303 τῆς
759 267 906 302 ἁγγελικῆς

124 312 272 343 πολιτείας.
286 312 410 350 κωλύσας
421 312 521 347 ταύτης
528 312 562 339 τὰ
578 313 742 348 διαδήματα.
761 312 904 348 ΊλάσΟητι,

124 358 235 393 Χριστὲ,
267 358 314 383 καὶ
340 357 425 384 σῶσον
447 359 519 393 ἡμᾶς
541 358 641 393 ταύτης
667 360 716 393 τῆς
740 358 844 392 ὀδύνης.
859 356 905 389 Οἷς

122 402 178 438 γὰρ
194 402 264 428 κατὰ
281 402 419 429 τὸναὶῶνςι
442 403 534 429 τοῦτον
557 402 601 429 διὰ
617 403 669 429 τῶν
687 403 905 438 ἐπιτηδευμάτων

121 448 201 483 ἡμῶν
211 447 265 474 τῶν
282 448 407 483 πονηρῶν
423 450 542 475 συνεῖναι
554 449 624 475 κατὰ
637 449 744 483 Θέλησιν
760 448 905 483 γνωμικῶς

122 493 318 529 ἐπελεξάμεθα,
336 494 384 519 σὺν
397 494 499 525 τούτοις
516 494 626 525 εἰκότως
645 493 674 526 ἐξ
696 494 816 529 ἀνάγκης
837 491 904 519 εἶναι

122 539 194 566 κατὰ
207 539 252 565 τὸν
265 539 348 566 αἰῶνα
364 539 408 566 τὸν
432 539 560 574 μέλλοντα
583 540 619 574 μὴ
643 539 762 570 θέλοντες
777 547 905 574 κατακρι-

122 586 271 621 θησόμεοα.
289 583 384 612 Ἔσται
397 585 451 621 γὰρ
463 586 500 617 ὡς
514 586 629 620 ἀληθῶς,
642 585 717 612 ἔσται
739 585 843 620 καιρὸς,
861 585 904 610 ὅτε

122 631 226 667 φοϐερὰ
240 640 281 663 τις
297 631 388 666 βοήσει
401 631 517 664 σάλπιγξ
533 631 609 665 ξένην
629 630 725 665 ἔχουσα
742 631 841 666 φωνὴν,
859 631 905 657 καὶ

121 677 152 704 τὸ
169 679 222 704 πᾶν
233 676 312 703 τοῦτο
323 677 467 711 λυθήσεται
482 676 623 703 διαπεπτον
642 677 691 711 τῆς
704 678 731 702 ἐν
747 676 819 711 αὐτῷ
836 677 904 712 ὁρω-

123 722 208 757 μένης
221 722 439 758 διακοσμήσεως·
452 723 465 749 ὁ
481 722 529 757 μὲν
553 722 712 757 φαινόμενος
728 722 828 757 κόσμος
845 722 904 754 ὅλος

121 767 319 802 παρελεύσεται
331 768 378 802 τὴν
388 768 489 793 οἰκείαν
500 767 644 802 λαμϐάνων
661 768 812 795 συντέλειαν
823 776 829 782 ·
847 768 860 793 ὁ
876 767 903 794 δὲ

121 812 170 839 νῦν
195 812 416 848 προσδοκώμενος
440 813 492 840 τῶν
514 813 597 840 ὄντων
615 814 762 848 φανήσεται
785 813 902 848 κόσμος,

120 857 270 893 ὀφθαλμοῖς
282 859 329 885 καὶ
339 859 432 890 ἀκοαῖς
445 860 491 885 καὶ
504 858 632 890 διανοίαις
652 858 713 892 ξένα
726 859 813 885 πάντα
827 859 904 894 κομί-

120 904 177 936 ζων
202 905 347 940 μυστήρια.
365 905 394 931 '0
410 905 438 931 δὲ
462 905 527 936 Θεὸς
552 904 659 940 ἑκάστῳ
679 904 746 940 πρὸς
765 904 783 930 ἃ
799 904 842 930 διὰ
857 903 903 930 τοῦ

121 948 248 984 σώματος
257 948 383 984 ἔπραξεν,
398 949 452 976 εἴτε
465 949 546 976 καλὸν
569 950 622 975 εἴτε
635 949 745 983 φαῦλον,
758 950 816 975 κατ’
827 948 904 981 ἀξίαν

120 995 284 1022 ἀποδίδωσι·
303 996 374 1031 μέγα
388 996 435 1022 καὶ
453 995 566 1031 φοϐερὸν
581 996 628 1022 καὶ
644 996 682 1027 εἰς
699 995 809 1030 ἔσχατον
822 995 904 1021 πᾶσιν

119 1041 262 1073 ἀποδιδοὺς
279 1041 468 1077 συγκλεισμόν.
493 1041 572 1068 nam
594 1042 696 1076 γένοιτο
712 1041 814 1072 πάντας
832 1041 904 1075 ἡμᾶς

119 1087 167 1114 τόν
192 1095 222 1113 τε
246 1088 377 1123 σωτήριον
391 1088 441 1123 τῆς
457 1088 568 1122 γεέννης
589 1088 679 1122 φόϐον,
700 1088 746 1115 καὶ
760 1088 805 1113 τὸν
816 1089 904 1122 τίμιον

121 1133 203 1160 πόθον
218 1133 268 1168 τῆς
292 1134 346 1161 τῶν
368 1133 488 1169 οὐρανῶν
513 1133 648 1168 βασιλείας
679 1133 836 1160 ἀναλαϐεῖνί
861 1132 904 1158 τὸν

123 1179 173 1214 μὲν
185 1179 266 1213 φόϐον
285 1179 400 1215 παντελῆ
415 1179 468 1206 τῶν
489 1179 579 1205 κακῶν
597 1180 661 1214 ἡμῖν
681 1179 784 1213 ἀποχὴν
797 1178 842 1204 καὶ
856 1178 904 1212 ἀρ-

120 1225 184 1259 γίαν
201 1224 327 1252 ποιοῦντα
336 1234 342 1239 ·
358 1225 402 1251 τὸν
413 1225 440 1251 δὲ
458 1225 537 1252 πόθον
552 1225 598 1252 καὶ
610 1225 649 1256 είς
661 1224 709 1256 τὰς
722 1224 775 1251 τῶν
794 1223 904 1258 ἀγαθῶν

120 1272 235 1307 πράξεις
261 1272 481 1307 προτρεπόμενον
503 1271 612 1308 ἱλαρῶς,
646 1271 689 1298 ἵνα
712 1271 836 1306 τύχωμεν
851 1271 903 1297 τῶν

120 1317 334 1353 ἐπηγγελμένων
360 1317 469 1352 ἀγαθῶν
490 1317 539 1352 τὴν
568 1317 716 1344 ἀπόλαυσιν
741 1318 769 1343 ἐν
794 1316 904 1352 Χριστῷ

127 1363 215 1398 Ἰησού
231 1362 269 1398 τῷ
282 1362 377 1398 Κυρίῳ
393 1362 481 1398 ἡμῶν,
494 1359 515 1396 ᾧ
532 1363 548 1397 ἡ
562 1362 624 1394 δόξα
642 1361 728 1389 καὶτὸ
744 1362 842 1397 κράτος
858 1361 904 1387 σὺν

119 1408 159 1444 τῷ
172 1407 281 1444 ἀνάρχῳ
295 1409 402 1442 (nam)
418 1408 464 1434 καὶ
479 1407 603 1442 παναγίῳ
615 1407 660 1433 καὶ
677 1407 770 1442 ἀγαθῷ
785 1406 906 1438 καὶζωο-

121 1453 191 1487 ποιῷ
204 1453 286 1479 αὑτοῦ
299 1453 436 1488 Πνεὺματι
449 1452 495 1480 νῦν
507 1452 554 1479 καὶ
573 1452 615 1479 ἀεὶ
625 1452 671 1479 καὶ
683 1452 722 1483 εἰς
732 1452 795 1483 τοὺς
805 1451 904 1482 αἰῶνας

120 1498 175 1527 τῶν
187 1497 304 1526 αἰώνων.
321 1499 417 1534 Ἀμήν.

157 1586 225 1614 ΤΟΥ
235 1587 280 1614 EN
290 1586 398 1614 ΑΓιοιΣ
412 1588 545 1614 ΠΛΤΡΟΣ
559 1588 657 1614 ΗΜΩΝ
675 1587 867 1614 ΑΘΛΝΑΣΙΟΥ
914 1596 938 1626 c

284 1655 508 1690 ’Δρχιεπισκόπου
537 1655 747 1692 Ἀλεξανδρείας,

121 1722 202 1758 Πρὸς
217 1714 364 1757 Ἀντίοχον·
380 1722 508 1757 ἄρχοντα
526 1723 591 1758 (88),
605 1723 671 1757 περὶ
689 1723 839 1749 πλείστων
857 1721 905 1748 καὶ

158 1758 330 1792 ἀναγκαίων
340 1758 519 1792 ζητημάτων,
534 1758 591 1784 τῶν
602 1758 636 1784 ἐν
649 1758 714 1790 ταῖς
725 1759 816 1790 θείαις
831 1758 855 1783 Γ
853 1765 905 1791 ρα-

158 1793 227 1828 φαῐς
242 1793 462 1827 ἀπορουμένων,
477 1793 525 1819 καί
539 1794 618 1827 παρὰ
629 1792 703 1820 πᾶσι
721 1792 905 1827 Χριστιανιιῐς

158 1827 357 1864 γινώσκεσθαι
371 1828 580 1863 ὀφειλομένων.

165 1918 313 1954 Ἐρώτησις
329 1917 363 1945 α’.
379 1918 574 1950 Πιστεύσαντες
596 1919 642 1945 καὶ
667 1918 856 1952 βαπτισθέντες
867 1919 907 1950 είς

122 1964 227 2000 Τριάδα
239 1963 377 1999 όμοούσιον
386 1985 392 1996 ,
409 1965 456 1991 καὶ
472 1964 593 1998 λέγοντες
604 1963 669 1991 Θεὸν
680 1963 748 1991 εἶναι
762 1965 806 1990 τὸν
822 1964 906 1990 Πατέ-

124 2019 169 2046 ρα,
178 2011 277 2046 ὁμοίως
291 2010 356 2045 (88·)
370 2011 416 2037 καὶ
431 2010 495 2036 Θεὸν
517 2008 585 2036 εἶναι
601 2011 645 2037 τὸν
654 2010 862 2042 Υίὸν,ὼσαὺτως
879 2009 907 2036 δὲ

123 2056 173 2083 καὶ
196 2056 261 2083 Θεὸν
283 2054 351 2082 εἶναι
370 2056 399 2082 τὸ
418 2056 493 2090 ἅγιον
516 2056 638 2091 Πνεῦμα,
657 2056 715 2088 πῶς
737 2057 768 2082 οὐ
793 2056 907 2091 λέγομεν

122 2103 198 2137 τρεῖς
217 2101 305 2133 Θεοὺς,
330 2101 386 2128 ἀλλ’
400 2102 447 2128 ἕνα
469 2102 516 2128 καὶ
537 2102 616 2136 μόνον
638 2101 721 2134 Θεόν;
737 2102 791 2129 Καὶ
811 2102 835 2128 εἰ
858 2101 907 2136 μὲν

123 2147 172 2174 ἕνα
183 2147 387 2183 προσκυνοῦμεν
402 2147 477 2178 Θεὸν,
488 2147 597 2183 εὔδηλον
611 2148 652 2174 ὅτι
674 2147 741 2183 (89),
758 2148 797 2179 εἰς
809 2155 907 2182 μοναρ-

123 2193 186 2228 χίαν
210 2193 392 2225 πιστεύοντες,
414 2193 590 2228 Ἰουδαῖζομεν
603 2202 610 2208 ·
626 2194 649 2220 εί
679 2193 707 2219 δὲ
736 2193 815 2220 πάλιν
834 2193 907 2229 τρεῖς

125 2238 212 2270 θεοὺς,
238 2238 368 2274 πρόδηλον
399 2238 440 2265 ὅτι
465 2238 662 2274 Ἐλληνίζομεν,
684 2239 826 2265 πολυθεῖαν
848 2239 906 2264 εἰσ-

125 2284 247 2318 άγοντες,
263 2285 309 2310 καὶ
331 2284 380 2319 οὺχ
396 2284 442 2310 ἕνα
464 2284 542 2319 μόνον
557 2284 621 2310 Θεὸν
646 2284 764 2316 εὐσεϐῶς
786 2292 905 2319 προσκυ-

124 2338 242 2361 νουντες.

167 2419 331 2454 Ἀπόκρισις.
359 2418 532 2454 Ἀπερίεργος
557 2419 571 2444 ὁ
594 2418 670 2452 λόγος
691 2418 738 2444 καὶ
764 2418 779 2443 ὸ
807 2417 905 2452 τρόπος

124 2464 175 2499 τῆς
201 2464 351 2496 εὐσεϐείας,
383 2464 474 2491 πίστει
502 2464 579 2500 μόνῃ,
597 2463 653 2490 ἀλλ’
667 2464 716 2490 οὐκ
736 2463 906 2499 ὲξερευνὴσει

125 2510 323 2547 γνωριζόμενος
340 2511 386 2538 καὶ
402 2511 564 2546 τιμώμενος.
580 2510 645 2542 Θεὸς
661 2510 714 2545 γὰρ
732 2510 907 2545 καταλαμϐα-

124 2556 245 2591 νόμενος,
256 2556 306 2582 οὐκ
321 2555 379 2582 ἐστι
390 2556 464 2588 Θεός.
481 2557 512 2582 Et
522 2555 576 2591 γὰρ
590 2556 653 2587 τοὺς
669 2555 809 2589 ἀγγέλους,
828 2555 844 2590 ἢ
857 2555 906 2586 τὰς

127 2602 261 2638 ἡμετέρας
273 2602 360 2637 ψυχὰς
375 2602 510 2637 κτίσματα
523 2602 586 2628 ὂντα
601 2601 762 2629 καταλαϐεῖν
782 2601 812 2628 οὑ
827 2601 905 2628 δυνά-

159 2680 216 2716 (88)
238 2679 338 2716 Regius
350 2680 451 2716 2,περὶ
465 2679 768 2716 πλείστων-ἀναγκαίων
783 2678 906 2716 ζητημᾲ-

127 2714 179 2741 των
192 2715 259 2750 πρὸς
268 2716 312 2741 τὸν
322 2714 432 2750 βασιλέα
439 2716 581 2750 Ἀντίοχον.
602 2714 687 2750 Porro
699 2714 863 2750 quaestiones
880 2714 905 2742 1.

128 2750 153 2781 2.
172 2751 199 2782 5,
215 2749 326 2777 absunt
339 2758 354 2777 a
370 2750 463 2778 codice
474 2750 597 2776 Palatino
614 2749 641 2780 ‘2,
660 2753 689 2775 ut
702 2752 728 2775 et
742 2757 756 2774 ιι
769 2749 906 2776 veleribus

127 2785 206 2813 editis
219 2785 333 2818 Latinis,
347 2786 392 2820 qui
407 2785 538 2820 incipiunt
557 2793 571 2811 a
584 2789 679 2820 quarta
692 2785 851 2819 quastione.

957 184 1043 211 neque
1057 177 1209 203 mortalium
1228 176 1308 203 vitam
1324 176 1481 211 conspicere
1496 181 1546 209 est,
1564 178 1625 212 quia
1638 182 1734 213 sponte

955 229 1014 248 mea
1031 221 1122 256 pravis
1140 221 1290 254 allectibus,
1309 222 1406 248 animus
1426 222 1541 250 virtutes
1566 223 1599 250 ad
1618 231 1733 258 operan-

956 267 1031 298 dum,
1057 267 1170 300 irrctivi,
1196 271 1275 301 atque
1302 267 1352 302 ipsi
1376 267 1498 294 divinum
1522 269 1649 303 angelica:
1671 269 1734 297 vita;

955 321 1066 340 cursum
1087 313 1238 340 interclusi.
1265 312 1400 347 Propitius
1426 318 1494 346 esto,
1512 313 1629 347 Christe,
1655 320 1681 342 et
1699 315 1733 342 ab

956 356 1112 390 liujusmodi
1127 357 1220 384 dolore
1236 365 1285 384 nos
1297 358 1370 392 eripe
1384 368 1389 384 :
1404 365 1516 385 necesse
1530 359 1629 394 quippe
1648 364 1690 387 est
1703 364 1733 387 ut

956 403 1117 437 quibuscum
1132 403 1158 429 in
1176 402 1228 429 hoc
1239 403 1337 429 saeculo
1352 411 1412 430 esse
1424 411 1471 438 per
1484 411 1566 438 prava
1583 405 1671 432 studia
1684 414 1732 432 no-

955 452 1022 481 stra,
1037 449 1121 475 libere
1138 453 1165 476 et
1178 452 1272 483 sponte
1290 453 1382 476 nostra
1400 450 1541 484 elegimus,
1559 459 1620 477 eum
1636 451 1732 478 iisdem

955 493 981 520 in
997 493 1088 520 futuro
1102 493 1198 528 degere
1215 494 1257 520 vel
1273 494 1348 521 inviti
1364 502 1492 529 cogamur
1506 503 1553 530 per
1571 495 1616 523 Dei
1637 497 1733 525 conde-

955 538 1130 565 mnationem.
1149 539 1206 565 Erit
1225 539 1314 574 plane,
1327 539 1378 567 erit
1401 543 1517 574 tempus,
1533 549 1586 575 quo
1600 542 1732 569 terribilis

955 583 1061 619 clanget
1090 584 1153 611 tuba
1177 583 1312 611 horrendo
1338 592 1415 617 sono,
1441 588 1467 611 et
1495 585 1546 611 hoc
1577 586 1732 613 universum

955 630 1056 657 amisso
1071 638 1120 657 suo
1134 629 1291 665 aspectabili
1306 633 1403 656 ornatu
1418 630 1548 657 solvetur.
1564 630 1732 666 Conspicuus

954 675 998 702 hic
1012 675 1128 703 mundus
1142 679 1215 702 totus
1230 675 1406 710 pertransibit
1422 675 1455 702 ad
1473 677 1733 704 consummationem

954 729 1031 749 suam
1050 721 1201 754 deductus;
1223 722 1267 756 qui
1291 730 1354 749 vero
1370 722 1449 756 217
1476 721 1532 757 jam
1562 726 1733 758 exspectatur

954 767 1072 794 nmndus
1087 771 1151 794 tunc
1164 767 1313 802 apparebit,
1330 768 1376 802 qui
1399 767 1495 800 oculis,
1519 768 1638 800 auribus,
1657 775 1733 795 men-

918 814 939 842 B
954 814 1026 841 tibus
1038 821 1106 840 nova
1123 813 1212 839 omnia
1227 812 1318 840 afferet
1329 813 1468 848 mysteria.
1485 813 1555 840 Deus
1567 817 1657 841 autem
1675 814 1732 840 sin-

953 860 1023 895 gulis
1034 859 1183 888 secundum
1194 867 1225 886 ea
1243 867 1302 894 quae
1321 867 1369 894 per
1391 867 1491 894 corpus
1512 868 1590 887 suum
1618 860 1734 894 egerint,

954 906 1010 933 sive
1034 905 1115 937 bona,
1141 905 1198 932 sive
1215 905 1283 931 mala
1299 905 1363 937 sint,
1387 912 1436 938 pro
1459 906 1555 931 merito
1580 905 1732 933 retribuet:

954 959 1078 986 magnam
1097 950 1320 985 tremendamque
1349 950 1475 977 omnibus
1503 955 1640 984 postremo
1666 951 1735 981 dans

954 997 1166 1024 conclusionem.
1185 996 1238 1024 Sed
1254 995 1320 1023 faxit
1336 995 1407 1023 Deus
1419 1001 1448 1022 ut
1461 1003 1510 1022 nos
1522 1003 1616 1023 onmes
1630 996 1734 1023 saluta-

954 1051 1009 1070 rem
1035 1043 1163 1078 gehent
1185 1043 1320 1074 timorem,
1338 1042 1541 1077 prctiosumque
1558 1042 1633 1077 regni
1651 1042 1735 1069 ecclo-

954 1097 1014 1116 rum
1031 1097 1149 1117 amorem
1177 1089 1373 1123 concipiamus!
1401 1089 1524 1115 timorem
1549 1089 1667 1124 quidem,
1687 1089 1733 1124 qu!

954 1143 1004 1162 nos
1018 1135 1097 1163 malis
1113 1135 1224 1162 omnino
1239 1135 1375 1162 abstinere
1388 1135 1500 1162 suadeat
1513 1143 1519 1167 ;
1537 1142 1657 1161 amorem
1668 1142 1734 1162 vero

953 1180 1000 1215 qui
1013 1180 1046 1206 ad
1061 1180 1131 1206 bona
1149 1180 1270 1206 hilariter
1285 1180 1387 1215 agenda
1400 1180 1528 1212 concitet,
1543 1183 1572 1205 ut
1587 1179 1736 1214 promisso-

954 1232 1014 1251 rum
1030 1225 1162 1252 bonorum
1189 1226 1390 1259 possessionem
1406 1231 1584 1259 assequamur
1612 1224 1639 1251 in
1656 1224 1736 1251 Chri-

955 1275 997 1298 sto
1009 1270 1073 1297 Jesu
1085 1270 1200 1298 Domino
1210 1274 1315 1302 nostro,
1327 1270 1370 1297 cui
1384 1270 1469 1306 gloria
1483 1274 1509 1298 et
1519 1271 1662 1305 imperium
1674 1279 1736 1298 cum

955 1316 1217 1352 (Patre)principio
1237 1320 1357 1348 careute,
1383 1324 1436 1343 una
1460 1324 1522 1343 cum
1550 1317 1736 1348 sanctissimo,

953 1363 1026 1391 bono
1040 1368 1066 1390 et
1082 1363 1190 1390 viviﬁco
1205 1363 1265 1398 ejus
1279 1362 1392 1397 Spiritu,
1407 1369 1480 1389 nunc
1494 1366 1521 1389 et
1540 1370 1645 1397 semper
1661 1365 1688 1389 et
1706 1362 1734 1390 in

955 1410 1054 1437 seacula
1069 1410 1243 1437 saeculorum.
1260 1409 1356 1435 Amen.

1024 1583 1146 1612 SANCTI
1170 1583 1291 1610 PATRIS
1315 1582 1440 1610 NOSTRI
1462 1580 1648 1609 ATHANASII

1143 1651 1346 1686 Archiepiscopi
1359 1650 1538 1682 Alexandriae,

956 1721 997 1748 Ad
1022 1720 1181 1747 Antiochum
1198 1719 1349 1753 principem,
1372 1718 1402 1745 de
1430 1718 1520 1745 multis
1542 1723 1565 1744 et
1584 1718 1738 1745 necessarii:

990 1755 1179 1790 quwstiouibus
1200 1756 1228 1780 in.
1248 1754 1337 1781 divina
1369 1754 1521 1790 Scriptura_
1534 1754 1711 1780 controversis
1728 1773 1736 1785 ,

991 1788 1055 1825 quas
1071 1799 1145 1817 nemo
1161 1789 1328 1817 Christianus
1347 1789 1467 1824 ignorare
1480 1788 1562 1815 debet.

991 1913 1150 1948 Qua-151101.
1167 1911 1390 1947 Quandoquidem
1417 1912 1444 1938 in
1476 1911 1737 1938 consubstantialem

957 1961 1115 1988 Trinitatem
1133 1959 1268 1986 credimus
1279 1963 1305 1984 et
1315 1957 1441 1992 baptizati
1453 1964 1558 1989 sumus,
1570 1956 1738 1991 dicimusque

957 2005 1040 2032 Deum
1049 2012 1108 2031 csse
1122 2003 1239 2035 Patrem,
1248 2002 1344 2029 Filium
1354 2002 1478 2030 similiter
1490 2001 1572 2028 Deum
1584 2010 1654 2034 esse,
1664 2002 1739 2028 item-

956 2059 1009 2086 que
1024 2050 1153 2086 Spiritum
1172 2054 1295 2077 sanctum
1310 2057 1371 2076 esse
1386 2048 1480 2080 Deum,
1497 2056 1550 2083 qua
1564 2048 1669 2075 ratione
1683 2055 1738 2075 non

957 2100 1013 2124 tres
1025 2095 1091 2123 deos
1109 2095 1156 2122 sed
1172 2102 1256 2122 unum
1285 2099 1311 2121 et
1340 2094 1428 2121 solum
1445 2093 1528 2120 Deum
1553 2093 1690 2120 dicimus?
1706 2092 1738 2118 Et

957 2141 1066 2177 quidem
1082 2141 1104 2167 si
1122 2148 1207 2167 unum
1225 2139 1371 2166 adoramus
1388 2139 1482 2170 Deum,
1499 2139 1602 2166 clarum
1618 2141 1659 2165 est
1675 2146 1736 2171 nos,

957 2187 1040 2214 veluti
1056 2187 1084 2214 in
1107 2185 1293 2213 monarchiam
1318 2184 1464 2216 credendo,
1491 2183 1599 2211 Judaeos
1624 2183 1736 2210 imitari.

958 2233 1034 2266 Quod
1046 2233 1069 2260 si
1080 2240 1176 2260 rursus
1192 2235 1248 2259 tres
1255 2231 1321 2258 deos
1336 2231 1492 2259 adoramus.
1507 2230 1678 2265 perspicuum
1697 2234 1740 2256 est

958 2279 1073 2315 gentiles
1090 2286 1140 2306 nos
1158 2277 1268 2310 sectari,
1280 2277 1380 2312 quippe
1394 2277 1440 2312 qui
1457 2276 1568 2303 deorum
1584 2275 1738 2302 multitudi-

960 2332 1020 2352 nem
1030 2323 1200 2355 inducamus,
1215 2331 1265 2350 nec
1282 2329 1366 2349 unum
1379 2322 1467 2349 solum
1481 2321 1562 2349 Deum
1581 2321 1623 2355 pie
1641 2320 1739 2347 adora»

959 2378 1030 2397 mus.

994 2415 1152 2443 Respoxsto.
1166 2414 1280 2442 Curiose
1297 2413 1445 2442 scrutanda
1465 2420 1519 2439 non
1536 2415 1578 2438 est
1594 2415 1674 2438 recta:
1696 2418 1738 2436 re-

958 2462 1066 2497 ligionis
1087 2462 1167 2493 ratio,
1178 2469 1228 2488 nec
1240 2459 1450 2490 investigatione
1461 2458 1507 2485 sed
1518 2457 1574 2484 sola
1585 2457 1636 2484 ﬁde
1657 2464 1740 2491 agno-

959 2508 1057 2536 scenda
1070 2511 1149 2535 estet
1165 2506 1314 2534 adoranda.
1333 2505 1471 2540 Siquidem
1491 2503 1561 2531 Deus
1579 2504 1601 2530 si
1616 2510 1739 2537 compre-

956 2554 1101 2586 ltendatur,
1117 2561 1171 2580 non
1183 2557 1224 2580 est
1232 2552 1312 2580 Deus.
1326 2550 1448 2585 Namque
1463 2550 1486 2577 si
1498 2557 1547 2577 nec
1562 2549 1673 2584 angelos
1685 2555 1739 2575 nec

959 2601 1061 2627 animas
1088 2602 1208 2630 nostras,
1240 2605 1299 2632 quae
1334 2601 1398 2624 sunt
1415 2603 1459 2623 res
1483 2598 1590 2626 creatae,
1618 2593 1740 2620 valemus

995 2676 1061 2711 (88‘)
1078 2675 1192 2711 Ὁμοίως
1206 2674 1280 2711 deest
1293 2673 1322 2711 in
1334 2673 1400 2708 Reg.
1418 2673 1444 2699 i.
1457 2671 1517 2699 Mox
1533 2671 1561 2698 δέ
1576 2676 1635 2706 post
1648 2670 1740 2698 ὡσαύ-

960 2719 1012 2742 τως
1031 2709 1145 2738 deest'in
1161 2710 1227 2743 Reg.
1247 2710 1272 2740 1,
1290 2709 1317 2736 2.

995 2740 1050 2780 (89)
1067 2746 1103 2772 ita
1119 2740 1216 2772 omnes
1226 2753 1292 2779 pene
1308 2743 1484 2780 tnanuseripti
1497 2742 1654 2780 Editiqyero
1666 2740 1743 2777 εὔδη-

958 2782 1002 2808 λον
1014 2777 1060 2814 ὡς.
1079 2780 1153 2808 Palat
1180 2781 1204 2813 1,
1220 2777 1301 2811 inira,
1317 2780 1390 2815 τρεῖς
1407 2778 1483 2810 Θεοὺς
1494 2777 1571 2814 δῆλον
1583 2777 1633 2804 ὅτι.
