1924 3059
206 113 258 141 533

208 172 446 204 comprehendere,
462 174 563 206 quanto
584 171 670 206 magis
680 170 765 198 Deum
792 171 899 198 illorum
924 171 983 207 opi-
998 173 1022 202 Α

209 219 287 244 licem
314 216 440 244 convenit
457 223 517 244 esse
539 215 812 251 incomprehensum?
840 215 984 251 Cognitum

208 263 281 290 enim
298 262 456 298 mysterium
485 261 552 288 nihil
576 264 618 288 est
644 261 760 295 amplius
785 261 983 289 admirandum.

208 306 301 342 Itaque
326 307 543 334 Christianorum
572 306 649 338 ﬁdes,
675 307 819 342 trinusque
845 307 984 343 hypostasi

208 353 279 381 Deus
293 361 399 385 eorum,
413 361 468 380 non
484 360 554 380 unus
572 357 613 380 est
629 353 787 388 hypostasi.
804 353 918 380 formam
936 353 985 380 bo-

207 399 288 427 minis
301 407 409 434 gerens,
428 405 457 426 ut
485 398 640 426 Graecorum
667 398 757 425 ferunt
770 399 884 426 fabulae:
899 407 985 434 neque

207 453 305 472 rursus
320 450 375 473 tres
401 449 465 472 sunt
493 445 602 480 quidam
619 444 666 475 dii.
686 452 700 470 a
715 453 744 472 se
767 446 883 472 invicem
903 445 985 472 veluti

207 491 306 519 dissiti.
332 491 423 526 Apage
447 491 602 518 Grzncorum
644 492 813 518 commenta!
846 491 985 518 lndividua

207 537 278 564 enim
293 541 334 564 est
348 537 375 563 in
392 537 479 564 tribus
504 537 707 575 llypostasibus.
725 537 812 564 deitas
838 537 920 564 unitts
941 544 986 564 es~

208 582 312 609 sentim.
325 581 458 608 Caeterum
488 590 569 609 nosse
586 586 692 616 oportet
705 581 851 608 humanam
868 585 986 608 mentem

209 627 276 654 nihil
294 626 446 654 divinitatis
465 627 506 655 vel
521 628 609 655 verbis
630 627 669 654 vel
681 627 892 662 cogitationibus
907 634 987 662 posse

207 673 437 707 comprehendere
446 673 486 699 vel
497 681 635 700 enarrare.
649 673 786 708 Quotqum
805 678 893 701 autem
902 673 986 700 Deum

208 717 298 745 conati
311 721 374 745 sunt
402 717 641 752 comprehendere,
669 725 749 745 suam
780 718 901 753 ipsorum
928 726 987 745 um-

208 762 284 788 bram
297 765 360 789 sunt
377 762 522 796 persecuti.
542 762 680 798 Quotquot
694 762 759 789 item
775 763 876 797 aliquid
892 762 925 790 de
941 770 986 790 es-

207 808 296 836 sentia
309 807 356 835 Dei
372 807 462 835 dicere
474 809 634 840 voluerunt,
647 809 777 843 abyssum
793 816 883 843 pugno
898 808 986 835 metiri

207 853 293 880 moliti
308 859 381 881 sunt.
396 853 448 886 Qui
461 854 526 881 vero
543 861 573 881 se
598 854 625 880 in
650 853 814 889 profundum
843 857 986 888 penetrare

207 903 380 934 putaverunt,
405 900 431 926 in
454 899 591 934 improbas
607 900 723 927 haereses
749 900 913 927 inciderunt.
930 899 985 927 Nec

207 944 280 970 enim
296 944 375 972 Pater
389 950 416 972 et
431 944 513 977 Deus,
531 949 559 972 ut
571 953 621 981 ego
637 946 683 980 qui
694 950 803 974 creatus
818 955 890 979 sum,
907 951 985 982 pater

206 993 259 1020 est,
273 990 320 1024 qui
335 995 456 1018 creatum
467 991 561 1022 lilium.
580 996 609 1018 ut
636 999 697 1026 ego,
713 993 838 1027 genuerit
853 1003 860 1019 :
875 1001 925 1020 nec
937 993 985 1019 Fi-

207 1036 259 1063 lius
274 1036 383 1071 genitus
412 1041 464 1070 est,
495 1041 524 1064 ut
551 1037 640 1064 omnis
672 1039 790 1066 carnalis
822 1039 983 1067 ﬁliusznec

207 1079 327 1116 Spiritus
337 1086 460 1114 sanctus,
488 1083 571 1110 veluti
589 1083 707 1111 hominis
727 1084 850 1119 spiritus,
867 1086 985 1112 circum—

207 1127 328 1161 scriptus
353 1131 396 1154 est
416 1135 422 1152 :
442 1127 488 1154 sed
516 1127 651 1155 inellabile
679 1132 705 1155 et
731 1129 921 1164 inexplicabile
944 1133 987 1157 est

208 1176 310 1199 sanetae
326 1171 470 1199 Trinitatis
491 1173 661 1208 mysterium.
675 1173 730 1201 Nec
745 1182 809 1202 vero
826 1175 912 1208 dicas,
928 1175 987 1209 Qua

207 1217 312 1244 ratione
342 1217 427 1244 illud?
443 1225 505 1244 nam
520 1218 602 1253 218
627 1219 655 1246 id
687 1227 794 1247 omnem
807 1225 919 1255 superat
940 1229 986 1248 ηι-

207 1262 307 1289 tionem
322 1270 328 1289 :
341 1271 401 1294 nec,
417 1263 477 1296 Quo
502 1264 592 1296 modo,
610 1264 731 1298 dixeris;
750 1266 883 1300 siquidem
905 1274 986 1301 supra

207 1315 315 1335 omnem
332 1309 441 1336 modum
458 1313 500 1337 est
512 1310 620 1338 divinus
636 1311 743 1338 modus.
758 1311 812 1339 Nec
827 1313 890 1340 item
907 1313 988 1339 inter-

206 1359 304 1388 roges,
328 1361 445 1388 quonam
475 1354 558 1381 verbo
582 1355 609 1382 id
635 1356 878 1390 expliceturznam
905 1365 986 1392 supra

206 1399 318 1427 verbum
331 1404 374 1428 est
390 1401 510 1429 divinum
531 1403 654 1430 verbum.
667 1402 768 1431 Verum
789 1404 869 1432 crede
893 1406 920 1432 in
937 1406 987 1432 Pa-

208 1450 276 1474 trem
295 1456 301 1473 :
320 1448 375 1474 noli
387 1452 476 1476 autem
490 1457 547 1476 rem
559 1451 686 1477 scrutari.
705 1450 803 1478 Filium
829 1452 921 1483 adora,
940 1453 988 1480 sed

207 1493 268 1528 ejus
282 1496 484 1529 generationem
496 1505 530 1524 ne
544 1497 653 1525 curiose
675 1498 792 1533 inquire.
817 1499 908 1526 Lauda
926 1500 988 1535 Spi-

207 1540 290 1567 ritum
306 1546 442 1574 sanctum,
459 1551 509 1570 nec
526 1544 591 1571 velis
606 1544 772 1579 investigare
785 1550 887 1573 sancta:
900 1545 989 1574 Trini-

208 1587 271 1614 tatis
286 1588 455 1623 mysterium.
473 1587 540 1616 Veni
565 1589 599 1616 ad
620 1589 777 1622 Jordanem,
807 1599 839 1618 ac
862 1591 987 1618 virtutem

209 1637 310 1660 sancta:
332 1639 359 1660 et
375 1634 617 1663 consubstantialis
639 1635 782 1664 Trinitatis
800 1637 872 1664 clare
899 1637 988 1672 reipsa

208 1677 280 1709 vide,
297 1677 404 1706 Patrem
431 1679 561 1706 nimirum
585 1688 702 1715 superne
724 1681 926 1713 testiﬁcantem,
941 1681 988 1708 Fi-

208 1722 274 1749 lium
288 1731 352 1751 vero
381 1723 452 1751 infra
469 1725 643 1760 baptizatum,
672 1727 875 1754 sanctissimum
898 1730 987 1754 autem

210 1768 340 1802 Spiritum
366 1769 394 1796 in
425 1770 558 1797 columba:
585 1772 676 1805 specie
694 1772 914 1800 descendentem.
935 1772 988 1807 ipsi

210 1813 306 1847 gloria,
321 1815 450 1848 potentia,
464 1818 491 1841 et
500 1815 623 1843 adoratio
634 1824 696 1844 cum
710 1817 791 1844 Patre
804 1817 988 1851 omnipotente

1003 1519 1024 1549 C

764 111 791 138 S.
813 110 1044 140 ATHANASIUS.
1060 126 1094 130 —
1112 109 1248 138 SPURIA.

1765 109 1830 137 600

1036 170 1115 205 μεθα,
1141 170 1218 206 πόσῳ
1245 169 1344 205 μᾶλλον
1372 169 1445 205 αὐτῷ
1465 169 1503 205 τῷ
1522 169 1624 196 τούτων
1649 171 1747 206 ποιητῇ
1762 169 1830 207 (90)

1036 217 1136 252 πρέπει
1150 216 1181 243 τὸ
1197 214 1266 242 εἷναι
1283 215 1473 251 ἀκατάληπτον
1487 224 1493 249 ;
1513 215 1667 251 Μυοτήριον
1683 215 1736 250 γὰρ
1750 224 1832 250 γνω-

1038 262 1181 298 ριζόμενον
1205 261 1280 288 οὐδέν
1296 261 1355 287 ἐστι
1371 260 1463 288 λοιπὸν
1485 259 1697 295 θαυμαζόμενον.
1715 259 1831 286 Οὐκοῦν

1036 309 1052 344 ἡ
1073 307 1244 344 Χριστιανῶν
1273 307 1372 338 πίστις,
1399 306 1445 333 καὶ
1465 306 1479 332 ὁ
1499 306 1599 332 τούτων
1610 305 1831 341 τρισυπόστατος

1037 354 1102 385 Θεὸς
1116 353 1176 380 οὔτε
1190 350 1230 385 εἷς
1254 353 1311 379 ἐστι
1333 352 1382 386 τὴν
1400 351 1548 378 ὑπόστασιν
1563 350 1616 386 (9i)
1629 351 1831 386 ἀνθρωπόμορ-

1037 408 1095 434 φος,
1114 400 1151 431 ὡς
1168 400 1191 426 el
1211 398 1343 434 Ἑλλήνων
1368 397 1462 429 παῖδες
1476 397 1649 432 μυθεύονταιθ
1665 396 1725 423 οὔτε
1741 397 1830 423 πάλιν

1035 446 1109 480 τρεῖς
1126 453 1197 476 τινες
1211 444 1276 477 θεοὶ,
1296 443 1390 477 ὥσπερ
1407 442 1528 477 ἀλλήλων
1543 443 1700 477 ἀπέχοντες.
1713 443 1830 476 ’Ἄπαγε

1036 491 1084 526 τῆς
1103 489 1258 525 Ἑλληνικῆς
1271 488 1447 524 μυθολογίαςί
1471 488 1631 524 Ἀδιαίρετος
1647 488 1700 523 γὰρ
1716 489 1744 514 ὲν
1761 490 1830 520 ταῖς

1036 536 1124 572 τρισὶν
1139 535 1319 562 ὑποστάσεσιν
1338 536 1354 569 ἡ
1371 535 1421 569 τῆς
1436 535 1499 569 μιᾶς
1516 534 1609 565 οὐσίας
1628 534 1732 569 θεότης.
1749 534 1829 569 Πλὴν

1037 582 1134 608 εἰδέναι
1156 581 1217 616 χρὴ,
1234 581 1327 615 ὅτιπερ
1351 579 1411 606 οὔτε
1426 580 1544 615 ῥήμασιν
1573 579 1633 606 οὔτε
1650 579 1828 615 ἐνθυμήμασι

1037 627 1208 659 καταλαϐεῖν,
1223 626 1240 661 ἢ
1251 626 1434 662 διηγήσασθαί
1454 634 1480 652 τι
1495 625 1543 661 τῆς
1557 624 1691 660 θεότητος,
1705 625 1767 657 νοῦς
1781 627 1829 653 ἀν-

1037 673 1171 710 θρώπινος
1190 673 1309 700 δύναται.
1320 673 1423 704 Πάντες
1433 673 1459 699 δὲ
1469 673 1526 699 ὅσοι
1540 672 1606 698 Θεδν
1620 672 1826 699 καταλαϐέσθαι

1038 720 1181 752 ἔσπευσαν,
1194 719 1244 755 τὴν
1257 719 1361 746 ἑαυτῶν
1380 719 1456 746 σκιὰν
1475 718 1653 750 κατεδίωξαν·
1670 719 1716 745 καί¹
1725 719 1783 745 ὅσοι
1796 727 1826 745 τι

1038 767 1101 801 περὶ
1114 766 1207 797 οὐσίας
1223 765 1289 792 Θεοῦ
1314 766 1400 791 εἰπεῖν
1421 764 1619 800 ἠϐουλήθησαν,
1640 764 1687 799 τὴν
1704 764 1827 791 ἄϐυσσον

1039 811 1172 846 μετρῆσαι
1193 812 1225 846 τῇ
1248 809 1351 836 ἑαυτῶν
1371 809 1450 845 δρακὶ
1468 809 1614 836 ἔσπευσαν.
1629 810 1683 836 Καὶ
1701 810 1758 836 ὅσοι
1777 809 1828 845 βα-

1040 856 1116 883 Θῦναι
1127 857 1265 892 ἐνόμισαν,
1284 857 1323 888 εἰς
1336 855 1456 892 πονηρὰς
1471 856 1589 891 αἱρέσεις
1612 856 1740 882 ὲνέπεσαν
1754 855 1825 892 (9‘2).

1045 904 1073 930 '0
1088 903 1142 939 γὰρ
1156 904 1252 939 Πατὴρ
1268 903 1315 929 καί
1331 902 1396 934 Θεὸς
1411 903 1459 937 οὐχ
1472 902 1509 933 ὡς
1522 901 1576 936 ἐγὼ
1591 903 1605 928 ὁ
1619 902 1724 934 κτιστος
1739 901 1828 937 ὑπάρ-

1039 957 1080 984 χει
1099 949 1199 983 πατὴρ,
1223 948 1356 984 γεννήσας
1373 948 1410 979 ὡς
1427 947 1482 982 ἐγὼ
1514 947 1622 974 κτιστὺν
1644 947 1699 973 υἱόν
1710 955 1716 961 ·
1731 947 1794 973 οὐδὲ
1810 947 1828 973 ὁ

1040 994 1103 1025 Υἱὸς
1109 994 1146 1025 ὡς
1153 994 1205 1025 πᾶς
1215 993 1345 1029 σαρκικὸς
1351 993 1511 1028 γεγέννηται
1523 992 1579 1024 uid;
1587 1001 1594 1007 ⁸
1605 992 1703 1019 οὐδὲτὸ
1711 992 1827 1027 Πνεῦμα

1039 1038 1068 1065 τὺ
1081 1038 1156 1072 ἆγιον
1167 1039 1204 1070 ὡς
1217 1039 1247 1065 τὸ
1263 1038 1309 1065 τοῦ
1325 1037 1468 1073 ἀνθρώπου
1493 1037 1600 1072 πνεῦμα
1617 1037 1803 1073 περίγραπτον
1816 1045 1826 1052 ⁵

1039 1083 1095 1110 ἀλλ’
1111 1083 1227 1119 ἄρρητον
1239 1083 1286 1110 κειῦ⁸
1296 1083 1483 1118 ἀνέκφραστον
1500 1082 1530 1108 τὸ
1545 1083 1594 1118 τῆς
1613 1082 1694 1116 ἁγίας
1712 1081 1828 1117 Τριάδος

1041 1129 1158 1164 ὑπάρχει
1182 1129 1340 1163 μυστήριον.
1356 1127 1410 1153 Καὶ
1428 1127 1464 1163 μὴ
1479 1127 1567 1163 εἴπῃς,
1585 1127 1664 1158 Πῶς;
1686 1126 1755 1160 ὑπὲρ
1771 1125 1828 1161 γὰρ

1039 1174 1070 1202 τὸ
1083 1174 1140 1206 πῶς
1156 1175 1213 1200 ἐστι
1227 1174 1321 1200 τοῦτο·
1347 1173 1414 1208 μηδὲ
1435 1169 1524 1210 εῖπῃέ,
1542 1172 1610 1208 ποίῳ
1625 1173 1736 1208 τρόπῳ;
1754 1172 1828 1208 ὑπὲρ

1039 1221 1093 1256 γὰρ
1105 1220 1203 1256 τρόπον
1217 1221 1230 1246 ὁ
1243 1219 1313 1251 θεῖος
1324 1219 1424 1254 τρόπος
1435 1227 1442 1233 ·
1462 1219 1528 1255 μηδὲ
1543 1219 1632 1255 εἴπῃς,
1649 1220 1721 1254 Ποίῳ
1735 1219 1826 1254 λόγῳς

1040 1266 1108 1302 ὑπὲρ
1123 1265 1176 1301 γὰρ
1186 1265 1264 1299 λόγον
1280 1266 1293 1292 ὁ
1310 1265 1380 1296 θεῖος
1392 1265 1480 1299 λόγος.
1500 1265 1578 1292 Ἀλλὰ
1596 1265 1705 1291 πίστευε
1719 1266 1758 1296 είς
1774 1266 1827 1291 Πα-

1039 1311 1120 1347 τέρα’
1144 1312 1180 1348 μὴ
1197 1312 1345 1347 ἐρευνησῃς
1367 1311 1395 1337 δὲ
1416 1311 1446 1337 τὸ
1462 1312 1577 1346 πρᾶγμα
1588 1319 1595 1326 ·
1619 1310 1764 1346 προσκύνει
1781 1310 1827 1336 τὸν

1040 1358 1114 1389 Υἱδν,
1131 1357 1168 1393 μὴ
1182 1357 1415 1393 πολυπραγμονῶν
1430 1357 1478 1392 τὴν
1501 1357 1583 1383 αὑτοῦ
1601 1357 1726 1392 γέννησιν
1739 1365 1746 1371 ·
1779 1357 1828 1383 ἀν-

1041 1404 1118 1438 ύμνει
1130 1403 1160 1430 τὸ
1173 1403 1283 1438 Πνεῦμα.
1296 1403 1326 1429 τὸ
1348 1403 1435 1437 ἅγιον,
1455 1403 1491 1438 μὴ
1507 1403 1627 1438 ἐκζητῶν
1640 1403 1669 1429 τὸ
1682 1402 1732 1437 τῆς
1746 1401 1827 1435 ἁγίας

1039 1449 1151 1486 Τριάδος
1174 1449 1329 1485 μυστήριον.
1350 1449 1434 1485 Δεῦρο
1465 1450 1493 1476 ὲν
1512 1449 1640 1485 Ἰορδάνῃ,
1658 1449 1704 1475 καὶ
1721 1449 1770 1484 δρα
1782 1447 1828 1474 διὰ

1041 1497 1209 1532 πραγμάτων
1223 1495 1367 1531 τηλαυγῶς
1381 1496 1430 1530 τῆς
1443 1495 1522 1530 ἁγίας
1532 1496 1578 1522 καὶ
1586 1495 1726 1531 ὁμοουσίου
1740 1488 1826 1530 Τριάέ

1040 1541 1083 1573 δος
1099 1542 1148 1577 τὴν
1164 1541 1286 1576 δύναμιν·
1305 1541 1415 1576 Πατέρα
1436 1541 1484 1576 μὲν
1496 1541 1598 1568 ἄνωθεν
1616 1539 1805 1576 μαρτυροῦντα
1816 1547 1824 1554 ·

1042 1588 1104 1614 Υίὸν
1117 1588 1145 1614 δὲ
1159 1587 1279 1614 κάτωθεν
1299 1588 1505 1623 βαπτιζόμενον,
1520 1587 1632 1622 Πνεῦμα
1647 1587 1675 1613 δὲ
1692 1586 1826 1620 πανάγιον

1041 1635 1068 1660 ὲν
1086 1634 1150 1661 εῖδει
1163 1635 1326 1670 περιστερᾶς
1343 1633 1550 1670 κατερχόμενον.
1569 1631 1648 1667 Αὐτῷ
1664 1630 1764 1667 ἡδόξα,
1778 1631 1826 1658 καὶ

1040 1681 1070 1706 τὸ
1086 1680 1196 1716 κράτος,
1222 1681 1269 1706 καὶ
1291 1681 1308 1715 ἡ
1334 1680 1527 1715 προσκύνησις,
1545 1679 1592 1705 σὺν
1617 1678 1655 1713 τῷ
1671 1677 1825 1713 Πατρὶ(95)

1040 1725 1079 1761 τῷ
1094 1726 1299 1761 παντοκράτορι,
1326 1726 1372 1752 καὶ
1386 1725 1424 1761 τῷ
1446 1725 1593 1758 Μονογενεί
1609 1723 1690 1750 αὑτοῦ
1705 1723 1773 1758 Υἱῷ,
1787 1722 1826 1759 τῷ

1042 1771 1137 1807 Κυρίῳ
1157 1771 1236 1806 ἡμῶν
1269 1771 1354 1807 Ἰησοῦ
1381 1770 1501 1808 Χριστῷ,
1515 1771 1561 1797 νῦν
1587 1770 1634 1796 καὶ
1649 1769 1702 1802 ἀεὶ,
1718 1769 1766 1795 καὶ
1786 1766 1827 1801 εἷς

1040 1818 1102 1849 τοὺς
1113 1817 1213 1849 αἰῶνας
1223 1817 1276 1845 τῶν
1288 1817 1403 1845 αἰώνων.
1413 1818 1499 1853 Ἀμήν
1515 1815 1579 1852 (94).

209 1863 236 1886 et
249 1861 387 1894 unigenito
401 1861 461 1895 ejus
473 1861 542 1890 Filio
554 1862 667 1891 Domino
678 1869 771 1893 nostro
786 1865 850 1893 Iesu
860 1866 981 1900 Christo,
1001 1873 1074 1893 nunc
1089 1869 1115 1893 et
1131 1873 1238 1900 seraper
1252 1865 1314 1893 etin
1330 1864 1426 1892 smcula
1442 1863 1612 1892 smculorum.
1627 1862 1722 1890 Amen.

246 1949 355 1984 Quassr.
367 1951 398 1978 ll.
421 1951 561 1980 Undcnam
577 1955 717 1987 cognoscit
731 1954 810 1982 homo
826 1963 855 1982 se
868 1955 988 1990 baptiza-

209 2001 266 2024 tum
278 1997 358 2032 plane
376 2005 447 2030 esse,
478 2005 510 2025 ac
539 1998 671 2033 Spiritum
700 2003 824 2027 sanctum
838 2002 986 2036 accepisse,

209 2051 272 2071 cum
286 2048 358 2071 esset
370 2044 461 2072 infans
478 2045 506 2072 in
524 2049 619 2073 sancto
635 2046 816 2081 baptismate?

245 2089 327 2118 Resp.
342 2090 425 2118 Isaias
441 2090 574 2125 propheta
585 2091 674 2126 inquit
687 2091 721 2118 ad
735 2091 834 2119 Deum:
849 2101 858 2118 (
874 2092 989 2128 Propter

209 2137 333 2165 timorem
347 2142 432 2169 tuum,
455 2136 579 2171 Domine,
600 2138 783 2172 concepimus,
800 2142 827 2166 et
843 2139 989 2174 parturivi-

210 2191 282 2215 mus,
298 2190 329 2210 ac
340 2184 495 2219 peperimus
516 2183 647 2218 Spiritum
669 2184 765 2212 salutis
781 2185 814 2210 ⁷³.
827 2194 835 2210 ι
853 2184 989 2217 Quemad~

244 2260 268 2277 ⁷⁸
286 2259 338 2289 lsa.
354 2269 428 2294 xxw,
446 2261 489 2289 18.

1084 1955 1178 1989 Ἐρώτ.
1195 1954 1228 1989 β’.
1246 1954 1331 1980 Πόθεν
1345 1952 1518 1987 ἐπιγινώσκει
1537 1951 1688 1987 ἄνθρωπος,
1704 1951 1744 1977 ὅτι
1758 1949 1825 1982 ὅλως

1039 2000 1202 2036 ἐϐαπτίσθη,
1219 2001 1265 2027 καὶ
1285 1999 1396 2034 Πνεῦμα
1417 1999 1495 2034 ἅγιον
1516 1997 1605 2031 ἔλαϐε,
1635 1999 1729 2033 νήπιος
1745 1996 1782 2023 ὢν
1795 1997 1823 2023 ὲν

1039 2046 1078 2082 τῷ
1093 2047 1162 2082 ἁγίῳ
1177 2046 1344 2082 βαπτίσματι
1361 2045 1432 2081 (95);

1082 2093 1176 2120 Ἀπόκ.
1211 2093 1241 2119 '0
1271 2093 1412 2129 προφήτης
1445 2091 1559 2122 Ἡσαΐας
1586 2090 1652 2126 φησι
1685 2089 1754 2125 πρὸς
1778 2087 1821 2115 τὸν

1039 2139 1104 2166 Θεὸν
1115 2148 1121 2154 ·
1142 2148 1152 2165 ι
1169 2139 1219 2166 Διὰ
1247 2139 1292 2166 τὸν
1309 2139 1390 2174 φόίᾷον
1404 2146 1460 2171 σου,
1478 2137 1573 2172 Κύριε,
1601 2137 1630 2164 ὲν
1645 2136 1742 2172 γαστρὶ
1764 2134 1823 2161 ἑλά-

1042 2185 1125 2221 6ομεν
1139 2186 1186 2212 καὶ
1207 2186 1386 2221 ὠδινήσαμεν,
1403 2184 1449 2212 καὶ¹
1465 2184 1593 2218 ὲτέκομεν
1610 2182 1721 2217 Πνεῦμα
1739 2187 1822 2214 aum-

246 2339 303 2374 (90)
317 2338 355 2366 lta
380 2338 445 2373 Reg.
466 2339 479 2365 l
501 2342 528 2365 et
545 2338 572 2370 2,
592 2347 661 2374 quos
685 2339 834 2374 sequimur.
857 2338 909 2366 Alii
924 2346 987 2366 cum

1042 2339 1081 2370 εἰς
1095 2338 1126 2365 τὸ
1140 2338 1168 2364 ἓν
1180 2337 1360 2374 ἁναφέρομιιι·
1376 2337 1402 2374 id
1414 2341 1465 2374 est,
1481 2336 1819 2374 ynusqaisqtﬂtehsecundmn

210 2374 301 2406 editis,
319 2374 399 2400 αὑτὸν
412 2375 456 2401 τὸν
470 2373 571 2400 τούτων
585 2373 708 2409 ποιητήν.

245 2409 302 2444 (91)
314 2408 375 2444 ξΓὴν
389 2409 535 2436 ὑπόστασιν
550 2409 625 2438 deest
642 2408 669 2436 in
677 2408 763 2437 Basil.

246 2443 301 2480 (92)
313 2443 415 2480 Regius
426 2445 452 2476 5,
466 2445 606 2480 ὲνέπεσᾳν,
622 2449 649 2471 et
661 2444 696 2471 ita
710 2445 775 2480 legit.
796 2444 930 2480 interpres
944 2452 991 2480 ve-

211 2482 267 2506 tus.
283 2479 352 2515 Editi
365 2488 372 2506 τ
388 2480 553 2515 ἐτράπησαν.
568 2479 651 2515 Infra.
668 2479 786 2512 Ιηιειιίὼς
796 2481 849 2512 πᾶς
863 2479 992 2515 eaput;

212 2515 269 2546 υίὸς
283 2514 440 2549 γενόμενος,
455 2514 555 2542 desunt
571 2515 598 2542 in
611 2514 694 2542 Basil.

247 2550 303 2585 (95)
317 2549 392 2576 Hanc
411 2551 614 2577 conclusionem
627 2550 711 2586 aliqui
729 2549 908 2585 manuscripti
930 2549 993 2577 bre-

211 2585 324 2613 viorem.
343 2588 373 2611 ut
385 2586 465 2616 solet,
484 2586 591 2613 habent.

248 2619 303 2655 (94)
321 2619 383 2647 Hzec
407 2621 533 2655 leguntur
550 2622 577 2647 in
591 2620 679 2648 tribus
697 2619 910 2654 manuscriptis:
927 2619 993 2645 Θεὸν

210 2654 324 2691 ἕκαστον
341 2655 400 2682 καθ’
423 2654 515 2682 ἑαυτὸν
542 2655 735 2691 θεωρούμενον,
755 2655 791 2686 ὡς
816 2655 924 2691 Πατέρα
947 2655 994 2691 καὶ

210 2689 284 2721 Υἱὸν,
296 2690 333 2722 ὡς
350 2691 413 2717 Υἱὸν
427 2692 473 2717 καὶ
488 2691 518 2717 τὸ
534 2689 689 2726 Πνεῦματὸ
712 2691 799 2724 ἅγιον,
824 2689 993 2726 φυλασσομέ-

211 2733 259 2761 fit};
275 2726 380 2761 ἑκάστῳ
396 2726 444 2761 τῆς
460 2726 588 2760 ίδιότητος
598 2725 686 2761 ’ίθεὺν
701 2725 793 2752 καὶτὰ
804 2725 866 2761 τρία
881 2726 936 2756 τοῖς
947 2725 993 2761 ᾲλ-

210 2753 300 2796 ᾉηλοις
315 2753 461 2796 voc-ipseat-
478 2753 566 2788 ἐκεῖνο
578 2753 624 2787 διὰ
637 2761 686 2796 τὴν
702 2753 992 2796 ὁμοουσιότητα,τόῦτο

211 2794 253 2822 διὰ
264 2795 313 2832 τὴν
326 2794 483 2832 μοναρχίαν.
506 2796 542 2823 Οὐ
558 2795 650 2832 φθάνω
662 2794 691 2822 τὸ
710 2794 739 2832 ἔν
755 2795 920 2832 νοῆσαιχκαὶ
935 2796 992 2832 τοῖς

211 2831 284 2866 τρισὶ
292 2830 506 2868 ’περιλάμπομαι
516 2841 522 2846 ·
538 2833 567 2858 οὐ
587 2831 679 2866 φθάνω
693 2830 727 2858 τὰ
744 2830 807 2866 τρία
825 2830 930 2863 διελεῖν,
944 2830 992 2857 καὶ

1043 2382 1070 2400 se
1086 2378 1216 2407 spectatus
1232 2370 1365 2405 Deus-est,
1381 2373 1459 2400 sicuti
1474 2370 1608 2399 Pater‘ita
1621 2370 1711 2398 Filius
1722 2393 1729 2404 ,
1745 2372 1820 2398 siculi

1044 2409 1131 2436 Filius
1145 2409 1182 2434 im
1194 2408 1319 2442 Spiritus,
1335 2407 1443 2442 singulis
1456 2415 1518 2434 suas
1529 2408 1701 2442 proprietates
1718 2414 1820 2433 serran-

1045 2444 1133 2471 tibus:
1147 2448 1171 2470 et
1185 2441 1235 2470 tres
1248 2443 1289 2469 illi
1304 2443 1331 2469 in
1345 2441 1477 2469 δείηιιιιιιο
1497 2442 1655 2469 considerati
1673 2441 1740 2467 Deus
1751 2447 1818 2468 sunt.

1045 2479 1118 2505 Illud
1131 2479 1229 2505 scilicet
1239 2478 1382 2505 secundum
1395 2477 1695 2504 consubstantialilalem
1707 2477 1799 2502 habent
1810 2485 1819 2502 .-

1044 2514 1103 2546 Itoc,
1115 2514 1256 2540 secundum
1281 2512 1472 2539 manare/tiam.
1494 2511 1555 2538 Non
1574 2513 1668 2538 accedo
1681 2511 1714 2537 ad
1725 2512 1819 2546 cogita-

1044 2550 1140 2576 tionem
1154 2549 1240 2579 mn'us,
1259 2549 1321 2582 quin
1337 2548 1419 2574 tribus
1434 2548 1487 2573 illis
1498 2547 1653 2574 illuminer:
1667 2555 1718 2573 non
1729 2547 1819 2582 aqedo

1045 2585 1079 2611 ad
1092 2590 1144 2611 [res
1156 2584 1215 2611 illos
1231 2581 1392 2614 dieidendos,
1407 2583 1468 2617 quin
1481 2583 1508 2609 in
1525 2590 1604 2608 unum
1614 2582 1734 2617 reducar.
1752 2581 1783 2607 Et
1793 2581 1818 2608 in

1045 2620 1151 2646 duobus
1168 2619 1324 2645 tribuuntur
1340 2616 1469 2653 GregOrio
1483 2617 1631 2653 Tlteologo,
1644 2621 1671 2643 et
1689 2616 1819 2653 habentur

1045 2658 1114 2681 orat.
1133 2654 1177 2681 40.
1197 2654 1280 2681 Basil.
1299 2651 1448 2685 habetféx
1471 2652 1518 2679 τοῦ
1541 2652 1664 2686 θεολόγου
1691 2651 1756 2687 περὶ
1773 2651 1818 2686 τῆς

1045 2690 1124 2723 ἁγίας
1141 2690 1262 2723 Τριάδος.
1426 2722 1463 2723 77
1490 2722 1493 2723 ν
1526 2722 1530 2723 7
1573 2708 1576 2709 ν

1087 2719 1140 2758 (95)
1159 2719 1203 2751 Sic
1215 2719 1280 2759 Reg.
1296 2723 1323 2755 5,
1333 2726 1414 2759 recte.
1425 2722 1507 2759 Editi,
1518 2722 1555 2754 ὼς
1571 2721 1724 2759 ὲνριητιίοις.
1739 2719 1817 2759 Infra,

1045 2755 1112 2795 πρὸς
1126 2759 1171 2785 τὸν
1185 2760 1248 2786 Θεὸν
1257 2755 1339 2786 ’όθθει
1354 2758 1389 2795 in”
1401 2758 1586 2795 dttobus_mss._
1598 2755 1682 2795 Paullo
1698 2755 1817 2795 postumi

1044 2790 1173 2830 ὲιέέκομεν
1196 2795 1288 2823 deerat
1301 2794 1328 2822 in
1349 2794 1446 2827 editis;
1472 2792 1519 2821 sed
1537 2792 1633 2828 legitur
1651 2791 1679 2818 in
1695 2790 1816 2819 omnibus

1044 2837 1111 2865 pene
1121 2837 1186 2858 mss.
