1924 3059
211 86 264 116 603

771 81 798 108 S.
819 78 1049 108 ATHANASIUS.
1067 85 1107 100 υ-ι
1128 75 1263 105 SPUBIA.

1794 73 1850 101 σοι

211 144 357 174 verborum
373 141 528 170 testimonio
543 140 640 172 innixi,
658 149 666 164 ι
684 138 834 166 Constituit
863 136 993 167 terminos

1065 135 1088 161 ια
1111 143 1119 159 ι
1137 134 1269 169 Ἐστησεν
1293 132 1353 167 ὅρια
1379 130 1461 158 ὲθνῶν
1474 130 1543 157 κατὰ
1567 129 1693 165 ἀριθμὸν
1722 131 1852 165 ἀγγέλων

211 191 332 227 gentium
347 190 423 224 juxta
439 194 582 214 numerum
599 186 757 220 angelorum
772 184 819 211 Dei
831 184 864 210 ⁸ο.
875 193 884 208 ι

247 237 356 270 ρυεςτ.
378 233 432 261 VII.
453 233 512 266 Qua
527 233 555 259 in
571 240 600 260 re
613 232 703 260 din‘ert
724 231 876 258 daemonum
896 231 994 256 natura

213 290 227 310 a
248 287 347 310 natura
368 279 546 315 angelorum?

248 327 329 358 ﬁsse.
351 324 429 353 Nulla
443 329 486 352 est
505 329 609 351 naturae
629 323 750 358 ipsorum
768 320 930 352 differentia,
947 319 994 346 sed

213 373 375 406 voluntatis,
390 371 618 407 quemadmodum
635 370 687 397 alia
704 373 746 396 est
758 368 826 403 just
840 375 927 400 mens,
942 366 995 393 alia

215 420 377 456 peccatoris.

250 467 360 500 Qumsr.
376 464 443 492 VIII.
464 464 536 498 Quot
551 468 616 492 sunt
631 462 742 491 ordines
755 465 782 489 et
793 465 859 496 quot
872 462 934 487 sunt
948 466 996 486 an-

215 512 336 548 gelorum
353 510 473 538 naturae?

251 555 332 584 Βεερ.
353 555 413 582 Una
433 559 475 582 est
495 558 604 585 natura,
621 550 847 588 quemadmodum
864 552 890 576 et
909 547 997 574 homi-

214 610 292 630 num.
313 603 346 629 At
361 608 457 628 uovem
473 604 537 627 sunt
552 599 672 631 ordines,
687 601 716 624 ut
735 596 876 630 theologia)
890 594 997 629 peritis-

216 647 303 675 simus
326 645 406 673 docet
431 644 587 680 Dionysius,
607 643 653 678 qui
675 641 831 676 hujusmodi
852 644 935 668 sunt:
949 647 997 666 an-

216 692 280 728 geli,
301 691 467 726 archangeli,
491 689 670 725 principatus.
688 690 848 722 potestates,
871 685 996 716 virtutes.

217 737 427 767 dominationes,
445 743 492 763 sex
508 735 558 762 alis
575 734 710 761 instructa
725 731 874 766 seraphim,
889 730 998 757 multis-

217 790 270 817 que
285 783 372 809 oculis
387 786 482 808 ornata
496 780 647 812 cherubim,
670 783 697 806 et
713 778 814 805 throni.
829 777 866 804 De
880 784 934 803 una
952 783 998 802 an-

217 809 338 862 g-elorum
355 825 509 854 substantia
524 825 644 859 loquitur
665 824 746 850 etiam
762 821 909 857 Gregorius
925 820 996 856 Nys-
1012 809 1033 837 Β

219 878 303 899 senus
327 872 355 898 in
378 870 485 898 decimo
508 869 623 904 septimo
638 869 736 903 [capite
751 867 811 895 libri
833 867 875 895 sui
893 866 930 894 De
949 867 998 894 ho-

217 916 300 943 mine.

252 961 362 994 Qussr.
381 960 426 988 IX.
447 960 518 994 Quot
534 963 598 987 sunt
613 958 744 994 caelia)?

251 1006 332 1034 Rssr.
353 1006 431 1034 Multi
445 1007 495 1033 hac
504 1006 538 1033 de
549 1005 699 1040 quarstione
712 1004 862 1031 decertant.
877 1001 999 1037 Namque

217 1051 286 1080 liber
308 1052 421 1080 Genesis
445 1052 513 1079 duos
529 1052 615 1079 caelos
639 1053 844 1078 commemorat.
869 1048 903 1075 At
920 1047 999 1075 divus

217 1097 320 1124 Paulus
357 1098 468 1125 tertium
506 1097 605 1124 malum
630 1096 716 1123 novit.
736 1095 889 1128 Quinetiam
916 1093 999 1120 David

217 1143 349 1179 propheta
375 1147 503 1178 quartum
526 1146 662 1174 numerat,
687 1149 749 1168 cum
778 1140 827 1173 ait,
856 1150 865 1166 ‹
880 1136 1000 1166 Lau'date

217 1197 291 1220 eum,
308 1189 370 1215 caeli
390 1188 531 1215 malorum.
548 1197 557 1214 ι
578 1187 724 1214 Sciendum
744 1190 833 1213 autem
853 1189 894 1213 est
910 1185 1000 1212 existi-

218 1241 294 1260 mare
310 1241 358 1260 eos
368 1234 415 1268 qui
430 1233 535 1266 dicunt,
552 1236 659 1268 raptum
681 1232 765 1260 fuisse
776 1232 890 1258 Paulum
908 1232 934 1258 in
946 1235 1001 1258 ter-

218 1280 287 1307 tium
306 1280 415 1312 cmlum,
434 1288 488 1306 non
505 1280 534 1306 in
551 1283 607 1306 tres
620 1278 716 1311 cmlos,
733 1278 805 1313 quod
823 1277 1001 1313 quemadmo-

220 1325 284 1353 dum
307 1325 448 1353 hominum
478 1328 576 1352 natura
602 1328 629 1352 et
655 1333 726 1352 unus
753 1325 835 1351 homo
855 1324 955 1351 dicitur
974 1328 1001 1350 et

219 1372 297 1399 multi
319 1372 442 1399 homines
456 1381 462 1399 :
477 1371 513 1398 ita
537 1375 635 1398 natura
651 1371 783 1398 erelorum
803 1374 829 1397 et
844 1377 928 1396 unum
946 1376 1002 1396 cm-

219 1417 275 1444 lum
287 1417 358 1452 apud
369 1416 488 1444 divinam
500 1416 669 1451 Scripturam
681 1416 790 1448 dicitur,
802 1419 829 1443 et
837 1415 916 1442 multi
927 1415 998 1442 coeli.

1015 1475 1038 1506 C

256 1494 366 1528 ρυλες-ι.
386 1494 419 1522 Χ.
440 1494 619 1528 Quandonam
645 1498 672 1522 et
688 1502 774 1529 quare
792 1494 890 1521 cecidit
908 1493 1002 1523 diabo-

221 1540 283 1567 lus?
297 1539 425 1567 Nonnulli
445 1541 518 1568 enim
542 1540 787 1568 comminiscuntur
808 1540 883 1566 illum
899 1539 1003 1566 idcirco

222 1586 366 1619 cecidisse,
384 1586 457 1621 quod
472 1587 605 1613 Adamum
621 1586 707 1614 noilet
722 1586 845 1613 adorare.

257 1632 340 1660 lisse.
379 1632 531 1660 Stultorum
568 1632 709 1661 hominum
747 1636 811 1659 sunt
848 1631 1005 1667 huiusmodi

222 1677 315 1706 verba.
337 1677 477 1713 Siquidem
502 1677 600 1705 cecidit
617 1677 751 1710 diabolus,
774 1681 920 1712 antequam
936 1677 1006 1704 Ada-

223 1730 285 1750 mus
303 1726 386 1751 esset.
411 1723 525 1750 Constat
547 1731 612 1751 vero
635 1723 737 1758 ipsum,
751 1727 782 1750 ut
805 1727 900 1749 narrat
920 1721 1005 1750 Isaias

223 1767 367 1802 propheta,
386 1775 464 1795 suam
482 1771 594 1803 propter
615 1769 771 1803 superbiam
790 1767 932 1799 cecidisse,
951 1775 1006 1802 qua

224 1820 322 1847 nempe
339 1813 397 1840 haec
425 1820 518 1840 secum
548 1813 704 1848 cogitabat,
722 1821 731 1838 ι
746 1812 849 1839 Ponam
878 1812 1005 1839 thronum

224 1865 314 1886 meum
332 1865 414 1892 supra
426 1858 525 1890 nubes,
537 1862 564 1886 et
576 1866 624 1885 ero
639 1858 738 1886 similis
758 1857 899 1884 Altissimo
909 1857 943 1885 ει.
959 1867 968 1883 ι

262 1903 370 1936 Quesr.
388 1903 434 1932 XI.
454 1904 540 1939 Cujus
564 1904 650 1939 gratia
670 1903 709 1930 illi
725 1903 863 1931 concessit
884 1902 955 1931 Deus
977 1906 1006 1930 ut

225 1949 326 1976 bellum
346 1948 459 1976 inferret
475 1950 566 1985 generi
582 1949 741 1977 hominum?

262 1993 344 2022 [περ.
364 1993 466 2028 Nempe
485 1999 514 2021 ut
528 1994 575 2030 qui
592 1994 677 2021 Deum
696 1994 850 2029 diligerent,
866 1993 1008 2028 conspicui

226 2039 327 2073 forent,
342 2044 369 2067 et
383 2040 430 2075 qui
445 2040 630 2075 voluptatibus
648 2045 740 2067 essent
754 2039 848 2072 dediti,
863 2039 1007 2074 deprehen-

227 2086 365 2115 derentur.
389 2085 470 2113 Nullo
489 2087 562 2114 enim
584 2086 734 2113 obsistente
757 2086 924 2118 adversario,
951 2085 1008 2113 veri

228 2133 328 2160 milites
343 2125 514 2167 imperatoris
525 2139 580 2159 non
593 2132 825 2158 internoscuntur.
842 2131 935 2166 Itaque
949 2130 1008 2157 dia-

227 2177 306 2205 bolus
322 2185 405 2205 causa
419 2177 547 2209 victoriae,
573 2183 735 2204 coronarum
757 2180 784 2204 et
816 2176 951 2204 honorum
973 2177 1007 2205 iis

228 2227 270 2251 est
285 2223 331 2258 qui
346 2223 462 2257 diligunt
478 2222 573 2250 Deum.

262 2269 372 2302 Quas-1'.
395 2268 450 2295 XII.
481 2268 549 2296 Cum
571 2268 695 2296 diabolus
721 2275 736 2295 e
762 2268 839 2296 eoelis
864 2268 1007 2301 ceciderit,

228 2314 365 2349 quomodo
378 2314 406 2341 in
423 2314 492 2342 libro
506 2313 557 2342 Job
574 2315 706 2349 scriptum
718 2318 761 2342 est
774 2314 881 2342 venisse
896 2314 1008 2349 angelos

229 2360 277 2388 Dei
291 2365 321 2388 ut
346 2362 508 2388 assisterent
532 2367 624 2387 coram
641 2360 766 2394 Domino,
789 2364 817 2388 et
831 2361 966 2388 diabolum
981 2361 1008 2388 in

229 2407 320 2435 medio
337 2406 459 2442 ipsorum
467 2407 508 2433 οη

267 2493 291 2510 ⁸ο
309 2493 387 2521 Deut.
405 2501 480 2521 um
492 2514 499 2527 ,
514 2493 540 2522 8.
579 2493 601 2509 “
621 2493 673 2522 Isa.
692 2501 748 2525 xlv,
765 2494 810 2522 Η.
848 2495 870 2510 ⁸¹
890 2493 940 2521 Job
955 2501 980 2526 ι,
998 2493 1023 2521 6.

266 2571 304 2606 (5)
325 2570 391 2598 Post
405 2578 497 2598 vocem
514 2571 561 2597 καὶ
582 2572 606 2597 οἱ
626 2570 725 2606 θρόνοι,
749 2571 777 2597 in
792 2570 873 2598 editis
888 2571 946 2598 haec
960 2570 1009 2597 ha-

231 2605 341 2638 bentur,
358 2606 426 2641 Περὶ
441 2605 468 2632 δὲ
482 2605 531 2640 τῆς
546 2606 610 2641 μιᾶς
626 2605 729 2637 οὐσίας,
749 2610 815 2638 elc.,
834 2613 893 2640 quze
910 2606 1010 2633 desunt

232 2641 261 2668 in
279 2649 346 2668 mss.
359 2640 414 2668 fere
426 2640 563 2671 omnibus,
579 2645 606 2668 et
619 2641 745 2667 videntur
757 2641 904 2675 adjectitia.

268 2676 304 2710 (4‘,
325 2675 386 2703 Hac
401 2675 514 2710 qilzestio
524 2680 566 2703 est
577 2675 648 2710 apud
660 2675 858 2703 Theodoretum
868 2696 875 2709 ,
889 2683 907 2702 Il
922 2676 949 2702 in
959 2675 1009 2702 Ge-

233 2711 327 2743 imim,
342 2718 396 2738 non
408 2710 486 2743 plane
501 2711 597 2738 similis
610 2711 637 2738 in
651 2711 789 2738 omnibus.

268 2745 314 2780 (5)
328 2745 391 2780 Reg.
407 2745 434 2777 2,
449 2745 623 2781 ὲτιερῲτημα.

268 2780 305 2822 (6)
325 2779 397 2810 Haac.
410 2779 594 2814 λογίζεσθαιζζ.
612 2781 725 2815 Παῦλον,
737 2781 834 2810 desunt
848 2782 875 2808 in
899 2781 1012 2816 quibus—

1044 179 1123 207 Θεοῦ.
1144 189 1153 204 ι
1433 203 1435 206 ,
1575 199 1579 205 .

1087 225 1182 260 Ἐρώτ.
1201 225 1233 256 ζ’.
1252 225 1283 250 Τί
1305 222 1492 258 παρήλλακται
1508 223 1524 256 ὴ
1540 221 1620 248 οὐσία.
1635 220 1697 247 τῶν
1712 221 1851 255 δαιμόνων

1043 271 1095 306 τῆς
1111 271 1209 302 οὐσίας
1217 270 1270 297 τῶν
1280 269 1417 303 ὀγγέλωνς

1087 316 1180 346 ’Δπόκ.
1207 316 1238 342 'H
1259 315 1337 342 οὐσία
1361 315 1391 341 οὺ
1409 313 1608 349 παρήλλακται,
1637 313 1701 339 ἀλλ’
1719 314 1737 348 ἡ
1754 314 1851 349 προαί-

1047 370 1130 397 ρεσις,
1146 362 1238 396 ὥσπερ
1255 362 1271 396 ἡ
1284 359 1378 396 γνώμη
1392 360 1497 386 δικαίου
1513 360 1559 386 καὶ
1580 359 1772 394 ἁμαρτωλοῦ.

1089 450 1184 486 Ἐρώτ.
1197 453 1231 485 η’.
1249 449 1322 476 Πόσα
1347 449 1473 483 τάγματα
1489 448 1535 475 καὶ
1549 448 1636 475 πόσαι
1655 448 1753 475 οὐσίαι
1768 449 1850 483 ἀγγέ-

1048 495 1101 522 λων
1115 496 1201 528 είσίν;

1086 541 1179 567 Ἀπόκ.
1194 541 1278 567 Οὑσία
1288 540 1346 575 μία,
1361 539 1454 574 ὥσπερ
1467 539 1512 565 καὶ
1524 538 1685 574 ἀνθρώπων
1709 539 1762 574 μία
1798 539 1846 565 Τά-

1046 595 1137 620 γματα
1161 586 1200 618 δὲ,
1214 586 1251 617 ὼς
1263 587 1276 612 6
1291 585 1373 616 πολὺς
1396 585 1425 611 ἐν
1448 584 1569 620 θεολογία
1588 584 1739 616 Διονύσιός
1757 593 1847 620 φησιν,

1047 631 1134 663 ἐννέα,
1161 631 1231 667 ἅπερ
1259 632 1311 658 εἰσὶ
1326 631 1427 657 ταῦτα·
1445 631 1566 664 ἄγγελοι,
1586 630 1779 666 ἁρχάγγελοι,
1803 632 1846 666 ἁρ-

1047 677 1101 712 χαὶ,
1120 677 1248 709 ἐξουσίαι,
1262 677 1400 712 δυνάμεις⁷
1418 676 1587 711 κυριότητες,
1606 675 1646 702 τὰ
1668 675 1845 711 ὲξατττέρυγα

1048 722 1176 757 σεραφὶμ,
1189 722 1223 748 τὰ
1236 721 1412 756 πολυόμματα
1421 721 1563 756 χερουὸὶμ,
1578 721 1631 746 καὶ
1643 722 1668 747 oi
1688 721 1782 756 θρόνοι
1798 721 1843 756 (5).

1046 768 1114 802 Περὶ
1134 768 1197 802 μιᾶς
1216 767 1308 799 οὐσίας
1332 767 1454 801 ἀγγέλων
1477 767 1523 794 καὶ
1548 768 1563 793 6
1584 766 1670 801 ἆγιος
1697 768 1846 803 Γρηγόριος

1046 815 1060 840 ὁ
1077 814 1186 849 Νύσσης
1200 813 1272 848 λέγει
1286 814 1325 845 εἰς
1342 813 1372 839 τὺ
1385 812 1616 840 ἑπτακαιδέκατον
1633 813 1788 848 κεφάλαιον
1801 813 1845 841 τώ

1047 860 1094 891 Et;
1112 859 1158 886 τὸν
1176 859 1320 886 ἄνοπωπον
1331 858 1409 892 λόγου
1420 857 1512 885 αὐτοῦ.

1088 944 1182 981 Ἑρώτ.
1201 944 1232 971 θ’.
1248 944 1328 971 Πόσοι
1348 943 1456 980 οὐρανοί
1470 944 1538 970 εἰσιν
1553 944 1589 979 (4)
1603 953 1612 978 ;

1088 991 1181 1017 Ἀπόκ.
1210 990 1418 1025 ’Δμιριϐἀλλεται
1446 990 1553 1022 πολλοῖς
1581 990 1616 1016 τὸ
1637 990 1776 1026 ἐρώτημα
1797 990 1843 1024 (5).

1053 1038 1086 1064 Ἦ
1101 1037 1149 1072 μὲν
1163 1037 1217 1072 γὰρ
1232 1036 1320 1071 βίϐλος
1333 1037 1383 1072 τῆς
1396 1036 1530 1068 Γενέσεως
1545 1035 1593 1062 δύο
1608 1036 1749 1072 οὐρανοὺς
1761 1036 1843 1070 λέγει·

1048 1083 1102 1110 όδὲ
1118 1082 1194 1117 ἅγιος
1206 1081 1311 1113 Παῦλος
1327 1082 1374 1109 καὶ
1403 1082 1493 1116 τρίτον
1513 1081 1632 1117 οὐρανὸν
1659 1080 1743 1110 εἶδεν.
1763 1083 1792 1108 Ὀ
1817 1082 1842 1108 δὲ

1049 1130 1189 1164 προφήτης
1201 1128 1292 1160 Δαϐὶδ,
1307 1128 1353 1154 καὶ
1378 1127 1506 1164 τέταρτον
1523 1127 1611 1161 λέγει,
1626 1127 1724 1160 καθώς
1745 1135 1840 1163 φησιν’

1052 1184 1061 1200 ι
1079 1176 1183 1201 Αἰνεῖτε
1196 1173 1288 1206 αὑτὸν,
1304 1174 1329 1200 οἱ
1341 1174 1448 1209 οὐρανοὶ
1462 1173 1515 1200 τῶν
1529 1174 1668 1209 οὐρανῶν.
1689 1184 1698 1200 ι
1717 1173 1844 1200 Ἰστέονῑὲ

1049 1221 1202 1255 λογίζεσθαι
1219 1221 1255 1256 (6)
1272 1220 1335 1251 τοὺς
1353 1219 1480 1253 λέγοντας
1496 1220 1535 1251 είς
1550 1220 1581 1246 τὸ
1599 1221 1694 1255 τρίτον
1709 1220 1757 1246 τοῦ
1767 1221 1842 1255 ούρα-

1049 1267 1105 1299 νοῦ,
1120 1267 1165 1293 καὶ
1181 1266 1231 1292 οὐκ
1244 1267 1283 1298 εἰς
1296 1266 1368 1301 τρεῖς
1383 1265 1512 1300 οὐρανοὺς
1529 1266 1696 1300 ἀρπαγῆναι
1708 1265 1754 1291 τὸν
1771 1265 1841 1298 ἅγιον

1050 1312 1166 1345 Παῦλον,
1191 1312 1242 1344 ὅτι,
1262 1311 1386 1346 καθάπερ
1408 1312 1424 1346 ἡ
1447 1310 1526 1345 φύσις
1550 1311 1607 1337 τῶν
1624 1311 1778 1346 ἀνθρώπων
1798 1310 1840 1337 καὶ

1050 1355 1090 1389 εἷς
1105 1358 1211 1392 λέγεται
1235 1357 1386 1392 ἅνθρωπος,
1410 1356 1457 1382 καὶ
1468 1356 1547 1383 πάλιν
1567 1357 1665 1383 πολλοὶ
1686 1357 1837 1392 ἄνθρωποι·

1050 1406 1120 1434 οὕτω
1136 1407 1210 1442 καὶὴ
1231 1406 1286 1432 τῶν
1299 1405 1421 1440 οὐρανῶν
1439 1404 1528 1438 φύσις,
1546 1405 1596 1430 καὶ
1614 1403 1656 1436 εἷς
1666 1404 1781 1440 οὐρανὸς
1796 1410 1838 1429 καθ.

1052 1452 1144 1479 πολλοὶ
1157 1452 1266 1488 οὐρανοὶ
1282 1452 1310 1479 ὲν
1320 1453 1353 1487 τῇ
1369 1451 1429 1487 θείᾳ
1445 1452 1539 1487 Γραφῇ
1556 1451 1697 1485 λέγονται.

1093 1497 1187 1533 Ἐρὼτ.
1206 1501 1231 1525 ι’.
1247 1498 1326 1529 Πότε,
1355 1497 1401 1524 καὶ
1413 1497 1455 1524 διὰ
1480 1497 1506 1523 τί
1528 1496 1659 1530 ἐξέπεσεν
1675 1497 1690 1522 6
1706 1495 1837 1525 διάὸολος,

1051 1541 1220 1569 Μυθεύονται
1232 1541 1285 1577 γάρ
1302 1550 1382 1574 τινες,
1396 1542 1448 1572 ὅτι,
1459 1541 1679 1576 καταδεξάμενος
1692 1537 1838 1575 προσκυνῆ-

1057 1595 1102 1613 σαι
1114 1587 1159 1614 τὸν
1179 1586 1273 1621 Ἀδὰμ,
1289 1586 1332 1612 διὰ
1349 1586 1427 1613 τοῦτο
1438 1586 1577 1618 ἐξέπεσεν.

1096 1632 1187 1659 Ἀπόκ.
1211 1632 1347 1668 Ἀφρὸνων
1363 1632 1401 1667 (7)
1424 1632 1528 1668 ἀνδρῶν
1554 1631 1590 1658 τὰ
1616 1630 1730 1658 τοιαῦτα
1744 1628 1836 1664 τυγχά-

1054 1686 1128 1704 νουσι
1153 1678 1271 1713 ῥήματα.
1300 1678 1328 1704 'O
1348 1677 1402 1712 γὰρ
1421 1677 1551 1709 διάϐολος,
1565 1678 1632 1713 πρὶν
1651 1676 1777 1711 γενέσθαι
1796 1674 1835 1700 τὸν

1061 1723 1145 1758 Ἀδὰμ
1161 1723 1208 1758 (8),
1223 1723 1344 1755 ἐξέπεσε.
1359 1723 1496 1759 Πρόδηλον
1510 1723 1548 1755 δὲ,
1566 1723 1608 1750 ὅτι
1619 1723 1665 1750 διὰ
1681 1723 1730 1758 τὴν
1755 1722 1834 1755 ὑπερ-

1055 1768 1170 1804 ηφανίαν
1183 1768 1276 1801 αὑτοῦ,
1291 1768 1327 1800 ὥς
1336 1777 1418 1803 φησιν
1437 1769 1550 1799 Ἡσαΐας
1570 1769 1585 1795 6
1599 1768 1751 1803 προφήτης,
1768 1766 1833 1799 λογι-

1055 1814 1181 1849 σάμενος,
1195 1814 1235 1840 ὅτι
1248 1824 1257 1840 ι
1269 1814 1348 1850 Θήσω
1360 1814 1404 1840 τὸν
1421 1814 1514 1850 Θρόνον
1529 1823 1579 1849 μου
1598 1815 1644 1841 ἐπὶ
1655 1813 1708 1840 τῶν
1721 1813 1756 1848 (9)
1768 1818 1834 1844 νεφε-

1055 1860 1108 1887 λῶν
1133 1861 1180 1886 καὶ
1195 1859 1290 1895 ἔσομαι
1303 1861 1394 1895 ὅμοιος
1406 1859 1445 1894 τῷ
1467 1860 1598 1895 Ὑψίστῳ.
1618 1869 1628 1885 ι

1098 1906 1125 1932 Ὲ
1130 1906 1194 1942 ρώτ,
1205 1909 1250 1933 ια’.
1261 1906 1338 1937 Τίνος
1346 1906 1374 1932 δὲ
1380 1906 1459 1941 χάριν
1470 1905 1658 1941 συνεχώρησεν
1666 1903 1738 1939 αὐτῷ
1751 1904 1765 1929 6
1774 1901 1831 1931 Θεὸς

1057 1952 1184 1987 πολεμεῖν
1197 1952 1227 1978 τὸ
1242 1952 1319 1986 γένος
1334 1952 1388 1986 (10)
1404 1951 1457 1978 τῶν
1475 1951 1628 1987 ἀνθρώπων
1642 1959 1649 1983 ;

1098 1998 1191 2025 Ἀπόκ.
1208 1999 1302 2030 Ὅπως
1316 1998 1363 2024 καὶ
1373 1999 1396 2024 οἱ
1407 1998 1566 2032 ἀγαπῶντες
1579 1997 1626 2024 τὸν
1639 1995 1704 2023 Θεὸν
1721 2000 1830 2028 φανερω-

1058 2043 1140 2075 θῶσι,
1172 2043 1219 2070 καὶ
1238 2043 1431 2078 προσκείμενοι
1456 2044 1515 2074 ταῖς
1538 2042 1647 2077 ἡδοναῖς
1668 2036 1828 2073 ἐλεγχθῶσιν.

1064 2088 1212 2115 Ἀντιδίκου
1226 2089 1280 2124 γὰρ
1293 2089 1329 2124 μὴ
1347 2087 1543 2124 προσκειμένου
1559 2087 1584 2113 οἱ
1594 2087 1699 2121 γνήσιοι
1713 2079 1828 2117 στρατιῶ-

1058 2142 1101 2161 ται
1132 2134 1178 2160 τοῦ
1205 2134 1336 2169 βασιλέως
1352 2134 1382 2160 οὐ
1400 2133 1586 2169 φανεροῦνται.
1609 2133 1638 2159 '0
1659 2128 1704 2157 οὖν
1722 2126 1828 2155 διάϐολος

1060 2180 1144 2211 αἴτιος
1166 2179 1243 2214 νίκης
1269 2180 1315 2206 καὶ
1340 2180 1479 2214 στεφάνων
1502 2179 1605 2214 γίνεται
1621 2177 1668 2204 καὶ
1679 2173 1762 2210 τιμῶν
1779 2171 1827 2200 τοῖς

1061 2225 1188 2260 ἀγαπῶσι
1199 2225 1244 2252 τὸν
1258 2225 1334 2252 Θεόν.

1102 2270 1196 2306 Ἐι-ὠτ.
1214 2271 1258 2306 ιβ’.
1283 2271 1415 2302 Πεσόντος
1441 2269 1488 2297 τοῦ
1515 2270 1638 2297 διαϐόλου
1661 2268 1692 2294 ἐκ
1718 2263 1768 2290 τῶν
1788 2260 1826 2306 οὖῇ

1063 2305 1161 2353 ρανῶν,
1176 2305 1236 2348 πῶς
1250 2317 1402 2352 γέγραπται
1419 2317 1448 2342 ὲν
1466 2316 1504 2352 τῷ
1524 2315 1582 2342 ’1ὼὸ
1597 2314 1662 2350 (II),
1674 2313 1711 2338 ὅτι
1721 2305 1824 2353 ἦλθον.οί

1061 2348 1170 2396 ἀγγελοι
1179 2361 1226 2388 τοῦ
1238 2348 1308 2388 θέοό
1321 2348 1496 2397 παραστῆναί
1511 2348 1624 2388 ἐνώπιον
1637 2355 1746 2391 Κυρίου,
1762 2348 1825 2377 κοιὶῦ

1063 2406 1184 2439 διάϐολος
1194 2408 1223 2434 ὲν
1237 2407 1311 2442 μέσῳ
1323 2406 1431 2439 absim;

1061 2570 1124 2597 dam
1141 2577 1209 2597 mss.

1097 2604 1135 2640 (7)
1154 2604 1261 2640 Μωρῶν
1276 2599 1648 2640 ἀνδρῶνριιομιηοῃιιεετῖριῑ.

1110 2638 1137 2672 8)
1157 2638 1215 2666 Duo
1231 2638 1419 2673 manuscripti,
1434 2638 1479 2664 τὸν
1494 2638 1643 2673 ἄνθρωπεονε

1110 2668 1136 2707 9)
1157 2674 1271 2700 Palatin.
1287 2674 1313 2706 ι,
1325 2668 1417 2701 enim
1431 2673 1495 2699 τῶν.
1513 2668 1577 2708 nég.
1592 2671 1618 2701 δ,
1632 2668 1693 2696 ἄνω.

1112 2709 1154 2750 1.92
1173 2708 1285 2750 9“?de
1299 2708 1424 2750 ητεὲσιῖῷ
1436 2708 1527 2750 γίνεικ
1575 2740 1631 2750 ...ρ
1666 2733 1744 2750 nm...
1766 2728 1816 2750 ηοςι

1101 2733 1157 2779 ur)
1176 2733 1376 2775 magna,"
1389 2733 1419 2775 ’2:
1440 2733 1547 2779 έιςέδν
1575 2740 1640 2779 με.
1666 2733 1806 2779 ρςιυθωηεξ

1067 2763 1169 2816 Regi-uls
1176 2763 1478 2813 ἰἶηὲἒᾶἔεῖίοϊκῦᾖίὲὐῖ
1620 2763 1702 2801 ἔναντι
1718 2763 1816 2801 Κυρίουι
