1924 3059
97 106 152 134 605

553 101 791 138 ΟΠΕΞΤΙΟΝΕΒ
806 103 854 130 AD
871 102 1073 131 ANTIOCHUM
1093 101 1220 130 DUCEM.

1654 94 1708 122 606

138 159 233 188 Ἀπόκ.
254 160 312 187 Οὐκ
328 157 404 188 εἶπεν
419 162 436 197 ἡ
459 161 566 197 Γραφὴ,
582 161 624 188 ὅτι
641 158 721 196 ἦλθεν
733 162 747 188 ὁ
761 159 881 192 διάϐολος

966 159 1049 188 Ras».
1068 160 1127 188 Non
1145 160 1182 186 ait
1196 158 1336 193 Scriptura
1351 155 1488 183 diabolum
1503 152 1662 181 convenisse
1677 153 1704 178 in

97 207 128 234 ὲν
153 206 350 242 ωῖςιοὺρανοῖς
372 207 401 233 ὲν
424 207 499 242 μέσῳ
516 207 571 233 τῶν
592 206 713 241 ἀγγέλων
726 214 733 221 ·
751 207 882 242 πρόδηλον

97 251 156 285 οὖν,
172 252 213 278 ὅτι
227 252 273 278 ἐπὶ
283 252 402 287 τῆςγῆς.
415 251 470 278 Καὶ
480 252 535 287 γὰρ
548 252 613 278 ὅπου
624 251 671 278 ὲάν
684 251 752 278 ιῑσιν
769 252 794 278 οἱ
810 251 882 286 ἅγιοι

98 297 219 332 ἄγγελοι,
232 297 271 333 τῷ
283 297 342 332 Θεῷ
364 297 551 333 παρίστανται.
567 298 640 332 Πλὴν
658 298 699 324 δεῖ
712 297 821 329 ειδέναι,
841 298 882 325 ὅτι

98 343 194 378 dese;
212 343 257 370 διά
282 352 354 375 τινος
373 343 451 378 ἁγίου
469 343 583 378 ἀγγέλου
600 343 671 379 πρὸς
690 343 736 370 τὸν
762 343 882 370 διάῶλον

98 388 245 422 διελέγετο,
255 388 381 423 καθάπερ
394 388 440 415 καὶ
451 387 587 423 βασιλεὺς,
598 387 642 415 διά
649 396 719 415 τινοθ
733 387 815 414 μέσον
826 387 881 423 (12)

98 433 254 470 ἀνθρώπου,
269 433 337 470 πρὸς
351 433 396 461 τὸν
412 433 567 461 κατάδικον.

140 519 236 556 Ἐρώτ.
267 523 311 554 ιγ’.
341 518 413 556 Ἀρα
445 519 530 555 ἰσχύει
559 520 702 556 φάρμακον
726 521 881 548 ἀποκτεῖναι

98 564 242 601 ἄνθρωπον
254 573 262 598 ;

141 610 234 637 Ἀπόκ.
246 610 354 637 Δίκαιον
368 611 416 647 μὲν
435 611 560 647 οὐδαμῶς
572 620 578 626 ·
597 611 654 638 ἀλλ’
669 612 729 638 οὐδὲ
740 613 884 648 προσεγγί-

100 664 145 684 σαι
157 656 231 692 αὺτῷ
243 665 250 673 ·
262 657 420 693 ἁμαρτωλὸν
431 658 459 684 δὲ
467 658 523 690 καὶ,
539 656 585 684 τοῦ
593 657 659 684 Θεοῦ
671 658 879 694 συγχωροῦντος.

105 702 182 728 Ἐπεὶ
209 702 270 729 οὐδὲ
293 703 365 730 κατὰ
391 703 490 739 χοίρων
507 703 562 739 ἔχει
582 704 714 737 ἐξουσίαν,
732 705 770 737 ὡς
787 706 815 731 ὲν
829 706 884 736 τοῖς

98 748 277 783 Εὐαγγελίοις
284 749 351 784 ἡκού
355 758 387 775 σα
391 758 450 784 μεν.
714 754 755 787 "-\

141 794 236 830 Ἐρώτ.
264 795 304 821 ιδ’.
332 795 414 821 Ποίαν
440 795 522 831 εὐχὴν
545 796 592 822 καλ⁴
606 795 681 831 ῥῆμα
697 794 779 832 παρὰ
795 796 884 823 πᾶσαν

931 205 1010 232 ccelis
1022 205 1048 231 in
1066 205 1153 232 medio
1165 203 1321 238 angelorum
1334 210 1340 227 :
1352 203 1517 235 quapropter
1533 197 1707 233 perspicuum

931 254 972 278 est
991 257 1055 277 cum
1076 250 1103 276 in
1127 254 1199 276 terra
1223 246 1395 274 convenisse.
1419 244 1524 271 Etenim
1552 243 1707 276 ubicunque

931 300 995 324 sunt
1022 296 1107 323 sancti
1132 294 1231 329 angeli,
1262 292 1317 320 Deo
1344 292 1486 319 assistunt.
1514 288 1707 316 Verumtamen

931 341 1071 369 sciendum
1082 344 1133 373 cst,
1149 338 1233 367 Deum
1247 347 1295 374 per
1312 342 1435 365 sanctum
1447 337 1563 371 aliquem
1582 334 1706 368 angelum

932 395 993 414 cum
1007 386 1116 414 diabolo
1130 393 1191 413 esse
1209 385 1339 415 locutum,
1355 381 1582 418 quemadmodum
1598 388 1645 407 rex
1659 386 1707 414 per

932 431 1121 459 intermedium
1134 431 1250 465 aliquem
1264 428 1400 456 hominem
1416 435 1478 455 cum
1494 427 1621 454 damnato
1638 424 1707 452 solet

931 477 1015 511 loqui.

967 523 1077 556 Qum-1'.
1095 521 1165 550 Xlll.
1185 521 1254 548 Num
1269 524 1358 556 potest
1372 519 1531 548 veneﬁcium
1544 524 1641 545 necare
1657 516 1706 542 ho-

932 570 1053 598 minem?

967 615 1047 643 Rssr.
1067 614 1175 642 Iustum
1188 613 1299 649 quidem
1314 618 1495 646 nequaquam,
1509 610 1563 636 imo
1580 615 1613 636 ne
1625 614 1708 642 prope

932 661 1040 697 quidem
1063 661 1201 688 accedere.
1217 660 1252 686 At
1273 662 1441 694 peecatorem
1464 659 1551 691 potest
1572 653 1708 683 occidere,

933 707 955 735 si
971 706 1042 734 Deus
1057 705 1221 740 permiserit.
1246 703 1368 738 Namque
1386 711 1421 729 ne
1438 703 1465 729 in
1483 707 1582 736 porcos
1599 698 1709 733 quidem

932 751 1011 779 habet
1025 754 1195 786 potestatem,
1216 754 1246 776 ut
1262 750 1289 776 in
1306 747 1457 783 Evangeliis
1474 744 1638 772 audivimus.

969 797 1079 829 QUES'I‘.
1098 795 1168 823 XI“.
1188 795 1301 828 Qualem
1312 794 1461 821 orationem
1473 796 1500 818 et
1514 790 1624 818 verbum
1639 789 1710 824 plus-

99 839 184 875 εὐχὴν
200 838 254 876 (15)
270 840 316 867 καὶ
339 840 414 876 ῥῆμα
440 840 584 875 φοϐοῦνται
600 842 625 868 οἱ
647 841 773 877 δαίμονες
794 841 841 868 καὶ
865 841 880 867 ὁ

941 849 1012 877 [nam
1033 848 1139 868 omnem
1162 841 1241 866 aliam
1261 839 1410 866 orationem
1438 836 1602 869 verbumque
1623 832 1710 860 refor-

99 883 224 916 διάϐολος
236 893 244 918 ;

143 929 238 957 Ἀπόκ.
252 930 419 966 Διηγήσαντό
433 939 504 963 τινες
526 931 740 966 πνενματοφόροι
753 931 821 964 ἄξιοι
837 930 882 957 τοῦ

101 976 287 1009 πιστεύεσθαι,
297 977 392 1012 ὅτιπερ
402 977 496 1009 αὐταῖς
519 977 596 1012 ὂψεσι
610 985 673 1004 ποτε
687 977 779 1012 φανεὶς
794 977 884 1009 αὐτοῖς

100 1025 115 1051 ὸ
128 1023 262 1056 διάϐολος,
277 1023 325 1050 καὶ
340 1024 418 1050 τοῦτο
429 1024 459 1050 τὸ
475 1023 604 1060 ἐρώτημα
620 1022 766 1059 ἐρωτηθεὶς
778 1023 823 1049 ὑπ’
838 1024 885 1050 αὺ-

100 1069 155 1096 τῶν
171 1069 348 1105 ἀπεκρίνατο,
367 1070 407 1096 ὅτι
430 1069 481 1096 οὑκ
499 1068 571 1095 ἐστιν
587 1070 615 1095 εν
630 1068 706 1104 πάσῃ
721 1068 825 1103 Παλαιᾷ
838 1068 885 1094 καὶ⁵

101 1116 189 1150 Καινῇ
206 1115 326 1150 Διαθήκῃ
339 1116 414 1150 ῥῆμα
427 1115 558 1150 ἐκφοϐοῦν
571 1115 617 1141 καὶ
631 1114 821 1150 διασκορπίζον
833 1115 886 1141 πᾶ-

102 1168 152 1186 σαν
165 1159 244 1195 ἡμῶν
254 1160 430 1196 τὴνδύναμιν,
445 1160 483 1192 ὠς
497 1160 512 1196 ἡ
527 1159 598 1195 ἀρχὴ
606 1159 652 1186 τοῦ
662 1159 699 1193 ξςι
708 1159 826 1195 ψαλμοῦ.
841 1160 886 1192 Ὠς

101 1203 148 1232 οὖν
162 1206 176 1232 ὁ
187 1205 306 1238 διάϐολος
320 1205 398 1232 τοῦτο
421 1206 543 1242 εἴρηκεν,
564 1205 722 1241 ἀρξαμένων
736 1205 825 1232 αὐτῶν
838 1205 885 1232 τοῦ

100 1251 221 1286 ψαλμοῦ,
237 1251 284 1278 καὶ
308 1251 458 1286 εἰρηκότων
478 1251 558 1286 μόνον
574 1251 604 1277 τὸ
621 1251 726 1287 πρῶτον
742 1252 825 1287 ῥῆμα,
838 1251 884 1283 τὸ,

105 1307 115 1323 ι
141 1298 292 1333 Ἀναστήτω
315 1298 330 1323 ὸ
352 1297 427 1330 Θεὸς,
457 1307 467 1323 ι
486 1297 586 1328 εὐθέως
615 1296 746 1329 ὀλολύζων
770 1297 887 1331 ἄφαντος

101 1342 211 1376 ιγένετο
234 1344 248 1369 ὁ
275 1342 406 1375 διάϐολος,
435 1342 526 1378 ἔργοις
553 1342 642 1374 δείξας
671 1343 720 1378 τῆς
740 1341 822 1377 εὐχῆς
837 1342 886 1377 τὴν

103 1387 197 1423 ὲνέργε
202 1396 253 1415 ιαν.

145 1432 240 1468 Ἐρώτ.
259 1435 299 1460 ιε’.
315 1432 400 1460 Πόθεν
419 1432 556 1460 κινοῦνται
572 1434 601 1459 ὲν
621 1434 653 1468 τῇ
667 1432 764 1468 καρδία
776 1431 823 1458 τοῦ
840 1431 887 1458 άν-

103 1477 211 1514 Θρώπου
222 1478 390 1513 διαλογισμοὶ
406 1477 454 1504 καὶ
469 1477 541 1512 λόγοι
560 1478 712 1513 βλάσφημοι
726 1478 773 1504 καὶ
790 1477 886 1512 ἀθέμι-

103 1533 155 1556 τοι,
167 1525 214 1551 καὶ
227 1525 308 1551 αὑτὸν
325 1525 371 1551 τὸν
387 1525 453 1552 Θεὸν
467 1525 620 1560 ὑϐρίζοντες
643 1524 779 1556 πολλάκις,
797 1523 843 1554 οὒς
857 1523 886 1550 οὐ

103 1569 278 1604 βεϐούλευται
289 1569 402 1605 λαλῆσαι
413 1571 429 1605 ἡ
441 1570 525 1606 ψυχὴ,
537 1571 554 1605 ἢ
566 1570 675 1604 γλῶσσα
686 1569 732 1596 τοῦ
744 1569 886 1604 ἀνθρώπου

103 1615 236 1650 ὀνομάσαι
247 1623 255 1648 ;

146 1661 241 1688 Ἀπόκ.
263 1661 348 1688 Τοῦτο
366 1662 380 1688 ὁ
403 1662 524 1694 διάϐολός
541 1663 614 1688 ἐστιν
628 1661 828 1697 ἐργαζόμενος,
843 1662 888 1688 καὶ

103 1704 182 1738 οὗτος
195 1706 229 1733 τὰ
242 1706 353 1734 τοιαῦτα
373 1707 488 1743 ἀθέμιτα
512 1709 540 1734 ὲν
552 1709 585 1743 τῇ
598 1708 669 1743 ψυχῇ
682 1708 728 1734 τοῦ
745 1707 886 1744 ἀνθρώπου

105 1751 260 1784 ὑποϐάλλει,
277 1752 364 1779 λαλῶν
392 1753 463 1780 κατὰ
488 1752 534 1780 τοῦ
551 1753 616 1779 Θεοῦ
638 1754 755 1789 ῥήματα,
769 1754 808 1785 εἰς
822 1754 888 1781 ἀπό-

105 1806 205 1832 γνωσιν
219 1797 264 1824 τὸν
282 1797 546 1833 ἄνθρωπονρνέγκαι
564 1798 733 1833 βουλόμενος.
754 1799 821 1825 Ἀλλ’
838 1800 889 1826 οὐκ

104 1843 138 1869 ὲκ
155 1842 248 1870 τούτου
262 1843 291 1869 τδ
308 1843 415 1870 σύνολον
436 1843 628 1879 κατακρίνεται
644 1844 658 1869 ὁ
674 1835 814 1879 ἄνθρωπος
825 1853 831 1859 ·
851 1844 888 1880 μὴ

105 1887 227 1921 γένοιτοέ
240 1887 372 1920 Πολλάκις
394 1888 422 1914 δὲ
446 1889 492 1915 καὶ⁸
509 1888 538 1921 ἐξ
554 1889 667 1924 οἰήσεως
680 1891 694 1916 ὁ
711 1889 828 1921 τοιοῦτος
844 1890 887 1916 λο-

104 1932 203 1968 γισμὸς
211 1934 375 1968 ἐπανάγεται
384 1935 422 1969 τῷ
429 1934 476 1961 ἀνθ
481 1934 562 1970 ρώπῳ
569 1943 581 1965 -ν
592 1934 790 1962 ἀπαλλάττεται
801 1935 829 1961 δὲ
840 1935 888 1961 αὐ-

103 1979 151 2005 τοῦ
180 1979 232 2014 γῆν
261 1979 308 2006 καὶ
337 1979 432 2006 σποδὸν
458 1980 554 2006 ἑαυτὸν
569 1979 750 2015 λογιζόμενος,
766 1979 812 2006 καὶ
827 1979 888 2015 μηδ’

103 2024 172 2056 ὅλως
186 2025 226 2056 εἰς
241 2025 338 2060 μέτρον
360 2025 406 2051 τὸν
428 2024 548 2051 τοιοῦτον
565 2025 693 2060 λογισμὸν
715 2025 801 2060 ἔχων,
822 2024 888 2051 ἀλλὰ

103 2070 191 2104 λέγων
202 2070 241 2106 τῷ
256 2070 384 2106 διαϐόλῳο
395 2079 404 2096 t
415 2071 447 2097 Ἠ
459 2071 615 2107 βλασφημία
631 2080 676 2097 σου
691 2071 736 2097 ἐπὶ
747 2070 795 2106 τὴν
806 2079 889 2104 κεφα-

103 2117 153 2152 λήν
180 2125 239 2149 σου,
269 2117 384 2144 διάϐολε.
404 2117 474 2152 Ἐγὼ
497 2118 552 2153 γὰρ
574 2110 675 2153 Κύριον
696 2116 740 2143 τὸν
757 2117 822 2143 Θεόν
837 2126 887 2152 μου

103 2163 301 2198 προσκυνήσω,
336 2164 383 2190 καὶ
409 2164 490 2190 αὐτὸν
513 2157 639 2190 οὖδὲποτε
664 2163 860 2199 βλασφημήσω.
876 2172 885 2189 ›

109 2208 251 2243 Ἀσφαλῶς
269 2206 315 2235 οὖν
343 2209 507 2245 προσεκτέον
527 2211 584 2241 τοῖς
607 2210 769 2245 εἰρημένοις.
792 2209 888 2236 Πολλοὶ

103 2253 158 2288 γὰρ
170 2253 223 2280 τῶν
233 2253 384 2289 ἀνθρώπων
401 2254 452 2280 ὑπὸ
470 2254 562 2290 τούτου
577 2254 624 2280 τοῦ
641 2254 769 2292 λογισμοῦ
786 2263 888 2290 κρατη-

104 2298 205 2330 θέντες,
218 2299 243 2325 oi
260 2299 308 2334 μὲν
324 2300 436 2331 ἑαυτοὺς
461 2301 646 2336 ὲκρήμνισαν,
664 2301 688 2326 οἱ
704 2300 741 2332 δὲ,
763 2301 802 2331 εἰς
824 2299 888 2326 άπό-

102 2351 203 2378 γνωσιν
215 2343 345 2376 ἐλθόντες,
360 2344 507 2371 ἀπώλοντο.
842 2363 845 2364 ν

145 2388 242 2424 Ἐρώτ.
269 2393 317 2421 ις’.
344 2390 501 2416 Ἀκόλουθον
527 2390 665 2425 ἡγούμεθα
687 2389 742 2424 (14)
761 2388 828 2424 μετὰ
841 2389 886 2415 τδν

102 2434 166 2470 περὶ
177 2434 244 2460 Θεοῦ
261 2435 308 2460 καὶ
322 2435 443 2469 ἀγγέλων
459 2435 548 2469 λόγον,
563 2435 653 2471 τρίτον
661 2435 706 2461 τὸν
723 2435 787 2469 περὶ
794 2429 886 2470 ψυχῶν

104 2480 200 2507 λοιπὸν
213 2480 291 2515 λόγον
304 2481 343 2513 εἰς
352 2481 432 2516 μέσον
444 2476 665 2517 προσενεχθῆναι.
682 2481 769 2516 Πολλὴ
782 2481 887 2516 γὰρ-ὠς

102 2525 211 2562 ἀληθῶς
227 2526 275 2553 καὶ
285 2527 302 2562 ή
319 2527 381 2562 περὶ
391 2526 485 2554 τούτου
500 2527 576 2563 παρὰ
599 2526 750 2562 ἀνθρώποις
773 2528 887 2562 ὑπάρχει

138 2616 162 2632 ⁸³
181 2615 254 2644 Psal.
271 2624 354 2650 van,
370 2616 397 2643 2.

138 2705 194 2740 (12)
215 2704 283 2740 lleg.
302 2705 329 2737 2,
357 2704 476 2740 μεσίτου.
498 2704 620 2737 Quatuor
640 2708 764 2739 sequent.
785 2708 880 2740 qumst.

103 2740 148 2771 15,
165 2740 208 2771 14,
225 2740 267 2772 15,
284 2740 328 2771 16,
351 2741 451 2767 absunt
471 2747 486 2766 a
509 2740 594 2767 Palat.
611 2741 639 2772 2,
659 2745 686 2767 et
709 2749 724 2767 ιι
746 2741 882 2767 veteribus

103 2774 186 2803 editis
203 2774 318 2803 Latinis.

142 2810 197 2845 (I3)
217 2809 331 2842 Quidam
356 2809 488 2843 ωδε-,καὶ
513 2810 620 2846 ῥήματα
641 2810 720 2845 παρὰ,
734 2810 821 2842 πᾶσαν
834 2809 882 2844 τὴν

932 888 1037 915 midant
1052 887 1188 914 daemones
1204 889 1231 912 et
1245 884 1390 912 diabolus?

968 933 1048 968 220
1061 932 1141 960 Rssr.
1163 931 1277 964 Quidam
1293 931 1389 965 spiritu
1412 927 1494 963 pleni,
1517 934 1549 953 ac
1570 924 1621 952 lidc
1636 922 1709 958 digni

933 980 1056 1008 homines
1067 985 1213 1005 narravere
1227 977 1317 1009 nobis,
1339 974 1422 1010 quod,
1438 981 1499 1000 cum
1516 970 1662 1006 aliquando
1677 969 1712 996 il-

932 1025 967 1053 lis
979 1025 1103 1052 diabolus
1119 1024 1228 1059 propria
1250 1024 1276 1050 in
1294 1023 1383 1058 specie
1394 1020 1571 1056 apparuisset.
1586 1025 1616 1044 ea
1634 1016 1667 1043 de
1681 1022 1712 1042 re

934 1071 968 1098 ab
981 1070 1048 1107 ipsis
1060 1072 1242 1104 interrogatus
1258 1069 1315 1095 haec
1330 1065 1500 1101 responderit
1517 1074 1523 1091 ι
1541 1063 1649 1090 Nullum
1668 1065 1711 1088 est

933 1117 1046 1143 verbum
1064 1117 1091 1143 in
1112 1116 1241 1143 universo
1260 1118 1316 1141 tum
1336 1113 1426 1140 Veteri
1443 1115 1500 1137 tum
1522 1109 1597 1136 Novo
1617 1108 1713 1134 Testa-

934 1166 1026 1189 mento
1043 1162 1096 1189 vim
1112 1168 1220 1193 omnem
1235 1164 1357 1186 nostram
1378 1157 1418 1185 sic
1431 1155 1600 1190 disperdens,
1615 1157 1644 1180 ut
1660 1153 1713 1186 inj-

934 1208 1001 1234 tium
1018 1206 1181 1242 sexagesimi
1196 1205 1303 1240 septimi
1316 1203 1424 1239 psalmi.
1445 1201 1480 1228 Ut
1501 1201 1583 1235 igitur
1599 1198 1626 1225 id
1645 1197 1713 1225 dixit

934 1252 1070 1284 diabolus,
1092 1252 1226 1287 psalmum
1243 1252 1325 1278 istum
1343 1250 1381 1276 illi
1401 1248 1598 1275 inchoaverth
1614 1254 1620 1272 ε
1634 1243 1713 1278 cujus

935 1307 997 1327 cum
1020 1299 1138 1334 pritnum
1164 1296 1353 1324 tantummodo
1378 1295 1490 1322 verbum
1517 1291 1712 1328 protulissent,

938 1354 948 1370 ι
959 1345 1092 1378 Exsurgut
1102 1344 1173 1371 Deus
1183 1344 1216 1375 ⁸³,
1228 1352 1237 1369 ι
1251 1350 1312 1369 mox
1327 1342 1435 1368 ululans
1451 1339 1576 1366 diabolus
1591 1336 1712 1366 evanuit,

934 1391 1024 1425 reipsa
1039 1390 1093 1416 vim
1105 1389 1219 1424 hujusce
1235 1387 1367 1415 orationis
1383 1385 1539 1413 ostendens.

972 1436 1082 1469 Qumsr.
1102 1434 1161 1463 XV.
1187 1434 1329 1462 Undenam
1352 1433 1377 1459 in
1408 1431 1490 1458 corde
1515 1428 1633 1456 hominis
1656 1433 1714 1452 mo-

936 1486 1033 1509 ventur
1043 1481 1219 1516 cogitationes
1230 1483 1257 1507 et
1271 1477 1446 1513 blasphemiae
1458 1476 1537 1503 verba
1552 1482 1583 1500 at:
1598 1471 1713 1503 nefaria,

938 1535 1061 1562 saepeque
1083 1527 1110 1552 in
1131 1525 1214 1553 Deum
1233 1525 1323 1559 ipsum
1347 1521 1561 1551 contumeliosa,
1583 1526 1642 1553 qua:
1664 1524 1714 1543 nec

937 1574 1026 1601 anima
1038 1571 1129 1607 eloqui
1144 1571 1234 1604 vellet,
1249 1578 1299 1597 nec
1312 1570 1404 1604 lingua
1421 1566 1539 1595 hominis
1554 1562 1715 1592 nominare?

972 1663 1055 1691 Rssr.
1076 1662 1113 1689 Ea
1129 1665 1192 1689 sunt
1207 1659 1309 1687 diaboli
1325 1665 1418 1694 opera,
1439 1663 1499 1692 quae
1521 1653 1638 1682 nefanda
1658 1653 1715 1687 ipse

938 1710 1035 1737 animae
1060 1707 1180 1735 hominis
1207 1705 1336 1741 suggerit,
1356 1704 1436 1731 verba
1456 1706 1551 1730 contra
1571 1700 1653 1727 Deum
1672 1699 1716 1726 lo-

938 1763 1034 1790 quens.
1058 1753 1195 1780 hominem
1216 1752 1244 1778 in
1262 1749 1477 1785 desperationem
1497 1747 1610 1782 cupiens
1630 1745 1716 1772 addu-

937 1808 1009 1828 cere.
1027 1799 1127 1826 Verum
1143 1803 1313 1833 nequaquam
1330 1794 1393 1822 inde
1406 1793 1486 1820 homo
1500 1791 1714 1818 condemnatur:

938 1846 1026 1873 absit!
1043 1845 1119 1879 Saepe
1138 1844 1220 1871 etiam
1243 1850 1276 1869 ex
1292 1840 1448 1875 opinatione
1470 1837 1574 1864 homini
1594 1835 1716 1863 oboritur

938 1890 1092 1926 hujusmodi
1121 1888 1333 1924 cogitatio;qua
1357 1885 1466 1920 quidem
1490 1883 1629 1913 liberatur,
1654 1887 1716 1906 cum

938 1945 969 1965 se
988 1940 1089 1964 terram
1107 1939 1134 1962 et
1150 1935 1271 1962 cinerem
1288 1939 1350 1960 esse
1369 1934 1488 1966 reputat,
1507 1937 1556 1956 nec
1570 1935 1628 1955 eam
1643 1927 1718 1961 cogi-

938 1983 1068 2010 tationem
1078 1980 1221 2008 admodum
1233 1978 1341 2010 retinet,
1351 1977 1398 2004 sed
1411 1975 1517 2003 diabolo
1529 1974 1609 2001 dicit:
1620 1982 1629 1998 ι
1640 1972 1717 1999 Blas-

939 2027 1047 2063 phemia
1069 2031 1115 2054 tua
1137 2027 1173 2053 sit
1196 2025 1224 2052 in
1241 2028 1321 2058 caput
1336 2027 1423 2054 tuum,
1440 2020 1556 2047 diabolc.
1572 2019 1627 2053 Ego
1644 2017 1716 2044 enim

938 2073 1082 2100 Dominum
1100 2071 1184 2099 Deum
1196 2077 1286 2097 meum
1301 2068 1430 2098 adorabo,
1448 2073 1499 2093 nec
1511 2071 1629 2099 unquam
1642 2063 1715 2089 blas-

939 2119 1062 2154 phemias
1076 2118 1104 2144 in
1117 2124 1179 2144 eum
1192 2116 1355 2151 proferam.»
1368 2113 1453 2140 Caute
1467 2111 1548 2146 igitur
1558 2110 1590 2136 ad
1602 2116 1644 2140 ea,
1657 2115 1717 2142 quae

940 2165 1014 2192 dicta
1029 2168 1103 2196 sunt,
1123 2168 1165 2191 est
1180 2162 1383 2190 attendendum.
1399 2159 1559 2193 Complures
1574 2155 1646 2183 enim
1667 2154 1716 2180 ho-

939 2211 1028 2238 mines
1044 2210 1109 2238 victi
1130 2207 1320 2244 hujuscemodi
1335 2205 1508 2241 cogitatione,
1525 2203 1570 2229 aiii
1588 2209 1647 2229 sese
1665 2200 1717 2235 ipsi

938 2255 1185 2291 praecipitaverunt,
1201 2254 1246 2281 alii
1259 2254 1287 2281 in
1300 2252 1515 2288 desperationem
1532 2248 1641 2276 adducti
1655 2254 1717 2281 per-

938 2302 1036 2330 ierunt.

976 2390 1085 2423 Qums'r.
1116 2387 1187 2416 XVI.
1207 2387 1383 2422 Consequens
1405 2392 1465 2412 esse
1487 2382 1666 2412 arbitramur,
1688 2383 1716 2406 ut

939 2441 1082 2471 postquam
1107 2435 1140 2462 de
1159 2434 1214 2461 Deo
1230 2438 1257 2461 et
1280 2432 1313 2459 de
1336 2431 1439 2466 angelis
1454 2427 1643 2457 disseruimus,
1662 2430 1717 2452 ter-

939 2481 979 2508 tio
992 2481 1048 2516 jam
1065 2481 1126 2507 loco
1140 2479 1317 2515 qumstioriem
1328 2477 1362 2505 de
1378 2475 1521 2504 animabus
1534 2479 1715 2517 proponamus

940 2527 969 2555 in
985 2527 1115 2554 medium.
1134 2525 1204 2553 Vere
1217 2523 1290 2553 enim
1306 2523 1390 2551 multa
1409 2522 1461 2549 hac
1477 2520 1511 2548 de
1532 2528 1562 2548 re
1575 2519 1715 2553 disputant

935 2712 952 2724 ν
1044 2721 1052 2728 α

941 2711 1114 2774 ’ρῗιἝνΤι-εε
1129 2743 1195 2763 mss.
1216 2734 1347 2776 ἠγοῦμαι.
1362 2732 1447 2759 Paulo
1464 2734 1535 2766 post,
1554 2730 1598 2756 alii
1614 2730 1654 2761 εἰς
1665 2728 1714 2791 pd.

937 2782 981 2791 mni
995 2772 1158 2791 -ηηηνηῖιυηι
1186 2771 1229 2791 nlil
1258 2769 1380 2791 BHE-ium.
1395 2768 1450 2791 alii.
1460 2765 1651 2791 ποοενενθῆναι
1684 2771 1714 2791 8-1

937 2768 981 2799 σον
995 2768 1172 2808 προαχθῆναι,
1185 2768 1246 2802 alii;
1258 2768 1381 2811 ἀχθῆναι,
1395 2768 1651 2827 ιιιιίππὲοενεχθῆναι
1666 2768 1716 2794 bas

936 2809 1012 2836 bent.
1029 2808 1085 2835 Mox
1106 2807 1189 2834 Palat.
1205 2805 1267 2843 περῖ
1282 2812 1372 2831 τουτου
1387 2812 1432 2830 του
1446 2811 1477 2829 αν
1497 2809 1599 2839 ρωπου,
