1924 3059
209 86 261 115 607

207 149 235 173 et
258 144 400 179 inquirunt
424 143 558 176 homines,
585 150 690 178 nempe,
717 150 778 178 quae
795 150 839 171 res
864 143 901 170 sit
930 144 1026 178 ipsaA

209 191 300 219 anima
312 190 442 222 hominis,
459 189 531 217 unde
545 189 604 224 ipsa
621 189 648 216 in
667 196 782 224 corpore
793 190 988 221 constituatur,

209 236 381 272 quandonam
395 239 421 263 et
434 235 571 270 quomodo
583 239 726 270 separatur
737 235 772 262 ab
781 235 903 268 homine,
914 235 991 270 quid-

209 291 262 318 que
275 287 337 318 agat
353 289 441 316 usque
455 282 488 308 ad
511 281 751 309 resurrectionem.
763 281 848 310 Nemo
869 283 941 309 enim
956 290 990 309 ex

209 329 325 356 mortuis
338 328 366 355 in
380 327 513 355 mundum
528 328 642 355 veniens
655 328 713 356 haec
731 328 809 356 nobis
823 329 991 356 renuntiavit

209 377 256 400 aut
271 372 452 400 confirmavit.
469 372 641 407 Quapropter
655 380 670 399 a
693 376 738 399 tua
755 374 900 401 sanctitate
918 373 991 409 ﬂagi-

208 423 299 446 tamus
320 419 541 454 lit-qumstionem
567 419 637 446 hanc
654 419 688 446 de
711 420 813 453 anima,
839 421 934 449 multis
949 421 991 448 in<

209 465 442 500 comprehensam,
463 472 513 492 nos
529 465 595 492 velis
609 466 733 493 edocere.

244 514 325 549 Resp.
355 517 479 549 Hominis
505 521 614 556 quidem
646 523 737 549 anima
768 527 810 551 est
839 523 991 551 substantia

209 568 364 602 intelligens
375 588 381 599 ,
402 568 561 602 incorporea
572 587 579 599 ,
611 568 773 600 invisibilis,
795 566 989 603 impassibilis,

211 608 383 646 immortalis,
403 611 511 648 fereque
535 614 692 649 angelorum
718 615 861 642 subtilitati
883 615 990 643 similis.

210 659 352 694 Nunquam
375 663 463 686 tamen
489 660 578 686 anima
602 659 653 686 fuit
676 661 799 695 angelus,
821 664 850 687 ut
868 660 992 688 fabulan-

211 709 255 732 tur
273 703 449 740 Origcnistze;
471 713 521 732 nec
546 708 609 731 ante
634 698 747 740 corpora
775 706 910 732 exsistunt
933 705 992 732 ani-

211 759 271 782 mae,
298 756 328 778 ut
350 751 505 778 Manichzeis
535 751 668 778 videtur:
692 751 739 779 sed
764 751 990 786 quemadmodum

211 797 300 831 lapide
326 802 352 824 et
375 797 447 824 ferro
477 797 597 829 collisis,
627 805 660 824 ex
685 801 799 832 utroque
812 797 882 832 ignis
902 790 992 824 nasci-

211 847 270 874 tur,
296 843 336 869 sic
361 843 387 869 in
415 844 465 869 viri
498 843 669 878 et_mulieris
701 850 866 878 congressu,
887 838 992 878 'corpus

211 892 236 916 et
250 889 338 915 anima
351 888 527 923 Deojubente
541 889 758 916 constituuntur.
773 889 856 924 idque
872 889 920 915 tibi
934 885 994 923 perL

212 935 325 961 suadeat
347 934 449 962 Paulus
474 935 632 970 apostolus,
658 935 705 970 qui
733 935 770 961 ait
790 943 820 962 ι(
838 934 993 962 Seminatur

210 987 309 1014 corpus
321 979 448 1011 animale,
463 980 551 1014 surgit
564 977 665 1014 corpus
682 976 804 1014 spiritale
817 974 856 1011 ⁸⁸,
872 988 881 1004 ›
898 978 993 1006 videli-

210 1029 253 1052 cct
269 1026 296 1052 in
311 1026 521 1053 resurrectione.

244 1080 353 1112 Qua-:51.
373 1079 453 1106 XVII.
475 1079 616 1119 Undenam
640 1085 743 1118 certum
765 1079 881 1119 habetur
897 1079 993 1107 mortis

211 1129 332 1160 tempore
350 1126 468 1152 animam
480 1133 535 1152 non
551 1115 631 1153 simul
643 1126 712 1154 mori
729 1133 790 1153 cum
806 1115 935 1160 corpore?
948 1125 993 1153 Sic

210 1171 283 1198 enim
299 1171 411 1205 quidam
425 1171 584 1206 opinantur.

246 1227 326 1255 Rnsr.
348 1227 394 1255 Dei
409 1227 496 1255 Filius
509 1231 536 1258 et
546 1227 668 1255 Verbum
683 1227 764 1255 Jesus
777 1227 903 1255 Christus
913 1235 992 1263 aper-

211 1274 247 1300 tis
262 1274 353 1301 verbis
370 1282 420 1300 nos
435 1274 514 1301 docet
525 1278 552 1301 et
566 1274 680 1301 mortale
696 1281 796 1308 corpus
807 1281 878 1305 esse,
891 1277 917 1302 et
932 1275 992 1301 ani-

210 1327 283 1347 mam
299 1319 492 1346 immortalem.
510 1329 519 1344 ‹
535 1319 635 1351 Nolite,
653 1329 663 1345 ι
687 1319 786 1354 inquit,
807 1328 816 1344 ι
833 1319 929 1346 timere
944 1325 991 1346 eos

210 1367 256 1400 qui
279 1365 408 1393 occidunt
427 1373 538 1400 corpus,
562 1366 680 1393 animam
697 1369 787 1393 autem
807 1373 860 1392 non
879 1370 992 1399 possunt

211 1410 336 1437 occidere
347 1410 380 1438 ⁸⁵,
399 1420 408 1436 ι
423 1410 502 1438 Certe
515 1410 690 1442 manifestum
706 1410 768 1438 inde
787 1414 829 1438 est
851 1410 991 1438 immorta-

211 1455 263 1483 lem
280 1463 339 1482 eam
353 1463 414 1484 esse
427 1460 455 1483 et
470 1463 484 1483 a
502 1456 557 1483 Deo
569 1457 711 1484 exsistere.

210 1544 229 1558 ν
245 1511 356 1545 Οσεετ.
381 1511 474 1539 XVIII.
498 1511 621 1540 (Fidelis
647 1520 736 1540 sermo
764 1516 791 1540 et
815 1512 888 1540 omni
912 1503 1025 1540 acce-C

211 1556 303 1593 ptione
317 1559 415 1594 dignus
427 1559 459 1586 '°.
475 1568 485 1584 ν
505 1558 605 1587 Verum
627 1566 758 1593 quonam,
781 1567 886 1594 quaeso,
910 1556 991 1586 modo

211 1605 302 1632 anima
319 1608 461 1639 separatur
474 1612 489 1631 a
504 1604 636 1639 corpore?

217 1654 221 1655 '
245 1650 327 1678 Resp.
345 1650 470 1678 Hominis
481 1658 581 1685 corpus
591 1655 717 1678 constare
731 1650 868 1678 credimus
878 1659 912 1677 ex
926 1658 992 1685 qua-

210 1702 274 1724 tuor
299 1698 449 1729 elementis,
477 1705 574 1732 nempe
600 1705 633 1724 ex
658 1697 800 1732 sanguine,
827 1697 990 1731 phlegmate,

211 1742 325 1770 humore
348 1747 375 1770 et
397 1742 445 1769 bili
461 1751 467 1770 :
482 1742 550 1775 sive,
567 1749 599 1769 ex
623 1742 722 1774 calido,
744 1741 852 1776 frigido,
870 1742 943 1769 sicco
965 1745 992 1769 et

211 1787 335 1821 humido,
358 1787 385 1814 id
410 1791 462 1819 est,
490 1795 523 1815 ex
546 1787 618 1822 igne,
645 1792 726 1822 aqua,
755 1794 827 1819 aere,
856 1791 883 1813 et
909 1792 990 1814 terra.

211 1832 334 1867 Namque
351 1833 475 1868 sanguis,
500 1832 583 1859 veluti
605 1832 722 1859 calidum
739 1836 765 1859 ct
780 1832 861 1859 vitale
876 1833 992 1860 elemen~

211 1881 281 1911 tum,
299 1886 331 1906 ex
345 1878 406 1913 igne
425 1879 520 1912 utique
531 1882 573 1905 est
586 1878 703 1905 :bumor
717 1879 928 1913 vero,'ut221
944 1879 992 1906 hu-

211 1925 312 1956 midus,
337 1928 379 1951 est
394 1925 428 1952 ab
454 1932 536 1952 aerei:
551 1925 613 1952 bilis
633 1929 708 1956 vero,
727 1928 757 1951 ut
779 1925 862 1957 sicca,
886 1933 900 1952 a
920 1929 992 1952 terra

211 1973 272 1997 est:
293 1970 417 2005 phlegma
442 1969 560 2005 denique
582 1973 611 1997 ut
626 1969 765 2005 frigidum,
791 1973 834 1997 est
855 1970 889 1997 ab
910 1977 990 2005 aqua;

212 2013 261 2042 His
274 2017 400 2049 quatuor,
419 2021 474 2042 non
492 2022 572 2042 secus
593 2022 625 2041 ac
648 2019 764 2049 quatuor
778 2015 873 2047 muris,
886 2015 991 2048 anima,

211 2061 299 2088 instar
320 2061 463 2094 columbae,
488 2062 515 2088 in
539 2061 619 2088 domo
636 2061 761 2096 corporis
787 2062 915 2089 conclusa
938 2065 991 2090 est.

211 2107 297 2143 Igitur
309 2109 404 2136 mortis
425 2111 557 2143 tempore,
574 2107 720 2143 Deijussu,
734 2111 853 2143 quatuor
873 2108 992 2135 elemen-

210 2155 247 2182 tis
261 2155 294 2182 ab
306 2155 420 2182 invicem
433 2154 648 2187 discedentibus,
666 2156 783 2190 quatuor
795 2155 866 2182 muri
880 2155 988 2187 domus,

211 2205 241 2228 ut
256 2201 293 2228 ita
309 2201 423 2233 dixeris,
437 2201 636 2234 dissolvuntur,
660 2202 817 2237 receditque
833 2201 907 2230 intus
927 2210 990 2230 con-

212 2247 287 2275 clusa
300 2247 428 2274 columba
449 2247 506 2275 sive
526 2248 626 2280 anima,
650 2255 681 2275 ac
695 2248 784 2283 primo
801 2248 903 2276 recedit
927 2256 992 2276 san-

211 2294 272 2329 guis
289 2294 347 2322 sive
361 2293 480 2321 calidum
495 2297 522 2321 et
535 2293 616 2321 vitale
639 2294 810 2322 elementum.
828 2294 897 2322 Hinc
918 2302 991 2322 mor-

212 2345 257 2367 tua
279 2347 392 2375 corpora
412 2340 494 2367 bilem
518 2343 544 2367 et
565 2340 690 2376 phlegma
712 2348 743 2367 ac
767 2341 907 2377 humorem
932 2344 992 2376 post

212 2390 326 2414 mortem
341 2390 461 2420 servant,
475 2390 503 2413 at
519 2387 678 2420 sanguinem
693 2387 797 2414 nullum
811 2387 919 2415 habent.

768 84 796 111 S.
817 83 1047 112 ATHANASIUS.
1062 98 1096 103 --
1115 83 1245 112 SPURIA.

1004 2181 1029 2211 D

1769 88 1834 118 608

1039 144 1150 179 ζήτησίς
1166 152 1195 170 τε
1212 144 1258 170 καὶ
1279 143 1442 178 ἀμφιδολιαο
1459 144 1530 178 λέγω
1544 141 1587 181 δή,
1600 143 1706 173 τέἀὐτὸ
1723 148 1835 183 χρῆμά

1041 189 1226 225 ἐπινὴψυχὴ
1252 189 1298 215 τοῦ
1324 190 1482 226 ἀνθρώπου;
1502 191 1549 217 καὶ
1566 191 1646 219 πόθεν
1665 192 1733 228 αὕτη
1759 202 1834 222 συν-

1041 235 1146 262 ίσταται
1155 236 1183 261 ὲν
1190 235 1228 271 τῷ
1240 235 1344 271 σώματι
1354 244 1361 268 ;
1376 237 1422 264 καὶ
1431 237 1496 263 πότε
1506 237 1622 270 καὶπῶς
1635 238 1681 264 τοῦ
1696 239 1834 275 σώματος

1039 281 1184 317 χωρίζεται
1197 290 1204 314 ;
1218 282 1264 308 καὶ
1287 281 1313 308 τί
1329 281 1409 318 μέχρι
1432 283 1480 318 τῆς
1497 283 1671 316 ἀναστάσεως
1688 284 1832 321 διαπράτ-

1039 336 1129 361 τεται;
1142 329 1230 360 οὐδεὶς
1243 328 1297 364 γὰρ
1324 329 1356 355 ὲκ
1371 329 1474 365 νεκρῶν
1489 331 1518 356 ἐν
1530 330 1568 366 τῷ
1585 330 1635 366 βίῳ
1652 331 1834 367 ἐπιδημήσας

1039 373 1125 401 ταῦτα
1138 375 1204 410 ἡμῖν
1218 375 1393 410 ἀπήγγειλεν,
1410 376 1426 410 ἢ
1448 376 1617 403 ἐπιστώσατο
1627 386 1634 393 ·
1658 378 1703 404 Διδ
1714 378 1750 410 ὡς
1767 381 1834 411 τοῖς

1040 420 1146 452 πολλοῖς
1172 421 1427 456 ἀκατάληπτονητὺν
1448 423 1512 458 περὶ
1526 423 1574 457 τῆς
1594 423 1681 459 ψυχῆς
1693 424 1773 458 λόγον
1787 425 1834 451 δι-

1040 467 1167 503 δαχθῆναι
1183 469 1364 503 ἡρωτήσαμεν
1379 468 1427 504 τὴν
1445 469 1494 506 σὴν
1505 469 1643 504 ἀγιὸτητα.

1081 523 1175 549 Ἀπόκ.
1196 523 1228 549 Ἦ
1253 523 1302 558 μὲν
1327 523 1375 550 τοῦ
1401 524 1543 560 ἀνθρώπου
1571 526 1642 561 ψυχή
1658 527 1731 554 ἐστιν
1745 527 1833 554 οὐσία

1041 568 1129 603 νοερὰ,
1145 567 1296 603 ἀσώματος,
1313 569 1431 605 ἀπαθὴς,
1451 570 1583 603 ἀθάνατος
1597 572 1651 606 (15)
1662 580 1668 586 ·
1681 572 1711 598 οὐ
1728 573 1783 608 μὴν
1799 573 1832 599 δὲ

1041 613 1153 648 ἄγγελός
1181 623 1246 640 ποτε
1269 613 1303 650 ἦν
1324 617 1340 651 ἡ
1365 616 1447 651 ψυχὴ,
1472 616 1509 648 ὡς
1518 618 1542 644 οἱ
1564 618 1760 654 Ὠριγενιασταὶ
1778 628 1833 654 μυ-

1041 659 1163 686 θεύονται
1175 668 1181 674 ·
1210 660 1270 686 οὐδὲ
1294 661 1513 697 προῦπὰρχουσιν
1525 664 1552 689 αἱ
1571 663 1654 699 ψυχαὶ
1664 663 1718 690 τῶν
1731 665 1833 700 σωμά-

1041 706 1160 738 των,”ὼς
1185 707 1208 732 oi
1234 707 1378 742 Μανιχαῖοι
1401 707 1625 743 δογματίζουσιν·
1657 710 1713 737 ἀλλ’
1731 711 1832 747 ὧσπερ

1041 752 1088 778 τοῦ
1107 752 1179 778 λίθου
1200 752 1248 778 καὶ
1267 752 1314 778 τοῦ
1336 752 1444 788 σιδήρου
1459 755 1692 790 συγκρουομένων,
1715 757 1747 782 ἐκ
1772 756 1831 782 τῶν

1042 797 1202 834 ἀμφοτέρων
1227 798 1347 824 τίκτεται
1372 799 1402 824 τὸ
1426 798 1497 834 πῦρ·
1530 799 1601 826 οὕτω
1641 801 1688 827 καὶ⁵
1710 801 1755 827 ἐπὶ
1777 801 1832 836 τῆς

1041 843 1087 870 τοῦ
1110 844 1204 879 ἀνδρὸς
1221 837 1268 870 καὶ
1283 844 1409 878 γυναικὸς
1423 839 1582 880 συμπλοκῆς
1598 846 1754 873 συνίσταται
1770 842 1831 882 (16)

1041 888 1107 915 Θεοῦ
1130 888 1251 915 κελεύσει
1279 889 1356 924 σῶμα
1385 889 1444 925 καὶ,
1457 889 1542 925 ψυχή.
1559 891 1613 916 Καὶ
1634 891 1750 918 πειθέτω
1765 900 1795 917 σε
1815 886 1832 918 ὃ

1042 934 1119 968 ἅγιος
1134 933 1292 965 Ἀπόστολος
1307 933 1424 968 λέγων’(
1440 935 1582 971 Σπεὶρεται
1598 935 1676 970 σῶμα
1692 936 1808 971 ψυχικόν
1821 945 1828 951 ·

1041 979 1174 1015 ἐγείρεται
1193 980 1271 1015 σῶμα
1294 980 1487 1015 πνευματικὸν,
1501 990 1510 1007 ι
1530 980 1650 1016 δηλονότι
1665 983 1693 1009 ὲν
1711 983 1744 1017 τῇ
1761 982 1831 1008 ἁνα-

1042 1027 1144 1053 στάσει.

1082 1082 1176 1118 Ἐρώτ.
1193 1083 1236 1122 ις’.
1249 1082 1334 1109 Πόθεν
1351 1083 1380 1109 δὲ
1404 1083 1482 1119 δῆλον
1505 1084 1546 1110 ὅτι
1569 1085 1598 1111 ὲν
1613 1084 1652 1120 τῷ
1672 1084 1760 1121 καιρῷ
1777 1086 1829 1113 τοῦ

1041 1128 1156 1155 θανάτου
1165 1129 1194 1155 οὐ
1206 1128 1425 1165 συναποθνήσκει
1440 1129 1508 1164 μετὰ
1521 1129 1566 1156 τοῦ
1580 1128 1704 1165 σώματος
1712 1131 1729 1166 ἡ
1739 1131 1827 1168 illum;

1041 1173 1118 1205 Τινὲς
1134 1173 1187 1208 γὰρ
1197 1173 1267 1200 οὕτω
1283 1173 1447 1208 νομίζουσιν.

1081 1228 1174 1255 ’Λπόκ.
1198 1229 1227 1255 ‘0
1242 1229 1288 1255 τοῦ
1313 1229 1379 1257 Θεοῦ
1399 1229 1463 1260 Υἱὸς
1480 1230 1526 1257 καὶ
1541 1230 1626 1264 Λόγος
1641 1230 1663 1266 (1
1670 1231 1695 1266 Ἰ)
1721 1231 1829 1268 Ἰησοῦς

1040 1274 1054 1299 ὁ
1080 1273 1196 1308 Χριστὸς
1224 1274 1368 1309 προφανῶς
1393 1276 1468 1310 ἡμᾶς
1484 1275 1602 1302 διδάσκει
1615 1276 1646 1302 τὸ
1664 1277 1758 1312 θνητὸν
1776 1278 1826 1304 τοῦ

1042 1317 1176 1352 σώματος,
1193 1319 1239 1345 καὶ
1263 1319 1293 1345 τὸ
1306 1319 1440 1354 ἀθάνατον
1455 1320 1504 1356 τῆς
1519 1321 1656 1356 ἡμετέρας
1666 1322 1764 1359 ψυχῆς,
1780 1322 1826 1349 λέ-

1040 1371 1095 1396 γων
1107 1371 1128 1388 ἰ
1140 1364 1184 1399 Μὴ
1196 1364 1332 1399 φοϐηθῆτε
1343 1365 1395 1391 ἀπὸ
1406 1365 1458 1392 τῶν
1468 1366 1679 1393 ἀποκτεινόντων
1689 1367 1720 1393 τὸ
1733 1367 1824 1402 σῶμα,

1039 1409 1089 1444 τὴν
1103 1409 1131 1435 δὲ
1142 1409 1230 1445 ψυχὴν
1244 1410 1282 1445 μὴ
1298 1410 1454 1446 δυναμένων
1477 1412 1643 1439 ἀποκτεῖναι.
1664 1422 1674 1438 ι
1689 1413 1826 1448 Πρόδηλον

1041 1454 1079 1486 ὡς
1090 1454 1220 1488 ἀθάνατος
1236 1456 1293 1491 (l8)
1310 1457 1356 1483 καὶ
1370 1457 1424 1484 ἀπὸ
1437 1457 1505 1484 Θεοῦ
1521 1458 1647 1494 ὑπάρχει.

1083 1512 1177 1548 Ἐρώτ.
1192 1516 1236 1548 ιη’.
1254 1522 1263 1539 ι
1279 1514 1377 1545 Πιστὸς
1391 1515 1405 1540 ὁ
1421 1514 1499 1548 λόγος
1519 1514 1565 1541 καὶ
1582 1514 1672 1549 πάσης
1690 1514 1826 1549 ἀποδοχῆς

1041 1557 1128 1590 ἄξιος.,
1140 1567 1149 1583 ι
1164 1559 1236 1594 Ποίῳ
1261 1559 1290 1585 δὲ
1304 1558 1356 1595 ἄρα
1368 1559 1461 1595 τρόπῳ
1517 1559 1588 1594 ψυχὴ
1611 1558 1755 1594 χωρίζεται
1770 1561 1825 1586 ἀπὸ

1041 1602 1086 1628 τοῦ
1104 1602 1229 1638 σώματος
1239 1611 1246 1636 ;

1080 1649 1173 1675 Ἀπύκ.
1200 1649 1247 1676 Ἐκ
1275 1649 1413 1684 τεσσάρων
1437 1649 1574 1684 στοιχείων
1604 1649 1766 1684 πιστεύομεν
1793 1650 1825 1676 τὸ

1041 1697 1120 1732 σῶμα
1135 1695 1180 1722 τοῦ
1196 1694 1337 1730 ἀνθρώπου
1350 1695 1538 1722 συνίστασθαι·
1553 1694 1625 1728 λέγω
1646 1694 1677 1730 δὴ
1694 1694 1724 1726 ἐξ
1741 1695 1825 1730 αἵμα-

1041 1750 1095 1773 τος,
1108 1741 1155 1767 καὶ
1172 1740 1334 1774 φλέγματος,
1345 1739 1391 1766 καὶ
1404 1748 1435 1774 χυ
1441 1739 1502 1775 μοῢ,
1516 1739 1564 1766 καὶ
1578 1740 1659 1774 χολῆς
1668 1748 1674 1755 ·
1691 1740 1774 1775 ἤγουν
1793 1740 1825 1765 ὲκ

1042 1787 1208 1823 θερμοῦ,καὶ
1225 1785 1340 1822 ψυχροῦ,
1356 1787 1402 1819 καὶ.
1417 1785 1508 1821 ξηροῦ,
1520 1787 1566 1812 καὶ
1581 1786 1674 1822 ὑγροῦ,
1690 1786 1825 1812 τουτέστιν

1042 1833 1075 1859 ἐκ
1091 1831 1184 1867 πυρὸς,
1212 1831 1258 1858 καὶ
1284 1831 1389 1863 ὓδατος,
1411 1831 1458 1857 καὶ
1480 1831 1569 1867 ἀέρος,
1587 1832 1632 1858 καὶ
1648 1832 1708 1866 γῆς.
1727 1832 1763 1857 To
1776 1831 1825 1866 μὲν

1042 1877 1095 1912 γὰρ
1107 1874 1176 1912 αἷμα
1188 1876 1281 1912 ὥσπερ
1298 1876 1398 1913 θερμὸν
1413 1877 1459 1903 καὶ
1472 1876 1585 1909 ζωτικὸν
1598 1878 1735 1912 στοιχεῖον,
1746 1877 1825 1912 δῆλον

1041 1925 1082 1950 ὅτι
1102 1925 1134 1950 ὲκ
1153 1922 1200 1950 τοῦ
1224 1923 1324 1960 πυρός’
1340 1925 1358 1950 δ’
1375 1923 1403 1949 δὲ
1421 1923 1515 1958 χυμὸς,
1528 1922 1565 1954 ὡς
1588 1923 1679 1958 ὑγρὸς,
1696 1924 1824 1959 πρόδηλον

1042 1969 1083 1996 ὅτι
1097 1969 1126 2002 ἐξ
1138 1969 1218 2005 ἀέρος
1228 1977 1234 1984 ·
1250 1970 1267 2004 ή
1284 1969 1312 1995 δὲ
1326 1969 1391 2004 χολὴ
1408 1969 1445 2000 ὡς
1460 1968 1490 2004 ξη
1497 1968 1530 2003 ρὰ
1545 1969 1676 2004 πρόδηλον
1690 1969 1743 1996 ἀπὸ
1755 1970 1803 2005 γῆς
1814 1978 1821 1985 ο

1040 2016 1072 2041 τὸ
1086 2015 1114 2042 δὲ
1129 2015 1240 2050 φλέγμα
1254 2015 1292 2047 ὼς
1304 2015 1417 2050 ψυχρὸν,
1429 2015 1537 2051 εῦδηλον
1549 2015 1578 2048 ἐξ
1586 2015 1690 2047 ὕδατος.
1699 2016 1753 2042 Καὶ
1763 2015 1823 2043 τού-

1041 2070 1098 2093 τοις
1112 2062 1168 2093 τοῖς
1186 2056 1331 2097 τέσσαρσιν
1351 2061 1445 2097 ὥσπερ
1462 2061 1509 2088 καὶ
1524 2061 1652 2097 τέσσαρσι
1677 2062 1775 2097 τοίχοις
1795 2064 1823 2089 ὲν

1041 2107 1108 2141 οἴκῳ
1123 2107 1169 2133 τοῦ
1186 2106 1309 2142 σώματος
1324 2106 1401 2142 δίκην
1409 2107 1481 2138 τινὸς
1497 2108 1660 2143 περιστερᾶς
1668 2108 1822 2134 ἀποκέκλει-

1043 2161 1103 2179 σται
1117 2154 1133 2188 ἡ
1147 2152 1229 2188 ψυχή.
1256 2152 1301 2187 Τῷ
1322 2152 1386 2187 γοῦν
1400 2153 1487 2188 καιρῷ
1499 2153 1545 2180 τοῦ
1563 2153 1676 2180 θανάτου
1692 2154 1820 2190 ἐπιτροπῇ

1039 2199 1086 2226 τοῦ
1102 2198 1180 2231 Θεοῦ,
1199 2199 1412 2234 ὑποχωρούντων
1432 2199 1461 2232 ἐξ
1484 2199 1606 2235 ἀλλήλων
1619 2200 1673 2226 τῶν
1687 2200 1821 2236 τεσσάρων

1041 2245 1191 2280 στοιχείων,
1208 2245 1245 2276 ὡς
1260 2244 1293 2271 ἂν
1316 2245 1412 2276 εἴποις,
1432 2245 1584 2272 διαλύονται
1600 2246 1624 2272 οἱ
1638 2245 1820 2282 τέσσαρεςτοῦ

1041 2290 1114 2316 οἴκου
1130 2291 1225 2324 τοῖχοι,
1245 2289 1292 2316 καὶ
1307 2290 1444 2326 ἀναχωρεῖ
1461 2291 1477 2325 ὴ
1496 2290 1568 2317 ἔνδον
1593 2291 1819 2327 ἀποκεκλεισμένη

1039 2336 1198 2371 περιστερὰ,
1211 2337 1294 2372 ἤγουν
1310 2337 1326 2372 ἡ
1340 2336 1410 2372 ψυχή
1420 2345 1427 2352 '
1442 2337 1489 2363 καὶ
1505 2336 1611 2372 πρῶτον
1628 2337 1677 2372 μὲν
1687 2337 1821 2374 ἀποχωρεῖ

1040 2374 1071 2409 τδ
1082 2379 1160 2417 αἷμα,
1177 2383 1260 2418 ἤγουν
1276 2383 1307 2409 τὸ
1321 2382 1420 2418 Θερμὺν
1434 2384 1480 2410 καὶ
1501 2383 1623 2415 ζωτικόνι
1641 2383 1720 2410 Ὅθεν
1732 2384 1765 2410 τὰ
1780 2392 1820 2410 νε-

1043 2427 1098 2464 κρὰ
1113 2428 1226 2463 σώματα
1248 2428 1328 2464 χολὴν
1359 2429 1408 2464 μὲν
1430 2428 1519 2464 ἔχουσι
1546 2429 1614 2465 μετὰ
1639 2428 1752 2456 θάνατον
1777 2431 1821 2457 καὶ

1045 2474 1153 2510 φλέγμα
1165 2475 1211 2502 καὶ
1222 2475 1319 2510 χυμὸν,
1336 2473 1405 2511 αἷμα
1418 2475 1447 2502 δὲ
1458 2475 1508 2502 οὐκ
1521 2475 1634 2511 ἔχουσιν.

245 2552 498 2586 ιιιςοτ.ιν,ιι,
536 2552 559 2568 ε·
579 2551 673 2580 Matth.
690 2533 719 2585 ξ,
734 2552 780 2580 28.
816 2532 943 2580 ἔοιτίιη.
961 2531 1049 2584 1,-15.‘

248 2629 302 2665 (l5)
321 2628 402 2665 Post,
439 2628 590 2665 ἀθάνατος,
626 2630 737 2664 quidam
768 2629 887 2665 habent;
899 2629 990 2665 σχεδον

211 2663 352 2699 ὁμοίατῆς
367 2664 421 2691 τῶν
441 2664 563 2699 ἀγγέλων
588 2663 760 2700 λεπτότητος.
789 2664 850 2692 Mox
872 2663 940 2700 Reg.
962 2664 990 2696 2,

219 2700 405 2733 Ὠριγενισται.
704 2724 707 2727 .

261 2735 361 2771 milia
372 2735 482 2770 quidam
500 2735 678 2771 manuscripti
698 2736 800 2763 rectius
819 2743 900 2771 quam
914 2733 991 2766 editi,

213 2769 260 2805 qui
273 2769 387 2802 habent,
397 2770 569 2797 συνίστασθαι
584 2769 698 2797 κελεύει.

249 2801 305 2842 (Π)
325 2806 446 2838 Quatuor
461 2808 540 2838 iussi;
556 2806 569 2831 ὁ
579 2804 625 2832 τοῦ
640 2805 755 2840 Χριστοῦ
772 2806 818 2832 καὶ
833 2805 899 2832 Θεοῦ
916 2803 993 2840 ἡμῶν

1042 2628 1138 2656 Λόγος.

1079 2637 1138 2698 (108;)-
1155 2662 1212 2690 Duo
1236 2669 1314 2694 mss.,
1329 2661 1460 2698 ἀθάνατον
1488 2660 1540 2698 καὶ
1566 2660 1659 2698 ἀπαρῇ
1689 2660 1818 2698 ἡπάρχου-

1045 2695 1104 2725 σαν.
1123 2698 1194 2725 Edit.
1217 2698 1334 2727 Comum,
1349 2696 1480 2728 ἀθάνατος
1501 2697 1548 2722 καὶ
1569 2695 1677 2730 ἀπαθὴς
1695 2695 1816 2730 ὑπάρχει.

1045 2734 1116 2760 Edit.
1137 2733 1222 2760 Paris.
1244 2740 1306 2759 cum
1327 2732 1414 2758 Palat.
1435 2731 1461 2763 Ξ,
1481 2731 1613 2762 ἀθάνατος
1633 2730 1679 2757 καὶ
1695 2731 1747 2757 ἀπὸ
1757 2730 1818 2757 Θεοῦ

1046 2769 1173 2804 ὺπάρχεὲ
1191 2767 1275 2804 Porro
1294 2772 1390 2801 quaest.
1408 2766 1510 2804 19,20,
1527 2766 1639 2804 21,2;
1717 2765 1762 2799 24,
1775 2765 1818 2793 ab-

1047 2801 1111 2832 sunt
1123 2801 1141 2831 ἐἰ
1156 2803 1242 2830 Palat.
1255 2802 1282 2835 ‘2,
1295 2807 1319 2830 et
1334 2810 1348 2830 a
1365 2802 1502 2830 veteribus
1518 2802 1599 2830 editis
1615 2801 1729 2828 Latinis.
