1924 3059
200 115 250 143 Ml

200 220 298 246 animae
318 219 484 253 incorporea:
502 218 617 245 invicem
633 222 696 244 sunt
723 217 834 244 omnino
862 217 976 250 similes,

200 273 255 292 non
271 272 351 292 secus
366 271 397 290 ac
419 264 564 290 multitudo
583 264 673 298 aliqua
703 261 928 290 uitidis‘simarum
951 267 980 289 et

200 311 328 338 similium
358 310 545 337 columbarum
572 314 619 336 aut
645 317 738 344 apum,
765 316 880 344 quarum
905 308 978 335 nulla

199 356 305 383 diﬁerat
319 355 360 382 vel
374 355 507 390 gravitate
527 355 568 381 vel
594 354 790 389 magnitudine,
804 353 851 380 sed
872 360 931 388 quae
951 353 979 380 in

199 402 326 429 omnibus
340 401 459 436 mquales
481 401 536 428 sint
562 401 690 428 invicem.
715 399 800 426 Porro
828 400 923 434 loquor
944 398 977 426 de

199 448 335 476 damnatis
349 452 521 482 peccatorum
537 447 680 473 animabus
695 446 766 480 apud
778 446 891 478 inferos,
904 446 977 480 ipsas

199 501 296 529 nempe
309 494 413 528 seipsas
430 501 484 520 non
502 500 676 527 cognoscere.
699 491 765 518 Nam
788 491 867 526 222
887 491 977 526 justo-

198 548 260 567 rum
278 540 420 567 animabus
435 539 462 566 id
478 539 579 566 bonum
600 539 738 565 concessit
765 537 846 570 Deus,
865 541 894 564 ut
910 537 978 564 invi-

198 593 257 613 cem
272 593 301 613 se
314 589 472 620 agnoscant.

233 675 344 708 Qusr.
367 672 462 700 XXI".
487 671 587 699 Demus
617 672 709 706 igitur,
729 671 807 706 juxta
828 670 900 706 quod
926 671 977 703 ais,

199 720 305 746 animas
319 727 391 746 nunc
401 719 516 746 invicem
525 726 553 745 se
563 725 617 744 non
630 725 793 753 cognoscere
803 727 809 744 :
819 722 845 744 at
856 716 978 752 nunquid

198 773 249 792 nec
259 765 286 791 in
301 765 501 792 resurrectione
518 768 611 790 mutuo
624 772 652 791 se
671 767 837 799 cognoscent
853 767 978 798 peccato-

198 818 254 841 res,
269 810 315 844 qui
346 817 442 844 nempe
467 817 498 836 cx
514 817 568 835 una
593 809 713 844 regione,
731 808 811 836 domo
834 813 862 836 et
881 817 978 845 genere

198 855 370 883 exstiterint?

234 900 314 928 Rssr.
335 900 427 935 Neque
438 901 466 927 in
481 900 693 928 resurrectione.

233 946 341 979 Quassr.
362 946 457 973 XXIV.
478 946 590 980 Quare?

233 991 313 1019 REsp.
335 992 403 1025 Quia
417 993 518 1028 ﬁgurae,
532 993 620 1027 signa,
633 995 660 1020 et
679 991 836 1021 aﬁ‘ectiones
851 1000 911 1028 qua:
929 1000 979 1020 no—

199 1039 264 1066 stris
277 1039 439 1073 corporibus
453 1047 486 1066 ex
498 1039 672 1073 corruptione
683 1042 709 1066 et
721 1038 826 1066 satione
841 1039 977 1073 accidunt,

198 1092 246 1120 per
259 1092 328 1120 quas
343 1092 394 1111 nos
416 1084 532 1112 invicem
547 1085 591 1111 hic
607 1085 810 1120 cognoscimus,
828 1085 854 1112 in
883 1093 977 1112 resur-

199 1130 320 1157 rectione
341 1133 511 1156 mortuorum
535 1137 596 1156 eum
626 1130 732 1157 satione
753 1134 780 1157 et
805 1131 979 1165 corruptione

199 1175 387 1202 destruuntur.
418 1174 450 1201 Et
477 1174 705 1208 quemadmodum
734 1173 804 1201 Deus
838 1174 872 1201 ah
901 1175 979 1201 initio

199 1228 283 1248 unum
316 1219 381 1247 fecit
402 1220 556 1252 hominem;
584 1220 624 1247 sic
656 1224 683 1246 et
720 1219 749 1246 in
774 1220 979 1255 regeneratione

198 1274 304 1297 omnes,
328 1266 402 1293 velut
427 1273 498 1293 unus
524 1266 615 1299 homo,
642 1273 816 1301 resurgemus
838 1274 844 1292 :
872 1266 900 1293 id
925 1269 977 1298 est,

198 1313 289 1340 omnis
302 1313 390 1347 imago
405 1312 523 1340 hominis
545 1313 643 1340 similis
660 1313 712 1340 erit
732 1312 854 1347 imagini,
874 1311 976 1344 formas,

198 1358 395 1393 magnitudinis
421 1363 448 1385 et
473 1358 566 1393 ﬁgurae
586 1359 693 1386 Adami.
707 1358 784 1385 Unde
803 1358 831 1385 in
856 1365 978 1385 resurre-

198 1403 289 1431 ctione
306 1412 359 1430 non
374 1407 416 1430 est
430 1411 529 1438 parvus
548 1408 594 1430 aut
606 1412 728 1438 magnus,
746 1404 822 1439 niger
834 1404 876 1431 vel
889 1403 977 1435 albus,

198 1449 285 1476 ﬂavus
300 1450 342 1476 vel
357 1449 445 1481 rufus,
455 1449 542 1477 simus
553 1453 600 1476 aut
614 1450 721 1477 adunco
735 1456 813 1481 naso,
830 1456 882 1476 nec
897 1449 979 1476 variae

198 1495 302 1529 tigurre,
319 1493 413 1521 forma:
435 1499 462 1522 et
483 1495 599 1523 colores.
617 1494 680 1522 Haec
706 1495 779 1522 enim
806 1494 897 1522 omnia
918 1502 978 1530 qure

198 1584 281 1610 simul
296 1590 357 1610 cum
373 1584 558 1619 corruptione.
579 1584 722 1612 Enimvero
738 1585 873 1619 quomodo
888 1588 979 1620 posset

197 1636 348 1664 agnoscere
369 1634 446 1664 pater
470 1630 610 1664 proprium
625 1631 720 1663 ﬁlium,
736 1631 782 1665 qui
797 1630 886 1658 infans
907 1638 979 1657 mor-

197 1678 262 1702 tuus
283 1674 374 1706 fuerit,
395 1675 507 1710 triginta
529 1675 586 1710 jam
611 1683 744 1703 annorum
766 1676 903 1703 hominem
922 1683 979 1710 per~

199 1721 299 1748 fectum
323 1725 519 1756 resurgentem,
546 1721 774 1755 quemadmodum
802 1726 827 1749 et
852 1721 978 1749 Christus

197 1766 308 1801 triginta
336 1773 422 1793 annos
440 1770 521 1793 natus
542 1766 695 1801 baptizatus
711 1767 772 1794 est?
786 1766 928 1799 Quomodo
941 1767 979 1794 di-

198 1811 292 1845 gnosci
307 1811 393 1845 possit
407 1810 543 1846 Ethiops,
556 1812 603 1846 qui
621 1812 699 1840 albus
714 1815 838 1847 resurget
854 1822 861 1839 :
877 1813 919 1839 vel
932 1813 978 1848 qui

199 1855 310 1882 saucius
324 1856 432 1889 ohierit,
447 1864 531 1884 sanus
541 1857 707 1891 resurgens?
724 1857 799 1890 Quod
812 1858 835 1885 si
859 1858 917 1886 hac
931 1859 978 1886 tibi

198 1900 326 1927 videntur
335 1901 378 1927 vix
389 1901 537 1934 credibilia,
553 1902 613 1928 audi
624 1902 765 1929 Dominum
775 1902 807 1930 ad
816 1902 979 1932 Sadducaaos

198 1945 315 1972 aientcm
328 1955 334 1972 :
345 1955 353 1971 ε
372 1945 401 1972 in
417 1947 618 1974 resurrectione
634 1952 806 1975 mortuorum
820 1956 909 1983 neque
924 1957 977 1976 nu—

198 1991 263 2018 bent
278 1999 366 2027 neque
392 1993 529 2020 nubentur
545 2001 550 2017 :
564 1994 611 2021 sed
634 1998 715 2021 erunt
732 1995 803 2022 sicut
817 1996 904 2031 angeli
915 1997 948 2023 ⁸ο.
966 2006 975 2022 ι

198 2038 283 2073 igitur
309 2039 537 2073 quemadmodum
564 2048 618 2066 una
642 2043 683 2067 est
709 2042 814 2075 species
837 2046 864 2068 et
893 2041 979 2077 ﬁgura

198 2084 355 2119 angelorum
372 2094 378 2112 :
395 2085 432 2111 ita
463 2085 533 2112 idem
561 2090 661 2113 nostra:
683 2091 786 2114 natura:
799 2087 826 2114 in
855 2096 979 2115 resurre-

199 2130 288 2156 ctione
303 2137 349 2164 per
370 2130 602 2157 immortalitatem
631 2131 754 2158 futurum
783 2132 929 2161 credimus.
946 2132 979 2159 Et

197 2176 426 2209 quemadmodum
454 2176 482 2203 in
504 2176 641 2204 frumento
657 2178 759 2212 spicam
776 2177 839 2205 fecit
856 2177 927 2205 Deus
944 2178 978 2205 ah
993 2191 1016 2220 ι)

198 2220 286 2254 initio,
304 2224 330 2248 et
350 2229 383 2248 ex
411 2222 485 2256 spica
506 2230 620 2257 granum
639 2223 759 2257 prodiit,
785 2224 857 2258 quod
879 2223 975 2251 deinde

197 2270 286 2293 satum
309 2275 406 2294 rursus
420 2268 553 2302 germinat
574 2268 648 2302 spica
664 2277 671 2295 :
690 2268 729 2295 sic
744 2273 771 2296 et
793 2269 874 2296 homo
888 2269 976 2297 factus

196 2317 240 2339 est
256 2320 271 2338 a
287 2312 341 2339 Deo
358 2313 532 2348 incorruptus
550 2318 659 2348 propter
674 2320 837 2349 praeceptum
855 2324 861 2341 :
879 2315 976 2344 deinde

196 2358 413 2392 transgressione
426 2359 559 2386 contritus
574 2364 616 2386 est
631 2367 662 2386 ac
678 2363 824 2394 corruptus
838 2360 973 2387 redditus:

185 2472 186 2477 η
231 2435 255 2450 ⁸ο
275 2433 368 2461 Matth.
387 2442 461 2465 xxu,
476 2435 521 2462 50.

232 2511 412 2549 (ἓᾷλΤρόπον
425 2512 500 2540 deest
515 2513 543 2540 in
558 2513 623 2547 Reg.
646 2514 671 2544 i,
687 2513 715 2541 2.
735 2513 806 2541 Infra
826 2514 875 2549 μία
896 2514 972 2541 deest

197 2546 225 2573 in
240 2546 334 2583 editis,
345 2548 392 2583 sed
407 2548 522 2575 habetur
537 2549 563 2575 in
579 2546 765 2583 compluribus
779 2546 846 2576 mss.

231 2581 285 2616 (25)
305 2582 342 2609 Ita
360 2582 424 2616 Reg.
443 2583 470 2611 ’5.
493 2589 573 2610 recte.
592 2581 661 2610 Ediii
676 2592 740 2610 vero
757 2585 842 2614 male,
858 2584 899 2611 ὅτι
913 2584 970 2610 νῦν.

195 2614 470 2653 Ιηῐιξειςοὶῖὰμαρτωλοί
483 2619 558 2645 deest
575 2618 600 2644 in
613 2618 772 2653 quibusdam
787 2627 853 2646 mss.

231 2652 286 2686 (26)
307 2652 373 2679 Tres
390 2661 455 2680 mss.
472 2653 647 2687 γνωρίζομεν.

230 2687 286 2722 (27)
307 2687 416 2724 ltaAtres
433 2695 499 2714 mss.
510 2687 538 2724 In
551 2688 631 2715 editis
647 2696 720 2720 vero,
731 2689 813 2724 ἄρσεν
830 2689 876 2715 καὶ
891 2689 970 2723 θῆλυ,

195 2719 394 2758 despnt.lnl‘ra,
409 2723 425 2758 ῆ
440 2723 578 2758 γρυπότης
593 2724 679 2755 deest,
691 2719 718 2750 in
731 2719 892 2751 auibusdum
905 2719 970 2750 mss.

232 2757 287 2791 (28)
307 2757 374 2785 Tres
394 2757 471 2787 mss.)
487 2757 672 2784 καταλύονται.

231 2791 287 2829 (29)
308 2792 455 2829 Duo_mss.,
470 2793 571 2819 τέλειον
588 2793 737 2829 ἄνθρωπον.
763 2793 848 2822 Alius,
869 2793 971 2829 τέλειον

193 2826 224 2854 τὸ
240 2827 346 2862 βρὲξος.
366 2827 449 2853 Paulo
470 2832 530 2862 post
549 2829 624 2854 multi
641 2826 756 2860 inss.,‘H
775 2829 830 2858 7:5);
846 2828 970 2863 γνωσθή-

755 112 784 140 S.
807 111 1034 140 ATHANASIUS.
1050 126 1086 132 —
1104 111 1235 140 SPUBIA.

234 171 316 200 Rssr.
331 172 440 208 Agnitio
451 180 482 199 ex
500 171 639 206 corporeis
667 171 753 207 signis
772 171 843 199 solet
860 171 926 199 ﬁeri.
943 171 978 198 At
992 175 1015 203 Α

1758 111 1823 140 612

1069 171 1163 198 ’Δπόκ.
1186 171 1216 197 '0
1234 169 1434 205 ὲπιγνωρισμδς
1453 170 1485 196 ἐκ
1505 168 1668 209 σωματικῶν
1687 167 1824 204 σημείων

1029 217 1148 251 γίνεσθαι
1160 216 1274 250 πέφυκε.
1286 216 1318 242 Αἱ
1334 215 1362 242 δὲ
1374 215 1514 250 ἀσώματοι
1539 214 1625 250 ψυχαὶ
1641 215 1732 249 ὅμοιαι
1761 213 1820 241 ἀλ-

1028 263 1123 298 λήλαις
1136 262 1207 288 κατὰ
1229 261 1316 288 πάντα
1337 261 1437 296 τρόπον
1456 260 1511 296 (24)
1529 261 1703 296 ὑπάρχουσιν,
1716 259 1823 296 ὥσπερ

1028 308 1074 334 ἐπὶ
1092 307 1208 342 πλήθους
1227 305 1306 332 τινῶν
1322 305 1442 332 ἀσπίλων
1460 305 1507 332 καὶ
1522 305 1622 340 ὁμοίων
1641 305 1821 341 περιστερῶν

1027 354 1044 389 ἢ
1060 352 1202 388 μελισσῶν,
1214 353 1244 378 οὐ
1264 351 1448 387 διαφερουσῶν
1466 351 1514 387 μία
1531 352 1580 387 τῆς
1598 351 1670 386 μιᾶς,
1684 350 1745 377 οὔτε
1769 360 1821 377 σε-

1029 401 1149 436 μνότητι,
1164 398 1225 425 οὔτε
1239 398 1439 434 μεγαλειότητι,
1450 397 1518 424 ἀλλά
1528 397 1599 424 κατὰ
1611 398 1697 424 πάντα
1713 398 1742 423 ὲν
1754 397 1817 423 ἰσό-

1027 453 1088 480 τητι
1104 445 1232 479 ἀλλήλαις
1246 443 1348 475 οὗσαις.
1363 443 1446 469 Τοῦτο
1459 443 1488 469 δὲ
1507 442 1578 477 λέγω
1592 443 1638 469 ἐπὶ
1651 442 1704 469 τῶν
1722 443 1751 468 ὲν
1773 441 1820 477 τῷ

1027 490 1079 527 ᾅδῃ
1101 489 1348 518 καταδικασθεισῶν
1375 488 1468 524 ψυχῶν
1491 488 1544 515 τῶν
1563 488 1741 523 ἁμαρτωλῶν,
1770 488 1819 515 ὅτι

1028 537 1126 568 ἑαυτὰς
1145 537 1195 563 οὐκ
1218 535 1436 570 ὲπιγινώσκουσι.
1458 535 1523 566 Ταῖς
1548 533 1601 569 γὰρ
1622 534 1675 560 τῶν
1699 534 1818 560 δικαίων

1027 581 1124 617 ψυχαῖς
1138 582 1183 608 καὶ
1198 581 1276 607 τοῦτο
1288 582 1302 607 ὁ
1315 580 1380 613 Θεὸς
1395 580 1426 606 τὸ
1437 580 1547 614 ἀγαθὸν,
1564 580 1634 614 λέγω
1648 579 1680 614 δὴ
1692 579 1737 606 τὸν
1754 580 1819 606 ἐπι-

1027 628 1192 662 γνωρισμὸν,
1205 628 1370 663 ἐδωρήσατο.

1069 673 1163 709 Ἐρώτ.
1179 677 1231 706 κγ’.
1249 672 1369 699 Δεδόσθω
1382 672 1471 698 τοίνυν
1487 671 1543 706 (25)
1555 671 1626 698 κατὰ
1640 671 1686 698 τὸν
1702 671 1747 697 σὺν
1764 670 1814 697 λό-

1028 727 1084 753 γον,
1101 720 1128 745 αἰ
1145 718 1228 754 ψυχαὶ
1242 718 1358 753 ἀλλήλας
1379 718 1429 744 οὐκ
1447 717 1655 752 ὲπιγινώσκουσι
1671 717 1730 743 νῦν·
1749 714 1814 743 εἶτα

1028 763 1082 801 ἆρα
1098 765 1159 792 οὔτε
1176 766 1204 791 ὲν
1219 766 1252 800 τῇ
1268 764 1412 792 ἀναστάσει
1428 762 1623 798 ἐπιγνώσονται
1637 762 1767 797 ἀλλήλους
1784 761 1813 788 οἱ

1029 810 1192 846 ἁμαρτωλοὶ,
1207 810 1278 844 λέγω
1291 810 1319 836 δὲ
1331 811 1356 836 οἱ
1372 810 1404 836 ἐκ
1419 809 1482 844 μιᾶς
1500 808 1591 844 χώρας
1613 808 1660 834 καὶ
1672 807 1745 834 οἴκου
1761 807 1815 832 καὶ

992 847 1016 877 Β
1029 857 1122 887 γένους
1139 856 1305 891 ὑπάρχοντες
1312 864 1320 888 ;

1069 903 1162 930 Ἀπόκ.
1182 903 1249 929 Οὔτε
1270 903 1297 928 ὲν
1313 903 1345 937 τῇ
1358 901 1512 928 ἀναστάσει.

1069 949 1164 984 Ἐρώτ.
1181 948 1230 975 κδ’.
1246 948 1323 979 Τίνος
1340 947 1433 983 χάριν;

1069 995 1163 1022 ’Λπόκ.
1182 996 1296 1030 Ὀτιπερ
1309 994 1416 1021 ἅπαντα
1432 992 1465 1019 τὰ
1482 994 1513 1019 ἐκ
1530 991 1630 1027 φθορᾶς
1643 999 1690 1017 και
1704 996 1815 1025 σπορας

1028 1042 1216 1077 ὲπισυμΰάντα
1235 1042 1291 1072 τοῖς
1318 1040 1460 1075 ἡμετέροις
1483 1039 1588 1073 σώμασι
1610 1038 1736 1072 σχήματα
1762 1036 1814 1062 καὶ

1029 1089 1139 1122 σημεῖα,
1154 1086 1201 1113 καὶ
1214 1085 1359 1120 παθήματα
1368 1104 1374 1116 ,
1388 1084 1420 1110 δι’
1436 1081 1473 1109 ὧν
1487 1083 1617 1117 ἀλλήλους
1633 1079 1813 1116 ἐπιγινώσκο-

1030 1142 1078 1169 μεν
1091 1133 1146 1168 (26)
1162 1129 1224 1164 ὧδε,
1255 1132 1283 1158 ὲν
1305 1132 1338 1166 τῇ
1357 1130 1501 1157 ἀναστάσει
1516 1129 1568 1155 τῶν
1585 1128 1688 1163 νεκρῶν
1709 1127 1758 1153 σὺν
1775 1128 1811 1162 τῇ

1029 1179 1117 1214 σπορᾷ
1131 1178 1177 1204 καὶ
1192 1177 1277 1212 φθορᾷ
1292 1176 1498 1212 καταργοῦνται.
1517 1175 1570 1202 Καὶ
1591 1174 1684 1210 ὥσπερ
1700 1175 1745 1200 ἀπ’
1757 1175 1811 1208 ἀρ-

1029 1226 1078 1259 χῆς
1091 1224 1105 1249 ὁ
1121 1223 1186 1254 Θεὸς
1199 1222 1245 1249 ἕνα
1261 1222 1401 1258 ἄνθρωπον
1418 1220 1552 1256 ἐποίησεν,
1570 1220 1640 1247 οὕτω
1672 1220 1718 1246 καὶ
1733 1221 1761 1246 ὲν
1775 1221 1813 1255 τῇ

1028 1268 1220 1303 παλιγγενεσία
1248 1267 1347 1299 πάντες
1369 1267 1407 1298 ὡς
1433 1265 1473 1299 εἷς
1498 1266 1638 1302 ἅνθρωπος
1664 1265 1813 1292 ἐπανιστά-

1029 1314 1112 1350 μεθα·
1127 1313 1247 1340 τουτέστι
1260 1314 1334 1339 πᾶσα
1347 1312 1488 1348 ἀνθρώπου
1504 1311 1583 1339 εἰκὼν
1599 1311 1679 1347 ὁμοία
1695 1311 1745 1346 τῆς
1761 1310 1811 1338 τοῦ

1034 1358 1117 1394 Ἀδὰμ
1133 1358 1234 1389 εἰκόνος
1248 1359 1294 1384 καὶ
1306 1358 1429 1389 πλάσεως
1439 1379 1446 1390 ,
1464 1358 1512 1384 καὶ
1535 1357 1664 1392 μεγέθους
1681 1357 1727 1383 καὶ
1741 1357 1810 1392 σχή-

1029 1412 1122 1438 ματος.
1137 1403 1180 1429 Διὸ
1193 1403 1242 1429 οὐκ
1255 1402 1327 1429 ἔστιν
1345 1404 1374 1429 ὲν
1387 1404 1420 1438 τῇ
1438 1403 1580 1429 ἀναστάσει
1597 1402 1678 1437 ἄρσεν
1690 1402 1736 1429 καὶ
1753 1402 1811 1438 (‘27)

1028 1449 1106 1484 θῆλυ,
1122 1449 1182 1475 οὐδὲ
1200 1449 1296 1484 μικρὸς
1315 1449 1361 1475 καὶ
1379 1449 1477 1484 μέγας,
1495 1448 1554 1474 οὐδὲ
1574 1448 1658 1483 μέλας
1688 1449 1734 1475 καὶ
1749 1447 1813 1474 λευ-

1028 1496 1083 1526 κδς,
1099 1495 1159 1522 οὐδὲ
1173 1495 1302 1526 ξανθότης
1313 1495 1360 1522 καὶ
1375 1495 1522 1526 πυρῤότης,
1537 1494 1553 1526 ἥ
1571 1494 1683 1526 σιμότης
1703 1494 1719 1526 ἢ
1742 1503 1811 1526 γρυ-

198 1495 302 1529 tigurre,
319 1493 413 1521 forma:
435 1499 462 1522 et
483 1495 599 1523 colores.
617 1494 680 1522 Haec
706 1495 779 1522 enim
806 1494 897 1522 omnia
918 1502 977 1530 qua:

198 1546 231 1565 ex
244 1539 350 1566 satione
365 1543 392 1566 et
409 1539 584 1573 corruptione
607 1539 782 1574 proveniunt,
801 1539 977 1566 dcstruentur

1030 1496 1083 1527 κὸς,
1099 1495 1159 1522 οὐδὲ
1173 1495 1302 1530 ξανθότης
1313 1495 1360 1522 καὶ
1375 1495 1522 1531 πυρῤότης,
1537 1494 1553 1529 ἢ
1571 1494 1683 1529 σιμότης
1703 1493 1719 1529 ἢ
1742 1503 1777 1529 γρ

1030 1542 1123 1574 πότης,
1143 1541 1204 1567 οὐδὲ
1226 1541 1341 1574 διάφορα
1358 1541 1494 1574 σχήματα,
1517 1540 1563 1567 καὶ
1591 1540 1734 1574 πρόσωπα,
1761 1549 1777 1567 κ

1029 1542 1123 1576 πότης,
1143 1541 1204 1567 οὐδὲ
1226 1541 1341 1576 διάφορα
1358 1541 1494 1575 σχήματα,
1517 1540 1563 1567 καὶ
1591 1540 1734 1576 πρόσωπα,
1761 1540 1813 1567 καὶ

1028 1585 1169 1621 χρώματα,
1187 1586 1234 1611 καὶ
1258 1585 1421 1620 παθήματα,
1444 1585 1491 1611 καὶ
1517 1584 1691 1620 σκηνώματα.
1716 1585 1809 1612 Ταῦτα

1028 1631 1082 1666 γὰρ
1098 1631 1185 1657 πάντα
1201 1631 1254 1657 ἀπὸ
1272 1631 1374 1666 σπορᾶς
1392 1630 1437 1657 καὶ
1452 1630 1553 1665 φθορᾶς
1567 1631 1695 1665 γινόμενα
1713 1630 1760 1657 σὺν
1775 1633 1808 1665 τῇ

1028 1676 1114 1712 φθορᾷ
1130 1675 1326 1711 καταργοῦνται
1345 1675 1412 1710 (‘28).
1430 1676 1483 1702 Καὶ
1505 1675 1563 1707 πῶς
1585 1675 1676 1702 λοιπὸν
1692 1675 1808 1709 ἐπιγνώ-

1029 1729 1113 1753 σεται,
1129 1721 1188 1747 ειπέ
1202 1729 1257 1756 μοι,
1276 1720 1365 1756 πατὴρ
1377 1720 1407 1746 τὸ
1423 1720 1486 1747 ῐδιον
1500 1721 1592 1747 τέκνον
1608 1721 1701 1756 νήπιον
1718 1720 1810 1747 τελευ-

1028 1766 1122 1802 τῆσαν,
1143 1767 1190 1793 καὶ
1207 1767 1398 1803 τριακονταετῆ
1414 1767 1515 1793 τέλειον
1530 1766 1671 1802 ἄνθρωπον
1694 1767 1747 1802 (29)
1765 1767 1811 1794 ἀν-

1030 1813 1182 1847 ιστάμενον,
1197 1812 1287 1844 καθὼς
1309 1813 1355 1839 καὶ
1369 1814 1383 1839 ὁ
1397 1812 1513 1848 Χριστὸς
1527 1813 1733 1849 τριακονταετὴς
1745 1813 1809 1840 ἐϐα-

1029 1858 1144 1893 micon;
1168 1859 1203 1885 ’Ἡ
1221 1859 1278 1890 πῶς
1299 1859 1488 1894 γνωσθήσεται
1503 1860 1517 1885 ὁ
1535 1859 1695 1894 τελευτήσας
1715 1859 1809 1894 Αἰθίοψ

1029 1904 1122 1936 λευκὸς
1147 1905 1374 1940 ἀνιστάμενος-ἢ
1402 1906 1416 1931 ὁ
1441 1905 1582 1932 ἀποθανὼν
1608 1905 1808 1940 λελωϐημένος,

1029 1949 1107 1984 ὑγιὴς
1124 1950 1317 1985 ἀνιστάμενο;;
1337 1950 1368 1976 Εἰ
1387 1950 1415 1977 δὲ
1431 1950 1562 1977 δύσπιστά
1583 1959 1623 1977 σοι
1637 1951 1722 1977 ταῦτα
1747 1951 1810 1985 φαί-

1028 2003 1132 2027 νονται,
1150 1996 1262 2022 ἄκουσον
1279 1995 1325 2022 τοῦ
1341 1996 1442 2031 Κυρίου
1460 1996 1527 2032 πρὸς
1542 1996 1605 2027 τοὺς
1619 1996 1808 2031 Σαδδουκαίους

1028 2039 1160 2073 λέγοντος,
1183 2041 1223 2067 ὅτι
1248 2051 1257 2067 ε
1289 2042 1332 2067 Ἐν
1347 2043 1381 2076 τῇ
1399 2041 1544 2068 ἀναστάσει
1561 2041 1615 2067 τῶν
1631 2041 1734 2076 νεκρῶν
1749 2041 1808 2067 οὔτε

1029 2086 1171 2121 γαμοῦσιν,
1180 2086 1241 2112 οὕτε
1255 2087 1416 2122 γαμίζονται
1432 2087 1502 2122 (50)·
1520 2087 1576 2113 ἀλλ’
1592 2087 1746 2121 ἕσονταῃὼς
1761 2087 1801 2122 ἆγτ

1028 2131 1110 2166 γελοι.
1123 2142 1131 2158 ι
1143 2131 1245 2158 Οὑκοῦν
1259 2133 1353 2168 ὥσπερ
1361 2134 1385 2158 οἱ
1395 2133 1504 2167 ἄγγελοι
1524 2134 1588 2168 μιᾶς
1603 2133 1673 2164 ἰδέας
1687 2134 1732 2160 καὶ.
1746 2134 1810 2168 σχή-

1030 2186 1114 2212 ματος
1137 2177 1321 2213 ὑπάρχουσιν·
1343 2178 1413 2204 οὕτω
1439 2178 1601 2213 πιστεύομεν
1631 2179 1677 2205 καὶ
1700 2179 1746 2205 ἐπὶ
1761 2179 1809 2214 τῆς

1029 2222 1164 2258 ἡμετέρας
1179 2223 1285 2257 φύσεως
1298 2224 1326 2250 ὲν
1340 2225 1371 2259 τῇ
1387 2224 1533 2250 ἀναστάσει
1545 2224 1588 2251 διὰ
1601 2225 1649 2259 τῆς
1660 2225 1809 2260 ἀφθαρσίας

1028 2268 1119 2295 λοιπὸν
1141 2269 1272 2303 γίνεσθαι.
1294 2270 1348 2296 Καὶ
1370 2269 1464 2305 ὥσπερ
1487 2270 1531 2296 ἐπὶ
1553 2269 1598 2296 τοῦ
1617 2270 1689 2296 σίτου
1711 2270 1809 2305 στάχυν

1028 2314 1154 2349 ἐποίησεν
1170 2316 1183 2341 ὁ
1206 2315 1271 2346 Θεὸς
1287 2316 1333 2341 ἀπ’
1351 2316 1449 2351 ἀρχῆς,
1467 2316 1513 2342 καὶ
1529 2317 1562 2343 ὲκ
1575 2316 1620 2342 τοῦ
1639 2316 1751 2351 στάχυος
1767 2317 1810 2350 γέ-

1028 2368 1105 2394 γονεν
1120 2362 1134 2387 ὁ
1146 2361 1254 2393 κόκκος,
1273 2362 1319 2388 καὶ
1333 2361 1412 2388 πάλιν
1425 2362 1601 2397 σπειρόμενος
1617 2361 1808 2388 ἁναὸλαστάνει

1026 2522 1111 2540 σεται.
1141 2513 1222 2545 Editi,
1244 2513 1260 2548 ἢ
1287 2513 1561 2549 ἐπι-γνωρισθήσεται.
1585 2513 1662 2541 Unus
1676 2513 1801 2549 eodeni

1025 2549 1220 2583 ννωσθήσεται.

1059 2583 1117 2644 350)
1139 2583 1234 2614 Basil.,
1251 2583 1454 2618 ὲκγαμίζονται.
1483 2583 1523 2609 Ad
1551 2583 1699 2617 marginem
1727 2583 1801 2616 hujm

1078 2619 1126 2644 icis
1147 2622 1256 2644 notatur
1272 2619 1336 2644 ihiil.
1352 2618 1468 2644 Σνόλιον.
1480 2618 1535 2644 Ti:
1545 2619 1605 2644 τότε
1618 2617 1750 2644 ἀπαθείας
1762 2619 1801 2644 καὶ

1025 2617 1126 2645 codicis
1147 2622 1256 2644 notatur
1272 2617 1336 2644 ihiil.
1352 2618 1468 2652 Σχόλιον.
1480 2618 1535 2652 Τῆς
1545 2619 1605 2644 τότε
1618 2617 1750 2649 ἀπαθείας
1762 2619 1802 2644 καὶ

1025 2653 1165 2688 ἁγιότητος
1189 2653 1261 2687 λέγει
1288 2655 1306 2679 ὸ-
1328 2653 1453 2687 Χριστὺς,
1474 2653 1514 2678 ὃτι
1536 2653 1565 2678 οὐ
1586 2652 1729 2688 γαμοῦσιν,
1746 2653 1802 2679 οὔτε

1025 2689 1225 2723 ἑγγαμίζονται.
1244 2689 1310 2723 om
1328 2689 1368 2713 ὅτι
1387 2687 1415 2713 δὲ
1433 2688 1483 2713 οὐκ
1497 2687 1660 2717 ἀνίστανται,
1682 2687 1743 2713 οὕτε
1763 2688 1804 2714 ἇν-

1024 2723 1096 2758 δρες,
1110 2723 1170 2749 οὒτε
1185 2724 1319 2756 γυντιῖκες.
1336 2722 1390 2748 Καὶ
1403 2722 1456 2756 γὰρ
1468 2723 1497 2758 ἐν
1509 2723 1541 2757 τῇ
1558 2723 1703 2749 ἀναστάσει
1719 2723 1742 2748 οἱ
1759 2722 1803 2756 μὲν

1025 2757 1118 2792 ἄνδρες
1129 2758 1246 2790 ἀναδύῃ
1264 2766 1322 2783 νται
1334 2757 1437 2791 ἄνδρες,
1450 2757 1476 2782 αἱ
1491 2757 1518 2784 δὲ
1532 2759 1659 2791 γυναῖκες
1670 2759 1802 2791 γυναῖκες,

1024 2793 1087 2827 ὼςὴ
1099 2793 1163 2826 ἁγία
1174 2793 1224 2819 Θεο
1233 2795 1254 2817 ιό
1275 2801 1312 2823 ος.
1326 2791 1426 2818 Horum
1440 2799 1502 2825 pars
1514 2794 1540 2820 in
1552 2798 1654 2820 textum
1667 2793 1750 2819 relata
1764 2795 1803 2818 est

1026 2835 1041 2854 a
1058 2828 1140 2854 veteri
1162 2827 1319 2858 interputc.
