1924 3059
83 150 138 178 613

557 151 786 185 ΩΙΙᾹΞΞΤΙΟΝΕΞ
804 152 849 178 AD
868 152 1070 181 ANTIOCHUM
1092 153 1218 181 DUCEM.

1646 153 1698 180 6H

82 207 186 243 στάχυς
197 217 204 223 ·
218 208 289 235 οὕτω
302 210 348 236 καὶ
363 211 377 236 ὁ
391 209 533 244 ἄνθρωπος
549 210 658 244 γέγονεν
673 210 727 237 ὑπὸ
740 210 787 236 τοῦ
803 211 864 237 Θεοί

924 216 997 239 satus
1011 220 1075 239 vero
1088 220 1135 247 per
1145 216 1260 240 mortem
1274 217 1300 240 et
1311 217 1383 240 terra
1400 213 1525 247 obrutus,
1545 213 1641 241 iterum
1656 212 1699 240 in-

82 254 226 288 φυλάττων
241 254 289 290 τὴν
306 255 414 290 ὲντολὴν
431 255 582 290 ἄφθαρτος⁸
598 253 657 282 εἶτα
675 256 720 282 διὰ
735 256 784 290 τῆς
800 265 870 292 παρ-

925 263 1070 292 corruptus
1084 258 1237 292 repullulat,
1252 259 1340 293 qualis
1356 259 1390 286 ab
1405 258 1481 286 initio
1495 264 1562 286 erat.

82 303 169 338 ακοῆς
190 302 342 338 συνετρίϐη,
364 303 412 330 καὶ
435 303 528 337 γέγονε
552 303 668 338 φθαρτὸς
685 312 693 320 ’
724 304 899 340 σπειρόμενος
916 305 944 332 δὲ
965 306 1008 332 διὰ
1027 305 1073 332 τοῦ
1089 305 1203 332 θανάτου
1220 307 1266 332 καὶ
1283 307 1450 342 χωννύμενος
1471 307 1499 332 ἐν
1517 308 1549 342 τῇ
1569 308 1615 342 γῇ,
1632 306 1698 333 ἀνα-

83 350 228 376 ὗλαττάνει
241 350 334 385 ὥσπερ
349 348 384 386 ἦν
400 350 446 377 ἀπ’
461 351 547 386 ἀρχῆς
563 351 708 386 ἄφθαρτος.

126 397 221 432 Ἐρὼτ.
242 401 290 424 κε’.
305 395 378 433 Ἶιρα
397 398 606 424 ὲπισκέπτονται
627 399 671 425 τὸν
688 399 744 434 βίον
760 401 787 426 ai
805 408 871 436 προ-

83 442 215 469 λαϐοῦσι-αι
237 443 292 479 (51)
309 443 362 469 τῶν
383 443 532 479 ἀνθρώπων
545 444 639 479 ψυχαὶ,
654 445 671 480 ἤ
684 445 732 478 οὕ;

127 487 222 514 Ἀπόκ.
247 488 386 523 Οὐδαμῶς.
417 488 548 515 Ἄκουσον
576 489 631 524 γὰρ
658 490 704 517 τοῦ
731 491 870 526 προφήτου

85 533 168 559 Δαϐὶδ
193 533 257 568 περὶ
280 533 332 559 τῶν
351 533 537 565 τελευτώντων
559 535 708 570 ἀνθρώπων
727 536 867 570 λέγοντος·

87 588 98 605 ι
119 579 288 614 Ἄνθρωπος,
314 579 380 605 ὡσεὶ
404 579 498 615 χόρτος
522 580 549 606 αἱ
574 581 675 616 ἡμέραι
694 581 785 614 αὐτοῦ,
804 582 869 608 ὡσεὶ

85 624 167 656 ἄνθος
197 625 244 651 τοῦ
272 625 356 660 ἀγροῦ
387 625 472 658 οὕτως
495 626 645 662 ὲξανϐήσει.
675 628 735 654 Ὅτι
762 628 868 664 πνεῦμα

85 671 193 706 διῆλθεν
209 671 237 696 ὲν
254 670 336 705 αὐτῷ,
353 671 398 698 καὶ
414 672 462 707 οὐχ
477 672 601 707 ὑπάρξει,
619 673 666 699 καὶ
684 673 733 699 οὐκ
751 673 868 708 ἐπιγνώ-

86 725 163 742 σεται
181 715 220 742 Eri.
232 716 276 743 τὸν
291 716 371 743 τόπον
385 717 475 745 αὑτοῦ.
493 727 502 744 ι
517 718 584 754 Περὶ
597 718 625 744 δὲ
638 718 692 745 τῶν
706 718 799 754 ψυχῶν
815 719 867 746 τῶν

85 763 171 796 ἁγίων
191 762 221 788 οὐ
238 762 290 798 χρὴ
304 762 481 797 ἀμφιϐάλλειν
496 763 563 798 (52).

127 808 222 843 Ἐρώτ.
234 812 290 840 xg’.
306 809 360 836 Καὶ
373 810 396 835 εἰ
410 809 495 836 ταῦτα
506 809 585 843 οὕτω,
601 810 659 841 πῶς
683 810 866 844 ἐπιφαίνονται

83 854 109 880 οι
127 854 200 888 ἅγιοι
216 854 344 885 πολλάκις
364 856 391 881 ὲν
405 856 460 886 τοῖς
481 855 583 882 ἑαυτῶν
596 858 669 888 ναοῖς
687 857 733 883 καὶ
754 859 866 892 σωροῖς;
884 868 906 897 Β

127 900 221 926 Ἀπόκ.
239 900 316 926 Ξένον
332 900 377 926 κα)⁸
398 901 546 936 παράδοξον
563 901 593 927 τὸ
615 901 780 938 ἐπερώτημα
791 923 797 934 ,
822 903 869 929 καὶ

84 946 250 980 πιστοτάτης
268 945 356 980 ψυχῆς
372 946 495 980 δεόμενον
508 947 547 976 είς
562 947 715 982 ἀπόκρισιν.
738 948 832 982 Ὅμως
845 948 869 974 εἰ

83 992 193 1026 χωρεῖς,
208 991 321 1018 ἄκουσον
337 991 374 1026 μὴ
389 991 509 1024 ὀκλάζων
525 992 562 1027 τῷ
578 992 708 1028 λογισμῷ.
724 994 757 1018 Αἱ
772 993 801 1020 ὲν
813 995 869 1025 τοῖς

82 1038 158 1068 ναοῖς
180 1037 226 1062 καὶ
249 1038 345 1071 σωροῖς
366 1036 419 1063 τῶν
439 1037 522 1071 ἁγίων
539 1037 677 1072 γινόμεναι
699 1038 868 1070 ὲπισκιάσεις

84 1083 132 1109 καὶ
147 1082 276 1109 ὀπτασίαν.
296 1083 325 1108 οὺ
342 1083 385 1109 διὰ
399 1083 453 1110 τῶν
467 1082 559 1118 ψυχῶν
573 1083 626 1109 τῶν
641 1082 723 1117 ἁγίων
738 1084 866 1117 γίνονται,

84 1127 153 1154 ἀλλὰ
176 1128 230 1163 (55)
252 1128 285 1154 δι’
307 1128 428 1162 ἀγγέλων
450 1128 534 1162 ἁγίων
558 1128 867 1164 μετασχηματιζομένων

83 1174 125 1204 είς
145 1173 175 1199 τὸ
195 1171 264 1204 εἶδος
283 1173 336 1200 τῶν
357 1173 452 1208 ἁγίων.
476 1173 537 1205 Πῶς
561 1174 624 1209 γὰρ,
649 1174 708 1200 εἰπέ
735 1183 789 1209 μοι,
819 1175 867 1210 μία

82 1217 151 1244 οὖσα
169 1218 240 1254 ψυχὴ
255 1218 300 1245 τοῦ
319 1219 454 1255 μακαρίου
473 1219 577 1256 Πέτρου
594 1220 610 1254 ἢ
636 1220 740 1246 Παύλου
758 1220 866 1247 δύναται

81 1264 142 1290 κατ’
158 1264 241 1299 αὐτὴν
253 1263 301 1299 τὴν
316 1265 400 1300 ῥοπὴν
414 1265 443 1290 ὲν
455 1266 486 1299 τῇ
502 1265 594 1300 μνήμῃ
611 1265 690 1291 αὑτοῦ
704 1266 866 1301 ἐπιφανῆναι

83 1309 112 1334 ὲν
129 1308 223 1343 χιλίοις
239 1311 310 1340 ναοῖς
328 1308 419 1341 αὐτοῦ,
432 1311 461 1335 ἐν
477 1310 528 1345 ὅλῳ
542 1310 580 1344 τῷ
597 1310 706 1345 κόσμῳ;
723 1311 801 1337 τοῦτο
813 1310 866 1346 γὰρ

81 1353 145 1380 οὔτε
165 1354 276 1388 ἄγγελος
293 1352 333 1386 εἷς
353 1355 463 1381 δύναται
484 1355 594 1390 ποιῆσαί
614 1364 688 1383 ποτε,
706 1356 793 1382 Μόνου
812 1356 866 1392 γὰρ

80 1400 128 1426 τοῦ
143 1400 211 1427 Θεοῦ
225 1401 297 1427 ἐστιν
314 1401 342 1427 ὲν
358 1400 417 1427 δυσὶ
438 1401 530 1432 τόποις
544 1401 590 1427 καὶ
605 1402 633 1428 ἐν
649 1401 701 1436 ὅλῳ
716 1401 755 1436 τῷ
771 1402 865 1437 κόσμῳ

80 1446 111 1472 ἐν
128 1445 196 1480 αὐτῇ
215 1447 248 1481 τῇ
275 1447 344 1481 ῥοπῇ
368 1446 550 1481 εὑρίσκεσθαι.
575 1447 650 1473 Ἐπεὶ
671 1447 717 1473 1»ιαῖ⁹
731 1447 811 1474 αὑταὶ
836 1448 864 1474 αἱ

81 1491 174 1525 vespa!
187 1491 315 1526 δυνάμεις
330 1491 561 1526 ὰπολιμπάνονται
577 1491 633 1526 (54)
649 1491 756 1523 πάντως
770 1492 818 1527 τῆς
836 1494 864 1520 ὲν

956 396 1066 430 Qomsr.
1087 396 1169 424 XXV.
1194 395 1262 423 Num
1291 396 1430 423 hominum
1454 396 1561 429 animm,
1577 397 1700 432 quiante

921 450 972 470 nos
988 442 1134 473 decedunt,
1147 442 1232 468 vitam
1248 441 1346 468 iterum
1363 441 1494 473 invisum,
1514 442 1621 469 necne?

957 487 1034 514 Resp.
1053 487 1238 522 Nequaquam.
1253 486 1324 512 Audi
1337 486 1410 512 enim
1431 486 1589 521 prophetam
1618 486 1699 514 Davi-

920 533 981 560 dem
998 533 1030 560 de
1045 533 1201 560 hominibus
1219 531 1399 559 morientibus
1423 532 1559 559 aientem:
1575 541 1584 557 ι
1600 531 1697 565 Ηοιηο,

921 579 993 607 sicut
1014 578 1106 605 fenum
1121 579 1178 606 dics
1194 579 1264 613 ejus,
1284 582 1412 612 tanquam
1429 577 1479 604 ﬁos
1494 578 1551 612 agri
1574 578 1615 606 sic
1625 578 1699 605 eﬁlo-

921 626 1000 652 rebit.
1013 625 1147 658 Quoniam
1161 624 1274 660 spiritus
1291 622 1467 658 pertransivit
1484 623 1512 649 in
1529 623 1586 655 illo,
1603 627 1630 650 et
1643 631 1698 650 non

921 671 1045 702 exsistet,
1058 674 1086 698 et
1099 678 1153 697 non
1165 672 1310 704 cognoscet
1326 668 1441 703 amplius
1453 668 1540 695 locum
1558 676 1636 695 suum
1645 670 1696 696 η.»

921 717 959 744 De
973 716 1115 743 animabus
1137 720 1226 742 autem
1243 715 1380 750 justorum
1402 714 1471 741 nihil
1493 718 1535 741 est
1559 714 1698 749 ambigen-

920 763 994 790 dum.

955 807 1063 840 Qumsr.
1083 806 1177 834 XXVI.
1195 805 1224 833 Si
1252 806 1310 833 hac
1334 806 1371 833 ita
1386 813 1415 833 se
1436 805 1546 838 habent,
1563 804 1700 840 quomodo

921 862 992 888 sa’pe
1009 854 1096 881 sancti
1109 855 1168 880 suis
1182 853 1209 879 in
1221 852 1330 887 templis
1341 856 1368 879 et
1384 852 1502 889 tumulis,
1512 850 1664 886 apparent?

955 899 1036 925 liEsp.
1053 898 1204 932 Singularis
1215 901 1242 924 et
1261 897 1397 931 paradoxa
1413 904 1478 923 sane
1494 897 1618 931 qumstio,
1633 895 1700 922 ﬁde-

919 945 1077 979 lissimaque
1094 943 1218 978 indigens
1240 942 1331 969 anima
1348 942 1381 968 ad
1396 941 1628 976 respondendum.
1646 940 1699 968 Ta-

917 999 979 1018 men
997 991 1019 1017 si
1037 990 1124 1025 capis,
1138 990 1202 1017 audi
1236 997 1287 1016 nec
1314 989 1420 1016 ratione
1443 988 1564 1016 vacilles.
1589 988 1655 1020 Quae
1669 988 1697 1014 in

917 1037 1025 1071 templis
1041 1040 1068 1064 et
1091 1036 1206 1063 tumulis
1237 1039 1396 1063 sanctorum
1424 1034 1644 1061 adumbrationes
1670 1037 1697 1060 et

916 1083 1036 1110 visiones
1050 1082 1128 1114 ﬁunt,
1144 1090 1199 1108 non
1224 1089 1273 1116 per
1296 1082 1402 1108 animas
1433 1084 1590 1108 sanctorum
1617 1079 1695 1111 ﬁunt,

917 1128 964 1156 sed
979 1136 1027 1163 per
1043 1129 1154 1163 angelos
1165 1128 1210 1162 qui
1232 1127 1346 1154 formam
1361 1130 1520 1154 sanctorum
1541 1129 1695 1154 aSsumunt.

917 1173 1056 1206 Quomodo
1077 1173 1161 1205 enim,
1183 1172 1226 1199 dic
1251 1172 1328 1204 mihi,
1350 1172 1421 1199 beati
1446 1171 1519 1198 Petri
1546 1172 1588 1198 vel
1619 1171 1695 1198 Pauli

916 1219 1004 1246 anima
1022 1226 1075 1246 una
1091 1219 1176 1254 possit
1190 1219 1283 1246 eodem
1300 1221 1437 1246 momento
1451 1219 1477 1244 in
1493 1218 1623 1245 memoria
1640 1218 1696 1245 sive

915 1268 1092 1292 monumento
1108 1265 1168 1299 ejus
1197 1272 1328 1299 apparere
1358 1264 1386 1291 in
1413 1264 1487 1291 mille
1502 1264 1562 1298 ejus
1588 1264 1696 1299 templis

915 1317 963 1344 per
977 1313 1063 1337 totum
1077 1309 1192 1337 orbem?
1206 1309 1233 1336 id
1248 1310 1319 1336 enim
1335 1317 1385 1337 nec
1397 1317 1469 1336 unus
1485 1309 1597 1344 angelus
1614 1312 1697 1343 queat

916 1365 1035 1392 unquam
1052 1361 1192 1393 praestare.
1210 1357 1300 1385 Solius
1315 1357 1449 1392 siquidem
1465 1357 1511 1384 Dei
1525 1361 1570 1384 est
1588 1356 1696 1384 duobus

915 1402 941 1429 in
956 1402 1023 1429 locis
1038 1406 1065 1428 et
1077 1406 1132 1428 toto
1144 1401 1171 1428 in
1183 1401 1285 1428 mundo
1296 1401 1390 1428 eodem
1405 1405 1543 1428 momento
1559 1401 1693 1436 reperiri:

915 1446 1135 1481 quandoquidem
1160 1450 1187 1474 et
1214 1447 1278 1481 ipsa:
1293 1445 1475 1481 intelligentes
1492 1446 1606 1473 virtutes
1628 1446 1695 1472 deii-

915 1491 990 1518 ciunt
1008 1491 1119 1518 omnino
1143 1498 1158 1517 a
1184 1491 1327 1526 doxologia
1345 1498 1405 1526 quae
1422 1490 1450 1517 in
1477 1491 1554 1518 cmlis
1569 1494 1621 1523 est,
1633 1498 1695 1518 cum

79 1536 205 1571 οὐρανοῖς
221 1536 382 1570 δοξολογίας,
400 1537 480 1572 ἡνίκα
498 1537 521 1563 δ’
538 1537 571 1563 ἂν
595 1537 811 1564 ἀποςτέλλωνται
825 1539 864 1570 είς

925 1545 942 1564 n
958 1537 1139 1564 ministerium
1156 1537 1182 1564 in
1200 1541 1300 1564 terram
1316 1537 1472 1563 mittuntur.

78 1581 218 1608 διακονίαν
234 1582 280 1608 ὲπὶ
294 1583 342 1617 τῆς
358 1582 421 1617 γῆς.

122 1625 218 1660 Ἐρώτ.
238 1627 289 1658 κζ’.
304 1626 334 1652 Τί
357 1625 476 1661 διαφέρει
493 1627 509 1662 ἡ
528 1627 605 1653 οὐσία
620 1627 667 1654 τοῦ
683 1628 798 1662 ἀγγέλου
815 1629 865 1664 τῆς

80 1670 176 1702 οὐσίας
191 1672 240 1706 τῆς
252 1671 340 1706 ψυχῆς
354 1671 401 1698 τοῦ
415 1671 557 1707 ἀνθρώπου
569 1681 576 1705 ;

123 1715 215 1743 ’Δπόκ.
233 1716 313 1752 Τρεῖς
333 1717 426 1747 οὐσίας
443 1717 651 1753 ἀκαταλήπτους
666 1718 740 1754 παρὰ
761 1718 865 1754 ἀνθρώ-

81 1771 143 1794 ποις
156 1762 328 1797 εὺρίσκομεν,
348 1762 379 1794 ἃς
392 1763 478 1794 οὐδεὶς
492 1763 615 1798 οὐδαμῶς
630 1763 690 1790 οὔτε
706 1762 785 1796 εἶδεν,
803 1764 863 1791 οὔτε

83 1808 185 1836 ἰδέσθαι
201 1809 247 1835 ἐπὶ
265 1809 315 1843 γῆς
330 1808 454 1841 δύναται,
473 1809 510 1841 ὡς
525 1810 588 1841 εἰσὶ,
605 1809 675 1844 λέγω
689 1810 720 1846 δὴ
736 1809 802 1837 Θεοῦ
818 1812 864 1838 καὶ

81 1853 205 1888 ἀγγέλων
217 1853 264 1880 καὶ
278 1853 383 1888 ψυχῶν·
399 1854 472 1890 ὅμως
484 1854 677 1890 στοχαζόμεθα,
692 1855 786 1891 ὅτιπερ
802 1856 864 1882 ὅσον

81 1899 204 1934 διαφέρει
230 1899 278 1934 τῆς
305 1899 418 1935 σελήνης
440 1901 454 1926 ὁ
476 1900 566 1936 ἥλιος,
586 1901 711 1927 τοσοῦτον
737 1901 863 1937 ὑπερέχει

81 1945 130 1971 καὶ
149 1945 336 1980 λαμπροφορεϊ
351 1946 406 1981 (55)
425 1947 442 1981 ἡ
460 1945 514 1972 τῶν
527 1945 648 1980 ἀγγέλων
666 1945 743 1973 οὐσία
759 1947 806 1982 τῆς
821 1947 864 1973 0'3-

81 1990 143 2021 σίας
159 1989 214 2016 τῶν
226 1990 318 2025 ψυχῶν
332 1989 491 2026 ἀνθρώπων.

124 2035 220 2071 Ἐρώτ.
233 2039 285 2072 κη’.
303 2036 358 2062 Kal.
376 2035 434 2067 πῶς
456 2037 480 2062 οἱ
497 2036 631 2072 προφῆται
648 2036 785 2070 φαίνονται
800 2037 864 2064 πολ-

81 2081 161 2113 λάκις
177 2082 275 2112 ιδόντες
289 2082 333 2108 τὸν
352 2082 452 2117 Κύριον
465 2082 519 2118 (56)
531 2091 538 2113 ς

123 2126 219 2153 ’Δπόκ.
238 2127 314 2153 Μετὰ
329 2127 432 2158 πάντας
445 2122 506 2158 τοΰς
522 2127 662 2162 προφήτας
679 2128 726 2154 καὶ
743 2127 802 2162 μετ’
816 2128 864 2154 αὐ-

80 2173 131 2208 τὴν
144 2173 194 2207 τὴν
211 2172 368 2206 ἐπιφάνειαν
384 2171 430 2198 τοῦ
446 2172 562 2207 Χριστοῦ
579 2170 654 2198 εἶπεν
667 2172 680 2198 ὁ
698 2171 774 2206 ἅγιος
801 2171 863 2198 ἀπό-

948 1625 1027 1660 223
1046 1625 1156 1658 Quaas'r.
1172 1624 1276 1653 XXVII.
1287 1625 1357 1658 Quid
1371 1624 1461 1653 dilIert
1482 1624 1633 1652 substantia
1649 1632 1694 1653 an-

913 1671 964 1705 geli
979 1671 1012 1698 ab
1026 1671 1143 1698 hominis
1158 1671 1328 1698 substantia?

948 1715 1029 1744 R259.
1042 1716 1109 1744 Tres
1122 1717 1274 1744 invenimus
1291 1716 1457 1744 substantias
1471 1724 1538 1751 quas
1554 1715 1634 1743 homo
1650 1723 1693 1744 ne-

913 1762 972 1797 quit
985 1762 1226 1797 comprehendere.
1248 1769 1382 1797 nemoque
1402 1769 1519 1797 unquam
1541 1762 1616 1793 vidit,
1633 1769 1694 1797 quae

917 1816 967 1836 nec
999 1808 1025 1835 in
1047 1812 1120 1835 terra
1135 1813 1251 1843 possunt
1278 1808 1374 1840 videri,
1392 1812 1421 1835 ut
1445 1811 1508 1835 sunt
1522 1815 1618 1843 nempe
1633 1807 1691 1840 Dei,

913 1853 1072 1888 angelorum
1088 1857 1115 1880 et
1131 1853 1427 1880 animarumJttamen
1444 1853 1605 1888 conjicimus
1620 1853 1692 1888 quod

913 1901 1042 1931 quantum
1065 1897 1155 1924 diﬁ‘ert
1180 1898 1221 1924 sol
1248 1905 1262 1924 a
1291 1897 1365 1931 luna,
1387 1901 1492 1924 tantum
1513 1899 1650 1925 antecellit
1665 1902 1692 1926 et

913 1943 998 1978 magis
1012 1943 1136 1977 splendet
1160 1943 1317 1978 angelorum
1337 1943 1466 1976 essentia,
1485 1950 1566 1977 quam
1588 1944 1692 1971 anima-

912 1996 972 2014 rum
983 1989 1122 2015 hominum
1135 1988 1263 2016 essentia.

953 2033 1063 2066 QII/EST.
1080 2033 1196 2061 XXVIII.
1213 2033 1354 2067 Quomodo
1369 2033 1504 2069 prophetae
1524 2041 1594 2069 sa’pe
1607 2033 1691 2062 Deum

912 2079 1035 2106 videntes
1049 2079 1201 2114 apparent?

947 2123 1027 2152 Risu.
1046 2124 1111 2152 Post
1133 2125 1280 2160 prophetas
1303 2132 1399 2152 omnes
1424 2125 1566 2160 ipsumque
1589 2125 1692 2154 Christi

913 2170 1058 2198 adventum
1071 2169 1141 2197 dixit
1161 2171 1311 2205 apostolus,
1326 2171 1546 2205 evangelislaque
1565 2174 1592 2198 et
1615 2171 1692 2198 theo-

81 2217 175 2248 στολος
192 2216 237 2242 καὶ
256 2217 447 2252 εὐαγγελιστὴς
464 2217 510 2243 καὶ
523 2217 645 2251 θεολόγος
666 2216 800 2252 Ἰωάννης,
822 2217 862 2243 ὅτι

924 2223 990 2251 ogus
1003 2215 1132 2246 Joannes,
1161 2215 1258 2251 quod:
1283 2225 1293 2241 ‹
1320 2215 1404 2242 Deum
1439 2223 1519 2242 nemo
1547 2215 1614 2243 vidit
1640 2223 1692 2243 un—

85 2271 94 2288 ι
115 2262 182 2288 Θεὸν
201 2262 287 2293 οὐδεὶς
303 2261 406 2296 ἑώρακε
420 2261 538 2288 πώποτε.
561 2271 569 2287 ι
594 2262 648 2288 Καὶ
665 2261 707 2287 ἵνα
723 2260 862 2296 πιστώση-

82 2317 127 2335 ται
142 2308 180 2339 ὡς
204 2308 315 2343 φοϐερὸν
341 2308 385 2334 καὶ
401 2307 474 2340 ξένον
488 2308 518 2334 τὸ
534 2308 624 2343 ῥῆμα,
645 2308 784 2342 ἐπήγαγεν
795 2327 801 2339 ,
822 2307 862 2333 ὅτι

86 2353 137 2378 «Ὀ
158 2353 311 2388 Μονογενὴς
333 2354 346 2379 ὁ
370 2353 406 2379 ὣν
429 2354 525 2384 ἐντοῖς
541 2353 652 2384 κόλποις
677 2353 719 2378 τοῦ
746 2352 860 2388 Πατρὸς,

82 2398 184 2428 ἐκεῖνος
195 2397 353 2432 ἐξηγήσατο.
361 2407 370 2423 ι
385 2398 463 2424 Ὅθεν
472 2399 518 2424 καὶ
528 2399 541 2424 ὁ
550 2398 624 2432 ἅγιος
634 2398 779 2429 ἀπόστολος
790 2397 859 2424 Παῦ-

81 2443 128 2474 λός
141 2451 230 2478 φησιν·
243 2453 251 2468 ι
261 2446 307 2469 Ὃν
321 2442 388 2470 εἶδεν
400 2444 485 2475 οὐδεὶς
499 2443 725 2477 ἀνθρώπων,οὕτε
736 2444 798 2469 ἰδεῖν
813 2443 859 2469 δύ-

82 2498 169 2516 ναται.
185 2499 194 2515 ι
211 2490 290 2515 Ὥστε
304 2489 388 2521 οὐδεὶς
405 2489 552 2525 ἀνθρώπων
567 2489 675 2516 δύναται
688 2488 754 2515 Θεοῦ
770 2489 860 2515 οὐσίαν

83 2535 190 2570 γυμνὴν
213 2535 274 2562 [δεῖν
293 2536 408 2570 οὐδαμοῦ
421 2545 428 2551 ·
445 2536 511 2562 ἀλλὰ
521 2556 528 2567 ,
547 2536 615 2571 πρὸς
630 2536 678 2572 τὴν
692 2536 745 2561 τῶν
759 2534 862 2570 ἀνθρὼ-

916 2263 1038 2297 quam".
1058 2271 1067 2288 ›
1085 2262 1162 2295 Quod
1189 2266 1218 2288 ut
1247 2261 1374 2289 credibile
1400 2262 1536 2295 redderet,
1562 2265 1691 2296 tanquam

915 2307 1016 2342 aliquid
1031 2307 1198 2335 tremendum
1214 2311 1241 2334 et
1262 2307 1409 2342 singulare,
1428 2307 1569 2334 addiditu
1589 2307 1690 2342 Unige-

914 2353 987 2380 nitus
1001 2353 1047 2388 qui
1071 2357 1112 2379 est
1141 2353 1169 2379 in
1193 2351 1255 2378 sinu
1277 2351 1375 2385 Patris,
1394 2352 1451 2386 ipse
1477 2352 1614 2379 enarravit
1624 2353 1657 2379 θ’.
1679 2361 1689 2378 ›

914 2397 990 2426 Unde
1007 2403 1034 2426 et
1057 2403 1168 2425 sanctus
1202 2398 1342 2432 apostolus
1377 2396 1477 2424 Paulus
1497 2397 1534 2423 ait
1552 2404 1558 2421 :
1577 2406 1587 2422 ‹
1605 2397 1690 2429 Quem

913 2452 992 2471 nemo
1008 2444 1147 2470 hominum
1162 2443 1229 2470 vidit
1241 2443 1282 2470 vel
1296 2443 1385 2470 videre
1398 2442 1529 2477 potest"'
1545 2452 1552 2469 ε
1572 2451 1581 2468 ι
1599 2442 1692 2477 Itaque

914 2490 1005 2517 nullus
1030 2489 1111 2516 homo
1134 2489 1235 2516 nudam
1251 2488 1297 2516 Dei
1312 2488 1459 2516 essentiam
1473 2488 1560 2522 potuit
1576 2496 1690 2522 usquam

914 2537 1017 2568 videre,
1035 2535 1083 2562 sed
1105 2543 1166 2563 sese
1183 2535 1254 2562 Deus
1283 2534 1317 2561 ad
1341 2534 1524 2561 inﬁrmitatem
1551 2533 1690 2560 hominum

119 2611 141 2627 ⁹¹
161 2611 233 2638 Psal.
249 2619 304 2643 cu,
324 2612 372 2644 I5,
390 2612 432 2639 I6.
469 2613 492 2629 θ’
507 2611 585 2640 Joan.
605 2621 629 2645 ι,
648 2613 690 2639 I8.
728 2613 750 2628 ’³³
763 2613 828 2640 ibid.

924 2612 928 2638 l
944 2611 1013 2639 Tim.
1031 2611 1134 2643 v1,I6.

116 2688 173 2725 (ξς)
192 2688 306 2725 Quidam
319 2697 383 2725 mss.
399 2690 427 2715 ai
441 2690 498 2716 ἐκεῖ
514 2689 706 2725 προλαϐοῦσαι.

116 2723 239 2760 (ᾷΞλΗιξ
256 2723 348 2760 adjicit
370 2724 454 2750 Palat.
479 2725 506 2750 “2.
529 2723 656 2760 Γνωρὶζει
678 2725 731 2760 γὰρ
754 2725 858 2751 ἅπαντα

84 2757 153 2797 μετὰ
175 2757 294 2784 Θανάτου
306 2759 352 2797 καὶ
375 2761 452 2797 ὲν-τῇ
467 2760 558 2797 ᾑμέρᾳ
575 2757 763 2797 τ’ᾕςνκρίοξιυς.
781 2760 859 2793 Qum-

82 2793 186 2819 stiones
203 2800 283 2826 porro
299 2793 333 2820 26
353 2798 379 2820 et
393 2794 426 2820 27
448 2793 550 2821 ausum
563 2802 578 2820 ιι
592 2793 678 2821 Palat.
699 2795 725 2825 Ξ,
743 2799 768 2822 et
783 2804 797 2822 a
812 2804 857 2822 vc-

83 2828 188 2854 Lerihus
203 2828 283 2854 editis
297 2827 409 2856 Latinis.

121 2862 176 2896 (55)
197 2861 241 2889 Sic
254 2862 319 2898 Reg.
337 2864 362 2895 I,
375 2863 400 2890 5.
417 2863 445 2890 In
461 2864 549 2896 editis,
564 2864 630 2892 ἀλλά
649 2864 735 2892 deest.

951 2690 1005 2723 (54)
1024 2690 1060 2716 Ita
1077 2689 1094 2715 2
1108 2697 1173 2716 mss.
1200 2688 1271 2715 Editi
1287 2709 1294 2720 .
1319 2688 1566 2723 ἀπολαμϐάνονται.
1588 2687 1690 2715 Ibidem

912 2724 978 2758 Reg.
996 2725 1020 2754 I,
1038 2726 1097 2756 ταῖς
1111 2725 1139 2750 ἐν
1153 2724 1274 2760 οὐρανοῖς
1284 2724 1457 2758 δοξο).ογίαις.

947 2760 1001 2793 (53)
1018 2759 1102 2794 Palat.
1121 2760 1145 2790 1,
1158 2759 1348 2794 λαμπροτερεῖ.

947 2795 1002 2827 (56)
1019 2793 1101 2820 Palat.
1118 2793 1144 2825 2,
1162 2794 1206 2820 τὸν
1220 2794 1294 2820 Θεόν.

944 2828 1112 2861 Qumstiones
1123 2833 1212 2856 autem
1224 2829 1268 2859 ‘29,
1281 2829 1325 2860 50',
1338 2828 1382 2860 5|,
1395 2828 1438 2860 52,
1451 2829 1486 2855 55
1495 2831 1521 2855 et
1531 2828 1574 2861 54,
1590 2827 1690 2857 absunt

909 2872 924 2891 a
937 2863 1022 2891 Palat.
1042 2864 1069 2897 ‘2,
1081 2869 1106 2892 et
1121 2872 1137 2892 a
1152 2864 1288 2892 veteribus
1302 2865 1381 2892 editis
1397 2864 1511 2892 Latinis.
