1924 3059
78 119 128 147 617

548 117 778 152 QUAEST‘IONES
797 117 1057 152 ADIANTIOCHUM
1078 119 1203 148 DUCEM.

1641 122 1694 150 818

116 178 212 214 Ἐρώτ.
226 178 278 213 λγν.
288 179 319 204 τί
329 179 358 205 δὲ
383 179 430 205 νῦν
445 178 498 214 ἄρα
513 178 543 204 τὸ
557 178 637 214 ἔργον
651 179 709 205 ἐκεῖ
726 176 780 204 τῶν
795 185 856 215 τυρο-

945 177 1027 214 m
1053 178 1163 210 Qunsr.
1189 177 1307 205 XXXIII.
1337 178 1407 212 Quid
1431 187 1503 206 nunc
1530 179 1613 214 igitur
1637 179 1694 207 illic

77 224 194 252 απελθου
199 224 253 251 σῶν
265 224 359 260 ψυχῶν
371 233 378 257 ;

118 271 212 297 Ἀπόκ.
229 271 309 306 Ψυχὴ
329 271 454 306 σώματος
469 270 665 306 ἀπηλλαγμένη
681 270 742 298 οὔτε
761 271 862 305 ἀγαθόν

76 326 102 344 τι
113 316 174 344 οὔτε
189 318 306 353 πονηρὸν
319 317 521 353 διαπράξασθαι
537 317 658 344 δύναται.
670 318 702 344 Ai
715 317 769 354 γὰρ
779 318 864 344 ὀπτα-

77 363 133 390 σίαι
144 383 152 395 ,
167 363 200 394 ἃς
217 362 344 398 βλέπουσί
359 362 414 398 (45)
431 371 503 395 τινες
515 363 646 398 περὶτῶν
663 364 768 395 ἐκεῖσε,
790 364 862 390 οἰκο-

77 407 195 444 νομικῶς
224 409 238 435 ὁ
255 408 323 440 Θεὸς
349 409 451 440 ταύτας
477 408 594 435 δείκνυσι
623 409 691 445 πρὸς
716 409 859 444 ὠφέλειαν.

77 454 182 489 Ὥσπερ
197 452 251 488 γὰρ
267 454 283 489 ἡ
299 453 379 489 λύρα,
395 453 443 480 ἐὰν
459 453 497 489 μὴ
510 453 558 489 ἔχῃ
571 454 616 480 τὸν
631 454 773 489 κρούοντα,
788 454 860 491 ἀργὴ

74 499 170 534 ὁρᾶται
182 498 230 524 καὶ
241 499 380 534 ἄπρακτος
390 507 397 514 ·
411 498 481 526 οὕτω
491 499 537 526 καὶ
551 500 568 535 ἡ
579 499 652 535 ψυχὴ
667 500 713 527 καὶ
727 500 757 526 τὸ
769 500 859 535 σῶμα,

74 544 103 577 ἐξ
119 544 241 579 ἀλλήλων
259 544 426 580 χωρισθέντα
437 564 445 576 ,
466 545 541 572 οὐδὲν
557 545 702 581 ἐνεργῆσαι
722 545 858 581 δύνανται.

72 590 106 616 Αἱ
121 590 186 624 γοῦν
199 590 253 616 τῶν
268 591 352 624 ἁγίων
365 590 466 626 ψυχαὶ,
480 591 532 617 ὑπὸ
545 590 591 617 τοῦ
611 591 688 626 ἁγίου
703 591 860 627 Πνεύματος

73 629 278 672 ἐνεργούμεναι,
297 636 366 672 μετὰ
380 636 503 671 ἀγγέλων
525 637 554 663 ὲν
574 636 651 672 χώρᾳ
674 637 781 670 ζώντων
793 638 858 665 Θεὸν

73 682 189 718 ὑμνοῦσι
204 683 252 709 καὶ
263 682 436 717 ἀγάλλονται.

114 728 210 764 Ἑρώτ.
225 728 273 755 λδ¹.
289 728 321 754 Τί
333 726 380 754 οὖν
393 736 400 761 ;
414 728 463 755 οὐκ
477 728 650 756 αἰσθάνονται
664 737 736 761 τινος
751 730 859 765 εὐεργε-

73 772 134 804 σίας
148 773 195 799 καὶ
209 774 238 800 αἱ
252 773 306 800 τῶν
319 773 488 809 ἁμαρτωλῶν
504 774 605 810 ψυχαὶ,
625 775 773 810 γινομένων
789 776 858 812 ὑπὲρ

72 818 162 845 αὐτῶν
175 818 310 852 συνάξεων
325 819 371 846 καὶ
386 819 502 846 simoqu
517 821 564 847 καὶ
576 821 756 857 προσφορῶν,

114 865 206 891 Ἀπόκ.
218 865 249 891 Εἰ
261 865 298 900 μή
308 874 380 897 τινες
394 866 552 902 εὐεργεσίας
567 868 689 902 μετεῖχον
705 868 737 894 ὲκ
750 867 855 901 τούτου,

69 911 122 937 οὐκ
135 910 167 937 ἂν
180 911 209 936 ὲν
223 912 256 946 τῇ
268 912 435 948 προσκομιδῇ
445 912 668 948 ὲμνημονεύοντο.
686 913 754 940 Ἀλλ’
765 913 858 950 ὥσπερ

68 958 163 992 ὅτανὴ
185 956 305 992 ἄμπελος
328 958 404 985 ἀνθεῖ
420 958 471 992 ἔξω
485 960 514 985 ὲν
528 958 567 994 τῷ
588 958 666 993 ἀγρῷ
677 978 685 991 ,
703 959 858 986 αίσθάνεται

68 1003 99 1028 δὲ
115 1003 165 1039 τῆς
186 1003 274 1038 ὀσμῆς
294 1003 378 1038 αὐτῆς
403 1005 417 1031 ὁ
441 1004 686 1039 ἁποκεκλοισμένος
709 1002 798 1037 οἶνος,
812 1005 858 1031 καὶ

71 1049 199 1075 συνανθεῖ
219 1049 266 1076 καὶ
287 1049 384 1081 αὑτός·
401 1049 472 1076 οὕτω
484 1049 537 1076 νόει
553 1051 600 1077 καὶ
620 1050 670 1082 τὰς
685 1050 739 1077 τῶν
765 1051 857 1086 ἁμαρ-

68 1094 164 1120 τωλῶν
179 1094 267 1130 ψυχὰς
285 1094 406 1130 μετέχειν
421 1096 580 1131 εὐεργεσίας
591 1096 662 1128 τινὸς
677 1097 708 1122 ὲκ
723 1097 772 1132 τῆς
787 1097 856 1132 ὑπὲρ

69 1140 160 1166 αὐτῶν
182 1141 330 1176 γενομένης
351 1142 520 1176 ἀναιμάκτου
542 1142 637 1174 θυσίας
657 1143 703 1169 καὶ
722 1143 854 1176 εὐποιίας,

68 1186 108 1217 ὡς
124 1186 203 1221 μόνος
215 1187 357 1214 ἐπίσταται
373 1189 419 1215 καὶ
430 1188 535 1215 κελεύει
548 1190 562 1215 ό
577 1188 684 1221 ζώντων
695 1189 742 1216 καὶ
751 1190 856 1225 νεκρῶν

68 1231 247 1268 ὲξουσιαστὴς
262 1234 308 1260 καὶ
322 1233 388 1266 Θεὸς
402 1234 490 1270 ἡμῶν.

111 1278 208 1314 Ἐρώτ.
226 1279 271 1306 λε’.
284 1278 356 1316 *Αρα
375 1280 487 1308 δυνατὸν
508 1280 626 1315 γνῶναι,
643 1280 714 1313 τίνος
729 1282 808 1317 χάριν
825 1282 855 1309 οὐ

69 1323 259 1359 συνεχώρησεν
274 1325 289 1351 ὀ
303 1324 369 1356 Θεὸς
385 1325 473 1360 ψυχήν
485 1334 557 1357 τινος
579 1326 633 1352 τῶν
655 1327 713 1353 ἐκεῖ
727 1327 856 1354 ἀπελθόν-

67 1379 125 1397 των
147 1371 302 1397 ἐπανελθεῖν
323 1371 391 1407 πρὸς
413 1373 485 1408 ἡμᾶς
497 1392 504 1404 ,
520 1373 566 1400 καὶ
584 1373 782 1409 διηγήσασθαι,
798 1374 856 1406 πῶς

67 1416 125 1442 εἱσι
139 1416 174 1442 τὰ
187 1417 339 1452 πράγματα
353 1419 382 1445 ὲν
395 1418 434 1453 τῷ
447 1418 498 1455 ᾄδῃ
514 1418 581 1455 (Η),
603 1420 650 1446 καὶ
663 1419 705 1452 τίς
719 1420 735 1455 ἡ
748 1420 854 1456 ἀνάγκη

69 1461 86 1495 ἠ
101 1461 162 1487 ἐκεῖ
187 1461 346 1497 ὑπάρχουσα
356 1471 364 1496 ;

913 228 996 258 agunt
1016 225 1113 251 anima:
1125 233 1185 259 quae
1198 225 1253 259 jam
1273 225 1468 252 decesserunt?

947 269 1027 298 Esse.
1040 270 1136 297 Anima
1158 278 1273 304 corpore
1300 271 1413 298 liberata
1435 279 1486 298 nec
1513 271 1615 298 bonum
1642 278 1693 298 nec

911 316 1012 342 malum
1028 320 1119 351 potest
1133 316 1250 344 efﬁcere;
1279 316 1346 344 Nam
1373 317 1493 345 visiones
1503 325 1572 352 quas
1585 317 1619 346 de
1638 317 1692 346 illis

911 361 1021 396 quidam
1032 365 1158 393 cernunt.
1173 361 1246 390 Deus
1260 362 1293 389 ad
1307 366 1431 390 nostrum
1446 363 1618 390 commodum
1634 363 1692 391 dis-

910 411 1015 442 pensat.
1033 407 1265 440 Quemadmodum
1281 408 1354 436 enim
1374 408 1444 443 lyra,
1465 409 1518 436 nisi
1537 410 1691 444 pulsantem

910 453 1028 488 aliquem
1058 457 1140 480 nacta
1171 453 1263 485 fuerit,
1292 461 1363 481 vana
1388 458 1415 481 et
1434 455 1538 483 inutilis
1559 455 1689 483 videtur:

909 499 950 527 sic
962 500 1053 526 anima
1081 504 1108 526 et
1127 506 1227 534 corpus
1255 503 1317 534 post
1343 504 1465 527 mutuam
1491 502 1690 536 separationem

910 545 977 572 nihil
995 549 1110 580 possunt
1135 553 1225 580 agere.
1254 545 1347 580 Itaque
1370 551 1529 573 sanctorum
1560 547 1657 574 animae
1675 555 1690 574 a

910 595 1007 618 sancto
1022 590 1126 626 Spiritu
1143 592 1260 626 agitatm.
1277 599 1340 618 cum
1359 592 1462 626 angelis
1483 592 1510 619 in
1526 593 1635 629 regione
1649 593 1690 621 vi-

909 635 1030 664 ventium
1044 636 1129 663 Deum
1143 636 1252 671 hymnis
1268 636 1380 663 laudant
1394 640 1421 663 et
1433 637 1579 664 exsultant.

942 722 1051 755 QUSEST.
1070 721 1187 750 XXXlV.
1201 721 1271 756 Quid
1285 722 1519 759 ergo?Nullumne
1528 723 1689 751 beneﬁcium

907 768 1062 803 percipiunt
1073 773 1247 804 peccatorum
1270 769 1376 801 animae,
1392 776 1454 796 cum
1477 776 1526 804 pro
1542 769 1608 805 ipsis
1621 770 1690 797 liunt

908 822 1035 851 synaxes.
1050 815 1235 842 beneﬁcentiae
1252 819 1279 842 et
1292 815 1475 842 oblationes?-

944 860 1024 888 Rssr.
1042 860 1100 888 Nisi
1110 861 1173 888 inde
1194 861 1312 896 alicujus
1329 861 1475 896 participes
1489 866 1581 890 essent
1607 863 1690 890 bette-

909 907 974 940 ﬁcii,
989 915 1042 934 non
1058 914 1152 934 eorum
1164 908 1266 934 mentio
1285 907 1361 936 ﬁeret
1375 908 1402 934 in
1424 908 1570 936 oblatione.
1587 908 1688 936 Verum

908 953 1136 988 quemadmodum
1151 954 1205 981 vile
1224 953 1292 982 foris
1312 954 1340 981 in
1361 962 1426 990 αδτο
1440 955 1611 987 ﬂorescenle,
1628 956 1689 990 ejus

908 998 1024 1033 percipit
1038 998 1150 1026 odorem
1164 999 1258 1026 vinum
1280 1000 1453 1032 conclusum.
1466 1001 1602 1036 simulque
1611 1001 1688 1029 elllo-

907 1045 990 1072 rescit
1008 1053 1014 1070 :
1030 1045 1070 1072 sic
1097 1044 1219 1080 intelligo
1241 1050 1416 1080 peCcatorum
1442 1047 1548 1074 animas
1571 1048 1688 1082 alicujus

907 1090 1053 1125 participes
1081 1098 1142 1118 esse
1174 1091 1310 1123 beneﬁcii,
1326 1099 1359 1119 ex
1385 1093 1530 1120 incruento
1552 1094 1688 1121 sacriﬁcio

907 1142 934 1165 et
949 1137 1124 1165 beneﬁcentia
1142 1145 1190 1173 pro
1206 1138 1272 1173 ipsis
1287 1137 1369 1169 facta,
1387 1142 1416 1165 ut
1426 1139 1501 1166 solus
1515 1139 1590 1166 n0vit
1606 1143 1633 1167 et
1641 1139 1688 1174 ju-

907 1183 951 1210 bet
976 1183 1099 1210 vivorum
1121 1187 1148 1211 et
1170 1188 1340 1212 mortuorum
1361 1184 1525 1219 dominator,
1543 1184 1614 1212 Deus
1638 1193 1688 1212 no-

907 1233 973 1257 Slﬂ‘.

941 1275 1051 1308 Qozsr.
1067 1275 1175 1303 XXXV.
1195 1275 1265 1303 Num
1280 1276 1362 1312 igitur
1374 1277 1462 1312 possit
1478 1277 1543 1304 sciri
1558 1285 1639 1312 quam
1653 1277 1688 1304 ob

906 1329 1017 1349 causam
1030 1329 1084 1349 non
1099 1322 1223 1357 permisit
1236 1322 1306 1350 Deus
1317 1323 1436 1350 animam
1448 1323 1565 1358 alicujus
1581 1330 1686 1354 eorum.

906 1369 953 1404 qui
975 1369 1039 1396 illuc
1064 1369 1263 1401 discesserunt,
1291 1369 1380 1397 redire
1408 1369 1442 1396 ad
1474 1377 1535 1401 nos,
1553 1369 1688 1405 nobisque

906 1423 1034 1443 enarrare
1047 1416 1185 1450 quomodo
1215 1423 1244 1444 se
1271 1423 1315 1444 res
1342 1416 1458 1443 habeant
1480 1416 1552 1452 apud
1572 1408 1685 1448 inferos.

906 1469 999 1497 quaeve
1013 1462 1049 1489 sit
1059 1462 1096 1489 ibi
1110 1462 1258 1496 angustia?

111 1508 206 1535 Ἀπόκ.
219 1508 306 1545 Πολλὴ
318 1509 440 1537 ἐντεῦθεν
450 1510 537 1546 πλάνη
554 1511 584 1537 ὲν
598 1511 638 1546 τῷ
654 1510 704 1547 βίῳ
714 1511 854 1539 τίκτεσθαι

942 1506 1024 1535 Resr.
1041 1506 1141 1535 Multus
1163 1507 1226 1534 inde
1239 1514 1316 1534 error
1335 1507 1363 1534 in
1385 1507 1438 1533 vita
1457 1507 1585 1534 oriretur.
1604 1505 1686 1533 Nam-

68 1552 177 1586 ἔμελλε.
203 1552 298 1579 Πολλοὶ
321 1553 375 1589 γὰρ
390 1555 443 1581 τῶν
462 1555 594 1590 δαιμόνων
617 1557 646 1582 εν
661 1557 794 1592 σχήμασιν
811 1558 857 1584 ἀν-

67 1597 189 1633 θρώπων
205 1598 258 1625 τῶν
274 1600 457 1635 κοιμηθέντων
473 1599 545 1636 εἶχον
562 1602 854 1637 μετασχηματίζεσθαι,

67 1644 118 1670 καὶ
142 1644 252 1679 ἔμελλον
279 1645 312 1671 ὲκ
332 1646 435 1681 νεκρῶν
459 1646 607 1682 ὲγηγέρθαι
635 1648 732 1679 αὐτοὺς
756 1648 855 1682 λέγειν,

67 1690 119 1716 καὶ
141 1690 227 1717 πολλὰ
247 1690 332 1726 ψευδῆ
354 1691 505 1726 πράγματα
521 1693 568 1718 καὶ
583 1691 704 1727 δόγματα
721 1693 786 1727 περὶ
802 1693 856 1719 τῶν

66 1736 129 1762 ἐκεῖ
141 1733 214 1771 εῐχον
236 1736 302 1770 ἡμῖν
320 1736 534 1772 ἐγκατασπεῖραι
550 1737 618 1773 πρὸς
632 1737 680 1772 τὴν
695 1737 774 1773 ήμῶν
789 1737 856 1765 πλά-

65 1790 119 1817 νην
134 1782 181 1808 καὶ
195 1780 341 1808 ἀπώλειαν.

105 1827 274 1862 (ι5)Ἑρώτ.
301 1827 356 1860 λς’.
383 1827 479 1855 Πολλοὶ
505 1827 630 1862 λέγουσιν
659 1829 700 1855 ὅτι
723 1829 853 1865 συνέφερε

64 1872 107 1907 τῷ
131 1872 267 1909 ἀνθρώπῳ
291 1873 488 1909 προγινώσκειν
510 1873 558 1910 τὴν
579 1874 687 1910 ἡμέραν
705 1875 754 1910 τῆς
773 1875 855 1902 αὑτοῦ

65 1917 208 1952 τελευτῆς.

111 1964 208 1990 Ἀπόκ.
223 1963 286 1990 Ἐὰν
307 1963 396 1990 πάντα
412 1963 480 1998 πρὸς
500 1963 530 1990 τὺ
549 1964 685 2000 συμφέρον
705 1965 720 1991 ό
739 1964 804 1996 Θεὸς
826 1965 856 1992 ὲν

66 2009 152 2045 σοφίᾳ
164 2009 299 2045 ἐποίησεν,
311 2010 371 2037 οὐδὲ
384 2010 462 2036 τοῦτο
470 2010 596 2042 ἀσκόπως
606 2011 672 2045 ὴμίν
686 2010 853 2046 ἀπέκρυψεν.

66 2056 99 2081 Εἰ
116 2055 172 2090 γὰρ
190 2055 389 2090 προεγίνωσκεν
410 2056 424 2082 ὁ
448 2055 591 2092 ἄνθρωπος
611 2055 659 2091 τὴν
679 2055 784 2092 ἡμέραν
806 2056 856 2091 τῆς

66 2099 167 2127 ἑαυτοῦ
182 2101 320 2136 τελευτῆς,
333 2101 393 2128 ὅλον
408 2101 453 2127 τὸν
467 2100 522 2136 βίον
540 2101 621 2128 αὑτοῦ
643 2100 754 2137 ἔμελλεν
770 2101 856 2134 ἀδεῶς

65 2146 277 2182 ἐξαμαρτάνειν,
291 2146 337 2172 καὶ
351 2146 404 2181 πρὸ
415 2145 461 2172 δύο
474 2145 601 2178 πολλάκις
617 2146 633 2182 ἢ
646 2146 728 2182 τριῶν
743 2147 855 2183 ἡμερῶν

905 1561 959 1589 que
972 1553 1051 1580 multi
1065 1554 1201 1581 daemones
1225 1557 1337 1588 possent
1354 1558 1523 1580 mortuorum
1546 1553 1684 1580 hominum

907 1600 1008 1627 formas
1025 1606 1174 1630 assumere.
1187 1607 1270 1634 seque
1285 1607 1318 1626 ex
1333 1599 1449 1626 mortuis
1464 1599 1598 1626 excitatos
1609 1606 1686 1627 asse-

906 1654 1010 1679 verare,
1025 1646 1148 1680 falsaque
1164 1645 1250 1673 multa
1267 1645 1393 1680 dogmata
1407 1649 1434 1672 et
1450 1653 1494 1673 res
1519 1645 1553 1672 de
1570 1645 1612 1672 bis
1626 1652 1687 1680 quae

907 1691 941 1718 ibi
960 1691 1037 1722 ﬁunt.
1053 1690 1132 1718 nobis
1149 1697 1286 1725 spargere,
1300 1698 1360 1725 qua:
1381 1691 1491 1718 errandi
1510 1694 1537 1718 et
1554 1690 1684 1725 pereundi

906 1738 985 1766 nobis
996 1745 1079 1766 causa
1098 1737 1187 1765 forent

941 1827 1052 1861 Οωεετ.
1070 1826 1190 1855 XXXVI.
1207 1827 1282 1854 Multi
1298 1827 1393 1854 dicunt
1408 1827 1475 1855 utile
1500 1827 1603 1854 homini
1625 1833 1687 1854 esse

907 1882 1043 1910 prmnosse
1056 1873 1127 1902 diem
1141 1874 1184 1901 sui
1201 1873 1301 1901 obitus.

941 1963 1022 1990 Rssr.
1042 1962 1071 1990 Si
1095 1962 1165 1990 Deus
1182 1961 1273 1989 omnia
1296 1962 1323 1988 in
1342 1961 1475 1996 sapientia
1504 1960 1538 1988 ad
1560 1964 1684 1988 nostrum

906 2009 1078 2036 commodum
1104 2009 1178 2039 fecit,
1197 2012 1272 2035 certe
1298 2015 1386 2042 neque
1413 2007 1516 2041 absque
1535 2007 1639 2034 ratione
1659 2006 1686 2032 id

907 2054 986 2081 nobis
999 2054 1155 2081 occultavit.
1167 2053 1235 2080 Nam
1256 2053 1279 2080 si
1308 2053 1389 2080 homo
1414 2052 1486 2079 diem
1513 2059 1570 2079 suae
1591 2052 1686 2079 mortis

907 2103 1066 2132 ριέεηοεδει.
1087 2106 1184 2126 secure
1211 2106 1260 2133 per
1278 2101 1362 2125 totam
1382 2097 1465 2124 vitam
1485 2101 1619 2131 peccaret.
1633 2106 1684 2123 sae-

907 2145 1021 2178 piusque
1037 2144 1143 2171 duobus
1154 2143 1196 2170 vel
1209 2143 1297 2170 tribus
1314 2146 1376 2170 ante
1390 2146 1505 2170 mortem
1520 2141 1617 2168 diebus
1628 2148 1686 2175 pa:-

65 2194 118 2227 τῆς
132 2191 229 2218 ἑαυτοῦ
247 2192 372 2227 τελευτῆς
392 2192 528 2219 ἐπιδοῦναι
544 2193 625 2219 αὐτὸν
643 2194 684 2225 είς
700 2193 853 2228 μετάνοιαν,

914 2190 1047 2217 ιίιεηιίαιη
1058 2190 1277 2224 amplecteretur,
1292 2191 1402 2224 propter
1417 2187 1475 2215 hmo
1487 2187 1535 2214 Dei
1550 2187 1629 2214 verba
1639 2195 1686 2221 per

66 2239 189 2270 ἀκούσας
209 2239 256 2265 τοῦ
276 2238 343 2265 Θεοῦ
366 2239 409 2265 διὰ
433 2239 478 2266 τοῦ
498 2241 636 2276 προφήτου
660 2240 799 2272 εἰπόντος,
814 2241 855 2268 ὅτι

69 2293 79 2309 I
99 2284 147 2310 Ἐν
168 2281 190 2317 ᾧ
212 2284 285 2320 εὕρω
309 2292 356 2315 σε,
374 2285 402 2311 ὲν
425 2284 520 2320 ἐκείνῳ
539 2285 586 2311 καὶ
609 2285 694 2320 κρινῶ
719 2294 759 2313 σε.
776 2296 785 2312 ι
801 2287 855 2312 Καὶ

66 2330 134 2356 ποία
146 2330 249 2362 λοιπὸν,
265 2331 325 2357 είπέ
342 2339 396 2366 μοι,
407 2331 496 2367 χάρις,
508 2332 551 2358 ἵνα
566 2332 662 2358 ἑκατὸν
683 2333 779 2366 φόνους
796 2341 856 2359 ποι-

66 2377 139 2412 ήσῃς
161 2376 337 2411 καταφρονῶν
356 2376 403 2403 τοῦ
422 2377 506 2409 Θεοῦ,
529 2378 575 2404 καὶ
591 2377 638 2404 δύο
655 2378 761 2414 ἡμέρας
777 2378 855 2413 μόνον

65 2421 123 2447 τῶν
139 2421 231 2447 κακῶν
246 2422 384 2458 ὴσυχὰσῃς
395 2430 403 2454 ;

110 2467 208 2503 Ἐρώτ.
231 2467 279 2499 λζ’.
311 2468 388 2500 Τίνος
411 2469 491 2504 χάριν
509 2469 534 2496 οἱ
559 2469 716 2504 Χριστιανοὶ
733 2478 853 2505 προσκυ-

65 2512 169 2548 νοῦμεν
185 2513 256 2540 κατὰ
277 2513 418 2546 ἀνατολὰς,
435 2515 482 2540 καὶ
503 2513 529 2540 τί
544 2514 643 2549 δήποτε
661 2514 716 2550 (46)
740 2515 765 2541 oi
787 2516 852 2542 Ἰου-

65 2560 137 2586 δαῖοι
153 2559 226 2586 κατὰ
239 2559 314 2586 νότον
325 2568 333 2593 ;

103 2605 200 2632 Ἀπόκ.
214 2606 251 2632 Οὐ
272 2606 321 2641 μία
334 2606 414 2642 ὁμοία
428 2608 445 2641 ή
460 2607 524 2641 περὶ
537 2607 633 2634 τούτου
651 2606 786 2640 ἀπόδειξις
803 2608 851 2634 καὶ

65 2651 224 2686 ἀπόκρισις.
248 2651 364 2687 Ἑτέρως
378 2651 432 2687 γὰρ
441 2651 580 2684 Ἰουδαίοις
594 2652 788 2688 ἀπολογητέον,
805 2654 852 2680 καὶ

176 2729 217 2772 ita
231 2729 341 2764 quidam
360 2737 425 2772 mss:
445 2729 516 2772 iiditi
532 2737 606 2772 ygro,
622 2729 814 2772 εις-βλέπομεν.

103 2765 160 2801 (ἄψ)
176 2764 233 2801 Duo
247 2765 435 2801 manuscripti,
446 2764 612 2801 ἐπαναλῦσαι
622 2766 691 2801 πρὸς
707 2764 791 2801 ἡμᾶς,
805 2765 852 2792 καὶ

65 2799 247 2836 διηγήσασθαι
262 2799 329 2834 πρὸς
339 2799 472 2836 ώφέλειαν
483 2799 571 2836 ἡμῶν.

101 2819 597 2872 iisiis}?digitib'iéééi'ni‘ﬁiét.
613 2835 631 2862 2

228 2881 362 2911 Ρλτιιοι..
375 2880 433 2912 Gtt.
450 2881 595 2912 XXi'lll.

906 2236 1064 2272 prophetam
1075 2236 1173 2263 aientis
1191 2245 1198 2262 :
1221 2244 1230 2261 ε
1245 2234 1273 2262 ln
1286 2242 1340 2270 quo
1351 2238 1378 2262 te
1394 2235 1531 2265 invenero,
1549 2233 1576 2260 in
1593 2233 1644 2260 hoc
1660 2236 1686 2258 te

903 2284 1042 2319 judicabo.
1061 2293 1071 2310 ι
1092 2283 1201 2310 Etvcro
1222 2291 1282 2317 quae
1300 2283 1367 2317 jam.
1392 2289 1495 2316 quaeso,
1514 2280 1615 2308 homini
1639 2287 1686 2307 su—

907 2333 1029 2364 peresset
1050 2329 1147 2364 gratia.
1163 2330 1186 2356 si
1208 2332 1362 2362 contempto
1391 2327 1445 2354 Deo
1463 2330 1572 2353 centum
1590 2332 1686 2360 perpe-

906 2379 995 2402 trares
1010 2373 1166 2406 homicidia,
1180 2373 1304 2408 duosque
1315 2376 1421 2399 tantum
1443 2379 1490 2401 per
1504 2371 1562 2398 dies
1577 2378 1591 2397 a
1606 2370 1686 2396 malis

907 2428 1029 2448 cessares
1036 2421 1047 2447 ?

943 2468 1053 2501 QUEST.
1068 2466 1199 2494 XXXV“.
1210 2466 1295 2500 Cujus
1307 2465 1393 2500 gratia
1407 2471 1455 2490 nos
1465 2462 1610 2490 Christiani
1626 2468 1685 2488 ver-

907 2521 954 2541 sus
985 2513 1117 2540 orientem
1147 2512 1303 2543 adoramus,
1327 2514 1354 2537 et
1391 2508 1476 2536 Judzei
1507 2514 1686 2535 versus.au-

908 2565 993 2588 strum
1004 2559 1016 2585 2

943 2607 1024 2634 Rssr.
1043 2605 1101 2633 Non
1116 2604 1210 2632 eadem
1223 2602 1354 2630 similisve
1373 2601 1423 2628 hac
1438 2600 1471 2628 de
1492 2607 1521 2627 re
1537 2599 1626 2627 danda
1645 2602 1688 2626 est

906 2652 1030 2688 probatio
1047 2656 1073 2678 et
1090 2649 1241 2684 responsio.
1268 2647 1353 2675 Aliter
1369 2646 1441 2674 enim
1458 2651 1500 2674 est
1516 2645 1688 2673 satisfacient-

943 2729 998 2764 (46)
1016 2729 1061 2756 Sic
1087 2735 1104 2756 4
1120 2737 1177 2756 mss
1191 2763 1196 2764 γ
1209 2728 1236 2756 1η
1254 2728 1334 2756 editis
1350 2736 1424 2764 vero.
1442 2727 1468 2754 τί
1482 2728 1581 2763 δήποτε
1599 2729 1686 2753 deest.

906 2764 968 2792 Mox
980 2763 1056 2797 editi,
1071 2765 1108 2792 υὺ
1126 2765 1175 2800 μία
1188 2763 1228 2798 δέ,
1245 2764 1292 2792 sed
1302 2764 1329 2791 δέ
1344 2763 1419 2791 deest
1435 2763 1463 2790 in
1477 2764 1595 2790 maxima
1610 2767 1687 2797 parte

906 2807 972 2828 mss.

1513 2878 1551 2909 ‘20
