1924 3059
110 99 156 128 52!
598 107 830 141 QIIESTIONES
848 109 894 136 AD
910 110 1114 141 ANTIOCHUM
1131 114 1268 144 DUCEM."

1674 126 1727 153 622

108 159 210 194 ῒλόγων
221 160 315 189 θυσίαν
327 163 386 198 Θεῷ
392 168 573 200 προσαγαγεῖν
582 168 747 202 νομίζοντες,
760 170 808 206 τὴν
818 171 866 198 ἀνα

920 175 971 205 iet
991 173 1161 203 irrationalia
1179 177 1309 205 animalia
1328 178 1384 207 Deo
1399 188 1428 208 se
1443 182 1608 211 sacriﬁcium
1628 185 1726 216 oﬁ‘erre

106 213 210 239 μακτον
226 207 320 234 Θυσίαν
337 209 451 245 Χριστοῦ
467 211 648 247 ἀνατρέπουσι
664 215 711 241 καὶ
736 215 892 250 βδελύσσον-

105 259 166 277 ταν
187 252 259 279 οὕτω
273 254 372 287 πάντες
392 257 415 282 οἱ
435 256 485 292 τὴν
499 257 589 292 σάρκα
603 261 826 296 περιτεμνόμενοι
844 262 893 298 τὴν

103 298 289 334 πνευματικὴν
310 300 470 335 περιτομὴν,
486 302 570 336 ἧγουν
587 303 617 329 τὸ
638 304 715 338 ἅγιον
741 305 890 342 βάπτισμα,

104 341 255 378 λοιδοροῦσι
287 345 334 371 καὶ
366 345 600 382 ἀποστρέφωνται·
638 350 685 376 καὶ
719 351 798 379 πάλιν
827 341 892 380 ἄλλο

100 388 202 423 ὅμοιον.
219 390 276 416 Οὐκ
288 390 318 417 ἐν
334 390 373 426 τῷ
389 392 462 428 νόμῳ
475 394 489 419 ό
499 394 615 429 Χριστὸς
631 396 676 423 τὸν
689 397 811 426 διάϐολον
823 409 890 427 κατ-

99 434 205 470 ήργησε
224 435 271 462 καὶ
292 436 355 468 τοὺς
369 437 509 473 δαίμονας,
526 442 585 468 οὐδὲ
606 442 635 468 ἐν
651 443 724 478 αὐτῷ
737 444 786 480 τὴν
805 453 889 481 σωτη-

99 479 162 515 ρίαν
174 481 331 516 εἱργάσατο”
347 482 404 509 ἀλλ’
419 484 448 511 ἐν
460 485 499 521 τῷ
514 487 632 522 σταυρῷ.
647 488 727 515 Ὅθεν
744 479 823 525 νόμον
838 479 887 526 μὲν

96 525 215 561 ὁρῶντες
232 527 256 553 οἰ
272 527 399 563 δαίμονες
422 531 453 556 οὐ
473 531 619 566 τρέμουσιν
635 534 694 560 οὐδὲ
721 535 864 569 φοϐοῦνται
877 546 883 552 “

97 571 216 607 σταυρὸν
230 572 258 599 δὲ
270 573 400 606 πολλάκις
412 576 528 611 ὁρῶντες
548 578 678 614 τρέμουσι
693 581 740 607 καὶ
756 581 885 616 φεύγουσι

95 617 145 644 καὶ
160 618 359 653 καταργοῦνται
375 621 422 647 καὶ
438 622 590 650 διώκονται.

139 663 233 699 Ἐρὼτ.
248 665 296 694 λθ¹.
315 666 367 692 Τοῦ
381 667 448 695 Θεοῦ
471 669 514 696 διὰ
537 670 591 697 τῶν
606 672 752 707 προφητῶν
772 674 882 711 ἐπιτρέ-

94 717 204 742 ποντος,
223 711 261 747 μὴ
285 715 448 748 προσκυνεῖν
464 716 650 752 χειροποίητα,
663 718 706 746 διὰ
722 720 749 746 τι
763 729 882 756 προσκυ-

93 755 194 790 νοῦμεν
207 757 314 790 εἰκόνας
340 759 387 786 καὶ
412 762 538 797 σταυρὸν,
561 761 629 798 ἔργα
642 765 776 793 τεκτόνων
787 755 880 803 γὺπάρ-

91 809 184 836 χοντα,
199 802 289 835 καθὼς
302 804 393 832 καὶτὰ
410 806 506 834 εἴδωλα
519 808 698 843 τυγχάνουσιν
712 810 766 846 (55)
784 821 791 845 ;

944 218 1121 253 arbitrantur,
1146 222 1320 251 incruentum
1337 225 1438 254 Christi
1462 229 1628 257 sacriﬁcium
1648 238 1725 259 ever-

943 267 1003 290 tunt
1022 269 1049 291 et
1074 265 1267 296 abominantur
1287 280 1293 297 :
1311 271 1347 298 ita
1370 279 1466 301 omnes
1491 275 1537 309 qui
1563 282 1647 304 carne
1666 278 1721 305 eir-

942 309 1145 344 cumciduntur,
1161 314 1330 348 spiritualem
1344 317 1583 347 eircumcisionem
1594 321 1652 349 sive
1665 330 1722 350 san-

941 358 1014 382 ctum
1031 355 1168 391 baptisma
1186 361 1351 388 contumelia
1366 363 1486 391 alliciunt
1502 369 1530 392 et
1549 373 1720 398 aversantur.

939 398 1019 427 Aliud
1033 409 1131 430 rursus
1141 403 1240 431 simile.
1255 404 1313 432 Non
1329 406 1354 433 in
1369 409 1426 443 lege
1441 409 1567 439 Christus
1582 411 1720 442 diabolum

938 449 965 471 et
988 446 1125 475 damones
1151 451 1309 484 prostravit,
1331 460 1420 488 neque
1439 455 1466 481 in
1489 464 1521 483 ea
1543 458 1659 486 salutem
1677 465 1719 488 est

937 497 1080 527 operatus;
1098 495 1146 522 sed
1169 496 1198 523 in
1220 504 1311 526 cruce.
1328 498 1405 528 Unde
1422 501 1507 537 legem
1527 504 1663 535 daemones
1678 508 1717 536 vi-

936 538 1041 571 dentes,
1064 548 1118 568 non
1145 547 1264 571 tremunt
1284 553 1342 573 nec
1357 547 1468 582 timent;
1495 557 1602 579 crucem
1627 559 1716 582 autem

935 592 1007 621 saepe
1025 592 1167 617 cernentes
1181 593 1301 619 tremunt
1321 593 1486 630 abeuntque,
1504 603 1716 632 prosternuntur

933 636 961 657 et
978 631 1115 667 fugantur.

968 676 1078 710 Qums'r.
1093 679 1214 710 XXXIX.
1236 682 1302 711 Cum
1321 685 1392 713 Deus
1413 694 1462 722 per
1482 690 1629 725 prophetas
1646 701 1714 728 prae-

931 721 1014 755 cipiat
1028 730 1063 750 ne
1088 731 1171 759 opera
1191 734 1273 755 manu
1288 727 1358 756 facta
1375 721 1542 766 adoremus;
1552 741 1603 762 cur
1618 721 1713 772 imagi-

930 774 979 794 nes
996 772 1023 795 et
1046 776 1155 798 crucem
1174 773 1332 806 adoramus,
1356 784 1416 811 quae
1432 784 1496 806 sunt
1520 787 1602 815 opera
1627 784 1714 811 artiﬁ-

930 819 1003 844 cum,
1022 821 1075 841 non
1089 823 1168 844 secus
1181 825 1213 845 ac
1226 819 1284 854 ipsa
1300 821 1390 849 idola?

133 846 227 874 Ἀπόκ.
242 848 297 883 οὐχ
310 850 348 881 ὼς
360 850 438 882 θεοὺς
450 853 656 890 προσκυνοῦμεν
672 856 723 888 τὰς
738 857 844 890 εἰκόνας
855 868 866 886 ο

133 892 205 910 nar-nl-
229 892 264 910 ..δ
292 894 412 910 "lum-nt
430 896 468 910 Α.-
497 898 518 910 -2
535 898 624 910 unus:
639 908 646 910 _
659 908 677 910 Α.
711 901 749 910 μκ
762 902 767 910 ι
825 903 830 910 ι

966 856 1047 885 Rasr.
1066 858 1122 888 Nos
1146 860 1239 891 ﬁdeles
1261 866 1373 895 minime
1389 868 1536 900 adoramus
1558 873 1710 910 imagines,

95 892 189 918 πιστοί
198 902 205 909 ·
228 892 265 929 μὴ
292 894 412 928 γένοιτοί
430 896 468 928 ὡς
496 898 520 924 οἱ
535 898 678 934 Ἕλληνες·
705 901 773 928 ἀλλά
798 903 877 937 μόνον

88 937 141 973 τὴν
159 938 250 973 σχέσιν
275 940 322 967 καὶ
345 940 394 976 τὴν
414 942 523 978 ἀγάπην
538 943 586 978 τῆς
614 945 703 980 ψυχῆς
726 947 804 982 ἡμῶν
827 948 878 984 τῆς

88 983 159 1018 πρὸς
180 983 224 1010 τὸν
237 986 400 1021 χαρακτῆρα
416 987 467 1022 τῆς
486 989 589 1021 εἰκόνος
602 990 790 1027 ἐμφανίζομεν
805 993 876 1028 (54)-

87 1028 150 1055 ὅθεν
164 1030 292 1063 πολλάκις
306 1032 352 1058 τοῦ
368 1034 541 1070 χαρακτῆρος
561 1034 736 1070 λειανθέντος,
751 1038 788 1070 ὠς
801 1038 876 1071 ξύλον

85 1074 172 1109 ἀργὸν
189 1075 281 1103 λοιπὸν
299 1078 348 1112 τήν
362 1087 428 1104 ποτε
447 1080 539 1107 εἰκόνα
562 1082 685 1117 καίομεν.
709 1084 763 1110 Καὶ
779 1083 873 1121 ὥσπερ

93 1119 190 1146 Ἰακὼϐ
203 1121 306 1156 μέλλων
318 1123 444 1159 τελευτᾷν
457 1125 502 1151 ἐπὶ
516 1125 546 1151 τὸ
557 1126 640 1162 ἄκρον
655 1128 704 1163 τῆς
719 1119 875 1166 ῥάϐδου,τῷ

92 1166 192 1201 Ἰωσὴφ
215 1168 426 1203 προσεκύνησεν,
452 1170 482 1195 οὑ
500 1170 550 1206 τὴν
575 1172 673 1207 ῥάϐδον
691 1174 790 1208 τιμῶν,
806 1175 874 1203 ἀλλά

84 1211 133 1238 τὸν
148 1211 249 1248 ταύτην
274 1214 442 1250 κατέχονται
473 1216 543 1243 οὕτω
568 1218 614 1244 καὶ
635 1219 658 1244 οἱ
675 1220 764 1246 πιστοί
786 1221 815 1247 οὺ
839 1222 872 1248 δι’

83 1256 180 1292 ἕτερόν
189 1266 248 1284 τινα
262 1259 361 1294 τρόπον
373 1260 422 1292 τὰς
432 1262 539 1294 εἰκόνας
548 1263 736 1299 ἀσπαζόμεθα,
744 1266 769 1292 εἰ
783 1266 820 1301 μὴ
827 1266 872 1293 διὰ

83 1303 167 1330 πόθον
179 1301 216 1331 ὦν
229 1305 413 1341 ὲμφανίζομεν
425 1315 432 1322 ·
445 1308 523 1335 τοῦτο
537 1309 676 1342 ποιοῦντες
692 1311 758 1346 (55),
773 1312 811 1343 ὡς
825 1313 871 1339 καὶ

82 1350 206 1384 πατέρας
217 1351 263 1377 καὶ
277 1351 370 1385 φίλους
384 1353 579 1389 ἀσπαζόμεθα·
597 1355 688 1388 καθὼς
704 1357 750 1383 καὶ
764 1358 789 1384 οἰ
806 1358 870 1384 Ἰου-

80 1395 150 1422 δαῖοί
163 1404 228 1422 ποτε
243 1396 291 1428 τὰς
306 1397 353 1424 τοῦ
373 1398 454 1434 νόμου
469 1399 584 1433 πλάκας,
602 1401 648 1427 καὶ
662 1401 697 1428 τὰ
710 1402 757 1429 δύο
770 1412 867 1439 χερου-

81 1440 131 1476 σϊμ
143 1441 177 1468 τὰ
185 1443 274 1477 χρυσᾶ
287 1443 332 1469 καὶ
347 1443 382 1470 τὰ
395 1444 502 1478 γλυπτὰ
515 1447 707 1481 προσεκύνουν,
723 1449 753 1474 οὑ
770 1449 868 1484 τιμῶν-

78 1495 125 1518 τες
136 1487 185 1522 τὴν
200 1488 248 1514 τοῦ
263 1488 336 1516 λίθου
349 1490 396 1516 καὶ
415 1491 527 1526 χρυσίου
540 1493 630 1527 φύσιν,
643 1493 711 1520 ἀλλά
722 1494 768 1521 τὸν
780 1495 864 1522 ταῦτα

77 1528 265 1569 ὲπίτρέψαντα
290 1535 416 1569 γενέσθαι
432 1537 545 1574 Κύριον.
565 1540 595 1565 Οἱ
615 1540 644 1566 δὲ
659 1541 688 1573 ἐξ
708 1541 865 1573 ἀλαζονείας
879 1529 899 1556 C

77 1578 311 1614 ἀποστρεφόμενοι
343 1584 504 1617 προσκυνεῖν
529 1584 574 1611 τὸν
600 1586 716 1621 σταυρὸν
740 1587 787 1613 καὶ
813 1587 863 1620 τὰς

76 1625 186 1656 εἰκόνας
199 1625 270 1661 (56),
284 1625 437 1660 λεγέτωσαν
448 1629 472 1654 οἰ
499 1629 607 1664 ἀνόητοι
626 1631 684 1663 πῶς
705 1632 778 1667 μῦρα
800 1633 862 1660 πολ-

74 1669 153 1702 λάκις
160 1670 275 1698 ἕϐλυσαν
291 1673 317 1698 αἱ
329 1673 404 1706 ἆγιαι
417 1674 529 1707 εἰκόνες,
544 1675 657 1711 δυνάμει
671 1678 790 1712 Κυρίους
804 1679 862 1711 πῶς

74 1715 152 1750 βέλος
175 1716 308 1753 δεξαμένη
329 1718 432 1753 ἄψυχος
451 1720 547 1755 στήλη,
569 1721 607 1753 ὡς
635 1722 790 1758 ὲνσώματος
811 1724 862 1758 φύ-

73 1769 117 1792 σις
129 1761 175 1797 (57
191 1760 261 1798 αἷμα
274 1764 432 1799 παραδόξως
455 1765 605 1802 ὲξήγαγενς
629 1768 688 1800 πῶς
705 1769 737 1795 ἐκ
762 1770 861 1805 σωρῶν

71 1808 120 1834 καὶ
130 1807 263 1842 λειψάνων
276 1810 323 1836 καὶ
335 1810 446 1838 εἰκόνων
462 1812 591 1844 πολλάκις
603 1813 728 1848 δαίμονες
745 1815 860 1850 βοῶντες

71 1853 269 1882 ἀπελαύνονται
283 1864 290 1888 ;
304 1856 347 1882 ἵνα
362 1856 390 1883 δὲ
404 1858 467 1889 τοὺς
478 1858 598 1893 ἄφρονας
614 1860 788 1896 ὲντρέψωμεν
812 1863 858 1888 ἐπὶ

70 1898 173 1933 πλεῖον,
185 1900 300 1928 ἄκουσον
312 1902 389 1937 λόγον
403 1904 436 1930 ὲκ
446 1904 573 1939 πατέρων
597 1905 676 1940 ἡμῶν
694 1906 858 1942 διηγηοέντα

70 1945 136 1980 περὶ
150 1946 262 1978 εἰκόνος.
275 1947 336 1974 Ὂτι
346 1949 375 1974 ὲν
392 1949 586 1985 Ἰεροσολύμοις
598 1952 650 1977 τινὶ
663 1952 716 1978 τῶν
731 1953 858 1987 ἀσκητῶν

68 1989 210 2016 ἐπετίθετο
227 1991 274 2017 καὶ
289 1991 430 2027 ὂιηνώχλει
445 1994 459 2019 ό
471 1995 588 2030 πονηρὸς
603 1995 707 2031 δαίμων
720 1997 786 2032 (58).
813 1998 856 2025 Ἐν

69 2034 119 2068 μιᾷ
132 2032 178 2060 οὖν
195 2035 317 2068 φαίνεται
332 2037 407 2072 αὐτῷ
427 2038 520 2070 αὑταῖς
536 2039 612 2073 ὂψεσι
626 2040 657 2066 τὺ
670 2041 787 2077 πνεῦμα,
813 2042 856 2069 λέ-

67 2087 134 2113 γων,
149 2080 200 2111 ὅτι,
212 2080 259 2106 ἐὰν
271 2081 350 2117 θέλῃς
363 2083 405 2109 ἵνα
420 2084 456 2119 μή
469 2093 498 2110 σε
512 2086 633 2121 πολεμῶ,
651 2088 688 2123 μὴ
698 2091 854 2126 προσκυνή-

68 2133 118 2160 σῃς
128 2125 176 2160 τὴν
189 2127 280 2153 εἰκόνα
297 2128 407 2164 ταύτην,
427 2130 473 2156 καὶ
487 2131 639 2167 ἀφίσταμαι
654 2134 708 2160 ἀπὸ
731 2135 787 2161 σοῦ.
799 2134 854 2164 Ἦν

64 2170 93 2196 δὲ
113 2171 130 2206 ἡ
147 2172 227 2197 εἰκὼν
249 2173 299 2208 τῆς
321 2174 400 2208 ἁγίας
419 2175 549 2203 Θεοτόκου
568 2177 632 2213 (59).
654 2177 720 2206 Εἶτα
742 2181 769 2207 τί
785 2190 850 2215 φασι

65 2217 134 2252 πρὸς
147 2217 234 2244 ταῦτα
244 2220 268 2245 οἱ
282 2219 475 2255 ἐπιτρέποντες
492 2222 528 2258 μὴ
548 2226 710 2258 προσκυνεῖν
725 2226 788 2258 τοὺς
803 2235 851 2262 χα-

66 2262 208 2298 ρακτῆρας
229 2263 283 2290 τῶν
314 2265 409 2299 ἁγίων,
435 2266 540 2303 οὕσπερ
566 2267 600 2294 δι’
627 2270 778 2306 ὑπόμνησιν
805 2273 853 2299 καὶ

65 2307 145 2342 μόνον
160 2309 343 2346 ἐκτυποῦμεν,
359 2312 406 2338 καὶ
422 2313 452 2338 οὐ
469 2313 502 2339 δι’
517 2313 609 2349 ἕτερον
618 2315 732 2351 τρόπον;
746 2318 792 2344 καὶ
804 2318 851 2344 οὖ-

61 2361 102 2380 τω
129 2354 179 2389 μὲν
201 2356 264 2390 περὶ
288 2356 398 2383 εἰκόνων
422 2357 465 2384 διὰ
487 2358 609 2394 βραχέων
634 2360 721 2395 λόγος.
752 2363 803 2390 Τὸν
824 2363 851 2390 δὲ

61 2399 179 2435 σταυρὸν
188 2401 331 2436 πρόδηλον,
347 2403 387 2429 ὅτι
401 2403 445 2429 διὰ
457 2404 502 2430 τὸν
524 2405 713 2440 σταυρωθέντα
730 2408 759 2434 ὲν
776 2409 849 2445 αὐτῷ

59 2445 178 2481 Χριστὸν
193 2448 398 2483 προσκυνοῦμεν
410 2449 434 2475 οἰ
448 2450 539 2476 πιστοὶ
553 2451 600 2477 καὶ
616 2451 804 2489 ἀσπαζόμεθα.

106 2534 196 2563 Εοώτ.
215 2540 251 2572 μ’.
263 2537 376 2572 οὐκοῦν,
390 2539 483 2576 ἐπειδὴ
498 2539 546 2566 καὶ
559 2541 600 2572 εἰς
615 2541 675 2568 ὅνον
695 2543 710 2569 ό
730 2543 847 2579 Χριστὸς

172 2613 239 2654 βθς.
252 2615 279 2649 2,
293 2617 320 2648 5.
335 2619 474 2654 τυγχάνει.

104 2649 150 2685 54)
171 2649 405 2693 lta‘manuscripti
423 2655 542 2693 quidam.
557 2655 628 2693 Editi
639 2663 713 2689 vero,
729 2657 843 2693 ἐμφανί-

54 2681 150 2722 Codex"
166 2685 215 2722 καὶ
226 2685 329 2722 ὥσπερ,
345 2681 455 2716 omissis
469 2690 592 2722 reliquis.

90 2719 147 2779 855)
168 2719 215 2759 §ic
230 2719 353 2762 man_lisc.
375 2725 495 2752 uuidam.
510 2719 582 2753 Eum
599 2734 676 2760 vero,
694 2728 842 2764 ὲμφανιζό-

107 2763 125 2779 α
135 2763 215 2779 tau-ro
226 2765 362 2779 ποιουντρε

54 2762 125 2788 μευα
135 2763 215 2782 τουτο
226 2765 372 2790 ποιουντες.
711 2762 715 2764 Ἴ
737 2762 741 2763 ν

168 2782 267 2834 Reg?
283 2797 310 2819 et
326 2793 353 2822 5.
376 2794 482 2826 εἰκόνας
505 2795 559 2822 τῶν
580 2796 678 2831 ἁγίων.
699 2797 731 2825 Et
756 2799 837 2834 infra,

52 2825 81 2851 αἱ
95 2824 183 2859 ἁγίων
194 2825 297 2858 εἰκόνες

929 907 1056 938 tanquam
1084 906 1165 941 deos,
1199 914 1227 937 ut
1255 913 1368 946 gentiles
1385 916 1491 944 :absitl
1517 919 1566 946 sed
1591 906 1711 949 tantum;

928 949 1008 976 modo
1018 949 1144 979 aﬁ'ectum
1158 957 1185 981 et
1202 962 1320 984 amorem
1336 960 1433 987 animae
1444 966 1545 991 nostrai
1560 972 1623 1000 erga
1639 967 1709 994 ima-

927 993 998 1027 ginis
1023 994 1138 1025 formam
1164 1000 1358 1034 signiﬁcamus.
1383 1005 1564 1038 Quamobrem
1588 1013 1708 1046 plerum-

926 1046 988 1072 que,
1003 1040 1093 1068 ablara
1117 1047 1143 1070 et
1164 1045 1251 1074 deleta
1275 1047 1370 1083 ﬁgura,
1398 1051 1425 1079 id
1442 1054 1516 1087 quod
1531 1040 1597 1083 olim
1617 1058 1706 1094 imago

925 1083 987 1116 fuit,
1006 1091 1035 1112 ut
1057 1087 1152 1116 inutile
1173 1091 1275 1126 lignum
1300 1096 1496 1127 comburimus.
1521 1101 1560 1128 Ac
1577 1083 1706 1136 quemad-

925 1129 1034 1157 modum
1056 1131 1140 1161 Jacob
1160 1137 1318 1171 moriturus,
1339 1140 1368 1168 in
1390 1148 1511 1172 extrema
1531 1147 1606 1182 virga
1620 1149 1705 1182 ‘Jose-

1573 1173 1605 1182 0,
1620 1173 1687 1182 ην---

923 1173 1006 1208 phum
1031 1176 1164 1212 adoravit,
1188 1189 1241 1209 non
1265 1185 1368 1220 virgam
1393 1187 1542 1224 honorans,
1571 1195 1618 1222 sed
1641 1204 1704 1224 eum

922 1221 970 1254 qui
987 1222 1090 1258 virgam
1112 1227 1221 1255 tenebat
1236 1238 1242 1256 :
1256 1230 1292 1257 ita
1313 1236 1340 1259 et
1360 1232 1452 1263 ﬁdeles
1472 1221 1605 1268 non'alio
1622 1243 1704 1270 modo

921 1266 1054 1303 imagines
1068 1279 1240 1307 veneramur,
1257 1277 1309 1304 nisi
1324 1278 1359 1306 ob
1373 1284 1499 1310 nostrum
1513 1292 1577 1320 erga
1591 1295 1638 1315 eos
1656 1289 1703 1316 de-

920 1314 1060 1349 siderium,
1082 1326 1198 1353 quorum
1215 1322 1327 1357 cﬁigiem
1343 1327 1538 1361 exprimimus:
1552 1331 1579 1359 id
1602 1340 1633 1360 ea
1657 1342 1702 1360 ra-

919 1360 993 1388 tione
1008 1368 1128 1397 agentes,
1141 1374 1194 1401 qua
1209 1369 1251 1395 vel
1264 1360 1433 1404 liberos,7vel
1448 1381 1574 1410 parentes
1586 1382 1612 1406 et
1632 1381 1700 1407 ami-

918 1411 965 1431 cos
993 1407 1163 1438 salutamus:
1182 1413 1407 1446 quemadmodum
1432 1407 1518 1447 Judaei
1541 1422 1605 1449 olim
1630 1424 1699 1453 duas

918 1450 985 1485 legis
999 1453 1117 1488 tabulas,
1131 1456 1253 1496 duosque
1267 1460 1409 1490 cherubim
1423 1471 1523 1494 aureos
1536 1471 1564 1495 et
1576 1470 1698 1504 sculplos

918 1497 1079 1533 adorabant,
1103 1510 1158 1530 non
1183 1505 1269 1539 ipsam
1293 1508 1391 1543 lapidis
1418 1512 1460 1538 vel
1487 1515 1545 1540 auri
1571 1520 1697 1544 naturam

916 1544 1092 1581 honorantes,
1109 1551 1156 1578 sed
1172 1551 1316 1582 Dominum
1331 1557 1378 1592 qui
1399 1558 1452 1586 ista
1463 1559 1546 1594 jussit
1559 1561 1626 1590 ﬁeri.
1644 1563 1695 1596 Qui

914 1598 979 1618 vero
997 1601 1052 1627 pra:
1074 1597 1198 1630 superbia
1213 1606 1321 1628 crucem
1340 1606 1367 1629 et
1387 1609 1544 1633 sanctorum
1564 1607 1695 1644 imagines

914 1636 1029 1665 adorare
1044 1639 1190 1675 refugiunt,
1209 1643 1301 1672 dicant
1326 1648 1400 1674 stulti
1416 1650 1552 1683 quomodo
1566 1636 1694 1680 nonvraro

913 1688 928 1709 e
954 1684 1040 1711 sacris
1067 1685 1246 1722 imaginibus,
1273 1690 1320 1718 Dei
1345 1692 1456 1727 virtute,
1481 1697 1617 1724 manarint
1642 1707 1693 1726 un-

911 1728 1030 1761 guenta?
1047 1732 1183 1764 quomodo
1206 1733 1355 1763 inanimata
1375 1742 1466 1766 statua
1489 1741 1542 1768 telo
1565 1743 1693 1772 confossa

912 1774 1083 1808 sanguinem,
1096 1777 1170 1804 velut
1187 1786 1317 1815 corporea
1332 1788 1439 1814 natura.
1456 1787 1618 1815 mirabiliter
1632 1797 1693 1824 pro-

911 1818 1030 1848 fuderit?
1048 1824 1184 1856 quomodo
1198 1828 1326 1860 tumulis’,
1347 1831 1469 1865 reliquiis
1485 1836 1513 1860 et
1527 1818 1691 1870 imaginibus

910 1873 982 1900 szepe
1002 1867 1139 1898 daemones
1164 1871 1314 1902 clamantes
1336 1877 1526 1911 expellantur?
1543 1867 1689 1910 Ut‘autem

909 1910 1022 1940 insanos
1037 1915 1123 1950 magis
1138 1916 1347 1952 confundamus,
1363 1922 1426 1949 audi
1443 1931 1596 1954 sermonem
1608 1935 1689 1962 quem

909 1960 1000 1990 patres
1016 1960 1103 1986 nostri
1126 1961 1159 1988 de
1174 1963 1291 1997 quadam
1308 1965 1425 2001 imagine
1440 1960 1630 1999 narraverunt.
1647 1972 1690 2000 Je-

908 2003 1053 2038 rosolymis
1069 2006 1176 2034 cuidam
1196 2013 1294 2037 asccta:
1315 2011 1497 2042 insidiabatur
1514 2020 1541 2044 et
1556 2018 1688 2047 molestus

906 2053 964 2075 erat
975 2050 1062 2077 malus
1079 2051 1193 2080 daemon.
1209 2053 1330 2087 Quodam
1341 2058 1422 2094 226
1434 2060 1514 2094 igitur
1525 2063 1569 2090 die
1581 2064 1606 2090 ei
1620 2064 1686 2099 ipsis

906 2094 992 2122 oculis
1009 2095 1141 2125 videndus
1163 2105 1274 2135 apparet
1294 2102 1406 2136 spiritus
1418 2106 1494 2133 aiens
1508 2115 1515 2133 :
1529 2108 1557 2134 Si
1576 2094 1642 2136 velis
1657 2115 1686 2136 ut

904 2142 932 2167 te
948 2148 1002 2168 non
1030 2142 1202 2179 impugnem,
1227 2148 1281 2174 noli
1298 2149 1369 2176 hanc
1393 2151 1507 2180 adorare
1527 2153 1684 2189 imaginem,

904 2188 930 2210 et
943 2192 957 2211 a
970 2189 996 2212 te
1005 2186 1154 2217 discedam.
1164 2190 1229 2217 Erat
1239 2196 1328 2220 autem
1340 2200 1440 2223 sancta:
1452 2196 1573 2232 Deiparze
1583 2186 1684 2235 imago,

906 2229 975 2263 Quid
998 2233 1030 2259 ad
1048 2233 1105 2262 haec
1131 2235 1274 2265 dicendum
1298 2239 1397 2267 habent
1420 2241 1438 2268 ii
1458 2229 1509 2277 qui
1526 2229 1683 2273 sanctorum

904 2276 1004 2311 eﬁigics
1032 2283 1126 2307 vetant
1157 2282 1281 2315 adorare.
1306 2293 1374 2320 quas
1394 2289 1531 2316 memoriae
1551 2290 1682 2318 duntaxat

903 2329 996 2354 causa,
1009 2331 1063 2351 non
1075 2325 1154 2352 aliam
1169 2327 1205 2354 ob
1215 2328 1348 2356 rationem
1359 2330 1489 2359 eﬁicimus
1499 2332 1510 2358 ?
1522 2333 1611 2368 Atque
1624 2334 1681 2361 haec

902 2367 1011 2402 quidem
1036 2369 1155 2398 breviter
1173 2372 1207 2399 de
1229 2373 1392 2409 imaginibus
1414 2376 1486 2404 dicta
1509 2367 1574 2406 sint;
1603 2379 1680 2412 Quod

901 2417 991 2441 autem
1009 2423 1059 2442 nos
1076 2417 1169 2445 lideles
1186 2425 1294 2446 erucem
1309 2420 1455 2449 adoramus
1475 2427 1502 2450 et
1517 2424 1678 2457 salutamus.

900 2460 1074 2487 manifestum
1090 2466 1132 2489 est
1152 2462 1179 2489 id
1196 2471 1247 2490 nos
1264 2471 1344 2500 agere
1358 2471 1469 2502 propter
1478 2467 1616 2496 Christum
1631 2472 1678 2506 qui

899 2503 926 2530 in
942 2512 972 2531 ea
989 2504 1083 2533 allixus
1096 2511 1146 2534 est.

933 2550 1042 2582 Quasr.
1069 2550 1126 2579 XL.
1147 2551 1231 2587 Igitur
1247 2561 1308 2581 eum
1326 2554 1453 2584 Christus
1472 2565 1580 2593 quoque
1600 2561 1678 2587 asino

922 2627 987 2669 '(57)
1007 2627 1046 2655 ita
1076 2628 1186 2664 quidam
1218 2639 1286 2660 mss.
1312 2631 1384 2660 Editi
1408 2641 1489 2666 vero,
1516 2636 1545 2662 ἐν
1571 2636 1676 2672 σώματι

895 2671 984 2725 (PDE:-
1005 2698 1071 2733 ΒΘΗ.
1087 2699 1114 2730 ’5,
1132 2701 1146 2727 ό
1158 2702 1284 2736 πορνικὺς
1297 2703 1410 2745 δαίμων.
1642 2742 1655 2747 0

928 2697 984 2767 £59;
1005 2733 1070 2767 Reg.
1089 2734 1114 2760 2⁴
1136 2735 1198 2767 Εἶχε
1215 2737 1242 2763 δὲ
1264 2739 1279 2767 ἡ
1295 2740 1375 2764 εἰκων
1387 2740 1432 2766 τὸν
1448 2742 1608 2767 γαοακτῆηα
1625 2750 1655 2767 τι·

939 2733 1114 2782 illailia}:
1126 2733 1242 2782 οίὲῖξίὲιέὲ
1264 2733 1280 2773 ἦ
1295 2733 1432 2782 “est?”
1448 2742 1608 2782 καραὲτῆεα
1625 2742 1673 2782 τῇς

890 2767 970 2828 ἓγίας
977 2768 1111 2830 ῗεοτόκου
1126 2767 1290 2803 ϐαστάζοντα
1305 2773 1348 2800 τὸν
1360 2767 1464 2811 Κύριος
1566 2767 1672 2813 "incoxit:

917 2811 976 2836 ριστ
993 2813 1007 2830 ν
