1924 3059
235 146 283 175 525

791 140 820 168 S.
842 136 1073 166 ATIIANASIUS.
1094 151 1128 156 ——
1150 134 1286 163 SI’URIA.

1792 131 1838 159 6'25

231 205 373 238 msederit,
390 203 521 232 debemus
536 202 619 229 etiam
642 199 735 227 asinos
753 198 873 226 salutare
894 204 926 224 ac
940 203 1012 223 vene

1070 193 1241 224 ὲπεκάθισεν,
1256 191 1398 227 ὀφείλομεν
1412 191 1504 218 λοιπὸν
1515 189 1635 221 καὶτοὺς
1645 188 1719 220 ὖνους
1731 189 1839 220 ἀσπάζε-

231 251 305 278 rari?
319 250 382 278 Ilaec
401 249 475 276 enim
498 247 577 275 nobis
601 245 735 281 objiciunt
747 243 834 272 Judaei
846 246 874 271 et
887 241 1012 278 gentiles.

265 338 347 367 Resp.
367 337 427 366 Non
441 340 469 365 in
490 337 568 365 asino
582 336 708 364 Christus
718 334 857 362 diabolum
872 335 900 360 et
911 332 1013 360 damo-

232 393 280 413 nes
293 385 402 415 devicit,
419 391 507 419 neque
522 384 549 410 in
569 390 602 410 eo
617 382 732 410 salutem
746 384 788 408 est
808 382 946 415 operatus,
966 377 1014 405 sed

231 433 258 459 in
280 429 371 458 cruce.
389 429 465 457 Unde
484 437 545 456 cum
570 428 663 456 asinos
675 427 767 455 vident
789 425 936 456 daemones,
959 431 1014 450 non

231 481 349 505 tremunt
376 484 426 504 nec
447 475 594 503 formidant
615 478 665 501 :at
690 480 753 500 cum
777 478 886 499 crucem
909 469 1012 502 vident,

230 531 301 558 szepe
314 527 444 554 tremunt,
463 521 584 554 horrent,
601 523 762 549 sternuntur
775 525 807 546 ac
822 517 960 553 fugantur.

265 607 375 640 Qumsr.
390 605 457 633 XLI.
478 605 536 639 Qua
560 605 593 633 de
617 612 699 632 causa
721 611 772 631 nos
794 603 887 631 ﬁdeles
907 608 1012 633 omnes,

230 660 338 685 cruces,
360 651 462 678 Christi
485 651 575 678 crucis
597 650 739 685 imagines,
759 647 910 682 cIIingimus
929 656 935 674 :
951 653 1015 673 san-

231 701 281 724 cta:
295 700 386 724 autem
402 696 462 730 ejus
480 696 592 727 lanceae,
608 695 752 722 arundinis
767 697 794 721 et
808 693 928 728 spongiae
940 691 1015 718 'ima-

229 743 307 778 gines
330 749 385 769 non
401 741 550 769 eﬁicimus?
569 740 631 768 Haec
648 740 721 768 enim
740 746 816 774 aeque
836 743 901 767 sunt
919 742 1014 766 sancta

230 795 262 815 ac
277 795 344 814 crux
358 794 427 822 Ipsa.

266 832 346 860 Rssr.
367 832 464 860 Crucis
479 831 591 867 ﬁguram
608 838 642 859 ex
659 831 766 858 duobus
788 830 870 866 lignis
887 829 1012 865 compin-

1065 240 1128 266 σθαι
1143 239 1211 274 (60);
1236 239 1322 266 Τοῦτο
1339 238 1394 274 γὰρ
1416 237 1485 274 πρὸς
1511 238 1586 273 ἡμᾶς
1606 237 1729 271 λέγουσιν
1742 237 1765 262 οἱ
1782 237 1840 263 Ὶουο

1063 285 1145 313 δαίων
1157 286 1204 312 καὶ
1221 285 1353 321 Ἐλλήνων
1368 284 1473 315 παῖδες.

1105 331 1198 358 Ἀπόδε.
1214 331 1270 358 οὐκ
1278 332 1306 357 ὲν
1320 330 1359 366 τῷ
1371 331 1424 366 ὖνῳ
1436 330 1482 357 τὸν
1494 329 1616 356 διάϐολον
1627 330 1640 356 ό
1655 328 1768 365 Χριστὸς
1783 337 1840 355 κατ-

1064 376 1168 412 ήργησε
1186 375 1307 407 καὶτοὺς
1333 375 1473 410 δαίμονας,
1488 375 1549 401 οὐδὲ
1571 375 1600 401 ὲν
1616 374 1689 409 αὐτῷ
1702 373 1749 410 τὴν
1763 382 1840 409 cum;

1065 421 1126 457 ρίαν
1135 421 1292 456 εἰργάσατο,
1308 418 1409 447 ἀλλ”ὲν
1428 419 1467 455 τῷ
1482 419 1599 455 σταυρῷ.
1617 419 1697 446 Ὅθεν
1713 418 1785 450 ὅνους
1799 419 1841 454 μὲν

1064 466 1181 502 ὁρῶντες
1197 467 1221 492 oi.
1246 466 1372 501 δαίμονες
1393 465 1424 492 οὐ
1439 465 1599 501 τρέμουσιν,
1610 464 1671 491 οὐδὲ
1690 464 1840 499 φοϐοῦνταιθ

1065 511 1184 547 σταυρὸν
1196 511 1225 538 δὲ
1238 511 1369 542 πολλάκις
1386 510 1504 546 ὁρῶντες
1517 510 1648 546 τρέμουσι
1662 510 1710 536 καὶ
1725 509 1838 545 φρίττου-

1066 565 1093 583 σι
1106 556 1172 592 (61),
1181 556 1228 582 καὶ
1240 555 1443 592 καταργοῦνται
1453 556 1500 582 καὶ
1516 555 1670 582 διώκονται.

1105 601 1202 637 Ἐρώτ.
1220 600 1274 637 μα’.
1285 601 1363 632 Τίνος
1375 601 1403 628 δὲ
1413 601 1493 636 χάριν
1509 601 1533 627 οἱ
1549 601 1639 627 πιστοὶ
1647 600 1763 632 ἅπαντες
1775 609 1841 627 σταυ-

1066 647 1129 683 ροὺς
1145 647 1193 682 μὲν
1206 647 1366 678 ἀντιτύπους
1375 646 1423 673 τοῦ
1440 646 1555 683 σταυροῦ
1565 646 1612 673 τοῦ
1625 646 1743 682 Χριστθῦ
1760 646 1840 672 ποιοῦ-

1066 702 1126 729 μεν,
1142 693 1192 728 τῆς
1207 692 1236 719 δὲ
1251 693 1331 728 ἁγίας
1349 692 1430 719 αὑτοῦ
1443 692 1554 728 λόγχης,
1573 692 1589 727 ἢ
1613 692 1660 719 τοῦ
1681 692 1807 727 καλάμου,
1825 692 1839 727 ἡ

1062 738 1110 765 τοῦ
1131 738 1260 773 σπόγγου,
1285 738 1419 765 ἀντίτυπα
1443 737 1474 764 οὐ
1497 737 1749 773 κατασκευάζομεν;
1769 738 1840 771 Ἅγια,

1064 784 1118 820 γάρ
1137 785 1191 811 είσι
1208 783 1351 810 καὶταῦτα
1365 783 1437 810 καθὰ
1453 783 1501 810 καὶ
1521 783 1536 809 ὁ
1553 783 1678 818 στανρός.

1107 829 1201 856 Ἀπόκ.
1217 830 1270 856 Τὸν
1286 829 1335 865 μὲν
1351 828 1398 856 τοῦ
1417 828 1534 865 σταυροῦ
1549 829 1635 855 τύπον
1651 831 1683 855 ὲκ
1698 829 1744 856 δύο
1766 828 1841 861 ξύλων

230 879 331 914 gimus.
347 886 427 914 quam
445 878 600 905 adoramus.
620 876 688 904 Cum
704 884 771 904 vero
786 877 847 912 quis
864 875 1012 903 inﬁdelium

1070 876 1247 907 συνάπτοντες
1259 875 1477 912 προσκυνοῦμεν.
1494 875 1589 902 Ἡνίκα
1608 876 1639 903 δέ
1655 885 1698 907 τις
1715 877 1776 911 ἡμῖν
1794 876 1841 902 τῶν

230 925 309 952 nobis
319 924 483 959 exprobrare
494 923 568 956 velit,
580 922 654 958 quod
667 923 769 958 lignum
781 922 937 953 adoremus,
949 928 1014 956 pos-

231 979 326 1000 sumus
347 971 403 998 duo
432 971 504 1006 ligna
527 970 695 1004 disjungere,
726 969 873 1003 crucisque
899 968 1014 1003 ﬁguram

230 1018 388 1050 dissolvere,
403 1021 485 1052 atque
501 1020 531 1043 ut
553 1024 628 1044 mera
647 1016 720 1052 ligna
735 1019 864 1050 reputare
877 1024 884 1042 :
898 1014 1015 1048 indeque

230 1064 332 1092 inﬁdeli
354 1064 519 1100 persuadere
540 1070 591 1090 nos
608 1070 662 1090 non
688 1062 791 1097 lignum
805 1061 942 1092 venerari,
967 1059 1015 1087 sed

230 1111 321 1138 crucis
335 1099 460 1146 ﬁguram.
475 1108 548 1136 Idem
562 1112 652 1135 autem
669 1115 749 1143 agere
763 1099 815 1135 non
829 1114 975 1143 possumus
987 1105 1016 1132 in

231 1158 336 1190 lancea,
355 1156 489 1184 arundine
505 1159 551 1182 aut
568 1155 693 1191 spongia.

267 1245 377 1278 Quesr.
393 1242 475 1270 XLII.
497 1243 638 1270 Undenam
660 1246 765 1270 certum
789 1246 831 1270 est
844 1241 1017 1270 Christiano-

230 1299 291 1318 rum
313 1290 392 1318 ﬁdem
411 1294 542 1325 praestare
568 1289 628 1316 aliis
646 1289 774 1317 omnibus
790 1297 850 1324 qua:
874 1289 925 1316 sub
946 1289 1016 1316 cmlo

231 1337 315 1364 sunt?
329 1335 470 1371 Siquidem
487 1335 554 1363 ﬁdes
571 1335 660 1362 omnis
678 1342 708 1362 se
719 1335 827 1362 cazteris
840 1335 927 1370 magis
943 1335 1015 1370 piam

230 1390 292 1411 esse
309 1382 455 1410 existimat.

267 1427 348 1455 Resr.
369 1426 452 1454 Multa
467 1426 520 1454 hac
535 1426 569 1454 de
585 1433 615 1454 re
632 1426 728 1454 liceret
739 1426 841 1458 dicere,
855 1426 1015 1461 prolixaque

231 1477 273 1500 est
300 1472 520 1500 Christianorum
543 1471 606 1499 ﬁdei
636 1471 774 1506 probatio.
804 1471 932 1498 Attamen
961 1472 1016 1498 duo

230 1519 354 1554 quaedam
381 1519 460 1553 signa
480 1517 551 1553 apud
571 1525 622 1545 nos
645 1517 782 1551 videntur,
809 1525 870 1552 quae
892 1521 1015 1545 nostram

229 1565 388 1599 religionem
407 1563 509 1599 Deique
526 1570 590 1598 erga
605 1570 656 1590 nos
675 1570 795 1590 amorem
816 1567 843 1591 et
858 1563 1014 1598 prmsidium

229 1608 381 1636 declarant.
399 1608 519 1636 Primum
539 1611 592 1640 est,
607 1607 681 1643 quod
695 1607 730 1635 ab
749 1608 827 1635 initio
841 1609 933 1636 saeculi
955 1609 1015 1635 nul-

229 1655 283 1682 lam
301 1659 407 1690 gentem
432 1654 556 1682 novimus
571 1654 605 1681 ab
619 1653 747 1682 omnibus
768 1654 830 1681 aliis
844 1654 939 1681 tandiu
963 1654 1016 1680 im-

231 1705 378 1736 pugnatam
403 1701 529 1735 gentibus
557 1708 608 1727 nec
637 1700 775 1733 deletam,
804 1704 902 1736 praeter
930 1700 1015 1728 solam

232 1747 335 1775 Christi
352 1747 442 1780 ﬁdem,
459 1755 519 1782 qua:
536 1754 602 1774 sane
615 1755 671 1775 non
686 1748 773 1775 deleri
796 1755 850 1775 non
869 1747 1013 1782 potuisset,

232 1792 267 1820 ab
281 1793 408 1820 omnibus
427 1792 495 1820 adeo
510 1792 667 1828 impugnata
683 1793 821 1828 gentibus,
843 1793 895 1820 nisi
917 1800 1015 1819 manus

231 1838 337 1865 Domini
353 1846 413 1866 eam
433 1842 570 1866 servasset
593 1843 621 1866 et
642 1842 765 1866 servaret
776 1838 923 1873 quominus
943 1838 1016 1865 dele-

231 1887 317 1910 retur.
341 1883 463 1910 Alterum
487 1887 539 1914 est,
555 1883 628 1918 quod
651 1883 744 1910 nullus
766 1883 914 1918 imperator
936 1882 1016 1910 Chri-

233 1929 385 1956 stianorum
398 1928 523 1956 barbaris
535 1936 654 1963 unquam
665 1928 694 1956 in
705 1933 820 1956 mortem
832 1928 950 1956 traditus
960 1934 1012 1960 est,

231 1974 356 2009 quamvis
377 1977 418 2001 tot
440 1978 534 2009 gentes
558 1974 702 2009 imperium
732 1978 934 2010 oppugnarent.
959 1975 1015 2001 lmo

231 2029 287 2048 non
303 2021 391 2048 solum
406 2020 597 2055 imperatorem
612 2020 766 2055 opprimere
784 2027 839 2047 non
858 2021 1013 2052 valuerunt,

231 2067 280 2094 sed
294 2074 345 2094 nec
359 2066 419 2101 ejus
434 2065 578 2101 imaginem
596 2073 630 2093 ex
645 2066 776 2097 nummis,
792 2073 854 2093 cum
868 2074 949 2094 cruce
968 2067 1016 2094 de-

232 2112 305 2145 lere,
333 2112 396 2139 licet
425 2111 550 2139 nonnulli
575 2111 684 2146 tyranni
708 2111 735 2138 id
756 2112 932 2140 tentaverint.
959 2111 1014 2140 Nec

231 2158 303 2184 cnim
325 2157 466 2185 existimes
487 2160 598 2184 tenuem
617 2159 644 2184 et
656 2157 737 2184 vilem
762 2164 820 2184 rem
845 2157 927 2185 istam
942 2166 1013 2186 esse.

230 2201 288 2229 Nisi
302 2203 374 2229 enim
392 2201 472 2229 ﬁdem
486 2204 607 2228 nostram
622 2208 677 2235 prae
699 2201 760 2229 aliis
773 2202 902 2230 omnibus
917 2203 1015 2239 elegis-

1067 922 1188 949 ἀπίστων
1203 922 1389 956 ἐγκαλέσειεν,
1405 922 1442 954 ὡς
1457 922 1533 954 ξύλον
1559 921 1786 958 προσκυνοῦντας,
1801 921 1840 948 δν-

1066 968 1171 1004 νάμεθα
1192 968 1226 995 τὰ
1243 968 1290 995 δύο
1300 968 1366 1001 ξύλα
1380 968 1557 1004 χωρίσαντες,
1570 968 1618 995 καὶ
1636 968 1681 995 τὸν
1698 968 1777 995 τύπον
1801 967 1840 994 τοῦ

1066 1014 1184 1049 σταυροῦ
1195 1013 1380 1046 διαλύσαντες,
1392 1014 1430 1045 ὡς
1445 1014 1518 1049 ἀργὰ
1531 1014 1616 1041 ταῦτα
1635 1014 1758 1050 ἡγεῖσθαι
1776 1013 1841 1046 ξύλα,

1066 1059 1113 1086 καὶ
1134 1059 1180 1086 τὸν
1202 1059 1316 1086 ἄπιστον
1329 1058 1385 1095 (62)
1411 1060 1513 1093 πεῖσαι,
1530 1059 1571 1085 ὃτι
1592 1058 1623 1085 ού
1641 1059 1671 1085 τὺ
1689 1058 1762 1091 ξύλον
1777 1058 1842 1084 σεϐό-

1068 1103 1147 1139 μεθα,
1163 1103 1231 1130 ἀλλὰ
1246 1104 1292 1130 τὸν
1308 1103 1356 1130 τοῦ
1373 1103 1491 1139 σταυροῦ
1508 1103 1601 1131 τύπον.
1613 1104 1674 1130 Ἐπὶ
1688 1104 1716 1130 δὲ
1730 1103 1841 1139 λόγχηςῆ

1066 1148 1200 1184 καλάμου,
1224 1149 1241 1184 ἦ
1271 1149 1402 1183 σπόγγου,
1429 1149 1508 1176 τοῦτο
1531 1149 1685 1185 ποιῆσαιηῆ
1710 1149 1791 1183 δεῖξαι
1815 1149 1841 1175 οὗ

1065 1193 1215 1229 δυνάμεθα.

1103 1240 1159 1275 (65)
1179 1239 1277 1276 Ἐρὼτ.
1297 1239 1352 1276 μβ¹.
1370 1240 1456 1267 Πόθεν
1467 1239 1557 1275 δῆλον,
1571 1241 1612 1267 ὅτι
1629 1242 1749 1276 κρεῖττον
1764 1240 1842 1275 πάσης

1066 1285 1117 1320 τῆς
1131 1286 1176 1312 ὑπ’
1188 1287 1302 1320 obpava
1317 1287 1435 1318 πίστεως
1452 1288 1477 1314 οἱ
1492 1287 1653 1322 Χριστιανοὶ
1675 1287 1840 1322 mare-Mm;

1066 1332 1145 1358 Πᾶσα
1161 1332 1215 1368 γὰρ
1229 1333 1321 1365 πίστις
1334 1332 1531 1368 εὐσεϐεστέραν
1545 1333 1646 1369 ἑαυτὴν
1661 1331 1730 1360 εἶναι
1750 1333 1841 1368 νομίζει

1065 1377 1120 1404 τῶν
1134 1378 1234 1405 λοιπῶν
1251 1378 1378 1406 πίστεων.

1108 1423 1202 1450 Ἀπόκ.
1223 1424 1309 1456 Πολὺς
1323 1425 1338 1450 ὁ
1354 1424 1417 1460 περὶ
1435 1424 1531 1451 τούτου
1549 1425 1641 1460 λόγος,
1663 1425 1709 1452 καὶ
1729 1424 1841 1461 μακρὰὴ

1066 1469 1239 1505 Χριστιανῶν
1253 1469 1308 1505 (64)
1318 1470 1435 1502 πίστεως
1448 1471 1584 1502 ἀπόδοσις.
1598 1471 1695 1507 ’Όμως
1706 1472 1733 1498 δὲ
1742 1471 1784 1498 δύο
1791 1471 1842 1497 τινὰ

1067 1515 1182 1550 ὁρῶντες
1198 1517 1297 1551 σημεῖα
1316 1517 1380 1551 παρ’
1399 1517 1474 1551 ἡμῖν,
1492 1517 1541 1551 τὴν
1555 1516 1635 1551 ἡμῶν
1648 1516 1784 1543 εὐσέϐειαν
1803 1515 1841 1542 καὶ

1066 1562 1116 1598 τὴν
1132 1563 1178 1588 τοῦ
1192 1562 1259 1588 θεοῦ
1276 1562 1343 1597 πρὸς
1354 1563 1427 1598 ἡμᾶς
1437 1563 1547 1598 ἀγάπην
1562 1563 1608 1589 καὶ
1627 1564 1729 1599 σκέπην
1742 1563 1842 1598 ἐμφανί-

1068 1606 1147 1639 ζοντα
1160 1615 1166 1623 ·
1189 1608 1297 1643 πρῶτον
1320 1609 1378 1644 μὲν,
1393 1609 1434 1634 ὅτι
1459 1609 1508 1644 οὐχ
1528 1609 1692 1645 εὑρίσκομεν
1707 1610 1752 1636 ἀπ’
1767 1608 1841 1644 ἀρχῆς

1067 1653 1163 1685 αἰῶνος
1178 1653 1251 1685 ἔθνος
1267 1653 1320 1680 ὑπὸ
1336 1654 1443 1680 πάντων
1457 1654 1540 1681 ἐθνῶν
1555 1655 1709 1691 πολεμηθὲν
1728 1655 1771 1682 ἐπὶ
1789 1653 1841 1689 χρό-

1066 1707 1127 1730 νους
1141 1699 1284 1731 τοσούτους
1294 1699 1350 1734 (65)
1366 1700 1412 1726 καὶ
1429 1699 1467 1735 μὴ
1490 1700 1659 1735 ὲξαλειφθὲν,
1675 1702 1699 1728 εἰ
1718 1701 1754 1737 μὴ
1773 1701 1840 1736 μόνον

1065 1745 1115 1780 τὴν
1129 1744 1175 1771 τοῦ
1187 1745 1305 1780 Χριστοῦ
1326 1745 1428 1777 πίστιν,
1443 1746 1503 1781 ἥτις
1522 1747 1572 1773 οὐκ
1587 1747 1622 1774 ἂν
1637 1747 1741 1783 ἔμεινεν
1761 1745 1840 1778 ἀνεξά-

1066 1789 1183 1822 λειπτος,
1195 1790 1280 1822 οὕτως
1297 1790 1349 1816 ὑπὸ
1368 1791 1477 1817 πάντων
1488 1791 1541 1818 τῶν
1559 1792 1646 1819 ἐθνῶν
1660 1791 1837 1827 πολεμηθεῐςαι

1066 1837 1090 1862 εἰ
1109 1835 1145 1871 μὴ
1159 1837 1217 1872 χεὶρ
1232 1836 1339 1872 ’Κυρίου
1368 1837 1528 1872 διεφύλαττε
1551 1838 1599 1864 καὶ
1623 1839 1749 1873 φυλάττει
1765 1836 1838 1871 αὐτὴν

1066 1882 1272 1915 ἀνεξάλειπτον’
1291 1883 1415 1918 δεύτερον
1437 1884 1475 1915 δὲ,
1500 1885 1595 1920 ὅτιπερ
1624 1886 1709 1917 οὐδεὶς
1728 1882 1838 1919 βασιλεὺς

1065 1927 1235 1964 Χριστιανῶν
1256 1929 1404 1966 βαρϐάροις
1418 1930 1483 1957 ποτὲ
1502 1931 1638 1968 παρεδόθη
1660 1933 1699 1963 είς
1727 1930 1836 1958 θάνατον,

1066 1974 1154 2000 καίτοι
1172 1974 1308 2001 τοσούτων
1323 1975 1407 2001 ἐθνῶν
1421 1975 1451 2002 τὸ
1477 1975 1612 2006 βασίλειον
1626 1976 1834 2012 πολεμησάντων.

1066 2019 1102 2046 Oti
1118 2019 1197 2054 μόνον
1210 2019 1238 2046 δὲ
1250 2020 1295 2046 τὸν
1306 2020 1428 2056 βασιλέα,
1439 2020 1506 2047 ἀλλὰ
1520 2021 1580 2047 οὐδὲ
1590 2022 1639 2058 τὴν
1653 2021 1746 2048 ἑαυτοῦ
1757 2018 1835 2046 εἰκόνα

1066 2065 1098 2091 ἐκ
1107 2065 1154 2091 τοῦ
1169 2065 1335 2101 νομίσματος
1346 2067 1518 2102 καταργῆσαι
1534 2068 1582 2093 σὺν
1603 2068 1641 2103 τῷ
1655 2067 1758 2102 σταυρῷ
1771 2065 1835 2099 ἴσχυ-

1067 2118 1126 2142 σαν,
1150 2110 1251 2146 καίπερ
1279 2110 1359 2137 τινῶν
1380 2112 1519 2146 τυράννων
1535 2111 1614 2138 τοῦτο
1640 2111 1832 2147 δοκιμασάντων-

1065 2155 1111 2191 Mi]
1126 2156 1180 2191 γὰρ
1193 2155 1270 2191 ψιλόν
1281 2165 1310 2183 τε
1325 2157 1372 2183 καὶ
1385 2157 1492 2189 εὐτελές
1506 2166 1546 2184 σοι
1560 2159 1676 2194 πρᾶγμα
1689 2157 1761 2184 τοῦτο
1776 2153 1834 2182 εἶναι

1066 2199 1191 2236 νομισθῇ.
1211 2201 1242 2227 Et
1261 2201 1298 2237 μὴ
1322 2201 1376 2237 γὰρ
1397 2202 1466 2238 ὑπὲρ
1489 2203 1577 2235 πάσας
1605 2205 1654 2236 τὰς
1677 2203 1775 2234 πίστεις
1794 2202 1833 2235 τὴν

232 2253 273 2276 set
289 2248 360 2276 Deus
374 2251 401 2275 et
412 2247 561 2280 dilexisset,
575 2247 661 2282 ipsam
673 2247 787 2276 minime
800 2248 903 2284 absque
915 2249 1012 2277 damno

1070 2247 1204 2282 ἡμετέραν
1230 2248 1244 2273 ὸ
1264 2247 1330 2279 Θεὸς
1344 2246 1484 2280 ἐξελέξατο
1509 2250 1555 2276 καὶ
1570 2250 1722 2285 ἠγάπησεν,
1743 2249 1788 2275 οὐκ
1806 2247 1833 2274 ἂν

231 2300 257 2322 et
272 2294 392 2324 vulnere,
413 2293 517 2320 medias
540 2293 612 2321 inter
626 2297 721 2329 gentes
748 2294 875 2329 luporum
897 2296 1012 2329 similes,

232 2343 377 2366 servasset.
399 2338 533 2366 Praeterea
562 2347 617 2366 non
643 2339 736 2367 debuit
755 2341 912 2375 permittere
942 2342 1014 2370 Deus

231 2382 328 2410 falsam
349 2382 439 2416 Iidem,
457 2386 519 2417 post
542 2382 757 2412 incarnationem
779 2385 841 2412 Filii
861 2388 903 2413 sui
919 2392 946 2414 et
966 2386 1013 2414 Dei

231 2429 318 2455 nostri
339 2427 444 2455 Domini
456 2427 520 2456 Jesu
532 2428 646 2461 Christi,
669 2437 717 2464 per
733 2438 829 2458 omnes
846 2435 924 2459 terrae
945 2432 1013 2460 ﬁnes

231 2474 376 2501 dominari.
390 2474 467 2503 Unde
479 2475 529 2503 hoc
544 2476 633 2510 ipsum
644 2477 716 2511 quod
731 2477 757 2504 in
781 2478 908 2507 omnibus
922 2480 1014 2515 genti-

231 2520 283 2548 bus
304 2521 438 2547 creditum
450 2522 485 2549 sit
509 2521 612 2549 Christi
628 2522 816 2558 Evangelium,
841 2529 945 2552 certum
971 2530 1013 2554 est

232 2571 421 2602 argumentum
437 2575 490 2595 non
506 2568 585 2595 aliam
602 2569 674 2603 piam
693 2576 755 2597 esse
772 2569 850 2598 ﬁdem
865 2572 916 2599 sub
929 2573 1010 2600 cmlo.

268 2711 321 2746 (60)
343 2711 404 2739 Iliae
418 2713 532 2746 qua-stio
548 2713 623 2739 deest
640 2713 666 2739 in
689 2713 770 2740 Basil.
793 2713 861 2741 Ibid.
883 2713 969 2742 Palat.
986 2715 1013 2747 Ξ,

231 2746 330 2786 Λοιπὸν
343 2747 403 2786 ἐπεὶ
418 2748 558 2786 εἱς-ὂνονιό
577 2749 692 2786 Χριστος
714 2748 849 2786 εκάθισεν,
872 2749 1014 2786 ὀφείλομεν

232 2782 280 2807 καὶ
293 2782 355 2813 τοὺς
368 2782 443 2813 ὅνους
457 2782 636 2814 ἀσπάζεσθαι.
659 2784 752 2810 Ἀπόκ.

267 2817 321 2855 _((il)
337 2816 454 2855 Quidam
472 2825 550 2855 mss.,
575 2818 688 2854 σταυρὸν
707 2819 735 2845 δὲ
752 2818 869 2854 ὁρῶντες
884 2820 1014 2855 τρέμουσι

232 2852 278 2878 καὶ
295 2851 423 2885 φεύγουσι
440 2853 487 2879 καὶ
503 2861 564 2879 κατ.

442 2870 655 2920 residem-.5;
667 2888 750 2915 ταῦτα
764 2888 850 2924 ῥίψαν
868 2890 914 2917 καὶ
931 2898 1014 2918 κατα-

1066 2292 1149 2328 αύτὴν
1161 2292 1212 2319 ἀνὰ
1225 2293 1306 2328 μέσον
1322 2293 1376 2320 τῶν
1391 2294 1474 2322 ἐθνῶν
1487 2295 1524 2327 ὼς
1531 2296 1621 2323 λύκων
1636 2297 1717 2323 ὄντων
1731 2294 1831 2330 ἐφύλατ-

1064 2347 1110 2365 τεν
1124 2339 1230 2374 ἀὸλαϐῆ
1247 2348 1277 2366 τε
1294 2339 1342 2366 καὶ
1357 2341 1490 2376 ἄτρωτον.
1508 2342 1582 2378 Πλὴν
1592 2343 1651 2370 οὐδὲ
1671 2342 1762 2378 ἔμελλε
1776 2347 1831 2372 ουτ-

1065 2387 1162 2422 χωρείν
1178 2387 1192 2412 ό
1217 2386 1284 2418 Θεὸς
1307 2387 1516 2423 πεπλανημένην
1540 2389 1630 2416 πίστιν
1644 2386 1832 2424 κατακυριεύειν

1067 2432 1135 2467 μετὰ
1146 2432 1196 2467 τὴν
1212 2432 1350 2467 σάρκωσιν
1363 2433 1408 2459 τοῦ
1429 2433 1494 2460 Υἰοῦ
1509 2434 1591 2461 αὑτοῦ
1607 2436 1654 2462 καὶ
1676 2434 1738 2461 Θεοῦ
1754 2431 1831 2468 ﬁll-51V.

1064 2477 1111 2504 τοῦ
1129 2478 1232 2513 Κυρίου
1256 2478 1343 2512 Ἰησοῦ
1369 2478 1488 2514 Χριστοῦ
1515 2479 1562 2506 ἐπὶ
1587 2481 1673 2507 πάντα
1691 2479 1724 2506 τὰ
1740 2479 1832 2513 πέρατα

1065 2523 1114 2558 τῆς
1121 2524 1182 2559 γῆς.
1198 2524 1279 2551 Ὅθεν
1292 2524 1340 2550 καὶ
1351 2524 1416 2550 αὐτὸ
1428 2525 1518 2556 τοῦτο,
1526 2526 1556 2552 τὸ
1569 2527 1598 2553 ὲν
1615 2527 1680 2553 πᾶσι
1695 2526 1747 2556 τοῖς
1755 2524 1831 2551 ἔθνεσι

1065 2569 1242 2605 πιστευθῆναι
1264 2570 1295 2596 τὸ
1316 2571 1481 2604 Εὑαγγέλιον
1500 2571 1546 2598 τοῦ
1566 2572 1693 2608 Χριστοῦ,
1712 2568 1830 2607 μαρτυρία

1065 2615 1138 2641 ἐστὶν
1154 2615 1282 2651 ἀψευδὴς,
1294 2616 1335 2642 ὅτι
1349 2616 1400 2643 οὑκ
1412 2616 1486 2644 ἐστιν
1500 2618 1566 2654 ἄλλη
1581 2618 1670 2651 πίστις
1685 2616 1790 2651 εὐσεϐὴς
1807 2615 1830 2640 ἐν

1064 2661 1098 2695 τῇ
1114 2660 1160 2687 ὑπ’
1180 2660 1303 2696 οὐρανόν.

1065 2717 1195 2751 πατῆσαι.
1213 2719 1260 2745 καὶ
1273 2719 1318 2745 τὸν
1333 2719 1381 2749 an.

1101 2752 1156 2787 (6⁵)
1178 2753 1297 2786 Qumstio
1311 2755 1368 2783 haec
1383 2757 1461 2785 abest
1474 2765 1488 2784 a
1504 2757 1591 2784 Palat.
1614 2755 1632 2782 2
1647 2759 1673 2783 ct
1683 2763 1697 2782 a
1709 2752 1829 2782 veterilus

1065 2787 1146 2815 editis
1160 2788 1276 2816 Latinis.

1055 2848 1058 2851 -
1099 2822 1156 2863 (ἓξ)
1177 2823 1223 2863 §§c
1234 2824 1345 2863 quidam
1361 2833 1428 2854 mss.
1446 2827 1527 2861 Editi,
1544 2828 1560 2863 ὴ
1574 2827 1637 2863 περί
1649 2822 1813 2863 Χριστιανῶν.

1067 2857 1221 2925 ὼὲϐῗ)ς8ἱς
1239 2857 1357 2888 maxima
1372 2869 1434 2896 pars
1450 2857 1616 2895 mss.'E'diti,'
1630 2857 1781 2895 ὲπ“ι’χρόνσι;
1791 2863 1828 2882 τυ·

1115 2901 1129 2919 τ
1148 2902 1156 2919 ι
1175 2914 1181 2921 1

1115 2901 1181 2921 τοις.
