1924 3059
120 175 175 203 625

618 174 850 208 ρυαδτιοκεδ
869 174 914 202 AD
933 173 1135 202 ANTIOCHUM
1154 172 1284 202 DUCEM.

1699 171 1751 199 626

158 235 216 270 (66)
232 234 328 271 Ἐρώτ.
348 238 403 270 μγ’.
416 236 472 262 Καὶ
484 235 509 262 εί
528 235 614 263 ταῦτα
629 236 715 268 οὓτως
735 236 801 272 ἕχει,
816 236 873 268 πῶς
899 238 904 257 ί

999 235 1109 268 Ουεετ.
1125 233 1215 261 XLIII.
1238 233 1267 261 Si
1283 232 1319 261 ita
1335 240 1379 260 res
1394 232 1485 265 habet,
1500 239 1550 260 cur
1564 231 1679 258 Satanas
1695 238 1750 258 non

121 281 245 312 Σατανᾶς
261 281 291 307 οὺ
311 281 406 308 διεῖλεν
426 281 508 318 ἄλλην
524 283 615 309 πίστιν
631 283 676 309 ἐπὶ
687 283 739 318 γῆς
757 283 798 314 εἰς
813 283 910 310 τοσαύ-

120 336 171 358 τας
185 327 314 363 αἱρέσεις,
328 328 352 354 εί
370 329 407 363 μὴ
418 329 468 363 τὴν
483 328 536 355 τῶν
549 329 734 364 Χριστιανῶν;

165 372 259 400 Ἀπόκ.
276 372 320 405 Ὠς
335 373 525 409 ἀντικειμένην
535 373 608 410 αὐτῷ
620 374 740 410 δηλονότι
756 375 802 401 καὶ
812 382 912 408 καταρ-

119 418 221 453 γοῦσαν
237 419 328 446 αὐτόν.
344 419 411 446 Ποία
427 419 491 455 γὰρ,
504 419 565 446 εἰπέ
588 429 644 455 μοι,
664 420 774 455 φροντὶς
794 420 811 455 ἢ
834 420 906 455 μέρι-

121 473 175 499 μνα
187 464 226 499 τῷ
241 465 356 500 Σατανᾷ,
380 465 533 498 Ἰουδαίους,
547 465 564 501 ἢ
577 465 758 501 Σαμαρείτας,
774 465 791 500 ἢ
810 465 909 501 ’Έλλη-

118 518 168 542 νας
183 509 376 546 πολεμῆσαι,ἢ
394 511 505 546 μερίσαι
528 512 568 543 είς
592 511 714 547 αἱρέσεις
735 511 781 538 καὶ
804 511 909 543 πίστεις

118 555 285 591 ὃιαφόρους;
306 556 395 584 Πᾶσαι
414 557 470 592 γὰρ
484 554 564 584 αὗται
580 557 661 583 αὑτοῦ
675 558 739 589 εἰσι,
762 558 810 584 καὶ
832 557 909 583 οὐδα-

119 601 180 636 μῶς
197 602 211 628 ὁ
226 602 347 634 Σατανᾶς
358 602 388 628 τὸ
400 602 497 628 ἑαυτοῦ
511 602 634 637 πολεμεῖ,
649 602 717 629 ἀλλὰ
724 601 757 629 τὰ
768 602 815 628 τοῦ
828 601 906 629 Θεοῦ.

118 647 200 672 Ὥστε
212 646 250 682 τῷ
263 647 417 682 βουλομένῳ
430 647 477 674 καὶ
501 647 626 674 ἐντεῦθέν
649 648 707 674 ἐστι
738 647 849 682 μαθεῖν,
867 647 907 674 ὅτι

116 691 167 718 οὐκ
182 691 255 718 ἐστιν
268 692 349 728 ὲτέρα
365 693 457 724 πίστις
475 692 590 729 εὐσεϐὴς
601 693 648 719 ἐπὶ
663 692 713 728 τῆς
725 694 776 728 γῆς
790 692 869 728 ἄλλη,
882 693 907 719 εί

118 736 156 772 μὴ
176 735 243 772 μόνη
259 738 276 772 ἡ
287 737 327 769 είς
336 737 464 773 Χριστόν.

154 782 208 818 (67)
234 782 330 818 Ἐρώτ.
358 782 408 817 μδ¹.
436 782 508 818 Ποίῳ
532 782 560 809 δὲ
584 782 677 818 τρόπῳ
703 782 834 818 πείσομεν
860 783 906 810 τὸν

117 827 226 863 ἰδιώτην
241 829 287 855 καὶ
304 828 452 864 βάρϐαρον,
466 829 507 856 ὃτι
528 829 599 864 ὑπὲρ
618 829 708 860 πάσας
724 829 773 860 τὰς
787 829 907 864 αἱρέσεις

115 875 133 909 ἡ
147 873 279 909 καθολικὴ
299 874 445 910 Ἐκκλησία
456 874 504 910 τὴν
522 873 604 910 ὀρθὴν
620 874 711 901 πίστιν
721 874 789 910 ἔχει,
809 875 857 903 καὶ
874 875 905 902 οὐ

117 918 265 953 σφάλλεται
275 927 282 951 ;

160 965 256 991 Ἀπόκ.
270 965 301 992 0t
317 964 354 1000 μὴ
364 965 506 1001 δυνάμενοι
520 965 636 1002 Γραφῶν
650 975 680 993 τε
695 965 742 993 καὶ
763 966 905 1002 δογμάτων

117 1010 260 1046 ἀκρίϐειαν
273 1010 319 1037 καὶ
335 1010 415 1045 βάθος
429 1011 544 1038 ἀκοῦσαι
560 1011 684 1039 ἐντεῦθεν
699 1012 730 1039 τδ
750 1012 829 1047 μόνον
860 1011 908 1038 καὶ

115 1057 227 1088 εὐσεϐὲς
249 1057 303 1092 (68)
334 1057 384 1093 τῆς
412 1058 559 1093 καθολικῆς
590 1058 708 1095 Χριστοῦ
744 1058 907 1095 Ἐκκλησίας

115 1102 282 1138 πιστωθῆναι
296 1103 448 1136 ὀφείλουσιθ
475 1103 546 1138 λέγω
562 1103 595 1140 δὴ
605 1105 637 1131 ὲκ
654 1103 701 1131 τοῦ
725 1105 814 1132 πάντα
844 1105 908 1136 τοὺς

116 1149 267 1184 σωτηρίους
284 1149 331 1176 καὶ
346 1149 453 1185 τιμίους
469 1149 522 1177 τῶν
536 1149 654 1185 Χριστοῦ
677 1150 848 1186 παθημάτων
861 1151 906 1178 τό·

116 1204 183 1227 πους
198 1196 231 1231 τῇ
255 1195 385 1232 καθολικῇ
408 1196 456 1222 καὶ
478 1195 610 1232 ὀρθοδόξῳ
633 1196 712 1232 ἡμῶν
738 1197 828 1223 πίστει
859 1197 907 1224 καὶ

122 1241 271 1277 Ἐκκλησία
298 1242 350 1268 ὑπὸ
377 1240 444 1268 Θεοῦ
460 1241 612 1278 δωρηθῆναι
633 1243 681 1269 καὶ
708 1243 904 1278 πιστευθῆναι·

115 1286 188 1321 λέγω
201 1287 232 1322 δὴ
247 1287 296 1323 τὴν
309 1286 447 1323 Ναζαρὲθ,
465 1287 529 1314 ἔνθα
540 1288 554 1314 6
570 1287 686 1324 Χριστὸς
702 1288 731 1314 ὲν
745 1289 810 1324 ἡμῖν
826 1288 908 1324 ἐσκή-

115 1341 203 1359 νωσε·
222 1333 271 1368 τὴν
282 1333 415 1369 Βηθλεὲμ,
431 1332 494 1360 ἔνθα
516 1334 588 1361 κατὰ
611 1334 700 1370 σάρκα
725 1334 839 1371 ἐτέχθη·
857 1335 906 1371 τὴν

114 1379 196 1410 Σιὼν,
208 1379 272 1406 ἔνθα
289 1378 337 1414 τὴν
352 1379 491 1415 σωτηρίαν
510 1379 549 1415 τῷ
563 1379 658 1416 κόσμῳ
670 1381 818 1416 εἰργάσατο
828 1390 835 1396 ·
859 1382 905 1409 τὸν

121 1425 266 1461 Ἰορδάνην,
283 1425 347 1452 ἔνθα
367 1426 413 1452 τὸν
438 1425 524 1462 Ἀδὰμ
545 1427 715 1454 ἀνεκαίνισε·
740 1427 771 1453 τὸ
793 1427 904 1463 Θαὸὼρ,

115 1471 180 1499 Ενθα
204 1472 254 1508 τὴν
274 1471 328 1499 τῶν
344 1472 466 1509 οὐρανῶν
495 1473 632 1508 βασιλείαν
655 1473 849 1509 προετύπωσε·
874 1474 904 1501 τὺ

113 1517 169 1544 τῶν
194 1517 306 1544 Ἐλαιῶν
326 1518 405 1554 ὅρος,
418 1518 478 1545 ὅθεν
492 1519 560 1554 πρὸς
573 1519 617 1546 τὸν
646 1519 757 1554 Πατέρα
779 1520 807 1546 ὲν
823 1519 904 1556 οὐρα-

114 1563 171 1593 νοῖς
192 1562 237 1596 ἀφ’
258 1562 336 1597 ἡμῶν
362 1563 534 1598 ἀνελήλυθεν.
560 1563 671 1599 Οὖσπερ
692 1563 816 1596 ἅπαντας
840 1565 904 1596 τοὺς

962 283 1043 309 aliam
1063 281 1141 308 ﬁdem
1164 282 1191 308 in
1209 284 1284 308 terra
1299 279 1393 307 divisit
1410 279 1437 305 in
1453 281 1492 306 tot
1508 278 1636 309 haereses,
1652 280 1750 312 praeter

961 329 1046 355 solam
1064 327 1286 354 Christianorum
1301 324 1401 352 ﬁdem?

996 374 1074 402 Bssr.
1095 374 1164 407 Quia
1179 374 1286 402 scilicet
1302 372 1352 407 ipsi
1374 372 1546 404 adversatur,
1562 371 1672 406 vimque
1689 370 1749 405 ejus

961 420 1066 447 irritam
1095 421 1175 454 plane
1202 419 1301 446 reddit.
1327 417 1419 453 Ecqua
1443 419 1517 446 enim
1539 425 1617 450 cura,
1640 417 1748 450 amabo,

961 464 1040 499 227
1055 463 1162 492 Satanae
1177 467 1251 492 esset
1271 463 1390 495 Iudaeos,
1405 462 1555 491 Samaritae
1574 467 1621 490 aut
1635 462 1748 498 gentiles

959 509 1103 538 adoriendi
1126 514 1174 537 aut
1197 510 1226 537 in
1251 509 1369 537 hazreses
1391 513 1418 537 et
1442 509 1533 537 varias
1559 509 1626 536 ﬁdes
1650 508 1748 536 discin-

958 556 1060 584 dendi?
1075 555 1122 583 Ha:
1143 556 1216 584 enim
1230 556 1263 583 ad
1279 556 1368 591 ipsum
1385 556 1534 591 pertinent,
1552 563 1604 583 nec
1624 562 1746 589 unquam

960 601 1076 631 Satanas
1091 611 1124 630 ea
1144 610 1204 638 quae
1228 606 1293 631 eunt
1307 602 1367 636 ejus
1388 602 1540 637 impugnat,
1562 601 1608 628 sed
1624 609 1685 637 qum
1698 600 1746 628 Dei

958 653 1032 677 sunt.
1048 648 1186 682 Quocirca
1208 649 1272 676 inde
1286 648 1403 683 quisque
1419 647 1508 682 possit
1527 646 1644 678 discere.
1666 647 1745 673 aliam

957 698 1029 732 piam
1041 696 1120 724 ﬁdem
1140 696 1168 723 in
1188 696 1270 724 terris
1286 695 1388 722 nullam
1410 702 1482 726 esse,
1500 698 1671 729 praeteream
1693 700 1746 728 qua

957 742 985 770 in
1000 742 1140 770 Christum
1155 742 1305 770 credimus.

991 788 1103 821 Qumsr.
1135 787 1226 816 XLiV.
1250 787 1374 821 Quanam
1411 786 1519 815 ratione
1550 786 1611 814 rudi
1643 785 1745 812 homini

956 839 984 862 et
1007 835 1125 862 barbaro
1154 834 1381 869 persuadebimus
1406 834 1569 860 catholicam
1596 832 1744 860 Ecclesium

956 886 1012 913 pra:
1046 879 1173 906 omnibus
1202 878 1352 906 haeresibus
1383 881 1485 905 rectam
1515 878 1594 905 ﬁdem
1626 877 1743 908 habere.

956 931 1007 951 nec
1028 932 1122 952 errare
1137 923 1149 950 '.’

993 969 1076 997 Rssr.
1104 969 1157 1003 Qui
1187 967 1394 1004 Scripturarum
1421 972 1448 996 et
1476 969 1632 1004 dogmatum
1662 975 1743 995 accu-

957 1018 1045 1042 ratam
1077 1018 1104 1042 et
1129 1014 1291 1050 profundam
1321 1014 1540 1050 explanationem
1570 1014 1664 1041 audire
1689 1021 1744 1041 nou

957 1065 1089 1097 possunt,
1113 1060 1178 1088 inde
1207 1060 1331 1096 persuasi
1362 1059 1462 1087 debent
1487 1067 1548 1087 esse
1575 1059 1610 1087 de
1632 1059 1741 1095 integri-

958 1111 1015 1135 tate
1044 1110 1072 1135 et
1086 1107 1202 1135 veritate
1218 1106 1360 1133 catholicae
1375 1105 1478 1133 Christi
1498 1105 1743 1141 Ecclesimmempe

957 1153 1010 1180 hoc
1046 1161 1080 1181 ex
1114 1153 1223 1187 capite,
1254 1152 1326 1187 quod
1363 1152 1494 1179 salutaria
1528 1155 1555 1179 et
1590 1151 1742 1179 veneranda

956 1199 1059 1228 Christi
1083 1200 1244 1235 passionum
1268 1198 1348 1231 loca,
1364 1198 1505 1226 catholica:
1532 1202 1558 1225 et
1586 1198 1743 1226 orthodoxa!

956 1249 1060 1273 uestrae
1085 1244 1147 1272 ﬁdei
1177 1247 1206 1273 et
1233 1243 1363 1271 Ecclesiae
1391 1251 1407 1271 a
1433 1243 1489 1271 Deo
1512 1243 1612 1271 donata
1638 1244 1692 1271 sint
1716 1248 1743 1271 et

956 1290 1061 1318 credita
1083 1299 1089 1318 :
1111 1297 1209 1325 nempe
1230 1289 1365 1317 Nazareth
1391 1290 1437 1317 ubi
1462 1289 1590 1317 Christus
1608 1299 1618 1315 ί
1638 1290 1743 1317 habita~

955 1337 994 1364 vit
1016 1336 1046 1363 in
1070 1336 1148 1364 nobis
1162 1337 1219 1369 ⁹⁵›;
1241 1335 1416 1367 Bellilehem,
1442 1335 1488 1362 ubi
1505 1335 1656 1363 secundum
1677 1343 1740 1363 car-

956 1390 1018 1410 nem
1046 1386 1127 1410 natus
1147 1385 1206 1415 est;
1224 1380 1311 1414 Sion,
1335 1382 1382 1409 ubi
1405 1381 1520 1409 salutem
1550 1381 1652 1408 mundo
1675 1388 1741 1415 ope-

954 1432 1032 1455 ratus
1066 1431 1125 1460 est;
1154 1425 1299 1460 Iordanis,
1327 1427 1373 1454 ubi
1411 1426 1546 1453 Adamum
1585 1426 1740 1458 renovavit;

955 1473 1079 1505 Thabor,
1093 1472 1139 1500 ubi
1156 1472 1287 1500 ccelorum
1303 1479 1415 1507 regnum
1428 1471 1629 1507 praeﬁguravit;
1663 1479 1742 1499 mons

955 1518 1113 1551 Olivarum,
1139 1518 1212 1545 unde
1240 1518 1268 1544 in
1298 1518 1382 1546 caelos
1408 1518 1440 1545 ad
1464 1517 1591 1550 Patrem,
1616 1524 1632 1544 a
1661 1517 1741 1545 nobis

956 1563 1088 1591 ascendit.
1109 1563 1174 1596 Quae
1211 1563 1302 1590 omnia
1331 1567 1425 1591 sancta
1449 1567 1476 1590 et
1499 1562 1652 1590 veneranda
1681 1563 1740 1598 ejus

115 1607 198 1635 αὑτοῦ
214 1608 308 1642 ἁγίους
329 1608 375 1635 καὶ
388 1609 553 1645 σεϐασμίους
576 1609 674 1641 τόπους
694 1610 745 1637 οὐκ
760 1610 822 1645 εἰκῆ
842 1611 902 1637 οὐδὲ

960 1611 1013 1636 ‘oca
1036 1617 1089 1636 non
1111 1613 1213 1637 temere
1241 1617 1291 1637 nec
1320 1609 1421 1637 frustra
1446 1609 1587 1636 catholicae
1611 1608 1740 1636 Ecclesiae

118 1653 206 1689 μάτην
229 1654 261 1689 τῇ
289 1653 417 1689 καθολικῇ
442 1654 589 1690 Ἐκκλησία
611 1654 799 1682 ὲνεπίστευσεν
824 1656 877 1692 (69)
894 1665 904 1671 λ

116 1699 174 1726 ἀλλ’
185 1700 222 1731 ὡς
236 1699 415 1735 εὐσεὸεστέρᾳ
430 1700 550 1735 δηλονότι
567 1700 614 1727 καὶ
628 1700 777 1737 τιμιωτέρᾳ
796 1702 904 1729 πάντων

115 1746 162 1772 ἐπὶ
173 1745 227 1772 τῶν
248 1745 333 1780 ἁγίων
346 1745 422 1782 παρὰ
439 1747 610 1782 Χριστιανοϊς
628 1747 834 1783 ὀνομαζομένων
859 1748 904 1775 πί-

117 1799 202 1817 στεων
219 1791 265 1817 καὶ
283 1790 446 1826 ἐκκλησιῶν.
459 1791 515 1818 Καὶ
525 1791 618 1827 ὥσπερ
644 1791 768 1827 βασιλεὺς
786 1793 849 1825 τοὺς
861 1802 903 1820 τι-

117 1836 195 1871 μίους
211 1835 291 1862 αὐτοῦ
316 1836 362 1862 τοῦ
379 1836 509 1863 παλατίου
526 1835 657 1869 κοιτὼνας
680 1837 727 1865 καὶ
752 1838 904 1875 θησαυροὺς

114 1883 173 1913 τοῖς
186 1881 355 1917 πιστοτέροις
367 1881 475 1908 πάντων
489 1875 544 1908 τῶν
559 1881 703 1917 ὑπουργῶν
717 1883 798 1910 αὑτοῦ
816 1885 904 1920 ὲγχειη

116 1923 187 1959 ρίζει
201 1932 231 1950 τε
246 1925 293 1951 καὶ
312 1924 451 1951 πιστεύει”
467 1924 538 1952 οὕτω
561 1925 608 1952 καὶ
623 1926 638 1952 ὁ
653 1927 769 1962 Χριστὸς
785 1929 832 1954 ἀπ’
851 1930 902 1965 ἀρ-

115 1970 167 2005 χῆς
192 1969 242 2004 τῆς
266 1970 417 2006 παρουσίας
444 1970 526 1997 αὐτοῦ
544 1971 577 2006 τῇ
603 1971 732 2008 καθολικῇ
757 1973 903 2010 Ἐκκλησία

113 2015 177 2046 τοὺς
194 2016 357 2051 σεϐασμίους
369 2015 451 2043 αὑτοῦ
466 2016 565 2048 τόπους
579 2017 745 2045 ἐπίστευσεν.
759 2019 790 2045 Εἰ
815 2019 842 2046 δὲ
863 2020 904 2047 λέ-

113 2070 158 2096 γει
172 2062 186 2087 ό
210 2061 242 2087 δι’
259 2062 383 2094 ἐναντίας
397 2062 466 2098 (70),
481 2062 521 2089 ὅτι
546 2062 672 2100 βασιλικῇ
689 2065 825 2099 τυραννίδι
841 2067 902 2093 τού-

113 2116 176 2139 τους
191 2107 353 2143 κατέχομεν,
374 2108 530 2143 μανθανέτω
543 2109 557 2135 ὁ
575 2109 693 2141 τοιοῦτος
703 2130 710 2141 ,
722 2111 826 2147 ὅτιπερ,
855 2113 903 2140 καὶ

114 2153 259 2189 βαρϐάρων
275 2154 404 2186 πολλάκις
422 2154 470 2190 τὴν
482 2155 661 2190 Παλαιστίνην
678 2156 900 2192 παραλαϐόντων,

113 2199 144 2225 οὺ
167 2198 338 2235 συνεχώρησε
354 2200 470 2236 Χριστὸς
482 2199 545 2232 τοὺς
561 2200 657 2227 ἑαυτοῦ
674 2201 773 2234 τόπους
800 2203 901 2239 αἱρετι-

113 2246 172 2277 κοῖς
183 2245 237 2280 (71)
253 2246 448 2282 παραδοθῆναι.
472 2246 560 2278 Ἀλλὰ,
576 2247 628 2274 κᾶν
645 2248 714 2283 πρὸς
728 2248 814 2284 βραχὺ
822 2250 901 2277 τοῦτο

955 1654 1203 1688 concredidit,sed
1225 1660 1265 1688 ut,
1289 1655 1362 1683 omni
1393 1655 1445 1682 alia
1470 1655 1521 1682 ﬁde
1544 1658 1571 1682 et
1599 1654 1737 1687 Ecclesia,

955 1701 1025 1729 inter
1048 1701 1219 1729 Christianos
1235 1705 1408 1736 nuncupata,
1427 1701 1477 1736 piae
1493 1702 1579 1737 magis
1603 1705 1629 1729 et
1653 1702 1739 1729 hono-

953 1747 1058 1774 ratiori.
1074 1747 1112 1774 Ac
1126 1747 1354 1782 quemadmodum
1385 1748 1532 1782 imperator
1547 1749 1667 1782 pretiosa
1691 1756 1741 1783 paw

953 1793 1011 1821 latii
1026 1794 1068 1821 sui
1081 1794 1207 1821 cubicula
1224 1793 1420 1829 thesaurosque
1437 1795 1583 1822 committit
1600 1799 1627 1822 et
1649 1795 1738 1823 credit

953 1840 1076 1868 Omnium
1095 1848 1206 1868 suorum
1229 1841 1418 1867 ministrorum
1442 1841 1613 1869 ﬁdelioribus
1631 1852 1636 1869 :
1655 1841 1691 1869 ita
1711 1845 1739 1869 et

952 1887 1079 1916 Christus
1107 1887 1142 1915 ab
1163 1887 1241 1915 initio
1265 1887 1307 1915 sui
1332 1887 1475 1919 adventus,
1502 1887 1657 1915 veneranda
1677 1887 1738 1922 ejus

953 1933 1057 1961 scilicet
1072 1933 1142 1965 loca,
1157 1933 1297 1961 catholica:
1313 1933 1441 1961 Ecclesia:
1458 1933 1634 1961 concredidit.
1657 1933 1738 1966 Quod

953 1980 976 2008 si
992 1979 1168 2008 adversarius
1190 1980 1355 2015 respondeat
1370 1987 1420 2008 nos
1442 1984 1576 2016 potestate
1592 1980 1735 2015 tyrannica

952 2025 998 2052 illa
1014 2026 1166 2061 possidere,
1184 2025 1272 2054 discat
1287 2027 1332 2054 ille
1348 2026 1431 2061 quod,
1444 2026 1550 2053 etiamsi
1565 2025 1736 2053 Palaestinam

951 2079 1022 2107 saepe
1036 2072 1146 2099 barbari
1159 2072 1363 2107 occupaverint,
1385 2079 1440 2099 non
1462 2071 1587 2106 permisit
1610 2071 1737 2098 Christus

952 2125 1001 2145 sua
1024 2118 1083 2144 loca
1101 2117 1172 2144 tradi
1201 2117 1345 2145 haereticis.
1366 2116 1443 2149 Quod
1466 2118 1518 2145 etsi
1547 2116 1573 2144 id
1598 2116 1630 2143 ad
1656 2116 1736 2143 breve

951 2167 1058 2198 tempus
1075 2166 1259 2194 tentavcrunt.
1279 2163 1333 2190 cito
1349 2170 1445 2190 rursus
1459 2162 1592 2189 catholica
1608 2161 1733 2189 Ecclesia

951 2208 1025 2242 ipsos
1043 2208 1143 2243 abegit,
1159 2216 1213 2235 non
1229 2216 1308 2236 secus
1320 2216 1352 2235 ac
1368 2215 1466 2243 porcos
1488 2216 1502 2234 a
1520 2207 1622 2235 sanctis
1635 2207 1734 2234 Christi

953 2252 1000 2280 Dei
1016 2253 1102 2280 nostri
1117 2252 1222 2280 aedibus
1237 2257 1264 2280 et
1279 2253 1357 2280 locis.

112 2293 302 2329 ἐπεχείρησαν,
325 2294 463 2330 συντόμως
485 2295 565 2322 πάλιν
593 2295 610 2331 ἡ
634 2296 765 2332 καθολικὴ
786 2298 933 2334 Ἐκκλησία
949 2300 1061 2332 τούτους
1075 2300 1232 2333 άπεδίωξεν,
1246 2300 1284 2331 ὠς
1309 2300 1415 2336 χοίρους
1430 2300 1484 2327 τῶν
1512 2299 1596 2334 ἁγίων
1618 2297 1734 2334 Χριστοῦ

112 2339 159 2365 τοῦ
175 2338 242 2365 Θεοῦ
258 2339 336 2375 ἡμῶν
349 2339 437 2367 αὐλῶν
454 2340 500 2367 καὶ
510 2341 609 2368 τόπων.

155 2385 249 2421 Ἐρώτ.
272 2385 327 2421 μέμ
339 2386 394 2413 Ποῦ
411 2387 586 2422 ἐπέτρεψενὸ
612 2388 678 2421 Θεὸς
704 2391 760 2422 τοῖς
784 2390 899 2418 ἀποστό-

986 2393 1096 2427 ρυιεετ.
1127 2391 1208 2420 XLV.
1231 2392 1346 2420 Ubinam
1371 2391 1499 2427 praecepit
1517 2390 1588 2418 Deus
1605 2391 1734 2425 apostolis

112 2432 169 2464 λοις
195 2432 373 2467 Χριστιανοὺς
403 2433 543 2469 ὀνομάζειν
567 2435 629 2467 τοὺς
659 2435 834 2469 πιστεύοντας
860 2437 899 2473 τῷ

112 2478 241 2514 Χριστῷ;

154 2524 248 2551 Ἀπόκ.
268 2524 312 2551 Ἐν
340 2526 400 2556 ταῖς
416 2524 535 2560 Πράεεσι
554 2526 607 2552 τῶν
624 2527 779 2554 ἀποστόλων
803 2527 899 2554 ἀκούο-

113 2578 176 2606 μεν,
208 2571 249 2597 ὂτι
278 2571 307 2597 ὲν
330 2570 480 2607 Ἀντιοχείᾳ
509 2571 604 2606 γέγονε
633 2573 739 2608 πρῶτος
764 2582 899 2609 χρηματι-

147 2649 170 2665 ’⁸
187 2647 265 2676 Joan.
283 2657 309 2682 ι,
328 2649 370 2676 14.
409 2649 432 2665 ⁹⁹
451 2648 510 2676 Act.
527 2657 572 2681 xl,
591 2649 640 2676 26.

149 2726 205 2762 (66)
225 2725 395 2760 Quastioncs
408 2726 454 2762 45:
471 2726 515 2758 Μ,
532 2726 577 2762 45,
598 2726 644 2757 46,
665 2725 710 2755 67.
728 2725 773 2762 ιε,
789 2725 834 2757 49,
846 2725 899 2762 750,

114 2762 144 2788 51
170 2761 199 2789 et
219 2762 264 2795 52,
288 2762 388 2789 absunt
409 2770 425 2788 a
441 2761 526 2788 Palat.
543 2761 570 2794 2,
591 2765 619 2789 et
635 2769 649 2788 a
665 2761 801 2788 veteribus
820 2761 901 2788 editis

114 2796 348 2868 ιῗίίὶῐίῗῇμωειῑο
358 2831 415 2868 haec
433 2831 509 2858 abest
526 2839 541 2858 a
557 2830 641 2868 Palat.
658 2830 690 2868 μ
709 2834 737 2858 at
756 2830 901 2868 responsio

115 2865 236 2894 minime.
253 2867 317 2894 Post
337 2866 475 2902 βάρϐαρον.
495 2867 560 2903 Reg.
576 2867 604 2900 2,
622 2866 712 2898 habet,
727 2865 774 2893 καὶ
791 2865 899 2901 ᾰγράμ-

116 2909 209 2934 ματον.

952 2440 1122 2468 Christianos
1138 2440 1272 2475 appellare
1286 2447 1333 2467 eos
1345 2439 1391 2474 qui
1407 2438 1517 2466 Christo
1533 2437 1666 2465 credunt?

987 2527 1070 2555 Resp.
1091 2527 1219 2562 Legimus
1241 2526 1269 2554 in
1291 2526 1405 2554 Actibus
1427 2524 1651 2560 apostolorum",
1674 2532 1732 2551 ora-

952 2574 1044 2601 culum
1062 2573 1150 2608 primo
1165 2572 1266 2600 editum
1281 2579 1341 2600 esse
1356 2571 1522 2604 Antiochiae,
1530 2569 1587 2598 sive
1600 2568 1647 2596 Dei
1661 2577 1731 2597 reve-

987 2724 1043 2761 (68)
1061 2724 1127 2762 Reg.
1149 2725 1176 2757 2,
1196 2725 1227 2762 το
1244 2725 1358 2762 ἄμωμον
1371 2726 1417 2752 καὶ
1430 2726 1551 2762 ἀκριϐές.
1573 2726 1645 2753 infra
1663 2726 1730 2754 idem

951 2769 1031 2796 quem
1049 2761 1198 2795 sequimur,
1214 2761 1245 2786 ὲκ
1256 2761 1304 2786 τοῦ
1320 2761 1432 2793 πάντας.
1449 2761 1529 2794 Editi,
1541 2763 1603 2793 τοὺς
1619 2762 1723 2794 πάντας

987 2795 1041 2830 (69)
1062 2796 1129 2823 Tres
1144 2803 1201 2823 mss
1215 2816 1222 2828 ,
1237 2796 1406 2824 ἐπίστευσεν.

987 2831 1043 2867 (-70)
1063 2830 1149 2867 Palat.
1168 2833 1191 2863 Ι,
1206 2831 1220 2857 ὁ
1237 2831 1365 2867 ἐναντίος.

987 2865 1042 2900 (7i)
1063 2865 1100 2893 ita
1119 2865 1184 2901 Reg.
1207 2867 1235 2896 ‘2,
1251 2867 1278 2896 5,
1296 2870 1322 2893 et
1342 2865 1424 2893 Basil.
1441 2866 1486 2900 qui
1505 2867 1531 2894 in
1547 2868 1600 2893 hac
1615 2872 1729 2901 respon-

952 2901 1027 2929 sione
1044 2902 1123 2936 plane
1139 2901 1248 2930 desinit.
1262 2901 1346 2933 Edit.,
1358 2903 1405 2928 καὶ
1419 2903 1505 2937 αἱρετ.
