1924 3059
230 194 281 222 627

803 195 831 222 S.
852 193 1085 222 ATHANASIUS.
1107 209 1141 215 —
1160 194 1294 223 SPURIA.

1793 199 1838 227 628

230 252 357 279 lationem
373 251 503 286 apostolis
517 251 728 286 praecipientem,
744 256 773 278 ut
789 260 839 280 nos
863 251 1002 280 Christian

1067 251 1134 286 σμὸς
1149 251 1218 287 (72),
1233 252 1316 287 ῆγουν
1330 252 1498 287 ἀποκάλυψις
1515 252 1593 286 Θεοῦ,
1617 255 1672 286 τοῖς
1693 255 1838 288 ἀποστόλοις

230 298 443 324 nominaremur.
470 297 604 330 Quocirca
633 297 778 333 diligenter
800 297 924 325 advertat
945 298 1008 333 qui-

229 350 336 378 cunque
353 341 386 369 ad
405 342 542 370 Christum
563 344 621 371 vult
641 345 781 376 accedere,
798 352 906 372 omnem
930 344 1008 372 ﬁdem

228 389 256 415 in
273 388 354 415 terris
368 388 478 416 nomine
487 389 602 423 alicujus
610 389 729 416 hominis
744 389 884 424 appellari.
899 389 1010 417 Scilicet

227 441 243 460 a
259 432 370 460 Simone
383 433 535 460 Simoniani
550 434 688 467 dicuntur,
705 442 720 461 a
738 435 876 463 Marciane
892 435 1010 463 Marcio—

227 480 300 510 nitae.
322 480 356 507 ab
370 480 435 507 Ario
467 481 571 513 Ariani,
595 486 621 508 et
643 481 803 509 Eunomiani
826 486 936 517 propter
956 481 1011 509 Eu-

227 526 359 552 nomium.
372 525 419 553 Hae
433 533 528 554 omnes
544 531 700 562 caulemque
718 526 857 562 ﬁdes,qua:
870 527 1010 554 hominum

227 571 338 598 nomina
353 571 454 603 ferunt,
475 575 556 607 atque
571 572 608 599 ita
623 575 733 607 propter
747 572 808 600 illos
828 573 1010 607 appellantur,

225 624 282 644 non
296 621 360 644 sunt
375 617 433 650 Dei,
446 625 535 652 neque
552 617 622 645 Deus
643 618 670 644 in
693 618 746 646 illis
765 622 817 646 est.
834 618 902 645 Nam
918 619 941 646 si
963 618 1010 646 Dei

227 666 301 696 sunt,
322 671 371 690 cur
390 663 529 691 hominum
553 664 708 691 nominibus
732 665 902 699 appellantur
919 669 946 692 et
970 665 1012 691 in-

226 708 400 743 signiuntur?
411 708 541 735 Gloriatio
554 709 636 744 igitur
655 709 844 745 gloriationum
858 709 909 737 erit
932 710 1011 737 nobis

226 755 361 782 catholica
386 754 519 786 Ecclesia,
542 760 572 782 ut
595 759 621 783 et
635 756 707 791 quod
731 755 879 783 Christiani
896 755 1012 783 dicimur

226 807 253 829 et
271 803 453 835 nominamur,
473 807 502 830 ut
516 803 562 837 qui
584 811 638 829 non
656 803 691 830 ab
708 803 862 830 “ominibus
886 802 1010 830 nomine-

225 856 298 881 mur,
310 849 356 877 sed
371 856 386 876 a
399 848 455 876 Deo
468 849 660 878 illuminemur.

261 946 372 979 ngsr.
392 946 484 974 XLVI.
505 947 572 981 Quis
588 952 651 976 ante
666 956 760 977 omnes
776 947 859 976 Deum
882 949 909 976 In
930 949 1010 977 terris

227 993 377 1020 nominavit
391 993 494 1021 Deum?

261 1038 343 1066 Rssr.
366 1039 508 1067 Diabolum
528 1048 589 1068 esse
610 1041 783 1068 manifestum
803 1045 856 1073 est,
871 1049 933 1068 cum
955 1041 1011 1069 sci-

225 1085 289 1112 licet
301 1085 335 1113 ad
350 1084 435 1112 Evam
450 1085 521 1112 dixit
535 1095 542 1113 :
561 1086 647 1119 «Quid
661 1087 732 1114 dixit
744 1087 821 1114 vobis
837 1086 909 1114 Deus
929 1091 958 1114 ut
976 1095 1010 1114 ex

223 1130 297 1157 omni
312 1130 475 1166 ligno,quod
489 1135 532 1158 est
548 1131 576 1158 in
591 1132 728 1166 paradiso,
740 1131 905 1159 comedatis‘
915 1132 941 1158 Ἰ»
955 1131 1010 1159 Nec

223 1183 288 1203 vero
302 1176 329 1203 id
345 1177 453 1204 mireris
468 1187 474 1204 :
495 1185 614 1212 namque
627 1185 690 1205 cum
704 1177 829 1205 diabolus
845 1178 926 1205 fuerit
946 1178 1009 1205 olim

223 1222 348 1257 angelus,
374 1226 440 1250 tunc
454 1230 537 1258 supra
555 1223 694 1250 hominem
709 1223 850 1251 scientiam
863 1224 967 1251 habuit.

258 1267 367 1301 Qua-:51.
392 1268 496 1296 XLVII.
511 1269 627 1297 Ubinam
643 1277 706 1297 vero
717 1270 874 1304 paradisum
887 1270 1009 1298 dicemus

223 1315 305 1342 esse?
315 1315 369 1342 Alii
385 1315 457 1342 enim
474 1314 662 1351 Jerosolymis,
677 1316 724 1342 alii
742 1316 769 1343 in
783 1316 861 1344 caelis
873 1323 935 1344 eum
948 1323 1010 1344 esse

223 1360 310 1388 aiunt.

258 1405 340 1434 Resr.
354 1406 438 1434 Nemo
455 1407 551 1434 horum
568 1415 630 1435 vere
649 1407 741 1436 sentit.
761 1407 828 1435 Nam
841 1407 912 1443 quod
931 1407 1008 1436 Jero-

223 1453 336 1488 solymis
358 1453 502 1488 paradisus
524 1461 578 1480 non
601 1454 648 1486 sit,
671 1457 788 1480 testatur
807 1454 892 1481 Adam
915 1455 960 1489 qui
981 1455 1007 1481 in

222 1499 305 1534 228
327 1498 452 1526 Calvario
472 1499 554 1534 jacet.
574 1499 687 1527 Certum
712 1504 800 1528 autem
823 1503 865 1528 est
893 1508 955 1528 eum
980 1500 1008 1527 in

226 1545 355 1579 paradiso
377 1545 512 1580 sepultum
536 1553 591 1573 non
609 1545 705 1579 fuisse.
720 1546 767 1574 sed
783 1551 860 1574 extra
874 1554 936 1574 eum
950 1546 1008 1581 ejeo

222 1595 296 1618 etum
310 1598 380 1619 esse.
394 1591 470 1624 Quod
490 1596 578 1619 autem
593 1593 734 1627 paradisus
756 1601 810 1620 non
826 1594 860 1620 sit
875 1593 901 1620 in
918 1593 1005 1626 cwlis,
1020 1606 1041 1635 ρ

222 1641 338 1665 testatur
354 1636 494 1672 Scriptura
509 1646 568 1673 qua:
583 1638 630 1671 ait,
642 1638 690 1664 «Et
704 1639 835 1674 plantavit
849 1638 920 1665 Deus
932 1646 1008 1674 para-

221 1683 311 1712 disum
327 1684 354 1711 in
370 1683 445 1712 Eden
468 1685 500 1711 ad
519 1685 697 1712 orientem’.»
720 1685 852 1712 Docemur
870 1685 960 1719 itaque
974 1684 1007 1711 ab

222 1729 328 1756 oriente
341 1729 475 1757 universae
488 1733 569 1757 terrae
591 1738 652 1757 esse
666 1730 832 1765 paradisum.
850 1729 918 1757 Hinc
938 1730 1008 1757 scri-

221 1773 290 1801 bunt
305 1774 424 1802 accurati
442 1774 565 1802 historici
582 1775 663 1809 hujus
684 1775 722 1802 rei
742 1782 825 1802 causa
859 1774 1006 1810 fragrantia

222 1822 345 1845 aromata
360 1826 456 1846 versus
470 1820 617 1848 orientales
632 1821 688 1847 sive
709 1819 815 1847 lndicas
835 1825 924 1854 partes
935 1821 1007 1847 exsi-

222 1863 306 1890 stere.
321 1863 414 1895 utpote
432 1868 492 1895 quae
508 1861 634 1895 paradiso
661 1862 716 1889 sint
739 1861 894 1890 viciniores.
921 1862 1007 1896 Atque

224 1907 254 1931 ut
267 1904 362 1939 palmae
384 1912 472 1932 mares
494 1906 600 1940 palmas
619 1905 734 1933 feminas
748 1906 896 1940 proximas,
913 1911 1007 1934 vento-

222 1957 284 1978 rum
308 1950 484 1985 aspiratione,
508 1952 708 1986 contingentes,
729 1959 776 1978 eas
791 1952 921 1979 fecundas
942 1953 1005 1980 red-

222 1993 290 2021 dunt
308 2003 315 2021 :
336 1994 375 2022 sic
396 1994 545 2030 fragrantia
570 2003 630 2030 quae
652 2003 685 2023 ex
701 1996 839 2031 paradiso,
863 2001 1006 2024 ventorum

222 2040 326 2070 afﬂatu.
351 2041 417 2070 exit.
444 2041 556 2069 arbores
582 2041 704 2068 locorum
729 2041 837 2069 illorum
859 2043 1005 2071 viciniores

222 2085 375 2121 fragrantes
387 2085 478 2114 efﬁcit.

255 2222 365 2253 Ουμεετ.
395 2221 510 2249 XLVI".
535 2221 690 2250 Dicimusne
709 2223 864 2258 paradisum
891 2231 1005 2259 corrup-

221 2267 288 2293 tiuui
303 2267 450 2294 obnoxium
466 2275 538 2299 esse,
555 2275 589 2294 an
605 2268 815 2303 incorruptum?

254 2309 334 2338 Resp.
354 2311 447 2346 Neque
461 2312 628 2347 corruptioni
643 2313 788 2340 obnoxium
807 2314 933 2346 dicimus,
950 2322 1004 2349 quo

220 2357 300 2384 modo
313 2361 412 2384 nostra:
429 2357 540 2386 arbores
555 2362 582 2386 et
596 2358 702 2386 fructus
715 2360 857 2394 putredine
867 2365 894 2388 et
906 2361 1004 2388 vermi-

220 2401 272 2429 bus
292 2407 515 2437 corrumpuntur.
540 2403 595 2432 Nec
619 2405 682 2433 item
707 2414 804 2435 rursus
828 2408 1003 2442 incorruptus

220 2446 299 2480 plane
313 2451 364 2477 est,
379 2446 463 2486 futuri
486 2448 579 2475 saeculi
594 2457 649 2476 non
669 2451 785 2485 amplius
806 2451 1001 2479 veterascentis

220 2483 433 2525 incorruptkﬁle.
452 2491 552 2520 Verum
570 2493 592 2521 si
614 2501 675 2521 cum
698 2483 800 2522 nostris
818 2495 952 2526 fructibus
974 2500 1001 2523 et

221 2534 308 2563 hortis
322 2541 509 2572 comparatur,
521 2539 594 2566 omni
609 2541 784 2575 corruptione
799 2543 925 2577 superior
937 2544 1000 2571 est:

220 2585 247 2608 at
261 2581 285 2609 si
310 2590 371 2609 cum
392 2583 478 2618 gloria
505 2584 657 2612 futurorum
676 2587 808 2614 bonorum
833 2589 999 2623 conferatur,

259 2672 267 2687 ²
284 2673 351 2701 Gen.
370 2682 420 2707 Ill,
436 2675 463 2702 1.
501 2676 511 2691 ²
530 2674 598 2703 Gen.
617 2684 655 2710 ιι,
672 2672 699 2704 8.

254 2762 310 2803 ς
328 2763 366 2803 ita
381 2764 576 2803 quidamAm-ss.
592 2765 667 2803 EdiIi
680 2773 762 2803 vero,
779 2767 1001 2803 Χριστιανισμός.

254 2797 310 2832 (75)
330 2797 397 2826 Ητεᾱ
407 2800 521 2834 quaestio
536 2800 650 2829 inferius
660 2801 775 2828 habetur
788 2797 860 2829 inter
874 2797 1004 2834 quaestio-

219 2840 267 2860 nes
285 2833 462 2871 posteriores.
477 2834 544 2871 Ibid.
561 2843 628 2864 'nss.
646 2837 768 2871 quidam,
789 2837 855 2864 Θεὸν
868 2833 912 2864 τδν
925 2838 1001 2871 Θεόν,

219 2872 302 2895 recte.
322 2867 350 2895 ln
365 2869 456 2901 editis.
469 2869 514 2896 τὸν
531 2870 604 2900 Θεάν.
622 2867 714 2899 semel.

262 2903 315 2938 .76)
336 2903 397 2932 llaec
412 2905 478 2934 alIer
489 2910 561 2933 mtur
573 2906 607 2933 ab
626 2908 768 2942 Anonymi)
784 2907 938 2936 Ravennate
956 2917 1003 2944 per

1060 297 1244 332 ἐπιτρέπουσα
1257 297 1397 324 καλεῖσθαι
1411 299 1487 334 ἡμᾶς
1502 299 1689 334 Χριστιανούς.
1713 301 1756 327 Διὸ
1769 302 1838 338 ἀκρι-

1061 342 1116 374 ϐῶς
1130 343 1288 377 γινωσκέτω
1299 345 1314 370 6
1327 344 1366 379 τῷ
1382 345 1491 381 Χριστῷ
1503 345 1660 382 προσελθεῖν
1680 346 1838 383 βουλόμενος,

1060 390 1102 416 ὅτι
1115 390 1191 416 πᾶσα
1207 390 1298 422 πίστις
1313 391 1360 417 ἐπὶ
1370 392 1422 427 γῆς
1436 393 1475 424 είς
1489 392 1574 428 ὄνομα
1586 393 1728 428 ἀνθρώπου
1754 394 1840 429 ὀνομα-

1061 435 1162 471 ζομένη
1176 443 1182 450 ’
1196 436 1267 470 λέγω
1283 436 1315 471 δὴ
1330 437 1384 463 ἀπὺ
1397 437 1518 472 Σίμωνος
1532 439 1711 474 Σιμωνιανοὶ,
1726 441 1772 466 καὶ
1793 441 1840 466 ἀπὸ

1061 482 1224 517 Μαρκίωνος
1243 483 1442 517 Μαρκιωνιταὶ,
1466 484 1513 510 καὶ
1534 484 1588 510 άπὸ
1611 485 1714 519 ’Δρείου
1744 485 1840 520 ’Δρεια-

1061 527 1112 558 νο),
1129 527 1176 553 καὶ
1187 527 1220 553 δι’
1234 527 1364 562 Εὐνόμιον
1379 528 1539 564 Εὐνομιανοί
1551 538 1558 545 ’
1571 526 1650 556 αὗται
1662 531 1747 556 πᾶσαι
1762 531 1806 557 καὶ
1816 533 1839 558 αί

1061 571 1164 604 λοιπαὶ,
1182 572 1211 599 αἴ
1224 573 1292 599 εἰσιν
1308 573 1460 609 ἀνθρώπων
1483 575 1618 610 ὀνόματα,
1632 575 1679 602 καὶ
1695 576 1728 602 δι’
1752 577 1839 608 αὐτοὺς

1061 617 1147 650 οὕτως
1158 618 1355 654 ὀνομαζόμεναι
1372 620 1488 652 πίστεις,
1504 621 1553 647 οὐκ
1566 621 1619 648 alat
1637 621 1684 648 τοῦ
1701 621 1777 654 Θεοῦ,
1788 623 1839 649 οὐδὲ

1061 665 1075 691 6
1089 663 1156 696 Θεὸς
1166 665 1195 691 ὲν
1207 665 1311 696 αὐταῖς.
1328 665 1360 691 Εἰ
1375 665 1430 702 γὰρ
1448 666 1495 693 τοῦ
1508 666 1575 694 Θεοῦ
1592 668 1657 700 εισι,
1681 668 1753 699 τίνος
1768 669 1839 704 χάριν

1061 709 1213 745 ἀνθρώπων
1229 710 1359 745 ὀνόμασιν
1372 711 1549 747 ὀνομάζονταί
1565 721 1594 739 τε
1607 713 1655 739 καὶ
1664 713 1838 749 σεμνύνονται;

1061 754 1198 789 Καύχημα
1217 754 1305 782 τοίνυν
1321 756 1387 790 ἡμῖν
1407 756 1465 782 ἐστι
1477 757 1665 792 καυχημάτων
1681 759 1698 793 ἠ
1718 757 1838 792 καθολικὴ

1068 800 1225 835 Ἐκκλησία,
1246 801 1295 827 καὶ
1319 801 1351 828 τὺ
1383 802 1565 837 κηρύττεσθαι
1595 803 1642 830 καὶ
1671 804 1838 839 ὀνομάζεσθαι

1061 846 1230 881 Χριστιανοὶ,
1256 846 1295 878 ὡς
1321 846 1359 882 μὴ
1383 847 1460 882 παρὰ
1475 847 1618 883 ἀνθρώπου
1644 849 1836 885 ὀνομασθέντες,

1061 893 1118 920 ἀλλ’
1140 893 1193 920 ὑπὸ
1212 893 1259 921 τοῦ
1276 893 1344 921 Θεοῦ
1361 895 1549 929 φωτισθέντες.

1026 932 1046 960 Β
1097 947 1153 984 (75)
1175 947 1340 984 Ἐρώτ.μς¹.
1363 949 1411 982 Τίς
1436 950 1488 985 πρὸ
1503 950 1611 978 πάντων
1635 950 1758 987 ὠνόμασε
1780 951 1838 978 Θεὸν

1060 993 1106 1020 τὸν
1119 993 1187 1020 Θεὸν
1205 994 1252 1021 ἐπὶ
1262 995 1313 1030 γῆς
1325 1003 1333 1028 ;

1101 1039 1195 1066 Ἀπόκ.
1212 1040 1357 1076 Πρόδηλον,
1379 1041 1420 1068 ὃτι
1446 1042 1461 1068 6
1481 1041 1613 1074 διάϐολος,
1637 1043 1682 1069 ὅτε
1709 1042 1774 1078 πρὸς
1795 1043 1838 1077 τὴν

1060 1082 1131 1110 Εὕαν
1145 1083 1222 1118 ἔλεγε
1235 1093 1241 1100 ·
1260 1094 1270 1111 ι
1290 1085 1322 1112 Τί
1337 1085 1378 1112 ὅτι
1408 1084 1484 1113 εἶπεν
1503 1087 1565 1123 ὑμῖν
1581 1087 1680 1120 ὁθεὺς,
1698 1088 1750 1114 ἀπὸ
1776 1096 1836 1114 παν-

1059 1129 1106 1161 τὸς
1121 1129 1200 1162 ξύλου
1228 1130 1276 1158 τοῦ
1294 1132 1323 1158 ὲν
1339 1131 1379 1166 τῷ
1408 1132 1565 1168 παραδείσῳ
1581 1135 1695 1168 φαγεῖν,
1709 1143 1717 1159 ι
1733 1133 1777 1160 καὶ
1806 1133 1837 1168 μὴ

1060 1174 1204 1211 Θαυμάσῃς
1216 1177 1309 1203 τοῦτο’
1322 1177 1436 1212 ἄγγελος
1453 1178 1506 1214 γάρ
1532 1178 1569 1205 ῶν
1595 1188 1662 1206 ποτε
1678 1181 1692 1207 6
1715 1180 1836 1211 διάϐολος,

1059 1219 1116 1256 εἶχε
1129 1222 1230 1256 γνῶσιν
1247 1223 1316 1259 ὑπὲρ
1330 1224 1377 1250 τὸν
1390 1224 1531 1260 ἄνθρωπον
1549 1225 1608 1252 τότε

1101 1267 1196 1303 Ἐρώτ.
1213 1267 1267 1303 μζ’.
1281 1268 1337 1294 Ποῦ
1350 1268 1463 1304 θέλομεν
1475 1269 1575 1304 λέγειν,
1590 1270 1633 1297 ὄτι
1644 1270 1717 1297 ἔστιν
1727 1271 1741 1297 ὁ
1759 1270 1837 1305 παράν

1058 1313 1161 1345 δεισος;
1177 1313 1207 1339 Οἱ
1223 1313 1271 1348 μὲν
1287 1313 1341 1349 γάρ
1357 1322 1438 1348 φασιν
1448 1334 1456 1347 ,
1471 1315 1511 1341 ὃτι
1526 1315 1554 1342 ἐν
1573 1314 1764 1350 Ἰερουσαλὴμ,
1777 1315 1799 1341 οἱ
1812 1314 1835 1340 δὲ

1058 1359 1088 1385 ἐν
1099 1359 1233 1394 οὐρανοῖς.

1100 1405 1194 1432 Ἀπόκ.
1212 1405 1271 1440 (74)
1295 1405 1365 1432 Οὐδὲ
1388 1402 1429 1437 εἷς
1445 1405 1498 1432 τῶν
1517 1405 1564 1432 δύο
1580 1406 1695 1442 ἀληθής,
1721 1406 1773 1432 Καὶ
1798 1405 1834 1431 ὅτι

1060 1451 1108 1486 μὲν
1121 1451 1171 1478 οὐκ
1190 1451 1218 1477 ὲν
1242 1450 1419 1486 Ἰερουσαλήμ
1437 1453 1509 1478 ἐστιν
1523 1453 1537 1478 6
1552 1452 1716 1488 παράδεισος
1741 1460 1833 1487 μαρτυ-

1059 1499 1100 1532 ρεῖ
1116 1497 1129 1522 6
1147 1496 1231 1531 ’Λδὰμ
1245 1497 1258 1523 6
1275 1497 1304 1522 ὲν
1318 1496 1358 1532 τῷ
1373 1496 1484 1533 Κρανίῳ
1502 1497 1639 1531 κείμενος.
1667 1497 1781 1532 Εὔδηλον
1800 1496 1833 1526 δὲ,

1058 1543 1099 1569 ὅτι
1115 1543 1164 1569 οὐκ
1177 1543 1206 1569 ὲν
1218 1542 1256 1578 τῷ
1273 1543 1429 1578 παραδείσῳ
1446 1543 1607 1579 ἐτάφη,ἀλλ“
1629 1544 1765 1579 ὲεεόλήθη.
1782 1544 1834 1569 Ὀτι

1058 1588 1087 1614 δὲ
1098 1588 1148 1614 οὐκ
1168 1587 1219 1624 (ἐν)
1246 1589 1368 1624 οὐρανοῖς
1384 1589 1457 1615 ἐστιν
1473 1590 1488 1616 ὁ
1500 1589 1665 1624 παράδεισος
1687 1589 1833 1625 μαρτυρεῖή

1058 1633 1153 1669 Γραιρὴ
1168 1633 1300 1667 λέγουσα·
1317 1643 1325 1660 ι
1342 1635 1398 1661 Καὶ
1415 1635 1561 1669 ἐφύτευσεν
1574 1636 1588 1661 ὀ
1603 1635 1671 1665 ϐιὸς
1686 1635 1833 1670 παράδεισον

1061 1681 1090 1707 ὲν
1112 1681 1192 1715 Ἐδὲμ
1204 1673 1275 1707 κατά
1288 1681 1442 1712 ἀνατολάς.»
1453 1681 1576 1708 Διδάσκει
1587 1679 1636 1708 οὖν
1647 1683 1728 1717 ἡμᾶς.
1750 1682 1786 1708 ὅτι
1810 1680 1834 1712 ἐξ

1057 1726 1193 1753 ἀνατολῶν
1210 1726 1300 1761 πάσης
1312 1726 1361 1762 τῆς
1384 1728 1435 1762 γῆς
1452 1729 1525 1754 ἐστιν
1539 1729 1552 1754 ὁ
1576 1728 1747 1764 παράδεισος.
1762 1726 1833 1753 Ὅθεν

1057 1774 1138 1808 φασὶν
1151 1773 1280 1809 ἱστορικοί
1295 1782 1367 1805 τινες
1382 1773 1505 1809 ἀκριϐεῖς
1522 1774 1618 1806 παῖδες
1632 1774 1687 1809 (75)
1700 1794 1707 1806 ,
1722 1775 1760 1800 ὅτι
1781 1772 1832 1799 τού-

1056 1827 1101 1844 του
1112 1818 1191 1853 χάριν
1206 1818 1294 1845 πάντα
1307 1819 1341 1845 τά
1357 1818 1443 1853 εὐώδη
1464 1820 1517 1845 τῶν
1543 1820 1698 1855 ἀρωμάτων
1721 1820 1780 1855 περὶ
1802 1818 1831 1844 τὰ

1056 1864 1285 1900 ἀνατολικώτερα,
1296 1865 1380 1900 ἤγουν
1394 1864 1428 1891 τὰ
1453 1865 1550 1892 Ἰνδικὰ
1580 1867 1662 1902 μέρη,
1679 1867 1830 1901 ὑπάρχουσιν

1056 1909 1094 1941 ὼς
1119 1909 1295 1945 πλησιόχωρα
1323 1911 1490 1946 τυγχάνοντα
1511 1911 1558 1938 τοῦ
1586 1912 1756 1949 παραδείσου.
1783 1909 1829 1937 Καὶ

1056 1955 1150 1990 ὥσπερ
1164 1956 1284 1989 φοίνικες
1299 1956 1412 1992 ἄρσενες
1426 1957 1489 1989 τοὺς
1502 1957 1700 1992 πλησιάζοντας
1717 1957 1827 1992 φοίνικας

1056 2000 1189 2036 θηλυκοὺς
1205 2003 1237 2037 τῇ
1253 2003 1320 2037 πνηῇ
1335 2002 1388 2028 τῶν
1403 2002 1511 2037 ἀνέμων
1540 2004 1759 2038 συμϐιϐἁζοντες,
1769 2009 1827 2036 καρ-

1056 2046 1192 2082 ποφόρους
1205 2047 1260 2082 (76)
1278 2047 1401 2075 ποιοῦσιν
1412 2057 1418 2063 ·
1437 2048 1509 2075 οὕτω
1524 2049 1555 2084 δὴ
1573 2050 1621 2077 καὶ
1636 2050 1667 2076 ὲκ
1682 2049 1727 2076 τοῦ
1750 2055 1827 2082 παρα-

1055 2090 1142 2117 δείσου
1157 2092 1190 2127 τῇ
1205 2091 1259 2118 τῶν
1279 2092 1386 2127 ἀνέμων
1403 2095 1471 2128 πνοῇ
1488 2094 1587 2121 εὐωδία
1617 2094 1775 2130 ὲξερχομένη
1799 2091 1826 2118 τὰ

1055 2135 1231 2172 πλησιώτερα
1246 2136 1300 2164 τῶν
1313 2139 1403 2164 ἐκεῖσε
1426 2139 1515 2166 τόπων
1531 2139 1628 2176 δένδρα
1658 2136 1826 2176 ἀρωματίξειν

1055 2183 1136 2207 ποιεῖ.

1096 2226 1192 2262 Ἐρώτ.
1207 2231 1263 2264 μη’.
1280 2228 1400 2265 Φθαρτδν
1417 2229 1466 2265 μέν
1489 2239 1579 2266 φαμεν
1595 2230 1641 2258 τὸν
1667 2229 1823 2266 παράδεισον,

1019 2274 1041 2302 D
1055 2271 1072 2307 ἢ
1086 2272 1223 2308 ἄφθαρτον
1233 2281 1240 2305 ;

1097 2318 1191 2344 ’Δπόκ.
1205 2317 1273 2346 Οὔτε
1290 2318 1409 2354 φθαρτὸν
1422 2320 1501 2347 αὐτὸν
1518 2321 1633 2356 λέγομεν
1646 2319 1714 2347 κατὰ
1724 2318 1769 2353 τὴν
1778 2316 1824 2342 τῶν

1054 2364 1118 2398 παρ’
1128 2363 1205 2399 ἡμῶν
1216 2364 1307 2398 φυτῶν
1320 2373 1351 2391 τε
1367 2366 1414 2392 καὶ
1432 2366 1546 2402 καρπῶν
1563 2367 1645 2402 σῆψιν
1673 2365 1716 2392 καὶ
1733 2361 1821 2395 σκωλή-

1054 2417 1108 2435 κων
1124 2409 1268 2445 ποιότητα·
1299 2410 1361 2438 οὗτε
1392 2412 1445 2448 μὴν
1478 2413 1565 2448 πάντη
1590 2412 1669 2439 πάλιν
1699 2409 1822 2444 ἄφθαρτον

1054 2454 1125 2481 κατά
1141 2454 1189 2490 τὴν
1201 2455 1247 2482 τοῦ
1268 2456 1408 2492 μέλλοντος
1423 2458 1519 2491 αἰῶνος
1546 2458 1696 2494 ἀφθαρσίαν
1707 2476 1714 2487 .
1735 2455 1776 2482 καὶ
1796 2452 1821 2478 οὗ

1053 2500 1199 2536 γινομένην
1222 2502 1382 2530 παλαίωσιν.
1408 2503 1487 2531 Ἀλλὰ
1515 2505 1584 2540 πρὸς
1603 2505 1652 2540 μὲν
1680 2502 1739 2533 τοὺς
1764 2497 1821 2533 παρ’

1053 2547 1118 2581 ἡμῖν
1140 2547 1263 2583 καρπούς
1282 2557 1313 2576 τε
1337 2550 1384 2576 καὶ
1414 2550 1591 2586 παραδείσους
1623 2550 1709 2583 πάσης
1731 2543 1819 2581 φθορᾶς

1053 2593 1127 2619 ἐστιν
1143 2593 1322 2630 ὑψηλότερος·
1338 2595 1406 2631 πρὸς
1421 2596 1449 2622 δὲ
1465 2596 1513 2632 τὴν
1527 2596 1604 2629 δόξαν
1617 2595 1668 2623 τῶν
1686 2592 1819 2630 μελλόντων

1056 2769 1240 2808 Βηξί-ςιεξᾶυω
1259 2771 1415 2808 Ρρι-ειιογοη
1432 2771 1516 2808 edito.
1531 2780 1558 2807 p.
1576 2771 1619 2799 ll.
1710 2802 1720 2808 _
1754 2801 1759 2806 _

1090 2806 1145 2840 (75)
1165 2805 1204 2832 lta
1222 2806 1331 2841 quidam
1346 2814 1413 2834 mss.
1432 2806 1503 2834 Editi
1517 2805 1591 2839 vei-0,
1605 2805 1739 2840 ἱστορικῶν
1749 2805 1815 2834 ᾱκρισ

1056 2840 1110 2868 ίῖῶν
1126 2840 1227 2873 παῖδες.

1094 2876 1149 2912 (76)
1170 2875 1236 2912 Reg.
1252 2876 1279 2909 Ξ,
1292 2875 1521 2912 καρποφοροῦσιν.
