1924 3059
120 156 176 186 629

617 160 849 194 QUIES’I‘IONES
866 162 914 190 AD
930 163 1131 193 ANTIOCHUM
1148 165 1274 194 DUCEM.

1692 167 1744 196 630

120 217 242 250 ἀγαθῶν.
256 213 294 244 ὧν
306 218 442 254 ὀφθαλμὸς
457 219 507 246 οὐκ
520 217 584 252 εἶδε,
598 220 645 247 καὶ
666 218 714 252 οὖς
728 221 777 248 οὐκ
796 222 905 258 ἢκουσε,

965 225 1119 258 1na30culus
1126 232 1179 252 non
1192 225 1268 258 vidit,
1276 233 1326 253 nec
1335 226 1409 253 auris
1424 224 1535 257 audivit,
1547 232 1598 253 nec
1605 225 1632 252 in
1642 225 1744 252 corho-

120 262 193 289 πάνυ
205 259 303 298 ἑλαχὺς
315 264 373 290 ἐστι
387 264 433 290 καὶ
447 264 614 292 πιστεύεται.

163 307 258 344 Ἐρὼτ.
273 308 327 344 μο’.
341 309 397 344 (77)
409 309 494 336 Πόσον
503 310 597 346 χρόνον
607 310 636 337 ὲν
647 311 803 347 παραδείσῳ
816 311 908 348 ἐποίη-

122 361 168 379 σεν
184 353 198 378 6
216 353 315 388 Ἀδάμ;

163 398 256 425 Ἀπὸκ.
276 399 521 435 Ἀμφιϐαλλόμενον
536 401 592 433 τοῖς
608 401 743 437 πατράσιν
764 401 908 438 ἠρώτησας

119 443 277 479 πρόϐλημα.
299 445 331 471 υἱ
358 445 406 480 μὲν
422 446 477 481 γάρ
501 455 581 481 φασιν
608 446 782 483 ἑξαμηνιαῖον
802 448 906 484 χρόνον,

118 490 145 515 οἱ
158 490 187 516 δὲ
203 489 314 517 πλείονα
324 499 331 506 ³
349 491 424 518 ἄλλοι
445 491 474 517 δὲ
488 491 622 524 τοσαύτας
637 492 710 528 ὥρας
743 494 790 520 καὶ
817 494 906 528 μόνον,

119 536 187 567 ὅσας
200 536 215 562 6
232 535 334 572 Κύριος
344 538 373 563 ὲν
401 537 440 572 τῷ
456 537 528 574 ξύλῳ
542 537 590 565 τοῦ
614 539 730 575 σταυροῦ
747 539 906 575 πεποίηκεν,

119 582 188 618 ὅπερ
203 580 278 618 οἶμαι
294 584 474 621 ἀληθέστερον
493 583 578 613 εἶναι·
596 585 684 622 ἕτεροι
707 585 736 612 δὲ
757 586 834 613 ὲννέα
859 587 908 613 καὶ

121 628 201 663 μόνον
213 628 287 665 ὥρας
304 630 424 665 ποιῆσαι.

161 674 257 710 Ἐρώτ.
272 679 303 702 ν’,
320 675 374 710 (78)
391 676 423 702 Τί
439 676 467 703 δὲ
481 674 516 712 ἦν
531 677 586 712 ἄρα
602 677 632 704 τὸ
647 676 737 711 ξύλον,
759 678 788 712 ἐξ
802 674 833 705 οὗ
861 678 907 705 τὸν

118 719 225 754 καρπὸν
240 719 340 754 ἔφαγεν
352 722 366 748 6
388 721 489 757 Ἀδάμ;

161 766 255 792 ’Δπόκ.
276 767 343 793 Οὐδὲ
370 767 399 793 ὲν
424 768 511 803 τούτῳ
542 768 696 804 συμφώνως
722 770 864 806 εἰρήκασιν
882 772 906 798 οἱ

118 811 254 847 Πατέρες·
291 813 338 839 καὶ
362 813 481 846 δικαίως.
499 815 586 850 Ὅπερ
610 815 664 851 γὰρ
686 817 703 851 ἡ
724 816 783 843 θεία
811 817 906 852 Γραφὴ

119 859 250 890 ἑκουσίως
261 859 428 894 ἀπέκρυψεν,
445 860 531 892 οὐδεὶς
547 861 618 888 κατὰ
646 862 789 897 ἀκρίϐειαν
820 864 906 889 εἰπεῖν

958 271 1040 299 minis
1055 272 1245 305 ascenderunt,
1261 272 1339 299 valde
1357 272 1469 299 inferior
1483 275 1510 299 et
1520 276 1562 298 est
1575 275 1602 299 et
1613 270 1742 298 creditur.

994 319 1105 352 Quzsr.
1136 319 1229 347 XLIX.
1255 319 1392 353 Quantum
1418 320 1549 356 temporis
1567 319 1596 346 in
1616 318 1744 354 paradiso

957 366 1058 394 mansit
1072 366 1176 393 Adam?

992 410 1074 438 Rssr.
1096 411 1162 439 Rem
1176 411 1210 439 de
1223 419 1276 446 qua
1298 419 1353 438 non
1369 411 1543 439 consentiunt
1569 410 1664 444 Patres
1678 417 1744 445 pro-

957 457 1046 491 ponis.
1064 457 1116 484 Alii
1130 457 1203 485 enim
1220 465 1267 485 sex
1282 465 1402 489 menses,
1423 457 1469 484 alii
1483 457 1587 484 diutius
1608 456 1743 484 mansisse

957 502 1124 535 existimant,
1143 503 1187 530 alii
1199 507 1239 530 tot
1253 503 1334 532 horas
1348 503 1410 539 (nec
1429 503 1556 539 amplius)
1571 505 1635 538 quot
1651 501 1743 529 Domi-

957 558 1009 578 nus
1032 550 1060 577 in
1083 549 1158 585 ligno
1178 549 1270 577 crucis
1289 550 1399 581 mansit,
1421 549 1493 584 quod
1513 549 1632 576 arbitror
1651 548 1742 576 verius

957 602 1030 624 esse.
1043 595 1078 622 At
1094 596 1140 623 alii
1154 603 1220 624 vero
1235 603 1331 623 novem
1345 598 1450 622 tantum
1467 595 1558 623 horas.

992 670 1103 710 Quesr.
1138 671 1170 700 L.
1199 671 1284 704 Quale
1312 671 1416 706 lignum
1448 670 1510 704 fuit,
1538 671 1617 706 cujus
1637 670 1744 699 fructus

956 711 1078 746 Adamus
1094 718 1231 745 comedit?

992 762 1072 791 Rssr.
1089 762 1144 790 Nec
1158 763 1209 790 hac
1230 764 1257 791 in
1272 765 1305 791 're
1324 763 1498 791 consentiunt
1518 761 1623 795 Patres,
1645 765 1673 789 et
1685 768 1744 788 me-

956 808 1019 836 rito.
1035 807 1113 841 Quod
1126 809 1198 836 enim
1213 808 1304 836 divina
1319 809 1462 844 Scriptura
1477 812 1573 843 sponte
1586 806 1742 838 occultavit,

956 862 1036 882 nemo
1051 855 1185 890 exquisite
1197 855 1285 890 potuit
1300 855 1400 883 dicere.
1418 854 1493 882 Unde
1501 853 1546 881 alii
1562 854 1643 881 ticum
1659 852 1744 880 fuisse

121 904 239 939 ἴσχυσεν.
255 905 336 933 Ὅθεν
345 907 369 932 οἱ
385 906 435 941 μὲν
453 907 534 934 σῦκον
548 905 617 935 εἶναι
633 917 699 942 φασι
721 909 766 935 τὸν
790 909 904 944 καρπὸν,

968 900 1033 927 llum
1050 900 1168 928 fructum
1190 904 1284 936 putant
1299 901 1364 928 :alii
1375 900 1648 936 fructumspiritalem
1664 898 1743 933 (78‘),

119 951 195 977 ἄλλοι
206 951 235 978 δὲ
251 951 300 986 τὴν
312 952 361 987 τῆς
377 952 450 985 Εὔας
465 953 592 990 Θεωρίαν.
606 955 725 981 Δοκεῖδὲ
745 963 800 982 τισι
821 955 907 991 μηδα-

121 995 181 1030 μῶς
196 995 363 1031 βεϐρωκέναι
378 997 424 1024 τὺν
443 998 528 1034 Ἀδὰμ
543 999 571 1025 ὲν
586 999 625 1034 τῷ
643 999 809 1035 παραδείσῳ.
828 1001 908 1032 Ἴσως

118 1041 148 1066 δὲ
163 1042 177 1068 6
189 1041 296 1077 πρῶτος
309 1042 488 1079 ἀληθέστερος
502 1044 631 1080 ὑπάρχει,
651 1045 667 1071 6
679 1045 726 1072 τοῦ
744 1046 838 1078 σύκου,
851 1046 906 1081 (79)

119 1087 164 1113 διὰ
177 1087 208 1113 τὺ
223 1089 279 1119 τοῖς
290 1088 398 1122 φύλλοις
411 1088 492 1115 αὑτοῦ
505 1091 545 1122 εἰς
563 1090 666 1126 σκέπην
678 1091 831 1126 χρήσασθαι
844 1091 907 1123 τοὺς

121 1132 305 1168 προπάτορας,
319 1134 366 1160 καὶ
377 1134 422 1161 διὰ
434 1134 464 1161 ’τὺ
473 1134 522 1170 τὴν
537 1136 622 1170 συκῆν
637 1136 748 1172 ὕστερον
763 1137 815 1164 ὑπὸ
838 1138 906 1173 Χρι-

121 1176 185 1203 στοῦ
213 1178 421 1213 καταραθεῖσαν.
444 1180 490 1214 ('0
512 1180 541 1207 δὲ
564 1181 593 1207 ἐν
617 1181 704 1215 ἁγίοις
732 1183 865 1218 Ἰσίδωρος
892 1183 907 1209 6

120 1222 311 1259 Πηλουσιώτης
322 1224 350 1250 ὲν
364 1225 397 1260 τῇ
410 1226 577 1260 πεντηκοστῇ
589 1225 670 1252 αὐτοῦ
684 1225 779 1262 πρώτῃ
797 1227 906 1253 ἐπιστο-

120 1267 153 1303 λῇ
170 1277 260 1303 φησιν,
276 1269 317 1295 ὅτι
328 1269 409 1296 σῦκον
419 1267 463 1305 ἦν,
481 1270 511 1303 ἐξ
523 1267 553 1296 οὗ
569 1271 593 1298 οἱ
608 1272 779 1308 προπάτορες
805 1271 906 1307 ἔφαγον

120 1314 240 1348 καρπόν⁸
266 1315 313 1340 καὶ
335 1315 375 1342 ὅτι
393 1315 447 1342 ἀπὸ
474 1316 595 1352 ἀρχαιων
619 1317 756 1353 γερόντων
783 1317 904 1354 ἐγνώσθη

118 1358 192 1394 αὐτῷ
203 1359 304 1395 τοῦτο.)

162 1404 257 1440 Ἐρώτ.
280 1409 330 1432 va’.
357 1406 412 1433 Καὶ
438 1408 462 1434 εξ
482 1408 519 1444 μὴ
547 1409 651 1445 παρέϐη
678 1410 692 1436 6
716 1409 817 1445 Ἀδὰμ,
847 1409 906 1442 πῶς

119 1449 230 1485 ἔμελλεν
245 1451 370 1485 γενέσθαι
381 1453 396 1478 6
421 1451 477 1487 βίος
497 1452 552 1480 τῶν
562 1453 712 1490 ἀνθρώπων
729 1455 776 1481 καὶ
790 1455 820 1481 τὸ
837 1454 905 1489 πλῆ-

120 1495 165 1527 θος
174 1503 182 1529 ;

168 1542 255 1569 Απόκ.
275 1542 403 1570 Ἦδύνατο
416 1544 430 1570 ὁ
445 1543 517 1580 λόγῳ
532 1545 736 1581 συστησάμενος
754 1545 785 1572 τδ
803 1545 906 1582 πλῆθος

117 1587 173 1614 τῶν
187 1587 319 1622 ἀγγέλων,
339 1589 421 1624 τιμίῳ
434 1590 486 1616 τινὶ
503 1591 550 1616 καὶ
571 1591 684 1626 καθαρῷ
699 1591 793 1627 τρόπῳ
806 1580 906 1628 συστή-
919 1580 940 1610 c

119 1632 219 1659 σασθαι
238 1632 340 1668 πλῆθος
355 1634 451 1668 γένους
478 1635 640 1671 ἀνθρώπων.
666 1637 744 1668 Τινὲς
767 1637 796 1664 δέ
813 1646 904 1671 φασιν,

118 1679 171 1710 ὅτι,
186 1679 233 1706 τοῦ
250 1679 315 1706 Θεοῦ
329 1680 412 1715 ἄρσεν
425 1681 471 1707 καὶ
499 1681 565 1717 θῆλυ
586 1682 760 1717 ποιήσαντος,
785 1683 904 1719 εῠδηλον,

117 1724 158 1751 ὅτι.
169 1724 212 1751 διὰ
227 1726 423 1761 σπερμογονὶας
437 1726 569 1762 ἐϐουλήθη
585 1728 600 1754 ὁ
617 1727 682 1758 Θεὸς
699 1727 730 1754 ’τὸ
754 1727 831 1762 γένος
851 1728 906 1755 τῶν

118 1769 268 1805 ἀνθρώπων
284 1770 479 1806 συστήσασθαι.
492 1771 586 1807 Ὅμως
601 1771 629 1798 δὲ
643 1771 694 1798 οὐκ
719 1771 849 1807 ἠϐούλετο
862 1773 906 1800 διὰ

118 1815 270 1850 παρακοῆς,
283 1815 350 1841 ἀλλὰ
365 1815 433 1850 μετὰ
447 1816 529 1851 τιμῆς
547 1815 672 1850 γενέσθαι
685 1817 774 1844 τοῦτο.

161 1860 257 1896 Ἐρώτ,
273 1860 322 1887 νϐ’.
337 1861 386 1887 Διὰ
399 1861 426 1888 τί
438 1861 466 1887 δὲ
480 1863 513 1897 τῇ
529 1862 631 1899 ἐϐδόμῃ
644 1862 736 1899 ἡμέρᾳ
747 1864 762 1890 6
777 1862 843 1895 Θεὸς
855 1862 905 1898 τὴν

118 1906 207 1933 κτεσιν
224 1905 363 1940 ὲτέλεσενς

160 1951 255 1977 Ἀπόκ.
288 1951 331 1977 Ἐν
352 1951 391 1986 τῷ
414 1950 524 1987 ἀριθμῷ
547 1951 597 1987 τὴν
621 1951 720 1978 δεκάδα
742 1951 904 1988 εὑρίσκομεν

119 1997 256 2032 πλήρωμα
271 1995 370 2028 παντὸς
381 1996 508 2031 ἀριθμοῦ.
531 1997 594 2023 Ἐὰν
614 1997 667 2032 γὰρ
681 1997 720 2028 εἰς
740 1996 788 2032 ’τὴν
806 1997 904 2024 δεκάδα

118 2042 285 2078 καταλάϐῃς,
299 2042 377 2069 πάλιν
397 2043 497 2075 εὐθέως
511 2043 550 2074 εἰς
569 2043 619 2078 τὴν
647 2043 747 2078 μονάδα
775 2043 904 2079 ὑποστρέ-

118 2097 189 2123 φεις.
227 2088 312 2115 Ἑπτὰ
335 2086 381 2115 οὖν
413 2089 460 2114 καὶ
486 2090 561 2123 τρεῖς
586 2089 659 2114 ἐστιν
685 2089 699 2115 6
719 2089 903 2124 πληρὲστατος

117 2134 243 2170 ἀριθμός.
256 2134 312 2160 Καὶ
323 2133 417 2160 τούτου
432 2133 512 2169 χάριν
526 2134 554 2160 αι
566 2133 637 2160 ἑπτά
648 2134 700 2160 εισι
711 2135 760 2170 τῆς
775 2135 901 2166 κτίσεως·

118 2181 135 2215 ἠ
145 2180 174 2206 δὲ
187 2179 252 2214 ἁγία
271 2179 355 2215 Τριὰς
371 2179 506 2211 ἄκτιστος.

159 2224 253 2261 Ἐρώτ.
262 2224 311 2259 νγ’.
321 2225 407 2260 Πολλή
419 2233 460 2256 τις
473 2224 550 2261 παρὰ
566 2225 622 2252 τῶν
634 2225 738 2253 πολλῶν
751 2225 903 2261 καθέστηκε

119 2279 241 2306 ςητησις,
256 2270 316 2297 τίνα
330 2271 370 2296 δεῖ
381 2270 589 2305 προτάττεσθαι,
603 2271 674 2305 λέγω
688 2271 719 2307 δὴ
735 2272 785 2307 τὴν
798 2271 905 2308 ἡμέραν

119 2315 172 2351 πρὸ
188 2316 237 2350 τῆς
248 2316 353 2348 νυκτὸς,
371 2316 388 2351 ἢ
398 2317 447 2352 τὴν
461 2316 546 2342 νύκτα
567 2316 618 2352 πρὸ
633 2318 682 2353 τῆς
701 2318 823 2352 ὴμέρας;
845 2318 907 2344 Ἐὰν

119 2362 173 2397 γὰρ
190 2362 309 2397 εἴπωμεν
325 2361 377 2397 τὴν
395 2362 501 2397 ἡμέραν
527 2362 704 2398 προτερεὺειν
718 2383 725 2396 ,
752 2363 907 2398 εὑρίσκεται

119 2405 210 2432 λοιπὸν
229 2407 243 2432 6
265 2405 382 2442 Χριστὸς
392 2406 421 2433 ὲν
438 2407 566 2442 σαϐϐάτῳ
582 2407 708 2438 ἀναστάς.
733 2408 764 2434 Ἦ
781 2408 836 2443 γὰρ
859 2408 906 2441 νὺξ

119 2452 210 2486 ἐκείνη
226 2451 273 2478 τοῦ
286 2451 420 2478 σαϐϐάτου
433 2450 478 2487 ἦν,
489 2452 561 2479 κατὰ
569 2453 614 2479 τὸν
623 2452 702 2487 λόγον
715 2453 838 2486 Μωσέως
858 2454 906 2481 τοῦ

120 2497 298 2533 συγγραφέως
312 2497 362 2532 τῆς
377 2497 566 2533 κοσμοποιίας.

162 2542 254 2570 Ἀπόκ.
273 2543 352 2570 Κατὰ
369 2543 417 2578 μὲν
430 2543 474 2569 τὸν
491 2543 590 2570 σκοπὸν
603 2543 650 2570 καὶ⁵
665 2543 743 2578 λόγον
759 2543 804 2570 ’τὸν
816 2542 908 2577 λέγον-

119 2598 164 2622 τα,
176 2589 216 2615 ἂι
233 2588 307 2616 εἶπεν
320 2590 333 2615 ὁ
345 2589 412 2621 Θεὸς
426 2589 479 2624 πρὸ
492 2589 610 2621 πάντων,
634 2597 643 2614 ι
654 2589 799 2624 Γενηθήτω
813 2588 880 2623 φῶς,
894 2598 903 2614 ι

121 2635 264 2672 πρόδηλον,
283 2636 324 2662 ὅτι
341 2635 358 2670 ἡ
372 2635 463 2671 ἡμέρα
484 2634 643 2671 προτερεύει
661 2634 715 2670 (80)
728 2635 778 2670 τῆς
799 2635 904 2666 νυκτός.

157 2719 213 2756 (7_7)
234 2719 297 2756 Il:ch
313 2720 430 2756 quaestio
443 2720 520 2748 deest
534 2720 561 2748 in
580 2720 658 2756 prius
672 2720 767 2754 editis;
780 2720 827 2748 sed
842 2721 908 2755 legi-

121 2758 167 2781 tur
183 2754 210 2780 in
228 2755 389 2782 quibusdam
406 2763 472 2782 mss.

123 2762 167 2781 tur
183 2762 210 2780 In
247 2762 389 2782 uinusaam
406 2763 472 2782 mss.

123 2762 304 2851 “(ig-(Ilum
329 2789 427 2818 similis
444 2794 486 2832 est
505 2790 622 2826 quaestio
642 2789 677 2816 26
699 2789 862 2818 Theodoreti
879 2791 907 2817 in

244 2859 381 2896 Interpres
398 2859 506 2896 videtur
522 2859 620 2894 legisse
639 2868 646 2886 :
664 2859 738 2896 ἄλλοι
754 2860 782 2886 δὲ
799 2860 906 2896 καρπὸν

123 2894 320 2927 πνευματικόν,
337 2901 397 2928 quae
421 2895 519 2923 desunt
541 2895 568 2922 in
595 2898 670 2923 textu
693 2895 797 2923 (ἔπι-προ.
826 2894 906 2924 Enn.

957 945 1003 972 alii
1019 945 1081 973 Eva).
1095 946 1365 981 contemplationem.
1380 946 1525 974 Nonnullis
1540 946 1622 973 etiam
1636 944 1744 972 videtur

958 991 1026 1018 nihil
1042 991 1070 1018 in
1087 991 1379 1027 paradisocomedisse
1394 991 1527 1019 Adamus.
1554 990 1636 1018 Forte
1652 993 1744 1017 tamen

956 1038 1048 1065 verior
1060 1041 1102 1065 est
1117 1038 1206 1073 prima
1221 1038 1355 1066 sententia
1369 1045 1430 1073 qua:
1444 1037 1524 1065 ticum
1540 1037 1626 1064 fuisse
1648 1035 1744 1063 deten-

957 1083 1008 1115 dit,
1028 1083 1091 1118 quia
1106 1083 1212 1110 scilicet
1224 1082 1307 1118 hujus
1322 1082 1396 1111 foliis
1413 1082 1455 1110 usi
1470 1085 1533 1110 sunt
1549 1081 1629 1116 primi
1645 1087 1743 1116 paren-

956 1132 999 1157 tes
1014 1129 1048 1156 ad
1063 1136 1092 1157 se
1107 1129 1264 1164 tegendum,
1281 1133 1307 1155 et
1322 1127 1394 1163 quod
1408 1131 1502 1163 postea
1522 1126 1588 1154 ﬁcus
1603 1133 1618 1152 a
1634 1125 1743 1153 Christo

956 1174 1099 1202 maledicta
1116 1174 1205 1202 fuerit.
1221 1174 1350 1210 (Sanctus
1366 1177 1455 1201 autem
1472 1172 1593 1201 lsidorus
1606 1170 1744 1199 Pelusiota

956 1221 984 1248 in
999 1220 1227 1256 quinquagesima
1241 1220 1329 1256 prima
1353 1219 1441 1255 ipsius
1458 1218 1584 1254 epistola,
1599 1217 1638 1244 ait
1662 1216 1743 1243 licunt

956 1267 1050 1300 fuisse,
1064 1267 1144 1302 cujus
1166 1267 1284 1294 fructum
1300 1266 1379 1302 primi
1403 1269 1528 1301 parentes
1555 1263 1743 1294 comederunt.

956 1313 1085 1349 quodque
1098 1313 1126 1341 id
1141 1312 1175 1340 ab
1190 1313 1309 1348 antiquis
1324 1311 1434 1340 senibus
1446 1310 1603 1345 audiverit.)

992 1416 1102 1450 Qmsr.
1113 1415 1154 1444 LI.
1169 1415 1255 1443 Porro
1269 1415 1291 1442 si
1302 1414 1386 1441 Adam
1395 1420 1449 1440 non
1457 1410 1649 1447 praevaricatns
1658 1411 1744 1438 esset,

956 1464 1050 1498 quales
1070 1463 1185 1490 debebat
1206 1469 1267 1490 esse
1291 1461 1432 1489 hominum
1456 1459 1511 1486 vita
1528 1461 1555 1485 et
1576 1454 1746 1484 multitudo?

991 1550 1071 1579 Rssr.
1098 1549 1211 1578 Poterat
1249 1549 1331 1582 Deus,
1355 1547 1403 1584 qui
1434 1547 1518 1574 verbo
1543 1543 1744 1572 multitudinem

959 1597 1118 1632 angelorum
1144 1601 1296 1626 creaverat,
1322 1593 1478 1622 venerando
1493 1591 1610 1628 quodam
1633 1594 1660 1618 et
1674 1598 1745 1626 puro

959 1643 1040 1670 modo
1055 1642 1255 1670 multitudinem
1270 1640 1381 1668 humani
1392 1638 1498 1675 generis
1509 1645 1613 1665 creare.
1628 1636 1743 1670 Quidam

960 1696 1025 1717 vero
1040 1689 1128 1721 aiunt,
1142 1696 1204 1715 cum
1222 1688 1293 1714 Deus
1306 1686 1443 1714 hominem
1458 1683 1608 1712 masculum
1624 1687 1650 1710 et
1665 1680 1742 1709 temi-

958 1743 1021 1763 nam
1034 1735 1136 1767 fecerit,
1151 1733 1213 1761 inde
1228 1733 1332 1760 clarum
1343 1739 1405 1760 esse
1415 1731 1500 1758 Deum
1516 1729 1636 1757 voluisse
1657 1728 1744 1756 homi-

958 1787 1023 1807 num
1035 1787 1120 1814 genus
1128 1778 1303 1814 generatione
1316 1784 1470 1812 procreare.
1482 1776 1608 1802 Attamen
1619 1773 1646 1802 id
1657 1773 1745 1801 noluit

958 1833 1006 1860 per
1023 1824 1235 1852 inobedienliam
1251 1824 1319 1855 ﬁeri,
1333 1823 1381 1850 sed
1395 1829 1457 1850 cum
1472 1822 1584 1848 honore.

995 1871 1106 1904 Quassr.
1127 1869 1182 1897 [ιιι.
1205 1868 1295 1902 Quare
1307 1869 1350 1896 die
1365 1868 1478 1904 septima
1492 1867 1564 1895 Deus
1578 1865 1743 1894 creationem

958 1918 1073 1954 perfecit
1084 1918 1095 1944 ‘2

991 1963 1071 1992 Resp.
1088 1963 1160 1991 Inter
1170 1969 1300 1990 numeros
1323 1961 1465 1990 denarium
1480 1967 1624 1988 numerum
1637 1959 1743 1995 reperi-

957 2017 1018 2037 mus
1033 2017 1094 2037 esse
1122 2009 1212 2036 omnis
1229 2008 1335 2036 numeri
1356 2007 1596 2042 complementum.
1620 2005 1649 2032 Si
1669 2005 1742 2033 enim

957 2055 991 2082 ad
1006 2055 1148 2082 denarium
1160 2062 1303 2082 numerum
1320 2053 1474 2084 deveneris,
1491 2052 1584 2080 statim
1600 2043 1743 2078 rursus'in

956 2102 1087 2129 unitatem
1103 2101 1185 2128 redis.
1212 2100 1306 2135 Itaque
1319 2100 1488 2135 septenarius
1502 2102 1529 2125 et
1539 2102 1634 2125 ternus
1648 2105 1743 2124 nume-

956 2155 1015 2181 rus,
1048 2146 1336 2181 perfectissimusjest.
1367 2143 1471 2171 Idcirco
1504 2142 1674 2177 septenarius
1702 2146 1743 2169 est

956 2193 1113 2222 crcationis.
1129 2192 1163 2220 At
1181 2196 1274 2219 sancta
1286 2191 1407 2218 Trinitas
1419 2195 1460 2217 est
1478 2189 1606 2216 incrcata.

921 2257 942 2284 Β
983 2239 1064 2273 229
1070 2238 1178 2271 Q0551.
1189 2235 1340 2264 LIlI.Valde
1349 2236 1420 2262 inter
1430 2234 1530 2262 multos
1538 2233 1651 2268 quaestio
1659 2232 1743 2268 agita-

958 2289 1013 2317 tur,
1025 2291 1171 2320 quemnam
1186 2284 1276 2318 priore
1289 2282 1348 2308 loco
1358 2281 1493 2308 collocare
1501 2282 1636 2314 oporteat,
1648 2286 1744 2312 nempe

957 2331 1028 2357 diem
1042 2334 1104 2356 ante
1118 2333 1236 2360 noctem,
1260 2331 1307 2354 aut
1323 2331 1430 2354 noctem
1441 2329 1504 2353 ante
1519 2326 1612 2354 diem?
1633 2325 1701 2352 Nam
1720 2326 1743 2353 si

958 2375 1075 2402 dicimus
1088 2374 1158 2401 diem
1172 2373 1274 2408 primas
1287 2380 1433 2407 occupare,
1452 2372 1602 2407 reperietur
1617 2371 1743 2399 Christus

957 2420 1071 2448 sabbato
1095 2419 1287 2447 resurrexissc.
1314 2417 1373 2445 Nox
1394 2417 1467 2446 enim
1488 2418 1534 2444 illa
1557 2417 1664 2445 sabbati
1685 2422 1739 2450 est,

954 2466 1033 2501 juxta
1043 2467 1125 2494 verba
1137 2465 1237 2501 Moysis
1247 2463 1392 2492 creationis
1402 2463 1500 2491 mundi
1513 2463 1664 2498 scriptoris.

992 2544 1074 2572 Rssr.
1089 2542 1128 2570 Ex
1141 2549 1223 2578 scopo
1238 2546 1266 2570 et
1283 2541 1374 2569 verbis
1390 2541 1491 2576 quibus
1513 2545 1641 2568 narratur
1658 2540 1742 2567 Deum

957 2593 1020 2618 ante
1036 2590 1127 2617 omnia
1142 2588 1255 2621 dixisse,
1271 2596 1280 2613 ι
1299 2587 1358 2615 Fiat
1373 2587 1430 2619 lux,
1453 2596 1463 2613 ι
1484 2587 1660 2622 perspicuum
1682 2590 1740 2617 est,

957 2637 1028 2666 diem
1045 2641 1109 2664 ante
1123 2639 1231 2663 noctem
1240 2642 1318 2667 esse.
1330 2633 1398 2661 Nam
1409 2635 1528 2662 tenebrae
1542 2633 1605 2665 ille,
1620 2639 1681 2667 qua:
1693 2640 1741 2660 su-

992 2723 1048 2759 (79)
1069 2722 1131 2750 Haec
1144 2722 1177 2749 ad
1193 2722 1272 2759 tinem
1282 2729 1368 2756 usque
1380 2728 1569 2759 responsionis
1583 2720 1694 2759 ex__Reg.
1707 2727 1740 2752 ιι,

957 2755 1101 2792 ὁεὲιιηψιίι
1127 2760 1200 2785 sunt.
1221 2757 1287 2789 Quae
1310 2755 1393 2791 porro
1415 2757 1449 2784 de
1467 2755 1571 2792 Isidoro
1599 2755 1740 2787 dicuntur,

957 2791 1096 2819 noluimus
1118 2799 1133 2818 a
1156 2793 1263 2820 caeteris
1286 2792 1429 2826 sejungere
1452 2795 1480 2818 et
1498 2791 1530 2818 ad
1551 2791 1635 2817 imum
1661 2797 1742 2824 repo-

958 2835 1033 2858 nere.
1052 2827 1099 2854 sed
1116 2827 1224 2854 uncinis
1240 2825 1413 2859 inclusimus,
1427 2834 1489 2853 nam
1506 2825 1646 2861 adjectitia
1665 2829 1739 2852 sunt.

993 2863 1049 2897 (80)
1063 2861 1134 2896 ﬂag.
1153 2862 1180 2896 2,
1197 2862 1342 2897 πρωτεύει,
1358 2862 1402 2889 hic
1417 2867 1443 2890 8t
1458 2861 1540 2889 infra.
