1924 3059
207 158 254 185 651

789 158 818 186 S.
838 158 1069 186 ATIIANASIUS.
1088 173 1124 179 —
1143 157 1278 186 SPURIA.

1788 157 1840 185 63?.

206 223 255 251 pra
270 216 398 250 abyssum
415 219 504 247 erant,
522 223 574 243 nox
600 216 721 244 nondum
741 217 881 252 appellata:
900 221 990 248 erant.

1056 216 1079 242 Τὸ
1093 215 1146 251 γὰρ
1159 215 1253 246 σκότος
1269 215 1356 241 ἐκεῖνο
1370 213 1400 241 τὸ
1408 213 1500 240 ἐπάνω
1511 213 1562 248 τῆς
1578 213 1703 240 ἀϐύσσου
1714 213 1794 240 obitu
1805 212 1838 247 ἦν

206 269 257 288 nec
271 269 286 288 a
302 261 365 288 luna
376 265 403 288 et
419 261 556 289 sideribus
571 261 750 290 duodecimve
762 263 836 290 horis
850 263 990 291 dimensze.

206 306 282 333 Ilaud
301 307 382 333 dubie
401 306 468 341 ergo
484 307 529 334 lux
543 307 672 335 tenebras
685 308 830 335 antecedit.
848 307 993 334 Vernmta~

206 359 268 379 men
283 359 317 379 ne
332 352 438 386 possint
458 351 543 379 Judaei
563 353 643 380 nobis
660 353 751 380 dicere
765 353 904 381 Christum
922 353 990 381 Sab-

206 398 271 425 bato
286 399 471 426 resurrexisse
492 407 498 425 :
517 399 621 425 idcirco
641 406 735 426 eorum
755 407 802 426 ora
817 400 894 434 prius
909 399 991 426 obtu-

206 443 286 476 ravit,
303 443 362 479 lege
376 444 431 472 illis
446 443 510 472 data
522 449 552 472 ut
570 451 585 471 a
600 451 714 479 vespera
733 444 805 472 diem
824 444 934 472 Sabbati
949 445 992 472 in-

206 490 338 518 choarent

243 578 356 611 Quzsr.
370 578 436 606 LIV.
452 579 508 606 Cur
527 587 593 614 ergo
608 586 668 607 eam
690 579 725 606 ob
746 587 802 607 rem
824 579 904 606 nobis
918 579 990 608 Deus

204 624 288 659 jussit
302 625 471 652 Dominicam
484 633 498 651 ε
511 632 623 660 vespera
640 625 746 652 sabbati
769 625 870 653 ordiri?

240 713 320 742 Rssr.
339 713 397 741 Non
409 722 469 742 eam
484 715 519 743 ob
533 722 590 742 rem
606 723 613 742 :
629 715 676 742 sed
688 715 752 750 quia
766 714 838 742 Deus
853 718 946 750 gentes
957 723 990 742 ex

205 760 366 794 ignorantiae
383 759 504 787 tenebris
519 765 547 787 et
559 768 591 788 ex
607 760 703 787 umbra
719 759 785 794 legis
801 760 826 787 in
845 759 932 787 lucem
944 767 991 787 co-

205 805 337 838 gnitionis
353 804 401 832 Dei
414 808 441 832 et
452 805 589 841 Evangelii
603 806 722 833 vocavit.
740 804 892 832 Admodum
909 805 991 840 igitur

204 854 390 884 congruenter
415 857 472 878 suae
496 850 708 877 resurrectionis
732 849 804 877 diem
838 857 852 876 a
877 856 990 885 vespera

1040 260 1191 296 ὀνομασθὲν
1208 260 1267 293 νὺξ,
1286 259 1348 286 οὕτε
1365 259 1417 286 ὑπὸ
1434 258 1548 295 σελήνης
1564 259 1610 285 καὶ
1634 259 1776 293 ἀστέρων,
1793 259 1838 286 καὶ

1039 306 1144 333 δώδεκα
1156 306 1235 342 ὡρῶν
1252 305 1444 342 μετρούμενον.
1458 304 1665 339 ’Δναμφιϐόλως
1678 302 1727 331 οὖν
1739 304 1770 330 τὸ
1782 305 1839 339 φῶς

1040 352 1199 389 προτερεύει
1214 352 1262 378 τοῦ
1281 352 1403 383 σκότους.
1419 351 1514 386 Ὅμως
1532 351 1576 378 ἵνα
1590 350 1628 386 μὴ
1650 350 1758 386 εὕρωσι
1773 351 1838 386 πρὸς

1039 398 1114 433 ήμᾶς
1125 397 1217 431 λέγειν
1229 397 1364 423 Ἰουδαίων
1377 396 1480 428 παῖδες,
1491 397 1532 422 ὃτι
1547 396 1576 423 ὲν
1588 395 1724 431 σαϐϐάτῳ
1740 396 1837 432 ἀνέστη

1038 444 1053 470 ὁ
1081 443 1207 479 Χριστὸς,
1223 442 1317 469 τούτου
1344 442 1424 478 χάριν
1440 441 1678 478 προαπεφίμωσεν
1706 442 1807 473 αὐτοὺς
1823 442 1838 468 ὁ

1039 488 1114 520 Θεὸς,
1130 487 1312 523 νομοθετήσας
1327 487 1375 514 καὶ
1392 487 1483 519 αὐτοῖς
1499 487 1545 522 ἀφ’
1563 486 1689 522 ἑσπέρας
1706 487 1837 523 ἄρχεσθαι

1040 535 1090 570 τῆς
1106 535 1212 571 ἡμέρας
1224 534 1272 561 τοῦ
1286 533 1422 560 σαϐϐάτου
1435 533 1489 569 (81)

1081 578 1177 614 Ἐρώτ.
1192 578 1237 605 νδ¹.
1252 578 1285 604 Τί
1304 576 1350 604 οὖν
1367 578 1461 605 τούτου
1481 578 1560 614 χάριν
1584 577 1634 604 καὶ
1659 578 1730 613 ἡμῖν
1744 578 1758 604 ὁ
1773 577 1835 610 Θεὸς

1040 623 1206 659 προσέταξεν
1229 623 1275 658 ἀφ’
1284 622 1403 658 ἑσπέρας
1428 621 1475 649 τοῦ
1501 622 1637 649 σαϐϐάτου
1663 622 1835 658 ἀπάρχεσθαι

1038 669 1088 704 τῆς
1102 669 1245 704 Κυριακῆς

1082 713 1177 740 Ἀπόκ.
1194 713 1249 749 (82)
1263 714 1300 740 Οῡ
1315 714 1409 740 τούτου
1429 712 1526 749 χάριν·
1550 712 1607 739 ἀλλ’
1628 711 1728 747 ἐπειδὴ
1741 712 1756 738 ὁ
1773 711 1835 743 Θεὸς

1039 758 1073 785 τὰ
1089 759 1153 794 ἔθνη
1167 759 1199 785 ὲκ
1209 758 1255 785 τοῦ
1271 759 1383 791 σκότους
1398 760 1448 794 τῆς
1462 758 1609 793 ἀγνωσίας.
1624 758 1676 784 καὶ
1690 757 1743 792 τῆς
1760 757 1833 788 σκιᾶς

1040 803 1086 831 τοῦ
1099 804 1181 839 νόμου
1196 804 1236 836 εἰς
1251 804 1282 831 τὸ
1294 804 1350 839 φῶς
1360 805 1409 840 τῆς
1421 803 1583 838 θεογνωσίας
1594 804 1645 830 καὶ
1658 802 1707 830 τοῦ
1720 803 1834 837 Εὐάγγε-

1040 849 1096 876 λίου
1112 850 1234 877 ἐκάλεσε.
1262 850 1425 885 Πρεπόντως
1436 849 1491 885 ἄρα
1509 850 1575 885 ἡμῖν
1584 849 1636 884 τὴν
1648 848 1832 884 ὰναστάσιμον

204 896 333 931 praecepit
345 895 467 932 incipere
481 899 509 923 et
523 895 557 923 ad
568 895 657 923 lucem
671 895 807 924 desinere.
823 895 907 924 Valde
917 896 990 924 enim

1056 895 1123 922 ,x'noii
1136 896 1242 931 ἡμέραν
1256 896 1302 930 ἀφ’
1315 896 1432 931 ἑσπέρας
1445 895 1576 931 ἄρχεσθαι
1598 895 1650 922 καὶ
1666 896 1708 927 είς
1725 894 1782 930 φῶς
1795 903 1833 921 τε-

204 941 353 969 dedecebat
367 942 533 977 minimeque
547 941 712 969 conveniens
728 945 797 973 erat,
812 941 872 969 dies
886 941 988 970 Christi

203 985 261 1012 veri
275 985 387 1014 luminis
401 993 416 1012 a
433 988 495 1014 luce
509 987 631 1022 incipere
647 990 674 1014 et
701 987 730 1014 in
746 991 854 1014 noctem
869 994 901 1014 ac
911 990 987 1014 tene-

203 1031 268 1059 bras
284 1031 422 1059 desinere.

239 1121 350 1153 Οωεετ.
368 1121 424 1149 LV.
441 1121 532 1155 Quare
550 1122 677 1150 vicesima
689 1123 782 1158 quinta
797 1124 900 1151 mensis
916 1123 987 1151 Mar-

203 1166 245 1197 Iii,
262 1170 292 1193 ut
301 1170 400 1193 vocant
417 1165 544 1198 Romani,
557 1166 684 1195 Christus
698 1167 725 1194 in
742 1171 820 1194 utero
828 1166 948 1202 Virginis
960 1167 987 1194 in

203 1212 285 1239 terris
303 1212 451 1240 habitavit?

239 1258 320 1287 Resp.
337 1258 406 1292 Quia
425 1259 532 1287 scilicet
545 1260 597 1287 hac
618 1260 678 1296 ipsa
697 1259 742 1288 die
766 1259 837 1288 Deus
859 1260 894 1288 ab
909 1261 987 1288 initio

203 1305 337 1332 Adamum
353 1305 492 1334 formavit.
505 1305 582 1334 Unde
604 1310 630 1333 et
647 1313 742 1334 mense
756 1307 802 1333 illo
825 1306 936 1334 arbores
961 1310 988 1334 et

203 1353 303 1387 plantat
325 1359 420 1380 omnes
440 1360 491 1380 nec
506 1360 560 1380 non
575 1352 702 1379 animalia
716 1373 723 1384 ,
747 1352 780 1379 ad
806 1352 943 1379 fructuum
961 1355 988 1380 et

203 1397 287 1431 prolis
301 1398 520 1432 procreationem
536 1404 739 1433 permoventur,
752 1402 880 1434 tanquam
896 1407 956 1435 quae
972 1407 987 1427 a

204 1443 258 1470 Deo
271 1446 338 1471 tunc
349 1444 480 1479 temporis
494 1444 571 1472 fuere
582 1449 683 1473 creata.

237 1489 348 1522 Qums'r.
371 1489 439 1516 LVI.
456 1488 616 1524 Cuiusmodi
637 1494 715 1518 erant
741 1491 861 1526 pellicem
877 1492 987 1524 tunicae,

203 1543 272 1570 quas
288 1534 358 1562 Deus
375 1535 478 1563 Adamo
497 1539 525 1563 et
536 1535 598 1563 Eva:
618 1536 701 1563 fecit?

240 1581 320 1609 lisse.
347 1582 401 1609 Alii
421 1582 517 1610 volunt
534 1589 568 1610 ex
592 1582 667 1610 foliis
692 1583 822 1611 arborum
847 1575 1024 1612 contextasc

203 1627 290 1656 fuisse
304 1637 312 1655 :
327 1628 374 1655 alii
389 1635 501 1655 carnem
519 1632 641 1656 nostram
653 1629 704 1657 has
714 1637 776 1658 esse
791 1631 900 1658 tunicas
911 1631 989 1658 dixe-

203 1681 233 1701 re
249 1683 256 1701 :
270 1673 330 1701 aliis
343 1678 433 1701 autem
445 1675 535 1702 visum
552 1678 604 1706 est,
627 1675 673 1710 qui
695 1680 722 1702 ct
741 1677 834 1704 verius
854 1677 988 1709 sentiunt,

204 1727 298 1747 revera
308 1720 436 1755 pelliceas
445 1720 532 1748 fuisse
542 1721 650 1748 illorum
667 1722 786 1750 tunicas.

239 1809 349 1842 Qumsr.
362 1809 442 1836 LVII.
460 1810 528 1837 Cum
543 1809 634 1837 nullus
653 1810 794 1838 hominum
807 1815 930 1839 mortuus
944 1819 990 1840 es-

205 1860 257 1886 set,
270 1854 407 1882 undenam
424 1855 527 1883 Cainus
543 1855 636 1883 didicit
651 1856 761 1884 Abelem
776 1857 921 1884 occidere?

241 1900 321 1928 lisse.
340 1901 470 1929 Diabolus
485 1901 537 1936 ipsi
551 1903 577 1930 in
590 1903 694 1931 somnis
709 1903 840 1935 ostendit.
854 1902 990 1938 quomodo

206 1946 317 1973 fratrem
330 1951 418 1974 morte
432 1947 558 1975 alliceret.

238 1991 348 2024 QUEST.
359 1991 449 2019 LVIII.
462 1992 577 2025 Quinam
589 1999 666 2021 erant
679 1993 725 2021 lilii
738 1993 795 2027 Dei,
807 1995 853 2029 qui
866 1995 991 2022 \‘idcrunt

206 2046 237 2065 ac
250 2042 424 2074 sumpserunt
443 2038 512 2067 ﬁlias
526 2039 686 2067 hominum?

238 2083 319 2111 Rssr.
337 2083 398 2111 Filii
415 2083 491 2111 Seth.
507 2083 575 2113 Nam
586 2084 746 2119 incorporea
756 2087 854 2111 natura
867 2092 918 2112 nec
929 2092 991 2112 cor-

205 2136 271 2164 pora
286 2132 370 2161 amat.
387 2136 437 2156 nec
453 2136 515 2156 cum
531 2129 690 2156 mulieribus
701 2129 901 2157 commiscetur.

241 2174 352 2207 Qums-r.
370 2174 439 2202 LIX.
456 2174 513 2202 Cur
527 2174 600 2202 Deus
618 2174 704 2210 Moysi
722 2175 748 2202 in
765 2175 833 2202 rubo
854 2176 989 2210 apparuit,

205 2229 259 2248 non
275 2222 330 2249 alio
343 2221 370 2248 in
383 2221 513 2249 arbusto?

241 2266 321 2294 Resp.
336 2266 452 2299 Quidam
460 2267 627 2301 respondent
638 2275 748 2294 causam
761 2274 832 2296 csse.
845 2272 875 2295 ut
886 2276 919 2296 ea
930 2269 989 2302 ejus

206 2313 279 2348 iigno
294 2311 471 2340 simulacrum
486 2320 540 2339 non
551 2317 663 2347 possent
676 2313 782 2341 Hebraei
794 2313 909 2341 efﬁcere.
922 2314 989 2342 Aliis

206 2361 297 2385 autem
312 2357 422 2385 videtur
437 2357 522 2385 Deum
537 2358 589 2386 hoc
602 2358 674 2386 iacto
685 2359 911 2395 praesigniﬁcasse
922 2368 952 2387 se
962 2360 988 2387 in

207 2404 318 2440 spinosa
334 2411 418 2432 carne
427 2409 522 2432 nostra
532 2412 594 2432 esse
609 2405 817 2438 incarnandnm,
828 2414 942 2441 eamque
954 2407 989 2434 ob

207 2459 263 2478 rem
277 2450 305 2478 in
319 2450 476 2486 hujusmodi
495 2451 608 2480 arbusto
625 2450 711 2479 Movsi
725 2452 893 2479 annaruisse.

226 2571 311 2632 0(81)~
319 2571 388 2606 “eg.
404 2571 431 2604 '5,
448 2571 495 2606 ἀφ’
512 2569 632 2607 ἑσπέρας
645 2572 694 2607 τῆς
714 2573 890 2607 παρασκευῆς
909 2573 991 2608 ἄρχε-

242 2615 270 2632 αι
281 2615 342 2632 τηε.

209 2614 270 2632 συαι
281 2615 342 2640 της.

243 2641 298 2677 (82)
313 2641 382 2668 Huic
396 2641 539 2676 quaestioni
553 2640 652 2677 Similia
668 2641 795 2677 quadam?
807 2640 941 2669 habentur
952 2643 993 2669 in-

209 2674 252 2702 rm
266 2674 294 2703 in
312 2674 584 2711 interpretationibus
599 2675 724 2702 Parabol.
738 2674 885 2710 Scriptura:
896 2685 990 2708 sacrae.

208 2712 359 2753 quaestione
385 2712 430 2753 §7.
454 2711 546 2753 Paulo
558 2714 620 2745 post
643 2711 754 2753 quidam
778 2712 919 2753 ωδε-,καὶ
943 2713 993 2753 τῆς

209 2747 287 2777 σκιᾶς
300 2747 347 2773 τοῦ
363 2747 458 2781 νόμου.
477 2746 548 2774 Editi
563 2753 639 2779 vero,
659 2746 707 2772 καὶ
722 2746 755 2772 ὲκ
769 2746 815 2771 τοῦ
835 2746 928 2782 νόμου,
941 2746 994 2774 mi-

209 2788 261 2807 nus
282 2786 363 2809 recte.

245 2815 301 2850 (85)
316 2816 435 2849 Quaestio
451 2817 495 2848 55.
510 2816 566 2850 jam
583 2816 627 2849 56,
642 2816 718 2844 abest
732 2824 747 2842 a
759 2814 818 2844 Pal.
832 2815 860 2849 ‘2,
872 2820 899 2844 et
916 2825 931 2844 ιι
946 2825 992 2845 ve-

211 2851 313 2877 teribus
330 2851 432 2879 Latinis
448 2851 538 2878 editis.

248 2886 303 2922 (84)
322 2885 382 2914 Haec
405 2886 460 2914 fere
475 2887 555 2914 habet
572 2886 768 2920 Thcodorelus,
787 2890 881 2920 quiest.
900 2886 943 2920 59,
963 2887 986 2913 in

1041 941 1176 968 λειοῦσθαι
1190 940 1364 977 προσέταξεν.
1384 941 1518 977 Ἀπρεπὲς
1530 941 1583 977 γὰρ
1599 938 1636 976 ἦν
1653 940 1703 967 καὶ
1719 940 1833 976 ἀνάρμο-

1042 995 1104 1014 στον
1116 987 1170 1014 ἀπὸ
1183 987 1271 1021 φωτὸς
1284 986 1424 1023 ἄρχεσθαι,
1433 987 1481 1014 καὶ
1494 987 1534 1018 εἰς
1547 985 1646 1018 νύκτα,
1664 985 1714 1013 καὶ
1726 986 1766 1017 είς
1777 985 1833 1012 σκό-

1040 1042 1086 1065 τος
1116 1033 1283 1069 καταλήγειν
1304 1033 1355 1065 τὰς
1382 1032 1501 1069 Χριστοῦ
1521 1032 1567 1059 τοῦ
1593 1032 1728 1068 ἀληθινοῦ
1749 1031 1832 1067 φωτὸς

1040 1079 1158 1114 ἡμέρας·

1083 1124 1180 1160 Ἐρώτ.
1196 1128 1243 1153 γε’.
1261 1126 1340 1158 Τίνος
1359 1125 1439 1161 χάριν
1452 1126 1485 1161 τῇ
1496 1125 1584 1152 εἰκάδι
1602 1125 1719 1160 πέμπτῃ
1732 1123 1779 1151 τοῦ
1791 1124 1832 1150 λε-

1041 1170 1158 1206 γομένου
1171 1170 1248 1206 παρὰ
1261 1171 1403 1206 Ῥωμαίων
1413 1171 1535 1206 Μαρτίου
1551 1171 1639 1206 μηνὸς
1652 1173 1666 1198 ό
1678 1171 1794 1206 Χριστὸς
1805 1171 1830 1197 ἐν

1040 1217 1073 1252 τῇ
1091 1217 1181 1252 μήτρᾳ
1193 1218 1244 1252 τῆς
1254 1217 1393 1253 Παρθένου
1408 1217 1455 1244 ἐπὶ
1467 1217 1518 1252 γῆς
1533 1217 1692 1252 ἐσκήνωσεν
1704 1225 1712 1249 ;

1082 1262 1176 1289 Ἀπόκ.
1191 1263 1299 1298 Ἐπειδὴ
1313 1264 1341 1290 ἐν
1355 1264 1424 1298 αὐτῇ
1436 1264 1469 1299 τῇ
1482 1262 1573 1298 ήμέρᾳ
1584 1263 1632 1290 ἀπ’
1641 1263 1731 1298 ἀρχῆς
1743 1263 1757 1289 ό
1769 1260 1830 1292 Θεὸς

1040 1307 1087 1334 τὸν
1103 1307 1189 1343 ’Λδὰμ
1203 1308 1330 1335 ἔπλασεν.
1347 1307 1427 1335 Ὅθεν
1444 1308 1491 1335 καὶ
1501 1307 1540 1343 τῷ
1551 1308 1618 1343 μηνὶ
1632 1307 1732 1342 ἐκείνῳ
1747 1305 1830 1333 πάντα

1041 1353 1076 1380 τὰ
1088 1353 1194 1389 δένδρα,
1208 1354 1255 1380 καὶ
1270 1354 1298 1380 aI
1315 1353 1433 1389 βοτάναι,
1449 1354 1495 1380 καὶ
1515 1353 1552 1380 τὰ.
1563 1354 1622 1386 ζῶα
1639 1354 1680 1385 εἰς
1694 1360 1828 1388 καρποφο-

1043 1400 1104 1436 ρίαν
1119 1401 1167 1426 καὶ
1178 1400 1352 1435 τεκνογονῑαν
1373 1400 1519 1433 κινοῦνται,
1538 1400 1575 1432 ὡς
1590 1399 1630 1436 τῷ
1641 1399 1730 1435 καιρῷ
1739 1398 1828 1433 ἐκείνῳ

1042 1445 1095 1472 ὑπὸ
1112 1446 1178 1472 Θεοῦ
1191 1445 1332 1481 γενόμενα.

1086 1490 1182 1526 Ἐρὼτ.
1200 1494 1254 1523 νς’.
1270 1491 1326 1527 (85)
1343 1491 1444 1518 Ὀποῖοι
1454 1488 1524 1527 ἦσαν
1540 1492 1565 1518 οἱ
1581 1491 1742 1527 δερμάτινοι
1755 1489 1827 1525 χιτῶ-

1042 1545 1097 1568 νες,
1107 1536 1154 1568 οὒς
1165 1537 1182 1564 ὁ
1197 1537 1264 1568 Θεὸς
1277 1536 1317 1572 τῷ
1337 1537 1422 1572 ’Δδὰμ
1435 1537 1482 1563 καὶ
1495 1538 1528 1572 τῇ
1540 1536 1598 1573 Εὕα.
1613 1538 1781 1571 πεποίηκεν;

1083 1582 1177 1609 ’Δπόια
1196 1582 1252 1618 (84)
1263 1583 1294 1610 Οἱ
1318 1582 1367 1618 μέν
1384 1591 1466 1617 φασιν
1479 1583 1512 1609 ὲκ
1529 1582 1639 1617 φύλλων
1659 1582 1788 1617 δένδρων·
1802 1579 1826 1606 οξ

1039 1628 1068 1655 δὲ
1083 1628 1164 1655 πάλιν
1176 1628 1226 1664 τὴν
1237 1628 1326 1664 σάρκα
1339 1628 1417 1663 ἡμῶν
1428 1628 1539 1660 τούτους
1553 1629 1618 1660 τοὺς
1633 1628 1751 1664 χιτΐυνας
1763 1624 1825 1653 εἶναι

1040 1675 1200 1710 εἰρήκασιν·
1228 1674 1301 1708 ἔδοξε
1317 1674 1345 1701 δὲ
1362 1674 1477 1710 ἑτέροις,
1494 1676 1550 1706 τοῖς
1566 1675 1615 1701 καὶ
1631 1673 1824 1710 ἀληθεστέρως»

1041 1722 1070 1747 ὲν
1085 1719 1200 1756 ἀληθείᾳ
1215 1719 1331 1754 χιτῶνας
1343 1719 1521 1755 δερματίνους
1536 1719 1607 1747 εἶναι
1621 1720 1686 1751 τοὺς
1699 1718 1752 1745 τῶν
1764 1723 1825 1752 προ-

1040 1765 1110 1793 πατό
1115 1774 1167 1800 ρων
1183 1765 1299 1800 χιτῶνας

1082 1810 1178 1846 Ἐρώτ.
1193 1809 1242 1842 νζ⁷.
1259 1810 1313 1845 (85)
1324 1810 1402 1842 Τινὸς
1414 1810 1490 1838 οὔπω
1503 1811 1563 1838 τότε
1576 1810 1766 1840 ἀποθανόντος»
1779 1805 1822 1832 πό·

1039 1855 1084 1882 θεν
1100 1855 1201 1891 ἔμαθεν
1217 1857 1231 1882 ὸ
1246 1856 1315 1882 Κάῖν
1330 1855 1460 1890 φονεῦσαι
1477 1856 1522 1883 τὸν
1535 1856 1636 1889 Ἀϐελ;

1081 1901 1176 1928 Ἀπόχ.
1199 1901 1227 1928 '0
1240 1900 1361 1933 διάϐολος
1379 1901 1453 1936 αὐτῷ
1468 1902 1529 1928 κατ’
1541 1901 1610 1938 ὖναρ
1622 1900 1751 1934 ὑπέδειξε,
1760 1897 1822 1933 ποίῳ

1039 1946 1134 1982 τρόπῳ
1148 1946 1304 1973 θανατῶσαι
1324 1946 1370 1973 τὸν
1384 1947 1498 1982 ἀδελφόν
1512 1947 1579 1983 (86).

1082 1991 1177 2026 Ἐρώτ.
1194 1991 1406 2027 νη’.¹(87).Τίνες
1421 1989 1491 2027 ἦσαν
1504 1993 1528 2018 οἱ
1546 1992 1599 2019 υἱοὶ
1612 1991 1668 2027 (88)
1687 1991 1732 2017 τοῦ
1749 1986 1818 2017 Θεοῦ,

1040 2038 1065 2064 οἱ
1079 2037 1177 2070 ἰδόντες
1187 2037 1234 2064 καὶ
1243 2037 1370 2070 λαϐόντες
1380 2038 1430 2069 τὰς
1443 2037 1596 2074 θυγατέρας
1603 2038 1657 2065 τῶν
1668 2035 1818 2071 ἀνθρώπωνί

1083 2084 1178 2111 ’Λπόκ.
1197 2085 1228 2110 Ol
1252 2084 1306 2111 υἱοὶ
1319 2084 1367 2110 τοῦ
1382 2083 1446 2119 Σήθ.
1469 2084 1545 2110 Ἐπεὶ
1560 2084 1578 2120 ή
1593 2084 1734 2119 ἀσώματος
1748 2079 1817 2115 φύσις

1040 2129 1103 2156 οὗτε
1118 2130 1253 2165 σωμάτων
1267 2130 1327 2166 ἐρᾷ,
1341 2129 1403 2156 οὔτε
1413 2130 1519 2164 γυναιξὶ
1534 2129 1726 2165 συμπλέκεται.

1083 2175 1177 2211 Ἐρώτ.
1195 2175 1243 2202 νθ’.
1256 2176 1305 2202 Διὰ
1320 2176 1346 2202 τί
1359 2176 1388 2202 ὲν
1399 2175 1472 2211 βὰτω
1491 2175 1567 2212 ὤφθη
1582 2176 1649 2208 Θεὸς
1669 2174 1707 2209 τῷ
1728 2169 1814 2203 Μωθῇτ

1029 2217 1088 2248 ’καὶ
1102 2221 1152 2248 οὐκ
1171 2221 1200 2248 ὲν
1216 2221 1301 2257 ἑτέρῳ
1317 2221 1408 2258 φυτῷ;

1082 2267 1177 2294 Ἀπόκ.
1193 2267 1224 2294 οἱ
1237 2267 1286 2303 μέν
1303 2277 1394 2303 φασιν,
1412 2269 1456 2296 ἶνα
1473 2269 1511 2304 μὴ
1527 2267 1677 2304 δυνηθῶσιν
1694 2260 1813 2297 Ἐϐραίων

1042 2312 1134 2344 παῖδες
1149 2312 1259 2339 εἴδωλον
1276 2313 1388 2348 ποιῆσαι
1416 2315 1448 2340 ὲκ
1476 2313 1523 2340 τοῦ
1546 2313 1626 2346 ξύλου
1646 2309 1729 2344 αὐτῆς
1748 2304 1811 2342 (89)“

1041 2359 1129 2390 ἄλλοις
1155 2358 1184 2384 δὲ
1199 2358 1282 2390 δοκεῖ,
1295 2359 1337 2386 ὅτι
1359 2359 1569 2395 προδιαγράφων
1590 2359 1604 2384 ὁ
1619 2357 1693 2388 Θεὸς,
1706 2355 1744 2381 ὅτι
1759 2348 1811 2386 μέλ-

1041 2403 1081 2430 λει
1105 2405 1134 2430 ὲν
1155 2405 1188 2439 τῇ
1213 2403 1422 2440 ὲξακανθησάσῃ
1446 2403 1525 2438 ήμῶν
1549 2401 1710 2439 σαρκοῦσθτιι
1733 2396 1810 2432 φύσει,

1040 2449 1135 2476 sou-.00
1158 2449 1238 2485 χάριν
1251 2450 1280 2477 ὲν
1297 2448 1337 2485 τῷ
1360 2449 1474 2484 τοιούτῳ
1490 2449 1566 2484 φπῷ
1576 2448 1652 2483 ὤφθη
1668 2446 1705 2481 τῷ
1723 2442 1809 2476 Μωῇσ-

1045 2571 1138 2600 Cenes.
1155 2573 1243 2608 iisque
1259 2574 1343 2601 multa
1359 2574 1460 2608 adjicit.

1092 2599 1137 2641 85$
1157 2599 1241 2636 il’u‘n'c‘
1251 2599 1343 2635 una;
1357 2599 1549 2636 animum
1565 2608 1669 2642 myras.
1685 2610 1710 2642 p;
1726 2599 1780 2626 “9-

1078 2636 1135 2677 (86)
1155 2643 1285 2680 Quian},
1300 2644 1368 2680 ποίῳ
1384 2645 1477 2680 τρόπῳ
1491 2636 1612 2680 φονεέσέι
1623 2640 1666 2680 τξν

1081 2673 1136 2714 (87)
1157 2678 1225 2706 Vide
1239 2673 1407 2706 Theodoreti
1423 2673 1520 2714 quiest.
1537 2677 1571 2704 47
1586 2677 1612 2703 in
1629 2673 1715 2700 Genet.

1081 2713 1138 2757 es?)
1157 2714 1275 2757 Quid“;
1287 2721 1366 2753 mssa
1383 2713 1540 2757 οίάγγεὶεξεη
1696 2730 1802 2757 νυληδι

1080 2735 1138 2783 ἰέἒὶ
1157 2735 1572 2784 FJI'EC'EXEEJJQEii.»
1588 2743 1679 2784 agrﬁs-
1692 2735 1769 2784 frmi,

1044 2768 1244 2827 ξτῖἓῖιὲίξέῖῖέ
1254 2768 1579 2827 ἱὲιὲἓδὲῒίοεὲἶῆὲξῗέἓι

1044 2807 1580 2854 ἧξλιῖῖντ’ᾆῦἷτὲυῖςζ’ξὲἇέὲἔυτῖὰρὶέἰ’ὧὲρόή
1599 2807 1674 2847 eis?)
1696 2807 1762 2844 βάτῳ
1772 2808 1799 2834 τίκ

1043 2853 1139 2889 Μωσῇ.
1159 2854 1258 2881 Ibidem
1272 2853 1337 2889 Reg.
1356 2854 1382 2886 3,
1399 2853 1583 2888 ἀκανθησάσῃ.
