1924 3059
203 149 257 179 635

769 147 799 176 S.
819 145 1050 175 ATHANASIUS.
1068 161 1103 167 —
1120 144 1245 174 SPURIA

1797 139 1850 168 636

203 215 254 245 per
268 209 411 238 Jeremiam
425 215 522 236 rursus
538 207 608 235 dixit
621 215 677 235 non
687 207 725 234 ita
739 207 856 242 amplius
871 207 992 234 futurum

1061 206 1072 233 ὲ
1091 205 1221 242 Ἱερεμίου
1246 203 1292 231 τοῦ
1314 203 1452 239 προφήτου
1477 200 1558 228 πάλιν
1580 199 1715 236 εἴρηκεν,
1732 199 1778 225 ὅτι
1800 199 1851 225 οὐκ

207 263 286 288 esse;
302 255 349 282 sed
368 255 414 290 qui
429 253 579 281 comederit
593 261 660 281 uvas
677 253 800 285 acerbas,
815 253 911 281 dentes
929 254 989 288 ejus

207 305 318 336 stupore
328 300 482 328 afficiendos
496 300 516 325 ⁸.
533 300 596 328 Haae
618 307 714 327 rursus
729 299 868 327 Christum
886 299 920 327 ad
940 298 990 326 Ju—

208 347 280 374 dzeos
297 347 430 374 dicentem
443 346 569 374 audimus
585 355 592 374 :
607 355 618 372 ι
643 346 728 373 Amen
746 346 809 373 dico
826 346 902 373 vobis
914 365 922 378 ,
944 353 991 373 ve-

209 393 287 420 nicnt
301 393 460 427 iniquitates
483 397 590 428 patrum
609 396 761 420 vestrorum
787 400 868 426 super
889 399 948 422 vos.
975 399 991 418 a

209 439 342 473 sanguine
356 439 422 466 Abel
435 439 514 474 justi,
529 446 617 474 usque
631 439 665 465 ad
679 438 839 473 sanguinem
855 437 992 465 Zacharia:

210 484 257 511 filii
274 484 422 516 Baracliiaa,
436 492 516 520 quem
530 484 669 511 occidistis
682 484 754 511 inter
771 484 899 518 templum
915 487 940 510 et
953 483 992 510 al-

209 534 267 556 tare
284 530 304 556 '.
325 539 334 555 ι
359 529 437 557 Unde
452 530 517 557 licet
535 529 671 564 conjicere
684 550 691 562 ,
709 529 780 564 apud
797 529 918 556 infideles
933 536 993 563 pec-

209 579 270 603 cata
284 579 425 611 parentum
444 575 589 610 impiorum
602 575 630 602 in
645 575 714 603 ﬁlios
726 582 867 611 perversos
889 574 991 605 induci,

211 628 265 647 non
290 621 318 647 in
338 621 424 648 honos
444 629 451 647 :
479 624 507 646 at
527 619 598 655 apud
625 619 734 652 ﬁdeles,
760 623 883 647 sanctum
907 620 993 654 bapti-

212 673 270 692 sma
295 673 377 701 puros
399 674 449 694 nos
472 666 562 694 reddit
587 666 621 694 ab
641 666 715 694 omni
729 666 879 701 .iniquitate
898 673 994 700 paren-

212 715 279 738 tum.

247 791 357 825 Qussr.
376 792 490 820 LXVI".
506 792 621 826 Quidam
637 792 920 827 aiiintsmpcinfantes
936 801 996 828 pro-

213 842 273 872 pter
292 843 434 873 parentum
451 842 560 873 peccata
577 838 646 865 mori
661 847 668 866 :
685 846 749 864 num
766 839 792 866 id
805 847 897 866 verum
909 839 970 874 est?

249 883 330 911 Βεει).
346 884 424 910 Absit
440 884 466 910 id
482 885 519 910 ita
531 884 610 911 esse!

249 927 359 961 Qumsr.
386 927 478 954 LXIX.
500 927 556 955 Cur
578 928 660 963 igitur
677 928 794 956 infantes
818 930 994 956 moriuntur:

214 974 261 1001 alii
272 982 336 1001 vero
347 974 562 1001 censeiiescunt?
571 974 626 1002 Cur
639 975 702 1002 item
713 975 822 1010 quidam
832 975 906 1009 juste
916 984 998 1011 agen-

215 1025 265 1051 tes,
283 1019 364 1046 breve
375 1024 482 1055 tempus
498 1021 592 1047 vivunt
606 1028 615 1046 :
640 1021 685 1048 alii
702 1028 766 1048 vero
782 1021 851 1048 male
874 1026 996 1056 agentes,

215 1065 329 1099 longaevi
346 1065 518 1092 moriuntur?
534 1065 590 1092 Cur
606 1066 670 1093 item
691 1066 736 1092 alii
751 1067 814 1093 boni
844 1066 948 1101 absque
966 1068 997 1094 li-

215 1111 289 1138 beris
306 1116 333 1137 et
350 1110 443 1145 inopes
463 1114 528 1138 sunt
546 1121 552 1137 :
574 1111 618 1138 alii
634 1115 722 1138 autern
736 1111 810 1146 impii
828 1111 929 1138 multos
950 1112 1000 1138 ha-

216 1155 281 1182 bent
294 1154 405 1186 liberos,
423 1159 450 1182 et
467 1154 582 1182 feliciter
596 1155 718 1190 degunt?

252 1199 333 1227 Resp.
348 1200 433 1227 Multa
448 1199 482 1227 de
498 1200 540 1226 his
552 1200 598 1227 Dei
610 1201 721 1235 judiciis
731 1205 843 1236 possent
855 1201 998 1235 disputari,

217 1253 331 1280 quorum
341 1246 434 1280 utique
444 1246 514 1272 ratio
523 1245 617 1280 nequit
626 1246 828 1281 comprehendi.
839 1246 952 1278 Tamen,
969 1250 998 1273 ut

218 1299 251 1318 ex
274 1292 376 1319 sanctis
397 1291 548 1326 Scripturis
561 1291 737 1326 percipimus,
752 1291 950 1326 respondemus
971 1291 1001 1318 ii-

218 1337 318 1364 delium
330 1336 448 1364 infantes
464 1344 518 1363 non
534 1336 569 1364 ob
588 1340 731 1371 parentum
747 1341 874 1372 peccata,
900 1337 948 1365 sed
967 1336 1001 1364 ad

217 1389 311 1410 eorum
333 1382 551 1410 emendationem
577 1390 648 1417 saepe
669 1383 738 1409 mori
752 1392 759 1410 :
775 1390 828 1418 qua
845 1383 873 1409 in
895 1390 924 1410 re
948 1382 1001 1409 duo

219 1429 290 1456 Deus
302 1433 428 1463 procurat
443 1428 531 1459 bona,
547 1436 631 1455 unum
648 1428 773 1462 quidem,
796 1434 824 1455 ut
841 1428 902 1463 puri
921 1428 1002 1456 dece-

218 1475 331 1508 dentes,
357 1475 473 1502 salutem
493 1474 549 1501 illic
572 1478 775 1508 consequantur
799 1483 805 1500 ε
833 1474 903 1501 forte
930 1474 1002 1501 enim

219 1522 282 1557 quia
304 1521 455 1556 improbam
480 1519 599 1557 omnino,
614 1520 698 1546 vitam
725 1520 812 1547 acturi
834 1524 930 1551 erant,
956 1528 1003 1548 eos

221 1553 290 1595 ﬁcus
303 1553 506 1602 dispensatione
517 1553 634 1600 quadam
650 1569 729 1592 antea
743 1565 855 1600 eripuit;
873 1565 945 1592 aliud
960 1573 1005 1591 au-
1017 1553 1038 1582 (ἶ

220 1617 274 1640 tem
290 1612 390 1639 bonum
401 1615 453 1643 eSt,
464 1614 493 1637 ut
510 1611 560 1646 ipsi
571 1614 696 1645 parentes
728 1611 907 1645 sapientiores
921 1610 1003 1637 ﬁant:

221 1658 290 1686 forte
306 1665 369 1685 vero
390 1662 419 1684 ut
432 1657 575 1691 pecuniam
589 1677 596 1689 ,
624 1663 706 1690 quam
728 1659 891 1683 testamento
914 1657 1005 1683 liberis

221 1704 310 1731 daturi
326 1707 414 1734 erant,
432 1703 460 1729 in
485 1710 618 1737 pauperes
637 1701 766 1736 deinceps
787 1702 936 1729 insumant.
956 1701 1008 1729 De-

223 1751 304 1785 nique
312 1749 363 1776 alia
372 1749 450 1783 plane
462 1748 495 1775 de
511 1755 592 1775 eausa
603 1748 682 1775 nobis
696 1747 812 1775 occulta.
827 1747 859 1773 Et
873 1747 929 1774 haec
946 1747 1007 1782 qui-

222 1796 282 1823 dem
292 1796 362 1829 quod
371 1794 406 1820 ad
415 1793 533 1820 fidelium
543 1793 661 1820 infantes
669 1796 781 1827 spectat.
792 1792 907 1826 [inprobi
918 1797 1007 1820 autem

224 1841 347 1869 homines
363 1841 432 1867 forte
442 1840 545 1866 idcirco
556 1839 686 1865 fortunati
698 1843 772 1870 sunt,
787 1838 902 1866 feliciter
915 1843 1006 1874 agunt,

222 1893 250 1916 et
264 1888 365 1915 liberos
380 1887 499 1919 habent;
522 1885 594 1920 quod
613 1885 737 1920 quadam
756 1892 838 1919 parva
863 1886 932 1912 bona
944 1893 1008 1920 ege—

225 1935 288 1966 rint,
307 1940 422 1968 quorum
441 1931 594 1958 mercedem
611 1931 655 1958 hic
667 1930 744 1965 231
758 1931 907 1965 recipiant.
924 1934 953 1957 ut
966 1930 1009 1957 tli-

226 1987 272 2008 ves
287 1979 332 2006 ille
343 1978 377 2004 ad
396 1985 475 2013 quem
487 1977 545 2004 haec
558 1977 629 2004 dicta
645 1980 709 2004 sunt
722 1986 729 2004 ;
746 1985 755 2002 ι
772 1976 925 2004 Recordare
938 1976 1009 2011 quod

227 2024 364 2060 receperis
380 2024 452 2050 bona
466 2028 512 2049 tua
525 2023 553 2049 in
568 2022 623 2049 vita
646 2021 725 2052 tua}.
741 2031 750 2047 ι
767 2021 824 2048 lloc
837 2025 889 2053 est,
903 2021 1009 2056 plenam

226 2070 377 2099 mercedem
389 2071 521 2097 bonorum
546 2075 606 2104 qum
623 2068 713 2103 egisti,
730 2068 883 2102 percepisti.
902 2067 1012 2094 ΑΞι-ιιιῃ-

228 2117 288 2144 nosi
303 2119 395 2142 autem
411 2114 456 2141 hic
478 2117 542 2141 sunt
557 2113 593 2148 pii
608 2116 634 2140 et
653 2112 739 2140 sancti
754 2113 816 2144 viri,
834 2116 874 2145 ut,
885 2121 932 2147 per
948 2112 1012 2139 ami-

228 2164 345 2190 ctionein
357 2161 487 2197 peccatis,
507 2165 536 2187 ut
549 2159 679 2191 Lazarus,
698 2160 815 2194 purgati,
829 2159 884 2186 illic
903 2159 1011 2186 demum

229 2217 291 2236 cum
303 2209 362 2243 ipso
373 2207 562 2234 consolatione
576 2206 760 2241 perfruantur.
778 2206 806 2232 Si
821 2207 892 2233 enim
909 2215 917 2231 ι
932 2214 1011 2240 quem

229 2255 318 2290 diligit
334 2253 476 2286 Dominus,
494 2252 626 2287 corripit'
641 2262 647 2279 :
664 2262 674 2278 ι
691 2251 756 2287 quid
776 2252 858 2286 igitur
871 2252 1013 2286 perturba-

231 2301 280 2332 ris,
299 2300 346 2335 qui
362 2303 472 2326 sanctos
487 2299 564 2326 vides
582 2299 680 2326 misere
698 2298 838 2332 degentes,
862 2298 949 2324 malos
965 2305 1014 2324 au-

1012 887 1032 914 Β

231 2351 285 2373 tem
303 2345 419 2372 feliciter
433 2348 555 2379 agentes,
571 2352 603 2371 ac
617 2345 689 2371 velut
704 2352 802 2379 porcos
819 2344 852 2371 ad
871 2343 1015 2370 mactatio-

231 2399 293 2419 nem
320 2391 375 2426 igni
395 2394 497 2418 aeterno
521 2391 660 2425 saginatos
684 2394 711 2418 et
735 2390 920 2426 praeparatos?
942 2389 1015 2416 Nihil

231 2445 296 2472 ergo
316 2440 342 2464 te
362 2436 479 2471 amplius
502 2436 655 2464 conturbet.
671 2436 728 2464 Nec
750 2437 821 2464 enim
843 2436 886 2463 hic
908 2439 1014 2462 tantum

233 2483 454 2518 eonsistuntquae
465 2482 499 2510 ad
511 2491 559 2510 nos
573 2486 708 2518 spectant,
718 2482 765 2509 scd
776 2482 888 2510 omnino
903 2489 1014 2510 necesse

232 2534 275 2558 est
288 2538 336 2558 eos
363 2531 411 2565 qui
430 2530 579 2563 salvantur,
595 2537 643 2565 per
657 2529 756 2557 multas
771 2529 960 2557 tribulationes
975 2529 1017 2556 in-

234 2576 309 2612 gredi
322 2576 351 2603 in
363 2583 477 2611 regnum
488 2576 630 2604 etelorum.
641 2574 692 2602 llic
702 2575 775 2603 enim
788 2575 843 2603 Deo
853 2579 894 2603 est
906 2581 1016 2611 scopus,

1042 252 1118 279 ἔσται
1131 251 1178 278 τοῦ
1196 249 1288 277 λοιποῦ
1304 249 1402 280 οὕτως·
1422 247 1478 274 ἀλλ’
1493 247 1566 278 ὅστις
1583 245 1666 280 φάγῃ
1677 245 1748 276 τοὺς
1758 244 1851 280 ὄμφα-

1042 308 1103 331 κας,
1126 298 1208 325 αὑτοῦ
1231 298 1255 324 οἱ
1278 297 1381 327 ὀδϋντες
1401 294 1605 330 ὡμοδιὰσουσινε
1632 291 1799 327 ’Δκούομεν
1823 291 1851 318 δὲ

1042 345 1123 372 πάλιν
1145 344 1192 371 τοῦ
1220 342 1337 379 Χριστοῦ
1367 341 1435 377 πρὸς
1456 341 1595 371 Ἰουδαίους
1625 339 1777 373 λέγοντος,
1795 338 1850 369 ὅτι,

1049 389 1138 424 Ἀμὴν
1159 389 1237 423 λέγω
1260 386 1340 421 ὑμῖν,
1355 386 1570 412 ἐπελεύσονται
1590 385 1623 410 αἱ
1645 382 1779 416 ἀνομίαι
1793 381 1850 416 (98)

1042 435 1103 461 τῶν
1121 433 1253 467 πατέρων
1275 430 1358 466 ὑμῶν
1374 431 1420 465 ἐφ’
1437 429 1524 465 ὑμᾶς,
1548 429 1607 456 ἀπὸ
1624 427 1700 462 Βτοῦ
1722 427 1850 461 αἵματος

1046 481 1136 507 Ἀϐελ
1151 479 1203 505 τοῦ
1216 477 1331 504 δικαίου
1347 477 1402 509 ἕως
1414 475 1467 502 τοῦ
1477 475 1599 509 αἵματος
1614 473 1784 507 Ζαχαρίου
1797 471 1850 498 τοῦ

1044 523 1111 552 υίοῦ
1128 522 1288 557 Βαραχίου,
1304 521 1339 548 ὃν
1357 519 1540 555 ἐφονεύσατε
1557 517 1682 552 μεταξὺ
1700 516 1759 543 τοῦ
1775 515 1849 542 ναοῦ

1045 568 1160 596 καὶτοῦ
1175 567 1399 600 θυσιαστηρίου.
1413 564 1492 592 Ὅθεν
1509 561 1700 598 στοχάζεσθαι
1722 560 1791 596 χρὴ,
1809 560 1849 586 ὅτι

1045 615 1092 641 ἐπὶ
1110 615 1159 649 μὲν
1174 613 1229 639 τῶν
1250 612 1371 639 ἀπίστων
1386 610 1442 645 (99)
1462 609 1609 643 ἐπάγονται
1638 607 1786 643 ἁμαρτίαι
1799 614 1848 632 παν

1045 661 1132 696 τέρων
1147 659 1251 687 ἀσεϐῶν
1265 659 1311 684 ὲπὶ
1324 658 1398 689 υἱοὺς
1407 657 1540 692 πονηρούς
1551 665 1558 672 ’
1575 655 1607 682 οὐ
1627 654 1690 690 γὰρ
1707 652 1828 688 ἀγαθούς
1838 661 1844 667 ·

1047 707 1094 733 ἐπὶ
1104 706 1132 732 δὲ
1145 705 1199 732 τῶν
1209 705 1313 732 πιστῶν
1326 705 1356 731 τὸ
1371 704 1446 738 ἅγιον
1459 704 1596 738 βάπτισμα
1604 699 1764 736 καθαρίζει
1776 699 1847 734 ἡμᾶς

1047 751 1100 778 ἀπὺ
1119 752 1210 787 πάσης
1223 750 1430 787 προπατορικῆς
1445 748 1589 784 ἁμαρτίας.

1089 796 1117 822 'E
1122 795 1184 831 ρὼτ.
1196 795 1246 831 En’.
1255 795 1334 826 Τινές
1343 802 1408 829 φασι
1421 793 1550 824 πολλάκις
1559 791 1701 826 τελευτᾷν
1714 790 1802 825 νήπια
1811 788 1846 824 (1)

1048 843 1091 869 διὰ
1107 842 1208 877 γονέων
1221 841 1354 877 ἁμαρτίας
1364 849 1370 856 ·
1389 837 1444 875 ἄρα
1456 839 1540 869 οὓτως
1551 837 1628 863 ἐστίν
1640 844 1648 869 ;

1088 889 1181 916 ’Λπόκ.
1196 888 1240 923 Μὴ
1254 887 1357 922 γένοιτο
1372 883 1440 912 εἶναι
1456 884 1535 911 τοῦτο
1548 882 1658 914 οὓτως-ί

1089 934 1184 970 Ἐρώτ.
1202 933 1248 965 ξο’.
1264 933 1341 964 Τίνος
1354 932 1434 968 χάριν
1450 931 1535 966 νήπια
1551 928 1726 956 τελευτῶσιν
1736 936 1744 943 ·
1761 927 1846 961 ἕτεροι

1048 981 1076 1008 δὲ
1091 979 1283 1015 ὑπεργηρῶσι;
1307 978 1354 1005 καὶ
1368 977 1448 1005 πόθεν
1463 977 1536 1008 τινὲς
1550 975 1600 1011 μὲν
1612 971 1845 1010 δικαιοπραγῶν-

1048 1035 1093 1058 τες
1110 1025 1228 1060 γίνονται
1242 1024 1369 1059 smitam
1453 1022 1525 1054 τινὲς
1543 1021 1572 1047 δὲ
1594 1018 1846 1055 κακοπραγοῦντες

1050 1070 1218 1106 πολυχρόνιοι
1232 1069 1390 1096 τελευτῶσιν
1398 1077 1404 1083 ·
1416 1067 1489 1094 ἄλλοι
1497 1066 1525 1094 δὲ
1537 1065 1640 1100 ἀγαθοὶ
1650 1065 1776 1100 γίνονται
1786 1063 1845 1090 ἄτε-

1050 1125 1108 1143 κνοι
1117 1116 1163 1142 καὶ
1175 1115 1289 1151 πένητες
1299 1124 1304 1129 ·
1321 1114 1410 1150 ἕτεροι
1420 1114 1449 1140 δὲ
1463 1112 1570 1144 ἀσεϐεῖς
1581 1110 1753 1139 εὐτεκνοῦσί
1763 1117 1793 1136 τε
1802 1107 1846 1134 καὶ

1050 1161 1249 1198 εὐπραγοῠσιν;

1092 1208 1186 1234 Ἀπόκ.
1196 1207 1283 1238 Πολὺς
1300 1207 1314 1233 ὁ
1332 1205 1396 1242 περὶ
1409 1205 1510 1232 τούτων
1525 1203 1579 1231 τῶν
1595 1202 1648 1230 τοῦ
1661 1202 1733 1230 Θεοῦ
1752 1201 1845 1237 χριμά-

1050 1261 1104 1279 των
1117 1252 1194 1286 λόγος
1211 1252 1258 1278 καὶ
1272 1251 1470 1284 ἀκατάληπτος.
1483 1250 1578 1285 Ὅμως
1587 1248 1629 1280 ὡς
1646 1248 1680 1274 ὲκ
1690 1247 1752 1274 τῶν
1764 1247 1843 1281 ἁγίων

1051 1297 1167 1333 Γραφῶν
1187 1296 1464 1332 καταλαμϐανόμεθα,
1483 1295 1612 1330 λέγομεν,
1632 1295 1734 1328 ὅτιπερ
1746 1293 1781 1319 τὰ
1795 1291 1844 1334 τῶν

1052 1344 1155 1371 πιστῶν
1165 1344 1250 1379 νήπια
1265 1343 1315 1370 οὐκ
1330 1342 1359 1374 ἐξ
1374 1342 1525 1378 ἁμαρτιῶν,
1540 1341 1610 1368 ἀλλὰ
1629 1340 1764 1371 πολλάκις
1781 1338 1843 1373 πρὸς

1054 1389 1240 1426 σωφρονισμὸν
1252 1388 1306 1415 τῶν
1323 1387 1423 1422 γονέων
1445 1386 1608 1413 τελευτῶσι·
1624 1385 1675 1412 δύο
1692 1384 1785 1419 ἀγαθὰ
1801 1382 1843 1409 τοῦ

1053 1434 1120 1462 Θεοῦ
1137 1436 1167 1460 ὲν
1179 1434 1266 1469 τούτῳ
1283 1432 1555 1469 πραγματευομένου,
1573 1431 1603 1458 ἓν
1616 1432 1680 1466 μὲν,
1695 1431 1780 1462 ὅπως,
1797 1437 1841 1455 κα-

1054 1480 1124 1516 Θαρὰ
1134 1479 1293 1511 ἀπελθόντα,
1307 1478 1445 1514 σωτηρίας
1459 1479 1516 1504 ἐκεῖ
1528 1477 1683 1512 ἐντύχωσιν
1692 1485 1700 1492 ’
1717 1476 1780 1506 ἴσως
1795 1474 1842 1508 γὰρ

1054 1526 1096 1552 ὃτι
1115 1525 1184 1552 πάνυ
1199 1524 1316 1560 πονηρὸν
1329 1523 1385 1558 βίον
1404 1523 1485 1558 ζῆσαι
1509 1522 1657 1558 μέλλοντα,
1670 1519 1842 1556 οἰκονομικῶς

1055 1572 1068 1598 ὁ
1079 1571 1144 1602 Θεὸς
1154 1571 1328 1606 προήρπασεν
1334 1569 1404 1596 αὐτὰ
1413 1577 1419 1583 ·
1433 1569 1557 1603 δεύτερον
1564 1568 1606 1600 δὲ,
1616 1569 1695 1599 ὃπως
1703 1568 1748 1594 καὶ
1757 1567 1780 1592 οί
1789 1564 1842 1591 τού-

1055 1626 1107 1644 των
1134 1618 1220 1651 γονεῖς
1245 1615 1457 1651 σωφρονέστεροι
1483 1615 1631 1649 γίνωνται·
1659 1614 1726 1645 ἴσως
1754 1613 1782 1638 δὲ
1805 1611 1842 1636 ἶνα

1055 1663 1089 1690 τὰ
1105 1663 1142 1698 (5)
1162 1664 1218 1694 τοῖς
1230 1662 1334 1693 τέκνοις
1351 1661 1480 1697 μέλλοντα
1497 1661 1569 1688 κατὰ
1591 1660 1728 1695 διαθήκας
1741 1657 1841 1692 δοθῆναι

1057 1710 1184 1745 χρήματα
1200 1710 1240 1740 είς
1265 1709 1389 1743 πτωχοὺς
1403 1708 1494 1734 λοιπὸν
1510 1706 1702 1742 δαπανηθῶσι.
1736 1703 1841 1745 Πάντως

1104 1744 1150 1780 οιαὶ
1165 1753 1235 1780 κατὰ
1255 1753 1318 1780 ἄλλο
1336 1754 1423 1788 χρῖμα
1443 1752 1508 1786 ἡμῖν
1525 1751 1650 1786 ὑπάρχον
1666 1748 1773 1784 ἄδηλον.
1793 1744 1841 1771 Καὶ

1057 1798 1127 1825 οὕτω
1141 1799 1190 1833 μὲν
1202 1797 1267 1833 περὶ
1285 1787 1388 1823 πιστῶν
1403 1797 1507 1832 νηπίων
1519 1790 1799 1830 λόγοςηΕὺπραγοῦσι
1814 1787 1839 1814 δὲ

1058 1843 1105 1870 καὶ
1118 1843 1257 1870 εὐθυνοῦσι
1277 1843 1324 1869 καὶ
1339 1841 1510 1869 εὐτεκνοῦσιν
1529 1841 1627 1876 ἄνδρες
1643 1838 1766 1874 πονηροὶ,
1784 1834 1840 1863 ἴσως

1059 1890 1118 1917 τινὰ
1128 1890 1212 1925 μικρὰ
1222 1889 1312 1924 ἀγαθὰ
1319 1889 1385 1924 ἔργα
1395 1888 1433 1923 (εί)
1443 1881 1616 1923 ποιήσαντες,
1628 1886 1676 1912 καὶ
1682 1880 1794 1910 ἐνταῦθα
1802 1878 1840 1904 τὸν

1061 1935 1154 1971 μισθὸν
1168 1935 1260 1970 ζαύτῶν
1272 1934 1519 1969 ἀπολαμϐάνοντες,
1537 1932 1575 1963 ὡς
1590 1933 1604 1958 ὁ
1613 1929 1738 1959 πλούσιος
1748 1925 1839 1952 ἐκεῖνος

1060 1982 1074 2008 ὁ
1087 1981 1207 2012 ἀκούσας
1217 1989 1224 1996 ·
1247 1990 1256 2006 ι
1271 1981 1412 2015 Μνήσοητι
1428 1980 1468 2006 ὃτι
1485 1977 1623 2009 ἀπέλαϐες
1639 1976 1674 2002 τὰ
1697 1972 1783 2008 ἀγαθά
1798 1975 1838 1995 σου

1060 2029 1090 2055 ἐν
1103 2029 1136 2063 τῇ
1153 2029 1208 2063 ζωῇ
1227 2035 1290 2053 σου·
1308 2036 1318 2052 ι
1336 2026 1486 2057 τουτέστιν,
1510 2023 1674 2059 ὲπληρώϐης
1694 2021 1738 2046 τὸν
1755 2015 1838 2063 μισθῨν

1061 2073 1114 2100 τῶν
1124 2060 1234 2107 aruo-(5v
1254 2072 1352 2107 ἔργων,
1363 2068 1399 2097 ὧν
1415 2070 1545 2106 ἔπραξας.
1558 2065 1748 2103 Δυσπραγοῦσι
1761 2063 1785 2089 δὲ
1798 2060 1837 2086 εὐ-

1061 2120 1153 2151 λαϐεῖς
1170 2120 1216 2146 καλ⁸
1234 2119 1302 2145 ὅσιοι
1315 2117 1442 2147 ἐνταῦθα,
1455 2117 1540 2148 ὅπως,
1556 2115 1601 2141 διὰ
1615 2115 1665 2148 τῆς
1678 2110 1836 2155 θλίψεως-καῖ

1063 2165 1244 2201 Θαρισθέντες,
1257 2164 1295 2194 ὡς
1311 2164 1325 2189 ὁ
1339 2163 1462 2198 Λάζαρος
1477 2161 1531 2187 τῶν
1550 2161 1623 2187 ἰδίων
1635 2152 1835 2201 ἁμαρτιῶντέκξῖ

1063 2194 1154 2238 λοίπὺν
1168 2194 1277 2241 τελείως
1296 2210 1343 2236 σὺν
1368 2194 1442 2243 αὐτῷ
1461 2205 1684 2243 παρακληθῶσιν.
1709 2201 1739 2228 Εἰ
1753 2198 1800 2244 γᾴρ
1809 2194 1835 2244 ἓν

1067 2258 1161 2292 ἀγαπᾷ
1177 2257 1277 2292 Κύριος
1302 2242 1432 2285 παιδεύεις
1458 2253 1484 2279 τί
1505 2242 1608 2287 λοιπὸν
1624 2242 1834 2292 θορυῦεἰξςτ-δρξδν

1068 2285 1162 2338 ἁγίους
1179 2303 1207 2329 ὲν
1221 2285 1386 2337 ἒδυιιίιτραγίᾳ,
1400 2300 1508 2330 ἀσεϐεῖς
1522 2285 1551 2325 δὲ
1572 2299 1601 2324 ὲν
1617 2291 1749 2338 εὐπραγίᾳ
1761 2285 1834 2338 ὑπάίξ

1067 2327 1175 2386 χοντας,
1196 2349 1242 2376 καὶ
1252 2327 1410 2383 ὡςιχοίρους
1431 2347 1471 2377 εἰς
1486 2327 1593 2380 σιραγὴν
1610 2341 1649 2376 ’τῷ
1668 2327 1763 2386 ἀῖυξνίῳ
1774 2327 1833 2386 ﬁt"?!

1069 2375 1252 2429 σίτιξομένους
1268 2375 1318 2419 έαῖ
1330 2375 1555 2426 ἑτοιμαζομένους
1566 2375 1577 2422 ς’
1592 2375 1683 2414 λοιπὸν
1697 2379 1740 2409 οὖν
1754 2377 1787 2414 μὴ
1799 2375 1834 2429 οἵ

1242 2418 1276 2466 οὐ
1290 2418 1348 2474 γὰρ
1371 2418 1450 2474 μέχρι
1460 2418 1466 2426 ι
1477 2436 1531 2463 τῶν
1545 2418 1670 2462 ⁷ενταῦθα
1695 2418 1833 2476 ἴσταῖαιξά

1293 2464 1338 2508 έεῖ⁸
1347 2464 1455 2512 ardua-:2);
1469 2481 1533 2512 τοὺς
1546 2477 1710 2513 σωζομένους
1721 2469 1766 2520 flii

1069 2516 1124 2555 λῶν
1142 2516 1257 2563 θλίψεων
1274 2527 1404 2554 εἰσελθεῖν
1425 2528 1465 2558 είς
1480 2526 1529 2561 τὴν
1548 2522 1684 2560 βασιλείαν
1701 2516 1751 2563 τῶν
1766 2516 1829 2563 οὗθ’

1071 2573 1134 2601 νῶν.
1150 2555 1254 2605 Σκοπὸς
1268 2572 1321 2608 γὰρ
1344 2569 1420 2604 οὗτός
1435 2555 1492 2598 ἔστι
1507 2555 1626 2606 ἰξῷ-Θεῷ,
1643 2565 1672 2592 τὺ
1685 2562 1780 2589 πάντας
1793 2555 1828 2580 ἀν’

268 2657 280 2672 ⁸
296 2654 396 2682 Jerem.
413 2661 497 2686 xxxr,
515 2653 559 2681 '50.
597 2653 607 2669 '
627 2653 722 2680 Matth.
739 2660 817 2686 xxiii,
834 2652 877 2679 35.
916 2651 926 2668 °
942 2651 1010 2678 Luc.
1026 2658 1088 2682 xvt,
1103 2649 1149 2677 2-3.
1186 2650 1196 2665 ⁷
1216 2648 1297 2677 Prov.
1322 2656 1370 2681 ιιι,
1388 2647 1432 2675 12.

271 2712 327 2748 (98)
346 2711 406 2748 ptio
420 2718 499 2748 rttss,
520 2712 666 2748 thing-ttat.

272 2745 327 2781 (99)
346 2746 412 2781 Reg.
429 2745 457 2778 2,
476 2745 608 2779 ἀπίστων,
621 2747 677 2778 alii,
693 2746 876 2773 ἀϐαπτίστων.

288 2780 376 2816 ι)’8ἱο
392 2780 457 2815 Reg.
471 2780 498 2807 2.
519 2781 601 2815 Edtti,
617 2781 700 2816 πιστὰ
714 2783 807 2816 νήπια,
826 2782 918 2808 minus
935 2784 1017 2808 recte.

284 2813 312 2851 ‘2.)
329 2816 374 2843 Sic
389 2813 464 2851 mss:
478 2815 546 2843 Editi
567 2813 921 2851 γεινο,’δικαιοπραγοῠντες
941 2815 1020 2843 πολυ-

239 2849 339 2891 χρόνίοι
353 2849 521 2885 τελευτῶσιν,
534 2849 642 2881 omissis
657 2849 828 2887 quibusdam.

1106 2707 1211 2745 (3).Sic
1232 2715 1305 2745 mss:
1324 2707 1354 2734 In
1367 2705 1456 2745 editis
1470 2711 1519 2740 pro
1534 2704 1586 2735 ἵνα,
1609 2698 1663 2731 καί,
1679 2698 1704 2723 et
1717 2689 1825 2720 inferius,

1071 2741 1121 2780 pro
1136 2741 1263 2780 'aoflﬁvat,
1275 2743 1353 2780 βῆναι
1367 2741 1475 2780 legitur.

1108 2779 1146 2815 (.t)
1165 2775 1205 2815 ita
1220 2775 1329 2815 quidam
1341 2775 1499 2815 ιιι-δέηξργα

1109 2779 1135 2806 {.1
1168 2779 1205 2804 Ita
1220 2779 1329 2812 quidam
1341 2779 1499 2810 mss.,épya

1109 2779 1147 2849 (‘5;
1161 2813 1240 2843 Joan.
1257 2812 1355 2847 Chrys.
1367 2810 1459 2838 homit.
1476 2811 1503 2843 1,-

1075 2857 1151 2877 num.

1515 2765 1824 2844 ἓῗῗέἓυῗιῗὲξιῗίιιῑίοώθ
