1924 3059
77 169 130 197 337

560 169 796 204 QUIESTIONES
814 170 861 198 AD
879 169 1084 199 ANTIOCHUM
1104 170 1233 198 DUCEM.

1657 172 1711 201 658

82 226 206 262 »ρώπους
219 226 350 262 σωθῆναι,
362 226 409 253 καὶ
421 227 461 259 είς
475 227 623 262 ἐπίγνωσιν
637 229 764 264 ἀληθείας
774 229 871 256 ἐλθεῖν.

932 235 1023 256 amnes
1046 228 1173 256 homines
1189 228 1281 255 salvos
1296 227 1353 255 ﬁeri
1367 229 1395 255 et
1410 227 1437 254 in
1457 227 1623 263 agnitionem
1640 229 1712 255 veri-

82 273 179 307 ὶιόπερ
197 272 244 299 καὶ
267 273 325 303 τοῖς
344 273 394 308 μὲν
418 273 591 310 ἁμαρτωλοῖς
611 274 742 306 πολλάκις
769 283 872 310 μακρο-

83 317 190 354 (ρσνίαν
206 318 347 354 χαρίζεται
372 319 421 355 (6),
446 320 575 356 ἀφορμὴν
592 321 684 352 αὐτοῖς
703 321 789 352 διδοὺς
804 320 873 356 πρὸς

83 363 244 390 ιετάνοιανο
262 364 336 396 ὅπως
352 365 404 391 κάν
428 365 466 398 ὡς
480 367 504 392 ol.
525 366 590 402 περὶ
606 366 657 401 τὴν
679 366 824 400 ἑνδεκάτην
843 367 874 393 ὲν

83 409 157 436 mea
170 410 263 445 γήρως
275 410 475 446 ὲπιστρέψωσι·
489 412 553 444 τοὺς
571 412 600 438 δὲ
610 412 731 444 δικαίους
742 412 873 444 πολλάκις

83 455 280 491 δλιγοχρονίους
292 456 409 491 ἁρπάζει
419 465 427 471 ·
446 457 489 483 ἵνα
506 456 553 492 μὴ,
565 457 603 489 ὥς
617 466 699 493 φησιν
714 456 872 492 όΣολομὼν,

83 503 96 538 ἢ
112 501 199 528 κακία
214 501 317 537 ἀλλάξῃ
333 502 371 538 (7)
388 502 496 530 σύνεσιν
512 502 612 535 αὐτῶν,
625 503 641 538 ἢ
654 503 729 534 δόλος
744 503 873 538 ἀπατήσῃ

83 547 169 583 ψυχὴν
185 547 286 579 αὐτῶν,
297 547 486 580 τελειωθέντες
497 547 526 574 ὲν
541 547 624 582 ὀλίγῳ
640 547 802 583 ἐπλήρωσαν
811 547 873 582 χρό-

83 602 143 626 θους
159 593 293 628 μακρούς.
302 594 416 630 Ἀρεστὴ
433 594 488 630 γὰρ
502 593 537 630 ἦν
549 594 645 631 Κυρίῳ
657 595 673 630 ὴ
686 594 758 630 ψυχὴ
773 594 872 621 αὐτῶν.

122 681 219 718 Ἐρώτ.
243 681 274 709 0'.
298 682 331 709 Τί
346 681 411 715 οὗν;
437 683 531 716 Οὐδεὶς
556 683 611 710 τῶν
632 685 660 710 ὲν
681 683 748 720 τῷδε
764 683 804 719 τῷ
824 683 874 720 βίῳ

84 727 351 764 εαλαιπωρησάντων
373 729 528 765 είσέρχεται
546 730 605 756 ἐκεῖ
626 730 666 761 είς
680 729 730 765 τὴν
750 730 873 764 γέενναν,

85 774 142 800 ιῦτε
161 775 214 810 μὴν
231 774 313 801 πάλιν
335 784 378 806 τις
393 775 448 802 τῶν
461 775 691 811 εὺημερησάντων
711 771 763 802 ὧδε
782 775 874 811 εἰσέρ-

85 829 159 855 (εται
176 821 235 847 ἐκεῖ
248 822 288 853 είς
302 821 351 856 τὴν
366 821 503 856 βασιλείαν
519 821 574 849 τῶν
592 822 713 856 οὐρανῶν
728 822 784 858 (8);

124 867 218 893 Ἀπόκ.
235 867 300 894 Ναί.
321 867 352 894 Οί
371 867 419 903 μὲν
431 867 486 903 γὰρ
505 867 558 895 τῶν
582 868 733 904 ἀνθρώπων
749 869 874 904 ἥμαρτον

85 913 201 947 μεγάλα,
216 913 263 940 καὶ
286 913 485 950 ὲπαιδεύθησαν
502 911 554 941 ὧδε
571 915 667 950 μικρὰ,
685 916 732 941 καὶ
752 915 877 942 ὑπόκειν-
892 910 914 937 Β

85 968 127 986 εαι
143 959 252 991 πάντως
267 960 326 986 ἐκεῖ
341 960 540 996 τιμωρηθῆναι,
554 961 592 993 ὼς
608 961 655 988 ὲπὶ
673 961 726 988 τῶν
746 963 775 988 ἐν
795 962 874 989 Σοδό-

86 1015 145 1041 ,ιοις
162 1006 326 1042 εὑρίσκομεν
339 1015 346 1022 ·
363 1007 388 1033 ot
412 1007 440 1034 δὲ
465 1007 547 1034 πάλιν
567 1009 743 1044 προσήγαγον
757 1008 797 1044 τῷ
816 1008 875 1044 Θεῷ

86 1052 224 1088 ιαμάτους
240 1053 365 1085 πολλοὺς,
387 1053 518 1089 μετέσχον
534 1053 562 1080 δὲ
586 1054 704 1081 ἐνταῦθα
725 1055 876 1091 εὐημερίας

86 1100 186 1135 μικρᾶς
201 1099 251 1135 (9),
268 1100 315 1127 καὶ
331 1100 475 1127 ἀπόκειται
494 1101 586 1133 αὐτοῖς
602 1101 695 1128 λοιπὸν
715 1103 732 1137 ἡ
754 1101 877 1137 βασιλεία

87 1147 138 1173 τῶν
161 1146 294 1181 οὐρανῶν,
317 1146 356 1178 ὡς
381 1148 405 1173 οὶ
430 1147 495 1182 περ).
515 1147 641 1183 Ἀδραάμ
667 1149 715 1175 καὶ
738 1148 811 1180 Νῶε,
829 1148 877 1175 καὶ

87 1191 251 1227 Μελχισεδέκ
260 1200 267 1207 ·
286 1191 360 1219 ἄλλοι
374 1192 498 1228 ἥμαρτον
514 1192 609 1226 πολλὰ,
623 1193 670 1220 καὶ
688 1193 788 1221 ἔπαθον
801 1194 878 1221 οὐδὲν

88 1237 178 1264 ὲνθάδε
191 1238 317 1274 πονηρὸν,
333 1238 371 1270 ὡς
389 1239 404 1265 ὁ
419 1239 544 1272 πλούσιος
567 1240 581 1266 ό
595 1239 666 1266 κατὰ
682 1240 728 1267 τὸν
742 1240 875 1276 Λάζαρον,

88 1284 131 1310 ut
146 1284 303 1311 ὑπόκεινται
317 1285 376 1311 ὲκεῖ
388 1286 421 1321 τῇ
438 1286 547 1313 πάντων
558 1286 736 1322 χαλεπωτέρᾳ
750 1287 875 1313 κολάσει·

88 1329 173 1365 ἕτεροι
188 1330 217 1356 δὲ
235 1330 346 1365 ἐξῆλθον
362 1330 406 1357 διὰ
420 1330 486 1357 Θεὸν
501 1332 528 1357 ἐν
544 1331 597 1367 ὅλῳ
612 1331 650 1367 τῷ
665 1332 753 1368 χρόνῳ
775 1333 804 1359 ὲν
828 1341 879 1368 μη-

88 1377 186 1408 λωταῖς
211 1376 258 1403 καὶ
285 1376 400 1410 αἰγείοις
428 1376 560 1412 δέρμασι,
588 1378 679 1413 πάσης
704 1378 880 1410 ἀπολαῦσεως

88 1423 207 1458 επιγείου
230 1423 441 1458 ἀποταξάμενοι,
465 1423 490 1449 οἳ
514 1423 561 1450 καὶ
578 1423 708 1459 μειζόνων
722 1425 798 1460 παρὰ
812 1425 879 1451 Θεοῦ

87 1468 193 1504 δωρεῶν
216 1468 285 1504 ὑπὲρ
310 1468 414 1501 πάντας
431 1468 588 1500 ἀξιοῦνταν
608 1469 682 1496 ἄλλοι
708 1470 736 1496 δὲ
758 1471 881 1506 ἥμαρτον

87 1515 126 1550 τῷ
143 1514 203 1550 Θεῷ
223 1515 344 1550 μερικῶς
358 1515 424 1550 (10),
442 1516 489 1542 καὶ
505 1515 702 1551 ὲπαιδεύθησαν
716 1516 800 1549 ἀξίως
811 1517 881 1552 ὑπὲρ

88 1558 123 1588 ὧν
139 1561 274 1597 ἥμαρτον,
288 1562 335 1588 καὶ
352 1561 544 1597 ὲλυτρώθηοαν
560 1562 619 1588 ἐκεῖ
635 1562 686 1597 τῆς
707 1562 816 1589 αἰωνίου
832 1571 880 1589 κο-

90 1608 202 1640 λάσεως,
218 1608 255 1639 ὡς
270 1608 285 1633 ὁ
303 1607 410 1643 πτωχὸς
426 1607 561 1643 Λάζαρος.
578 1608 659 1634 ’Ὠστε
679 1608 724 1634 διά
739 1608 793 1635 τῶν
806 1609 881 1644 είρη-

90 1653 177 1689 μένων
203 1653 352 1689 ἐμάθομεν,
377 1654 418 1680 ὅτι
433 1654 457 1680 οἱ
483 1654 532 1689 μὲν
556 1653 611 1680 τῶν
628 1653 779 1689 ἀνθρώπων
803 1655 883 1681 κάκεῖ

90 1701 134 1727 καὶ
155 1696 207 1730 ὧδε
222 1700 398 1732 κολάζονται·
417 1701 440 1727 οἱ
456 1700 485 1726 δὲ
508 1697 559 1726 ὧδε
575 1700 623 1727 καὶ
641 1700 720 1736 μόνον
731 1709 737 1715 ·
765 1700 839 1727 ἄλλοι
854 1701 882 1727 δὲ

90 1743 141 1774 ὦδε
154 1746 203 1782 μὲν
218 1746 354 1781 οὐδαμῶς,
372 1746 430 1772 ἐκεῖ
444 1746 472 1772 δὲ
495 1747 642 1782 ὀδυνηρῶς.
666 1747 770 1782 Ὥσπερ
789 1747 836 1773 καὶ
852 1746 883 1772 τὸ

89 1791 209 1819 ἐναντίον
226 1791 298 1827 (11)·
314 1792 356 1818 ὅτι
378 1791 403 1818 οἱ
423 1791 472 1827 μὲν
485 1791 532 1818 καὶ
544 1791 658 1819 ἐνταῦθα
676 1791 723 1818 καὶ
743 1791 802 1817 ἐκεῖ
816 1791 884 1817 ἁπο-

90 1838 232 1865 λαύουσιν·
260 1839 285 1864 οἱ
310 1838 339 1865 δὲ
363 1837 480 1864 ἐνταῦθα
500 1837 550 1873 μὲν
570 1837 706 1873 οὐδαμῶς,
732 1837 790 1864 ἀλλ’
813 1838 881 1864 ἐκεῖ.

90 1885 173 1916 Ἴσως
189 1883 217 1912 δέ
232 1892 303 1914 τινες
325 1884 373 1910 καὶ
388 1883 442 1910 τῶν
465 1884 583 1910 ἐνταῦθα
606 1884 653 1910 καὶ
668 1883 721 1909 τῶν
739 1883 798 1909 ἐκεῖ
810 1883 881 1909 ἀπο-

89 1931 254 1958 πίπτουσιν”
278 1926 330 1957 ὧδε
349 1930 397 1965 μὲν
421 1929 455 1956 δι’
478 1929 738 1964 ἀνθρωπαρέσκειαν
759 1937 883 1955 κακοπα-

89 1977 233 2012 θήσαντες,
249 1976 296 2003 καὶ
320 1975 364 2002 διὰ
382 1975 461 2002 τοῦτο
480 1975 535 2002 τῶν
557 1976 615 2002 ὲκεῖ
632 1975 741 2009 ἀγαθῶν
755 1974 885 2000 ἐκπεσόνα

89 2031 144 2054 τες.
174 2023 220 2048 Δεῖ
248 2022 337 2048 τοίνυν
365 2021 469 2053 πάντας
495 2021 558 2053 τοὺς
583 2021 704 2052 εὐσεϐεῖς
733 2020 885 2055 συμπαθεῖς

89 2069 254 2096 ἐπίστασθαι
292 2068 424 2104 ἀκριϐῶς,
454 2069 551 2103 ὅτιπερ
581 2068 611 2094 οὺ
642 2068 722 2103 μόνον
753 2066 823 2102 ὑπὲρ
848 2063 885 2094 ὧν

90 2113 212 2150 ἔπραξαν
228 2114 385 2140 ὑπόκεινται
402 2113 574 2149 συμπάθειαν
596 2113 636 2144 είς
658 2113 722 2144 τοὺς
744 2111 886 2147 δεομένους

90 2159 288 2193 ἐπιδείξασθαι,
313 2159 380 2185 ἀλλὰ
405 2159 453 2185 καὶ
478 2159 548 2194 ὑπὲρ
569 2158 679 2185 πάντων
701 2154 738 2184 ὧν
755 2157 846 2189 αὐτοῖς
871 2156 887 2182 ὁ

91 2206 158 2238 Θεὸς
171 2206 327 2241 ἐδωρήσατο
342 2205 462 2239 ἀγαθῶν.
480 2205 518 2231 Οὐ
536 2204 591 2240 γὰρ
606 2204 646 2230 δεῖ
663 2205 771 2240 μετρεῖν
795 2203 830 2230 τὰ
845 2202 886 2229 δι-

925 277 990 303 tatis
1006 276 1108 303 venire.
1129 274 1200 303 Hinc
1224 282 1296 310 saepe
1314 274 1506 310 peccatoribus
1519 275 1628 311 longum
1646 283 1713 303 con-

924 321 998 348 cedit
1010 325 1130 357 tempus,
1148 321 1323 349 occasionem
1339 321 1393 349 illis
1409 321 1442 348 ad
1455 321 1643 356 pmnitentiam
1664 321 1714 348 tri.

924 367 1022 399 buens,
1040 371 1070 394 ut
1087 368 1197 400 saltem,
1214 368 1289 396 velut
1303 368 1350 403 qui
1374 367 1408 394 ad
1427 368 1523 395 horam
1541 368 1713 396 undecimam

924 418 1070 447 venerunt,
1095 415 1123 441 in
1140 418 1263 442 extrema
1282 419 1423 443 senectute
1447 419 1650 442 convertantur.
1665 414 1714 442 Ju—

924 464 983 487 stos
995 468 1078 494 porro
1093 467 1164 495 saepe
1175 464 1237 495 post
1247 461 1329 488 breve
1343 461 1406 488 vitae
1421 465 1528 496 tempus
1541 461 1651 495 abripit.
1669 469 1712 492 ne.

925 508 956 532 ut
970 505 1008 532 ait
1027 505 1168 539 Salomon,
1181 505 1285 532 malitia
1296 509 1382 533 mutet
1395 505 1562 533 intellectum
1578 506 1713 540 ipsorum,

926 555 974 578 aut
985 551 1064 579 dolus
1079 551 1197 586 decipiat
1206 559 1300 578 eorum
1316 551 1446 578 animam.
1460 560 1469 576 ι
1482 551 1670 578 Consummati
1687 551 1715 579 in

925 596 1014 629 brevi,
1036 597 1213 632 expleverunt
1227 600 1350 632 tempora
1370 597 1451 632 longa
1459 597 1481 624 ⁸.
1497 606 1506 622 ι
1526 596 1629 624 Placila
1641 597 1715 624 enim

925 648 984 672 erat
998 643 1114 671 Domino
1136 643 1227 670 anima
1243 643 1375 678 ipsorum.

961 689 1071 722 QUAEST.
1093 689 1173 716 LXX.
1199 689 1269 722 Quid
1295 688 1478 724 ergo?Nemo
1503 696 1598 716 eorum
1623 688 1669 723 qui
1688 687 1716 714 in

925 735 977 762 hac
994 736 1050 761 vita
1063 735 1253 762 calamitosam
1269 735 1374 762 ducunt
1390 734 1474 762 vitam
1496 735 1560 761 illuc
1576 734 1602 760 in
1616 733 1717 768 gehen-

925 789 988 809 nam
1003 781 1305 817 ingreditur?Nemone
1327 782 1391 808 item
1411 781 1520 808 illorum
1537 781 1583 816 qui
1601 780 1645 807 hic
1661 779 1718 808 for-

925 829 1021 853 tunate
1034 827 1142 859 vivunt,
1156 827 1310 862 ingreditur
1328 826 1356 853 in
1374 834 1489 862 regnum
1505 825 1657 853 caelorum?

961 872 1039 900 R551».
1065 871 1113 900 Est
1129 880 1195 900 sane
1208 873 1256 899 ita.
1275 873 1328 899 Alii
1346 873 1417 899 enim
1434 872 1554 908 graviter
1571 871 1717 899 admodum

927 922 1121 954 peccaverunt,
1137 922 1163 946 et
1180 926 1276 953 parum
1294 919 1340 945 hic
1364 922 1429 945 sunt
1452 918 1588 953 castigati,
1604 917 1718 944 debent-

927 972 980 999 que
995 964 1107 991 omnino
1128 964 1184 991 illic
1199 964 1290 999 puniri
1307 969 1337 991 ut
1349 964 1377 991 in
1394 963 1543 991 Sodomitis
1558 963 1651 990 videre
1664 967 1718 990 est.

926 1010 980 1037 Alii
994 1017 1092 1037 rursus
1108 1010 1209 1037 multos
1232 1010 1340 1037 labores
1363 1009 1418 1036 Deo
1432 1009 1599 1041 obtulerunt,
1614 1016 1720 1043 parua.-

927 1063 980 1090 que
995 1054 1134 1082 felicitatis
1155 1054 1200 1082 hic
1222 1054 1299 1082 fuere
1319 1054 1477 1090 participes,
1502 1053 1603 1089 quibus
1625 1053 1719 1088 utique

926 1108 1041 1137 regnum
1065 1101 1199 1128 cmlorum
1224 1103 1397 1128 reservatum
1423 1099 1485 1133 est,
1504 1103 1535 1126 ut
1558 1099 1717 1131 Abraham,

927 1147 985 1176 Noe
1000 1152 1027 1175 et
1045 1146 1237 1175 Melchisedec.
1256 1147 1310 1174 Alii
1328 1146 1443 1173 multum
1459 1148 1653 1180 peccaverunt,
1677 1145 1720 1171 ni-

928 1193 1021 1229 hilque
1036 1193 1081 1221 hic
1099 1192 1301 1220 incommodum
1317 1192 1439 1227 perpessi
1456 1195 1520 1219 sunt
1539 1196 1569 1218 ut
1586 1191 1661 1218 dives
1674 1190 1721 1218 ille

929 1240 976 1275 qui
992 1240 1020 1267 in
1043 1239 1160 1268 historia
1180 1238 1277 1266 Lazari
1295 1239 1494 1270 memoratur“,
1513 1237 1623 1272 illieque
1645 1236 1722 1264 subi-

929 1286 984 1313 turi
996 1290 1061 1313 sunt
1075 1285 1257 1320 asperrimum
1272 1284 1394 1311 omnium
1412 1283 1587 1319 supplicium.
1603 1282 1656 1309 Alii
1670 1289 1721 1308 au-

930 1337 984 1360 tem
1003 1339 1052 1367 per
1068 1335 1155 1359 totam
1174 1331 1256 1358 vitam
1273 1335 1385 1366 propter
1405 1329 1489 1356 Deum
1507 1329 1677 1356 circuierunt
1694 1329 1722 1355 in

930 1379 1040 1406 melotis
1064 1381 1090 1405 et
1107 1377 1226 1413 pellibus
1240 1376 1361 1412 caprinis
1373 1375 1406 1409 ¹⁰,
1421 1375 1497 1402 omni
1521 1379 1630 1402 terrena
1648 1375 1724 1402 volu-

930 1428 1005 1460 ptate
1021 1425 1133 1459 reiecta,
1148 1431 1218 1459 quos
1230 1423 1410 1458 amplioribus
1421 1421 1501 1448 donis
1516 1421 1572 1447 illic
1587 1420 1658 1448 Deus
1669 1428 1724 1455 prae

932 1472 1041 1499 caeteris
1064 1470 1192 1498 omnibus
1209 1470 1379 1504 dignabitur.
1396 1468 1448 1495 Alii
1466 1475 1531 1495 vero
1546 1467 1574 1494 in
1589 1466 1674 1494 Deum
1689 1474 1724 1494 ex

932 1522 1010 1552 parte
1024 1519 1220 1551 peccaverunt,
1235 1519 1272 1546 et,
1287 1519 1317 1541 ut
1334 1514 1522 1545 merebantur,
1540 1520 1589 1548 pro
1605 1512 1724 1547 peccatis

933 1563 1070 1591 emendati
1085 1568 1160 1595 sunt,
1182 1566 1263 1596 atque
1280 1561 1391 1588 zeternis
1407 1560 1553 1588 tormentis
1578 1563 1641 1586 sunt
1657 1559 1725 1586 libe-

933 1611 997 1642 rati,
1014 1610 1052 1637 uti
1073 1616 1177 1644 pauper
1192 1607 1322 1635 Lazarus.
1341 1606 1419 1634 Unde
1440 1615 1472 1633 ex
1488 1605 1626 1641 prmdictis
1640 1604 1724 1631 disci—

932 1664 993 1683 mus
1023 1655 1090 1682 alios
1114 1657 1140 1682 et
1164 1654 1220 1682 illic
1240 1659 1266 1681 et
1289 1654 1333 1680 hic
1364 1652 1455 1688 puniri
1483 1661 1489 1679 :
1515 1651 1583 1678 alios
1599 1658 1665 1677 vero
1680 1650 1725 1677 hic

932 1702 1066 1729 dumtaxat
1079 1711 1085 1728 :
1099 1701 1167 1728 alios
1183 1705 1273 1727 autem
1290 1700 1334 1727 hic
1351 1699 1463 1726 minime
1480 1697 1584 1733 puniri,
1607 1696 1654 1724 sed
1670 1696 1726 1723 illic

932 1748 1063 1784 graviter.
1084 1746 1119 1774 Ut
1142 1751 1168 1774 et
1184 1755 1199 1774 e
1223 1746 1373 1778 contrario,
1398 1745 1444 1772 alii
1460 1744 1504 1771 hic
1524 1747 1551 1771 et
1574 1743 1629 1770 illic
1645 1742 1726 1770 bonis

932 1792 1122 1828 perfruuntur,
1139 1792 1185 1818 alii
1202 1792 1246 1818 hic
1264 1792 1386 1823 minime,
1399 1790 1446 1817 sed
1462 1790 1530 1818 illic.
1544 1787 1626 1815 Forte
1642 1788 1725 1814 etiam

932 1838 1057 1866 nonnulli
1077 1844 1103 1866 et
1125 1838 1169 1865 hic
1192 1841 1219 1865 et
1238 1837 1293 1864 illic
1311 1837 1386 1864 omni
1410 1835 1548 1870 voluptate
1571 1835 1725 1870 privamur,

934 1885 980 1919 qui
996 1892 1094 1919 nempe
1114 1883 1159 1911 hic
1184 1887 1213 1910 ut
1230 1883 1370 1918 placerent
1381 1882 1550 1912 hominibus,
1568 1881 1639 1906 mala
1661 1885 1726 1907 sunt

933 1930 1068 1965 perpessi,
1095 1933 1122 1956 et
1147 1930 1183 1956 ob
1209 1929 1279 1956 hanc
1301 1935 1414 1956 causam
1435 1928 1491 1955 illic
1517 1934 1625 1962 quoque
1646 1926 1728 1953 bonis

934 1975 1105 2003 exciderunt.
1134 1975 1228 2009 itaque
1252 1982 1347 2001 omnes
1368 1973 1428 2008 pios
1452 1972 1630 2000 condolentes
1657 1971 1728 1998 seire

934 2031 1048 2052 necesse
1064 2026 1116 2055 est,
1138 2030 1192 2049 non
1216 2023 1304 2050 solum
1325 2021 1425 2048 debere
1451 2028 1502 2056 pro
1520 2020 1563 2046 bis
1585 2027 1645 2054 quae
1661 2027 1726 2053 ege-

935 2073 1000 2096 runt
1019 2075 1048 2095 se
1067 2067 1245 2095 condolentes
1266 2074 1329 2102 erga
1345 2065 1499 2100 indigentes
1516 2064 1656 2095 exhibere,
1680 2064 1727 2089 sed

935 2118 962 2142 et
978 2121 1027 2148 pro
1049 2113 1179 2140 omnibus
1194 2112 1274 2140 bonis
1292 2119 1353 2146 qum
1375 2111 1430 2138 illis
1446 2110 1558 2137 donavit
1573 2109 1656 2136 Deus.
1672 2107 1728 2134 Nec

935 2159 1008 2187 enim
1030 2159 1121 2186 metiri
1144 2161 1252 2193 oportet
1272 2165 1332 2192 quae
1360 2157 1386 2183 in
1411 2163 1545 2190 pauperes
1569 2158 1727 2188 erogantur,

936 2205 984 2233 sed
1002 2204 1143 2232 attendere
1159 2211 1190 2231 ea
1210 2211 1225 2230 a
1242 2202 1296 2230 Deo
1317 2202 1396 2229 nobis
1414 2202 1522 2232 donari,
1544 2208 1578 2227 ne
1593 2199 1663 2226 forte
1679 2207 1729 2234 pro

91 2253 204 2288 δόμενα,
222 2252 290 2278 ἀλλὰ
315 2251 350 2278 τά
376 2251 429 2278 ὑπὸ
446 2250 493 2277 τοῦ
520 2250 588 2277 Θεοῦ
606 2251 672 2286 ἡμῖν
698 2249 878 2286 χαριζόμενα·

937 2249 1006 2285 ipsis
1035 2249 1083 2277 Dei
1112 2249 1192 2276 donis
1222 2247 1390 2275 horrendum
1411 2246 1559 2274 subeamus
1582 2245 1726 2280 judicium.

93 2299 193 2334 μήπως
211 2298 258 2324 καὶ
278 2297 349 2333 ὑπὲρ
366 2296 456 2324 αὐτῶν
478 2296 531 2323 τῶν
546 2295 592 2322 τοῦ
610 2296 677 2322 Θεοῦ
692 2295 801 2332 δωρεῶν
823 2295 885 2331 κρί-

93 2353 161 2380 ματι
202 2343 311 2379 φοὸερῷ
328 2343 538 2378 ςὺποπέσωμεν.
575 2342 711 2373 Πολλάκις
749 2341 804 2376 γὰρ
837 2341 886 2368 καὶ

92 2389 214 2421 ἀναξίοις
237 2389 285 2416 καὶ
298 2388 470 2425 ἁμαρτωλοῖς
486 2389 500 2415 ὁ
522 2387 588 2419 Θεὸς
604 2387 718 2414 πλοῦτον
734 2387 886 2422 χαρίζεται,

93 2437 138 2463 ἵνα
152 2435 185 2462 δι’
200 2435 284 2462 αὐτοῦ
301 2437 330 2462 ὲν
346 2434 542 2470 ἐλεημοσύναις
557 2434 606 2465 τὰς
625 2433 729 2460 ἑαυτῶν
748 2433 887 2469 ἁμαρτίας

94 2482 281 2514 ἀποπλύνωσι,
305 2482 352 2508 καὶ
369 2481 556 2516 ὲξαλείψωσιν.
586 2479 797 2516 Ἐλεημοσύναις
821 2478 886 2516 γὰρ,

94 2528 178 2564 φησιν
191 2529 207 2564 ἡ
225 2528 284 2555 θεία
298 2527 406 2564 Γραφὴ,
421 2527 654 2562 ἀποκαθαίρονται
671 2526 815 2562 ἁμαρτίαι.

138 2575 236 2611 Ἐρώτ.
253 2578 303 2602 οα’.
321 2575 354 2602 Τί
372 2574 485 2610 θέλομεν
501 2574 590 2608 λέγειν
606 2573 672 2610 περὶ
689 2573 743 2599 τῶν
760 2572 889 2608 ἐξαίφνης

95 2620 324 2657 τελευτώντων,ἢ
342 2620 578 2657 κρημνιζομένων,
595 2620 611 2656 ἢ
635 2619 688 2646 ὑπὸ
701 2619 788 2646 ἄλλων
802 2618 891 2645 τοιού-

96 2676 152 2697 των
164 2667 287 2695 θανάτων
302 2667 374 2694 τέλει
388 2666 436 2694 τοῦ
453 2667 511 2703 βίου
527 2666 695 2703 χρωμένων;

937 2297 1014 2333 Smpe
1031 2297 1104 2325 enim
1127 2299 1154 2324 et
1168 2295 1288 2330 indignis
1309 2297 1336 2322 et
1351 2293 1542 2329 peccatoribus
1565 2291 1637 2318 Deus
1657 2291 1727 2317 divi-

938 2344 992 2371 tias
1008 2343 1141 2378 impertit,
1165 2345 1195 2368 ut
1215 2341 1323 2367 illarum
1349 2347 1400 2375 ope
1414 2343 1524 2375 peccata
1548 2345 1596 2365 sua
1613 2337 1729 2364 eleemo-

937 2391 1013 2426 synis
1029 2390 1152 2418 abluant.
1175 2387 1363 2422 Eleemosynis
1379 2387 1464 2420 enim,
1483 2385 1572 2421 inquit
1587 2383 1728 2419 Scriptura

937 2436 1046 2469 divina},
1068 2437 1180 2471 peccata
1197 2436 1349 2470 purgantur
1360 2432 1369 2447 ι

977 2571 1088 2605 ρυλεετ.
1101 2567 1196 2596 LXXI.
1217 2567 1289 2602 Quid
1301 2566 1446 2595 dicendum
1465 2568 1508 2593 est
1521 2564 1555 2592 de
1570 2564 1604 2591 iis
1619 2563 1666 2599 qui
1680 2571 1728 2590 sn-

940 2618 999 2646 bito
1016 2617 1181 2648 moriuntur,
1194 2618 1240 2642 aut
1257 2613 1473 2650 praecipitantur,
1492 2612 1534 2639 vel
1547 2610 1628 2639 simili
1642 2613 1731 2637 morte

942 2664 1082 2692 intereunt
1090 2662 1100 2689 ἓ

132 2747 144 2763 ⁸
165 2745 230 2782 Sap.
247 2754 284 2781 IV,
302 2745 346 2773 11.
384 2745 395 2761 ⁹
414 2744 481 2773 Luc.
498 2753 561 2778 xvi,
577 2744 623 2772 20.
661 2744 684 2760 ¹⁰
704 2743 788 2772 Hebr.
804 2751 850 2778 ιι,
864 2743 910 2771 37.
949 2741 970 2758 “
999 2740 1075 2770 Eccl.
1091 2747 1140 2774 In,
1156 2739 1198 2768 55.

150 2859 176 2895 7)
192 2859 242 2887 Sic’
255 2867 323 2888 mss.
338 2859 410 2895 Editi
423 2859 498 2891 vero,
506 2859 624 2895 Αὰλλάζῃ.

149 2825 176 2860 6)
189 2825 257 2860 Reg,
272 2824 301 2857 2,
317 2823 484 2860 διμακροῦς
501 2823 623 2860 χρόνους.

149 2826 165 2852 6
189 2826 257 2860 Reg,
272 2826 301 2857 2,
317 2826 344 2858 5,
362 2826 484 2860 μακροὺς
501 2826 623 2859 χρόνους.

137 2826 176 2931 Ξῖζ
192 2859 238 2887 Sic
255 2867 323 2888 mss.
338 2859 410 2901 Egiti
423 2859 624 2901 νεποᾼιλλάζῃ.
634 2893 641 2900 .
708 2895 713 2900 _
729 2894 735 2899 '

150 2896 178 2930 8)
192 2895 232 2923 Ita
246 2903 326 2929 mss;
341 2904 397 2924 των
410 2895 531 2930 οὺρανων
543 2894 620 2923 deest
634 2902 662 2923 In
672 2894 762 2923 editis.

991 2819 1019 2854 9)
1035 2820 1102 2854 Reg.
1118 2818 1145 2852 2,
1167 2816 1284 2854 μακρᾶς.
1301 2815 1373 2842 Editi
1388 2821 1452 2841 vero
1467 2813 1577 2854 μικρᾶς.

994 2852 1036 2885 10)
1054 2852 1092 2882 Ita
1109 2852 1175 2881 mss.
1196 2852 1264 2879 Editi
1280 2859 1355 2881 vero,
1373 2852 1518 2885 μετρικῶς.

981 2854 1025 2890 (10
1054 2855 1092 2882 Ita
1109 2862 1175 2881 mss.
1196 2854 1264 2879 Editi
1280 2859 1355 2881 vero,
1373 2857 1518 2885 μετρικως.

981 2854 1038 2927 (111
1058 2890 1103 2918 Sic
1119 2889 1183 2924 Reg.
1204 2889 1229 2916 5.
1248 2886 1318 2914 Editi
1334 2893 1408 2918 vero,
1425 2885 1478 2912 τῶν
1494 2883 1635 2911 ἐναντίων.
