1924 3059
213 145 266 174 659

216 256 271 275 non
291 252 332 275 est
355 247 558 283 ambigendum.
583 247 709 274 Attamen
733 254 795 274 cum
820 247 894 274 dieat
910 246 1003 274 Domi-

217 300 268 319 nus
285 301 292 320 :
309 301 318 317 ι
333 291 404 324 Quid
428 292 522 318 enim?
545 295 587 318 An
609 291 703 319 decem
724 291 763 318 illi
791 295 818 318 et
833 296 896 319 octo
920 298 1003 326 supra
1027 296 1033 301 '

217 345 285 372 quos
304 337 403 364 cecidit
421 337 504 364 turris
520 336 633 368 Siloam,
652 337 739 371 magis
754 340 912 371 peccatores
926 339 1004 363 erant

217 388 314 419 praeter
327 391 422 411 omnes
447 383 600 410 habitantes
615 383 642 410 in
657 382 808 410 Jerusalem
821 382 833 409 ?
848 381 918 414 Non,
942 382 1004 409 dico

216 430 294 457 vobis
308 430 328 445 ¹²
342 439 348 456 :
365 439 373 456 ι
394 429 456 456 inde
468 429 601 456 discimus
615 436 669 455 non
681 435 777 455 omnes
789 428 836 462 qui
852 427 928 462 impii
941 431 1005 454 sunt

216 479 243 502 ct
269 475 375 510 iniqui,
402 474 529 501 acerbam
547 477 662 500 mortem
679 473 758 508 232
786 472 872 499 obire.
898 471 1005 498 Etenim

216 521 278 549 Jobi
296 522 423 553 ﬁliorum,
439 521 485 556 qui
498 520 566 555 justi
579 523 667 551 erant.
681 519 779 546 acerba
793 526 867 546 mors
884 517 944 545 fuit.
956 518 1006 553 lgi-

217 573 262 595 tur
281 569 339 596 haec
360 567 415 595 duo
434 567 565 594 debemus
585 565 759 598 concludere,
785 565 846 601 pios
868 564 1004 597 homines,

217 613 263 647 qui
283 613 379 640 acerba
403 615 490 639 morte
509 611 681 644 interierunt,
705 611 765 638 leve
785 610 895 645 aliquod
908 610 1005 636 vitium

218 657 358 690 habuisse,
371 664 457 692 eoque
470 657 600 684 liberatos
616 664 687 689 esse,
702 656 775 683 malo
791 655 949 689 hujusmodi
964 654 1006 681 in—

217 703 311 735 teritu,
328 707 358 729 ut
380 702 529 737 majoribus
547 710 611 729 vere
634 701 785 729 honoribus
800 700 876 736 digni
898 703 1000 728 essent.

218 749 245 775 Id
263 749 344 776 etiam
359 749 458 782 evenit,
478 753 507 776 ut
519 757 579 780 nos.
595 749 654 776 haec
669 748 804 780 videntes,
825 747 952 774 meliores
966 746 1007 773 ef-

218 795 353 827 ﬁciamur,
369 794 447 829 juxta
470 796 527 822 haec
548 795 633 822 verba
647 804 653 821 :
669 803 678 820 ι
695 793 724 820 Si
741 794 834 828 justus
851 793 897 820 vix
916 793 1006 820 salva-

217 845 272 872 tur,
285 840 386 875 impius
398 843 424 867 et
439 844 568 876 peccator
583 840 629 867 ubi
647 839 783 875 parebunt
796 839 832 865 "‘2
845 848 854 865 ι
874 837 1007 865 Similiter

798 142 828 170 S.
850 139 1082 169 ATIIANASEUS.
1102 155 1136 160 —
1156 139 1293 168 SPURIA.

252 203 332 229 ltesr.
352 201 430 234 Quod
451 201 510 228 haec
527 201 631 228 incerta
655 200 711 228 sint
731 205 758 227 et
777 200 829 228 soli
851 200 906 228 Deo
924 204 999 231 nota.
1015 203 1039 231 Α

1802 139 1851 168 610

1095 199 1188 226 Ἀπόκ.
1209 199 1269 225 Ὀτι
1291 198 1340 234 μὲν
1355 198 1440 233 ἁδηλα
1461 198 1494 225 τὰ
1508 197 1619 225 τοιαῦτα
1635 207 1688 225 και
1702 198 1766 234 Θεῷ
1782 200 1853 236 μόνῳ

1053 245 1172 279 γνωστὰ,
1191 245 1222 271 οὺ
1243 245 1283 271 δεῖ
1296 244 1484 280 ἀμφιδάλλειν.
1506 244 1601 280 Ὅμως
1617 244 1670 271 τοῦ
1689 245 1796 280 Κυρίου
1810 245 1852 272 λέ-

1053 299 1163 325 γοντος-
1185 299 1194 316 ι
1215 290 1247 316 Τί
1269 290 1323 326 γὰρ
1337 291 1360 317 oi
1383 290 1448 317 δέκα
1464 290 1513 317 καὶ
1528 289 1609 322 ὀκτὼ,
1627 291 1676 325 ἐφ’
1694 289 1744 322 οὓς
1760 291 1775 317 ὁ
1787 291 1854 326 πύρ-

1053 345 1101 370 γος
1115 336 1162 363 τοῦ
1179 336 1290 372 Σιλωὰμ
1305 336 1412 368 ἔπεσεν,
1430 336 1655 372 ἁμαρτωλότεροι
1683 334 1757 372 ἦσαν
1781 337 1852 370 παρὰ

1054 383 1158 415 πάντας
1184 383 1247 415 τοὺς
1269 383 1459 415 κατοικοῦντας
1485 384 1514 409 ὲν
1546 382 1752 417 Ἰερουσαλήμς
1778 382 1851 417 Οὐχὶ,

1054 429 1125 464 λέγω
1147 429 1227 464 ὑμῖν*
1249 439 1258 455 ι
1279 428 1461 464 μανθάνομεν,
1483 429 1524 455 ὅτι
1547 429 1578 455 οὐ
1595 429 1705 460 πάντες
1720 429 1780 455 ὅσοι
1794 430 1852 456 ἀσε-

1055 476 1142 512 ϐεῖςῆ
1159 476 1246 503 ἄδικοι
1267 476 1441 511 τυγχάνουσι,
1464 475 1556 511 πικρῷ
1576 475 1692 510 θανάτῳ
1710 475 1851 502 τελευτῶν-

1055 532 1100 554 τες
1116 521 1329 557 ἀποθνήσκουσι.
1350 522 1405 549 Καὶ
1426 521 1480 558 γὰρ
1495 522 1520 548 oi
1542 521 1638 553 παῖδες
1655 520 1705 548 τοῦ
1729 521 1800 553 Ἰὼϐ,
1816 521 1850 547 δί-

1056 578 1128 596 καιοι
1141 568 1228 600 ὅντες,
1246 568 1362 595 ἐλεεινὸν
1379 568 1528 603 ὑπέμειναν
1542 567 1672 595 θάνατον.
1692 568 1799 594 Οὐκοῦν
1809 567 1849 593 δύο

1055 613 1142 640 ταῦτα
1159 613 1215 646 (12)
1232 613 1306 648 ἡμᾶς
1325 613 1372 639 ἐπὶ
1395 612 1496 639 τούτων
1514 612 1567 648 χρὴ
1587 612 1792 647 στοχάζεσθαι·
1813 612 1848 638 ὅτι

1054 660 1080 686 oi
1098 659 1147 694 μὲν
1159 658 1293 690 εὐλαϐεῖς,
1309 658 1407 694 πικρὸν
1421 658 1642 694 ἀποθνήσκοντες
1659 658 1788 689 θάνατον,
1810 666 1848 692 μι-

1057 706 1121 741 κρόν
1135 715 1161 732 τι
1171 705 1315 740 ἐλάττωμα
1327 704 1483 740 ἐκέκτηντο,
1496 705 1543 731 καὶ
1556 704 1648 740 τούτῳ
1661 704 1850 740 ἐλυτρώθησαν

1056 753 1088 779 ἐκ
1111 752 1160 787 τῆς
1179 751 1309 787 τοιαύτης
1334 751 1457 787 πονηρᾶς
1479 751 1628 786 τελευτῆς,
1659 751 1705 777 ἴνα
1726 750 1851 786 μειζόνων

1057 797 1165 833 ἀληθῶς
1177 796 1265 832 τιμῶν
1284 796 1430 828 ἀξιωθῶσι.
1447 796 1546 824 Λοιπὸν
1561 797 1590 823 δὲ
1612 797 1692 829 ὅπως
1707 798 1754 824 καὶ
1776 798 1848 833 ἡμεῖς

1057 843 1175 879 ὁρῶντες
1189 842 1419 879 σωφρονισθῶμεν
1441 842 1512 869 κατὰ
1525 842 1570 869 τὸν
1592 842 1747 878 εἰρημένον
1760 842 1849 876 λόγονι

218 893 282 913 vero
297 890 324 913 et
345 891 503 920 peccatores
527 893 589 912 cum
614 885 747 920 ejusmodi
765 888 880 912 mortem
897 884 1007 919 patiun-

1065 899 1069 916 l
1088 890 1119 916 Εἰ
1138 890 1151 916 ό
1165 889 1269 921 δίκαιος
1292 888 1369 924 μόλις
1386 888 1512 920 σώζεται,
1526 888 1540 914 ὁ
1555 889 1673 924 ἀσεϐὴς,
1698 888 1746 915 καὶ
1766 889 1848 924 ἁμαρ-

219 936 273 963 tur,
299 931 412 958 omnino
436 931 499 958 inde
523 932 642 966 aliquam
667 930 882 958 misericordiam
907 937 1006 957 conse-

219 981 350 1012 quuntur.
371 977 422 1010 Qui
440 978 503 1006 item
520 978 578 1005 haec
590 977 692 1010 vident,
709 977 829 1012 aliquam
844 976 907 1004 inde
918 976 1007 1011 perci-

220 1023 298 1057 piunt
325 1023 491 1056 utilitatem,
515 1027 623 1058 raptum
646 1026 759 1058 repente
783 1026 926 1050 cernentes
956 1029 1007 1049 nee

219 1068 376 1103 opinantem
392 1068 540 1096 hominem.
564 1067 642 1101 Quod
666 1069 689 1095 si
713 1067 832 1095 infantes
851 1074 884 1095 eo
899 1074 1008 1102 quoque

220 1114 302 1142 modo
327 1114 492 1146 moriuntur,
522 1122 556 1141 ne
581 1114 759 1149 obstupescas
774 1122 780 1140 :
796 1120 914 1148 namque
940 1112 1007 1139 nihil

221 1161 260 1187 illi
275 1161 404 1187 damnum
427 1160 490 1187 inde
505 1160 705 1194 perpetiuntur,
720 1167 773 1186 nec
789 1158 816 1186 id
832 1159 886 1186 illis
908 1157 1008 1186 accidit

221 1205 361 1240 proprium
388 1204 424 1231 ob
444 1210 597 1240 peccatum,
620 1204 667 1232 sed
688 1209 718 1232 ut
736 1204 859 1239 ipsorum
880 1208 1010 1240 parentes

222 1251 350 1279 meliores
376 1255 403 1279 et
428 1251 614 1286 religiosiores
636 1250 763 1282 evadant,
787 1258 886 1285 nempe
909 1250 1010 1278 intelli-

221 1299 316 1330 gentes
335 1304 385 1324 sua
400 1300 511 1331 propter
524 1300 636 1331 peccata
658 1297 728 1324 mori
744 1297 865 1331 ipsorum
879 1296 1008 1324 infantes.

221 1341 357 1368 Caeterum
379 1341 407 1368 in
425 1341 468 1369 his
485 1341 612 1369 omnibus
632 1342 789 1370 meminisse
805 1346 912 1377 oportet
927 1342 1010 1377 hujus

223 1386 328 1414 Domini
353 1387 429 1415 vocis
448 1395 454 1414 :
471 1386 553 1415 «Duo
579 1395 706 1422 passeres
734 1395 796 1416 asse
822 1392 956 1420 veneunt,
984 1392 1011 1416 et

223 1441 294 1460 unus
314 1441 348 1460 ex
372 1433 426 1460 illis
449 1441 505 1460 non
527 1432 606 1460 cadet
628 1441 712 1468 super
730 1438 831 1460 terram
857 1434 916 1462 sine
931 1433 1011 1461 Patre

223 1487 284 1506 meo
303 1480 349 1514 qui
367 1479 395 1506 in
413 1479 491 1508 ctelis
505 1479 601 1513 est”;
619 1489 628 1506 ι
644 1480 755 1514 etquod
770 1480 868 1512 nostri,
889 1480 935 1515 qui
951 1479 1012 1508 lide-

224 1525 263 1551 les
280 1533 386 1557 sumus,
399 1532 496 1553 omnes
515 1525 606 1561 capilli
621 1526 720 1563 capitis
735 1526 871 1553 numerati
883 1529 957 1553 sunt.

1056 934 1141 966 τωλὸς
1158 934 1210 961 ποῦ
1233 935 1371 969 φανεῖται;
1397 943 1406 959 ι
1436 933 1572 965 Ὡσαύτως
1591 934 1622 961 δὲ
1647 934 1698 960 καὶ
1721 935 1746 961 οἱ
1767 935 1847 969 ἁμαρ-

1056 981 1147 1014 τωλοὶ,
1161 980 1291 1013 τοιούτοις
1313 980 1437 1013 θανάτοις
1452 980 1687 1015 ἀποθνήσκοντες,
1704 981 1810 1011 πάντως
1822 981 1847 1006 ἐν

1057 1027 1145 1062 τούτῳ
1174 1027 1287 1063 μερικὸῦ
1313 1026 1369 1063 (15)
1397 1026 1489 1058 ἐλέους
1509 1025 1707 1061 τυγχάνουσιν.
1730 1026 1803 1061 ’Ἅμα
1823 1024 1847 1050 δὲ

1058 1073 1139 1100 πάλιν
1152 1073 1198 1100 καὶ
1211 1073 1235 1099 οἱ
1248 1072 1365 1109 ὁρῶντες
1380 1072 1515 1107 ὠφέλειάν
1526 1080 1587 1098 τινα
1605 1072 1780 1107 κομίζονται,
1795 1069 1846 1105 βλέ-

1059 1126 1154 1150 ποντες
1170 1118 1246 1152 ἄφνω
1261 1117 1460 1153 ἁρπαζόμενον,
1476 1116 1513 1149 ὡς
1532 1117 1582 1143 οὐκ
1599 1114 1667 1148 οἵδε,
1688 1115 1736 1142 τὸν
1752 1114 1846 1149 ἄνθρω-

1059 1173 1119 1192 πον.
1140 1164 1172 1191 Εἰ
1188 1164 1217 1191 δέ
1231 1163 1279 1190 καὶ
1296 1163 1382 1199 νήπια
1405 1163 1477 1190 οὕτω
1503 1162 1681 1194 θανατοῦται,
1700 1162 1737 1197 μὴ
1752 1159 1846 1194 θαμῦη-

1060 1210 1119 1245 θῇς.
1137 1209 1210 1236 Αὺτὰ
1227 1209 1276 1244 μὲν
1289 1209 1342 1244 γὰρ
1355 1210 1387 1236 ἐκ
1401 1208 1496 1236 τούτου
1510 1208 1585 1235 οὐδὲν
1606 1207 1774 1243 ἐϐλάϐησαν,
1793 1205 1845 1232 οὔτε

1059 1255 1092 1282 δι’
1108 1255 1210 1282 οἰκείαν
1234 1256 1371 1290 ἁμαρτίαν
1396 1255 1476 1282 τοῦτο
1498 1254 1687 1281 πεπόνθασιν·
1713 1253 1768 1280 ἀλλ’
1781 1251 1846 1281 ὅπως

1060 1300 1107 1328 καὶ
1130 1301 1154 1327 οι
1179 1299 1269 1327 αὐτῶν
1292 1300 1382 1334 γονεῖς
1410 1298 1639 1334 σωφρονέστεροι,
1664 1297 1681 1332 ἢ
1710 1295 1757 1323 καὶ
1779 1294 1845 1320 εὐσε-

1061 1346 1183 1381 ϐέστεροι
1196 1345 1340 1379 γίνωνται·
1356 1344 1536 1379 ἐννοούμενοι,
1553 1343 1654 1378 ὅτιπερ
1675 1341 1719 1369 διὰ
1738 1339 1785 1371 τὰς
1803 1338 1844 1364 αὖ·

1061 1391 1114 1418 τῶν
1131 1392 1247 1427 ἀνομίας
1268 1391 1324 1427 (14)
1347 1390 1418 1418 οὓτω
1441 1390 1477 1417 τὰ
1506 1389 1597 1417 αὐτῶν
1617 1389 1735 1424 τέθνηκε
1757 1386 1842 1420 νήπια.

1063 1437 1157 1472 Ὅμως
1178 1436 1224 1463 ἐπῖ⁴
1242 1437 1308 1464 πᾶσι
1321 1435 1425 1466 τούτοις
1444 1435 1484 1461 δεῖ
1497 1436 1598 1462 ἐννοεῖν
1614 1434 1666 1468 τὴν
1681 1431 1729 1459 τοῦ
1751 1429 1844 1465 Κυρίου

1062 1481 1153 1517 φωνὴν
1170 1482 1219 1517 τὴν
1239 1481 1386 1516 λέγουσαν·
1402 1481 1444 1508 ὅτι
1467 1491 1477 1507 ι
1500 1480 1553 1508 Δύο
1572 1480 1703 1516 στρουθία
1724 1476 1842 1512 ἀσσαρίου

1063 1526 1204 1559 πωλεῖται,
1221 1526 1267 1553 καὶ
1282 1526 1311 1553 ἒν
1325 1525 1355 1559 ἐξ
1373 1527 1462 1553 αὐτῶν
1480 1527 1511 1553 οὐ
1533 1528 1660 1553 πεσεῖται
1677 1525 1724 1552 ἐπὶ
1736 1524 1783 1560 τῆς
1799 1521 1842 1556 γῆς

223 1570 288 1596 ἄνευ
309 1571 356 1597 τοῦ
381 1571 486 1607 Πατρός
504 1580 554 1607 μου
577 1571 624 1598 τοῦ
651 1573 680 1598 ἐν
702 1573 840 1608 οὺρανοῑς’
866 1581 876 1598 ›
896 1572 943 1599 καὶ
968 1572 1009 1598 ὅτι
1027 1572 1106 1607 ἡμῶν
1132 1572 1186 1599 τῶν
1202 1573 1304 1599 πιστῶν
1330 1573 1376 1599 καὶ
1393 1573 1422 1600 αι
1442 1573 1535 1609 τρίχες
1560 1573 1612 1609 τῆς
1635 1571 1754 1607 κεφαλῆς
1768 1570 1841 1596 πᾶσαι

224 1618 411 1654 ἠριθμημέναι
426 1619 603 1654 ὑπάρχουσιν.

263 1663 374 1697 Qums'r.
391 1663 497 1692 LXXII.
517 1665 610 1693 Multis
626 1665 654 1692 in
680 1669 752 1693 terra
775 1664 937 1700 degentibus
957 1667 1011 1691 tre-

1065 1664 1076 1691 ἳ
1100 1662 1197 1698 Ἐρώτ.
1222 1661 1270 1698 οβ’.
1294 1663 1405 1693 Πολλοῖς
1428 1661 1485 1698 (15)
1505 1661 1560 1689 τῶν
1575 1662 1623 1689 ἐπὶ
1642 1662 1694 1696 γῆς
1714 1658 1841 1696 φοϐερὺςό

226 1710 324 1737 menda
343 1710 402 1738 visa
426 1714 490 1738 sunt
511 1710 569 1738 haec
583 1710 691 1738 Domini
706 1711 807 1739 verba:
823 1720 832 1736 ι
847 1710 934 1738 Omne
949 1717 1013 1745 pec—

227 1760 319 1783 catum
332 1759 359 1784 et
373 1756 543 1791 blasphemia
555 1756 710 1784 remittetur
723 1756 890 1784 hominibus.
906 1755 939 1782 Et
952 1755 1013 1790 qui-

228 1809 338 1836 cunque
359 1801 459 1829 dixerit
482 1802 594 1829 verbum
618 1806 713 1830 contra
729 1802 842 1834 Filium,
861 1801 1016 1828 remittetur

229 1849 255 1876 ei
272 1858 277 1876 :
292 1849 338 1883 qui
351 1852 441 1875 autem
452 1848 553 1875 dixerit
568 1848 682 1876 verbum
698 1852 793 1875 contra
809 1847 941 1882 Spiritum
952 1855 1016 1874 san-

230 1897 316 1925 ctum,
329 1901 383 1920 non
400 1893 555 1921 remittetur
568 1893 592 1921 ei
607 1901 694 1928 neque
709 1894 737 1920 in
750 1893 802 1920 hoc
816 1893 915 1921 szeculo
929 1900 1017 1928 neque

231 1940 258 1966 in
272 1940 363 1966 futuro
375 1940 407 1967 η.
421 1949 430 1966 ι

266 1985 348 2014 Rasr.
371 1985 531 2021 Eapropter,
551 1993 647 2014 omnes
671 1986 779 2013 divinus
798 1985 946 2020 Apostolus
975 1987 1017 2015 his

233 2033 361 2060 admonet
381 2033 492 2060 verbis:
511 2042 521 2059 ι
537 2032 640 2060 Littera
657 2032 768 2064 occidit,
789 2032 908 2068 Spiritus
925 2036 1016 2060 autem

233 2078 351 2105 vivilicat
363 2077 411 2105 ¹⁶.›
428 2077 511 2104 Multa
532 2078 667 2113 siquidem
683 2078 837 2106 divinarum
860 2078 1000 2114 Scriptura
1011 2094 1018 2099 -

233 2131 294 2151 rum
310 2124 368 2151 loca
386 2123 407 2152 si
426 2123 574 2151 secundum
590 2132 699 2151 carnem
715 2124 909 2160 intelligamus,
926 2125 953 2152 in
972 2132 1019 2152 ne-

234 2168 331 2196 fandas
342 2168 524 2203 blasphemias
537 2168 695 2201 incidimus,
713 2168 868 2204 eujusmodi
884 2172 1019 2203 suntquae

235 2218 316 2245 nobis
332 2224 406 2244 nunc
424 2220 614 2252 proponuntur
629 2215 737 2243 Domini
751 2216 845 2248 verba,
861 2223 922 2250 qum
937 2215 959 2243 si
977 2223 1020 2243 se-

235 2263 356 2291 cundum
371 2263 459 2291 nudas
474 2263 608 2291 dictiones
622 2263 800 2298 excipiamus,
818 2270 872 2290 non
888 2262 976 2290 solum
992 2262 1019 2289 in

235 2309 369 2337 nefandas
384 2309 537 2337 dilabemur
555 2309 744 2344 cogitationes,
772 2308 819 2336 sed
834 2308 916 2336 etiam
932 2308 1020 2342 ipsum

238 2355 382 2382 Dominum
400 2355 568 2390 reperiemus
588 2355 641 2382 sibi
660 2355 712 2390 ipsi
734 2354 882 2381 adversari.
899 2352 1021 2388 Namque
1037 2370 1059 2398 ι)

237 2401 259 2427 si
278 2410 287 2426 ‹
301 2400 459 2436 quicunque
469 2400 569 2427 dixerit
582 2400 696 2428 verbum
710 2403 806 2427 contra
821 2398 920 2426 Filium
932 2398 1022 2425 homi—

237 2446 291 2477 nis,
317 2447 474 2474 remittetur
495 2446 532 2478 ei,
548 2456 558 2472 ι
581 2445 718 2481 quomodo
743 2445 815 2472 idem
837 2444 923 2471 Filius
939 2443 1018 2475 dixit,

240 2501 250 2516 1
267 2491 319 2525 Qui
334 2500 377 2519 me
391 2492 530 2527 negaverit
545 2499 636 2518 coram
652 2491 818 2522 hominibus,
834 2490 939 2525 negabo
957 2497 1019 2517 eum

238 2546 331 2566 coram
347 2538 450 2574 angelis
464 2537 512 2565 Dei
524 2538 564 2566 ’⁷7
579 2547 588 2563 ι
607 2538 640 2565 Et
655 2545 762 2569 rursus,
780 2537 802 2564 si
822 2543 903 2564 omne
924 2542 1022 2571 pecca-

275 2585 296 2600 "
315 2584 381 2612 Luc.
398 2592 465 2617 xm,
480 2585 508 2612 ι.
565 2584 587 2600 ¹³
607 2583 705 2612 lPetr.
723 2592 760 2616 iv.
780 2583 823 2611 18.

241 2621 261 2636 ”
280 2620 346 2647 Luc.
364 2627 413 2653 xn,
430 2620 457 2647 9.

877 2583 899 2598 “
919 2581 1014 2609 Matth.
1033 2588 1065 2614 x,
1082 2579 1128 2607 29.

1065 1710 1112 1736 τοῦ
1138 1709 1240 1744 Κυρίου
1263 1709 1342 1743 λόγος
1364 1709 1548 1743 καθέστηκεν,
1570 1708 1601 1734 δν
1628 1716 1710 1743 φησι”
1738 1717 1748 1733 ι
1774 1706 1840 1732 Πᾶσα

1067 1756 1188 1792 ἁμαρτία
1213 1756 1260 1783 καὶ
1289 1755 1447 1791 βλασφημία
1471 1754 1640 1790 ἀφεθήσεται
1665 1755 1721 1785 τοῖς
1750 1750 1840 1787 ἀνθρώ-

1067 1811 1146 1835 ποις·
1167 1812 1176 1829 »
1195 1802 1252 1834 καὶ,
1273 1811 1282 1828 ι
1305 1802 1352 1833 Ὃς
1372 1801 1393 1827 δ’
1409 1800 1442 1828 ἂν
1454 1800 1519 1837 εἴπῃ
1535 1800 1615 1835 λόγον
1638 1799 1707 1827 κατὰ
1720 1797 1764 1825 τοῦ
1784 1793 1839 1822 Υῐοῦ

1067 1850 1233 1886 ἀφεθήσεται
1256 1848 1346 1884 αὐτῷ’
1372 1848 1402 1879 ὃς
1421 1847 1443 1874 δ’
1465 1847 1498 1874 ἂν
1521 1847 1586 1883 εἴπῃ
1613 1846 1691 1881 λόγον
1713 1842 1779 1871 κατὰ
1799 1839 1837 1886 τοῦ

1068 1885 1227 1930 Πνεύματος
1241 1892 1288 1920 τοῦ
1308 1892 1395 1926 ἁγίου,
1413 1892 1462 1919 οὐκ
1476 1891 1643 1926 ἀφεθήσεται
1659 1889 1730 1925 αὐτῴ
1745 1887 1798 1914 οὐδὲ
1814 1885 1838 1910 ἐν

1067 1941 1107 1977 τῷ
1118 1941 1165 1967 νῦν
1182 1940 1269 1972 αἰῶνι,
1285 1938 1346 1965 οὺδέ
1362 1939 1391 1965 ἐν
1404 1938 1443 1973 τῷ
1453 1937 1587 1973 μέλλοντι.
1601 1946 1611 1963 ι

1111 1984 1205 2011 Ἀπόκ.
1222 1983 1271 2010 Διὰ
1284 1982 1362 2009 τοῦτο
1376 1983 1502 2018 παραινεῖ
1514 1982 1598 2008 πᾶσιν
1611 1982 1625 2007 ό
1640 1980 1709 2010 θεῖος
1728 1975 1838 2018 Ἀπόστοξ

1069 2030 1113 2062 λος
1136 2029 1232 2064 λέγων,
1256 2028 1297 2055 ὅτι
1323 2036 1333 2054 ι
1362 2027 1400 2054 Τὺ
1422 2027 1538 2062 γράμμα
1565 2024 1738 2055 ἀποκτείνει,
1765 2020 1792 2047 τὺ
1809 2017 1836 2064 fit

1069 2061 1181 2110 Πνεῦμα
1197 2074 1330 2106 ζωοποιεῖ.
1357 2081 1366 2098 ι
1389 2061 1547 2106 Πολλὰνγὰρ
1567 2071 1622 2097 τῶν
1638 2069 1714 2097 θείων
1737 2061 1835 2110 Γρςφῶν

1070 2121 1118 2148 ἐὰν
1132 2109 1203 2147 κατὰ
1215 2119 1246 2146 τὺ
1264 2119 1380 2154 γράμμα
1395 2118 1547 2152 νοήσωμεν,
1564 2117 1606 2148 είς
1624 2115 1753 2148 ἀθέσμους
1769 2109 1835 2159 im?

1071 2166 1176 2202 φημίας
1199 2165 1370 2201 ἐμπίπτομεν
1385 2163 1456 2199 (16)·
1475 2160 1530 2189 οἷόν
1555 2163 1614 2188 ἐστι
1637 2161 1682 2188 καὶ
1700 2159 1729 2185 τὸ
1742 2160 1835 2202 προκεις

1072 2195 1151 2249 μενον
1167 2195 1235 2247 ημῖν
1250 2210 1297 2238 νῦν
1314 2195 1361 2237 τοῦ
1377 2195 1480 2246 Κυρίου
1502 2209 1602 2243 λόγιον,
1625 2207 1700 2240 ὅπερ,
1721 2202 1764 2251 My

1072 2242 1154 2295 ξηροῦ
1173 2242 1228 2293 (ίἹ)
1244 2256 1295 2288 τὰς
1313 2255 1400 2288 λέξεις
1415 2242 1586 2290 ἐκλὰὂωμεν,
1601 2253 1630 2280 οὐ
1648 2247 1772 2295 μόνον-είς
1782 2242 1833 2295 ἀθξς

1073 2285 1292 2340 ίὶίτουςιὲννοίαέ
1314 2285 1532 2336 πείκτῖίπτομενν-
1548 2299 1616 2326 ἀλλά
1637 2285 1683 2324 ’ω
1706 2291 1778 2340 “'53”
1798 2285 1834 2340 τῇ

1072 2330 1174 2384 ὶίύριον
1200 2330 1404 2381 ἐναντιούμενον
1420 2330 1697 2380 ἐαύτῷεύρίσκομεν.

1077 2404 1086 2420 ι
1109 2380 1156 2426 ηος
1179 2393 1201 2420 δ’
1216 2392 1249 2420 ἂν
1271 2393 1335 2429 είπῃ
1348 2392 1426 2426 λόγον
1448 2391 1519 2418 κατὰ
1539 2389 1586 2417 τοῦ
1606 2386 1670 2415 Υἱοῦ
1689 2380 1833 2431 ἀφεθῄσεῖξξ

1073 2419 1156 2474 αὺτῷῖ
1173 2449 1183 2465 ι
1200 2438 1258 2470 πῶς
1274 2419 1353 2468 uoci;
1366 2419 1456 2468 δ’Υίδς
1469 2435 1560 2462 ειπενο
1577 2444 1586 2460 ι
1611 2434 1638 2459 Ὀ
1652 2419 1833 2474 ἀπαργορμεχᾷς

1133 2465 1285 2521 ἐμπροσθεν
1309 2465 1470 2518 ἀνθρώπων,
1491 2480 1680 2522 ἀπαρνήσομανι
1701 2470 1773 2522 ait?"

1074 2509 1263 2568 τῶν
1281 2509 1404 2563 ἀγγέλων
1427 2509 1474 2554 τού
1489 2509 1574 2559 Θεού;
1594 2509 1611 2550 Ι»
1635 2509 1782 2568 καὶλπὰλιν,
1795 2509 1833 2568 iri"

1195 2555 1220 2593 ¹⁵ν
1237 2555 1333 2603 Matth:
1350 2583 1408 2609 xu,
1425 2575 1475 2608 3t,
1492 2574 1537 2602 32.
1567 2555 1573 2559 Ἴ
1602 2571 1624 2586 ¹⁶
1642 2568 1663 2595 ll
1678 2566 1728 2594 Cor
1753 2567 1795 2590 nt,
1808 2555 1829 2582 σ-

276 2675 332 2709 (12)
349 2675 395 2702 Sic
421 2682 487 2702 mss.
512 2673 585 2700 Editi
608 2681 682 2705 vero,
702 2673 751 2700 Διὰ
769 2672 864 2700 ταῦτα.
883 2671 956 2699 Infra
971 2671 1011 2698 dul

1078 2668 1182 2709 Script:
1196 2666 1446 2709 sperae,‘num..49,
1460 2665 1495 2709 de
1509 2672 1562 2700 qua
1576 2670 1606 2690 re
1616 2653 1830 2709 vid-engdmgﬂao:

240 2719 320 2741 mss.,
337 2710 434 2746 πικρόν
449 2709 626 2746 ὑπομένοντες
639 2709 764 2746 θάνατον.

278 2745 333 2780 (15)
350 2741 457 2772 Ιιέᾱυο
476 2741 543 2779 Reg.
566 2745 600 2780 ᾼι
614 2744 745 2780 εᾱίίὶμξκ
757 2742 859 2780 ,τούτου
885 2741 1024 2778 μετρικοῦ.

241 2777 314 2807 Inl’ra
325 2776 424 2812 'iidem,
440 2780 478 2811 ὡς
496 2776 545 2806 οὗκ
557 2778 636 2806 οἶδεν.
656 2779 737 2811 Editi,
749 2779 787 2810 ὼς
805 2776 883 2804 οἶδεν.

278 2815 334 2850 (Η)
352 2815 416 2850 Reg.
430 2815 458 2848 Ξ,
478 2815 623 2850 ἁμαρτίας.

278 2816 323 2847 (ιι
352 2815 416 2850 Reg.
430 2815 458 2848 Ξ,
478 2815 623 2850 ἁμαρτίας.

277 2815 337 2887 (ίὸζ
349 2850 409 2878 Haec
421 2851 533 2886 quaestio
547 2850 660 2878 habetur
674 2849 800 2886 superius
813 2848 840 2876 in
853 2846 1026 2876 Testimoniis

1077 2689 1253 2731 agsf'ia};
1260 2689 1448 2739 ᾝάίζῇψὲῖὲτῂῖ
1460 2689 1543 2735 ῑὶγὲᾆ
1548 2689 1630 2726 “mea:
1637 2689 1831 2739 “ggghﬂgjgm

1372 2722 1561 2772 ῑηίίίέίεῖιιυε
1581 2740 1613 2760 ει
1637 2726 1723 2762 mus
1742 2722 1789 2749 αυο

1078 2773 1273 2807 supplevimus.

1113 2808 1170 2849 (.19)
1188 2806 1282 2849 lies-.4
1302 2807 1370 2849 01%
1387 2806 1640 2849 εεεξῖιίπτομενμ
1656 2831 1695 2849 ,ιιι

1115 2833 1170 2878 ili}
1190 2833 1299 2870 itauduo
1312 2833 1378 2878 Reg.
1394 2833 1465 2870 Editi
1483 2833 1556 2874 verti,
1574 2835 1640 2865 κατὰ
1656 2833 1734 2865 ἀξίαν-
