1924 3059
91 113 140 141 GLI

575 109 807 144 QU/ESTIONES
825 109 871 137 AD
891 108 1097 136 ANTIOCIIUM
1115 107 1243 138 DUCEM.

1669 111 1722 138 6.52

92 173 171 199 πᾶσα
187 171 310 208 ἁμαρτία
332 172 379 198 καὶ
404 171 562 207 βλασφημία
583 170 748 206 ἀφεθήσεται
763 171 819 201 τοῖς
838 170 884 196 ἀν-

938 173 994 196 ιυιη
1010 173 1038 197 et
1052 169 1220 204 blasphemia
1235 169 1388 196 remittetur
1403 168 1572 203 hominibus,
1585 171 1722 204 quomodo

92 217 224 254 θρώποις,
243 216 302 249 πῶς
319 217 366 243 καὶ
381 217 451 253 ὑπὲρ
467 216 552 251 ἀργοῦ
569 216 648 250 λόγου
667 216 816 250 ἀπολογίαν
832 214 883 242 δώσ

93 270 195 298 σομεν;
208 261 266 294 πῶς
282 263 296 288 ὁ
308 261 395 296 λέγων
408 261 447 297 τῷ
456 260 561 296 ἀδελφῷ
576 260 669 292 αὐτοῦ,
683 259 779 294 Μωρὲ,
793 259 884 293 ἔνοχος

92 309 172 337 ἔσται
188 310 227 341 είς
246 309 295 345 τὴν
311 309 424 343 γέενναν
438 307 485 334 τοῦ
503 308 605 344 πυρός;
619 307 678 338 πῶς
699 308 714 333 ὁ
736 306 884 337 ἀπόστολος

92 354 199 386 Παῦλος
219 362 302 390 φησι·
330 362 339 379 ι
370 353 416 389 Μὴ
441 352 664 385 πλανᾶσθε,οῠτε
691 352 795 388 πόρνοι,
822 348 883 377 οὒτε

93 401 201 437 μοιχοὶ,
220 400 282 427 οὔτε
301 399 428 435 μαλακοὶ,
444 399 506 426 οὔτε
531 399 652 435 μέθυσοι,
676 398 738 425 οὔτε
759 397 883 434 λοίδοροι,

93 447 232 483 βασιλείαν
253 447 320 473 Θεοῦ
337 447 568 482 κληρονομήσουσι
581 455 588 480 ;
605 456 614 473 ›
630 446 684 473 Καὶ
700 447 724 473 εί
740 445 827 473 ταῦτα
840 445 885 471 οῦ-

91 501 148 525 τως
164 493 230 529 ἔχει,
247 493 306 525 πῶς
318 492 420 523 λοιπὸν,
438 492 498 519 είπὲ
521 501 575 528 μοι,
591 493 665 519 πᾶσα
691 492 813 528 ἁμαρτία
837 491 884 518 καὶ

93 539 254 575 βλασφημία
264 539 430 574 ἀφεθήσεται
441 538 671 574 τοῖς,ἀνορώποις;
682 539 737 565 Kal.
744 538 790 565 ἐὰν
803 538 884 564 πάλιν

91 585 172 612 τοῦτο
201 585 309 621 ἀληθὲς,
335 585 380 612 διὰ
404 585 430 612 τί
453 585 545 612 λοιπὸν
571 585 726 620 ἐγκαλεῖται
754 586 768 612 6
793 585 884 616 ἄθλιος

99 632 251 668 Ὠριγένης,
267 632 342 663 τέλος
365 631 507 668 κηρύττων
527 631 576 667 τῆς
599 631 736 663 κολάσεως
753 628 822 657 εἶναι
837 630 884 657 καὶ

93 677 268 713 συγχώρησιν
283 677 373 712 πάσης
388 677 524 713 ἁμαρτίας
543 676 679 711 γενέσθαι,
698 677 744 703 καὶ
756 677 813 708 τοῖς
826 675 885 703 δαί-

95 732 159 758 μοσι
180 722 229 750 καὶ
244 723 301 754 τοῖς
322 722 476 757 ἀνθρώποις
502 721 577 757 παρὰ
594 721 679 754 Θεοῦ;
693 721 778 748 Πάλιν
794 721 822 747 δὲ
837 721 883 748 καὶ

93 769 142 797 ὲὰν
158 770 176 805 ἡ
199 770 238 801 είς
252 769 283 795 τὸ
305 768 418 804 Πνεῦμα
436 768 468 794 τὸ
481 767 557 802 ἅγιον
575 767 732 803 βλασφημία
754 767 805 794 οὐκ
827 766 884 802 ἔχει

94 815 268 851 συγχώρησιν
279 814 323 841 διὰ
341 814 492 850 μετανοίας,
505 813 532 839 τί
548 813 683 849 μέμφεται
698 813 715 848 ἡ
738 811 884 848 Ἐκκλησία

936 219 964 243 et
987 216 1021 243 de
1044 217 1133 244 otioso
1158 216 1241 244 verbo
1259 216 1392 243 rationem
1419 223 1515 243 sumus
1542 216 1724 244 reddituri“?

937 260 1200 296 quomodoquidicit
1209 260 1285 287 fratri
1295 269 1356 292 suo,
1371 269 1381 285 ί
1399 260 1493 292 Fatue,
1507 270 1517 286 ›
1529 269 1592 289 reus
1609 262 1662 288 erit
1677 270 1723 297 ge-

937 306 1033 334 henna:
1048 307 1119 342 ignis
1132 307 1172 333 H’?
1186 307 1323 343 quomodo
1339 307 1402 334 item
1418 307 1565 342 Apostolus
1581 308 1630 340 ait,
1645 317 1654 333 ι
1671 308 1724 335 l\o-

937 352 984 379 lite
995 360 1089 380 errare
1102 362 1108 379 :
1121 360 1209 388 neque
1224 352 1377 385 fornicarii,
1390 360 1479 388 neque
1492 353 1620 385 adulteri,
1634 361 1723 388 neque

937 400 1043 432 molles.
1062 407 1151 435 neque
1168 400 1280 432 ebriosi,
1301 408 1390 435 neque
1405 401 1531 428 maledici
1546 409 1660 436 regnum
1676 401 1722 428 Dei

937 445 1117 480 possidebunt
1125 445 1166 472 ὀἳ
1182 455 1191 471 ι
1213 446 1279 479 Qua:
1300 446 1324 474 si
1342 447 1380 473 ita
1400 454 1430 474 se
1444 447 1556 479 habent,
1573 446 1722 481 quomodo,

937 498 1041 526 quaeso,
1062 499 1143 519 omne
1166 496 1307 526 peccatum
1323 495 1350 520 et
1374 492 1544 528 blasphemia
1569 493 1724 521 remittetur

938 537 1114 565 hominibus?
1128 536 1207 570 Quod
1222 539 1245 565 si
1260 545 1355 566 verum
1371 543 1422 572 est,
1438 546 1488 566 cur
1501 538 1558 574 jam
1576 539 1723 574 reprehen-

937 583 1012 610 ditur
1038 583 1133 610 infelix
1158 583 1291 618 Origenes
1322 584 1489 620 praedicasse
1521 584 1644 612 futurum
1674 585 1724 613 ali—

937 629 1048 664 quando
1071 630 1200 664 supplicii
1219 629 1311 661 ﬁnem,
1329 630 1492 665 veniamque
1512 631 1603 659 omnis
1617 632 1722 666 peccati

937 679 995 703 tum
1019 676 1174 704 hominibus
1196 680 1254 703 tum
1277 676 1448 704 daemonibus
1473 676 1558 704 Deum
1579 684 1723 706 concessu-

937 722 1019 750 rum?
1043 722 1072 750 Si
1102 723 1167 750 item
1188 723 1358 758 blasphemia
1382 723 1410 749 in
1436 723 1569 757 Spiritum
1597 728 1722 751 sanctum

936 768 1044 796 veniam
1067 769 1171 796 nullam
1195 769 1356 804 pmnitentia
1374 768 1490 799 obtinet.
1513 769 1579 804 quid
1601 769 1725 804 queritur

937 814 1060 842 Ecclesia
1075 813 1209 842 Novatum
1226 815 1415 849 ptenilentiam
1428 814 1578 849 reiecisse?
1595 815 1663 842 lllud
1675 822 1724 841 an.

93 861 220 888 Ναύατον
234 860 298 896 ’(18)
321 859 541 895 ὰποὸαλλόμενον
559 859 608 895 τὴν
622 858 782 894 μετάνοιαν;
798 858 835 885 Τδ
858 858 884 885 δὲ

939 865 993 889 tem
1011 861 1158 889 obscurius
1170 865 1197 888 et
1209 860 1346 888 dilIicilius
1361 860 1499 888 intellectu
1514 865 1566 892 est.
1582 860 1665 896 quod,
1677 862 1724 896 qni

94 907 295 942 σκοτεινότερον
315 907 364 933 καὶ
384 906 606 940 δυσκατάληπτον
628 905 716 932 ἐκεῖνό
739 905 827 932 ἐστιν·
845 905 886 932 ὅτι

92 954 123 985 ὃς
134 953 157 980 δ’
171 953 204 980 ἂν
215 953 280 990 εἴπῃ
293 952 371 987 λόγον
387 952 458 979 κατὰ
472 952 519 978 τοῦ
536 951 600 978 Υἱοῠ
615 951 782 987 ἀφεθήσεται
795 950 884 987 αὐτῷ’

93 999 164 1025 ὥστε
176 998 294 1026 ἐλάττων
308 998 383 1025 ἐστὶν
399 998 413 1023 ὁ
429 997 494 1029 Υἱὸς
509 997 586 1033 παρὰ
602 998 632 1024 τὺ
642 997 754 1033 Πνεῦμα
769 997 801 1024 τὺ
809 997 885 1031 ἂγιον

95 1044 194 1071 καὶτὸν
203 1044 314 1080 Πατέρα
323 1043 389 1079 (19).
401 1044 455 1070 Kal.
462 1044 488 1069 τί
500 1043 592 1071 λοιπὸν
601 1043 808 1079 ἀποϐαλλόμεθα
823 1043 887 1075 τοὺς

97 1091 234 1126 μυσαροὺς
249 1089 485 1125 Ἀρειανοὺς,τοὺς
498 1089 705 1125 σμικρὺνοντας,
714 1089 761 1116 καὶ
774 1089 886 1116 καταϐι-

96 1137 227 1170 ϐάζοντας
240 1136 285 1163 τὸν
302 1136 366 1162 Υἰὺν
378 1135 454 1171 παρὰ
470 1135 500 1162 τὸ
513 1135 625 1171 Πνεῦμα
636 1144 643 1168 ;
658 1135 720 1167 Πῶς
737 1133 784 1162 οὖν
795 1136 809 1162 6
822 1135 886 1167 Υἱὸς

95 1183 183 1218 λέγει·
201 1183 252 1215 ὃτι,
275 1191 284 1208 ‹
311 1181 383 1216 Ἐγὼ
406 1181 453 1208 καὶ
472 1182 487 1208 6
507 1181 602 1217 Πατὴρ
621 1181 650 1209 ἓν
674 1182 774 1216 ἐσμεν⁷
799 1191 808 1207 ι
827 1181 884 1212 καὶ,

98 1238 108 1255 ί
133 1229 162 1255 '0
178 1228 215 1264 μὴ
230 1227 318 1264 τιμῶν
328 1227 374 1254 τὸν
390 1227 455 1254 Υἰὺν
468 1227 498 1254 οὐ
515 1227 582 1263 τιμᾷ
598 1227 643 1254 τὸν
657 1227 784 1262 Πατέρα;
803 1237 812 1253 ι
831 1227 885 1253 Καὶ

96 1273 178 1301 πάλιν
189 1273 236 1301 νῦν
252 1281 345 1308 φησιν,
361 1272 402 1299 ὅτι
425 1281 434 1298 ‹
457 1273 506 1304 Ὃς
530 1272 552 1298 δ’
577 1271 609 1298 ἂν
629 1272 693 1308 εἴπῃ
716 1271 795 1306 λόγον
815 1270 884 1297 κατὰ

95 1319 142 1348 τοῦ
165 1319 242 1351 Υίοῦ,
264 1319 430 1354 ἀφεθήσεται
450 1318 541 1354 αὐτῷ;
561 1327 570 1344 ›
587 1316 662 1354 *Αρα
675 1316 732 1352 οὖν,
750 1318 810 1345 εἰπέ
828 1327 883 1354 μοι,

97 1365 272 1401 συνεχωρήθη
293 1366 309 1400 ὴ
335 1365 375 1397 είς
390 1365 436 1391 τὸν
454 1364 517 1391 Υίὺν
541 1364 699 1400 βλασφημία
727 1365 884 1400 Ἀρειανοῖς,

95 1411 143 1438 καὶ
168 1411 355 1445 Σιμωνιανοῖς,
378 1409 424 1436 καὶ
447 1409 644 1441 Φωτεινιανοῖς,
669 1409 716 1436 καὶ
739 1408 885 1435 Σαδελλια-

95 1455 161 1486 νοῖς,
183 1453 230 1480 καὶ
252 1455 309 1485 τοῖς
328 1453 430 1485 λοιποῖς
450 1454 518 1480 πᾶσι
538 1455 595 1485 τοῖς
619 1454 658 1485 εἰς
677 1453 727 1489 τὴν
749 1453 796 1480 τοῦ
819 1452 884 1480 Υίοῦ

97 1500 234 1536 σάρκωσιν
251 1499 495 1535 βλασφημήσασιν;
517 1500 624 1534 ’Ἄπαγε
645 1499 694 1535 τῆς
710 1499 840 1531 ἀτοπίαςί
861 1500 885 1527 εί

938 907 1038 934 dixerit
1051 907 1164 934 verbum
1182 910 1277 933 contra
1294 906 1404 938 Filium,
1422 906 1570 933 remittitur
1588 907 1625 938 ei,
1644 907 1681 933 ita
1695 911 1726 933 ut

937 951 1024 979 Filius
1042 952 1155 980 inferior
1169 952 1295 979 videatur
1311 959 1372 979 esse
1387 951 1500 986 Spiritui
1516 955 1611 979 sancto
1629 956 1655 979 et
1672 951 1726 979 Pa-

938 998 983 1025 tri.
1011 998 1082 1031 Quid
1100 1005 1164 1034 ergo
1188 997 1309 1026 nefarios
1328 998 1444 1025 Arianos
1463 997 1650 1030 detestamur,
1677 998 1724 1032 qni

937 1043 1038 1072 Filium
1053 1043 1148 1071 voinnt
1162 1051 1223 1071 esse
1242 1044 1376 1072 minorem
1392 1048 1419 1071 et
1433 1043 1590 1072 inferiorem
1604 1043 1725 1078 Spiritu?

936 1089 992 1116 Cur
1002 1088 1088 1116 Filius
1102 1089 1159 1124 ipse
1169 1088 1216 1121 ait,
1231 1097 1240 1114 ι
1255 1088 1310 1124 Ego
1323 1093 1350 1117 et
1364 1089 1442 1116 Pater
1457 1096 1544 1116 unum
1557 1089 1698 1117 sumus“:
1713 1099 1722 1114 ι

936 1139 973 1167 et,
996 1144 1005 1160 ι
1022 1134 1074 1168 Qui
1095 1142 1149 1161 non
1169 1134 1331 1162 honoriﬁcat
1349 1134 1460 1168 Filium,
1485 1142 1541 1162 non
1561 1135 1725 1162 bonoriiicat

936 1180 1044 1208 Patrem
1056 1181 1099 1207 “‘3
1114 1190 1123 1206 ι
1141 1179 1285 1213 Quomodo
1306 1187 1373 1215 ergo
1387 1180 1459 1207 idem
1475 1184 1565 1207 tamen
1583 1188 1656 1207 nunc
1674 1180 1723 1212 ait,

939 1235 948 1252 ι
965 1225 1017 1260 Qui
1042 1226 1142 1253 dixerit
1168 1226 1281 1254 verbum
1311 1229 1409 1253 contra
1436 1225 1545 1257 Filium,
1570 1226 1726 1253 remittetur

936 1271 981 1299 ei?
999 1281 1008 1297 ι
1028 1271 1110 1303 Num,
1139 1271 1247 1302 amabo,
1277 1271 1446 1305 blasphemia
1476 1271 1504 1297 in
1534 1270 1633 1298 Filium
1657 1278 1725 1298 con-

936 1316 1036 1344 donata
1062 1320 1104 1345 est
1122 1317 1242 1349 Arianis,
1263 1316 1441 1349 Simonianis,
1466 1317 1648 1348 Photinianis,
1676 1317 1726 1344 Sa-

936 1362 1074 1395 bellianis,
1090 1363 1252 1398 caeterisque
1273 1363 1402 1391 omnibus
1419 1363 1467 1397 qui
1489 1363 1673 1398 blasphemias
1696 1363 1724 1389 in

936 1409 1016 1445 233
1034 1408 1139 1438 Christi
1167 1409 1384 1437 incarnationem
1406 1408 1598 1443 protulerunt?
1620 1409 1723 1443 Apage,

937 1455 964 1482 id
996 1455 1157 1484 absurdum.
1180 1454 1248 1482 Nam
1279 1456 1302 1483 si
1331 1455 1354 1482 is
1379 1455 1427 1490 qui
1455 1454 1532 1481 fratri
1563 1461 1615 1481 suo
1631 1454 1720 1484 dicit,

940 1508 950 1526 ι
965 1499 1062 1532 Fatue,
1080 1510 1090 1526 ι
1114 1507 1179 1527 reus
1201 1503 1244 1527 est
1273 1500 1405 1535 gehennae
1431 1499 1501 1534 ignis
1521 1507 1526 1525 :
1543 1499 1662 1534 qualem,
1679 1499 1724 1525 die

95 1545 150 1582 γὰρ
164 1547 179 1572 6
196 1545 283 1579 λέγων
299 1545 344 1572 τὸν
356 1545 469 1580 ἀδελφὺν
489 1545 582 1578 αὐτοῦ,
593 1544 688 1579 Μωρέ,
704 1544 795 1580 ἔνοχός
812 1545 884 1571 ἐστιν

938 1547 1016 1579 mihi,
1041 1547 1068 1573 in
1095 1545 1248 1581 gehennam
1274 1546 1404 1581 gehennae
1431 1544 1593 1580 projicictur
1616 1545 1651 1577 is,
1675 1545 1722 1579 qui

97 1593 137 1624 εἰς
153 1592 202 1627 τὴν
227 1591 338 1625 γέενναν
354 1591 402 1618 τοῦ
425 1591 522 1627 πυρὸς,
539 1591 579 1622 εἰς
594 1590 674 1617 ποίαν
689 1590 792 1622 λοιπὸν,
823 1590 884 1617 εἰπέ

98 1645 155 1673 μοι,
172 1637 284 1671 γέενναν
301 1637 415 1673 γεέννης
438 1637 602 1673 βληθήσεται
620 1637 634 1663 ὁ
651 1636 737 1670 λέγων
758 1636 797 1672 τῷ
825 1636 884 1672 Θεῷ

96 1682 179 1710 αὐτοῦ
191 1691 197 1698 ’
216 1683 318 1710 xum
340 1683 407 1719 (20),
426 1684 473 1710 καὶ
489 1683 560 1718 οὐχὶ,
578 1683 627 1709 Υἱὲ
647 1682 693 1709 τοῦ
717 1682 795 1715 Θεοῦ,
817 1682 885 1708 ἀλλὰ

96 1729 183 1762 δοῦλε,
199 1730 246 1756 καὶ
256 1729 387 1765 ὑπουργὲ,
405 1729 452 1756 καὶ
474 1729 574 1765 μικρέ;
590 1729 644 1756 Καὶ
669 1729 704 1760 εί,
722 1729 796 1760 ὅστις
820 1728 885 1764 εἴπῃ

96 1775 175 1809 λόγον
195 1774 266 1802 κατὰ
278 1774 326 1801 τοῦ
343 1774 419 1807 Υἱοῦ,
438 1775 603 1810 ἀφεθήσεται
623 1774 708 1810 αὐτῷ,
726 1774 784 1806 πῶς
803 1774 884 1806 αὐτὸς

96 1822 111 1848 6
126 1821 190 1853 Υἱὸς
203 1819 290 1853 εἶπεν,
301 1821 342 1847 ὅτι
361 1821 389 1848 '0
404 1821 441 1856 μὴ
455 1821 570 1857 τρώγων
585 1829 635 1856 μου
652 1820 701 1856 τὴν
722 1820 821 1856 σάρκα,
837 1820 885 1846 καὶ

98 1867 184 1893 πίνων
201 1875 251 1902 μου
266 1867 296 1893 τὺ
307 1865 385 1902 αἷμα,
401 1867 451 1893 οὑκ
475 1866 532 1901 ἔχει
552 1866 624 1902 ζωὴν
638 1865 762 1899 αίώνιον;
780 1866 838 1897 πῶς
856 1866 885 1893 δὲ

96 1911 209 1938 δύναταί
222 1920 264 1943 τις
275 1911 417 1946 ἀτιμάζων
427 1911 473 1937 τὸν
490 1911 563 1944 Υἰδν,
575 1912 658 1946 τιμᾷν
672 1911 703 1937 τὺ
721 1911 834 1946 Πνεῦμα
854 1911 885 1938 τὸ

97 1957 197 1992 ᾶγιον;
233 1959 247 1984 6
273 1957 327 1992 γὰρ
350 1956 491 1992 ἀτιμάζων
503 1957 559 1992 (21)
580 1956 626 1983 τὸν
651 1956 716 1983 Υἱδν
739 1957 819 1992 δῆλον
842 1957 884 1984 ὄτι

96 2003 258 2038 ἁπαρνεῖται
274 2002 304 2028 τὸ
326 2001 467 2037 βάπτισμα
479 2010 485 2016 ·
511 2003 525 2028 6
543 2001 572 2028 δὲ
588 2002 617 2028 τὸ
635 2001 776 2037 βάπτισμα
793 2003 885 2038 ἀπαρ-

97 2048 228 2083 νούμενος
241 2048 321 2083 δῆλον
344 2047 426 2074 ὅτιτὸ
446 2046 560 2081 Πνεῦμα
577 2047 608 2072 τὸ
624 2046 703 2080 ἆγιον
726 2047 883 2074 ἀποδύεται.

97 2096 153 2122 Καὶ
166 2095 260 2130 ὥσπερ
275 2095 321 2121 ἐπὶ
335 2095 381 2121 τοῦ
399 2093 527 2130 αἰσθητοῦ
546 2094 633 2130 ἡλίου,
649 2093 698 2120 ἐὰν
711 2093 761 2129 τὴν
781 2093 884 2128 θερμὴν

96 2141 115 2176 ἢ
126 2141 175 2176 τὴν
191 2141 287 2167 ἀκτῖνα
302 2140 383 2172 αὑτοῦ
407 2139 587 2176 καθυϐρίσῃς,
603 2139 642 2171 είς
661 2139 725 2174 ὃλην
740 2139 789 2175 τὴν
804 2138 884 2173 φύσιν

96 2186 144 2212 τοῦ
159 2185 234 2222 ήλίου
248 2187 264 2221 ἠ
278 2185 356 2221 ὕϐρις
369 2186 511 2222 ἀνατρέχει
523 2193 530 2200 ·
545 2185 616 2212 οὕτω
634 2185 680 2212 καὶ
692 2184 738 2211 ὲπὶ
749 2184 796 2211 τοῦ
809 2193 885 2220 τρισ-

938 1593 994 1620 Deo
1008 1601 1059 1621 suo
1074 1593 1150 1625 dicit,
1164 1593 1274 1625 Create,
1296 1596 1323 1620 et
1343 1599 1399 1619 non
1420 1591 1471 1618 Fili
1482 1591 1540 1624 Dei,
1558 1591 1606 1619 sed
1633 1599 1722 1622 serve,

938 1639 1064 1668 minister
1078 1643 1105 1667 et
1115 1639 1216 1674 parve?
1231 1639 1264 1666 Et
1280 1638 1304 1666 si
1329 1638 1376 1673 qui
1389 1638 1488 1665 dixerit
1501 1637 1613 1665 verbum
1628 1641 1723 1664 contra

938 1685 1049 1718 Filium.
1065 1687 1221 1714 remittetur
1241 1685 1276 1717 ei,
1302 1684 1440 1720 quomodo
1461 1684 1519 1719 ipse
1540 1682 1626 1711 Filius
1643 1683 1723 1715 dixit,

940 1741 950 1758 ι
963 1731 1013 1765 Qui
1024 1739 1078 1758 non
1088 1731 1233 1758 manducat
1242 1738 1329 1757 meam
1345 1737 1467 1761 carnem.
1483 1737 1533 1757 nec
1552 1729 1620 1756 bibit
1634 1737 1724 1757 meum

938 1777 1111 1812 sanguinem,
1121 1784 1175 1804 non
1188 1776 1296 1803 habebit
1310 1776 1390 1802 vitam
1402 1775 1589 1803 mterrtam"?s
1601 1775 1667 1808 Quis
1677 1782 1722 1802 ve-

938 1832 969 1850 ro
979 1823 1077 1850 Filium
1088 1831 1233 1858 spernens,
1242 1823 1373 1857 Spiritum
1383 1827 1508 1850 sanetum
1524 1823 1626 1858 poterit
1637 1823 1725 1850 hono-

937 1877 998 1897 rare
1007 1869 1018 1896 ’ἓ
1028 1869 1074 1904 qui
1084 1872 1174 1895 autem
1186 1867 1284 1895 Filium
1296 1868 1410 1903 spernit,
1419 1871 1493 1895 certe
1501 1868 1634 1903 baptisma
1644 1873 1724 1904 negat

938 1914 983 1941 ille
999 1918 1046 1940 :at
1072 1913 1118 1949 qui
1139 1914 1305 1948 baptismum
1331 1915 1424 1948 negat,
1439 1912 1563 1948 profecto
1589 1912 1722 1948 Spiritum

938 1964 1063 1987 sanctum
1095 1959 1182 1986 exuit.
1199 1959 1238 1986 Ac
1254 1958 1482 1994 quemadmodum
1503 1959 1529 1986 in
1556 1959 1614 1987 sole
1635 1960 1724 1987 sensi-

938 2005 997 2037 bili,
1016 2005 1039 2032 si
1050 2006 1110 2040 ejus
1130 2005 1250 2032 calorem
1274 2005 1316 2032 vel
1331 2004 1422 2033 radios
1439 2005 1572 2032 conviciis
1587 2005 1671 2033 velles
1685 2005 1725 2033 la-

938 2050 1225 2085 cessere,hujnsmodi
1246 2050 1347 2085 injuria
1371 2051 1398 2078 in
1414 2055 1500 2078 totum
1518 2051 1603 2078 solem
1620 2052 1724 2079 recide-

937 2101 990 2130 ret,
1006 2097 1043 2124 ita
1057 2097 1085 2124 in
1103 2097 1204 2132 triplici
1221 2097 1268 2123 illo
1291 2097 1348 2124 sole
1363 2100 1466 2124 sancta:
1479 2096 1632 2129 Trinitatis,
1646 2098 1725 2125 lumi-

938 2143 981 2170 nis
990 2148 1016 2170 et
1030 2143 1184 2176 luminaris,
1201 2143 1224 2170 si
1244 2142 1306 2177 quis
1323 2149 1405 2169 unam
1430 2142 1591 2177 bypostasin
1613 2142 1725 2176 ignomi-

938 2188 983 2215 nia
997 2188 1105 2221 alliciat,
1121 2196 1153 2216 ea
1166 2188 1293 2223 impietas
1306 2191 1390 2213 totam
1414 2187 1609 2221 plenitudinem
1625 2188 1724 2215 divini-

97 2232 174 2268 ηλίου
203 2232 254 2267 τῆς
277 2233 358 2266 ἁγίας
381 2232 496 2268 Τριάδος
518 2231 606 2266 φωτὸς
633 2232 680 2258 καὶ
705 2231 850 2266 φωστῆρος
872 2231 884 2264 ἦ

942 2235 1006 2262 tatis
1024 2234 1147 2262 ollendit.
1163 2233 1233 2266 Quid
1261 2233 1343 2268 igitur
1370 2236 1413 2260 est
1429 2233 1502 2266 quod
1533 2232 1663 2260 Dominus
1689 2234 1723 2260 ad

96 2279 145 2314 τῆς
159 2278 215 2313 (2‘2)
231 2279 295 2314 μιᾶς
310 2278 486 2309 ὑποστάσεως
507 2278 604 2313 ἀτιμία
623 2276 725 2309 παντὸς
748 2276 795 2303 τοῦ
817 2277 886 2312 πλη-

98 2324 224 2360 ρώματος
238 2324 287 2359 τῆς
299 2323 426 2360 θεότητος
440 2325 500 2350 ὲστι
524 2323 693 2359 βλασφημία.
714 2323 746 2350 Τί
763 2321 809 2350 οὖν
828 2324 886 2350 ἐστι

97 2370 128 2396 τὺ
142 2369 194 2396 ὑπὸ
205 2370 252 2396 τοῦ
270 2369 372 2405 Κυρίου
399 2369 469 2406 πρὸς
493 2369 636 2401 Ἰουδαίους
659 2369 816 2405 λεγόμενον,
843 2369 885 2396 ὃτι

97 2417 172 2442 πᾶσα
187 2415 307 2451 ἁμαρτία
324 2416 370 2441 καὶ
387 2415 546 2450 βλασφημία
570 2415 738 2451 ἀφεθήσεται
759 2416 816 2446 τοῖς
843 2415 886 2441 ἀν-

97 2461 227 2498 θρώποις,
245 2462 292 2489 καὶ
313 2462 342 2493 ὃς
363 2462 386 2488 δ’
414 2462 447 2488 ἂν
466 2461 532 2497 εἴπῃ
542 2461 620 2495 λόγον
644 2460 718 2488 κατὰ
735 2459 783 2487 τοῦ
806 2460 883 2493 Υίοῦ,

96 2507 264 2544 ἀφεθήσεται
281 2507 370 2543 αὐτῷ’
391 2507 420 2540 ὃς
437 2507 459 2534 δ’
475 2507 508 2534 ἂν
525 2506 592 2544 εἴπῃ
604 2506 675 2535 κατὰ
691 2505 739 2533 τοῦ
756 2505 886 2542 Πνεύμα-

132 2587 156 2603 ¹⁸
175 2586 269 2614 Matth.
287 2595 344 2617 xu.
361 2585 405 2614 56.
445 2586 466 2602 "
483 2585 578 2613 Matth.
594 2593 621 2619 v,
637 2584 682 2612 22.
721 2585 744 2601 ³ο
757 2584 767 2611 l
779 2584 843 2613 Cor.
859 2591 904 2616 vt,

95 2621 142 2649 54.

147 2699 187 2734 l8)
208 2699 275 2734 Reg.
291 2699 319 2730 2,
335 2698 470 2726 Νάὃατον.

146 2731 187 2768 l9)
203 2731 277 2770 Post,
300 2734 348 2761 καὶ
363 2734 410 2770 τρν
422 2733 543 2770 Πατέρα,
561 2733 627 2768 Reg.
647 2732 665 2759 2
683 2736 710 2760 et
726 2732 744 2770 ὃ
771 2731 882 2770 habent,

93 2767 143 2796 καὶ
159 2767 186 2796 τί
203 2769 295 2796 λοιπὸν
313 2767 522 2804 ἁποόαλλόμεθα
539 2767 756 2804 τοὺςνμυσαροὺς
777 2767 883 2804 Ἀρεια-

94 2805 174 2836 νοὺς,
196 2805 259 2836 τοὺς
284 2802 481 2839 σμικρύνοντὰς
504 2802 809 2839 καὶάαταὸιὸἆζοντας
835 2802 881 2839 τον

96 2839 159 2867 Υἱὸν
176 2839 251 2874 παρὰ
263 2839 293 2866 τὸ
303 2837 433 2874 ’Πνεῦμα;
452 2839 507 2866 Καὶ
521 2839 579 2870 πῶς
597 2840 611 2865 6
622 2838 695 2870 Υἱός.
710 2837 778 2870 Quae
791 2844 841 2864 nec
853 2837 882 2864 in

937 2280 1047 2308 Judazos
1064 2280 1113 2312 ait,
1133 2279 1205 2314 quod
1230 2286 1310 2306 omne
1332 2281 1474 2313 peccatum
1500 2282 1527 2305 et
1553 2277 1722 2312 blasphemia

937 2327 1094 2354 remittetur
1107 2325 1276 2356 hominibus,
1294 2327 1331 2356 et,
1350 2324 1397 2359 qui
1416 2323 1516 2351 dixerit
1530 2323 1642 2350 verbum
1658 2331 1724 2351 con-

938 2377 980 2400 tra
993 2372 1105 2404 Filium,
1121 2372 1278 2400 remittetur
1292 2371 1316 2397 ei
1332 2370 1399 2406 :qui
1414 2374 1506 2397 autem
1519 2370 1619 2397 dixerit
1630 2371 1724 2398 adver‘

939 2425 987 2444 sus
999 2416 1131 2452 Spiritum
1152 2419 1276 2442 sanctum
1293 2423 1347 2442 non
1373 2415 1527 2442 remittetur
1543 2415 1578 2445 ei,
1596 2415 1722 2450 nequein

939 2462 1066 2497 praesenti
1093 2462 1194 2489 sarculo
1220 2469 1309 2496 neque
1333 2462 1361 2488 in
1383 2460 1493 2488 futuro?
1510 2460 1619 2487 Attenta
1633 2466 1724 2488 mente

940 2506 1095 2539 audiamus,
1111 2513 1162 2533 nec
1178 2513 1311 2534 erremus.
1327 2505 1478 2538 Christum,
1494 2510 1555 2541 post
1574 2506 1723 2541 inexplica-

924 2583 969 2610 10.
1005 2583 1027 2598 ²¹
1048 2582 1126 2610 Joan.
1143 2591 1176 2615 ι,
1195 2583 1240 2610 50.
1278 2583 1300 2599 ¹²
1319 2581 1396 2610 Joan.
1413 2591 1440 2616 v,
1457 2583 1502 2610 23.
1541 2583 1564 2598 "
1581 2582 1660 2612 Joan.
1678 2592 1723 2616 vr,

936 2695 1018 2723 editis
1043 2700 1211 2731 comparent,
1233 2703 1284 2722 nec
1310 2703 1393 2729 supra
1409 2695 1435 2722 in
1451 2694 1628 2723 Testimoniis
1649 2695 1724 2724 Scri-

935 2735 1031 2766 pturaa.
1044 2731 1090 2766 ubi
1104 2732 1160 2758 haec
1174 2731 1300 2766 leguntur
1316 2739 1391 2758 nunt.
1407 2731 1452 2757 49.

971 2766 1027 2800 (20)
1043 2765 1100 2793 Duo
1114 2764 1353 2798 ῐιιςιεηκτιστὸν...
1370 2766 1462 2792 υἱὸν...
1478 2764 1580 2797 δοῦλον,
1597 2770 1652 2794 etc.

981 2800 1026 2834 ~2i)
1045 2801 1090 2828 Sic
1102 2809 1169 2828 mss.
1184 2801 1248 2828 duo.
1266 2800 1347 2831 Editi,
1366 2801 1380 2826 6
1397 2801 1424 2827 δὲ
1440 2801 1486 2834 ἀγ.

981 2801 1026 2835 ~2i)
1045 2801 1090 2828 Sic
1102 2809 1169 2828 mss.
1184 2801 1248 2828 duo.
1266 2801 1347 2831 Editi,
1366 2801 1380 2826 6
1397 2801 1424 2827 δὲ
1440 2801 1486 2834 ἀγ.

969 2801 1024 2872 E29.)
1039 2837 1104 2871 Zieg.
1120 2837 1148 2870 Ξ,
1163 2836 1251 2871 φωτὸς
1267 2835 1313 2862 καὶ
1333 2837 1493 2871 μυστηρίου,
1510 2836 1527 2871 ἡ
1544 2835 1603 2870 τῆς.
