1924 3059
220 91 272 118 6ίῖ

804 88 834 116 S.
853 87 1087 116 ATHANASlUS.
1108 103 1144 108 —
1163 87 1301 116 SPUBIA.

1797 88 1846 116 644

221 148 304 176 hilem
322 148 464 180 unionem,
479 147 615 182 duplicem
630 155 702 178 esse.
716 155 814 182 nempe
824 155 857 174 ex
868 147 1007 175 divinitate

1062 155 1107 178 τος
1121 146 1168 173 τοῦ
1188 147 1278 180 ἁγίου,
1291 146 1341 173 οὐκ
1354 146 1523 182 ἀφεθησεται
1540 145 1615 181 αὐτῷ
1625 145 1686 172 οὔτε
1704 146 1733 173 ὲν
1747 146 1786 182 τῷ
1802 146 1846 173 νῦν

220 199 247 221 ct
269 194 440 222 humanitate
456 199 593 226 constare,
603 201 690 222 sacrae
699 194 780 221 nobis
793 194 914 221 clamant
935 193 1010 221 Scri-

222 244 310 274 ptura:
327 249 333 265 :
353 248 416 267 nam
436 249 444 266 ι
471 239 589 267 Verbum
619 247 684 267 caro
706 239 808 268 factum
822 240 906 268 est“.
926 250 935 266 ι
956 239 1010 266 Ita-

225 294 279 321 que
294 285 376 313 Verbi
391 286 562 314 divinitatem
578 286 704 314 Christus
722 287 780 321 ipse
795 286 929 322 Spiritum
945 294 1010 314 san-

221 337 296 360 ctum
312 333 440 368 appellat,
450 333 680 368 quemadmodum
692 333 725 360 ad
740 333 941 360 Samaritanam
953 333 1008 359 ait:

225 387 234 404 ι
253 379 324 407 Deus
339 379 459 413 Spiritus
471 384 514 408 est
525 387 532 404 :
545 380 567 395 “
584 389 594 405 ›
606 387 684 406 suam
693 383 784 406 autem
798 379 1008 409 humanitatem,

221 425 320 452 Filium
349 426 471 453 hominis
504 433 602 453 rursus
632 425 759 460 appellat,
778 425 1009 460 quemadmodum

222 471 286 497 alibi
300 471 334 498 de
348 471 459 506 propria
478 479 563 498 carne
578 471 617 498 ait
636 480 642 497 :
663 480 672 496 (
692 470 771 497 Nunc
786 470 954 504 gloriﬁcatus
968 473 1010 498 est

221 516 306 545 Filius
318 517 438 545 hominis
453 518 486 544 ’³.
507 526 515 542 ι
534 516 619 552 Igitur
628 516 727 549 Judaei,
740 517 786 551 qui
800 516 884 544 Deum
902 524 1011 551 semper

221 562 395 591 oﬂ‘endebant
409 568 436 591 et
447 562 625 597 blasphemiis
644 562 860 594 insectabantur,
873 562 1009 597 duplicem

222 609 354 636 adversus
368 609 507 636 Christum
520 609 719 636 commiserunt
731 608 928 644 blasphemiam
945 616 951 634 ε
964 607 1010 634 alii

221 655 294 682 enim
308 662 419 682 carnem
434 655 494 690 ejus
506 655 563 683 sive
574 655 673 682 Filium
690 655 811 682 hominis
825 654 1009 686 oil‘endebant,

223 699 275 726 rati
294 699 455 734 prophetam
471 700 561 734 ipsum
575 707 636 727 esse
648 707 703 727 non
718 704 810 727 autem
830 699 915 727 Deum
932 709 938 726 :
952 699 1011 733 qui-

222 743 275 772 bus
293 745 402 772 veniam
420 745 505 772 dedit.
528 744 668 780 Siquidem
690 745 796 772 iuitium
808 745 1010 780 prtedicationis

222 793 295 821 erat.
317 790 493 826 nondumque
509 795 614 826 poterat
627 791 745 818 mundus
762 791 844 818 Deum
862 791 937 818 illum
951 799 1011 818 cre-

1063 192 1140 219 αίῶνι
1153 192 1214 219 οὔτε
1230 193 1259 220 ὲν
1273 193 1312 228 τῷ
1338 192 1478 228 μέλλοντι;
1507 193 1651 228 Νουνεχῶς
1678 193 1845 228 ἀκούσωμεν,

1063 237 1157 274 καὶμὴ
1173 237 1365 273 πλανηθῶμεν.
1379 239 1473 265 Διττὺν
1492 236 1562 265 εἶναι
1585 238 1628 265 τὸν
1647 239 1765 274 Χριστὸν
1782 239 1847 274 μετὰ

1062 284 1111 320 τὴν
1127 285 1266 320 ἄφραστον
1292 285 1398 318 ἕνωσιν,
1411 286 1483 320 φημὶ
1505 286 1537 322 δὴ
1564 287 1596 312 ὲκ
1619 286 1746 321 ῡεὸτητος
1760 288 1804 314 καὶ
1819 287 1846 320 ἐξ

1063 331 1280 366 ἀνθρωπότητος,
1294 331 1323 357 αἱ
1340 331 1411 367 ἱεραὶ
1424 332 1490 366 ἡμῖν
1500 330 1626 357 διαϐοῶσι
1642 331 1751 366 Γραφαί
1760 340 1781 357 ·‹
1793 332 1820 358 ’0
1834 342 1842 359 ι

1063 377 1117 413 γὰρ
1135 387 1144 403 ι
1164 377 1250 411 Λόγος
1275 377 1344 412 σὰρξ
1369 377 1486 411 ἐγένετο.
1503 387 1512 402 ι
1532 377 1587 412 Τὴν
1603 377 1669 411 γοῦν
1694 377 1740 404 τοῦ
1765 379 1844 412 Λόγου

1063 423 1178 459 Θεότητα
1193 425 1209 450 6
1232 424 1313 456 αὐτὸς
1335 423 1452 459 Χριστὸς
1481 424 1592 459 Πνεῦμα
1610 424 1688 457 ἃγιον
1716 424 1843 459 ὀνομάζει,

1063 469 1135 496 καθὰ
1149 469 1196 496 καὶ
1210 469 1279 505 πρὸς
1291 468 1340 504 τὴν
1355 469 1520 504 Σαμαρεῖτιν
1540 469 1641 502 ἔλεγεν,
1655 469 1697 495 ὅτι
1711 469 1819 504 Πνεῦμα
1834 471 1845 496 6

1063 514 1146 546 Θεός·
1176 514 1226 549 τὴν
1246 514 1275 541 δὲ
1297 513 1497 549 ἀνθρωπότητα
1524 513 1606 539 αὑτοῦ
1623 513 1689 540 Υἱὸν
1710 513 1844 549 ἀνθρώπου

1064 560 1143 587 πάλιν
1155 569 1161 575 ⁸
1178 560 1270 592 καθὼς
1285 561 1332 587 καὶ
1345 560 1462 596 ἀλλαχοῦ
1474 560 1538 596 περὶ
1551 561 1601 596 τῆς
1615 561 1685 592 ἰδίας
1695 560 1777 586 αὐτοῦ
1792 569 1846 596 σαρ-

1063 608 1110 638 κός
1127 615 1210 642 φησιο
1232 616 1240 632 ι
1255 607 1312 634 Νῦν
1336 607 1466 642 ἐδοξάσθη
1484 608 1499 634 6
1512 607 1576 639 Υἱὸς
1597 606 1643 634 τοῦ
1664 606 1814 642 ἀνθρώπου.
1835 617 1842 632 ι

1063 655 1094 680 Ol
1107 651 1153 680 οὖν
1164 653 1207 680 ἀεὶ
1225 653 1264 688 τῷ
1278 652 1338 689 Θεῷ
1349 652 1564 689 προσκρούοντες
1572 653 1619 680 καὶ
1630 653 1844 688 βλασφημοῦντες

1070 699 1189 726 Ἰουδαῖοι
1209 699 1298 735 διττὴν
1313 699 1381 735 πρὸς
1404 699 1450 726 τὸν
1470 699 1589 734 Χριστὸν
1611 699 1662 735 τὴν
1680 698 1844 735 βλασφημίαν

1063 745 1226 780 ἐκέκτηντο·
1244 746 1269 771 οἱ
1285 745 1334 780 μὲν
1354 746 1387 780 τῇ
1413 745 1495 780 σαρκὶ
1511 745 1605 777 αὐτοῦ,
1623 745 1710 780 ἤγουν
1735 744 1772 779 τῷ
1794 744 1843 778 Υἰῴ

1062 791 1109 817 τοῦ
1125 790 1280 827 ἀνθρώπου,
1299 791 1518 826 προσκόπτοντες
1534 791 1589 826 (25)
1605 791 1749 826 προφήτην
1761 790 1842 821 αὑτὸν,

222 835 287 862 dere
303 836 349 870 qui
365 835 446 863 homo
468 837 626 871 apparebat.
645 836 715 863 Hinc
732 836 859 864 Christus
884 837 933 868 ait,
949 836 1007 869 Qui-

1062 837 1119 864 ἀλλ’
1137 837 1168 864 οὐ
1184 837 1250 864 Θεὸν
1266 835 1335 864 εἶναι
1360 837 1526 872 νομίζοντες,
1555 834 1595 869 οἷς
1612 837 1660 863 καὶ
1690 836 1843 871 συγγνώμην

222 889 330 916 cunque
346 881 445 909 dixerit
463 883 576 909 verbum
589 887 684 910 contra
697 881 795 909 Filium
811 883 940 915 hominis.
955 884 1012 911 sive

221 932 319 955 contra
337 936 448 963 corpus.
469 929 625 956 remittetur
648 929 683 956 ei.
700 929 794 956 Audeo
822 930 894 956 enim
919 929 1012 957 dicere

221 981 310 1008 neque
322 974 396 1008 ipsos
409 975 504 1001 beatos
519 975 579 1009 ejus
595 975 745 1009 discipulos
762 975 910 1009 perfectam
925 976 1011 1010 ipsius

221 1020 374 1047 divinitatis
405 1020 535 1047 habuisse
558 1024 755 1056 cognitionem.
777 1022 864 1050 donec
891 1022 1011 1057 Spiritus

221 1070 334 1092 sanctus
349 1065 394 1093 die
406 1065 583 1094 Pentecostes
596 1067 622 1093 in
638 1075 685 1094 eos
706 1068 821 1102 illapsus
834 1072 918 1095 esset.
933 1067 1012 1094 Nam-

227 1119 281 1146 que
295 1112 377 1139 etiam
401 1116 463 1146 post
483 1114 714 1141 resurrectionem
732 1115 778 1141 alii
793 1115 869 1141 illum
882 1114 1011 1142 viderunt

221 1160 249 1183 et
258 1157 424 1191 adorarunt;
441 1158 552 1193 quidam
577 1163 667 1186 autem
685 1160 891 1193 dubitaverunt,
903 1166 931 1188 at
956 1169 1010 1189 non

222 1203 326 1230 idcirco
357 1203 434 1230 fuere
465 1204 652 1233 condemnati.
678 1205 730 1238 Qui
761 1211 851 1234 autem
879 1207 1011 1234 adversus

223 1247 356 1283 Spiritum
380 1253 506 1276 sanctum
533 1249 709 1286 proferebant
732 1251 931 1286 blasphemiam
954 1253 1011 1279 sive

222 1295 352 1322 adversus
369 1294 474 1322 Christi
497 1285 756 1328 divinitatem,icum
779 1285 878 1332 nempe
897 1298 954 1325 haec
968 1298 1012 1326 di-

222 1345 317 1368 cerent
338 1351 369 1368 ει
394 1340 423 1368 In
439 1341 583 1369 Beclzebul
607 1343 730 1378 principe
757 1344 910 1372 daemonum
935 1346 1010 1380 ejicit

225 1388 360 1415 daemonia
369 1389 391 1404 ²⁷
405 1396 411 1414 :
426 1398 435 1414 ι
458 1389 501 1417 his
516 1390 572 1416 ait:
588 1399 597 1415 ι
619 1389 679 1417 Νοιι
696 1391 850 1418 remittetur
869 1400 957 1427 neque
982 1393 1009 1420 in

224 1433 356 1469 praesenti
379 1435 479 1461 saeculo
496 1443 584 1469 neque
608 1435 636 1462 in
666 1435 768 1463 futuro.
789 1446 798 1462 ι
816 1436 1010 1465 Verumtamen

222 1479 424 1507 observandum
440 1484 482 1508 est
498 1480 637 1509 Christum
655 1489 710 1509 non
736 1482 850 1516 dixisse,
868 1485 914 1518 qui
937 1485 1009 1512 blas-

223 1525 345 1559 phemias
363 1527 517 1561 protulerit,
543 1531 570 1554 et
584 1528 669 1563 egerit
682 1528 883 1563 penitentiam,
899 1530 938 1557 illi
953 1538 1008 1557 non

228 1571 393 1603 remittetur,
415 1572 462 1599 sed
479 1573 526 1608 qui
539 1573 725 1609 hlasphemias
752 1575 868 1610 profert,
888 1576 945 1603 sive
962 1577 1009 1612 qui

225 1617 254 1643 in
269 1617 449 1652 blasphemiis
465 1624 631 1654 perseverat.
648 1619 759 1648 Nullum
788 1622 861 1649 enim
885 1627 928 1650 est
947 1631 1010 1658 pec-

221 1666 312 1689 eatum
327 1663 399 1697 quod
415 1670 469 1690 non
485 1664 622 1691 condonet
635 1664 707 1693 Deus
723 1666 759 1694 iis
776 1666 824 1701 qui
835 1667 971 1694 sinceram
981 1671 1009 1695 et

221 1707 330 1744 dignam
348 1713 433 1744 agunt
446 1710 646 1744 pmnitentiam.

257 1837 367 1872 Qumsr.
386 1838 502 1867 LXXI".
518 1840 588 1873 Quid
615 1841 696 1875 ergo?
707 1840 857 1868 Veniamne
872 1841 1008 1876 poeniten-

221 1884 258 1912 tia
275 1886 298 1912 is
312 1886 490 1921 consequitur
502 1887 548 1922 qui
565 1887 705 1914 Christum
728 1894 818 1922 negat.
836 1893 862 1915 et
881 1889 1008 1924 blasphe-

221 1931 303 1957 miam
319 1931 345 1958 in
359 1931 490 1966 Spiritum
510 1936 634 1959 sanctum
651 1932 778 1967 profert?

258 1976 340 2002 ltesr.
357 1975 421 2002 Tria
443 1976 618 2010 baptismata,
636 1985 695 2012 qua
718 1977 835 2012 quodvis
862 1982 1006 2013 peccatum

220 2021 332 2055 expiare
345 2021 461 2055 possint,
477 2021 548 2048 Deus
567 2027 670 2048 naturae
685 2022 826 2049 hominum
843 2023 983 2050 concessit
998 2032 1004 2049 :

221 2074 318 2102 nempe
333 2074 420 2102 aquae,
437 2068 540 2102 proprii
552 2068 695 2103 sanguinis
713 2076 760 2104 per
786 2069 960 2104 martyrium,
978 2073 1006 2096 et

221 2114 331 2141 tertium
357 2122 405 2149 per
423 2114 568 2149 lacrymas,
591 2122 639 2148 per
657 2114 730 2149 quod
757 2120 872 2149 purgata
888 2119 930 2143 est
949 2123 1007 2143 me-

221 2160 306 2186 retrix
316 2159 349 2185 ’⁸.
373 2158 433 2193 Ipse
455 2159 518 2186 item
537 2164 696 2186 sanctorum
717 2160 904 2193 apostolorum
929 2168 1007 2196 cory-

221 2204 313 2238 phmus
329 2203 428 2231 Petrus
461 2203 529 2231 fusis
545 2209 607 2239 post
623 2205 795 2240 negationem
813 2205 941 2240 lacrymis
955 2214 1004 2233 ac-

219 2254 315 2284 ceptus
331 2253 373 2277 est
389 2253 416 2277 et
432 2254 566 2277 servatus.
585 2249 664 2283 Quod
680 2251 703 2278 si
720 2251 822 2279 Christi
838 2252 946 2286 negatio
961 2260 1005 2279 re-

217 2296 346 2328 mittitur,
361 2303 416 2323 non
433 2300 524 2323 autem
540 2297 660 2332 Spiritus
675 2299 762 2326 sancti
782 2299 901 2334 negatio,
913 2300 1004 2333 sequi-

219 2346 264 2369 tur
279 2345 308 2369 ut
323 2341 409 2370 Filius
421 2343 534 2370 inferior
545 2344 581 2372 sit
594 2343 698 2379 Spiritu
714 2349 821 2373 sancto.
834 2346 904 2373 Audi
920 2353 1003 2381 porro

218 2387 367 2424 Scriptura:
377 2389 576 2423 testimonium,
594 2398 645 2418 nec
671 2391 783 2419 credere
809 2392 919 2420 dubites
940 2393 1004 2420 nul—

218 2434 273 2462 lum
290 2434 408 2469 quodvis
424 2440 566 2470 peccatum
584 2443 655 2468 esse,
669 2437 741 2470 quod
761 2436 807 2465 Dei
828 2438 1002 2465 clementiam

216 2480 316 2507 vincat.
328 2480 410 2516 234
429 2480 475 2508 Sic
491 2481 573 2516 igitur
589 2481 660 2509 Deus
679 2483 801 2517 loquitur
817 2491 866 2518 per
877 2482 1004 2512 Ezechie-

217 2527 268 2554 lem
289 2528 449 2562 prophetam
471 2537 478 2555 :
500 2537 509 2553 ι
535 2527 604 2555 Vivo
631 2536 694 2564 ego,
720 2529 785 2556 dicit
812 2529 954 2563 Dominus,
979 2531 1003 2559 si

216 2573 278 2608 quis
292 2573 373 2600 homo
385 2573 477 2601 omnia
487 2572 582 2601 fecerit
603 2578 727 2608 peccata,
744 2574 889 2610 ipsumque
913 2576 940 2603 in
953 2576 1001 2611 ju-

251 2650 274 2666 “
291 2650 370 2679 Joan.
387 2659 414 2684 ι,
432 2651 475 2678 14.
513 2652 536 2668 ’⁸
555 2651 634 2680 Joan.
650 2660 687 2685 iv,
703 2652 749 2681 24.
788 2654 810 2670 ’⁸
829 2652 907 2682 Joan.
924 2662 992 2687 xui,
1008 2655 1052 2683 51.

252 2728 308 2767 (ἓξ)
321 2728 363 2767 ita
386 2730 447 2767 duo
462 2729 643 2767 RegiiLEditi
672 2739 748 2764 vero,
773 2733 996 2767 προσπίπτοντες.

216 2762 275 2801 Mli}
285 2764 385 2801 iidem,
393 2800 396 2801 ν
405 2762 539 2801 ἐνόμιζον.
556 2765 638 2798 Editi,
658 2762 821 2801 νομίζοντεξ.

249 2798 306 2834 (ει)
322 2800 359 2827 Ita
381 2798 462 2828 iideni
484 2800 560 2837 Regii
572 2801 589 2827 2
607 2807 633 2829 et
647 2802 672 2829 5.
690 2798 813 2831 Ιιιόιιίιὶε
829 2805 895 2839 hmc,
916 2806 1000 2841 ἦγε-ιν

1062 883 1173 910 ἔδωκεν.
1196 883 1279 919 Ἀρχὴ
1296 882 1351 919 γὰρ
1372 881 1406 918 ἦν
1420 883 1467 909 τοῦ
1496 883 1687 918 κηρύγματος,
1709 883 1756 909 καὶ
1776 882 1842 908 οὖπω

1065 926 1163 962 ἐχώρει
1179 928 1193 953 6
1218 927 1318 962 κόσμος
1335 926 1400 953 Θεὸν
1418 927 1556 954 πιστεύειν
1572 928 1735 962 φαινόμενον
1749 927 1842 962 ἅνθρω-

1063 981 1122 999 πον.
1139 972 1184 999 Διὸ
1200 973 1245 999 καί
1260 981 1341 1008 φησιν
1355 974 1369 999 ὁ
1382 970 1510 1008 Χριστὸςζ
1527 974 1567 1000 ὅτι
1583 974 1631 1004 Ὃς
1643 973 1666 1000 δ’
1681 973 1714 1000 ἂν
1728 973 1789 1008 εἴπῃ
1805 973 1841 998 λό-

1061 1028 1109 1053 γον
1121 1019 1191 1046 κατὸι
1207 1018 1253 1045 τοῦ
1266 1019 1330 1045 Υἱοῦ
1339 1020 1385 1045 τοῦ
1394 1019 1550 1054 ἀνθρώπου,
1560 1020 1644 1055 ἤγουν
1655 1019 1703 1046 τοῦ
1717 1019 1840 1055 σώματος,

1061 1064 1227 1100 ἀφεθήσεται
1242 1064 1316 1100 αὐτῷ
1333 1065 1400 1100 (24).
1416 1064 1513 1100 Τολμῶ
1534 1065 1588 1100 γὰρ
1613 1065 1715 1100 λέγειν,
1734 1066 1773 1092 ὅτι
1791 1066 1841 1091 οὐδὲ

1061 1112 1138 1139 αὐτοὶ
1149 1113 1173 1138 οἱ
1188 1112 1317 1148 μακάριοι
1334 1111 1415 1138 αὐτοῦ
1430 1111 1550 1147 μαθηταὶ
1562 1112 1592 1138 τὸ
1604 1112 1708 1139 τέλειον
1722 1112 1782 1148 περὶ
1798 1112 1840 1146 τῆς

1061 1157 1142 1184 αὑτοῦ
1158 1158 1282 1193 θεότητος
1297 1158 1368 1194 εἶχον
1392 1159 1528 1194 φρόνημα,
1555 1159 1607 1189 ἕως
1632 1160 1662 1186 τὸ
1688 1160 1794 1194 Πνεῦμα
1815 1167 1840 1184 το

1062 1203 1137 1236 ἅγιον
1153 1203 1244 1234 αὺτοῖς
1260 1205 1293 1238 τῇ
1312 1204 1485 1239 Πεντηκοστῇ
1502 1203 1694 1239 ὲπεφοίτησεν.
1714 1205 1786 1231 Ἐπεὶ
1801 1204 1839 1229 καὶ

1063 1248 1131 1283 μετὰ
1143 1248 1191 1283 τὴν
1205 1249 1352 1276 ἀνάστασιν
1365 1250 1389 1275 οἱ
1406 1249 1454 1284 μὲν
1470 1249 1567 1282 ἰδόντες
1583 1250 1666 1277 αὑτὸν
1685 1249 1839 1286 προσεκύνη-

1062 1301 1121 1326 σαν,
1136 1294 1160 1319 οἱ
1172 1293 1200 1319 δὲ
1212 1294 1363 1326 ἐδίστασαν,
1382 1295 1438 1322 ἀλλ’
1453 1295 1504 1322 οὐκ
1519 1297 1550 1322 ὲκ
1567 1295 1664 1322 τούτου
1688 1295 1839 1330 κατεκρίθη-

1062 1347 1111 1365 σαν
1121 1347 1128 1353 '
1147 1340 1170 1365 οῐ
1185 1339 1212 1365 δὲ
1228 1340 1268 1371 είς
1280 1339 1310 1366 τὸ
1320 1339 1433 1375 Πνεῦμα
1446 1341 1476 1366 τὸ
1490 1340 1576 1374 ἆγιον,
1590 1341 1675 1376 ἤγουν
1688 1342 1728 1373 είς
1741 1341 1787 1375 τὴν
1796 1338 1837 1366 τοῦ

1060 1384 1179 1419 Χριστοῦ
1205 1385 1330 1420 Θεότητα,
1351 1385 1574 1421 βλασφημοῦντες
1591 1387 1640 1413 καὶ
1661 1386 1789 1420 λέγοντες,
1804 1386 1837 1412 ὅτι

1063 1439 1073 1455 ι
1096 1431 1139 1457 Ἐν
1149 1431 1311 1463 Βεελξεῧοὺ).
1327 1431 1366 1467 τῷ
1377 1432 1487 1468 ἄρχοντι
1499 1433 1554 1458 τῶν
1572 1432 1706 1468 δαιμόνων
1726 1431 1837 1458 ἐκϐάλλει

1060 1475 1095 1502 τὰ
1115 1476 1251 1511 δαιμόνια,
1270 1486 1279 1502 ι
1302 1477 1418 1511 τούτοις,
1451 1478 1544 1513 φησιν,
1565 1487 1574 1503 ι
1599 1479 1658 1505 Οὐκ
1686 1478 1836 1513 ἀφεθήσεται

1023 1521 1045 1551 C
1061 1522 1121 1547 οὐδὲ
1136 1524 1165 1548 ὲν
1182 1523 1220 1557 τῷ
1234 1522 1282 1549 νῦν
1298 1523 1376 1550 αἰῶνι
1401 1523 1461 1550 οὐδὲ
1481 1524 1509 1550 ἐν
1524 1524 1563 1559 τῷ
1582 1525 1714 1559 μέλλοντι.
1742 1532 1751 1549 ι
1773 1521 1836 1556 Πλὴν

1062 1568 1266 1603 σημειώσασθαι
1283 1568 1346 1604 χρὴ,
1361 1569 1401 1595 ὅτι
1418 1569 1467 1596 οὐκ
1482 1567 1558 1596 εἶπεν
1578 1571 1591 1596 ὁ
1603 1570 1721 1606 Χριστὸς
1739 1569 1790 1604 (25)
1803 1567 1836 1602 τῷ

1062 1614 1285 1649 βλασφημήσαντι
1305 1615 1352 1642 καὶ
1366 1616 1579 1651 μετανοήσαντι,
1594 1617 1645 1643 οὐκ
1665 1615 1828 1651 ἀφεθήσεται,

1060 1659 1128 1686 ἀλλὰ
1142 1660 1181 1695 τῷ
1198 1660 1414 1695 βλασφημοῦντι,
1431 1662 1513 1697 ἤγουν
1530 1661 1568 1697 τῷ
1585 1663 1614 1688 ὲν
1633 1664 1666 1698 τῆ
1691 1659 1834 1697 βλασφημίᾳ

1059 1706 1224 1740 ἐπιμένοντα..
1249 1707 1412 1742 Ἐπειδήπερ
1427 1707 1477 1734 οὐκ
1502 1707 1576 1735 ἔστιν
1592 1708 1712 1744 ἁμαρτία
1724 1705 1834 1740 ἀσυγχώ-

1061 1760 1140 1787 ρητος
1161 1752 1237 1787 παρὰ
1252 1751 1311 1779 Θεῶ
1324 1752 1353 1779 ἐν
1368 1753 1424 1784 τοῖς
1441 1753 1521 1785 ὁσίως
1534 1754 1580 1780 καὶ
1599 1755 1659 1788 κατξ
1674 1754 1749 1787 ἀξίαν
1763 1759 1833 1788 μετα-

1059 1799 1175 1826 νοοῦσιν.

1099 1845 1248 1880 Ἐρώτησις
1266 1845 1312 1880 ογ’.
1328 1845 1359 1872 Τί
1379 1842 1443 1878 οὗν;
1461 1845 1516 1881 ἕχει
1527 1846 1625 1880 ἄφεσιν
1637 1846 1680 1873 διὰ
1696 1843 1826 1880 μετανοίας

1058 1891 1072 1917 6
1085 1891 1130 1918 τὸν
1145 1892 1263 1927 Χριστὸν
1290 1891 1466 1928 ἀρνούμενος,
1489 1892 1535 1919 καὶ
1565 1891 1732 1927 βλασφημῶν
1753 1891 1788 1920 είς
1806 1887 1831 1912 τδ

1058 1936 1172 1972 Πνεῦμα
1183 1938 1213 1964 τὸ
1233 1938 1327 1972 ἆγιον;

1100 1983 1268 2018 Ἀπόκρισις.
1285 1984 1354 2019 Τρία
1378 1983 1556 2020 βαπτίσματα
1578 1981 1732 2020 καθαρτικὰ
1753 1979 1830 2011 πάσης

1057 2027 1116 2058 οἵας
1129 2028 1229 2063 δήποτε
1242 2029 1378 2064 ἁμαρτίας
1388 2030 1474 2062 ὁΘεὺς
1487 2031 1519 2065 τῇ
1537 2030 1617 2064 φύσει
1633 2029 1686 2056 τῶν
1697 2025 1828 2061 ἀνθρώπων

1058 2074 1212 2109 ἐδωρήσατο
1221 2083 1227 2088 ·
1241 2075 1347 2109 λέγωδὲ
1361 2077 1391 2102 τὸ
1404 2076 1511 2109 ὓδατος,
1526 2078 1572 2103 καὶ
1583 2077 1663 2103 πάλιν
1680 2076 1708 2102 τὺ
1719 2074 1759 2100 διὰ
1771 2079 1829 2107 μαρ-

1057 2120 1151 2155 τυρίου
1169 2120 1225 2155 (9.6)
1242 2121 1288 2147 τοῦ
1307 2121 1370 2147 ἰδίου
1385 2122 1510 2156 αἳματος,
1527 2123 1574 2149 καὶ
1589 2122 1680 2158 τρίτον
1696 2120 1725 2147 τὸ
1741 2118 1779 2144 διὰ
1790 2116 1827 2141 δα-

1058 2165 1160 2200 κρύων,
1176 2167 1215 2197 είς
1229 2166 1295 2202 ὅπερ
1312 2167 1356 2194 καὶ
1371 2168 1388 2202 ἡ
1406 2168 1492 2203 πόρνη
1515 2168 1692 2204 ἐκαθαρίσθη.
1718 2164 1782 2198 Πλὴν
1804 2160 1827 2186 δὲ

1059 2212 1106 2238 καὶ
1118 2212 1198 2243 αὐτὸς
1214 2213 1228 2238 ὁ
1238 2214 1384 2248 κορυφαῖος
1398 2213 1452 2239 τῶν
1467 2213 1552 2247 ἁγίων
1569 2212 1721 2249 ἀποστόλων
1739 2208 1826 2241 Πέτρθς

1060 2257 1128 2292 μετὰ
1139 2257 1187 2292 τὴν
1199 2257 1323 2293 ἄρνησιν,
1344 2258 1464 2290 κλαύσας
1484 2259 1652 2295 προσεδὲχθη
1671 2258 1715 2284 καὶ
1738 2252 1823 2285 ἐσώθηε

1065 2302 1126 2330 Ἐὰν
1137 2303 1166 2330 δὲ
1184 2303 1201 2338 ἡ
1225 2303 1272 2329 τοῦ
1296 2304 1414 2338 Χριστοῦ
1432 2305 1548 2340 ἄρνησις
1559 2305 1616 2341 ἕχει
1630 2303 1797 2339 συγχώρησιντ
1810 2297 1824 2330 ἡ

1056 2348 1085 2374 δὲ
1097 2347 1143 2374 τοῦ
1158 2348 1235 2382 ἁγίου
1248 2349 1405 2385 Πνεύματος
1420 2350 1469 2377 οὐκ
1484 2351 1556 2386 ἔχει·
1579 2351 1728 2387 εὑρίσκεται
1746 2342 1824 2372 λοιπὸν

1055 2394 1070 2420 6
1093 2394 1156 2426 Υἱὸς
1171 2394 1290 2422 ἐλάττων
1312 2395 1359 2422 τοῦ
1383 2396 1460 2430 ἁγίου
1485 2397 1650 2433 Πνεύματος.
1666 2395 1787 2422 ’Ἄκουσον
1799 2387 1823 2413 δὲ

1056 2440 1103 2467 καὶ
1116 2441 1254 2476 γραφικῆς
1270 2441 1433 2477 μαρτυρίας,
1451 2443 1497 2469 καὶ
1518 2443 1642 2478 πείσθητι
1659 2441 1694 2476 μὴ
1707 2433 1822 2467 εἶναιτὴν

1055 2486 1115 2513 οἵαν
1129 2487 1229 2523 δήποτε
1247 2488 1387 2523 ἁμαρτίαν
1403 2488 1522 2516 νικῶσαν
1539 2488 1588 2524 τὴν
1599 2487 1645 2515 τοῦ
1664 2484 1727 2512 Θεοῦ
1742 2480 1822 2516 φαῖν’

1056 2530 1189 2567 θρωπίαν.
1201 2532 1282 2567 Λέγει
1297 2531 1343 2560 οὖν
1359 2533 1373 2559 ὁ
1398 2533 1464 2565 Θεὸς
1485 2534 1529 2560 διὰ
1543 2534 1590 2560 τοῦ
1605 2532 1737 2569 προφήτου
1753 2524 1819 2555 Ἰεζε-

1056 2577 1119 2613 κιὴλ
1129 2577 1233 2610 οὕτως·
1254 2587 1264 2603 ι
1280 2578 1323 2605 Ζῶ
1337 2579 1403 2613 ἐγὼ,
1427 2579 1501 2614 λέγει
1527 2579 1638 2616 Κύριος,
1659 2577 1708 2608 ὅτι,
1728 2572 1770 2599 ὲάν
1786 2573 1820 2597 τις

1094 2656 1117 2672 ³⁷
1136 2655 1232 2683 Matth.
1248 2665 1306 2687 ιιι,
1320 2655 1367 2684 24.
1407 2657 1430 2672 ’⁸
1449 2656 1517 2686 Luc.
1534 2666 1588 2690 vn,
1603 2657 1646 2684 57.

1051 2733 1098 2760 τοῦ
1113 2733 1238 2769 σώματος
1254 2734 1335 2761 αὑτοῦ
1349 2734 1460 2762 desunt.

1089 2770 1144 2803 (‘25)
1165 2771 1202 2796 lla
1218 2770 1273 2797 duo
1292 2769 1378 2803 Regii.
1400 2770 1471 2797 Editi
1488 2779 1565 2803 vero,
1578 2772 1591 2798 6
1606 2768 1677 2799 Θεός.

1089 2805 1144 2840 (26)
1158 2804 1226 2840 Reg.
1243 2806 1270 2839 5,
1288 2806 1450 2842 μαρτυρίου.
1465 2806 1546 2839 Editi,
1562 2803 1716 2843 μαρτυρίας.
