1924 3059
91 85 147 114 645

585 89 815 122 ρυίεδτιοκεε
830 90 877 117 AD
896 90 1095 118 ANTIOCIIUM
1114 89 1239 117 DUCEM.

1664 90 1712 118 646

91 145 196 182 ποιήσῃ
213 145 356 181 ἄνθρωπος
368 147 458 179 πάσας
470 146 519 180 τὰς
531 148 678 184 ἁμαρτίας,
700 149 746 176 καὶ
759 148 831 184 εὕρω
856 149 879 176 δὲ

939 149 1010 176 stitia
1038 149 1200 180 invenerim,
1220 156 1274 175 non
1301 140 1468 176 recordabar
1481 147 1601 175 omnium
1617 147 1712 183 iniqui-

90 191 175 219 αὐτὸν
193 193 222 218 ὲν
238 192 406 229 δικαιοσύνῃ,
417 193 447 219 οὺ
460 193 496 229 μὴ
513 194 624 229 μνησθὼ
638 194 732 220 πασῶν
748 195 802 220 τῶν
823 195 881 221 ἀνο-

92 237 165 271 μιῶν
181 237 275 265 αὑτοῦ.
292 247 301 263 ι
321 247 330 263 ι
343 238 424 274 Εύρω
441 249 450 264 ι
471 239 499 265 δὲ
514 239 605 279 αὐτὸν,
622 239 700 275 δῆλον
714 240 755 265 ὅτι
774 241 806 274 τῇ
821 239 881 275 ι’ἔιρᾳ

91 282 139 308 τοῦ
155 283 269 309 θανάτου
281 283 374 310 αὑτοῦ.
392 284 436 310 Ait
448 284 502 320 γὰρ
528 284 636 316 εἰδέναι,
658 285 698 311 ὅτι
717 285 818 320 ὁμοίως
833 285 879 311 τοῦ

93 327 280 362 βαπτίσματος
296 328 377 363 ὴτῶν
389 328 515 364 δακρύων
532 328 606 363 πηγὴ
621 327 760 364 καθαρίζει
776 328 821 355 τὸν
835 328 880 354 ἇν-

92 373 202 409 Θρωπον
214 382 220 388 ·
237 373 330 410 διόπερ
346 373 447 406 πολλοὶ,
463 373 506 400 διὰ
521 373 698 409 πταισμάτων
717 373 880 408 μολύναντες

90 419 122 445 τὸ
136 419 213 453 ἅγιον
226 419 283 455 (27)
300 419 451 454 βάπτισμα,
470 420 513 446 διὰ
523 419 646 455 δακρύων
662 420 879 456 ἐκαθαρίσθησαν

91 467 139 494 καὶ
155 467 252 493 δίκαιοι
268 466 475 502 ἀπεδείχθησαν.

135 513 231 549 Ἑρώτ.
249 512 294 539 οδ’.
309 512 377 539 Ποία
390 512 514 547 ἁμαρτία
524 513 595 539 ποιεῖ
606 512 655 548 τὴν
665 512 819 549 προσευχὴν
832 513 878 540 τοῦ

90 559 235 595 ἀνθρώπου
247 559 430 595 ἀπρόσδεκτον
447 558 523 594 παρὰ
538 558 615 593 Θεῷ;

134 605 228 632 Ἀπόκ.
249 605 280 631 Ἡ
308 603 484 640 μνησικακία,
511 604 582 631 κατὰ
602 604 648 630 τὸν
668 604 745 639 λόγον
762 605 809 632 τοῦ
826 605 880 631 Κυ-

93 651 152 688 ρίου
165 651 212 678 τὸν
228 651 356 684 λέγοντα·
376 660 384 675 ι
405 651 465 677 ’Ὁτι
485 650 533 676 ἐὰν
560 651 716 687 πῳσψέρῃς
741 651 771 677 τὸ
792 651 879 686 δῶρόν

93 706 140 724 σου
155 697 202 723 ἐπὶ
214 697 244 723 τὸ
259 697 457 732 Θυσιαστήριον,
474 697 553 722 κάκεῖ
571 696 693 732 μνησθῇς
719 697 759 723 ὅτι
772 698 786 724 ὁ
801 697 878 724 ἀδελ-

92 744 141 779 φός
154 753 201 770 σου
214 743 269 778 ἔχει
299 752 324 769 τι
345 743 414 770 κατὰ
432 742 490 773 σοῦ,
507 742 575 778 ἄφες
595 744 652 769 ἐκεῖ
674 743 704 770 τὸ
724 743 808 778 δῶρόν
831 751 877 770 σου

91 788 245 825 ἔμπροσθεν
260 787 307 815 τοῦ
331 788 534 829 Θυσιαστηρίου,
566 789 612 816 καὶ
639 789 743 823 ὕπαγε·
770 789 876 825 πρῶτον

90 823 251 869 διαλλάγηθι
267 835 305 870 τῷ
319 825 427 870 ἀδελφῷ
442 843 499 866 σου,
516 835 564 861 καὶ
576 835 635 861 τότε
647 834 731 861 ἐλθὼν
740 823 876 870 πρόσφερε
892 823 914 850 Β

91 881 121 907 τὸ
137 880 221 916 δῶρόν
238 889 283 907 σου
296 889 302 895 ·
327 890 335 906 ι
349 881 386 912 ὡς
402 881 452 915 τῆς
469 880 652 916 μνησικακίας
664 880 743 916 δῆλον
757 881 798 907 δτι
815 890 877 907 ποι-

90 927 120 954 ού
126 936 174 962 σης
185 927 366 963 ἀπρόσδεκτον
377 927 406 953 τὸ
416 927 500 963 δῶρον
511 927 561 962 τῆς
573 927 735 963 προσευχῆς.

133 973 229 1009 Ἐρώτ.
244 977 289 1000 σε’.
306 973 375 1000 Ποία
398 974 518 1018 ἁιιαρτία
532 973 561 999 οὺ
577 972 687 999 δύναται
714 972 878 1007 μετανοῆσαι

91 1018 130 1054 τῷ
142 1018 219 1054 Θεῴι

134 1065 228 1091 Ἀπόκ.
243 1064 338 1099 Δῆλον,
349 1064 390 1090 ὅτι
409 1064 425 1100 ἡ
444 1063 607 1098 ἀπόγνωσις,
625 1064 669 1098 ὑφ’
685 1061 720 1100 ἧς
732 1064 878 1100 κρατηθεὶς

99 1110 198 1142 Ἰούδας
215 1111 368 1145 ἀπήγξατο.

133 1156 230 1192 Ὲρώτ.
251 1156 304 1188 ος’.
320 1156 386 1182 Ποία
399 1155 521 1192 ἁμαρτία
542 1156 600 1182 ἐστὶ
614 1156 751 1193 βαρυτέρα
771 1156 877 1183 πάντων

91 1203 147 1230 τῶν
163 1202 342 1237 πταισμάτων
353 1210 360 1234 ;

136 1249 229 1275 Ἇπόκ.
248 1249 321 1281 Ἐὰν,
336 1249 374 1280 ὥς
389 1257 470 1284 φησιν
480 1249 494 1275 ὁ
515 1247 686 1280 Ἀπόστολος,
705 1248 796 1284 μεῖζον
812 1248 879 1275 πάν-

93 1304 146 1322 των
156 1295 210 1321 τῶν
225 1294 333 1329 ἀγαθῶν
349 1295 365 1330 ἠ
381 1294 486 1329 ἀγάπη,
501 1294 642 1330 πρόδηλον,
654 1295 695 1321 ὅτι
708 1295 798 1330 μεῖζον
811 1295 879 1321 πάν-

92 1349 146 1367 των
160 1341 214 1367 τῶν
224 1341 317 1367 κακῶν
332 1341 348 1376 ὴ
362 1339 532 1376 μισαδελφία,
546 1340 593 1366 καὶ
605 1340 622 1375 ἡ
634 1340 815 1375 ὰσπλαγχνία,
831 1339 879 1366 καὶ

92 1387 109 1421 ἡ
124 1385 335 1420 ὰνελεημοσύνη.

133 1430 230 1466 Ἐρὼτ.
242 1431 290 1463 ρξ’.
304 1431 372 1458 Ποία
386 1431 440 1457 τῶν
450 1430 564 1458 ἐντολῶν
580 1432 716 1467 συγχωρεῖ
725 1431 763 1466 τῷ
776 1431 879 1468 ἀνθρώ-

93 1487 136 1513 πῳ
152 1477 242 1508 πάσας
258 1477 307 1509 τὰς
322 1477 473 1513 ἁμαρτίας;

134 1523 228 1551 ’Δπόκ.
245 1522 298 1549 Τοῦ
313 1523 415 1558 Κυρίου
431 1523 554 1557 λέγοντος
566 1531 573 1538 '
593 1532 603 1548 ι
625 1522 671 1558 Μὴ
694 1522 810 1558 κρίνετε,
833 1523 880 1549 καὶ

92 1567 122 1594 οὐ
142 1568 179 1603 μὴ
190 1567 315 1603 κριθῆτε·
337 1577 346 1593 ι
362 1567 409 1594 καὶ
428 1568 524 1594 πάλιν·
543 1576 552 1592 ι
570 1567 655 1601 Ἄφες
680 1568 755 1602 ἡμῖν,
774 1568 812 1599 ὡς
833 1567 880 1594 καὶ

93 1615 173 1649 ἡμεῖς
198 1613 313 1648 ἀφίεμεν
335 1614 390 1645 τοῖς
409 1613 561 1648 ὀφειλέταις
579 1613 672 1648 ἡμῶν·
699 1622 708 1638 ι
737 1613 878 1648 πρόδηλον,

93 1661 133 1686 ὅτι
156 1660 203 1686 καὶ
224 1660 255 1685 τὸ
283 1659 319 1695 μὴ
342 1659 444 1694 κρίνειν
462 1659 508 1686 τὸν
532 1659 644 1694 πλησίον
670 1660 806 1694 συγχωρεῖ
830 1658 879 1690 τὰς

93 1707 247 1743 ἁμαρτίας·
279 1706 408 1738 ὡσαύτως
432 1706 479 1732 καὶ
501 1705 531 1731 τὸ
554 1705 591 1741 μὴ
613 1705 814 1740 μνησικακῆσαι
832 1706 879 1732 αν-

93 1751 204 1788 θρώπῳ.
224 1751 347 1786 (Ἄφετε
374 1760 383 1776 ι
410 1750 475 1786 γὰρ,
500 1750 577 1785 φησὶ,
601 1759 611 1775 ι
640 1750 688 1776 καὶ
712 1750 878 1786 ἀφεθήσεται

95 1806 170 1833 υμιν.
194 1806 203 1823 ι

134 1895 230 1932 Ἐρώτ.
249 1895 299 1932 o'q’.
320 1895 383 1922 Ἐάν
390 1905 431 1928 τις
443 1895 541 1932 ποιήσῃ
556 1895 704 1932 βαρύτατον
717 1895 877 1932 ἁμάρτημα,

93 1943 141 1970 καὶ
155 1942 317 1978 μετανοήσῃ,
335 1942 415 1968 πόθεν
436 1943 538 1978 ὀφείλει
552 1943 649 1978 μαθεῖν
664 1943 687 1968 εί
700 1943 878 1978 συνεχωρήθη

94 1989 169 2025 αὐτῷ
184 1989 238 2015 ἀπὸ
253 1989 300 2015 τοῦ
317 1989 394 2021 Θεοῦ,
410 1989 426 2024 ἢ
440 1989 488 2020 ob;

135 2035 230 2061 Ἀπόκ.
252 2034 336 2061 Τοῦτο
353 2035 402 2070 μὲν
419 2035 518 2068 ὀλίγοις
530 2035 585 2061 τῶν
601 2034 752 2071 ἀνθρώπων
766 2035 812 2062 ἐπὶ
828 2036 880 2070 γῆς

94 2081 243 2116 κατάδηλον
256 2081 369 2114 γίνεται.
380 2081 473 2116 ’Ὅμως
492 2080 585 2116 ὥσπερ
604 2080 738 2116 δεσπότης
752 2081 799 2107 καὶ
822 2081 881 2107 δοῦ-

93 2129 149 2160 λος,
163 2127 249 2158 οὕτως
264 2127 380 2163 ὑπάρχει
391 2127 421 2153 τὸ
436 2127 553 2158 συνειδὸς
569 2127 615 2153 τοῦ
635 2126 777 2163 ἀνθρώπου
795 2127 842 2153 καὶ
865 2127 879 2153 ὁ

94 2175 171 2206 θεός.
190 2175 294 2209 Ὥσπερ
308 2172 353 2200 οὖν
364 2173 378 2199 ὁ
394 2173 485 2204 δοῦλος
497 2173 511 2198 ὁ
528 2173 643 2204 πταίσας
659 2172 833 2206 ἐπιγινώσκει
849 2174 880 2199 ἐκ

93 2221 148 2248 τῶν
162 2220 308 2256 σχημάτων
324 2219 372 2246 καὶ
395 2219 449 2245 τῶν
464 2219 592 2255 ῥημάτων
613 2219 658 2245 τοῦ
679 2218 806 2245 δεσπότου
832 2219 881 2245 αὐ-

93 2268 153 2299 τοῦ,
163 2268 205 2293 δτι
221 2267 270 2293 οὑκ
283 2266 340 2292 ἔστι
357 2266 424 2301 πρὸς
436 2265 516 2291 αὐτὸν
531 2265 657 2300 εὐμενὴς,
675 2265 712 2296 ὡς
724 2263 757 2300 ἦν
772 2264 824 2299 πρὸ
833 2264 880 2291 τοῦ

95 2314 267 2349 πταίσματος
276 2322 282 2328 ·
299 2312 370 2339 οὕτω
381 2312 450 2339 καὶὸ
466 2311 607 2347 ἅνθρωπος
621 2311 784 2346 ἁμαρτάνων
798 2310 881 2337 ἀπολ-

95 2362 153 2387 λύει
168 2360 217 2395 τὴν
232 2359 398 2395 παρρησίαν,
419 2358 452 2393 ἣν
467 2356 523 2393 εἶχε
537 2358 568 2384 τὺ
582 2358 699 2389 συνειδὸς
713 2357 794 2384 αὐτοῦ
813 2357 881 2393 πρδς

95 2409 142 2434 τὸν
155 2407 222 2433 Θεὸν
240 2408 268 2433 ἐν
289 2407 322 2441 τῇ
341 2406 406 2441 εὐχῇ
426 2404 518 2432 αὑτοῦ.
540 2404 742 2435 Μετανοοῦντος
769 2401 815 2430 οὖν
833 2403 881 2430 τοῦ

95 2452 240 2489 ἀνθρώπου
252 2453 312 2479 κατ’
326 2451 413 2484 ἀξίαν,
435 2451 515 2478 πάλιν
528 2451 667 2486 χαρίζεται
689 2449 762 2485 αὑτῷ
782 2451 796 2476 ὁ
817 2449 884 2481 Θεὸς

95 2500 145 2535 τὴν
160 2499 326 2534 παρρησίαν,
344 2498 378 2533 ἣν
402 2495 457 2532 εἶχε
476 2497 544 2532 πρὸς
561 2497 641 2523 αὑτὸν
663 2496 715 2533 πρὸ
737 2495 784 2522 τοῦ
802 2496 883 2522 πταί-

97 2552 216 2580 σματος·
239 2545 287 2572 καὶ
302 2544 425 2570 ἐντεῦθεν
446 2544 473 2570 δὲ
491 2543 621 2577 γινώσκει
640 2543 655 2569 ὸ
671 2542 825 2574 ἄνθρωπος,
841 2543 883 2569 ὃτι

98 2590 287 2626 συνεχώρησεν
302 2590 376 2626 αὐτῷ
387 2591 401 2617 ὁ
411 2590 476 2622 Θεὸς
490 2589 520 2616 τὸ
531 2589 640 2625 ἀμάρτη
645 2597 693 2624 μα.

933 198 1017 220 latum
1047 194 1147 228 ejus".
1170 204 1179 219 ι
1205 193 1291 220 Porro
1314 194 1387 229 quod
1419 194 1467 226 ait,
1488 202 1498 220 ι
1522 193 1681 225 invenerim,
1703 203 1712 220 ι

931 240 1033 266 clarum
1045 241 1132 267 estde
1147 240 1214 266 liora
1235 240 1332 267 inertis
1345 240 1405 274 ejus
1427 240 1454 267 id
1477 239 1601 274 intelligi.
1621 238 1708 266 Scien-

930 285 994 311 dum
1009 285 1081 312 enim
1107 290 1149 312 est
1174 285 1247 313 fonte
1277 286 1472 320 lacrymarum,
1488 285 1601 319 perinde
1621 291 1653 311 ac
1668 284 1708 311 ba-

930 331 1039 365 ptismo,
1057 332 1214 367 perpurgari
1231 331 1378 358 hominem.
1400 331 1470 357 I'Iinc
1491 331 1569 357 multi
1588 331 1713 365 qui‘pec-

930 377 998 404 catis
1023 378 1081 405 suis
1104 382 1228 404 sanctum
1254 377 1390 411 baptisma
1419 377 1637 410 inquinaverant,
1663 382 1711 410 per

931 422 1066 458 lacrymas
1079 422 1187 457 purgati
1204 427 1268 450 sunt
1281 426 1308 450 et
1319 422 1387 456 justi
1404 418 1503 450 edocti.

965 510 1075 543 QUEST.
1093 509 1210 537 LXXIV.
1226 509 1311 542 Quale
1336 514 1478 544 peccatum
1502 508 1566 536 facit
1582 513 1612 536 ut
1625 498 1713 536 oratio

930 555 1049 582 hominis
1068 555 1123 582 Deo
1136 563 1189 582 non
1206 555 1242 582 sit
1254 555 1388 589 accepta?

964 601 1046 629 Itesr.
1065 601 1237 628 Olfensarum
1262 600 1414 628 recordatio
1427 600 1505 634 juxta
1527 599 1585 627 hac
1606 599 1712 627 Domini

928 647 1012 674 verba
1030 657 1037 674 :
1058 657 1067 673 ι
1087 646 1115 674 Si
1131 647 1212 674 oders
1226 654 1327 674 munus
1340 650 1415 674 tuum
1429 646 1462 673 ad
1475 646 1569 678 altare,
1579 650 1605 673 et
1620 646 1656 673 ibi
1672 654 1712 674 re-

929 694 1060 721 cordatus
1078 694 1163 721 fueris
1177 694 1240 729 quia
1262 694 1348 720 frater
1363 697 1426 720 tuus
1453 693 1535 720 habet
1549 693 1650 727 aliquid
1663 693 1712 720 ad-

928 747 1037 767 versum
1052 743 1090 772 te,
1106 740 1230 775 relinque
1241 739 1278 767 ibi
1294 748 1395 768 munus
1412 745 1489 767 tuum
1502 744 1566 767 ante
1577 741 1673 772 altare,
1686 744 1713 768 et

929 785 1014 819 vade;
1031 785 1109 820 prius
1122 785 1301 813 reconciliare
1324 784 1401 813 fratri
1413 791 1470 819 tuo,
1481 790 1508 813 et
1521 790 1588 813 tunc
1599 786 1714 814 veniens

928 832 995 860 oITer
1016 840 1117 859 munus
1139 832 1261 859 tuum”.
1283 841 1292 858 ι
1307 825 1377 865 Quia
1414 832 1520 859 scilicet
1545 831 1711 859 oﬂ‘ensarum

928 878 1082 906 recordatio
1097 877 1163 905 facit
1175 883 1206 905 ut
1230 878 1365 905 orationis
1380 885 1479 904 munus
1502 881 1643 912 acceptum
1657 877 1713 904 Deo

927 932 982 952 non
997 925 1043 952 sit.

963 971 1073 1004 ρυλεετ.
1086 970 1191 998 LXXV.
1208 970 1358 1006 Cuiusnam
1372 970 1475 1006 peccati
1498 970 1600 998 nullam
1616 969 1712 997 admit-

933 1017 966 1045 tit
980 1017 1051 1045 Deus
1072 1017 1258 1052 pmnitentiam
1270 1017 1281 1044 ?

964 1062 1047 1089 Resp.
1061 1062 1235 1090 Manifestum
1260 1065 1303 1089 est
1330 1069 1391 1089 esse
1416 1061 1642 1096 desperationem,
1659 1069 1712 1098 qua

929 1113 1079 1143 occupatus
1094 1108 1179 1136 Judas
1201 1115 1230 1135 se
1245 1108 1303 1142 ipse
1322 1108 1511 1143 strangulavit.

962 1155 1074 1188 Qusr.
1103 1153 1219 1182 LXXVI.
1249 1153 1391 1186 Quodnam
1420 1160 1561 1188 peccatum
1585 1153 1712 1181 omnibus

929 1202 990 1229 aliis
1002 1206 1044 1229 est
1055 1201 1184 1237 gravius?

964 1247 1048 1275 ﬁsse.
1067 1247 1108 1279 Si,
1132 1250 1163 1274 ut
1185 1246 1223 1273 ait
1246 1246 1404 1281 Apostolus,
1428 1247 1550 1273 omnium
1578 1245 1712 1272 bonorum

929 1292 1157 1327 praestantissima
1173 1296 1215 1319 est
1231 1292 1353 1319 cliaritas
1365 1292 1398 1322 ³¹,
1414 1292 1518 1318 clarum
1533 1294 1575 1318 est
1590 1291 1712 1318 omnium

929 1339 1065 1366 malorum
1080 1337 1273 1372 gravissimum
1295 1345 1356 1364 csse
1381 1337 1479 1364 fratres
1495 1335 1557 1363 odio
1574 1335 1712 1371 prosequi,

929 1382 1172 1410 immisericordcm
1187 1390 1259 1413 esse.
1274 1389 1324 1409 nec
1332 1383 1533 1417 eleemosynam
1545 1388 1647 1408 amare.

964 1428 1073 1461 Qaasr.
1090 1427 1220 1454 LXXVII.
1237 1427 1315 1460 Quod
1332 1427 1489 1454 mandatum
1506 1426 1644 1454 condonat
1665 1426 1714 1454 ho-

929 1474 996 1502 mini
1010 1474 1101 1501 omnia
1115 1473 1246 1508 peccata?

965 1520 1046 1548 Resr.
1078 1518 1303 1554 Quandoquidem
1325 1518 1391 1544 dicit
1421 1517 1552 1545 Dominus
1570 1527 1576 1544 :
1599 1527 1608 1542 ι
1625 1516 1714 1545 Nolite

933 1566 1067 1601 judicare,
1083 1569 1109 1592 et
1123 1573 1177 1592 non
1189 1563 1378 1599 judicabimini
1392 1563 1424 1595 δ’,
1443 1573 1452 1588 ι
1467 1567 1493 1590 et
1508 1571 1605 1590 rursus
1617 1570 1623 1576 ·
1643 1572 1652 1589 ι
1672 1562 1714 1589 Di-

930 1613 1007 1639 mitte
1025 1612 1113 1642 nobis,
1129 1611 1234 1638 sicutet
1249 1617 1298 1637 nos
1308 1609 1470 1636 dimittimus
1479 1609 1650 1637 debitoribus
1664 1615 1712 1635 no-

930 1657 1043 1690 stris";
1065 1667 1073 1683 ι
1091 1656 1264 1692 perspicuum
1282 1659 1334 1687 est,
1351 1662 1383 1682 eo
1397 1654 1467 1689 quod
1483 1654 1545 1689 quis
1559 1654 1713 1688 proximum

930 1711 984 1731 non
1000 1702 1113 1737 judicct,
1127 1702 1235 1729 veniam
1265 1705 1440 1735 peccatorum
1467 1699 1714 1733 obtinere-,simili-

933 1753 976 1776 ter
991 1756 1023 1776 eo
1034 1748 1107 1784 quod
1128 1747 1189 1782 quis
1207 1746 1368 1781 iniuriarum
1392 1746 1443 1773 sibi
1456 1745 1591 1772 illatarum
1617 1745 1714 1772 oblivi-

931 1799 1034 1822 scatur.
1048 1794 1115 1820 Nam
1140 1803 1150 1819 ί
1171 1793 1310 1825 Dimittitc,
1339 1802 1348 1818 ι
1364 1792 1462 1827 inquit,
1485 1801 1494 1817 ι
1512 1795 1540 1820 et
1563 1791 1716 1819 dimittetur

929 1842 1007 1870 vobis
1016 1841 1047 1868 ".
1065 1851 1074 1866 ι

965 1909 1077 1943 Qumsr.
1091 1906 1234 1935 LXXVIII.
1256 1906 1285 1933 Si
1299 1906 1362 1941 quis
1380 1909 1441 1941 post
1456 1904 1632 1933 commissum
1652 1911 1713 1938 gra-

929 1956 1073 1983 vissimum
1089 1959 1232 1990 peccatum
1255 1953 1443 1989 pmnitentiam
1468 1951 1563 1986 egerit,
1581 1950 1715 1977 undenam

929 2002 1017 2037 possit
1029 2002 1140 2034 rescire,
1155 2009 1189 2028 an
1203 2000 1268 2027 illud
1283 2000 1334 2026 sibi
1347 1999 1417 2026 Deus
1426 1998 1600 2029 condonaril,
1614 1993 1717 2024 necne?

967 2047 1048 2075 RESP.
1068 2047 1098 2074 Id
1114 2046 1222 2081 quidem
1240 2045 1334 2080 paucis
1360 2044 1517 2071 hominibus
1535 2044 1563 2070 in
1583 2043 1666 2070 terris
1687 2043 1716 2070 ﬁt

930 2092 1116 2120 manifestum.
1137 2091 1329 2118 Verumtamen
1363 2089 1529 2116 conscientia
1550 2087 1667 2114 hominis
1689 2092 1717 2114 et

933 2138 1005 2165 Deus
1016 2138 1128 2173 perinde
1144 2145 1173 2165 se
1192 2137 1292 2163 habent
1307 2143 1338 2162 ac
1355 2135 1436 2162 herus
1451 2138 1478 2161 et
1493 2141 1598 2161 servus.
1618 2133 1718 2165 Quem-

935 2184 1080 2211 admodum
1109 2183 1191 2219 igitur
1220 2189 1314 2210 servus
1349 2181 1395 2215 qui
1423 2180 1518 2207 herum
1541 2178 1662 2210 oﬂ‘cndit,
1689 2182 1717 2205 ct

936 2234 1014 2266 gestu
1039 2234 1066 2257 et
1079 2229 1169 2257 verbis
1188 2228 1244 2255 heri
1267 2226 1393 2261 intelligit
1410 2226 1500 2261 ipsum
1515 2232 1569 2252 non
1587 2231 1648 2251 esse
1663 2223 1717 2251 sibi

934 2276 1106 2308 benevolum,
1123 2279 1153 2302 ut
1169 2277 1228 2301 erat
1247 2277 1310 2300 ante
1338 2272 1468 2300 oIIensam
1490 2279 1496 2296 :
1513 2271 1550 2298 ita
1575 2270 1656 2297 homo
1670 2269 1718 2304 qui

935 2324 1042 2357 peccat,
1059 2319 1185 2347 fiduciam
1207 2318 1319 2350 amittit,
1337 2325 1390 2353 qua
1405 2321 1484 2344 antea
1499 2316 1558 2351 ejus
1573 2315 1718 2342 conscien-

936 2367 973 2393 tia
991 2366 1143 2398 fruebatur,
1160 2371 1222 2391 cum
1244 2363 1328 2390 Deum
1347 2365 1448 2389 oraret.
1470 2361 1539 2388 Cum
1563 2364 1653 2387 autem
1677 2360 1719 2386 di-

932 2419 1014 2447 gnam
1039 2411 1110 2438 idem
1134 2409 1221 2445 egerit
1238 2408 1438 2444 paenitentiam,
1454 2406 1493 2433 illi
1514 2413 1626 2433 rursum
1647 2404 1719 2432 Deus

931 2457 1060 2484 ﬁduciam
1077 2455 1176 2488 reddit,
1199 2462 1254 2490 qua
1273 2458 1335 2481 ante
1352 2456 1494 2488 peccatum
1512 2450 1663 2487 gaudebat;
1676 2451 1716 2477 in-

934 2503 1022 2538 deque
1039 2502 1115 2529 novit
1125 2501 1207 2529 bomo
1219 2501 1303 2528 Deum
1315 2499 1368 2527 sibi
1382 2503 1525 2535 peccatum
1536 2497 1717 2526 condonasse.

132 2679 156 2695 “
175 2679 274 2706 Ezech.
292 2687 396 2711 xxxiii,
412 2678 462 2711 I4,
480 2677 524 2706 I6.
561 2677 583 2694 ⁸⁸
603 2677 697 2705 Matth.
713 2685 748 2710 ν,
765 2676 819 2710 ‘23,
835 2677 879 2704 Ἠ.

939 2678 943 2694 ¹
965 2679 974 2706 1
991 2678 1055 2707 Cor.
1074 2686 1140 2713 xm,
1160 2678 1202 2707 l5.
1241 2678 1264 2696 ³¹
1284 2677 1380 2706 Matth.
1396 2685 1445 2712 vn,
1463 2677 1489 2705 l.
1527 2677 1551 2694 ³³
1571 2676 1665 2704 Matth.
1681 2682 1723 2711 vr,

97 2713 145 2742 4‘2.
183 2714 206 2730 "
224 2714 291 2742 Luc.
310 2722 354 2747 νι,
375 2715 401 2741 7.

135 2802 193 2839 (27)
222 2802 280 2831 Duo
304 2811 383 2838 mss.,
400 2803 559 2839 μολύναντες
589 2804 701 2836 ἑαυτοὺς
719 2802 787 2839 μετὰ
806 2802 836 2830 τὸ
868 2802 952 2838 ἆγιον.
