1924 3059
218 77 271 104 647

218 183 256 210 sei
260 190 339 217 psum
350 183 522 213 condemnet,
535 183 701 217 incipiatque
712 190 791 218 agere
803 183 1002 217 pwnitcntiam,

217 236 249 255 ac
266 232 396 263 posttres
421 228 480 256 dies
504 229 647 261 moriatur,
663 228 730 264 quid
754 228 788 255 de
805 228 852 255 illo
877 229 1002 264 cogitan-

218 275 281 301 dum
300 278 342 302 est
353 274 365 301 Ἰ

252 329 334 357 Rssp.
355 329 395 361 Si,
419 330 524 365 incepta
543 330 713 365 pmnitentia,
735 331 852 357 animam
879 338 958 358 suam
987 339 1004 358 a

216 377 296 404 malis
311 378 483 412 compescuit
513 377 737 412 cogitationibus,
759 381 911 412 pactusque
939 385 1003 404 cum

217 422 272 450 Deo
287 427 329 451 est
356 431 386 451 se
405 431 460 450 non
485 423 601 458 amplius
619 423 712 450 eadem
742 431 803 458 quae
825 428 904 450 antea
927 431 1003 450 com-

216 469 363 496 missurum
379 475 498 504 peccata,
519 477 550 496 ac
570 473 679 504 postero
700 469 743 496 die
764 470 914 501 moriatur;
932 469 1003 496 Deus

215 519 320 551 gratam
348 515 443 543 habuit
465 516 525 550 ejus
552 515 750 550 pmnitentiam,
766 519 796 542 ut
825 515 889 542 olim
920 515 1004 542 latro-

216 561 275 594 nis,
291 561 425 596 siquidem
446 561 565 596 incipere
586 561 775 596 paenitentiam
802 569 894 596 agere,
919 569 1002 596 penes

215 608 352 636 hominem
368 613 410 636 est
426 615 431 634 :
448 615 476 635 at
496 609 587 635 vivere
604 608 645 635 vel
663 608 743 640 mori,
755 615 838 643 penes
849 607 934 635 Deum
950 613 1002 635 est.

216 652 339 689 Namque
355 654 465 683 multos,
481 661 542 680 cum
559 653 747 688 paenitentiam
773 661 853 688 agere
886 653 1004 688 incepis-

219 705 290 732 sent.
307 700 398 728 statim
414 700 496 734 eripit
511 699 599 734 Deus;
615 700 716 735 quippe
725 700 783 734 qui,
796 704 827 727 ut
842 700 940 733 bonus,
956 707 1004 727 eo-

218 754 279 773 rum
293 746 438 773 commodo
453 746 632 781 prospiciens,
646 750 799 780 praenoscat
814 745 886 778 illos,
901 746 924 773 si
943 746 1005 772 diu-

215 791 270 818 tius
284 791 417 822 viverent,
436 790 561 825 lapsuros
572 790 671 817 iterum
688 797 749 818 esse
764 798 797 817 ac
818 791 966 825 perituros.

251 879 362 912 Qua-251'.
379 879 484 906 LXXX.
501 879 590 912 Quare
619 887 730 914 quidam
755 887 787 906 ex
820 880 871 906 nevi
896 883 1003 907 tantum

215 932 308 957 causa,
324 925 421 953 ﬂuvios
434 933 517 961 prope
539 925 722 960 lacrymarum
752 925 922 959 profundunt
936 934 943 952 :
956 925 1002 952 alii

215 979 289 1003 vero,
304 971 411 998 etiamsi
426 972 452 998 in
471 971 544 998 mille
558 971 680 998 incidant
693 971 866 998 calamitates
877 976 904 998 et
921 972 1003 999 mise-

215 1017 282 1049 rias,
297 1022 343 1044 aut
359 1019 427 1045 alios
443 1017 573 1045 incidisse
595 1017 715 1048 videant,
730 1024 870 1052 nunquam
886 1020 1003 1051 possunt.

215 1063 315 1098 lacrym
320 1063 360 1090 ari

249 1120 329 1155 235
347 1120 426 1147 ltesr.
449 1119 526 1146 Talia
545 1123 609 1148 sunt
637 1120 790 1148 animarum
806 1124 833 1147 et
857 1127 1002 1155 corporum

215 1171 441 1201 temperamenta,
457 1173 519 1201 qua:
538 1173 572 1193 ex
586 1169 684 1192 natura
705 1165 786 1192 facile
803 1166 844 1193 vel
867 1173 939 1199 :egre
965 1166 1003 1192 la-

215 1217 383 1248 crymantur.
407 1212 458 1244 Qui
473 1212 546 1239 enim
560 1211 655 1239 calida:
669 1215 697 1239 et
716 1215 817 1239 tenerae
837 1216 902 1239 sunt
927 1212 1004 1238 habi-

215 1259 329 1289 tudinis.
353 1259 445 1286 statim
466 1258 706 1285 commiseratione
727 1258 914 1294 lacrymantur
929 1259 1002 1293 quod

215 1304 244 1331 in
273 1303 400 1331 omnibus
432 1303 517 1330 ferme
554 1303 715 1331 mulieribus
747 1302 1001 1331 animadvertimus.

214 1350 268 1377 Alii
279 1354 370 1376 autem
385 1353 495 1384 propter
518 1355 652 1384 agrestem
678 1353 808 1381 mentem,
831 1353 858 1376 et
882 1350 1004 1376 siccissi-

215 1402 287 1421 mam
317 1398 455 1427 naturam,
483 1400 510 1422 et
538 1395 630 1423 cordis
656 1395 840 1430 arrogantiam
861 1395 926 1423 ﬂere
948 1403 1003 1422 non

216 1445 342 1477 possunt.
365 1441 428 1468 Haec
447 1449 528 1476 porro
545 1442 682 1476 loquimur
704 1442 737 1469 de
757 1442 791 1469 iis
803 1442 850 1477 qui
869 1443 896 1469 in
914 1442 1003 1469 medio

216 1487 319 1515 mundo
345 1492 498 1514 versantur.
530 1487 598 1514 Nam
625 1488 672 1523 qui
705 1488 887 1515 monasticam
917 1489 1002 1514 vitam

216 1537 311 1569 agunt,
331 1534 432 1561 donum
454 1534 636 1569 lacrymarum
658 1542 692 1561 ex
707 1533 799 1560 divina
822 1534 910 1568 gratia
932 1540 1037 1578 saepe,2

216 1583 432 1614 consequuntur.
456 1579 539 1606 Multa
561 1583 651 1606 autem
670 1581 697 1607 in
714 1579 843 1615 lacrymis
867 1579 1003 1614 reperitur

216 1626 379 1655 d-iﬂ‘erentia.
408 1626 525 1659 Quidam
550 1627 623 1653 enim
649 1633 721 1660 saepe
745 1633 777 1653 ex
805 1625 938 1653 ebrietate
963 1625 1003 1652 la-

216 1677 392 1708 crymautur:
425 1672 538 1707 quidam
568 1679 642 1704 vero,
668 1675 698 1699 ut
723 1671 837 1706 gloriam
862 1671 1002 1698 hominum

216 1723 399 1754 aucupentur.
427 1717 563 1750 Quocirca
593 1718 681 1744 bonus
709 1717 754 1744 ille
775 1721 817 1744 est
838 1716 927 1747 ﬂetus,
955 1716 1003 1750 qui

216 1765 324 1792 occulte
341 1764 395 1791 Deo
409 1764 524 1791 otl'ertur
538 1763 767 1798 quemadmodum
789 1763 868 1790 nobis
883 1763 916 1790 de
932 1763 1004 1790 elce-

218 1818 332 1846 mosyna
351 1818 460 1845 quoque
479 1810 646 1845 praecipitur.

250 1866 361 1899 Qumsv.
378 1865 495 1893 LXXXI.
514 1865 542 1892 Si
560 1865 621 1900 quis
634 1873 649 1892 a
661 1864 794 1893 mendicis
821 1872 901 1893 secus
919 1865 1001 1896 viam,

219 1912 313 1939 multis
329 1912 524 1947 prarseutibus,
548 1915 669 1946 rogetur,
686 1910 751 1946 quid
780 1911 913 1946 agendum
941 1911 1004 1938 est?

218 1958 316 1984 Annon
331 1960 421 1991 potest
439 1957 638 1992 cleemosynam
654 1956 795 1991 praebere?

253 2013 336 2040 str.
353 2012 553 2048 Cogitationem
569 2016 595 2039 et
611 2016 729 2040 mentem
754 2012 874 2040 hominis
897 2012 1003 2046 judii-at

219 2059 308 2087 Deus:
329 2059 352 2086 si
376 2059 438 2093 quis
465 2058 547 2093 igitur
569 2066 661 2086 coram
689 2059 826 2086 sexcentis
846 2059 1003 2085 hominibus

218 2108 329 2139 propter
344 2103 439 2137 Deum,
463 2111 518 2130 non
547 2107 636 2130 autem
653 2107 682 2130 ut
707 2103 863 2130 hominibus
886 2104 1002 2138 placeat,

218 2150 320 2177 bonum
335 2150 430 2184 egerit,
447 2149 491 2176 ille
507 2157 678 2184 nequaquam
690 2150 928 2178 condemnabitut‘.

251 2206 360 2239 Qums'r.
376 2205 507 2234 LXXXII.
524 2205 667 2233 Undenam
685 2206 715 2232 ﬁt
728 2209 758 2232 ut
773 2206 864 2232 anima
878 2206 1002 2241 aliqdan-

217 2253 252 2280 do
267 2261 351 2288 prona
375 2254 411 2280 sit
435 2253 468 2280 ad
489 2253 750 2287 commiserandum,
768 2253 915 2288 aliquando
938 2262 1012 2282 ver0‘

220 2300 288 2326 dura
302 2303 328 2327 et
345 2299 475 2327 immitis?

249 2346 330 2373 lisse.
352 2344 445 2372 Solam
460 2345 579 2373 divinam
591 2350 715 2373 naturam
732 2346 860 2374 novimus
875 2353 936 2374 esse
949 2346 1002 2373 im-

218 2393 376 2419 mutabilem
401 2399 433 2419 ac
465 2400 573 2427 semper
597 2393 692 2420 eodem
725 2393 806 2420 modo
830 2400 860 2421 se
889 2393 1000 2421 habere.

218 2437 286 2465 Nam
302 2443 329 2466 et
343 2447 376 2466 ex
401 2439 505 2474 angelis
532 2439 644 2473 quidam
670 2440 808 2467 immutati
834 2445 910 2468 sunt.
928 2440 1004 2473 Quo-

218 2486 292 2513 circa
308 2485 345 2512 ita
358 2485 392 2513 de
408 2485 533 2513 mutabili
556 2486 695 2513 hominum
716 2491 815 2514 natura
835 2488 1002 2515 censendum

218 2535 277 2563 est;
293 2530 440 2564 aliquando
463 2538 561 2565 nempe
589 2530 696 2558 facilem
711 2534 738 2558 et
762 2532 854 2558 mitem
870 2539 943 2561 esse.
961 2536 1004 2558 ut-

218 2579 281 2610 pote
305 2583 366 2610 quze
389 2575 539 2602 secundum
559 2575 703 2609 imaginem
728 2575 775 2602 Dei
801 2575 836 2604 sit
853 2576 936 2608 facta,
951 2577 1003 2603 ali—

218 2619 329 2654 quando
344 2624 434 2646 autem
454 2620 550 2646 duram
565 2623 593 2646 et
615 2620 746 2646 immitem
764 2627 836 2651 esse,
858 2625 953 2656 utpote
968 2621 1003 2648 ab

216 2665 297 2693 hoste
314 2670 509 2700 oppugnatam,
527 2670 555 2693 et
571 2666 634 2692 vitae
652 2665 843 2693 affectionibus
859 2666 1002 2693 adhaeren-

219 2715 284 2739 tem.
309 2711 504 2740 Verumtamen
522 2712 544 2740 si
564 2712 644 2740 homo
659 2712 711 2740 sibi
731 2713 790 2747 ipse
805 2713 860 2740 vim
876 2713 956 2740 faciat
973 2717 1002 2739 ut

800 81 827 107 S.
850 79 1082 108 ATHANASIUS.
1099 94 1133 99 -—
1153 80 1289 107 SPURIA.

252 136 362 169 Qozsr.
383 136 540 164 LXXIX..Si
556 137 618 171 quis
647 141 709 171 post
736 145 817 172 grave
848 143 1001 172 peccatum,
1017 142 1055 168 A'

1793 85 1845 113 6&8

1095 138 1190 174 Ἐρώτ.
1205 137 1252 165 οϐ’,
1275 138 1338 165 Ὲάν
1355 147 1407 170 τις,
1427 139 1541 174 ποιήσας
1555 139 1695 174 ἁμαρτίαν
1713 139 1846 176 μεγάλην,

1053 183 1114 212 εἶτα
1129 185 1257 220 καταγνῷ
1282 185 1389 217 ἑαυτοῦ,
1412 186 1459 212 καὶ
1482 184 1598 221 ἄρξηται
1623 188 1780 221 μετανοεῖν,
1802 188 1847 214 καὶ

1055 231 1125 266 μετὰ
1149 232 1223 266 τρεῖς
1245 231 1351 267 ἡμέρας
1372 231 1506 268 ἀποθάνῃ,
1526 232 1552 258 τί
1576 232 1628 268 χρὴ
1652 232 1780 268 νομίζειν
1803 235 1846 261 ὲπ¹

1053 286 1135 304 αυτου
1149 285 1157 310 ;

1096 334 1189 361 Ἀπόκ.
1205 335 1278 368 Ἐὰν,
1294 335 1446 372 ἀρξάμενος
1461 337 1510 372 τῆς
1527 337 1680 372 μετανοίας,
1691 337 1844 364 συνέστειλε

1052 380 1101 416 τὴν
1119 381 1216 408 ἑαυτοῦ
1238 381 1326 417 ψυχὴν
1345 382 1399 408 ἀπὸ
1412 382 1466 408 τῶν
1489 383 1614 418 πονηρῶν
1636 383 1842 419 βουλευμάτων,

1054 427 1100 453 καὶ
1110 426 1211 453 διέθετο
1224 427 1292 463 πρὸς
1303 427 1347 454 τὸν
1361 427 1426 455 Θεὸν
1445 429 1589 462 συνταγὰς,
1602 429 1643 456 ὅτι
1652 430 1706 455 οὐκ
1718 429 1760 456 ἔτι
1776 438 1844 465 παρ-

1053 472 1160 508 ἑρχεται
1194 473 1238 499 διὰ
1263 473 1317 500 τῶν
1343 474 1484 510 προτέρων
1514 475 1595 502 αὺτοῦ
1622 475 1786 511 ἁμαρτιῶν,
1809 473 1844 502 ὧν

1054 518 1166 553 ἔπραξε,
1192 520 1240 546 καὶ
1265 519 1312 546 ἐπὶ
1331 519 1379 555 τὴν
1406 519 1501 556 αῦριον
1521 521 1688 557 τελευτήσῃ·
1706 522 1815 555 ἐδέξατο
1829 524 1842 548 ὁ

1053 565 1119 597 Θεὸς
1139 566 1189 600 τὴν
1207 565 1350 600 μετάνοιαν
1373 566 1466 597 αὑτοῦ,
1486 566 1524 597 ὼς
1547 566 1656 593 καὶτοῦ
1678 566 1791 602 λῃστοῦ.
1808 567 1842 593 Τὸ

1055 611 1104 647 μὲν
1119 611 1173 646 γὰρ
1196 611 1328 647 ἄρξασθαι
1346 613 1396 647 τῆς
1422 612 1565 647 μετανοίας
1589 613 1618 638 ὲν
1641 612 1683 647 τῷ
1708 612 1841 648 ἀνθρώπῳ

1053 657 1127 684 ὲστί·
1147 657 1179 684 τὸ
1205 657 1234 684 δὲ
1249 657 1330 692 ζῆσαι
1352 658 1369 693 ἢ
1394 657 1554 693 τελευτῆσαι
1575 659 1604 684 ὲν
1627 658 1669 694 τῷ
1693 658 1755 694 Θεῷ
1778 660 1840 685 ἐστι.

1054 703 1170 735 Πολλοὺς
1185 704 1240 739 γὰρ
1253 703 1423 739 ἀρξαμένους
1435 705 1574 739 μετανοεῖν
1584 704 1688 736 εὐθέως
1705 704 1819 739 ἁρπάζει
1828 704 1841 730 ό

1053 749 1119 781 Θεὸς
1139 749 1177 781 ὠς
1200 750 1303 783 ἀγαθὸς
1318 749 1386 784 πρός
1411 758 1438 776 τι
1460 750 1608 786 συμφέρον,
1633 751 1836 786 προγινώσκων,

1053 796 1104 826 ὅτι,
1119 796 1152 823 ἂν
1171 796 1403 833 πολυχρονήσωσι,
1418 797 1497 824 πάλιν
1518 798 1612 824 πεσεῖν
1627 798 1677 824 καὶ
1697 797 1838 824 ἀπολέσθαι

1018 854 1041 884 Β
1055 842 1176 877 ἔμελλον.

1095 888 1190 924 Ἐρώτ.
1210 892 1246 916 π’.
1261 889 1324 921 Πῶς
1337 898 1410 921 τινες
1424 890 1457 916 ἐκ
1480 889 1561 925 ψιλῆς
1575 891 1623 917 καὶ
1637 891 1726 926 μόνης
1741 891 1840 927 προφά-

1055 941 1124 964 σεως
1142 934 1281 968 ποταμοὺς
1297 933 1390 968 σχεδὸν
1405 933 1530 969 δακρύων
1545 936 1749 972 καταφέρουσιν
1761 945 1768 951 -
1787 936 1840 962 ἓτε-

1054 987 1096 1014 ροι
1106 978 1146 1011 δὲ,
1164 978 1211 1005 ἐὰν
1224 979 1334 1015 μυρίαις
1345 982 1498 1016 συμφοραῖς
1507 981 1554 1007 καὶ
1568 980 1676 1016 θλίψεσι
1694 982 1840 1017 περιπέσω-

1054 1033 1107 1057 σιν,
1126 1025 1143 1060 ἢ
1155 1025 1201 1051 καὶ
1213 1025 1310 1058 ἄλλους
1324 1026 1523 1062 περιπεσόντας
1538 1027 1703 1060 θεάσωνται,
1722 1028 1839 1064 οὐδαμῶς

1052 1071 1186 1108 δακρῦσαι
1199 1071 1342 1104 δύνανται;

1096 1119 1189 1145 Ἀπόκ.
1210 1118 1271 1146 Εἰσὶ
1292 1119 1341 1154 μὲν
1353 1119 1401 1145 καὶ
1417 1118 1529 1154 κράσεις
1546 1118 1672 1146 τοιαῦται
1694 1119 1786 1155 ψυχῶν
1797 1120 1839 1146 καὶ

1054 1165 1198 1200 σωμάτων,
1223 1166 1256 1192 ὲκ
1278 1165 1385 1199 φύσεως
1406 1165 1436 1190 τὸ
1459 1165 1574 1200 δάκρυον
1601 1165 1716 1200 ἔχουσαι
1737 1165 1782 1192 καὶ
1806 1166 1838 1200 μὴ

1053 1211 1171 1246 ἔχουσαι.
1186 1211 1218 1237 Ol
1237 1211 1285 1246 μὲν
1305 1211 1370 1246 γὰρ,
1388 1210 1493 1246 θερμῆς
1513 1211 1559 1237 καὶ
1578 1211 1690 1246 ἁπαλῆς
1702 1212 1784 1245 ἕξεως
1797 1211 1837 1237 όν-

1052 1265 1106 1288 τες,
1128 1256 1229 1288 εὐθέως
1246 1256 1393 1292 δακρύουσι
1415 1257 1577 1292 συμπαθῶς,
1596 1254 1654 1284 οἷόν
1675 1267 1702 1284 τι
1727 1258 1773 1285 καὶ
1796 1258 1838 1284 ἐπὶ

1053 1302 1147 1329 πασῶν
1161 1302 1217 1329 τῶν
1233 1302 1372 1336 γυναικῶν
1384 1303 1491 1338 ὁρῶμεν
1506 1303 1652 1338 γενόμενον
1662 1313 1669 1319 ·
1688 1305 1713 1331 οἱ
1724 1304 1751 1331 δὲ
1765 1304 1837 1331 πάλιν

1052 1348 1099 1375 καὶ
1123 1347 1152 1381 ἐξ
1172 1347 1272 1383 ἀγρίας
1288 1347 1400 1383 γνώμης
1421 1349 1467 1375 καὶ
1485 1349 1638 1385 ξηροτάτης
1662 1350 1779 1385 φύσεως,
1795 1350 1837 1376 καὶ

1053 1395 1227 1430 ὑπερηφάνου
1249 1395 1374 1430 καρδίας,
1393 1395 1528 1431 δακρῦσαι
1544 1396 1575 1422 οὒ
1598 1396 1738 1423 δύνανται.
1753 1397 1837 1423 Ταῦτα

1054 1441 1104 1476 μέν
1123 1449 1214 1476 φαμεν
1229 1441 1276 1467 ἐπὶ
1294 1440 1349 1467 τῶν
1363 1442 1392 1467 ὲν
1407 1441 1481 1477 μέσῳ
1496 1441 1542 1468 τοῦ
1565 1443 1671 1478 κόσμου
1688 1443 1834 1477 διαγόντων.

1053 1487 1084 1514 Οἱ
1101 1487 1156 1522 γὰρ
1175 1487 1220 1514 τὸν
1238 1487 1344 1522 μονήρη
1367 1487 1423 1522 βίον
1439 1488 1634 1523 μετερχόμενοι
1652 1489 1781 1520 πολλάκις
1795 1488 1835 1514 καὶ

1054 1534 1086 1559 ὲκ
1103 1533 1178 1564 θείας
1194 1533 1305 1569 χάριτος
1318 1533 1348 1559 τὸ
1362 1533 1447 1568 δῶρον
1461 1533 1514 1560 τῶν
1533 1534 1659 1570 δακρύων
1675 1535 1832 1570 κομίζονται.

1055 1579 1127 1615 Πλὴν
1142 1579 1225 1616 πολλή
1241 1589 1282 1612 τις
1297 1580 1326 1606 ὲν
1337 1580 1393 1610 τοῖς
1404 1579 1532 1615 δακρύοις
1547 1580 1665 1616 διαφορὰ
1681 1581 1833 1615 καθέστηκε.

1055 1626 1132 1657 Τινὲς
1145 1625 1199 1661 γὰρ
1219 1625 1349 1657 πολλάκις
1367 1626 1414 1652 καὶ
1427 1626 1480 1652 ἀπὸ
1496 1626 1582 1662 μέθης
1595 1627 1667 1654 οἴνου
1680 1626 1833 1662 δακρύουσν

1054 1672 1126 1704 τινὲς
1155 1672 1184 1698 δὲ
1203 1673 1250 1699 καὶ
1271 1671 1349 1705 δόξαν
1371 1671 1522 1707 ἀνθρώπων
1546 1673 1712 1709 θηρώμενοι.
1743 1673 1833 1706 Διόπερ

1055 1719 1143 1744 ἐκεῖνο
1157 1717 1257 1752 ἀγαθὸν
1274 1717 1428 1753 καθέστηκε
1445 1718 1572 1754 δάκρυον,
1587 1719 1618 1744 τδ
1640 1719 1768 1754 κρυπτῶς
1782 1716 1833 1751 Θεῷ

1055 1765 1269 1800 προσαγόμενον,
1286 1764 1380 1800 ὥσπερ
1393 1764 1439 1791 καὶ
1452 1764 1499 1791 ἐπὶ
1513 1765 1564 1800 τῆς
1577 1765 1761 1802 ὲλεημοσύνης
1772 1772 1832 1798 παρ-

1054 1810 1250 1845 αγγελλόμεθα.

1096 1856 1191 1892 Ἐρώτ.
1216 1861 1273 1885 παπ
1291 1857 1353 1885 Ἐάν
1372 1867 1415 1890 τις
1432 1859 1484 1885 ὑπὸ
1503 1858 1618 1894 πτωχῶν
1636 1858 1788 1894 αἰτούμενος
1805 1856 1829 1880 ὲν

1054 1902 1115 1938 ὁδῷ,
1136 1903 1182 1929 καὶ
1199 1903 1299 1938 ἑτέρων
1324 1903 1429 1929 πολλῶν
1445 1903 1549 1939 ἀνδρῶν
1574 1903 1725 1939 παρόντων,
1742 1901 1766 1927 τί
1784 1899 1828 1934 χρὴ

1055 1949 1156 1980 ποιεῖν;
1174 1949 1209 1974 ’Ἡ
1228 1949 1259 1975 οὺ
1274 1949 1384 1975 δυνατὸν
1400 1949 1448 1976 καὶ
1461 1949 1512 1985 τὴν
1531 1949 1715 1986 ἐλεημοσύνην
1733 1947 1826 1975 ποιείν;

1095 2005 1189 2033 Ἀπόκ.
1205 2005 1256 2032 Τὸν
1268 2005 1396 2041 λογισμὸν
1413 2005 1460 2032 τοῦ
1475 2005 1619 2041 ἀνθρώπου
1633 2006 1719 2042 κρίνει
1733 2004 1746 2029 ὁ
1760 2001 1825 2030 Θεόξ-

1061 2050 1123 2078 Ἒὰν
1148 2048 1194 2078 οὖν
1220 2051 1333 2078 ἐνώπιον
1356 2051 1492 2087 μυριάδων
1515 2051 1559 2078 διὰ
1581 2052 1658 2083 Θεὸν,
1684 2050 1728 2077 καὶ
1750 2048 1777 2074 οὐ
1799 2045 1826 2072 δι’

1055 2095 1313 2131 ἀνθρωπαρέσκειαν
1327 2096 1433 2122 ποιῦσει
1449 2096 1480 2122 τὸ
1500 2095 1611 2130 ἀγαθὸν,
1627 2096 1660 2122 οὑ
1677 2093 1824 2125 κατακέκρι·

1054 2149 1108 2167 ται.

1096 2196 1244 2232 Ἐρώτησις
1262 2195 1319 2231 πβί.
1340 2196 1424 2222 Πόθεν
1444 2196 1508 2223 ποτὲ
1528 2196 1577 2232 μὲν
1598 2197 1686 2232 ἀγαθὴ
1705 2191 1823 2229 γίνεταιῆ

1055 2242 1128 2277 ψυχὴ
1151 2242 1219 2277 πρὸς
1241 2242 1422 2277 συμπάθειαν,
1438 2243 1502 2269 ποτὲ
1523 2242 1552 2269 δὲ
1573 2243 1653 2270 πάλιν
1669 2238 1767 2276 σκληρᾶ
1785 2235 1824 2264 καὶ

1055 2287 1226 2323 ἄσπλαγχνος
1233 2295 1241 2320 ;

1096 2343 1189 2370 Ἀπόκ.
1210 2343 1302 2378 Μόνην
1323 2343 1456 2379 ἄτρεπτον
1472 2344 1520 2370 καὶ
1538 2344 1582 2371 ἀεὶ
1597 2343 1723 2372 ὡσαύτως
1741 2338 1822 2374 μένου·

1056 2398 1104 2417 σαν
1117 2390 1167 2425 τὴν
1182 2390 1256 2416 θείαν
1271 2390 1351 2424 φύσιν
1362 2390 1543 2426 γινώσκομεν.
1563 2391 1640 2417 Ἐπεὶ
1657 2389 1702 2416 καὶ
1711 2387 1737 2419 ἐξ
1749 2382 1821 2417 ἀγγέ-

1054 2437 1107 2464 λων
1120 2437 1191 2468 τινὲς
1208 2437 1376 2474 ἐτράπησαν.
1390 2437 1436 2464 Διὸ
1455 2437 1526 2464 οὕτω
1544 2437 1596 2473 χρὴ
1615 2436 1703 2464 λοιπὺν
1718 2432 1768 2469 (28)
1782 2427 1821 2474 ἐπὶ

1053 2484 1102 2519 τῆς
1116 2484 1236 2520 τρεπτῆς
1253 2484 1361 2519 φύσεως
1378 2483 1433 2511 τῶν
1449 2483 1600 2519 ἀνθρώπων
1618 2483 1701 2510 νοεῖν·
1713 2480 1750 2506 ὅτι
1765 2472 1820 2502 στΜῖ

1056 2531 1105 2566 μὲν
1125 2531 1299 2565 ἁγαθύνεται,
1319 2532 1358 2563 ὡς
1379 2532 1439 2558 κατ’
1465 2531 1556 2558 είκόνα
1573 2531 1639 2558 Θεοῦ
1660 2526 1818 2568 ὑπάρχουσας

1054 2577 1119 2604 ποτὲ
1147 2578 1175 2604 δὲ
1202 2577 1392 2613 σκληρύνεται,
1424 2577 1462 2609 ὡς
1494 2576 1680 2612 πολεμῦυμένη
1710 2569 1818 2617 Mhi?)

1055 2623 1163 2659 ἐχθροῦ,
1181 2624 1228 2651 καὶ
1243 2624 1429 2659 προσκειμένη
1441 2625 1498 2654 τοῖς
1514 2623 1561 2651 τοῦ
1576 2623 1633 2658 βίου
1646 2619 1745 2647 πάθεσι.
1757 2613 1817 2659 HD)"

1055 2657 1131 2697 ἐάν-ὸ
1148 2657 1290 2706 ἄνθρωπος
1306 2657 1402 2697 ἑαυτὸν
1415 2657 1483 2705 πρὸς
1502 2671 1550 2706 τὴν
1564 2657 1727 2705 συμπάθειαν
1741 2657 1816 2706 WE?

1053 2723 1107 2748 ται,
1125 2716 1171 2743 τοῦ
1190 2717 1299 2749 πάντως
1315 2716 1426 2752 ποιῆσαι
1442 2717 1473 2744 τὸ
1494 2717 1605 2749 ἁναθὸν,
1625 2712 1761 2743 προκόπτει
1772 2703 1816 2732 λδλ⁵

267 2799 323 2835 (28)
349 2800 386 2827 Ita
405 2800 514 2837 quidam
540 2809 617 2836 inss.,
645 2801 725 2836 Editi,
748 2802 825 2830 U‘Jw
844 2802 875 2838 δὴ
891 2801 936 2830 οὖν
951 2803 1054 2830 λοιπόν.
