1924 3059
81 82 144 108 σ-ιο

571 80 803 113 ρυΑῑδί·.οΝεδ
822 81 867 108 AD
886 81 1089 110 ANTIOCHUM
1110 77 1245 110 DUCEM;

1664 83 1717 112 650

81 139 142 166 πδν
170 141 203 175 τῇ
227 139 315 176 ἀγαοῇ
335 139 474 176 συνηθείᾳ,
497 141 538 172 εἰς
557 140 586 166 τὸ
605 141 719 167 πάντοτε
739 141 869 176 προθύμω

937 143 1127 170 misericordia
1146 146 1347 178 permoventur.
1364 143 1485 177 beneque
1505 142 1619 169 omnino
1642 145 1716 177 agat,

78 185 207 213 8t55vat.

127 276 231 312 Ἐρὼτ.
247 279 302 310 πγ’.
317 275 370 302 Τοῦ
378 276 536 303 Ἀποστόλου
550 277 672 310 λέγοντος
682 286 688 291 ·
707 286 716 302 ι
731 277 776 312 Μὴ
791 277 823 303 ἐκ
837 276 883 302 λύ-

76 329 155 357 ττης,
188 322 204 358 ἢ
230 322 259 355 eg
287 322 427 357 ἀνάγκηςσ
458 322 548 357 ἱλαρὸν
571 323 625 358 γὰρ
646 323 724 358 δότην
751 323 844 357 ἀγαπᾷ
868 322 882 348 ό

77 369 155 400 Θεὸς
169 377 177 383 ·
202 378 211 394 ι
233 369 264 394 οὐ
280 369 333 404 χρὴ
352 369 444 395 λοιπὸν
459 369 599 403 βιάζεσθαι
614 369 659 395 τὸν
676 369 804 403 λογισμὸν
820 370 883 395 ἐαυ-

76 415 132 441 τοῦ
150 414 200 441 τὸν
217 414 369 450 ἄνθρωπον,
386 415 433 441 καὶ
450 415 562 450 ποιῆσαι
580 415 783 450 ἐλεημοσύνηνς

125 460 228 487 Ἀπόκ.
243 460 302 486 Τῶν
314 460 422 486 τελείων
438 461 496 486 ἐστὶ
509 460 539 486 τὺ
553 461 666 487 πάντοτε
682 460 781 495 ἱλαρῶς
796 462 881 486 ποιεῖν

76 505 110 532 τὸ
129 505 257 540 ἀγαθόν·
283 507 330 532 καὶ
353 507 376 532 οξ
405 506 559 541 βιαζόμενοι
586 506 614 533 δὲ
641 507 753 538 ἑαυτοὺς
773 507 813 538 εἰς
832 507 880 541 τὴν

75 551 130 579 τοῦ
157 552 268 587 πτωχοῦ
296 552 405 587 ἐντολὴν
430 553 621 588 εὐπρόσδεκτοί
645 554 695 579 εἱσι
721 553 797 588 παρὰ
821 553 880 588 Θεῷ

74 598 121 633 τῷ
142 598 252 624 εἰπόντι
261 607 268 612 ·
289 607 303 624 ι
316 597 431 626 Βιασταὶ
443 598 595 634 ἁρπάζουσι
609 599 658 634 τὴν
676 599 813 634 βασιλειαν
825 600 879 626 τῶν

74 643 223 680 οὐρανῶν.
243 653 252 670 ›

123 688 229 724 Ἐρώτ.
248 688 299 715 τπδ’.
319 688 384 715 Ἐάν
398 696 441 720 τις
459 688 523 724 περὶ
540 688 594 715 τῶν
617 688 714 716 ἑαυτοῦ
737 689 878 725 ἁμαρτιῶν

78 735 263 770 μετανοήσῃ,
292 734 424 769 πρόδηλον
451 734 492 760 ὃτι
513 733 648 769 ἐξαλείφει
667 734 717 766 τὰς
740 735 878 770 ἁμαρτίας

75 778 171 805 αὐτοῦ
181 787 188 794 ’
203 777 259 815 ἆρα
275 779 367 806 λοιπὸν
380 780 428 806 καὶ
439 779 486 806 ἐάν
503 788 546 811 τις
562 780 677 815 ποιήσας
690 780 814 806 εὐποιίαν
827 789 876 815 με-

75 824 240 860 ταμεληθῇ,
256 824 390 860 ἐξαλείφει
412 825 457 852 τὸν
479 825 575 861 μισθὸν
588 825 617 852 ὃν
634 825 746 861 ἐποίησε
768 826 811 853 διὰ
828 828 877 863 τῆς

76 881 155 908 μετα
160 872 227 908 μελε
232 873 272 904 ia;
282 881 290 905 ;

122 918 224 945 Ἀπόκ.
246 919 291 954 Μὴ
313 919 432 952 γένοιτοῑ
457 913 552 956 ὥσπερ
577 920 631 956 γὰρ
654 920 700 946 ἐπὶ
723 921 772 956 τῆς
794 929 877 956 μετα-

75 963 157 995 νοίας
172 962 229 990 τῶν
241 963 382 999 ἁμαρτιῶν
396 965 410 990 ὀ
423 964 489 996 Θεός
502 965 576 991 ἐστιν
590 967 604 992 ὁ
620 965 721 1001 ταύτης
736 967 874 1001 πρόξενος,

77 1008 171 1040 οὕτως
184 1008 231 1035 ἐπὶ
249 1009 297 1044 τῆς
317 1010 459 1045 μετανοίας
478 1010 527 1046 τῆς
544 1012 608 1047 περὶ
621 1012 671 1048 τὴν
691 1012 876 1049 ἐλεημοσύνην

77 1056 93 1082 ὁ
111 1055 243 1087 διάϐολός
256 1056 314 1082 ἐστι
331 1058 446 1092 ποιητὴς
466 1059 560 1094 αὐτῆς,
575 1058 621 1085 καὶ
637 1059 686 1094 οὐχ
706 1062 721 1094 ὴ
740 1058 811 1095 ψυχὴ
827 1059 874 1087 τοῦ

76 1099 241 1135 ἀνθρώπου.
262 1101 307 1127 Διὸ
330 1102 389 1128 οὐδὲ
410 1102 554 1130 ἀναλύεται
575 1105 589 1130 ὁ
611 1104 750 1139 γινόμενος
769 1105 872 1140 μισθός.

79 1147 181 1181 Ὅμως
199 1147 229 1173 οὐ
249 1147 329 1174 καλὸν
343 1148 373 1174 τὸ
389 1149 603 1183 μεταγινώσκειν
628 1150 671 1176 ἐπ’
692 1150 787 1186 ἀγαθῴ
802 1160 875 1185 γινο-

79 1191 169 1226 μένῳ.
191 1191 220 1218 '0
239 1192 291 1227 γὰρ
306 1193 427 1228 συνεχῶς
445 1194 681 1230 μεταιιελούμενος
695 1195 873 1232 ὀκνηρότερος

80 1237 123 1267 εἰς
139 1237 172 1263 τὸ
190 1237 290 1271 ἀγαθὸν
306 1238 421 1272 γίνεται.

123 1282 224 1318 Ἐρώτ.
251 1282 302 1310 πε¹.
320 1283 398 1315 Τινὲς
414 1293 506 1319 φασιν,
523 1285 564 1312 ὅτι
586 1285 616 1312 οὐ
641 1285 681 1312 δεῖ
696 1286 873 1318 ἀνεξέταστον

80 1328 218 1364 παρέχειν
235 1328 428 1365 ἐλεημοσύνην,
443 1331 499 1357 ἀλλ’
517 1332 621 1366 ἐρωτᾷν
638 1331 706 1366 μετὰ
718 1332 871 1368 ἁκριὸείας,

79 1375 106 1400 εἰ
131 1375 162 1401 ὲν
186 1375 301 1411 ἀληθείᾳ
322 1376 414 1411 ἐνδεής
433 1376 507 1403 ἐστιν
524 1377 540 1403 ὁ
558 1378 622 1412 ἡμῖν
643 1380 871 1415 προσερχόμενος.

79 1419 165 1454 Λέγει
182 1420 248 1458 γὰρ,
268 1422 348 1456 φησιν
361 1422 521 1458 ὀΣολομὼν,
545 1423 595 1456 ὅτι,
612 1433 621 1449 ι
642 1424 704 1452 Ἐὰν
719 1427 798 1461 ποιῇς
810 1427 873 1460 ἀγα-

78 1465 137 1498 θὸν,
157 1466 244 1502 βλέπε
262 1467 315 1493 τίνι
334 1469 429 1499 ποιεῖς.
455 1477 464 1493 ι

122 1514 240 1550 Ἀπόκρ.
261 1514 338 1541 Οὕτω
356 1515 403 1542 καὶ
436 1515 485 1547 τὰς
500 1515 596 1548 λοιπὰς
611 1516 721 1552 Γραφὰς
737 1518 761 1544 οἱ
781 1518 872 1550 κακῶς

79 1558 210 1591 νοοῦντες
227 1560 431 1596 διαστρέφουσιν
441 1571 448 1576 ·
463 1563 493 1588 οὺ
511 1562 565 1598 γὰρ
579 1563 643 1598 περὶ
664 1564 712 1590 τοῦ
728 1564 871 1600 ἀνθρώπου

79 1604 128 1631 τοῦ
150 1606 262 1640 πτωχοῦ
280 1606 358 1633 τοῦτο
381 1605 456 1634 εἶπεν
469 1608 483 1634 ὁ
497 1609 637 1644 Σολομών·
659 1610 728 1637 ἀλλὰ
747 1619 756 1636 ι
778 1611 870 1646 βλέπε,

80 1650 134 1678 τίνι
153 1654 258 1684 ποιεῖς,
279 1661 287 1677 ι
308 1654 456 1685 τουτέστιν,
474 1655 515 1681 ὅτι
528 1655 567 1690 τῷ
582 1655 641 1690 Θεῷ
658 1657 753 1688 ποιεῖς.
766 1657 797 1683 Εἰ
817 1657 872 1693 γὰρ

82 1696 134 1733 πρὸ
150 1698 202 1724 τοῦ
217 1698 371 1734 ἀνακρίνειν
391 1701 454 1732 τοὺς
468 1701 615 1733 αἰτοῦντας
630 1701 709 1728 τοῦτό
723 1711 801 1738 φησι,
815 1703 872 1735 πῶς

80 1743 96 1767 ὸ
110 1742 217 1779 Κύριος
231 1743 320 1777 λέγει’
340 1753 349 1769 ι
369 1745 453 1771 Παντὶ
467 1745 506 1781 τῷ
518 1746 636 1773 αέτοῦντῑ
656 1756 686 1773 σε
700 1747 788 1781 δίδους
807 1757 817 1774 ι

132 1789 222 1824 Ερώτ.
245 1789 303 1822 πς’.
318 1787 390 1825 ’Ἄρα
405 1791 432 1817 δὲ
448 1792 479 1818 τὸ
490 1793 517 1818 ὲν
534 1793 691 1828 ἐκκλησίαις
706 1793 871 1829 προσφέρειν

82 1832 203 1869 ὑπάρχει
220 1834 295 1870 παρὰ
309 1834 368 1870 Θεῴ
384 1836 553 1872 τιμιώτερον,
577 1838 594 1873 ἢ
613 1839 644 1864 τὸ
663 1840 719 1871 τοῖς
733 1839 870 1874 δεομένοις

79 1878 222 1915 διανέμειν
231 1889 238 1913 ;

123 1925 221 1952 Ἀπόκ.
245 1926 281 1952 To
305 1927 392 1954 εἰπεῖν
412 1927 458 1954 τὸν
475 1928 576 1964 Κύριον
592 1931 649 1961 τοῖς
667 1930 699 1956 ἐκ
713 1929 808 1963 δεξιῶν
830 1931 870 1956 ὅτι

85 1977 94 1994 ι
115 1970 275 2003 Ἐπείνασα,
291 1973 338 1999 καὶ
354 1973 472 2000 ἐδώκατὲ
490 1983 533 2009 μοι
553 1977 662 2009 φαγεῖν·
687 1976 810 2011 ἐδίψησα.
824 1977 871 2003 καὶ

82 2015 230 2044 ἐποτίσατέ
254 2027 297 2053 με,
316 2028 325 2044 ι
349 2019 432 2052 ἔδειξε
456 2021 653 2056 προτιμοτέραν
674 2019 743 2047 εἶναι
766 2022 815 2056 τὴν
831 2023 870 2053 εἰς

83 2062 142 2095 τοὺς
153 2064 217 2091 κατ’
227 2065 318 2091 εἰκόνα
330 2066 376 2092 καὶ
389 2066 516 2100 ὁμοίωσιν
529 2067 610 2094 αὐτοϋ
623 2067 780 2099 κτισθέντας
791 2067 870 2099 ναοὺς

84 2109 265 2143 συμπάθειαν.
284 2110 356 2145 Πλὴν
374 2111 510 2143 πολλάκις,
527 2113 555 2138 ὲν
567 2112 654 2148 καιρῷ
672 2112 791 2148 διωγμοῦ
807 2113 870 2147 μὲλ-

83 2151 172 2187 lavso:
201 2156 264 2182 ναοῦ
296 2156 363 2183 Θεοῦ
395 2157 576 2189 ἀπόλλυσθαι,
605 2159 743 2192 ἀναγκαία
775 2160 822 2185 καὶ
851 2159 867 2194 ἡ

84 2198 112 2224 ὲν
123 2195 212 2236 τούὲῳ
231 2202 401 2236 συμπάθεια.
418 2203 472 2229 Καὶ
494 2203 584 2235 πάλιν,
598 2205 678 2231 τινῶν
692 2205 736 2231 διὰ
749 2205 867 2240 Χριστοῦ

85 2244 172 2273 πίστιν
187 2246 416 2283 βασανιζομένων.
438 2250 586 2284 τιμιωτέρα
604 2250 712 2277 πάντων
733 2251 750 2285 ἡ
766 2250 867 2277 τούτων

84 2289 183 2327 ἀνάρῤυ
188 2301 238 2324 σις.

124 2422 217 2459 Ἑρώτ.
234 2424 287 2457 πζι.
305 2426 367 2452 Ἐάν
379 2435 419 2459 τις
433 2428 526 2459 πιστὸς
539 2428 613 2464 παρὰ
623 2429 728 2464 ἀπίστῳ
739 2430 866 2464 χρήματα

86 2470 234 2503 πιστευθεὶς
260 2472 361 2499 τούτων
395 2473 564 2509 παράψηται,
596 2472 650 2510 ἄρα
680 2475 866 2509 εὐσύγνωστον

87 2514 158 2548 παρὰ
170 2516 229 2552 Θεῷ
250 2517 328 2544 τοῦτο
344 2518 528 2554 καθέστηκεν;

125 2559 216 2589 Ἀπύκ.
234 2563 287 2589 Τοῦ
305 2564 408 2599 Κυρίου
423 2565 556 2599 λέγοντος,
574 2575 583 2591 ι
595 2567 720 2593 Ἀπόδοτε
744 2567 778 2593 τὰ
795 2567 863 2594 Καί-

88 2609 165 2639 στρος
174 2607 303 2645 Καίσαρι,
319 2619 328 2635 ι
341 2610 420 2644 δῆλον
442 2611 494 2642 ὃτι,
509 2612 638 2648 Ἕλληνος
652 2612 698 2639 τοῦ
713 2613 773 2639 τότε
796 2613 864 2639 Καί-

89 2655 166 2684 σαρος
180 2653 263 2688 ὄντος,
276 2655 456 2692 μανθάνομεν.
473 2657 514 2683 ὅτι
529 2658 579 2684 οὐκ
594 2658 733 2685 ἐπαινετὸν
748 2659 778 2685 τὸ
796 2667 864 2693 παρ-

89 2693 209 2728 άψασθαι.
226 2701 330 2736 Ὅμως,
352 2703 401 2729 ἐὰν
423 2704 463 2735 εις
480 2704 600 2739 πένητας
619 2705 653 2732 τὰ
668 2705 780 2732 τοιαῦτα
799 2705 864 2731 ἀνα-

121 2755 141 2800 ξέ
159 2758 258 2800 Illior.
276 2762 348 2795 Ix,7.
386 2764 409 2780 “
427 2763 522 2792 Matth.
540 2774 582 2798 xi,
603 2767 645 2795 l2.
684 2768 705 2783 ³⁷
727 2767 808 2795 Eccli.
826 2775 879 2800 ιιι,

86 2795 153 2826 IIII,
169 2795 215 2825 2],

241 2844 376 2878 ΡΑι-ιιοι.
400 2846 458 2877 Gn.
480 2846 627 2880 XXVIII.

893 813 914 840 Β

886 1481 908 1509 C

886 2147 907 2173 Ι)

897 2767 923 2794 Ι.

935 192 992 215 tum
1018 189 1090 215 bona
1105 189 1305 216 consuetudine
1327 188 1396 216 adeo
1413 188 1546 223 proﬁciet,
1562 193 1593 215 ut.
1610 194 1718 223 semper

934 234 969 261 sit
993 241 1095 268 pronus
1112 233 1146 260 ad
1161 233 1291 260 dandum.

962 279 1072 312 Qtws'r.
1087 278 1228 306 LXXXIII.
1244 278 1311 305 Cum
1324 277 1399 305 dicat
1416 277 1574 313 Apostolus,
1591 275 1668 304 «Non
1683 284 1717 304 ex

932 327 1042 354 tristitia
1057 331 1103 353 aut
1116 335 1150 353 ex
1165 326 1342 354 necessitate:
1361 324 1474 352 hilarem
1499 324 1571 351 enim
1593 323 1716 350 datcrcm

932 371 1020 406 diligit
1036 370 1105 398 Deus
1113 371 1147 403 ³⁸,
1162 380 1172 396 ι
1186 378 1357 406 nequaquam
1378 370 1431 397 vim
1456 370 1509 397 sibi
1525 369 1613 396 facere
1635 367 1715 395 debet

933 415 1025 447 homo,
1040 420 1070 442 ut
1086 416 1284 451 eleemosynam
1301 414 1424 442 tribuat?

966 461 1045 488 Resp.
1059 460 1245 488 Perfectorum
1257 465 1299 488 est
1315 461 1415 488 bonum
1431 461 1516 487 hilare
1529 467 1635 495 semper
1648 467 1714 495 age-

931 515 975 535 re:
991 512 1110 535 attamen
1127 508 1174 543 qui
1188 508 1241 535 vim
1264 507 1316 535 sibi
1342 507 1455 538 faciunt,
1471 510 1499 533 ut
1516 510 1650 541 prmeepto
1663 506 1713 533 ob-

931 556 1124 588 temperantes,
1145 560 1291 588 pauperem
1309 552 1438 586 adjuvent
1452 551 1507 579 Deo
1528 553 1622 586 utique
1637 559 1714 579 acce-

930 598 969 633 pti
984 602 1048 625 sunt
1074 599 1192 626 dicenti:
1223 597 1360 626 «Violenti
1382 598 1492 632 rapiunt
1515 605 1628 633 regnum
1654 605 1712 625 cat-

929 644 1016 671 Iorum
1025 644 1056 670 “.
1071 653 1080 669 ι

961 689 1073 723 ρυλεςτ.
1092 688 1235 716 LXXXIV.
1253 689 1281 716 Si
1297 690 1359 724 quis
1378 696 1428 724 pro
1441 689 1559 724 peccatis
1578 693 1640 723 agat
1654 695 1714 722 poe-

928 736 1082 768 nitentiam,
1108 736 1193 770 liquet
1216 736 1305 771 ipsum
1329 743 1379 763 sua
1404 735 1495 762 delere
1520 738 1650 769 peccata:
1677 741 1712 760 au

929 782 1013 817 igitur
1041 782 1177 814 similiter,
1202 782 1225 809 si
1243 789 1322 817 quem
1340 782 1469 817 pceniteat
1495 780 1712 812 benefactorum,

930 827 1085 862 hujusmodi
1108 828 1274 862 paenitentia
1293 827 1446 855 mercedem
1462 827 1533 854 delet
1556 833 1637 861 quam
1653 833 1714 860 pro-

929 877 1066 900 meruerat
1076 873 1088 900 ?

964 916 1045 945 Rssr.
1061 918 1154 945 Absit!
1172 925 1233 945 nam
1257 916 1484 952 quemadmodum
1500 917 1529 943 in
1551 915 1712 951 pmnitentia

928 969 1113 999 peccatorum,
1132 965 1203 993 Deus
1215 966 1274 1000 ejus
1289 969 1385 992 auctor
1397 968 1459 993 est:
1478 965 1515 992 ita
1536 965 1564 991 in
1579 964 1712 999 paeniten-

928 1011 965 1037 tia
977 1018 1030 1046 qua
1048 1019 1129 1046 quem
1150 1011 1220 1038 data
1235 1011 1412 1046 eleemosyme
1438 1010 1561 1045 poenitet,
1585 1010 1711 1037 diabolus

926 1056 1037 1084 elfector
1050 1057 1109 1091 ejus
1123 1061 1176 1089 est,
1193 1064 1249 1084 non
1266 1061 1357 1084 autem
1373 1057 1491 1084 hominis
1520 1056 1620 1083 anima.
1637 1055 1711 1088 Quo-

926 1103 999 1131 circa
1015 1111 1069 1131 non
1083 1103 1153 1138 perit
1176 1110 1281 1131 merces
1295 1102 1455 1138 promerita.
1482 1101 1584 1128 Tamen
1609 1102 1711 1129 bonum

926 1157 982 1176 non
1004 1153 1046 1177 est
1070 1149 1202 1184 poenitere
1222 1148 1295 1184 quod
1318 1149 1387 1176 bene
1412 1147 1510 1183 egeris.
1537 1146 1604 1174 Nam
1628 1155 1710 1182 quem

927 1195 1082 1230 frequenter
1104 1195 1228 1230 pcenitet,
1256 1193 1438 1230 negligentior
1454 1193 1569 1221 edicitur
1585 1193 1620 1220 ad
1641 1193 1711 1220 bene

926 1241 1071 1276 agendum.

957 1287 1068 1320 ngsr.
1096 1285 1226 1313 LXXXV.
1255 1285 1371 1318 Quidam
1397 1285 1474 1312 aiunt
1499 1293 1554 1312 non
1582 1288 1710 1319 oporter)

925 1333 1124 1368 eleemosynam
1143 1333 1246 1368 absque
1259 1332 1384 1360 examine
1399 1331 1542 1366 impertiri,
1556 1332 1603 1360 sed
1617 1331 1710 1366 inqui-

926 1378 1040 1406 rendum
1062 1379 1205 1413 diligenter
1222 1385 1287 1405 num
1312 1385 1376 1405 vere
1400 1379 1524 1412 indigens
1548 1377 1594 1408 sit,
1612 1377 1658 1412 qui
1674 1377 1709 1404 ad

925 1432 976 1452 nos
993 1424 1108 1451 accedit.
1126 1423 1256 1459 Namque,
1274 1423 1411 1457 inquiunt,
1430 1423 1468 1450 ait
1492 1422 1630 1454 Salomon,
1657 1422 1709 1449 «Si

925 1470 994 1497 bene
1011 1469 1119 1502 feceris,
1133 1469 1195 1496 vide
1209 1469 1253 1496 cui
1269 1469 1367 1496 feceris
1379 1469 1428 1495 ³⁷.»

959 1515 1040 1543 Resp.
1057 1515 1095 1541 Ita
1108 1515 1212 1543 scilicet
1227 1519 1253 1542 ct
1267 1518 1364 1542 caetera
1382 1514 1531 1549 Scripturze
1550 1514 1708 1542 testimonia

923 1565 1081 1598 pervertunt
1094 1561 1141 1596 qui
1163 1561 1401 1595 prave/sentiunt.
1428 1559 1483 1588 Nec
1503 1559 1575 1587 enim
1591 1560 1625 1587 de
1639 1567 1707 1595 pau-

923 1615 987 1642 pere
1012 1606 1121 1634 homine
1147 1606 1204 1633 haec
1220 1605 1288 1632 dixit
1303 1605 1444 1636 Salomon,
1471 1606 1530 1636 sed,
1552 1614 1561 1631 ι
1576 1604 1643 1632 Vide
1662 1605 1707 1632 cui

923 1653 1032 1685 feceris,
1048 1662 1057 1679 ι
1073 1652 1100 1680 id
1114 1655 1166 1684 est,
1186 1651 1241 1679 Deo
1254 1651 1331 1679 facis.
1348 1649 1376 1677 Si
1391 1652 1464 1678 enim
1478 1651 1618 1678 mendicos
1637 1651 1708 1678 indi-

922 1701 966 1724 cat
988 1704 1049 1724 esse
1077 1696 1285 1728 discernendos,
1309 1703 1358 1723 cur
1382 1696 1466 1731 igitur
1498 1695 1538 1723 ait
1563 1695 1706 1729 Dominus,

925 1752 934 1767 ι
948 1742 1042 1769 Cuivis
1058 1741 1158 1778 petenti
1175 1741 1271 1767 dau‘h
1613 1756 1618 1761 ι

951 1787 1060 1820 Ουιεδτ.
1077 1786 1218 1813 LXXXVI.
1232 1785 1359 1822 Nunquid
1372 1785 1426 1814 Deo
1437 1785 1542 1821 gratius
1554 1790 1597 1813 est
1609 1785 1707 1814 oﬂ‘erre

923 1832 950 1860 in
979 1832 1114 1864 ecclesiis,
1134 1840 1216 1868 quam
1232 1832 1416 1867 indigentibus
1431 1830 1617 1859 distribuere?

951 1921 1032 1949 Resr.
1062 1921 1097 1949 Iis
1113 1929 1173 1956 quae
1187 1921 1319 1948 Dominus
1340 1921 1374 1948 ad
1397 1920 1458 1948 illos
1471 1920 1596 1949 dicturus
1606 1925 1647 1948 cst
1658 1921 1706 1956 qui

922 1976 937 1996 a
953 1969 1057 1996 dextris
1070 1972 1159 2000 erunt,
1185 1977 1194 1993 ι
1210 1967 1316 1994 Esurivi
1340 1971 1367 1994 et
1382 1967 1496 1994 dedistis
1510 1967 1575 1993 mihi
1591 1967 1706 1994 mandu-

921 2023 999 2042 care:
1025 2014 1110 2045 sitivi.
1128 2018 1155 2041 et
1174 2013 1287 2041 dedistis
1302 2013 1367 2040 mihi
1379 2013 1470 2040 bibere
1479 2013 1512 2045 ³⁵,
1533 2012 1706 2040 ιοειθηόίιιιι·

920 2061 1065 2095 gratiorem
1094 2059 1149 2087 Deo
1174 2068 1235 2087 esse
1259 2059 1535 2090 commiserationem,
1562 2067 1621 2093 qua:
1641 2067 1704 2093 erga

922 2106 1021 2141 templa
1035 2105 1070 2132 ad
1086 2106 1146 2139 ejus
1170 2105 1314 2140 imaginem
1335 2108 1362 2131 et
1388 2104 1594 2131 similitudinem
1621 2103 1702 2134 facta,

921 2152 1073 2179 exhibetur.
1095 2151 1288 2178 Verumtamen
1305 2150 1443 2177 multotics
1468 2149 1550 2184 236
1562 2157 1622 2175 cum
1643 2157 1705 2184 per-

923 2198 1073 2226 secutionis
1092 2203 1213 2232 tempore
1242 2198 1372 2232 templum
1399 2196 1445 2223 Dei
1474 2197 1624 2230 periturum
1649 2200 1703 2228 est,

923 2245 1078 2272 necessaria
1092 2248 1158 2272 tunc
1174 2248 1216 2272 est
1230 2252 1292 2279 erga
1309 2244 1374 2270 illud
1394 2243 1607 2270 commiseratio.
1625 2242 1705 2271 Deni-

921 2299 974 2325 que
995 2298 1056 2317 cnm
1073 2290 1183 2324 quidam
1200 2294 1312 2323 propter
1336 2288 1436 2315 Citriin
1455 2287 1533 2314 [idem
1559 2287 1703 2315 tormentis

921 2337 1115 2369 subjiciuntur,
1137 2342 1232 2361 eorum
1253 2334 1376 2361 Iiberatio
1397 2333 1524 2360 omnibus
1538 2337 1579 2360 cst
1599 2334 1703 2368 pretio-

920 2383 987 2410 sior.

950 2427 1061 2460 Qumsr.
1076 2425 1228 2453 LXXXVII.
1246 2425 1275 2452 Si
1287 2424 1348 2460 quis
1360 2423 1476 2452 inlldelis
1488 2424 1630 2459 pecuniam
1644 2432 1704 2452 ere--

920 2473 1021 2500 diderit
1036 2472 1119 2502 ﬁdeli.
1144 2472 1222 2506 isque
1246 2471 1320 2498 illum
1339 2470 1490 2501 defraudet,
1513 2477 1578 2496 num
1595 2469 1622 2496 id
1643 2469 1704 2496 sine

920 2520 1000 2555 culpa
1017 2523 1058 2546 est
1073 2518 1143 2552 apud
1161 2517 1267 2545 Deum?

950 2566 1032 2592 Resp.
1049 2564 1116 2592 Cum
1131 2563 1264 2591 Dominus
1292 2563 1374 2593 dicat,
1400 2571 1409 2586 ι
1422 2561 1538 2589 Reddite
1558 2568 1618 2596 quae
1639 2564 1703 2588 sunt

917 2611 1045 2642 Caesaris,
1073 2611 1175 2637 Caesari
1187 2610 1225 2636 u’:
1250 2619 1259 2635 ι
1275 2608 1492 2644 quandoquidem
1508 2612 1573 2634 tunc
1592 2607 1704 2642 gentilis

918 2658 1009 2686 Caesar
1031 2662 1100 2688 erat,
1129 2657 1191 2683 inde
1217 2656 1347 2682 discimus
1373 2654 1535 2681 laudabilcm
1562 2661 1617 2680 non
1642 2660 1705 2681 esse

918 2704 1040 2731 fraudem
1055 2701 1254 2737 hujuscemodi.
1271 2700 1373 2728 Tamen
1390 2701 1413 2727 si
1433 2700 1485 2727 illa:
1500 2699 1622 2734 pecunia:
1639 2707 1705 2734 pau-

968 2767 990 2783 ³³
1010 2765 1075 2795 Luc.
1093 2764 1185 2797 vt,30.
1224 2764 1245 2780 ”
1267 2762 1360 2790 Matth.
1378 2770 1441 2795 xxv,
1459 2761 1504 2789 42.
1540 2759 1562 2774 ⁸⁰
1605 2759 1702 2789 Matth.

1503 2846 1540 2874 21
