1924 3059
243 111 292 139 651

829 111 857 138 S.
879 109 1016 138 ATHANA

1072 108 1111 136 IS.
1127 118 1162 131 φ-
1183 107 1319 143 smnia.
1800 108 1844 136 osa

243 169 353 204 peribus
379 171 533 204 erogantur,
555 171 683 202 poterunt
710 168 848 196 orationes
871 175 1016 204 pauperum

1075 165 1184 192 λωοῶσι
1196 166 1333 200 χρήματα,
1348 164 1473 191 δύνανται
1487 165 1515 190 al
1529 163 1582 191 τῶν
1596 164 1716 199 πενήτων
1728 163 1800 200 εὐχαὶ
1811 165 1844 199 τῷ

189 246 192 249 Α
243 214 327 241 Deum
354 215 461 249 placare
487 213 532 247 qui
565 213 612 244 ait,
642 212 756 241 «Facile
770 213 848 240 vobis
867 213 969 240 amicos
991 221 1024 240 ex

243 267 398 287 mammona
425 259 574 294 iniquitatis
582 259 631 286 “.i
649 259 727 292 Quod
748 259 771 288 si
793 259 914 295 pecunia:
929 259 980 286 illeo
996 259 1024 286 in

243 309 368 340 sumptus
383 305 528 333 saeculares
545 304 748 340 impendantur,
770 305 873 332 clarum
891 309 934 332 est
956 305 1025 331 duo-

242 351 293 379 bus
304 351 414 385 judiciis
440 351 478 378 ita
499 355 610 386 agentes
626 351 759 378 obnoxios
780 359 850 384 esse,
877 351 1024 387 voluptatis

242 397 347 424 scilicet
364 400 390 424 et
406 396 482 424 furti.

274 443 384 475 Qumsr.
411 442 577 470 LXXXVIII.
602 443 730 471 Potestne
754 444 928 479 eleemosyna
943 451 1024 472 omne

240 489 381 516 hominum
399 494 539 524 peccatum
556 489 656 522 delere,
675 490 783 517 necne?

263 534 350 563 ἣξει).
368 535 416 564 Est
428 540 568 570 peccatum
584 540 610 564 et
625 539 764 571 peccatum
785 545 792 563 :
810 540 851 563 est
866 536 932 564 item
953 536 1024 563 elee-

239 589 354 618 mosyna
372 585 399 609 et
421 582 604 618 eleemosyna.
628 581 710 609 Verbi
737 582 836 617 gratia,
856 583 880 610 si
905 582 1022 617 proximi

240 628 402 662 injuriarum
418 629 576 655 memoriam
598 628 759 660 retinemus,
783 627 959 656 manifestum
981 631 1023 656 est

239 678 382 701 sescentas
397 674 583 710 eleemosynas
597 674 704 701 veniam
715 673 796 701 nobis
812 682 867 701 non
881 681 962 709 posse
976 674 1023 702 ob-

239 719 336 752 tinere,
355 719 408 746 nisi
434 727 484 746 nos
499 727 607 755 quoque
625 719 703 746 fratri
724 723 820 746 nostro
835 720 1022 747 remiserimus

239 763 340 796 debita,
380 764 609 798 quemadmodum
639 764 676 790 ait
704 763 844 792 Dominus.
888 764 1023 792 Praeterea

239 808 313 835 aliud
325 813 367 836 est
389 809 412 836 si
427 810 488 844 quis
510 817 525 836 a
544 809 724 836 fornicatione
740 809 886 842 desistens,
903 811 1022 837 eleemo-

1075 211 1135 247 Θεῷ
1156 210 1382 246 ἐξευμενίσασθαι
1403 210 1448 237 τὸν
1470 211 1598 237 ειπὸντα·
1616 219 1626 236 ι
1645 210 1772 245 Ποιήσατε
1790 211 1844 246 ὑμῖν

1076 257 1167 291 φίλους
1182 258 1214 283 ὲκ
1227 256 1274 282 τοῦ
1293 257 1432 292 μαμμωνᾶ
1448 256 1497 291 τῆς
1513 255 1628 288 ἀδικίας.
1644 266 1652 282 ι
1669 257 1700 282 Εἰ
1710 256 1736 282 δὲ
1750 257 1786 288 εἰς
1794 257 1846 291 ⁴ἡδο-

1078 303 1126 335 νάς
1142 303 1199 337 (29)
1214 311 1289 334 τινας
1302 302 1431 338 βιωτικὰς
1450 302 1641 337 δαπανηθῶσιν
1651 322 1658 334 ,
1683 302 1787 338 εὔδηλον
1810 304 1846 329 ὅτι

1073 349 1134 375 δυσὶ
1155 350 1284 385 κρίμασιν
1298 350 1323 375 οἱ
1335 349 1413 376 τοῦτο
1424 348 1564 380 ποιοῦντες
1580 349 1769 380 ὑποπίπτουσι,
1783 348 1845 382 λέγω

1073 395 1106 430 δὴ
1125 395 1221 430 ἡδονῆς
1235 395 1281 421 καὶ
1298 394 1411 429 κλοπῆς.

1115 442 1209 477 Ἐρώτ.
1229 445 1283 477 πη¹.
1304 441 1399 476 Ὶσχύει
1422 441 1589 477 ἐλεημοσύνη
1616 441 1706 468 πᾶσαν
1723 441 1844 478 ἁμαρτίαν

1073 487 1216 523 ἀνθρώπου
1232 487 1379 521 ἐξαλεῖψαι,
1394 487 1410 521 ἢ
1428 487 1474 519 οὑ;

1115 534 1225 569 Ἀπόκρ.
1246 534 1338 560 Ἔστιν
1353 534 1474 569 ἁμαρτία
1495 535 1541 561 καὶ
1563 535 1700 569 ἁμαρτία·
1720 536 1766 561 καὶ
1781 534 1844 561 ἔστιν

1073 578 1242 614 ἐλεημοσύνη
1256 580 1303 606 καὶ
1316 579 1493 615 ἐλεημοσύνη.
1507 579 1567 606 Οἷέν
1585 589 1610 606 τι
1632 580 1713 614 λέγω·
1729 581 1774 606 ἐὰν
1788 590 1845 616 μνη-

1074 625 1199 652 σικακίαν
1223 625 1328 661 ἔχωμεν
1354 626 1421 661 πρὸς
1443 626 1486 653 τὸν
1507 626 1628 662 πλησίον,
1655 627 1781 662 πρόδηλον
1810 628 1844 653 ὅτι

1075 671 1171 706 μυρίαι
1195 671 1373 707 ἐλεημοσύναι
1395 672 1425 698 οὺ
1453 673 1635 709 συγχωροῦσιν
1654 673 1729 708 ἡμῖν,
1747 673 1790 699 ἐὰν
1811 673 1843 708 μὴ

1071 716 1196 752 ἀφίωμεν
1210 718 1256 744 καὶ
1272 718 1351 752 ἡμεῖς
1366 717 1404 752 τῷ
1423 718 1528 753 ἀδελφῷ
1539 718 1617 754 ἡμῶν
1633 719 1667 745 τὰ
1688 719 1844 754 ὀφειλήματα

1073 763 1164 794 αὑτοῦ,
1181 762 1250 789 κατὰ
1268 763 1314 790 τὸν
1337 763 1383 790 τοῦ
1407 763 1508 798 Κυρίου
1531 764 1618 798 λόγον.
1640 764 1724 790 Πάλιν
1743 773 1771 790 τε
1790 764 1843 790 ἄλλο

1072 809 1141 840 ἐστὶ,
1157 809 1328 844 παυσάμενόν
1341 818 1400 836 τινα
1414 810 1552 845 πορνείας,
1565 811 1650 836 ποιεῖν
1662 810 1841 846 ἐλεημοσύνην,

239 862 333 890 synam
349 854 446 887 faciat;
461 855 545 887 aliud,
559 855 583 881 si
597 855 659 889 quis
670 855 698 881 in
714 861 825 890 peccato
843 863 1016 890 perseverans

1072 854 1119 880 καὶ
1141 855 1233 889 ἕτερον
1252 856 1310 881 ἐστι
1331 855 1370 890 τῷ
1393 856 1530 891 ἱσταμένῳ
1548 857 1577 882 ὲν
1598 857 1630 891 τῇ
1651 856 1770 892 ἁμαρτίᾳ
1783 855 1842 882 οὓτω

238 900 265 925 iu
281 907 413 934 pauperes
426 900 461 927 sit
478 899 607 927 liberalis.
634 900 695 927 Alia
711 901 837 928 similiter
859 908 964 930 merces
977 905 1020 930 est

237 945 374 978 agricolae,
399 945 445 980 qui
481 954 514 973 ex
539 946 651 981 proprio
676 947 777 975 sudore
804 947 1019 975 misericordiam

237 997 383 1025 exerceat;
397 992 450 1019 alia
463 992 604 1027 principis,
621 993 673 1027 ’qui
692 1000 726 1021 ex
743 993 822 1020 donis
838 998 865 1021 et
882 995 1020 1029 provenli~

236 1036 288 1064 bus
300 1037 499 1073 eleemosynam
519 1038 647 1073 praebeat.
671 1038 785 1073 Insuper
809 1039 862 1066 alia
885 1043 927 1067 est
949 1041 1020 1068 ratio

237 1082 297 1116 ejus
312 1083 359 1117 qui
379 1091 412 1110 ex
437 1084 546 1118 propria
570 1083 718 1119 indigentia
734 1083 867 1119 largitur;
893 1084 946 1111 alia
959 1085 1019 1120 ejus

237 1128 283 1162 qui
296 1136 330 1155 ex
344 1128 529 1161 abundantia;
550 1130 603 1157 alia
619 1129 679 1164 ejus
701 1129 746 1157 cui
768 1137 813 1157 res
833 1130 927 1157 alienae
941 1137 1017 1158 com-

237 1175 328 1202 missa
340 1179 413 1207 sunt,
429 1180 458 1202 ut
470 1183 516 1203 eas
531 1177 698 1212 pauperibus
712 1177 868 1204 distribuat.
884 1176 939 1204 Nec
952 1184 1018 1205 vero

237 1220 264 1247 id
276 1221 376 1252 solum,
393 1222 441 1248 sed
464 1222 547 1249 etiam
571 1223 594 1249 is
608 1223 655 1257 qui
675 1223 703 1250 in
725 1223 814 1250 medio
841 1223 942 1251 saeculo
957 1231 1019 1251 ver-

237 1270 325 1297 satur,
341 1266 464 1301 nihilque
479 1267 552 1294 aliud
571 1266 627 1294 Deo
642 1265 700 1302 pro"
714 1268 771 1295 suis
786 1268 906 1302 peccatis
928 1271 1018 1303 potest

236 1311 343 1345 olTerre,
359 1312 530 1348 eleemosyna
545 1317 686 1348 purgatur.
713 1315 748 1340 At
771 1314 818 1349 qui
837 1314 1018 1341 monasticam

235 1357 318 1385 vitam
334 1357 487 1393 proﬁtetur,
505 1363 613 1386 tenetur
624 1359 812 1395 perfectiorem
832 1360 941 1387 vivendi
960 1367 1018 1387 mo-

236 1404 302 1430 dum
319 1404 398 1431 inire.
420 1403 614 1434 Verumtamen
639 1407 662 1434 si
679 1406 852 1442 eleemosyna
873 1406 1018 1434 Nabucho-

235 1449 410 1481 donosorem,
443 1450 499 1485 qui-
515 1451 583 1479 adeo
607 1451 706 1487 impius
721 1457 789 1486 erat,
810 1453 897 1488 potuit
916 1453 1018 1488 justiﬁ-

235 1501 320 1521 care:
348 1494 471 1529 profecto
484 1503 581 1531 magna
595 1499 622 1524 et
642 1497 801 1532 gravissima
817 1501 930 1532 peccata
945 1497 1018 1527 delet

233 1539 416 1574 elecmosyna.
443 1540 594 1569 Audiamus
631 1541 702 1568 enim
729 1547 854 1570 sanctum
879 1543 1017 1570 Danielem

233 1584 267 1612 ad
292 1585 380 1619 ipsum
403 1585 555 1613 dicentem:
583 1586 672 1619 tRex,
683 1588 828 1615 consilium
849 1596 938 1616 meum
952 1588 1018 1624 {pla-

233 1635 293 1657 ceat
318 1630 387 1658 tibi:
404 1637 514 1666 peccata
537 1635 582 1658 tua
600 1632 779 1668 eleemosynis
791 1633 904 1665 redime,
927 1637 954 1662 et
969 1634 1018 1661 ini-

231 1675 350 1709 quitates
365 1680 425 1703 tuas
439 1677 635 1704 misericordiis
647 1685 795 1713 pauperum
807 1678 857 1705 δ’.)
872 1678 906 1705 Et
920 1687 1016 1707 rursus

232 1720 324 1747 divina
349 1720 506 1755 Scriptura:
525 1731 534 1748 ι
553 1722 729 1758 Eleemosyna
749 1724 891 1751 abscondit
904 1728 1015 1759 peccata

231 1772 329 1800 magna
336 1765 388 1793 θ’.»
407 1765 440 1793 Ει
452 1767 550 1794 iterum
564 1776 570 1794 :
587 1768 656 1800 iQui
670 1768 793 1804 intelligit
805 1777 886 1804 super
900 1777 1015 1804 egenum

232 1815 259 1836 et
284 1818 440 1845 pauperem,
467 1811 496 1838 in
521 1811 565 1839 die
589 1813 660 1839 mala
686 1813 812 1841 liberabit
839 1821 901 1841 eum
925 1813 1015 1842 Domi-

232 1863 284 1883 nus
294 1856 327 1889 “,
340 1865 350 1882 ι
367 1856 393 1884 id
407 1861 448 1884 est
463 1857 508 1885 die
519 1857 625 1892 judicii,
640 1866 700 1894 quae
716 1867 813 1894 nempe
824 1860 1014 1894 peccatoribus

232 1902 304 1928 mala
330 1905 382 1936 est,
409 1902 530 1938 intelligo
566 1904 681 1937 scilicet,
714 1905 785 1932 diem
817 1906 912 1932 αξιοι-υἱ
948 1913 1014 1940 sup-

232 1947 318 1982 plicii.

251 1992 368 2025 ‘er-zs'r.
387 1993 528 2021 LXXXIX.
552 1994 668 2028 Quidam
695 1997 756 2023 ausi
783 2001 849 2023 sunt
874 1996 1012 2032 perfectos

230 2038 425 2066 misericordes
443 2040 539 2068 beatos
566 2041 653 2076 magis
678 2041 838 2077 praedicare,
865 2049 947 2077 quam
963 2049 1011 2070 eos

231 2084 279 2119 qui
297 2084 381 2111 edunt
398 2085 539 2112 miracula.

261 2129 342 2157 Bssr.
355 2130 414 2158 Non
429 2139 445 2158 a
460 2132 558 2166 seipsis
577 2133 658 2159 talem
675 2133 811 2167 protulere
833 2135 1009 2167 sententiam,

1070 898 1201 933 παρέχειν
1218 900 1272 930 τοῖς
1288 898 1393 934 πένησι.
1410 899 1465 925 Καὶ
1481 900 1558 931 ἄλλος
1574 900 1652 927 πάλιν
1665 901 1680 926 6
1703 901 1791 936 μισθὸς
1803 900 1841 926 τοῦ

1069 943 1216 978 γεωπόνου,
1233 944 1263 976 ἐξ
1287 945 1351 972 ἰδίου
1378 945 1487 981 ἱδρῶτος
1509 946 1646 979 ποιοῦντος
1675 947 1840 982 συμπάθειαν,

1070 990 1116 1016 καὶ
1130 990 1222 1025 ἕτερος
1237 992 1251 1017 6
1262 991 1308 1017 τοῦ
1325 991 1452 1027 ἄρχοντος
1468 993 1514 1018 τοῦ
1535 993 1588 1019 ἀπὸ
1604 993 1698 1029 δώρων
1713 995 1758 1021 καὶ
1771 1002 1841 1029 προσ-

1070 1035 1136 1072 ῥδων
1149 1037 1323 1072 παρέχοντος.
1340 1037 1410 1072 Πρὸς
1428 1037 1532 1070 τούτοις
1545 1039 1622 1070 ἄλλος
1643 1040 1657 1066 6
1674 1040 1705 1065 ὲκ
1718 1039 1763 1066 τοῦ
1777 1040 1842 1065 ὑστε-

1070 1070 1195 1116 ρήματος
1206 1070 1303 1113 διδοὺς,
1320 1070 1371 1108 καὶ.
1381 1083 1458 1114 ἄλλος
1472 1085 1485 1110 6
1501 1083 1533 1110 ὲκ
1552 1083 1598 1109 τοῦ
1621 1083 1840 1119 περισσεύματος”

1069 1127 1116 1153 καὶ
1134 1126 1226 1163 ἕτερος
1241 1129 1254 1154 6
1271 1129 1480 1164 χειροχρὴστης,
1495 1129 1509 1155 6
1531 1129 1564 1156 τὰ
1581 1129 1708 1165 ἀλλότρια
1732 1130 1842 1155 πιστευό-

1070 1181 1150 1208 μενος
1167 1174 1213 1200 ὲπὶ
1230 1174 1261 1200 τὸ
1282 1174 1417 1201 διαδοῦναι
1439 1177 1495 1206 τοῖς
1519 1175 1640 1210 πένησιν.
1664 1176 1701 1202 Οὑ
1725 1175 1799 1211 μόνον
1818 1175 1842 1200 δὲ

1067 1220 1156 1253 τοῦτο,
1175 1221 1231 1248 ἀλλ’
1248 1221 1289 1248 ὅτι
1307 1222 1322 1247 6
1336 1222 1385 1257 μὲν
1399 1223 1427 1248 ἐν
1451 1222 1524 1257 μέσῳ
1546 1222 1592 1248 τοῦ
1607 1221 1710 1257 κόσμου
1725 1221 1841 1256 ὑπάρχων

1071 1266 1155 1301 μηδὲν
1171 1266 1235 1293 ἄλλο
1252 1267 1398 1302 δυνάμενος
1418 1267 1478 1302 Θεῷ
1494 1267 1564 1302 ὑπὲρ
1587 1267 1640 1293 τῶν
1657 1267 1752 1293 ἑαυτοῦ
1771 1275 1840 1293 πται-

1074 1314 1187 1348 σμάτων
1210 1315 1402 1349 προσαγαγεῖν,
1429 1314 1588 1350 καθαίρεται
1608 1314 1642 1340 δι’
1662 1313 1839 1349 ὲλεημοσὺνης.

1073 1360 1104 1386 '0
1119 1359 1148 1386 δὲ
1167 1360 1212 1386 τὺν
1228 1361 1330 1396 μονήρη
1346 1360 1401 1395 βίον
1418 1361 1611 1396 μετερχόμενος
1626 1361 1776 1387 ἁπαιτεῖται
1791 1367 1841 1394 μει-

1068 1406 1180 1442 ζοτέραν
1202 1406 1262 1433 τινὰ
1282 1407 1418 1434 ¹πολιτείαν
1444 1407 1621 1439 ἐνδείξασθαι.
1639 1407 1733 1443 Ὅμως
1757 1408 1780 1433 εἰ
1801 1405 1840 1432 τὸν

1068 1451 1301 1488 Ναϐουχοδονόσορ
1316 1453 1361 1479 τὸν
1382 1452 1500 1479 τοιοῦτον
1517 1453 1602 1488 ἀσεΰῆ
1616 1454 1726 1488 ἴσχυσεν
1737 1454 1754 1488 ἡ
1772 1452 1839 1486 ἐλεη-

1071 1497 1175 1532 μοσύνη
1195 1498 1345 1531 δικαιῶσαι,
1364 1498 1468 1534 μεγάλα
1487 1499 1525 1531 ὡς
1546 1499 1653 1534 ἀληθῶς
1671 1499 1718 1526 καὶ
1741 1497 1841 1525 δυσίατα

1069 1544 1255 1580 ἁμαρτήματα
1277 1545 1310 1571 δι’
1333 1544 1515 1580 ὲλεημοσύνης
1539 1545 1734 1580 ὲξαλείφονται.
1758 1543 1840 1571 Ἀκού-

1069 1598 1160 1626 σωμεν
1175 1590 1229 1626 γὰρ
1245 1590 1292 1617 τοῦ
1311 1591 1389 1625 ἁγίου
1406 1591 1506 1627 Δανιὴλ
1518 1592 1585 1627 πρὸς
1606 1592 1688 1618 αὑτὸν
1709 1592 1837 1626 λέγοντος·

1069 1644 1079 1660 ί
1096 1634 1222 1668 Βασιλεῖ»,
1238 1637 1255 1671 ή
1272 1635 1352 1671 βουλή
1370 1645 1420 1671 μου
1439 1636 1564 1672 ἀρεσάτω
1579 1644 1634 1662 σοι·
1652 1636 1700 1667 τὰς
1716 1635 1838 1672 ἁμαρτίας

1067 1689 1114 1708 σου
1131 1682 1161 1708 ὲν
1176 1681 1370 1717 ἐλεημοσύναις
1385 1682 1529 1718 λύτρωσαι,
1546 1683 1592 1709 καὶ
1613 1682 1665 1714 τας
1680 1683 1780 1713 ἀδικίας
1798 1688 1835 1707 σον

1065 1726 1094 1753 ὲν
1109 1727 1260 1763 οῑκτιρμοϊς
1276 1729 1407 1763 πενήτων.
1429 1738 1438 1754 ι
1455 1729 1508 1755 Καὶ
1528 1728 1608 1755 πάλιν
1631 1729 1648 1764 ἡ
1667 1729 1725 1755 θεία
1738 1728 1835 1764 Γραφή·

1067 1779 1078 1796 ι
1098 1771 1279 1808 Ἐλεημοσύνη
1305 1773 1418 1808 καλύψει
1445 1774 1581 1809 ἁμαρτίας
1605 1775 1736 1809 μεγάλας.
1757 1783 1765 1799 ι
1790 1772 1836 1800 Καὶ

1065 1815 1144 1842 πάλιν
1154 1823 1161 1830 °
1183 1826 1191 1842 ι
1206 1817 1234 1843 '0
1251 1817 1348 1844 συνιὼν
1361 1818 1405 1844 επὶ
1419 1818 1522 1853 πτωχὸν
1538 1819 1583 1844 καὶ
1596 1818 1708 1854 πένητα,
1721 1819 1746 1844 ὲν
1757 1817 1836 1853 ἡμέρα

1065 1862 1172 1898 πονηρᾷ
1198 1862 1309 1898 ῥύσεται
1332 1863 1412 1890 αὐτὸν
1437 1865 1450 1890 6
1475 1864 1592 1899 Κύριος·
1611 1873 1619 1889 ι
1649 1864 1767 1890 τουτέστι
1792 1863 1834 1898 τῆς

1064 1908 1181 1942 κρίσεως
1191 1909 1307 1944 (πονηρὰ
1315 1909 1368 1944 γὰρ
1380 1909 1495 1946 ὑπάρχει
1510 1911 1564 1941 τοῖς
1574 1909 1762 1944 ἁμαρτωλοῖς),
1773 1909 1833 1942 λέγω

1062 1952 1094 1989 δὴ
1111 1953 1160 1989 τῆς
1174 1955 1282 1981 αἰωνίου
1297 1955 1442 1987 κολάσεως.

1105 1999 1199 2034 Ἑρώτ.
1219 1999 1272 2026 πθ’.
1293 2000 1459 2036 Ἐτόλμησάν
1472 2009 1545 2033 τινες
1561 2002 1713 2038 μακαρίσαι
1725 2002 1783 2033 τοὺς
1796 2007 1832 2026 τε·

1062 2044 1150 2076 λείους
1161 2045 1310 2081 ἐλεήμονας
1325 2046 1394 2082 ὑπὲρ
1410 2047 1473 2079 τοὺς
1489 2048 1631 2080 ποιοῦντας
1649 2050 1754 2084 σημεῖα.

1103 2133 1197 2160 Ἀπόκ.
1213 2133 1269 2160 Οὐκ
1283 2133 1330 2167 ἀφ’
1347 2133 1451 2160 ἑαυτῶν
1466 2134 1514 2170 τὴν
1528 2135 1656 2170 τοιαύτην
1668 2135 1753 2170 ψῆφον
1768 2131 1830 2167 είρήι

228 2176 277 2203 sed
300 2176 422 2210 profecto
443 2177 586 2204 audierunt
614 2177 757 2205 Dominum
778 2179 930 2207 dicentem:
957 2180 1009 2207 «In

1072 2185 1150 2211 ιασιν,
1170 2177 1238 2205 ἀλλὰ
1252 2178 1359 2210 πάντως
1370 2179 1417 2205 τοῦ
1434 2179 1560 2215 Σωτῆρος
1579 2180 1699 2211 εἰπόντος
1710 2178 1828 2205 ἀκούσαν-

229 2219 281 2247 hoc
295 2226 460 2256 cognoscent
483 2228 578 2249 omnes
594 2223 666 2256 quod
688 2223 814 2258 discipuli
839 2225 892 2252 mei
914 2225 1008 2258 estis,»

1072 2232 1118 2255 ιες,
1142 2224 1183 2250 ὅτι
1210 2233 1219 2250 ι
1244 2224 1288 2250 Ἐν
1308 2224 1393 2259 τούτῳ
1415 2224 1562 2259 γνώσονται
1588 2226 1696 2257 πάντες,
1717 2225 1755 2251 ὅτι
1777 2221 1829 2256 ἐμοὶ

227 2273 284 2293 non
297 2266 321 2293 si
336 2267 412 2302 signa
422 2267 571 2299 edideritis,
586 2269 632 2296 sed
650 2277 660 2294 ι
669 2269 693 2296 si
706 2269 823 2305 diligatis
837 2270 1009 2299 invicem‘h

227 2312 342 2340 Constat
364 2317 453 2340 autem
472 2313 579 2348 signum
601 2322 671 2342 vera:
694 2316 835 2344 cbarilatis
853 2325 915 2345 esse
940 2317 1011 2346 elee-

228 2365 380 2392 mosynam.
411 2357 551 2392 Siquidem
572 2359 697 2387 Christus
709 2360 793 2394 justis
808 2369 823 2387 a
836 2361 938 2390 dextris
951 2363 1009 2390 col—

227 2403 325 2430 locatis
339 2411 393 2430 non
407 2404 454 2436 ait,
471 2413 480 2428 ‹
497 2403 599 2436 Venite.
621 2404 755 2432 benedicti
771 2405 859 2434 Patris
872 2408 935 2440 mei,
945 2415 1009 2443 pos-

228 2448 314 2475 sidete
329 2453 452 2482 paratum
465 2449 541 2476 vobis
555 2457 694 2484 regnum,»
712 2451 775 2485 quia
789 2452 866 2486 signa
878 2456 906 2480 et
916 2453 1010 2487 prodi-

228 2493 271 2527 gia
285 2492 398 2525 fecistis,
410 2494 451 2521 vel
462 2494 535 2528 quod
551 2495 653 2529 aliquid
668 2495 742 2522 aliud
755 2496 856 2524 bonum
871 2497 1008 2531 feceritis;

227 2539 275 2567 sed
289 2539 373 2574 «lquia
384 2540 495 2572 esurivi,
515 2545 542 2568 et
561 2541 675 2569 dedistis
689 2542 755 2569 mihi
778 2544 944 2571 manducare
954 2544 1006 2576 “,r

227 2588 280 2611 etc.
310 2583 441 2612 Similiter
460 2593 523 2612 cum
549 2585 620 2618 illos,
633 2587 679 2621 qui
709 2590 781 2614 stant
797 2595 812 2615 a
834 2588 965 2622 sinistris,
980 2589 1009 2616 in

227 2630 354 2659 tenebras
369 2635 486 2659 aeternas
506 2631 597 2664 mittit,
624 2632 877 2661 immisericordiam
901 2638 928 2662 et
948 2634 1007 2661 ani-

260 2710 281 2724 δι
301 2708 368 2737 Luc.
384 2717 427 2736 xv:
440 2729 447 2742 ,
467 2710 493 2737 9.

226 2751 288 2775 xxv,
306 2745 340 2771 54
349 2764 357 2776 ,
374 2744 417 2771 55.

260 2821 316 2856 L29)
339 2821 458 2855 Ἠδονάς,
473 2821 583 2859 Regni
601 2823 681 2858 Editi,
699 2823 776 2855 ιδίας.

1065 2269 1182 2305 μαθηταί
1201 2271 1273 2302 ἔστε,
1291 2279 1300 2295 )
1317 2271 1365 2306 οὑχ
1385 2271 1428 2297 ἵνα
1447 2272 1546 2306 σημεῖα
1570 2273 1682 2303 ποιεῖτε,
1703 2271 1755 2298 ἀλλ’
1769 2279 1776 2294 ι
1792 2267 1827 2294 ἵνα

1060 2315 1185 2349 ἀγαπᾶτε
1201 2315 1340 2351 ἀλλήλους.
1359 2327 1367 2342 ι
1393 2317 1510 2352 Εὔδηλον
1528 2317 1555 2344 δὲ
1585 2318 1625 2344 ὅτι
1649 2317 1679 2344 τὸ
1701 2315 1827 2351 γνώρισμα

1061 2361 1110 2396 τῆς
1129 2361 1246 2396 ἀληθοῦς
1266 2363 1375 2398 ἀγάπης
1395 2364 1411 2398 ὴ
1436 2363 1603 2399 ἐλεημοσύνη
1623 2363 1688 2390 ἐστί.
1711 2362 1762 2388 Καὶ
1782 2359 1827 2393 γὰρ

1063 2407 1164 2441 στήσας
1178 2408 1211 2433 ὲκ
1221 2406 1315 2439 δεξιῶν
1327 2407 1341 2432 6
1355 2407 1471 2443 Χριστὸς
1481 2408 1544 2439 τοὺς
1557 2407 1686 2439 δικαίους,
1699 2406 1745 2432 οὐκ
1758 2401 1810 2430 εἷπε
1820 2409 1826 2416 ’

1065 2461 1075 2477 ι
1095 2451 1186 2485 Δεῦτε,
1209 2453 1234 2478 οί
1256 2453 1430 2488 εὐλογημένοι
1446 2453 1493 2479 τοῦ
1517 2453 1623 2488 Πατρός
1642 2462 1701 2488 μου,
1715 2451 1827 2486 κληρονο-

1062 2498 1166 2533 μήσατε
1183 2499 1232 2534 τὴν
1245 2499 1448 2534 ἡτοιμασμένην
1471 2500 1536 2535 ὑμῖν
1553 2499 1697 2539 βασιλείαν,
1713 2507 1722 2524 ι
1736 2497 1773 2523 ὅτι
1787 2502 1828 2528 ση-

1062 2545 1125 2578 μεῖα
1152 2544 1199 2570 καὶ
1225 2545 1328 2580 τέρατα
1355 2546 1511 2580 ἐποιήσατε,
1534 2546 1595 2572 οὐδὲ
1609 2545 1670 2572 ἄλλο
1693 2552 1718 2570 τι
1740 2540 1826 2576 ἀγαθὸν

1059 2590 1202 2626 ἐποιήσατε
1215 2599 1221 2606 ·
1234 2591 1290 2617 ἀλλ’
1306 2591 1346 2618 ὄτι
1360 2601 1370 2616 ‹
1384 2592 1525 2625 ὲπείνασα,
1542 2593 1588 2618 καὶ
1601 2590 1714 2618 ἐδώκατέ
1729 2597 1770 2624 μοι
1781 2594 1826 2620 φα·

1058 2637 1128 2670 γείν,
1149 2645 1158 2662 ι
1177 2636 1224 2663 καὶ
1235 2636 1269 2663 τὰ
1283 2636 1356 2672 ἑξῆς.
1375 2637 1510 2670 Ὡσαύτως
1521 2638 1549 2664 δὲ
1562 2639 1608 2665 καὶ
1620 2637 1681 2669 τοὺς
1697 2635 1726 2668 ἐξ
1737 2630 1825 2660 εὐωνύ-

542 2711 564 2726 ⁸²
583 2711 649 2738 Dan.
672 2719 709 2743 IV,
726 2711 783 2746 24.]
818 2712 840 2728 "
860 2711 944 2740 Eccli.
965 2720 1016 2747 ιιι,

1072 2713 1087 2742 ἱ.
1126 2713 1148 2730 ⁵⁵
1166 2713 1240 2743 Psal.
1259 2723 1309 2749 XL,
1326 2715 1354 2743 2.
1393 2716 1415 2732 δ’
1433 2715 1514 2744 Joan.
1535 2724 1599 2751 xm,
1620 2715 1662 2744 35.
1701 2714 1722 2730 “
1740 2707 1822 2739 Mam:-
