1924 3059
89 108 142 136 655

561 104 792 139 ΟυΑΞδΤΙΟΝΕδ
811 104 856 131 AD
875 103 1078 132 ANTIOCHUM
1100 96 1233 131 DUCEM:

1654 102 1706 129 ϐξὶι

90 177 150 203 μων
167 167 316 201 ἐκπέμπων
326 167 366 198 εἰς
379 166 409 192 τὸ
421 165 513 197 σκότος
527 166 557 191 τὸ
571 165 689 197 αἰώνιον,
706 164 756 200 τὴν
771 163 878 198 ἀνελεη-

938 163 966 189 ni
980 162 1107 189 duritiem
1132 162 1285 196 exprobrat.
1310 159 1377 186 Nam
1400 160 1478 194 signa
1501 159 1590 191 edere,
1622 159 1706 186 solius

91 212 212 249 μοσύνην
226 214 274 239 καὶ
284 212 332 248 τὴν
348 211 533 246 ἁσπλαγχνίαν
547 210 636 238 αὐτῶν
650 210 802 236 ἐνεκάλεσε.
820 209 875 236 Καὶ

90 258 146 294 γὰρ
162 258 192 284 τὸ
207 257 316 292 ποιῆσαι
331 257 437 291 σημεῖα
453 256 502 290 τῆς
513 255 560 281 τοῦ
573 254 640 280 Θεοῦ
656 255 702 281 καὶ
720 254 802 289 μόνης
818 254 875 279 ἐστὶ

90 304 232 338 δυνάμεως
241 311 248 319 ·
258 303 287 329 τὺ
298 303 325 328 δὲ
336 302 446 336 ἀγάπην
457 302 504 328 καὶ
517 300 686 336 συμπάθειαν
701 301 740 331 εἰς
751 300 795 326 τὸν
809 299 877 334 πλη-

92 351 151 377 σίον
168 349 344 382 ἐνδείξασθαι,
364 347 496 384 πρόδηλον
521 347 561 373 ὃτι
582 347 628 373 καὶ
649 347 697 381 τῆς
712 345 758 372 τοῦ
775 345 877 381 ἀνθρώ-

91 406 145 423 που
161 396 219 422 ἐστὶ
234 395 427 430 προαιρέσεως.
446 394 577 420 ’Ἄκουσον
597 392 624 418 δὲ
641 392 687 418 καὶ
704 390 876 427 τρανωτέρας

90 443 158 478 περὶ
169 442 222 468 τῶν
235 441 269 467 τὰ
284 442 383 476 σημεῖα
399 439 544 466 ποιούντων
555 439 601 465 καὶ
617 438 798 473 ἐλεημοσύνας
813 446 879 472 μαρ-

89 489 188 524 τυρίας
209 487 255 514 καὶ
268 487 369 522 ψήφου·
388 496 397 511 ι
418 486 491 517 Ἐὰν,
510 495 519 510 ι
539 485 620 519 φησὶν
635 485 649 510 ὀ
662 484 776 515 Παῦλος,
793 493 802 509 ι
819 485 878 515 ταῖς

89 533 228 568 γλώσσαις
241 532 294 558 τῶν
305 531 455 566 ἀνθρώπων
469 530 540 556 λαλῶ
555 530 602 557 καὶ
615 530 668 556 τῶν
681 529 814 563 ἀγγέλων,
830 530 876 556 καὶ

90 581 142 607 ἐὰν
163 579 217 614 ἔχω
233 579 323 605 πᾶσαν
339 578 386 613 τὴν
407 577 508 608 πίστιν,
525 576 595 602 ὥστε
616 576 666 611 ὅρη
690 575 874 610 μεθιστάνειν”

91 625 144 652 κᾶν
159 623 271 659 παραδῶ
287 623 317 649 τὸ
332 622 410 657 σῶμά
424 630 484 657 μου,
502 622 545 648 ἶνα
561 620 750 656 καυθήσωμαι,
768 620 876 654 ἀγάπην

89 671 122 698 δὲ
139 671 176 706 μὴ
196 670 259 705 ἔχω,
277 669 351 696 οὐδὲν
375 667 542 703 ὠφελοῦμαι.
563 677 572 693 ι
598 667 651 693 Καὶ
674 666 754 693 πάλιν
776 666 877 701 Κύριός

927 209 1025 236 divinae
1037 213 1080 236 est
1093 209 1254 244 potestatis;
1273 211 1300 234 at
1326 207 1484 234 charitatem
1507 209 1534 233 et
1560 205 1707 232 commise-

929 255 1059 282 rationem
1074 262 1138 289 erga
1150 254 1303 289 proximum
1316 252 1455 285 exhibere,
1470 251 1593 286 profecto
1611 250 1708 277 huma-

930 307 970 327 na:
984 305 1025 328 est
1038 300 1196 327 voluntatis.
1226 299 1296 326 Au‘di
1309 306 1391 334 porro
1405 297 1572 325 iueulentius
1589 297 1709 324 testimo-

930 346 1005 373 nium
1020 346 1053 374 de
1065 347 1098 374 iis
1115 347 1162 381 qui
1175 346 1307 372 miracula
1333 348 1359 371 et
1380 345 1564 379 eleemosynas
1585 343 1706 369 faciunt:

932 402 941 418 Ι
954 392 993 424 Si,
1010 402 1019 418 ›
1040 393 1127 427 inquit
1141 391 1252 424 Paulus,
1272 390 1390 426 «linguis
1405 390 1544 417 hominum
1566 389 1661 424 loquar
1681 391 1720 415 θι-

931 439 1106 474 angelorum:
1135 442 1161 466 et
1187 438 1210 465 si
1236 438 1355 464 nabuero
1377 443 1482 463 omnem
1509 435 1600 464 ﬁdem.
1627 435 1709 461 itaut

931 489 1038 513 montes
1051 484 1229 512 transferam:
1253 488 1280 510 et
1297 484 1319 510 si
1341 482 1479 509 tradidero
1501 489 1600 515 corpus
1619 487 1710 507 meum

929 530 967 557 ita
981 534 1010 557 ut
1021 529 1141 561 ardeam,
1156 529 1315 556 charitatem
1331 533 1419 554 autem
1432 526 1624 558 nouhabuero,
1640 525 1710 552 nihil

930 575 996 602 mihi
1007 574 1117 610 prodest
1125 573 1173 600 ".i
1189 573 1319 600 Dominus
1328 572 1406 606 237
1417 573 1481 598 item
1499 571 1551 598 ait:
1566 580 1575 596 ‹
1588 570 1707 601 Estote,»

930 629 984 648 non
1000 621 1076 655 signa
1102 620 1244 649 facientes.
1268 619 1315 646 sed
1333 628 1342 643 ι
1353 616 1568 648 misericordes,»
1594 621 1621 644 et
1635 615 1710 649 boni,

934 676 942 692 ι
954 667 1025 694 sicut
1038 666 1120 693 Pater
1131 669 1230 698 vester,
1248 665 1294 699 qui
1307 665 1335 692 in
1347 664 1423 691 caelis
1433 663 1513 690 est".
1522 672 1531 687 ι

90 727 174 754 φησι·
196 727 206 743 ‹
226 717 334 744 Γίνεσθε
350 726 359 742 ι
380 716 440 751 οὐχὶ
461 715 646 751 σημειοφόροι,
664 713 720 740 ἀλλ’
741 722 750 739 ‹
764 714 945 749 οἰκτίρμονες,
963 724 971 740 ι
991 714 1038 741 καὶ
1051 713 1157 748 ἀγαθοὶ,
1178 723 1187 738 ‹
1210 712 1247 744 ὡς
1261 714 1275 738 ό
1289 711 1382 747 Πατὴρ
1401 709 1478 745 ὑμῶν
1502 710 1515 735 ό
1545 710 1573 735 ὲν
1588 709 1643 739 τοῖς
1665 707 1711 734 οὐ-

93 767 195 803 ρανοῖς.
214 775 223 792 ι

135 812 230 847 Ἐρώτ.
253 814 287 845 μ’.
315 811 399 837 Πόσον
427 811 508 846 μέρος
533 810 588 836 τῶν
613 811 709 836 ἑαυτοῦ
732 809 879 845 χρημάτων

965 808 1073 841 ρυλεετ.
1107 807 1162 835 XC.
1192 806 1306 839 Quotam
1337 809 1439 840 partem
1467 803 1601 829 bonorum
1635 800 1713 836 jubet

92 859 249 885 ἀπαιτεῖται
264 858 316 889 πᾶς
336 857 477 892 ἄνθρωπος
494 856 570 892 παρὰ
585 856 652 882 Θεοῦ
673 855 763 882 δοῦναι
781 856 819 886 εἰς
832 855 877 881 εὐ-

93 903 201 935 ποιίαν;
776 930 781 935 1

137 949 232 976 Ἀπόκ.
250 949 287 975 Οὐ
307 950 402 975 σκοπεῖ
419 949 433 974 ό
449 948 514 979 Θεὸς
532 948 566 974 τὰ
589 947 732 982 διδόμενα,
758 947 825 973 ἀλλὰ
845 946 879 973 τὰ

94 995 262 1030 ἀποκείμενα
282 995 335 1022 τῶν
352 994 500 1030 ἀνθρώπων
517 994 583 1028 (50).
610 994 741 1028 Λέγοντος
767 991 813 1020 οὖν
830 992 878 1019 τοῦ

101 1040 278 1072 ’Δποστόλου,
295 1041 335 1067 ὅτι
349 1041 386 1067 Τὸ
400 1040 475 1076 ὑμῶν
493 1040 661 1074 περίσσευμα
675 1039 779 1074 δοθήτω
796 1040 835 1070 εἰς
850 1038 880 1065 τὺ

94 1088 150 1115 τῶν
174 1087 289 1123 πτωχῶν
323 1087 481 1123 ὑστέρημα·
506 1085 616 1121 εὔδηλον
641 1086 681 1112 ὅτι
710 1086 760 1112 ὃσα
788 1085 880 1111 ἐνθάδε

95 1133 277 1168 ἅποθήσωμεν
300 1133 370 1168 ὑπὲρ
387 1133 437 1167 τὴν
453 1132 591 1168 ἡμετέραν
607 1130 708 1166 βρῶσιν
728 1132 774 1157 καὶ
791 1131 879 1162 πόσιν,

95 1180 144 1206 καὶ
165 1179 282 1211 ἔνδυσιν,
298 1180 386 1214 κρῖμα
402 1178 472 1213 ὑπὲρ
488 1177 578 1204 αὐτῶν
602 1177 714 1213 δύσομεν
738 1178 767 1203 ὲν
790 1177 881 1212 ἡμέρᾳ

96 1225 232 1261 κρίσεως,
253 1225 371 1251 τοιοῦτον
390 1225 488 1259 κρῖμα,
517 1221 572 1250 οἷον
587 1224 612 1249 οἰ
635 1223 789 1258 ἀνδροφόνοι
813 1231 883 1258 παρ-

97 1272 201 1307 έχουσι’
211 1272 275 1298 διότι
290 1271 381 1298 ἐνθάδε
395 1271 506 1302 πολλοὺς
520 1271 551 1296 ὲκ
564 1270 676 1296 θανάτου
691 1270 734 1296 διὰ
745 1269 797 1295 τῶν
816 1271 883 1304 ἠμε-

97 1318 185 1353 τέρων
203 1318 350 1353 χρημάτων
371 1316 512 1352 δυνάμενοι
537 1315 633 1347 σῶσπ,
657 1316 707 1342 οὐκ
730 1314 881 1350 ὲσώσαμεν,

97 1364 167 1391 ἀλλὰ
183 1363 356 1399 παρείδομεν.

139 1409 236 1445 Ἐρώτ.
259 1411 311 1442 ιβ’.
336 1409 368 1435 Αἰ
393 1408 432 1439 είς
465 1408 588 1442 πτωχοὺς
614 1406 883 1442 καταλ.μπανόμεναι

98 1455 151 1482 ὑπὸ
163 1455 217 1482 τῶν
229 1453 448 1488 τελευτησάντων
464 1451 643 1488 ἐλεημοσύναι
658 1451 683 1478 τί
698 1451 835 1485 λέγονται,

930 854 1001 882 Deus
1016 854 1153 882 hominem
1169 853 1196 879 in
1208 851 1410 879 beneﬁcentiam
1425 848 1579 876 insumere?

964 945 1045 972 Res».
1059 943 1118 970 Non
1139 947 1244 978 spectat
1261 942 1330 968 Deus
1352 947 1412 975 quas
1434 939 1550 970 dantur,
1580 937 1628 965 sed
1653 944 1714 972 quae

928 991 1051 1018 homines
1066 990 1165 1017 habent
1187 988 1335 1016 recondita.
1351 986 1418 1013 Cum
1437 985 1528 1020 itaque
1540 984 1578 1011 ait
1592 983 1712 1019 Aposto-

929 1038 983 1068 lus;
1002 1037 1098 1064 Vestra
1116 1033 1280 1061 abundantia
1297 1033 1375 1060 detur
1400 1031 1433 1058 ad
1448 1030 1628 1065 supplendum
1653 1029 1714 1056 ino-

930 1083 1001 1118 piam
1018 1087 1165 1116 pauperum
1178 1079 1200 1095 ”
1211 1098 1220 1112 ,
1239 1077 1412 1112 perspicuum
1428 1080 1469 1103 est
1485 1083 1554 1106 nos,
1580 1073 1714 1109 quidquid

929 1128 1158 1156 reservaverimus
1176 1125 1246 1152 ultra
1270 1124 1389 1154 victum,
1407 1128 1500 1157 potum
1521 1124 1548 1148 et
1568 1119 1712 1150 vestitum.

928 1175 1061 1210 judicium
1078 1173 1120 1200 his
1130 1172 1163 1199 de
1177 1171 1259 1199 rebus
1274 1170 1302 1196 in
1317 1170 1361 1196 die
1375 1168 1471 1204 judicii
1486 1166 1634 1196 subituros,
1651 1164 1714 1195 tale,

931 1209 1010 1256 quale
1024 1218 1166 1247 homicidae
1182 1222 1246 1245 sunt
1268 1215 1384 1243 subituri
1396 1223 1404 1248 ;
1420 1213 1519 1248 quippe
1533 1211 1656 1247 quicum
1670 1209 1716 1236 hic

933 1267 1032 1294 multos
1042 1274 1073 1293 ex
1094 1268 1182 1292 morte
1196 1263 1297 1290 nostris
1313 1261 1391 1288 bonis
1409 1259 1577 1295 potuerimus
1593 1264 1715 1288 scrvare,

932 1321 987 1340 non
1002 1318 1092 1340 tamen
1105 1310 1313 1341 servaverimus,
1329 1308 1377 1336 sed
1393 1306 1607 1342 despexerimus.

966 1400 1078 1433 Ουεετ.
1093 1397 1160 1426 XCI.
1176 1396 1246 1430 Quid
1260 1395 1404 1424 dicendum
1420 1398 1462 1422 est
1487 1394 1521 1422 de
1534 1393 1716 1428 eleemosyuis

934 1454 1003 1482 quas
1017 1445 1139 1473 defuncti
1154 1443 1318 1479 pauperibus
1336 1440 1508 1475 relinquunt?

139 1501 233 1527 Ἀπόκ.
252 1486 355 1535 Νεκραὶ
372 1499 472 1526 θυσίαι.
496 1486 589 1533 Ὅμως
604 1498 650 1524 ἐὰν
664 1497 710 1523 καὶ
724 1498 752 1523 ἐν
767 1498 799 1531 τῇ
822 1496 877 1531 ζωῇ

965 1491 1047 1519 Βεειι.
1063 1490 1168 1518 Mortua
1180 1487 1395 1517 suntsacriiicia.
1411 1486 1538 1513 Attamen
1555 1486 1578 1513 si
1595 1486 1640 1513 ille
1653 1486 1718 1513 dum

98 1546 182 1575 αὐτοῦ
197 1547 319 1582 ἐλεήμων
331 1544 363 1581 ἦν
378 1544 530 1576 ότοιοῦτος,
545 1543 636 1570 δεκταί
651 1543 705 1578 (51)
720 1544 772 1569 εἰσι
789 1551 824 1569 γα
851 1543 880 1569 ἐν

100 1593 139 1630 τῷ
154 1593 261 1628 Θανάτῳ
277 1592 357 1619 αὐτοῦ
372 1591 489 1618 εὐποιίαι
507 1590 581 1626 παρὰ
591 1589 630 1625 τῷ
645 1586 712 1625 Θεῷ.

142 1639 238 1675 Ἔρὼτ.
258 1638 310 1673 ιιβι.
331 1638 391 1664 Ἐάν
408 1646 460 1669 τις,
474 1637 503 1663 ὲν
516 1636 664 1671 ἁμαρτίαις
678 1634 882 1669 καταγηράσας,

102 1686 172 1721 μήτε
186 1683 330 1719 νηστεῦσαι
344 1682 464 1714 δύναται,
484 1682 553 1717 μήτε
571 1679 752 1716 χαμευνῆσαι,
769 1679 786 1713 ἢ
801 1678 885 1712 ἀγρυ-

101 1732 214 1766 πνῆσαι,
229 1730 246 1764 ἢ
261 1729 342 1763 ἄλλην
355 1728 415 1755 τινὰ
431 1727 545 1763 ἄσκησιν
561 1726 680 1761 ποιῆσαι,
697 1725 764 1760 μήτε
780 1723 886 1759 χρημά-

100 1784 155 1802 των
181 1775 291 1809 εὐπορεί
309 1773 377 1809 πρὸς
398 1773 524 1802 διάδοσιν,
548 1772 616 1807 μήτε
636 1769 683 1796 τοῦ
712 1769 770 1804 βίου
799 1769 885 1804 ἰσχύει

102 1820 305 1853 ἀποτάξασθαι,
329 1819 397 1854 ποίῳ
424 1819 478 1854 ἄρα
503 1818 594 1853 τρόπῳ
618 1816 709 1843 λοιπὸν
728 1817 741 1842 ὁ
767 1815 885 1846 τοιοῦτος

103 1866 224 1900 σωθῆναι
243 1865 385 1900 δυνήσεται
395 1872 403 1896 ;

146 1911 240 1937 Ἀπόκ.
255 1909 309 1944 οἴῳ
323 1909 414 1944 τρόπῳ
429 1907 517 1942 ἐσώοη
531 1908 545 1933 ὁ
557 1905 685 1941 τελώνης,
702 1905 771 1932 κατὰ
785 1905 830 1931 τὸν
850 1905 887 1930 εἰ-

104 1956 192 1984 πόντα
212 1955 354 1991 προφήτην
377 1953 430 1988 (52)
443 1961 449 1967 ·
474 1962 483 1977 ί
514 1951 720 1986 Ἐταπεινώοην,
739 1951 786 1977 καὶ
802 1950 887 1976 ἔσωσέ

107 2011 139 2038 με
156 2003 170 2028 ὸ
186 2001 296 2035 Κύριος.
315 2009 324 2026 ι
342 2000 447 2033 Ὥσπερ
461 1998 515 2033 γὰρ
528 1998 544 2031 ἡ
561 1996 727 2031 ἀναίμακτος
740 1996 829 2027 Θυσία,
843 1995 889 2021 καὶ

105 2050 123 2084 ἡ
148 2047 315 2084 ἐλεημοσύνη
342 2046 381 2077 εἰς
405 2046 500 2079 ἄφεσιν
520 2043 661 2078 ἁμαρτιῶν
677 2042 755 2077 ἡμῶν
771 2042 889 2078 προσφέ-

108 2103 199 2130 ρονται
223 2093 260 2128 τῷ
286 2091 355 2126 Θεῷ·
383 2090 453 2117 οὓτω
474 2090 520 2116 καὶ
545 2090 561 2124 ἡ
585 2087 816 2123 ταπεινοφροσύνῃ
840 2086 890 2121 τῆς

105 2140 228 2176 καρδίας.
245 2149 253 2164 ι
270 2138 354 2165 Θυσία
364 2137 427 2172 γὰρ,
443 2146 451 2162 ι
469 2136 545 2171 φησί,
560 2145 567 2160 ς
583 2134 620 2169 τῷ
635 2134 692 2168 Θεῴ
705 2133 812 2168 πνεῦμα
829 2141 889 2158 συν-

105 2186 286 2221 τετριμμένον
298 2194 304 2199 ·
323 2183 434 2219 καρδίαν
457 2180 686 2216 συντετριμμένην
704 2181 749 2206 καὶ
766 2187 889 2206 τεταπει-
905 2170 926 2196 Ῐ)

106 2232 231 2266 νωμένην
255 2231 269 2256 ὁ
291 2230 357 2261 Θεὸς
376 2230 425 2255 οὐκ
454 2227 634 2262 ὲξουδενώσει.
667 2237 677 2252 ι
705 2225 759 2253 Καὶ
791 2225 886 2251 πάλιν·

110 2287 120 2303 ε
144 2278 243 2311 Ἐγγὶις
259 2276 360 2311 Κύριος
387 2276 441 2306 τοῖς
462 2273 699 2309 συντετριμμένοις
722 2273 755 2307 τῇ
780 2271 888 2306 καρδίᾳ,

110 2323 156 2350 καὶ
167 2323 230 2354 τοὺς
245 2321 386 2352 ταπεινοὺς
398 2320 436 2355 τῷ
451 2320 584 2354 πνεύματι
600 2318 690 2344 σώσει.
709 2327 718 2343 ι
731 2317 786 2343 Kai.
799 2316 889 2348 πάλιν,

109 2370 204 2403 ὥσπερ
220 2366 412 2403 μακαρίζονται
425 2366 449 2391 οἱ
462 2365 612 2400 ἐλεήμονες,
630 2363 677 2390 καὶ
687 2363 712 2388 οἱ
727 2361 842 2397 καθαροὶ
858 2361 891 2395 τῇ

109 2414 222 2450 καρδίᾳ·
245 2413 314 2439 οὕτω
331 2411 526 2448 μακαρίζονται
540 2409 593 2445 πρὸ
614 2409 720 2435 πάντων
740 2408 764 2433 οἰ
789 2406 891 2441 πτωχοὶ

110 2463 149 2498 τῷ
166 2461 312 2496 πνεύματι,
328 2469 336 2485 ι
359 2459 400 2485 ὅτι
427 2457 515 2484 αὐτῶν
547 2457 619 2482 ὲστιν
649 2457 666 2490 ἡ
701 2454 821 2490 βασιλεία
838 2452 891 2479 τῶν

109 2506 242 2544 οὐρανῶν.
255 2516 263 2532 ι
272 2505 378 2540 Ταύτην
392 2502 438 2530 οὖν
451 2503 500 2538 τὴν
512 2503 571 2529 ὁδὸν
582 2502 632 2537 τῆς
649 2500 783 2536 σωτηρίας
797 2499 890 2533 πένης,

111 2555 159 2581 καὶ
183 2551 308 2586 ἀσθενὴς,
335 2549 382 2576 καὶ
405 2549 502 2584 γέρων,
525 2548 572 2574 καὶ
590 2546 695 2582 ἰδιώτης
719 2544 825 2572 ὁδεῦσαι
846 2544 893 2570 καὶ

111 2597 284 2634 κατορθῶσαι
296 2595 416 2622 δύναται.

932 1539 1045 1571 viveret,
1061 1538 1241 1572 elcemosynae
1259 1535 1367 1562 deditus
1382 1538 1452 1566 erat,
1464 1533 1522 1560 haec
1543 1533 1603 1567 ejus
1619 1533 1719 1560 libera—

934 1584 996 1611 litas
1008 1583 1034 1610 in
1049 1585 1137 1609 morte
1150 1585 1261 1615 accepta
1281 1579 1336 1606 Deo
1350 1581 1402 1605 est.

969 1628 1079 1661 QUIEST.
1096 1625 1174 1653 XCII.
1191 1625 1219 1651 Si
1235 1625 1296 1659 quis
1310 1624 1338 1650 in
1354 1622 1473 1658 peccatis
1487 1621 1648 1654 consenuit,
1668 1627 1720 1649 nec

935 1679 1025 1710 potest
1047 1673 1180 1708 jejunare,
1196 1679 1245 1698 nec
1260 1669 1334 1697 humi
1349 1669 1458 1700 cubare,
1473 1671 1520 1694 aut
1540 1667 1664 1702 vigilare,
1677 1667 1720 1693 vel

936 1722 1052 1756 aliquem
1070 1718 1225 1754 hujusmodi
1241 1717 1360 1744 laborem
1374 1722 1509 1747 exercere,
1524 1721 1574 1741 nec
1595 1714 1720 1748 pecuniis

936 1775 1004 1803 quas
1018 1766 1162 1794 distribuat
1177 1763 1306 1795 abundet,
1320 1770 1371 1789 nec
1386 1761 1485 1789 saeulo
1496 1764 1578 1795 queat
1592 1759 1720 1785 nuntiqu

937 1813 1084 1844 remittere,
1098 1817 1226 1845 quonam,
1237 1816 1330 1844 quaeso
1340 1827 1347 1840 ,
1367 1806 1447 1834 modo
1459 1826 1466 1839 ,
1490 1806 1536 1832 ille
1551 1807 1642 1840 potest
1663 1803 1719 1832 sal-

937 1858 1014 1885 \‘ari?

973 1904 1053 1930 Resr.
1085 1903 1124 1930 Eo
1151 1901 1232 1929 modo
1246 1907 1300 1935 quo
1319 1898 1480 1934 publicanus
1496 1897 1618 1923 salvatus
1633 1898 1675 1922 est
1693 1898 1719 1922 et

936 1951 1013 1985 juxta
1038 1948 1196 1984 prophetam
1224 1946 1360 1973 aientem:
1384 1953 1393 1969 ‹
1413 1942 1576 1970 Humiliatus
1603 1948 1664 1968 sum
1689 1944 1717 1966 et

940 1996 1053 2024 salvavit
1078 2002 1121 2022 me
1152 1994 1282 2020 Dominus
1299 1991 1331 2017 ⁸ο.
1352 2001 1361 2016 ι
1388 1987 1621 2023 Quemadmodum
1647 1985 1720 2013 enim

940 2043 1112 2070 incruentum
1128 2040 1291 2068 sacriﬁcium
1308 2038 1479 2071 eleemosyna
1494 2034 1549 2061 Deo
1565 2032 1676 2060 oﬂ‘ertur
1692 2031 1720 2058 in

941 2088 1128 2116 remissionem
1144 2090 1316 2121 peccatorum
1327 2085 1482 2110 nostrorutn
1495 2089 1501 2106 :
1518 2080 1554 2106 ita
1569 2083 1597 2106 et
1610 2077 1721 2105 humili-

942 2139 984 2163 tas
998 2134 1089 2161 cordis
1103 2143 1110 2159 :
1130 2142 1139 2157 ι
1160 2131 1328 2158 Sacriﬁcium
1351 2128 1434 2159 enim,
1450 2125 1547 2160 inquit,
1562 2124 1616 2151 Deo
1642 2122 1722 2157 spiri—

942 2187 986 2209 lus
1013 2178 1230 2207 contribulatus:
1257 2182 1304 2202 cor
1330 2174 1477 2202 contritum
1500 2175 1527 2198 et
1551 2169 1721 2196 humiliatum

944 2227 1014 2253 Deus
1039 2232 1094 2252 non
1119 2222 1250 2257 despiciet
1271 2221 1304 2246 δι.
1332 2228 1341 2245 ι
1364 2218 1396 2245 Et
1413 2225 1509 2244 rursus
1526 2226 1532 2242 :
1552 2224 1560 2240 ι
1577 2214 1658 2241 Juxta
1681 2216 1723 2241 est

943 2272 1074 2299 Dominus
1089 2271 1121 2297 iis
1138 2270 1184 2304 qui
1208 2267 1336 2295 tribulato
1350 2267 1414 2292 sunt
1429 2262 1510 2290 corde
1523 2282 1530 2294 ,
1561 2265 1588 2288 et
1605 2259 1724 2287 humiles

945 2318 1042 2352 spiritu
1054 2314 1211 2343 saivabit“.
1228 2322 1236 2338 ι
1255 2311 1286 2339 Ει
1299 2312 1396 2338 iterum
1410 2306 1638 2343 quemadmodum
1652 2305 1723 2332 beati

946 2351 1129 2399 prmdicantur
1145 2358 1335 2386 misericordes
1349 2359 1376 2383 et
1392 2354 1486 2382 mundi
1511 2352 1603 2383 corde,
1618 2351 1655 2378 ita
1669 2358 1725 2385 prae

945 2409 1050 2437 cazleris
1060 2407 1130 2434 beati
1151 2405 1332 2440 praedicantur
1350 2408 1482 2436 pauperes
1507 2398 1614 2433 spiritu,
1634 2406 1642 2421 ι
1661 2396 1725 2430 quia

946 2456 1066 2490 ipsorum
1084 2455 1127 2479 est
1147 2458 1258 2485 regnum
1276 2448 1407 2475 caelorum
1421 2446 1454 2471 ".
1472 2454 1481 2472 ›
1499 2443 1574 2470 Hanc
1586 2442 1668 2477 igitur
1683 2448 1726 2467 sa-

946 2484 1010 2525 lutis
1024 2497 1095 2524 viam
1114 2496 1182 2522 inire
1196 2498 1222 2521 et
1234 2492 1358 2528 persequi
1370 2493 1485 2526 possunt
1508 2495 1628 2523 pauper,
1649 2484 1727 2512 inﬁr-

947 2553 1018 2577 mus,
1034 2550 1115 2571 senex
1139 2546 1166 2569 et
1181 2541 1274 2567 idiota.

148 2677 170 2692 "
189 2675 278 2702 lCor.
295 2681 357 2706 xm,
373 2672 430 2698 1-5.
467 2671 489 2687 ⁸⁸
510 2671 575 2697 Luc.
597 2678 634 2702 vr,
653 2670 696 2697 56.
735 2669 756 2684 ’⁵⁸
777 2667 798 2695 ΙΙ
813 2668 876 2695 Cor.

938 2673 962 2698 ll,
986 2663 1029 2690 Η.
1067 2662 1089 2678 ⁸⁸³
1109 2661 1181 2689 Psal.
1199 2667 1269 2691 cxtv,
1287 2659 1314 2685 6.
1352 2656 1373 2674 5‘
1394 2654 1465 2682 l'sal.
1483 2661 1514 2684 L,
1533 2651 1575 2678 19.
1614 2651 1636 2666 τ’
1655 2647 1730 2677 Psai.

113 2719 217 2742 ιιιιιι,
236 2710 278 2737 i9.
322 2708 345 2724 ⁵³
363 2707 457 2734 Matth.
476 2715 501 2739 v,

149 2790 207 2824 (50)
223 2788 289 2823 Reg.
300 2787 328 2819 ‘2,
342 2786 381 2824 τῷ
396 2784 540 2824 ἁνβρώπῳ.

152 2820 209 2861 (51)
224 2820 290 2860 Reg.
306 2823 334 2858 τὶ,
348 2820 447 2849 δεκτοί.

987 2772 1042 2807 (39.)
1061 2772 1097 2798 Ita
1114 2772 1177 2806 Reg.
1192 2770 1218 2796 2.
1235 2769 1316 2802 Editi,
1332 2769 1354 2794 εἰ
1369 2767 1414 2794 καὶ
1428 2766 1495 2802 μετὰ
1514 2765 1558 2791 τὸν
1575 2762 1696 2790 εἰπόντα.
