1924 3059
213 113 265 140 655

248 168 358 201 Quesr.
372 165 460 193 XCIII.
482 164 551 198 Quid
563 167 605 192 est
617 163 773 191 humilitas?

250 215 331 241 Resr.
351 213 494 239 Humilitas
517 211 608 238 anima
639 214 680 237 est
711 218 770 245 quae
796 218 846 238 nec
871 210 998 238 observat

214 267 265 288 nec
289 259 395 293 judicat
417 257 531 283 aliorum
550 256 690 283 hominum
717 259 848 289 peccata,
876 255 923 282 sed
949 262 998 282 sua

215 306 346 332 duntaxat
360 302 497 338 perspicit,
507 309 590 336 seque
601 301 692 328 πίοι-ιιί
704 301 828 336 supplicii
840 309 913 328 ream
925 301 999 328 aasti-

215 355 281 383 mat,
293 355 320 377 et
333 350 388 376 haec
406 348 439 375 ad
457 347 539 375 Deum
557 347 641 374 dicit:
666 346 745 374 Salva
763 355 805 374 me
823 350 933 381 propter
948 346 999 373 mi-

215 396 390 425 sericordiam
413 399 500 426 tuam,
515 401 569 421 non
595 398 706 428 propter
733 393 830 425 merita
855 400 924 419 mea.
945 392 998 425 Qui

215 449 296 478 porro
311 449 340 469 se
355 442 389 468 ita
406 449 481 468 reum
499 448 559 468 esse
581 439 685 472 credit,
712 439 735 466 is
759 439 869 465 minime
885 438 999 465 olTensa-

215 496 286 520 rum,
303 495 371 522 quas
388 487 422 514 ab
439 486 548 514 homine
565 485 716 520 acceperit,
733 485 929 517 recordabitur,
948 491 998 511 nec

215 535 355 563 damnabit
381 538 538 569 peccantem
561 533 716 566 hominem,
745 533 885 567 tribusque
910 532 998 559 modis

214 582 401 610 remissionem
427 583 601 615 peccatorum
622 581 808 613 consequitur.
837 578 903 606 Nam
933 578 998 614 quia

214 628 283 655 alios
298 635 351 654 non
371 627 484 661 judicat,
502 633 550 653 nec
565 626 622 660 ipse
634 625 793 660 judicatur;
811 625 875 660 quia
888 625 998 652 humilis

213 679 265 707 est,
280 674 463 708 justiﬁeatur;
479 677 506 700 et
521 672 586 706 quia
597 671 733 699 condonat
747 671 807 700 aliis
820 691 828 704 ,
849 671 920 699 Deus
933 678 999 707 quo-

213 729 266 755 quc
279 720 328 754 ipsi
348 722 459 754 peccata
473 718 619 745 condonat.

249 764 359 797 Quzsr.
378 762 469 790 XCIV:
482 762 509 789 Si
519 764 581 798 quis
596 770 667 797 saepe
680 763 842 798 peccaverit,
859 770 889 790 ac
900 762 999 790 deinde

213 818 285 846 saepe
298 810 484 846 pmnitentiam
499 817 579 844 agere
595 816 740 844 aggressus
765 809 862 842 fuerit,
883 816 995 836 rursus-

213 863 266 891 que
278 855 403 882 tnciderit
418 856 445 882 in
462 858 623 889 peccatum:
640 854 674 881 ad
688 859 755 888 quot
772 862 859 889 usque
872 858 995 889 peccata,

212 902 387 938 pmnitentem
406 903 475 928 Ueus
487 909 584 928 rursus
599 901 741 928 admittet?

248 947 329 975 Resr.
346 947 421 974 Licet
434 947 525 974 decies
550 947 649 974 millies
665 947 745 974 homo
759 946 908 979 ceciderit,
932 947 997 974 licet

212 995 302 1023 decies
325 993 424 1021 millies
439 993 626 1028 paenitentiam
646 993 732 1028 egerit
747 1002 753 1020 :
769 1000 941 1028 nequaquam
957 996 997 1019 ta-

212 1048 274 1068 men
290 1041 379 1075 ipsum
404 1039 530 1074 projiciet
547 1038 689 1070 Dominus,
705 1038 806 1074 quippe
821 1039 864 1065 cui
879 1038 997 1065 maxime

211 1091 276 1114 nota
289 1087 325 1114 sit
341 1086 466 1112 humanaz
481 1089 584 1112 naturae
602 1085 779 1112 mutabilitas.
802 1083 868 1110 Nam
883 1084 930 1119 qui
944 1083 996 1111 Pe-

212 1138 254 1160 tro
273 1132 400 1167 prmcepit
414 1135 444 1158 ut
454 1131 606 1166 septuagies
623 1131 721 1165 septies
741 1129 818 1157 fratri
833 1130 995 1165 ignosceret.

211 1179 298 1206 multo
331 1178 417 1213 magis
444 1177 501 1212 ipse
523 1177 613 1205 decies
639 1177 737 1204 millies
763 1176 863 1211 septies
893 1176 996 1204 homini

212 1225 346 1260 ignoscet,
361 1224 384 1251 si
400 1224 480 1250 modo
491 1224 678 1258 paenitentiam
688 1223 782 1258 egerit.
799 1222 827 1250 Id
844 1229 934 1251 autem
949 1230 996 1250 aco

212 1273 307 1296 curate
323 1268 465 1296 sciendum
481 1272 533 1300 est,
545 1269 663 1295 animam
680 1276 739 1303 qua:
750 1268 849 1303 saepius
865 1267 996 1302 peccandi

213 1315 367 1349 saepiusque
391 1314 540 1349 paenitendi
565 1314 732 1342 contraxerit
748 1313 995 1345 consuetudinem,

213 1368 276 1387 cum
300 1360 385 1387 Deum
404 1363 561 1387 contemnat
589 1360 737 1394 redeatque
768 1359 802 1386 ad
834 1363 994 1394 peccatum,

213 1409 287 1434 certe
298 1405 439 1432 difﬁculter
453 1405 609 1439 huiusmodi
626 1406 718 1432 anima
739 1412 754 1431 a
771 1409 882 1440 peccato
907 1404 996 1431 disce-

213 1453 263 1486 dit,
280 1453 363 1480 veluti
383 1452 459 1480 canis
474 1452 646 1480 macellarius
673 1452 752 1479 fetori
779 1457 917 1478 assuetus.
944 1449 996 1477 De-

788 108 816 133 S.
837 104 1065 132 A'IHAIVASIUS.
1086 120 1120 126 -—
1139 104 1273 133 SPUIIIA.

1784 111 1834 138 656

1091 163 1185 198 Ἐρώτ.
1203 165 1257 197 ια’.
1271 163 1304 190 Τί
1316 163 1374 190 ἔστι
1385 164 1636 202 ταπεινοφροσύνης

1089 209 1182 235 Ἀπόκ.
1196 209 1433 244 Ταπεινοφροσύνη
1447 210 1505 236 ἐστὶ
1518 210 1590 246 ψυχὴ
1614 210 1652 246 μὴ
1667 211 1835 247 προσέχουσα

1050 255 1118 289 μηδὲ
1143 255 1272 290 κρίνουσα
1298 255 1384 281 ἄλλων
1406 254 1556 290 ἀνθρώπων
1574 256 1752 291 πταίσματα·
1770 257 1835 283 ἀλλὰ

1050 302 1129 336 μόνον
1150 301 1184 327 τὰ
1197 301 1295 335 ἑαυτῆς
1318 300 1452 335 βλέπουσα
1471 301 1518 327 καὶ
1534 301 1686 327 ὑπεύθυνον
1703 302 1753 336 τῆς
1771 303 1835 328 αἰω-

1048 348 1105 374 νίου
1122 348 1258 379 κολάσεως
1275 347 1373 383 ἑαυτὴν
1390 348 1487 383 ἔχουσα
1498 368 1505 379 ,
1522 348 1569 374 καὶ
1587 348 1669 374 τοῦτο
1687 349 1756 384 πρὸς
1772 349 1835 375 Θεὸν

1048 393 1179 427 λέγουσα·
1197 393 1286 420 Σῶσόν
1304 402 1337 428 με
1354 394 1446 420 ἕνεκεν
1465 393 1512 419 τοῦ
1528 393 1618 425 ἐλέους
1638 403 1686 420 σου
1703 395 1771 429 (55),
1791 395 1835 420 καὶ

1047 439 1097 474 οὐχ
1122 439 1214 466 ἕνεκεν
1238 439 1291 466 τῶν
1315 439 1535 475 κατορθωμάτων
1554 449 1613 475 μου.
1648 441 1679 467 'U
1700 441 1728 466 δὲ
1753 441 1835 473 οὕτως

1049 484 1143 511 ἑαυτὸν
1173 484 1322 511 ὑπεύθυνον
1347 484 1519 521 λογιζόμενος
1543 486 1604 512 οὐδὲ
1636 488 1835 523 μνησικακήσει

1049 530 1183 566 ἀνθρώπῳ
1203 531 1279 563 ποτὲ,
1299 532 1360 559 οὐδὲ
1377 535 1536 569 κατακρινεῖ
1552 534 1699 570 ἄνθρωπον
1715 536 1835 571 ἁμαρτά-

1049 585 1136 609 νοντα,
1159 577 1205 605 καὶ
1220 578 1311 605 λοιπὸν
1327 579 1359 605 ἐκ
1376 580 1459 615 τριῶν
1475 580 1592 614 τρόπων,
1611 581 1661 616 τὴν
1679 581 1735 606 τῶν
1750 583 1834 617 ἁμαρ-

1047 623 1113 650 τιῶν
1126 626 1222 659 ἄφεσιν
1236 625 1387 661 κομίζεται.
1412 627 1456 658 Ὦς
1470 627 1524 662 γὰρ
1542 628 1578 662 μὴ
1600 627 1715 662 κρίνων,
1731 628 1762 654 οὐ
1777 628 1833 663 κρί-

1048 677 1139 696 νεται·
1162 670 1208 697 καὶ
1227 670 1265 703 ὡς
1288 671 1517 707 ταπεινοφρονῶν,
1534 672 1709 698 δικαιοῦται·
1731 673 1778 699 καὶ
1799 673 1834 704 ὡς

1048 716 1208 751 συγχωρῶν,
1229 719 1419 753 συγχωρεῖται.

1089 763 1183 799 Ἐρώτ.
1201 764 1250 797 ιδ’.
1271 764 1333 791 Ἐάν
1348 773 1390 796 τις
1405 765 1533 797 πολλάκις
1546 765 1721 801 ἁμαρτήσας,
1742 765 1832 792 πολλά-

1048 818 1091 842 κις
1113 812 1251 845 μετανοεῖν
1270 811 1448 846 ἐπεχείρησε,
1465 812 1511 838 καὶ
1530 811 1611 839 πάλιν
1635 813 1677 843 εἰς
1704 811 1833 847 ἁμαρτίαν

1047 856 1127 882 ἔπεσε
1138 864 1145 870 ”
1167 855 1247 891 μέχρι
1265 856 1355 882 πόσων
1366 857 1545 892 πταισμάτων
1560 857 1641 884 πάλιν
1656 857 1831 892 μετανοοῦντα

1046 903 1060 928 ὁ
1079 902 1145 933 Θεὸς
1162 902 1342 938 προσδέχεται
1360 902 1472 935 cat—mw;

1088 947 1184 975 Ἀπόκ.
1209 948 1238 974 ’0
1254 947 1284 974 τὸ
1298 947 1444 984 εὔτρεπτον
1465 948 1516 983 τῆς
1535 949 1712 984 ἀνθρωπίνης
1731 948 1832 983 φύσεως

1046 995 1226 1030 ἐπιστάμενος
1237 994 1349 1030 Κύριος,
1362 995 1414 1022 κᾶν
1430 996 1559 1031 μυριάκις
1571 997 1584 1022 ὁ
1596 995 1743 1031 ἄνθρωπος
1756 995 1830 1030 πέσῃ,

1047 1040 1097 1067 κᾶν
1114 1040 1244 1076 μυριάκις
1264 1041 1417 1077 μετανοήσῃ
1427 1061 1435 1072 ,
1450 1041 1574 1076 οὐδαμῶς
1588 1042 1673 1068 αὐτὸν
1686 1041 1831 1068 amem:-

1046 1095 1100 1113 ται.
1121 1087 1150 1113 ’0
1168 1087 1222 1122 γὰρ
1236 1087 1422 1122 ἐντειλάμενος
1436 1087 1492 1123 (54)
1508 1087 1546 1122 τῷ
1561 1087 1658 1123 Πέτρῳ
1672 1087 1830 1122 ἑϐδομηκον-

1047 1133 1125 1164 τάκις
1138 1133 1208 1160 ἑπτὰ
1225 1133 1263 1168 τῷ
1276 1133 1384 1168 ἀδελφῷ
1400 1135 1560 1169 συγχωρεῖν,
1577 1134 1669 1169 πολλῷ
1684 1134 1773 1161 πλεῖον
1788 1134 1832 1160 αὐ-

1046 1178 1091 1210 τὸς
1122 1180 1293 1214 συγχωρήσει
1317 1180 1492 1215 μυριοντάκις
1517 1179 1586 1206 ἑπτὰ
1615 1180 1654 1215 τῷ
1682 1180 1829 1216 ἀνθρώπῳ,

1047 1224 1222 1260 μετανοοῦντι
1237 1224 1370 1260 μέντοιγε.
1384 1226 1438 1252 Καὶ
1448 1225 1527 1252 τοῦτο
1540 1226 1580 1252 δεῖ
1594 1226 1719 1262 ἀκριϐῶς
1728 1226 1830 1252 ἐπίστα-

1047 1270 1124 1298 σθαι·
1139 1271 1179 1297 ὃτι
1197 1271 1268 1307 ψυχὴ
1284 1272 1324 1302 είς
1344 1272 1486 1307 συνήθειαν
1509 1272 1622 1298 ἐλθοῦσα
1638 1272 1686 1299 τοῦ
1709 1271 1830 1302 πολλάκις

1047 1315 1223 1352 ἁμαρτάνειν,
1238 1318 1285 1343 καὶ
1300 1317 1430 1349 πολλάκις
1454 1319 1592 1352 μετανοεῖν
1604 1337 1612 1349 ,
1627 1317 1828 1353 καταερρονοῦσα

1046 1362 1092 1389 τοῦ
1109 1362 1175 1389 Θεοῦ
1191 1362 1258 1398 πρὸς
1274 1363 1323 1398 τὴν
1339 1363 1474 1398 ἁμαρτίαν
1496 1363 1717 1397 ὑποστρέφοοσα,
1739 1362 1828 1396 δυσχε-

1049 1408 1102 1444 ρῶς
1115 1409 1199 1440 ὅντως
1210 1410 1226 1443 ὴ
1241 1408 1351 1444 τοιαύτη
1368 1408 1440 1444 ψυχὴ
1457 1409 1507 1444 τῆς
1524 1409 1661 1444 ἁμαρτίας
1677 1409 1826 1443 ἀφίσταται,

1048 1454 1140 1490 ὥσπερ
1161 1454 1234 1481 κύων
1261 1454 1423 1489 μακελλικὺς
1447 1455 1476 1481 ὲν
1499 1454 1537 1489 τῷ
1559 1454 1655 1490 βρόμῳ
1681 1454 1826 1484 συνεθίσας.

212 1500 295 1534 nique
320 1506 382 1526 cum
400 1499 521 1526 incertus
537 1499 574 1526 sit
592 1499 653 1525 vitae
668 1503 768 1526 nostra
782 1498 855 1530 ﬁnis,
873 1505 923 1524 nos
937 1504 994 1524 mu-

1054 1502 1146 1529 !Iombv
1159 1501 1197 1533 δὲ,
1212 1501 1253 1528 ὄτι
1266 1501 1295 1527 τὸ
1307 1500 1383 1532 τέλος
1401 1501 1450 1536 τῆς
1466 1501 1537 1535 ζωῆς
1550 1501 1566 1536 ὴ
1572 1501 1631 1536 μῶν
1643 1501 1758 1536 ὑπάρχει
1772 1499 1827 1534 ἄδη-

212 1545 266 1573 niri
278 1549 394 1580 oportet,
410 1553 444 1572 ne
461 1544 531 1572 forte
545 1545 572 1571 in
588 1547 699 1579 peccato
723 1549 954 1579 prmoccupcmur,
970 1545 997 1569 et

213 1594 316 1630 absque
341 1593 500 1628 pmnitentia
528 1592 719 1626 inveniamur,
746 1592 941 1626 tradamurque
969 1591 997 1618 in

213 1639 376 1675 supplicium
392 1639 595 1673 sempiternum.
614 1649 618 1653 ι

248 1685 329 1720 238
345 1684 455 1717 Quaasr.
473 1683 553 1710 XCV.
566 1684 720 1718 Quotuplex
735 1686 777 1710 est
795 1682 980 1710 adulterium?

247 1730 327 1758 Resp.
343 1730 457 1764 Duplex.
474 1729 541 1756 Nam
557 1729 581 1755 si
593 1729 691 1756 mulier
712 1729 770 1756 viro
791 1732 875 1764 nupta
891 1733 996 1757 scorte-

211 1781 268 1810 tur,
280 1777 442 1804 adulterium
457 1779 509 1803 est.
528 1775 690 1810 Rursusque
709 1776 733 1803 si
752 1775 804 1807 vir,
817 1775 863 1810 qui
882 1783 995 1803 uxorem

212 1823 327 1855 habeat,
346 1827 499 1855 scortetur,
522 1822 687 1849 adulterium
708 1827 749 1849 est
763 1830 826 1858 erga
855 1823 994 1857 propriam

211 1876 336 1895 uxorem.

248 1915 358 1948 Ques-r.
376 1912 467 1941 XCVI.
482 1912 565 1940 Aiunt
582 1912 665 1947 aliqui
680 1917 821 1947 peccatum
833 1920 995 1948 corporeum

212 1968 268 1996 pra:
291 1960 418 1988 omnibus
448 1959 509 1986 aliis
540 1959 658 1994 peccatis
687 1959 794 1986 facilius
826 1959 994 1992 condonari,

211 2007 311 2042 quippe
330 2013 391 2032 cum
408 2005 540 2032 naturalis
554 2008 644 2032 motus
660 2005 695 2032 sit
709 2005 735 2032 in
751 2005 870 2032 homine.

246 2052 328 2079 Resr.
341 2051 514 2078 Contrarium
528 2050 607 2078 docet
621 2050 778 2086 Apostolus,
795 2051 841 2086 qui
859 2051 910 2079 hoc
930 2059 994 2086 pec-

211 2103 301 2126 catum
316 2098 426 2133 gravius
444 2097 570 2124 omnibus
590 2097 651 2123 aliis
665 2099 784 2131 peccatis
799 2101 894 2129 vocat,
918 2097 994 2126 hisce

1048 1549 1103 1581 λον,
1123 1548 1175 1584 χρὴ
1191 1548 1264 1583 ἡμᾶς
1277 1547 1480 1582 ἁσφαλίζεσθαι,
1492 1548 1528 1582 μή
1543 1556 1600 1578 πως
1616 1549 1645 1574 ὲν
1660 1549 1694 1583 τῇ
1713 1545 1826 1582 ἁμαρτίᾳ

1048 1593 1195 1628 φθάσωμεν
1210 1592 1258 1619 καὶ
1270 1592 1425 1627 εύρεθῶμεν
1445 1592 1636 1628 ἀμετανόητοι,
1653 1593 1700 1619 καὶ
1716 1591 1826 1627 παραδο-

1048 1639 1137 1675 θῶμεν
1155 1639 1196 1671 εις
1215 1639 1325 1665 κόλασιν
1342 1639 1529 1673 ἀτελεύτητον.

1088 1685 1184 1721 Ἐρώτ.
1201 1684 1251 1718 ιβ’.
1271 1685 1357 1711 Πόσαι
1373 1685 1491 1720 μοιχεῖαί
1507 1685 1592 1718 εἰσιν;

1088 1732 1182 1758 Ἀπόκ.
1203 1731 1264 1758 Δύο.
1286 1731 1340 1758 Καὶ
1359 1731 1412 1766 γὰρ
1434 1732 1450 1766 ὴ
1475 1731 1543 1766 γυνὴ
1565 1733 1581 1766 ὴ
1610 1731 1743 1766 ὕπανδρος
1763 1729 1823 1755 ὅπου

1047 1778 1097 1806 κᾶν
1121 1778 1266 1815 πορνεύσῃ,
1286 1779 1392 1813 μοιχεία
1413 1778 1481 1804 ἐστί.
1499 1778 1552 1803 Καὶ
1579 1777 1671 1808 πάλιν,
1696 1777 1710 1802 ὁ
1733 1774 1796 1810 ἀνὴρ
1810 1773 1823 1799 ὁ

1046 1825 1115 1861 ἔχων
1135 1826 1251 1860 γυναῖκα
1264 1825 1330 1851 ὅπου
1348 1824 1399 1850 κᾶν
1413 1823 1560 1859 πορνεύσῃ,
1581 1823 1691 1858 μοιχεία
1707 1821 1762 1848 ἐστὶ
1778 1820 1822 1854 τῆς

1048 1872 1116 1903 ιδίας
1133 1872 1271 1906 γυναικός.

1087 1917 1184 1953 Ἐρὼτ.
1199 1919 1257 1950 ις’.
1275 1915 1390 1951 Λέγουσι
1405 1924 1485 1947 τινες,
1507 1915 1548 1942 ὅτι
1563 1914 1726 1949 συγγνώμην
1742 1909 1814 1946 ἔχειή

1045 1964 1189 2000 σωματικὴ
1211 1963 1332 1999 ἁμαρτία
1349 1963 1418 1998 ὑπὲρ
1442 1962 1531 1993 πάσας
1553 1962 1603 1991 τὰς
1623 1960 1764 1996 ἁμαρτίας.
1787 1955 1819 1986 ὡς

1045 2012 1162 2047 φυσικῆς
1178 2009 1352 2046 ὑπαρχούσης
1367 2010 1415 2045 τῆς
1431 2010 1564 2044 κινήσεως
1579 2009 1609 2034 ἐν
1626 2007 1663 2043 τῷ
1683 2004 1815 2040 ἀνθρώπῳ-

1086 2059 1179 2085 Ἀπὸκ.
1200 2056 1359 2083 Τοὺναντίον
1379 2057 1393 2081 ὁ
1421 2055 1581 2086 Ἀπόστολος
1601 2052 1751 2089 βαρυτέραν
1772 2056 1818 2074 πα-

1046 2105 1098 2131 σῶν
1113 2104 1167 2131 τῶν
1180 2102 1318 2138 ἁμαρτιῶν
1333 2102 1416 2137 αὐτὴν
1431 2101 1572 2136 ὀνομάζει,
1588 2101 1673 2133 λέγων
1686 2107 1692 2113 ·
1715 2107 1722 2123 ι
1749 2095 1816 2121 Πᾶσα

210 2145 317 2173 Verbis:
337 2154 346 2170 ‹
365 2144 450 2171 Omne
466 2147 605 2178 peccatum
622 2143 804 2178 quodcunque
825 2143 920 2171 I‘eeerit
944 2145 993 2171 ho-

1054 2151 1178 2186 ιμαρτία,
1197 2150 1229 2184 ἦν
1247 2149 1279 2175 ἂν
1294 2150 1394 2184 ποιήσῃ
1407 2147 1559 2182 ἄνθρωπος,
1575 2147 1653 2177 ἐκτὺς
1671 2143 1716 2170 τοῦ
1735 2140 1816 2196 mittit:—

210 2201 273 2223 mo.
293 2196 369 2220 extra
383 2199 481 2225 corpus
506 2196 566 2218 est:
582 2191 628 2225 qui
656 2194 745 2217 autem
774 2191 939 2222 fornicatur,
965 2192 992 2218 in

210 2248 309 2276 corpus
330 2247 409 2267 suum
431 2242 523 2273 peccat
539 2239 582 2265 ⁸⁸ε
601 2248 610 2264 ι
634 2237 854 2273 quandoquidem
884 2246 916 2265 ex
933 2239 993 2273 ipsa

209 2295 258 2314 sua
270 2294 364 2318 carne,
378 2286 458 2312 reluti
474 2285 610 2320 quoddam
622 2285 798 2317 sacriﬁcium,
808 2293 899 2312 semen
910 2293 990 2312 suum

210 2333 317 2360 Satanae
339 2331 427 2359 oll'ert.
454 2330 587 2358 Praeterea
612 2331 735 2358 naturale
758 2331 823 2357 item
849 2334 890 2358 est
916 2338 992 2357 com-

207 2379 299 2412 edere,
313 2383 431 2406 attamen
443 2378 666 2413 prmvaricantem
677 2377 809 2404 Adamum
825 2377 991 2404 condemna-

207 2426 245 2453 vit
262 2424 343 2452 Deus.

243 2470 353 2503 Ques'r.
369 2469 473 2497 XCVII.
492 2469 563 2502 Quot
577 2468 753 2504 suntjudicia
767 2472 794 2495 et
810 2472 922 2503 peccata
935 2467 992 2495 Ior-

207 2517 371 2544 nicalionis?

243 2563 325 2592 Resp.
341 2564 424 2591 Multa
441 2568 469 2591 et
488 2563 574 2590 varia.
592 2562 717 2589 Graviori
733 2562 804 2590 enim
819 2562 924 2597 judicio
945 2561 992 2589 ob-

205 2612 305 2638 onius
320 2615 361 2638 est
372 2611 418 2646 qui
432 2618 543 2638 uxorem
562 2611 666 2638 habens
680 2613 825 2641 scortatur,
841 2616 923 2644 quam
943 2608 989 2643 qui

207 2665 318 2685 uxorem
336 2666 390 2685 non
412 2658 503 2685 habet.
522 2657 646 2685 Graviori
659 2658 723 2684 item
739 2657 875 2685 obnoxius
888 2663 930 2685 est
942 2658 988 2693 jn-

243 2735 265 2751 "
285 2735 372 2763 lCor.
388 2744 414 2762 Vl
426 2756 434 2769 ,
452 2736 493 2762 I8.

241 2815 296 2849 (55)
315 2814 382 2849 Reg.
409 2815 437 2845 ‘2.
464 2814 555 2841 ἕνεκεν
579 2814 626 2842 τοῦ
646 2814 736 2845 ἐλέους
758 2822 814 2840 σου.
832 2813 914 2844 Editi,
941 2812 986 2849 διά

204 2847 250 2877 ’ωδ
268 2847 396 2888 ὀνόμαέές
411 2858 468 2878 σου.
483 2849 543 2878 Mox
565 2850 691 2878 mutilum
709 2853 865 2877 contextum
890 2849 917 2875 in
942 2847 984 2875 cd.

1047 2197 1091 2228 τός
1106 2197 1194 2222 ἐστιν’
1211 2196 1225 2221 ὁ
1237 2194 1265 2220 δὲ
1281 2193 1418 2229 πορνεύων
1437 2194 1476 2223 εἰς
1492 2193 1522 2218 τὸ
1534 2192 1598 2218 ἴδιον
1613 2191 1690 2226 σῶμα
1706 2183 1816 2222 ἀμαρτάί

1046 2251 1101 2270 νει·
1125 2252 1134 2268 ι
1151 2242 1242 2276 ἐπειδὴ
1257 2239 1286 2273 ἐξ
1303 2240 1385 2275 αὐτῆς
1399 2240 1449 2274 τῆς
1466 2239 1532 2270 ἰδίας
1548 2238 1660 2274 Σαρχὸς,
1676 2235 1762 2267 ὥσπερ
1776 2230 1815 2276 βυ-

1048 2287 1107 2313 σίαν
1127 2286 1196 2317 τινὰ,
1215 2285 1327 2321 παρέχει
1341 2284 1380 2319 τῷ
1401 2284 1511 2319 Σατανᾷ
1532 2283 1580 2318 τὴν
1600 2280 1694 2309 ἑαυτοῦ
1712 2274 1811 2321 ampli-V-

1047 2334 1101 2359 Καὶ
1117 2333 1198 2360 πάλιν
1213 2332 1243 2358 τὸ
1256 2318 1356 2366 ⁷ιιςῖειλίεῐν
1367 2318 1485 2365 γφυσικόν
1503 2331 1571 2360 ἐστι,
1593 2329 1640 2355 καὶ.
1663 2325 1712 2352 ἰδοὺ
1728 2324 1741 2349 ό
1757 2318 1814 2348 Θεὸς

1046 2379 1090 2406 τὸν
1110 2379 1194 2414 ’Λδὰμ
1215 2378 1376 2413 παραϐάντα
1389 2376 1575 2403 κατεδίκασεν.

1084 2470 1181 2507 Ἐρώτ.
1199 2470 1251 2503 κζ’.
1274 2470 1349 2496 Πόσα
1365 2469 1486 2504 κρίματα
1501 2467 1548 2494 καὶ
1561 2465 1740 2502 ἁμαρτήματα
1753 2462 1810 2490 mP‘

1044 2518 1106 2544 νικά
1116 2518 1199 2549 είσιν;

1085 2563 1178 2590 nam.
1194 2547 1286 2589 nam
1302 2562 1347 2588 καὶ
1367 2561 1492 2595 διάφορα.
1509 2557 1621 2590 Μείζονι
1637 2554 1689 2590 γὰρ
1709 2547 1809 2595 rem?

1044 2611 1185 2637 ὑπόκειται
1198 2609 1211 2635 ὁ
1351 2587 1476 2641 ἐχωνικαὶ
1490 2587 1626 2640 πορνεύων
1641 2587 1712 2632 παρὰ
1722 2593 1764 2642 ’ξὺν

1227 2632 1470 2690 ita-rath
1484 2632 1602 2684 γὀύαῖχα
1616 2646 1682 2681 ἔχων
1695 2638 1759 2672 ὑπὲρ
1769 2632 1807 2660 τδν

1039 2819 1071 2839 ex
1088 2818 1154 2837 mss.
1170 2808 1336 2844 quibusdam
1351 2805 1547 2844 restituimus.'

1076 2846 1131 2881 (ω)
1148 2837 1193 2872 Sic
1207 2852 1274 2873 mss.
1290 2842 1363 2870 Editi
1380 2848 1454 2875 vero,
1468 2837 1703 2874 ἐπαγγειλάμενος·
