1924 3059
80 164 136 193 657

561 165 798 199 QUIESTIONES
816 165 862 193 AD
881 165 1083 194 ANTIOCHUM
1104 165 1231 194 DUCEM.

1653 166 1705 193 658

81 224 205 259 πονηρὰν
224 223 335 259 ἔχοντα·
355 225 402 252 καὶ
429 225 532 261 μείζονι
549 226 564 251 6
585 225 613 252 ὲν
636 226 710 260 γήρᾳ
732 224 869 260 πορνεύων

926 224 993 252 licio
1018 225 1064 260 qui
1090 224 1188 251 bonam
1214 223 1295 250 habet
1318 223 1470 258 conjugem,
1487 215 1568 258 quam
1583 222 1629 258 qui
1645 230 1705 249 ma-

81 269 158 305 παρὰ
184 270 230 296 τὸν
253 271 282 297 ὲν
306 271 428 306 νεότητιο
453 271 499 298 καὶ
526 270 627 306 μείζονι
654 271 669 298 ὁ
691 270 868 302 ἀδιαλείπτως

81 315 154 351 ὑπὲρ
168 316 213 342 τὸν
228 315 273 342 διὰ
285 316 391 352 χρόνου·
405 317 452 343 καὶ
468 316 569 352 μείζονι
585 317 599 343 6
617 316 654 352 μὴ
665 316 769 351 θερμῆς
783 316 869 352 ὑπάρ-

82 369 138 396 χων
153 361 286 394 κράσεως,
299 360 366 387 ἀλλὰ
378 361 493 396 ψυχρᾶς,
509 361 605 388 ἑαυτὸν
617 361 645 387 δὲ
658 360 702 387 διὰ
719 360 869 396 βρωμάτων

82 406 248 443 θερμαίνων,
263 407 310 433 καὶ
323 408 362 438 εἰς
379 408 474 443 ἡδονὴν
491 407 720 442 προτρεπόμενος.
736 407 789 433 Καὶ
802 407 869 434 ἄλλα

80 453 112 479 δὲ
135 453 219 480 πολλά
239 453 312 480 ἐστιν
336 453 423 479 εἰπεῖν
448 453 495 479 καὶ
521 453 636 488 διάφορα
655 453 719 488 περὶ
743 452 869 487 πορνείας

80 499 159 535 παρὰ
172 498 231 534 Θεῷ
252 499 384 534 κρίματα.
403 498 484 525 Ἀλλο
506 498 560 534 γὰρ
577 500 663 534 κρῖμα
683 497 722 533 τῷ
741 499 781 530 εἰς
805 499 869 534 μίαν

80 547 201 580 γυναῖκα
215 545 397 580 ἁμαρτάνοντι
418 545 488 580 ὑπὲρ
503 545 548 572 τὸν
563 546 603 577 εἰς
624 545 724 576 πολλὰς
746 545 795 571 καὶ
813 545 870 572 δια-

80 591 182 627 φόρους
203 590 417 626 κατατρέχοντα,
433 590 480 617 καὶ
500 590 599 622 πολλὰς
620 590 708 625 ψυχὰς
731 590 800 626 μετὰ
820 591 869 626 τῆς

81 636 180 664 ἑαυτοῦ
196 636 378 664 ἀπολλύοντα·
393 637 440 663 καὶ
454 636 518 663 ἄλλο
540 636 620 663 πάλιν
637 638 724 672 κρῖμα
737 636 784 662 τοῦ
801 637 869 672 μετὰ

81 684 301 718 παρατηρήσεως
320 682 521 719 ἁμαρτάνοντος
537 681 612 716 παρὰ
625 681 670 708 τὸν
685 682 869 717 ἀναισχύντως

81 728 179 755 ἑαυτὸν
200 729 233 763 τῇ
250 728 373 763 ἁμαρτίᾳ
395 728 532 755 ἐκδιδόντα
550 728 622 763 (55),
640 729 687 755 καὶ
707 728 798 765 ἕτερον
821 729 868 755 τοῦ

83 773 199 809 σύμϐιον
220 773 325 809 ἔχοντος
347 773 402 809 (56)
429 774 476 800 καὶ
495 775 535 806 εἰς
559 774 692 809 ὖπανδρον
709 774 867 806 πταίοντος·

56 845 64 849 _
80 819 153 855 ὅπερ
165 819 211 845 καὶ
223 819 302 854 διπλῆ
316 820 421 855 μοιχεία
433 819 471 855 τῷ
486 820 659 855 ἐργαζομένῳ
671 819 719 855 τὴν
733 821 869 856 ἁμαρτίαν

81 864 230 898 λογίζεται.
247 865 361 901 Φρικτὸν
381 865 410 892 δὲ
433 865 513 892 πάλιν
531 866 561 892 τὸ
579 867 666 901 κρῖμα
689 866 719 892 τὸ
740 869 867 902 κανονικῇ

922 270 975 297 lam
989 279 994 297 :
1011 270 1128 305 graviori
1143 270 1189 304 qui
1206 269 1233 296 in
1249 273 1388 297 senectute
1405 273 1550 300 scortntur,
1564 275 1644 303 quam
1657 268 1704 302 qui

922 316 948 342 in
962 316 1104 350 juventute
1120 325 1126 342 :
1143 315 1261 350 graviori
1279 315 1326 350 qui
1341 314 1466 345 assidue,
1492 321 1572 348 quam
1589 313 1634 348 qui
1664 313 1706 340 in—

922 364 1027 390 terdurn
1040 372 1047 389 :
1062 363 1197 397 graviori,
1223 362 1269 396 qui
1294 369 1356 389 cum
1382 360 1462 387 calidi
1481 367 1535 387 non
1551 360 1586 387 sit
1600 363 1704 394 tempe-

922 408 1050 439 ramenti,
1066 408 1113 435 sed
1131 407 1232 443 frigidi,
1249 415 1277 434 se
1300 407 1388 442 ipsum
1404 406 1472 433 cibis
1484 405 1618 437 calefacit,
1632 410 1657 432 et
1671 404 1704 431 ad

921 455 1085 489 voluptatem
1097 454 1232 482 accendit.
1247 453 1328 480 Multa
1344 461 1452 488 quoque
1463 453 1514 478 alia
1528 455 1555 479 et
1572 451 1647 478 varia
1663 451 1704 477 af-

922 499 985 526 ferri
1004 503 1119 534 possunt
1135 499 1181 526 Dei
1194 499 1295 534 judicia
1306 499 1340 526 dc
1359 497 1534 526 scortatione.
1544 497 1623 524 Aliud
1632 498 1704 524 enim

921 551 964 575 est
977 548 1110 582 judicium
1131 547 1190 582 ejus
1202 548 1248 582 qui
1272 547 1298 574 in
1320 554 1400 574 unam
1425 549 1519 581 peccat
1543 545 1681 572 mulierem
1695 565 1703 578 ,

922 602 1002 629 quam
1027 593 1118 629 quiin
1144 594 1236 628 plures
1261 597 1287 620 et
1300 593 1421 619 diversas
1446 592 1535 624 irruit,
1551 591 1704 624 multasque

922 640 1026 667 animas
1041 647 1102 666 cum
1120 647 1168 667 sua
1184 639 1281 675 perdit.
1298 638 1377 665 Aliud
1391 646 1485 666 rursus
1498 637 1631 672 judicium
1644 636 1704 671 ejus

921 688 973 716 est,
985 685 1031 720 qui
1048 692 1110 711 cum
1125 684 1214 719 aliqua
1230 683 1420 711 observatione
1441 685 1546 718 peccat,
1560 689 1641 717 quam
1657 681 1705 716 qui

922 730 1090 765 impudenter
1105 738 1133 758 se
1147 731 1203 765 ipse
1218 734 1330 765 peccato
1344 729 1489 764 mancipat.
1509 728 1590 755 Aliud
1605 728 1703 755 iterum

920 775 1052 810 judicium
1068 775 1128 810 ejus
1148 779 1190 803 est
1210 775 1256 810 qui
1273 783 1385 802 uxorem
1401 775 1482 802 habet
1498 777 1525 801 et
1552 773 1578 800 in
1592 776 1704 808 nuptam

922 825 1026 856 peccat,
1042 821 1114 855 quod
1144 824 1174 848 ut
1197 820 1294 856 duplex
1309 820 1472 848 adulterium
1488 819 1638 854 imputatur
1651 817 1705 845 hu-

919 867 1039 902 jusmodi
1054 870 1195 902 peccatum
1210 866 1399 894 committenti.
1422 865 1592 893 Horrendum
1614 868 1704 892 autem

82 911 194 945 γυναικὶ
219 911 451 946 κατεπέρχεσθαι·
476 912 522 938 καὶ
548 912 628 939 πάλιν
651 912 681 938 τὸ
706 913 868 948 ἀδικουμένῃ

926 913 1050 943 iudicium
1066 911 1126 947 ejus
1139 912 1185 947 qui
1204 912 1237 939 ad
1257 912 1414 939 canonicam
1431 910 1535 938 accedit
1547 910 1704 943 mulierem;

82 957 194 989 γυναικὶ
219 956 324 992 βοηθεῖν
348 958 395 983 καὶ
421 957 516 992 μισθὸν
538 958 588 993 τῆς
611 959 777 994 προστασίας
804 958 871 994 πρὸς

82 1001 220 1036 ἁμαρτίαν
236 1002 303 1037 αὐτῇ
319 1002 505 1036 συγγενέσθαι.
527 1003 564 1030 Οὐ
587 1003 666 1038 μόνον
685 1003 725 1036 δὲ,
742 1003 809 1030 ἀλλὰ
825 1003 872 1030 καὶ

83 1047 166 1078 τόπος
182 1048 250 1083 πρὸς
269 1048 406 1084 ἁμαρτίαν
419 1049 478 1075 ἐστὶ
489 1049 616 1086 διάφορος
628 1050 694 1085 (57).
710 1049 806 1077 Πολλοὶ
817 1049 872 1086 γὰρ

84 1092 132 1119 καὶ
148 1093 177 1118 ἐν
192 1093 325 1129 ἐκκλησία
342 1094 390 1129 τὴν
405 1095 542 1130 ἁμαρτίαν
561 1095 739 1131 ἐργάζονται,
755 1097 801 1123 καὶ
818 1096 872 1122 διτ-

84 1137 130 1164 τὸν
153 1139 239 1174 κρῖμα
264 1140 455 1175 ἀποφέρονται.
482 1140 614 1173 Πολλάκις
637 1141 692 1178 γὰρ
716 1142 763 1169 καὶ
787 1141 872 1176 φίλων

82 1185 217 1218 γυναῖκας
228 1185 384 1219 μολύνουσιν
399 1186 497 1221 ἕτεροι,
517 1186 664 1222 Ίουδαίκὴν
678 1188 788 1222 ἀγάπην
805 1187 870 1214 ὑπο-

84 1230 249 1265 κρινόμενοι.
275 1231 364 1266 Ἂπερ
386 1232 492 1258 ἅπαντα
512 1232 651 1268 ἀνακρίνει
673 1234 720 1260 καὶ
746 1235 842 1260 σκοπεί
856 1234 871 1260 6

84 1275 190 1307 δίκαιος
205 1275 250 1302 τοῦ
272 1275 339 1302 Θεοῦ
356 1276 504 1312 ὀφθαλμὸς,
521 1278 592 1305 κατὰ
608 1278 638 1304 τὸ
652 1278 771 1314 ἄρρητον
787 1279 870 1306 αὐτοῦ

85 1321 174 1355 κρῖμα
187 1320 216 1346 τὸ
230 1321 489 1357 ἀπροσωπὸληπτον,
513 1322 560 1348 καὶ
574 1322 619 1349 τὸν
633 1322 715 1357 ζυγὸν
731 1323 813 1351 αὑτοῦ
826 1324 872 1351 τὸν

85 1365 187 1401 ἀκριϐῆ
202 1366 248 1392 καὶ
263 1366 438 1402 ἀχλεύαστον.

130 1421 223 1457 Ἐρώτ.
248 1424 301 1458 ij'.
320 1422 428 1449 Πολλῶν
453 1423 563 1450 δικαίων
581 1424 628 1452 δύο
642 1426 774 1460 γυναῖκας
793 1426 822 1452 ὲν
837 1427 870 1461 τῇ

86 1466 194 1501 Παλαιᾷ
211 1467 257 1493 καὶ
274 1469 347 1502 τρεῖς
364 1468 497 1502 ἐχόντων,
516 1469 573 1501 πῶς
590 1471 655 1505 ἡμῖν
669 1471 718 1496 οὐκ
731 1471 873 1506 ἐπιτέτρα-

85 1520 152 1539 πται
172 1511 218 1538 δύο
240 1513 371 1545 γυναῖκας
391 1512 472 1547 ἔχειν,
492 1513 550 1540 ἀλλ’
572 1514 632 1540 οὐδὲ
649 1515 789 1547 παλλακὰς
805 1516 872 1550 κτή-

87 1557 202 1590 σασθαι;

130 1614 224 1641 Ἀπόκ.
242 1615 279 1641 οὐ
298 1615 376 1650 μόνον
389 1616 420 1643 τὸ
430 1616 476 1642 δύο
486 1618 616 1652 γυναῖκας
626 1617 699 1653 ἔχειν
707 1618 773 1650 τοὺς
788 1619 874 1645 Θεοσϋ

87 1661 147 1693 Sd;
161 1662 174 1687 6
188 1662 307 1698 ψει-τὴς
317 1662 488 1694 διεκώλυσεν,
509 1664 576 1690 ἀλλὰ
589 1664 635 1690 καὶ
652 1664 735 1699 αὐτῆς
747 1664 796 1699 τῆς
811 1665 874 1697 μιᾶς

88 1708 237 1743 ἀπέχεσθαι
248 1709 442 1744 προετρέψατο,
458 1709 544 1743 λέγων
555 1717 561 1724 ·
578 1719 587 1735 ι
610 1710 694 1745 Ἀμὴν
711 1709 781 1743 λέγω
799 1710 873 1745 ὑμῖν,

88 1754 163 1784 ὅστις
175 1754 206 1779 οὔ
223 1756 295 1789 μισεῖ
312 1754 417 1789 πατέρα
433 1755 480 1782 καὶ
498 1755 607 1791 μητέρα
619 1756 667 1782 καὶ
684 1757 809 1790 γυναῖκα,
828 1756 875 1782 καὶ

89 1799 231 1827 ἀκολουθεῖ
245 1800 331 1827 ὀπίσω
345 1809 406 1836 μου,
418 1801 467 1827 οὐκ
481 1801 539 1828 ἐστι
556 1810 606 1836 μου
616 1801 698 1833 ἄξιος.
707 1811 716 1826 ι
728 1802 758 1828 Εἰ
772 1802 800 1827 δὲ
815 1801 876 1837 βού-

90 1843 132 1870 λει
156 1844 187 1870 τὸ
212 1844 383 1881 μειζότερον,
417 1846 552 1873 ἄκουσον·
589 1856 598 1872 ι
635 1846 764 1882 Ἐρῤήθη,
799 1853 874 1882 φησι,

89 1891 147 1922 τοῖς
166 1890 298 1926 ἀρχαίοις,
317 1892 353 1918 Οὐ
374 1892 542 1928 μοιχεύσεις’
574 1892 628 1927 ἐγὼ
661 1893 690 1919 δὲ
711 1893 781 1927 λέγω
800 1893 874 1928 ὑμῖν,

90 1937 134 1963 ὅτι
148 1937 200 1967 πᾶς
216 1939 230 1963 6
242 1937 378 1972 ἐμϐλέψας
393 1940 509 1972 γυναῖκα
522 1939 588 1974 πρὸς
597 1938 812 1973 τὺὲπιθυμῆσαι,
825 1939 875 1974 ἤδη

91 1982 250 2018 ἐμοίχευσεν
268 1984 351 2020 αὐτὴν
370 1985 398 2011 ἐν
416 1986 447 2020 τῇ
464 1985 562 2020 καρδία
580 1985 672 2012 αὑτοῦ.
695 1995 705 2010 ›
724 1985 754 2011 Εἰ
768 1983 813 2011 οὖν
827 1986 876 2020 τὴν

91 2029 140 2056 τοῦ
165 2029 302 2065 ὀφθαλμοῦ
328 2030 474 2065 ἐπιθυμίαν
497 2031 618 2066 μοιχείαν
641 2031 656 2056 6
682 2030 797 2066 Χριστὸς
822 2032 877 2062 τοῖς

92 2076 200 2106 πιστοῖς
215 2076 361 2109 λογίζεται,
378 2076 457 2103 ποίαν
476 2076 569 2103 λοιπὸν
590 2076 746 2111 φιλοσοφίαν
763 2077 809 2102 καὶ
828 2085 877 2102 πο-

92 2120 196 2147 λιτείαν
210 2123 233 2148 οί
253 2123 342 2149 πιστοὶ
359 2123 433 2159 παρᾶ
447 2124 509 2155 τοὺς
526 2124 555 2149 ἐν
570 2124 603 2159 τῇ
623 2123 728 2158 Παλαιᾷ
747 2123 877 2149 ἀπαιτού-

94 2167 178 2202 μεθας
204 2169 235 2194 Εἰ
263 2169 318 2204 γὰρ
340 2169 399 2202 ἐξὸν
428 2170 472 2197 τὸν
503 2169 645 2206 ἄνθρωπον
674 2169 720 2196 δῦο
748 2172 878 2204 γυναῖκας

91 2213 176 2248 ἔχειν,
200 2215 330 2250 πρόδηλον
359 2216 400 2242 ὅτι
427 2216 472 2242 καὶ
503 2217 536 2252 τῇ
563 2216 672 2250 γυναικὶ
699 2215 745 2242 δύο
768 2216 876 2252 ἄνδρας.

923 961 991 985 utet
1003 957 1049 993 qui
1071 957 1180 984 mulieri
1201 956 1306 984 amictae
1327 964 1404 992 opem
1419 956 1481 987 fert,
1495 955 1609 990 ejusque
1622 962 1705 982 causa

922 1003 1040 1039 praesidii
1057 1007 1151 1038 peccat
1164 1010 1225 1030 cum
1245 1010 1287 1029 ea.
1303 1001 1360 1029 lino
1374 1009 1438 1028 vero
1454 1001 1561 1027 ratione
1577 1000 1639 1032 loci,
1655 1007 1705 1025 va-

923 1049 981 1076 rius
995 1056 1102 1083 quoque
1125 1052 1165 1076 est
1194 1048 1297 1083 peccati
1321 1047 1428 1074 modus.
1454 1045 1531 1072 Multi
1555 1046 1626 1072 enim
1644 1052 1707 1080 pec-

922 1097 986 1121 cant
1003 1094 1030 1121 in
1055 1093 1183 1126 ecclesia,
1203 1091 1493 1128 duplexquejudicium
1508 1090 1635 1118 subeunt.
1651 1089 1707 1117 Sa-

922 1149 955 1177 pe
965 1141 1037 1170 enim
1055 1141 1101 1168 alii
1127 1139 1266 1167 Judaicam
1284 1139 1444 1167 simulantes
1459 1137 1618 1165 charitatem
1639 1136 1707 1162 ami-

921 1193 1016 1215 corum
1031 1187 1162 1221 conjuges
1182 1186 1377 1213 contaminant.
1405 1184 1470 1217 Qum
1486 1183 1595 1218 quidem
1616 1182 1706 1209 omnia

922 1232 1054 1267 dijudicat
1066 1237 1093 1259 et
1104 1231 1176 1258 videt
1189 1231 1283 1266 justus
1293 1230 1340 1258 Dei
1355 1230 1462 1261 oculus,
1479 1230 1556 1264 juxta
1573 1227 1707 1255 ineffabile

922 1278 983 1313 ejus
996 1278 1129 1313 judicium
1148 1277 1195 1312 qui
1220 1284 1364 1312 personam
1383 1283 1439 1303 non
1462 1274 1572 1309 accipit,
1590 1278 1617 1300 et
1630 1273 1707 1307 juxta

922 1329 1078 1353 accuratam
1092 1324 1152 1360 ejus
1167 1331 1194 1351 et
1208 1323 1319 1350 minime
1333 1322 1473 1350 ridendam
1494 1321 1636 1348 trutinam.

958 1425 1068 1459 Qumsr.
1084 1423 1201 1451 XCVIII.
1219 1423 1286 1450 Cum
1308 1422 1386 1449 multi
1407 1422 1473 1456 justi
1489 1421 1557 1448 duas
1571 1420 1612 1447 vel
1626 1419 1707 1447 etiam

922 1476 979 1500 tres
997 1479 1095 1498 uxores
1115 1470 1141 1496 in
1159 1469 1249 1496 Veteri
1265 1467 1440 1496 Testamento
1455 1466 1609 1497 habuerint,
1625 1473 1708 1500 quare

923 1517 1003 1544 nobis
1018 1525 1071 1543 non
1086 1515 1148 1542 licet
1157 1515 1233 1542 duas
1249 1513 1349 1542 habere
1364 1520 1474 1545 uxores,
1488 1519 1537 1539 nec
1549 1511 1630 1538 ctiam
1643 1517 1708 1537 con-

923 1563 1038 1591 cubinas
1047 1563 1208 1597 possidere?

959 1621 1040 1649 Esse.
1056 1620 1114 1648 Non
1130 1621 1212 1647 modo
1229 1620 1290 1655 pios
1303 1619 1372 1646 duas
1388 1618 1488 1644 trahere
1510 1623 1610 1642 uxores
1624 1614 1709 1642 vetuit

921 1667 1059 1698 Christus,
1072 1667 1119 1694 sed
1130 1667 1210 1694 etiam
1223 1666 1346 1693 hortatus
1354 1668 1395 1691 est
1407 1667 1437 1690 ut
1449 1663 1483 1689 ab
1494 1662 1551 1696 ipsa
1561 1668 1614 1688 una
1628 1660 1711 1687 absti-

924 1716 1015 1740 neant.
1041 1721 1050 1738 ι
1067 1712 1163 1744 Amen,
1195 1711 1294 1746 inquit,
1325 1709 1386 1736 dico
1403 1708 1491 1743 vobis,
1515 1707 1561 1742 qui
1583 1713 1635 1733 nor:
1652 1705 1710 1732 odit

925 1763 1027 1793 patrem
1044 1760 1071 1783 et
1086 1760 1198 1783 matrem
1214 1759 1241 1782 ct
1261 1762 1370 1782 uxorem
1391 1761 1441 1781 nec
1453 1753 1576 1787 sequitur
1587 1759 1639 1783 me,
1655 1758 1710 1777 non

924 1806 966 1830 est
983 1809 1026 1829 mc
1039 1802 1137 1837 dignus
1149 1801 1182 1828 ".
1197 1811 1206 1827 ι
1218 1800 1295 1834 Quod
1308 1800 1330 1828 si
1343 1800 1430 1835 majus
1444 1798 1545 1832 aliquid
1558 1796 1711 1833 optas,haec

925 1847 988 1874 audi
1000 1857 1006 1874 :
1018 1856 1027 1872 ι
1041 1847 1148 1874 Dictum
1166 1851 1218 1878 est,
1236 1846 1333 1881 inquit,
1348 1845 1468 1880 antiquis
1485 1853 1491 1871 :
1510 1843 1569 1870 Non
1592 1842 1712 1869 mmeha-

925 1893 1016 1920 beris:
1036 1900 1086 1928 ego
1101 1896 1189 1919 autem
1210 1891 1271 1919 dico
1288 1891 1363 1918 vobis
1382 1890 1446 1925 quia
1462 1889 1552 1916 omnis
1573 1888 1618 1923 qui
1636 1887 1712 1914 vide-

927 1939 960 1966 rit
975 1938 1114 1965 mulierem
1131 1937 1164 1964 ad
1176 1935 1425 1972 concupiscendum
1437 1942 1509 1966 eam,
1523 1933 1578 1968 jam
1591 1931 1710 1959 moueba-

927 1988 971 2012 tus
990 1988 1032 2011 est
1046 1991 1105 2011 eam
1126 1984 1153 2010 in
1174 1982 1255 2010 corde
1271 1990 1321 2010 suo
1335 1982 1369 2010 ".
1390 1991 1399 2008 ι
1417 1980 1445 2008 Si
1463 1981 1546 2016 igitur
1563 1979 1634 2005 oculi
1649 1985 1711 2004 con-

928 2030 1123 2066 cupiscentiam
1157 2029 1283 2057 Christus
1313 2029 1340 2055 in
1375 2028 1501 2055 fidelibus
1531 2028 1623 2053 censet
1651 2031 1712 2051 esse

927 2077 1101 2107 adulterium,
1117 2084 1254 2111 quaenam,
1270 2083 1371 2110 qua‘so,
1385 2072 1568 2109 philosophia,
1588 2071 1713 2106 quinam—

928 2131 960 2150 ve
971 2122 1078 2150 vivendi
1095 2122 1190 2149 modus
1218 2130 1232 2149 a
1261 2122 1339 2148 nobis
1361 2120 1484 2147 ﬁdelibus
1514 2126 1569 2153 pra:
1593 2115 1713 2150 antiquis

928 2169 1066 2204 exigitur?
1081 2168 1108 2195 Si
1126 2168 1199 2196 enim
1216 2168 1277 2195 licet
1289 2165 1392 2193 homini
1406 2165 1473 2191 duas
1490 2163 1590 2190 habere
1602 2168 1712 2192 uxores,

930 2219 1003 2243 certe
1020 2219 1046 2242 et
1060 2215 1138 2241 uxori
1149 2214 1218 2241 duos
1235 2213 1355 2240 maritos.
1379 2211 1449 2238 Audi
1472 2217 1538 2245 ergo
1554 2207 1619 2243 quid
1641 2207 1713 2234 dicat

94 2259 227 2286 Ἀκουτον
243 2260 308 2294 γοῦν
324 2261 370 2287 τοῦ
382 2260 448 2287 Θεοῦ
466 2261 584 2296 περὶτοῦ
601 2261 696 2297 ἀνδρὸς
712 2262 757 2288 καὶ
770 2262 819 2297 τῆς
831 2270 873 2295 γυ-

932 2260 1001 2287 Deus
1015 2260 1052 2287 de
1071 2261 1131 2287 .viro
1155 2264 1180 2286 et
1198 2259 1231 2286 de
1254 2266 1347 2288 uxore.
1367 2267 1375 2283 ι
1395 2256 1480 2283 Erunt
1511 2255 1565 2281 duo
1590 2254 1615 2280 in
1632 2259 1714 2280 carne

91 2305 186 2336 ναικὸς
212 2305 345 2338 λέγοντος,
371 2307 410 2333 ὅτι
428 2316 438 2332 ‹
454 2307 578 2333 Ἔσονται
606 2308 630 2334 οἱ
657 2307 703 2333 δύο
723 2309 763 2339 είς
788 2305 878 2343 σᾶρκα

94 2351 171 2386 μίαν.
191 2362 201 2378 ι
215 2353 269 2379 Καὶ
283 2353 332 2380 οὒκ
345 2351 430 2385 εἶπεν,
447 2363 456 2378 ι
472 2354 598 2380 Ἔσονται
609 2354 633 2380 οἱ
644 2356 718 2389 τρεῖς
737 2355 776 2386 εἰς
789 2354 877 2389 σάρκα

94 2396 162 2432 μίαν
181 2397 245 2432 (58).
272 2408 280 2423 ι
308 2398 402 2434 Ὅμως
426 2398 474 2433 μία
491 2398 569 2433 γυνὴ,
596 2398 702 2424 δοθεῖσα
729 2398 767 2433 τῷ
789 2398 876 2433 ἀνδρὶ,

93 2443 169 2479 αὐτῷ
192 2452 222 2470 τε
239 2444 286 2470 καὶ
306 2443 345 2479 τῷ
369 2444 463 2479 κόσμῳ
484 2443 677 2470 ἐπεϐούλευσε·
697 2443 722 2469 τί
739 2443 849 2478 ἔμελλεν
864 2444 878 2470 6

95 2490 198 2525 κόσμος
212 2489 316 2522 παθεῖν,
332 2491 355 2516 εί
374 2490 485 2524 ἐποίησε
501 2491 514 2516 6
534 2489 599 2521 Θεὸς
615 2489 662 2516 δύο
681 2491 811 2524 γυναῖκας
831 2489 878 2515 ἀπ’

95 2536 182 2572 ἀρχῆς
194 2535 285 2562 λαϐεῖν
304 2536 350 2562 τὸν
368 2536 509 2571 ἄνθρωπον
522 2544 528 2568 ;
543 2536 574 2562 Εἰ
589 2535 617 2562 δὲ
633 2535 724 2570 ζητεῖς
742 2535 813 2567 τίνος
829 2535 879 2571 χά-

96 2591 139 2618 ριν
161 2583 186 2608 οἱ
207 2582 312 2617 ἀρχαῖοι
335 2583 381 2608 καὶ
405 2582 451 2608 δύο
471 2581 518 2608 καὶ
543 2583 617 2618 τρεῖς
639 2583 771 2616 γυναῖκας
796 2580 878 2617 εἶχον,

97 2627 216 2662 μάνθανε
234 2627 365 2663 ἀκριϐῶς,
386 2628 426 2653 ὅτι
445 2627 528 2663 πολλὴ
544 2625 577 2662 ἦν
594 2627 653 2654 τότε
666 2627 711 2653 τοῦ
725 2627 846 2654 διαϐόλου
863 2628 880 2662 ἡ

95 2673 232 2709 τυραννὶς,
248 2674 281 2708 ῆν
294 2674 308 2700 6
321 2673 438 2708 Χριστὸς
451 2672 620 2708 ἐπιδημήσας
638 2674 804 2708 χατήργησε,
821 2673 882 2699 πολι

932 2315 984 2333 uua
998 2307 1030 2333 ³⁷.
1053 2305 1140 2332 λΝοη
1165 2305 1249 2336 dixit,
1269 2314 1278 2330 ι
1300 2304 1384 2330 Erunt
1406 2307 1460 2329 tres
1475 2302 1501 2328 in
1518 2307 1599 2327 carne
1613 2306 1676 2325 una.
1701 2307 1711 2324 ι

932 2351 1184 2378 Verumtamenuna
1201 2349 1298 2376 mulier
1313 2349 1371 2375 viro
1388 2347 1497 2377 tradita,
1509 2345 1559 2380 ipsi
1573 2348 1599 2372 et
1613 2343 1714 2370 mundo

930 2397 1058 2424 insidiata
1075 2401 1135 2424 est:
1154 2395 1219 2430 quid
1237 2395 1318 2430 igitur
1332 2401 1463 2429 passurus
1475 2395 1533 2419 erat
1549 2390 1676 2422 mundus,
1692 2389 1715 2416 si

931 2443 1002 2471 Deus
1021 2443 1055 2470 ab
1068 2442 1218 2470 iuitioduas
1230 2441 1357 2468 mulieres
1369 2439 1470 2466 homini
1489 2437 1625 2465 dedisset?
1638 2435 1716 2468 Quod

930 2490 953 2516 si
968 2489 1067 2525 quaeris
1081 2489 1158 2523 cujus
1173 2488 1211 2515 rei
1219 2487 1304 2523 gratia
1311 2486 1413 2520 antiqui
1423 2485 1490 2511 duas
1499 2484 1540 2511 vel
1552 2487 1606 2509 tres
1617 2488 1716 2508 uxores

934 2535 1091 2566 habuerint,
1104 2534 1180 2561 disce
1194 2536 1322 2560 accurate
1341 2538 1452 2558 causam
1464 2537 1535 2561 esse,
1547 2526 1619 2563 quod
1632 2525 1716 2552 multa

931 2586 997 2608 tunc
1012 2579 1114 2607 diaboli
1142 2579 1245 2615 vigeret
1267 2577 1388 2614 tyrannis
1399 2597 1406 2608 ,
1434 2583 1514 2610 quam
1530 2574 1655 2602 Christus
1670 2571 1717 2600 ad-

934 2632 1014 2654 ventu
1030 2635 1080 2654 suo
1091 2626 1235 2657 destruxit,
1248 2625 1294 2660 qui
1306 2628 1332 2652 et
1342 2623 1442 2650 mullos
1453 2622 1589 2649 daemones
1603 2627 1618 2647 e
1629 2619 1718 2646 medio

935 2672 1056 2706 sustulit,
1069 2673 1190 2706 aliosque
1207 2671 1232 2698 in
1245 2671 1372 2706 abyssum
1384 2666 1589 2700 exterminavit,
1605 2665 1673 2692 alios
1690 2664 1717 2691 in

132 2751 156 2767 "
176 2751 241 2778 Luc.
261 2759 315 2784 xlv,
331 2751 377 2778 26.
414 2751 436 2767 ⁸⁸
457 2751 551 2779 Matth.
570 2760 596 2785 ν,
614 2751 658 2781 27.
674 2751 719 2778 23.
757 2751 779 2766 ⁸⁷
800 2751 871 2778 Ccue

926 2759 944 2783 ι,
961 2751 1005 2778 24.

136 2839 192 2871 (53)
210 2839 255 2866 Sic
267 2847 334 2867 mss.
351 2839 422 2866 Editi
435 2847 508 2871 vero,
523 2838 685 2866 ὲκόώσαντα.

137 2839 181 2870 (53
210 2839 255 2866 Sic
267 2847 334 2867 mss.
351 2839 422 2866 Editi
435 2847 508 2871 vero,
523 2839 685 2866 ὲκόὡσαντα.

137 2839 192 2910 (56)
212 2874 250 2901 Ita
263 2875 336 2902 editi.
352 2873 416 2902 Mss.
433 2881 506 2907 vero,
523 2874 567 2901 τὸν
582 2873 694 2909 σύμὸιον
707 2874 810 2910 ἔχοντα.

969 2838 1024 2875 (37)
1045 2838 1121 2875 Mss,
1135 2838 1192 2875 ἐστι
1206 2838 1290 2875 κρῖμα
1303 2836 1438 2875 διαφορον.

974 2867 1029 2909 (δέ)
1046 2874 1084 2901 ita
1096 2867 1162 2902 mss.
1177 2873 1205 2900 ln
1220 2867 1310 2905 editis,
1324 2867 1364 2904 είς
1378 2867 1466 2905 σάρκα
1481 2868 1543 2903 μίαν
1556 2867 1664 2896 desunt.
