1924 3059
252 171 303 199 859

832 172 861 199 S.
882 171 1110 200 ATHANASIUS.
1130 188 1165 193 -—
1185 171 1319 201 SI’URIA.

1803 173 1847 202 660

251 228 361 257 deserta
380 229 451 260 loca,
467 229 535 256 alios
552 229 580 256 in
596 233 685 257 terras
705 229 897 258 inhabitabiles
916 235 943 258 et
963 231 1038 259 inac~

1094 232 1151 262 iob;
1163 230 1217 257 τῶν
1227 230 1362 265 δαιμόνων
1372 229 1404 255 ἐκ
1416 228 1499 264 μέσου
1511 228 1644 265 ὲξορίσαςο
1657 228 1717 261 τοὺς
1730 229 1774 265 μὲν
1784 231 1808 257 ἐν
1820 233 1847 267 τῇ

249 283 354 304 083535.

286 364 368 399 239
379 363 489 397 Qussr.
502 363 595 391 XCIX.
612 363 664 396 Qui
681 365 710 392 ﬁt
725 371 754 393 ut
769 374 840 401 saepe
853 367 961 395 somnia
976 374 1039 394 vera

251 410 307 437 sint
317 410 328 436 ‘3

283 454 364 483 Resr.
380 455 409 483 Id
432 465 504 492 saepe
517 466 550 486 ex
573 459 627 487 Deo
647 458 742 486 venit:
757 465 828 492 saepe
847 458 929 485 etiam
947 465 1014 485 casu
1031 467 1036 485 :

253 509 450 537 nonnunquam
475 505 576 536 anima,
601 507 696 539 utpote
709 503 889 538 intelligentia
914 502 1038 537 praedita,

253 547 343 575 futura
355 549 499 583 praenoscit
518 559 524 576 :
545 550 670 585 quaedam
682 549 764 577 etiam
777 549 916 576 daemones
928 549 954 575 in
965 556 1040 576 som-

252 595 297 622 nis
314 595 474 630 prtedicunt.

287 643 398 676 Qumsr.
415 643 446 670 (Σ.
463 642 532 675 Quid
549 642 729 678 igitur?num
751 641 888 668 daemones
903 645 930 668 et
941 641 1040 668 diabo—

253 689 296 716 lus
314 689 421 724 praescii
450 696 541 716 rerum
568 692 645 721 sunt,
669 692 696 715 et
721 688 848 714 cordium
872 688 1038 723 cognitores,

252 743 338 770 eaque
353 743 413 770 quae
429 734 519 762 futura
532 735 587 762 sint
601 739 715 770 possunt
731 733 900 768 prmdicere?

288 781 369 809 lisse.
384 781 463 809 Solus
476 781 547 809 Deus
563 789 608 809 res
623 782 743 816 praescit,
758 784 785 807 et
801 781 926 807 cordium
945 781 1040 815 cogni-

252 831 297 854 tor
314 832 367 855 est.
382 827 474 862 Neque
487 828 557 855 enim
574 827 625 862 ipsi
639 828 727 862 angeli
742 830 842 854 norunt
860 834 892 854 ea
904 834 964 860 qua
978 829 1042 853 sunt

252 873 281 900 in
294 873 387 903 corde.
412 880 461 900 nec
475 880 534 907 quae
556 872 647 899 futura
673 876 746 899 sunt.
771 871 805 898 At
826 871 962 898 dazmones
981 877 1041 905 qua:

1089 277 1209 312 ἀδύσσῳ,
1223 277 1285 307 τοὺς
1300 275 1328 302 δὲ
1342 276 1371 301 ὲν
1391 275 1514 310 ἐρήμοις,
1533 275 1581 302 καὶ
1595 275 1727 310 ἀοικήτοις
1740 276 1782 302 mi
1792 277 1848 303 asa-

1088 331 1145 354 τοις
1161 323 1263 353 τόποις.

1131 367 1226 404 Ἐρώτ.
1244 367 1296 401 Lﬁ'.
1321 367 1383 399 Πῶς
1400 366 1529 398 πολλάκις
1541 366 1576 393 τὰ
1599 366 1647 402 μὲν
1663 366 1715 394 τῶν
1735 367 1850 393 ἐνυπνίων

1090 413 1268 448 ἀληθεύουσιν
1278 421 1286 446 ;

1131 459 1224 486 Ἀπόκ.
1242 459 1327 486 Τοῦτο
1337 458 1467 490 πολλάκις
1482 459 1586 493 γίνεται
1603 459 1649 486 καὶ
1663 459 1695 485 ὲκ
1709 458 1786 486 Θεοῦ·
1801 460 1851 486 πολ·

1090 505 1168 537 λάκις
1184 505 1212 532 δὲ
1228 505 1274 532 καὶ
1288 506 1320 532 ἐκ
1332 505 1379 532 τοῦ
1400 505 1613 540 συμϐεϐηκότος.
1628 505 1705 531 Ἔστι
1718 505 1739 531 δ’
1750 505 1790 532 ὅτε
1815 505 1851 532 καὶ

1090 551 1128 583 ὼς
1144 551 1225 587 νοερὰ
1240 550 1307 578 οὖσα
1323 551 1339 586 ἡ
1356 551 1428 586 ψυχὴ
1443 550 1642 586 προγινώσκει·
1663 550 1721 577 τινὰ
1736 551 1763 577 δὲ
1779 551 1820 578 καὶ
1832 551 1851 578 οἱ

1091 598 1218 633 δαίμονες
1231 597 1434 633 προδεικνύουσι
1451 597 1484 624 δι’
1499 596 1640 624 ἐνυπνίων.

1131 643 1226 678 Ἐρὼτ.
1246 647 1278 678 ρ’.
1293 643 1326 669 Τί
1340 640 1404 675 οὗν;
1425 642 1602 678 προγνώστης
1619 642 1672 678 (39)
1689 643 1759 668 ἐστὶν
1773 644 1786 669 6
1805 643 1851 670 διά-

1091 689 1168 721 εολος
1183 690 1229 716 καὶ
1242 690 1266 716 οἱ
1286 689 1427 724 δαίμονες,
1442 689 1489 716 καὶ
1508 689 1636 717 δύνανται
1655 689 1740 716 εἰπεῖν
1757 689 1788 716 τὰ
1802 690 1853 725 μέλ-

1090 734 1171 762 λοντα
1184 735 1329 769 γενέσθαι;

1133 780 1228 808 ’Δπόκ.
1246 780 1426 816 Προγνώστης
1448 780 1495 806 καὶ
1519 781 1734 817 καρδιογνώστης
1758 781 1854 816 μόνος-ό

1091 824 1157 856 Θεὸς
1173 825 1308 862 ὑπάρχει’
1334 826 1396 852 ἐπεὶ
1420 825 1481 852 οὐδὲ
1507 826 1584 852 αὐτοὶ
1599 828 1623 853 οί
1646 826 1752 861 ἄγγελοι
1779 826 1808 852 τὰ
1831 827 1854 851 ἐν

1091 871 1199 907 καρδίᾳ,
1218 871 1282 906 ἢτὰ
1297 871 1427 906 μέλλοντα
1447 871 1617 899 ἐπίστανται.
1639 873 1669 899 Οἱ
1692 873 1720 899 δὲ
1738 871 1854 907 δαίμονες,

251 919 401 954 praedicere
427 919 607 951 arbitramur,
629 926 661 946 ea
688 927 721 945 ex
747 918 849 945 astutia
880 917 1040 950 conjiciunt.

1094 916 1141 942 ὅσοι
1159 916 1344 951 προδεικνύειν
1358 916 1524 951 νομίζουσιν,
1543 918 1575 943 ὲκ
1594 917 1759 953 πανουργίας
1777 925 1855 951 στοχα-

253 963 333 992 Verbi
349 965 452 999 gratia,
468 971 542 996 cum,
556 969 585 991 ut
599 963 721 998 spiritus,
740 962 842 990 multos
864 962 935 997 apud
959 961 1040 989 Indos

251 1011 353 1038 imbres
382 1010 490 1042 vident,
514 1010 553 1037 illi
567 1011 594 1037 in
613 1009 730 1044 ,ἄζει-ι)ιο
752 1009 931 1044 praeveniunt,
948 1015 980 1034 ac
995 1016 1041 1042 per

251 1055 450 1082 incantationes
465 1059 492 1082 et
507 1055 643 1082 insomnia
659 1061 783 1089 magnam
795 1054 851 1081 fore
861 1053 912 1080 Nili
923 1053 1040 1080 inunda-

252 1100 354 1128 tionem
384 1101 570 1127 vnticinantur
597 1108 604 1126 :
635 1100 744 1134 aliaque
771 1100 814 1127 his
846 1099 947 1127 similia
979 1106 1040 1133 per-

252 1153 347 1182 agunt.
369 1146 446 1182 Saepe
458 1151 548 1174 autem
561 1147 644 1174 etiam
660 1147 838 1174 mentiuntur.
857 1145 926 1173 Hinc
941 1145 963 1173 si
979 1145 1041 1180 quis

252 1194 314 1220 illos
324 1194 388 1220 velit
404 1194 578 1225 convincere,
593 1200 685 1220 secum
699 1192 873 1224 determinet,
891 1199 923 1218 ac
940 1199 1042 1226 suppo-

252 1243 300 1265 nat
315 1243 382 1273 quot
398 1245 526 1265 nummos
541 1238 662 1266 crastina
676 1237 721 1264 die
744 1237 912 1265 distribuere
935 1237 1039 1272 cupiat:

251 1285 314 1318 Quo
330 1283 401 1311 facto
418 1284 536 1310 accitum
549 1291 656 1319 magum
675 1285 717 1311 vel
731 1288 819 1310 vatem
837 1284 988 1318 interroget
1005 1290 1038 1310 ea

253 1330 287 1357 de
310 1337 340 1357 re
355 1329 388 1357 de
410 1337 464 1364 qua
481 1329 683 1363 determinavit,
706 1329 829 1364 nihilque
845 1329 956 1356 omnino
980 1329 1040 1356 illos

253 1383 336 1411 posse
350 1375 454 1403 rescire
469 1375 629 1410 comperiet.

289 1463 401 1496 Qumsr.
416 1463 460 1490 Cl.
473 1463 542 1502 cum
561 1464 670 1498 quidam
684 1468 712 1491 et
725 1463 811 1491 Judaei
821 1467 848 1491 et
863 1463 978 1499 gentiles
994 1462 1040 1490 he-

253 1509 351 1536 nellcia
367 1516 438 1543 saepe
458 1509 590 1541 tribuant,
615 1508 739 1544 nunquid
758 1509 863 1536 idcirco
884 1508 910 1534 in
926 1514 1040 1542 regnum

253 1555 386 1582 caelorum
399 1554 605 1589 ingrediuntur?
617 1559 664 1582 aut
677 1555 742 1590 quid
761 1555 841 1582 nobis
852 1554 886 1581 de
901 1553 955 1581 illis
967 1553 1040 1588 judi-

252 1601 371 1627 candum
384 1600 446 1628 est?

286 1647 369 1674 Resr.
380 1647 447 1674 Cum
462 1646 592 1674 Dominus
601 1645 635 1672 ad
648 1645 825 1673 Nicodemum
837 1645 910 1673 dicat
923 1655 929 1673 :
942 1645 1041 1672 rAmen

252 1693 314 1721 dico
326 1694 386 1725 tibi,
403 1693 456 1720 nisi
477 1693 539 1728 quis
555 1697 636 1720 natus
653 1692 737 1719 fuerit
754 1700 801 1727 per
823 1700 921 1727 aquam
938 1697 965 1719 et
982 1691 1043 1726 Spi-

254 1739 349 1770 ritum,
366 1745 420 1765 non
435 1738 546 1766 intrabit
564 1738 592 1764 in
604 1745 719 1773 regnum
733 1738 909 1764 caelorum”:
926 1747 936 1762 ι
955 1737 1043 1764 mani-

254 1785 354 1812 festum
377 1788 419 1812 est
437 1784 574 1814 neminem
601 1791 656 1810 non
679 1783 846 1818 baptizatum
871 1783 898 1810 in
916 1783 983 1810 illud
1001 1783 1044 1810 in-

252 1838 424 1866 gressurum.
440 1830 468 1856 Id
483 1833 574 1856 autem
589 1828 622 1856 de
642 1829 721 1856 bonis
744 1829 894 1856 inﬁdelium
914 1829 1043 1863 operibus

252 1880 296 1903 est
313 1876 498 1908 sentiendum,
514 1876 556 1902 vel
578 1883 708 1910 prospera
726 1883 779 1910 qua
798 1875 841 1901 hic
856 1879 969 1901 utuntur
989 1874 1044 1901 {or-

252 1924 330 1950 tuna,
347 1920 484 1954 propriam
500 1920 640 1954 percipere
657 1919 820 1951 mercedem,
846 1919 888 1946 vel
904 1919 932 1945 in
950 1918 1044 1946 l'uturo

253 1965 355 1992 srcculo
376 1965 463 1992 levius
486 1972 547 1992 esse
570 1963 724 1999 puniendos
741 1956 821 1998 quam
839 1967 952 1991 caeteros
976 1963 1046 1990 inli—

253 2011 339 2040 deles.
353 2010 398 2045 qui
414 2010 480 2037 nihil
498 2010 562 2036 boni
573 2015 695 2044 egerunt.
707 2009 785 2041 Quod
800 2009 830 2043 psi
846 2009 979 2043 scriptum
999 2009 1044 2042 sit,

257 2057 365 2084 uGloria
380 2061 407 2084 et
422 2057 509 2084 honor
523 2061 549 2083 et
564 2064 614 2090 pax
635 2056 710 2082 omni
726 2055 850 2090 operanti
862 2046 981 2088 bonum,
998 2053 1046 2081 Ju-

253 2104 312 2130 «Ιωο
332 2103 450 2138 primum
471 2106 498 2129 et
510 2101 604 2129 Graeco
616 2103 650 2134 δ’,
667 2111 676 2126 ι
690 2109 724 2128 ne
748 2101 865 2128 mireris.
894 2100 956 2127 Haec
973 2099 1046 2126 enim

252 2149 321 2176 dixit
334 2148 478 2183 Apostolus
486 2148 519 2175 de
534 2148 567 2174 iis
581 2148 626 2182 qui
639 2151 700 2175 ante
713 2147 814 2175 Christi
835 2147 978 2174 adventum
999 2153 1046 2173 cx-

252 2195 389 2223 stiterunt.

285 2241 395 2274 Quesr.
421 2239 474 2266 Cll.
502 2239 624 2267 liabetne
650 2240 728 2266 linem
761 2244 933 2274 peccatorum
964 2248 1043 2275 poena

250 2287 358 2314 necne?

285 2331 367 2358 [περ.
383 2330 451 2357 Cum
467 2330 726 2358 Dominusdicatde
743 2331 786 2364 iis,
809 2331 856 2366 qui
875 2335 939 2358 sunt
952 2332 979 2358 in
1000 2340 1044 2367 ge-

250 2378 340 2404 lienna
355 2386 363 2404 :
379 2376 503 2404 «Verulis
520 2385 613 2404 eorum
633 2385 687 2404 non
703 2378 845 2408 morietur,
863 2382 889 2404 et
906 2377 975 2412 ignis
996 2386 1042 2405 eo-

251 2431 374 2450 rumnon
390 2423 615 2457 exstinguctur“;
626 2427 665 2449 iet
678 2431 790 2450 rursus:
803 2423 979 2451 «Peccatores
994 2432 1042 2450 au-

251 2473 304 2496 tem
321 2469 399 2496 ibunt
411 2469 437 2495 in
454 2476 548 2503 pmnas
563 2473 696 2500 aeternas;
715 2480 724 2494 ι
740 2477 802 2495 cum
817 2470 880 2496 item
895 2469 1040 2504 Apostolus

251 2515 324 2541 dicat
339 2524 346 2541 :
365 2514 468 2541 «Nolite
483 2522 586 2546 errare,
607 2523 695 2549 neque
711 2515 837 2547 adulleri,
858 2524 946 2550 neque
961 2524 1038 2543 scor-

251 2564 364 2592 tatores.
378 2568 466 2595 neque
478 2561 582 2591 molles,
600 2569 688 2595 neque
709 2562 892 2588 masculorum
909 2563 1038 2590 concubi-

253 2609 337 2637 tores,
355 2614 442 2640 neque
454 2606 567 2637 ebriosi,
593 2614 678 2640 neque
699 2607 833 2639 maledici,
853 2616 942 2642 neque
957 2617 1037 2642 rapa-

251 2659 297 2677 crs
312 2659 423 2685 regnum
440 2650 486 2677 Dei
498 2651 674 2685 possidebunt
685 2652 704 2667 θ’
717 2661 723 2678 :
738 2662 746 2676 ι
756 2661 788 2679 ex
802 2653 844 2680 his
857 2653 1037 2689 liquetjusto-

252 2703 313 2722 rum
339 2700 467 2723 aeternam
490 2704 551 2723 esse
580 2696 786 2731 beatitudinem,
809 2702 836 2725 et
862 2703 1035 2734 peccaturum

232 2769 235 2783 ³
287 2772 311 2788 ⁸⁸
329 2772 408 2800 Joan.
428 2781 468 2806 Ill,
484 2773 511 2800 5.
549 2774 571 2789 "
590 2773 671 2801 Rom.
691 2782 721 2807 ιι,
740 2775 783 2803 10.
820 2776 842 2791 ⁸ο
861 2776 944 2805 Marc.
964 2785 1003 2810 lx,
1020 2777 1064 2805 47.

360 2851 538 2889 Προγνώπτης
552 2852 827 2889 καὶνκαρόιογνὼστης
839 2855 950 2889 quidam
970 2863 1036 2884 mss.

288 2884 344 2919 (40)
360 2884 424 2921 licg.
439 2887 466 2920 ‘2,
483 2884 634 2922 ιρᾱνρμακῶν
647 2884 692 2914 καὶ
706 2884 845 2917 ξνυπνίίυν,

1091 960 1201 996 ζόμενοι
1219 961 1305 988 ταῦτα
1321 961 1455 996 λέγουσιν.
1475 959 1538 988 Οῒόν
1554 971 1582 989 τι
1600 963 1729 994 πολλάκις
1741 962 1777 994 ὡς
1790 961 1855 988 πνεύ-

1093 1015 1165 1042 ματα
1190 1007 1273 1043 ὁρῶσι
1302 1008 1366 1039 τοὺς
1387 1007 1506 1044 ὖμὸρους
1534 1009 1598 1040 τοὺς
1621 1008 1744 1040 Ἰνδικοὺς
1762 1007 1855 1039 πολλοὺς

1091 1053 1259 1088 γινομένους,
1271 1053 1318 1079 καὶ
1331 1053 1569 1088 προλαμΰάνουσιν
1581 1055 1611 1080 ὲν
1624 1054 1762 1088 Αἰγύπτῳ,
1772 1054 1813 1080 καὶ
1823 1052 1856 1078 διὰ

1091 1099 1269 1134 φαρμακειῶν
1279 1099 1333 1134 (40)
1350 1099 1366 1135 ῆ
1379 1099 1537 1135 ὀνειράτων,
1552 1101 1673 1136 μεγάλην
1687 1100 1810 1128 ἀνάϐασιν
1819 1097 1856 1125 τοῦ

1091 1144 1189 1171 Νείλου
1204 1144 1328 1180 ποταμοῦ
1350 1145 1527 1180 μαντεύονται
1541 1146 1597 1181 (41)
1607 1155 1614 1160 ·
1637 1147 1683 1173 καὶ
1695 1146 1759 1173 ἄλλα
1771 1145 1797 1172 δέ
1810 1153 1857 1171 τινι

1091 1192 1172 1226 ὃμοια
1187 1192 1293 1223 τούτοις
1309 1192 1528 1228 διαπράττονται.
1546 1192 1682 1224 Πολλάκις
1701 1192 1727 1219 δὲ
1745 1193 1788 1218 καὶ
1806 1190 1857 1225 ψεύ-

1091 1237 1190 1264 δονται.
1202 1238 1256 1264 Καὶ
1270 1239 1284 1264 ὁ
1294 1237 1454 1273 βουλόμενος
1464 1238 1575 1270 τούτους
1592 1238 1700 1272 ἐλέγξαι
1715 1238 1824 1273 ὁρισάτω
1836 1237 1857 1261 ἐν

1090 1285 1124 1319 τῇ
1141 1283 1236 1309 ἑαυτοῦ
1251 1283 1335 1319 ψυχῇ,
1356 1283 1455 1310 ὑπόθου
1466 1284 1474 1293 ¹
1487 1283 1558 1310 πόσα
1581 1285 1734 1320 νομίσματα
1744 1283 1857 1310 διαδοῦναι

1091 1331 1130 1360 εἰς
1143 1329 1193 1364 τὴν
1211 1329 1318 1365 αὔριον⁶
1343 1330 1389 1357 καὶ
1402 1330 1660 1366 προσκαλεσάμενος
1675 1330 1719 1357 τὸν
1733 1328 1857 1365 φαρμακὸν

1091 1375 1107 1410 ἢ
1122 1375 1167 1402 τὸν
1185 1375 1292 1411 μάντιν,
1310 1376 1475 1411 ἐρωτησάτω
1488 1377 1579 1408 αὑτὸν,
1591 1377 1662 1412 περϊ
1672 1373 1702 1403 οὗ
1715 1376 1793 1411 ὥρισε
1802 1383 1808 1389 ’
1821 1374 1858 1400 καὶ

1092 1421 1201 1453 πάντως
1216 1422 1344 1457 εὑρήσεις
1360 1422 1440 1449 αὑτὸν
1459 1422 1541 1457 μηδὲν
1558 1423 1736 1458 ἐπιστάμενον
1749 1422 1825 1448 εἰπεῖν

1134 1466 1228 1502 Ἐρώτ.
1247 1471 1297 1502 pa’.
1317 1467 1424 1502 Ἑπειδή
1435 1476 1508 1499 τινες
1523 1468 1568 1494 καὶ
1583 1468 1716 1499 Ἰουδαῖοι,
1726 1465 1857 1500 καὶἚλλη-

1091 1521 1147 1545 νες,
1159 1513 1290 1545 πολλάκις
1301 1513 1426 1544 εὐποιίας
1438 1513 1610 1549 ἐργάζονται,
1623 1511 1677 1549 ἆρα
1692 1513 1734 1540 διὰ
1747 1512 1817 1539 τοῦτο
1827 1511 1857 1542 εἰς

1091 1559 1140 1594 τὴν
1155 1559 1293 1594 βασιλείαν
1317 1559 1371 1585 τῶν
1391 1559 1514 1594 οὐρανῶν
1536 1560 1719 1595 είσέρχονται;
1739 1558 1794 1594 ἢτί
1816 1556 1856 1592 χρὴ

1060 1608 1061 1611 ‘
1092 1605 1157 1640 περὶ
1169 1605 1258 1631 αὐτῶν
1273 1603 1446 1639 λογίζεσθαι;

1133 1650 1226 1677 Ἀπόκ.
1254 1650 1305 1676 Τοῦ
1336 1651 1439 1686 Κυρίου
1463 1651 1586 1685 λέγοντος
1615 1652 1684 1688 πρὸς
1707 1652 1855 1686 Νικόδημον

1096 1705 1104 1720 ⁸
1123 1695 1207 1731 Ἀμὴν
1219 1695 1291 1730 λέγω
1303 1704 1354 1729 σοιν
1369 1695 1416 1723 ἐὰν
1435 1697 1472 1732 μή
1488 1705 1528 1728 τις
1544 1698 1662 1734 γεννηθῇ
1676 1698 1708 1724 δι’
1721 1697 1808 1728 ὓδατος
1818 1695 1855 1722 καὶ

1093 1741 1261 1776 Πνεύματος,
1281 1742 1311 1768 οὐ
1338 1742 1375 1777 μὴ
1403 1742 1512 1778 είσέλθῃ
1534 1744 1573 1774 εἰς
1589 1743 1640 1778 τὴν
1667 1743 1799 1778 βασιλείαν
1814 1741 1856 1767 τῶν

1093 1787 1213 1823 οὐρανῶν
1223 1796 1229 1802 ·
1251 1797 1260 1813 ι
1270 1787 1380 1823 εὔδηλον
1401 1788 1442 1815 ὅτι
1461 1788 1548 1820 οὐδεὶς
1564 1789 1729 1821 ἀὸάπτιστος
1740 1790 1777 1817 εἰς
1789 1787 1857 1820 diripi

1094 1832 1283 1860 εἰσελεύσεται.
1293 1827 1378 1860 τοῦτο
1387 1833 1415 1859 δὲ
1429 1834 1481 1869 χρὴ
1494 1835 1557 1870 περὶ
1569 1834 1691 1861 ἀπίστων
1706 1831 1856 1869 ἀγαθοποιῶν

1094 1878 1248 1913 λογίζεσθαι
1258 1888 1264 1893 ·
1285 1879 1300 1914 ἢ
1317 1880 1357 1906 ὅτι
1372 1879 1417 1906 διὰ
1426 1879 1475 1914 τῆς
1488 1880 1606 1906 ἐνταῦθα
1628 1880 1716 1908 αὐτῶν
1729 1878 1856 1914 εὐημερίας

1094 1925 1139 1951 τὸν
1152 1924 1217 1950 ίδιον
1231 1925 1325 1960 μισθὸν
1343 1924 1526 1960 λαμϐάνουσιν
1537 1934 1543 1940 ·
1559 1926 1576 1961 ἦ
1591 1927 1633 1953 ὅτι
1650 1928 1677 1953 ὲν
1701 1926 1738 1961 τῷ
1753 1924 1856 1960 μέλλοντι

1095 1970 1172 1997 αίῶνι
1188 1970 1377 2006 ἑλαφροτέρως
1399 1970 1557 2002 κολάζονται
1580 1971 1657 2006 παρὰ
1682 1972 1742 2002 τοὺς
1767 1967 1856 1996 λοιποὺς

1096 2016 1237 2047 ἀπίστους,
1252 2016 1316 2046 τοὺς
1334 2015 1417 2050 μηδὲν
1428 2015 1529 2048 ἀγαθὸν
1544 2017 1721 2052 ποιήσαντας.
1738 2016 1766 2042 Εί
1779 2015 1804 2040 δὲ
1819 2012 1855 2038 καὶ

1096 2062 1266 2096 γέγραπται·
1294 2071 1302 2087 ι
1315 2061 1383 2093 Δόξα
1404 2063 1452 2088 καὶ
1466 2062 1543 2097 τιμὴ,
1559 2062 1606 2088 καὶ
1621 2064 1713 2098 εἰρήνη
1735 2060 1808 2087 παντὶ
1826 2057 1855 2091 τῷ

1096 2106 1270 2142 ἐργαζομένῳ
1295 2106 1325 2133 τὸ
1349 2106 1449 2140 ἀγαθὸν
1464 2128 1470 2140 ,
1498 2107 1616 2143 Ἰουδαίῳ
1644 2117 1673 2134 τε
1698 2106 1796 2143 πρῶτον
1819 2101 1855 2130 καὶ

1097 2152 1216 2187 Ἕλληνι,
1232 2162 1241 2177 ι
1268 2153 1305 2187 μὴ
1329 2152 1479 2188 θαυμάσῃς.
1507 2153 1574 2188 Περὶ
1595 2153 1650 2189 γὰρ
1672 2153 1724 2180 τῶν
1748 2151 1795 2186 πρὸ
1817 2148 1854 2182 τῆς

1096 2197 1212 2233 Χριστοῦ
1228 2199 1376 2233 παρουσίας
1389 2199 1473 2225 ταῦτα
1488 2197 1564 2226 εἶπεν
1580 2200 1766 2231 ὁἋπὸστολος.

1139 2243 1233 2279 Ἐρώτ.
1252 2245 1301 2280 ρβ’.
1315 2243 1388 2280 Ἀρα
1402 2245 1430 2271 δὲ
1445 2245 1500 2281 ἔχει
1514 2245 1590 2278 τέλος
1604 2247 1658 2274 τῶν
1675 2243 1827 2282 ἁμαρτωλῶν
1840 2241 1852 2274 ἡ

1096 2290 1214 2323 κόλασις,
1233 2291 1249 2326 ἢ
1266 2291 1314 2323 ob;

1135 2336 1228 2362 Ἀπόκ.
1242 2336 1294 2362 Τοῦ
1306 2338 1407 2372 Κυρίου
1417 2338 1539 2373 λέγοντος
1551 2340 1614 2374 περὶ
1628 2339 1682 2365 τῶν
1692 2340 1720 2365 ὲν
1733 2339 1762 2373 τῇ
1773 2335 1851 2370 γεέννῃ

1093 2383 1132 2408 ὅτι
1148 2391 1157 2407 ι
1173 2382 1203 2408 ’0
1227 2382 1332 2418 σκώληξ
1348 2384 1435 2411 αὐτῶν
1451 2385 1481 2411 οὐ
1501 2385 1673 2420 τελευτήσει,
1699 2384 1742 2410 καὶ
1763 2382 1789 2408 τὸ
1807 2379 1851 2413 πῦρ

1093 2427 1181 2454 αὐτῶν
1194 2428 1224 2454 οὺ
1240 2428 1432 2464 σϐεσθήσεταιυ
1448 2439 1457 2455 ι
1475 2431 1521 2456 καὶ
1541 2431 1636 2457 πάλιν·
1657 2439 1666 2454 ι
1681 2431 1710 2456 Οἱ
1734 2429 1760 2455 δὲ
1777 2428 1850 2461 ἁμαρ-

1091 2474 1171 2500 τωλοὶ
1192 2475 1232 2506 είς
1246 2475 1354 2502 κόλασιν
1368 2476 1475 2503 αἰώνιον
1486 2478 1695 2504 ἀπελεύσονται·
1711 2486 1719 2502 ι
1731 2476 1773 2502 καὶ
1786 2472 1850 2499 πάλιν

1091 2519 1137 2545 τοῦ
1147 2520 1306 2547 Ἀποστόλου
1326 2521 1463 2555 λέγοντος
1483 2532 1491 2547 ι
1507 2523 1552 2558 Μὴ
1569 2522 1704 2550 πλανᾶσθε
1714 2541 1721 2554 ,
1734 2520 1790 2547 οὔτε
1803 2525 1850 2553 μοι-

1090 2565 1142 2600 χοὶ,
1162 2564 1223 2592 οὔτε
1238 2566 1348 2601 πόρνοι,
1366 2565 1428 2593 οὔτε
1443 2567 1569 2601 μαλακοὶ,
1589 2567 1649 2594 οὔτε
1674 2565 1848 2603 ἀρσενοκοίταιι

1089 2609 1150 2636 οὔτε
1167 2611 1288 2646 μέθυσοι,
1305 2613 1335 2638 οὐ
1352 2611 1475 2649 λοίδοροι,
1497 2614 1545 2648 οὐχ
1571 2614 1702 2649 ἅρπαγες,
1730 2608 1849 2647 βασιλείαν

1090 2656 1157 2682 Θεοῦ
1180 2657 1210 2683 οὺ
1239 2657 1504 2694 κληρονομήσουσιν·
1523 2669 1532 2686 ι
1559 2659 1667 2695 εὔδηλον
1695 2659 1735 2685 ὅτι
1757 2655 1848 2683 αἰώνιος

1090 2702 1137 2728 καὶ
1148 2702 1164 2737 ή
1177 2701 1230 2729 τῶν
1245 2703 1356 2730 δικαίων
1369 2703 1527 2738 ἀπόλαυσις,
1543 2705 1590 2732 καὶ
1603 2705 1620 2740 ή
1635 2703 1687 2731 τῶν
1699 2696 1848 2738 ἁμαρτωλῶν

1104 2779 1125 2794 ⁸¹
1146 2778 1227 2807 lCor.
1244 2788 1282 2811 vr,
1302 2781 1344 2808 10.

1091 2857 1186 2917 εὲξιξί)
1215 2857 1276 2886 Πωο
1298 2858 1396 2886 videin
1422 2860 1480 2888 Vita
1507 2860 1623 2894 Aruonii,
1650 2865 1713 2888 tom.
1732 2856 1744 2886 1
1763 2853 1813 2893 [11],
1824 2857 1848 2889 νί
