1924 3059
76 111 138 139 661

575 116 808 150 ΟυίΕὸΤΙΟΝΕδ
827 119 872 147 AD
891 119 1093 149 ANTIOCHUM
1111 119 1240 149 DUCEM.

1671 121 1724 148 662

77 172 220 207 ὑπάρχει
235 172 355 206 κόλασις.
372 174 427 201 Καὶ
444 174 524 202 πάλιν
536 175 566 202 δέ
583 185 665 212 φησιν
678 178 693 203 6
710 178 812 214 Κύριος
827 188 878 215 περ

944 187 1062 216 poenam.
1088 179 1195 208 Rursus
1215 180 1249 207 de
1271 178 1341 207 Juda
1368 178 1406 207 ait
1432 178 1585 207 Dominus:
1604 179 1723 208 «Bonum

78 218 139 245 τοῦ
163 218 264 251 Ἰούδα,
281 220 323 246 ὅτι
344 229 353 245 ι
373 220 463 247 Καλὸν
476 219 510 257 ἦν
525 222 609 258 αὐτῷ,
624 225 648 250 ει
660 224 709 251 οὐκ
724 226 854 262 ἐγεννήθη
874 227 888 253 6

80 265 246 300 ἄνθρωπος
257 266 370 298 ἐκεῖνος.
385 276 395 293 ι
408 267 440 293 Εἰ
453 267 482 294 δὲ
494 267 570 300 τέλος
585 268 641 303 ἔχει
655 270 671 304 ἡ
687 269 805 302 κόλασις,
818 280 887 306 συμ-

82 311 191 347 φέρει,
209 311 250 338 ὅτι
269 312 399 348 ἐγεννήθη
416 313 464 340 καὶ
476 314 491 340 6
510 314 609 346 Ἰούδας
619 334 625 346 ,
641 315 689 342 ἐὰν
703 316 752 351 ὀψέ
767 325 832 343 ποτε
848 318 889 349 εἰς

80 357 143 393 τὴν
164 357 303 393 βασιλείαν
316 358 370 385 τῶν
384 359 506 394 οὐρανῶν
522 359 613 395 μέλλει
632 360 887 398 ἀποκατασταθῆναι

84 403 170 439 μετὰ
190 404 240 439 τὴν
258 404 379 437 κόλασιν,
402 405 496 441 ὥσπερ
514 407 539 432 οἱ
563 407 695 442 αἱρετικὼ
716 408 886 444 πλανώμενοι

82 449 178 476 τοῦτο
190 450 362 485 μυθεύονται.

135 495 239 532 Ἐρώτ.
258 499 308 531 py’.
323 497 407 524 Πόθεν
422 498 542 532 γίνονται
556 499 704 533 θανατικά;
725 500 781 527 Καὶ
798 500 842 528 διὰ
859 501 886 528 τί

82 540 120 568 ἐν
138 550 200 568 τισι
220 541 322 578 χώραις
337 543 486 578 ὲρημικαϊς
500 543 583 570 ἐθνῶν
600 543 729 576 πολλάκις
747 545 777 570 οὐ
796 545 884 579 γίνον-

83 595 149 619 ται,
163 586 224 613 ἀλλ’
239 587 276 618 ὡς
288 587 335 612 ἐπὶ
349 587 380 613 τὸ
397 587 520 614 πλεῖστον
536 589 565 615 ὲν
579 589 638 620 ταῖς
651 588 823 624 οἰκουμέναις
839 589 886 616 καὶ

84 633 259 668 πολυόχλοις
275 633 369 660 πόλεσι
383 633 430 660 καὶ
445 634 628 670 πολυκόπροις
641 634 714 670 (42);

133 679 236 705 Ἀπόκ.
255 679 355 705 Βαθεϊα
371 679 483 715 ὅντωςὴ
505 679 552 706 τοῦ
572 681 749 716 ἐρωτήματος
769 681 884 716 ἀπόκρι-

85 733 146 756 σις,
160 724 210 750 καὶ
224 724 324 758 ὀλίγοις
335 724 390 752 τῶν
413 726 459 752 ἐπὶ
472 725 524 760 γῆς
547 727 656 762 χωρητή
667 735 673 741 ·
689 727 774 762 ὅμως,
794 727 884 759 καθώς

85 778 179 805 φησιν
203 769 218 796 6
233 769 354 805 Κύριος,
381 779 390 795 ι
409 770 438 797 Ὁ
455 771 550 806 χωρῶν
565 771 698 807 χωρείτω.
710 781 719 797 ι
744 772 807 798 Ἐὰν
829 772 884 807 γὰρ

84 815 228 849 εἴπωμεν,
242 815 281 841 ὅτι
293 815 421 847 πολλάκις
432 815 479 842 καὶ
489 815 518 848 ἐξ
531 816 619 852 ἀέρων
629 816 696 851 (42⁸)
703 816 881 852 φθοροποιῶν,

939 232 996 253 erat
1011 226 1046 259 ei,
1059 226 1083 253 si
1097 229 1178 253 natus
1196 233 1250 253 non
1263 224 1359 252 fuisset
1381 224 1464 252 homo
1484 224 1529 252 ille
1537 225 1586 252 ε’.»
1607 225 1685 258 Quod
1701 227 1724 254 si

939 271 1018 299 ﬁnem
1035 272 1116 299 habet
1141 278 1233 306 piena,
1248 274 1320 298 certe
1337 270 1448 304 prodest
1459 269 1536 297 Iudae
1552 271 1626 305 quod
1641 275 1724 298 natus

938 317 983 349 sit,
998 317 1021 344 si
1040 324 1102 344 sero
1123 317 1231 343 tandem
1252 320 1313 351 post
1329 315 1493 350 supplicium
1511 323 1624 350 regnum
1640 316 1724 342 caelo-

937 371 997 390 rum
1012 367 1053 390 est
1067 363 1252 398 ingressurus,
1268 361 1495 398 quemadmodum
1505 365 1630 390 errantes
1645 361 1724 389 fabu-

937 409 1028 436 lantur
1042 408 1172 436 haeretici.

971 497 1080 531 Qumsr.
1098 496 1165 525 Clll.
1182 496 1260 524 Unde
1276 496 1401 524 oriuntur
1423 496 1573 529 mortifera,
1590 499 1617 523 et
1636 503 1721 531 quare

936 543 964 570 in
977 543 1140 579 quihusdam
1154 542 1270 570 desertis
1284 542 1404 577 gentium
1416 541 1572 577 regionibus
1587 549 1658 577 saape
1666 549 1719 569 non

936 589 1075 622 eveniunt,
1093 589 1140 616 sed
1156 593 1185 615 ut
1202 588 1349 626 plurimum
1365 589 1392 616 in
1408 588 1548 624 populosis
1563 591 1590 615 ct
1614 588 1720 624 magnis

936 634 1062 668 urbibus,
1076 635 1194 670 fimoque
1204 634 1329 669 repletis?

939 708 945 714 ,
970 683 1053 711 Rssr.
1072 682 1198 710 Difﬁcilis
1213 686 1287 709 certe
1307 685 1349 708 est
1366 681 1449 717 hujus
1468 680 1628 716 quaestionis
1644 680 1719 707 solu—

935 731 984 761 tio.
1001 727 1136 763 paucique
1151 735 1210 754 eam
1232 730 1346 762 possunt
1368 733 1485 761 capere;
1504 729 1607 758 tamen,
1629 729 1660 752 ut
1682 725 1720 751 ait

934 771 1075 804 Dominus,
1087 781 1096 797 ι
1109 771 1155 807 qui
1167 774 1255 806 potest
1271 778 1368 806 capere
1381 771 1513 805 capiat“.
1527 780 1536 796 ›
1548 770 1577 798 Si
1591 770 1664 798 enim
1680 770 1721 797 di-

933 824 1027 844 camus
1042 823 1112 851 saepe
1126 823 1159 843 ex
1174 823 1236 843 aere
1247 819 1386 850 corrupto,
1408 819 1435 843 et
1450 815 1616 850 pulverihus,
1629 819 1657 842 et
1679 814 1721 842 fe-

85 861 139 887 καὶ
152 861 313 896 κονιορτῶν,
322 861 369 888 καὶ¹
380 861 511 894 δυσωδίας
522 861 700 898 θνησιμαίων,
714 863 760 889 καὶ
772 862 878 898 ὄμϐρων

936 866 993 890 tore
1009 861 1183 894 cadaverum,
1197 861 1386 896 imbribusque
1398 861 1500 888 aestivis
1520 868 1552 888 ac
1569 861 1720 888 exhalatio-

85 905 227 941 θερινῶν,
246 907 293 934 καὶ
310 907 527 943 ἀναθυμιάσεων,
542 909 589 934 καὶ
604 908 748 944 ἀποφορῶν
769 909 821 944 γῆς
836 909 883 936 καὶ

86 950 242 987 Θαλάσσης,
260 952 332 978 νόσοι
358 952 491 987 σωμάτων
510 953 555 979 καὶ
581 952 679 989 φθοραὶ
711 953 757 980 ml.
774 954 882 981 θάνατοι

86 996 225 1030 γίνονται,
241 996 341 1028 εὐθέως
356 997 471 1032 ἀμύητοί
481 1006 553 1029 τινες
567 997 795 1033 ἐπιλαμϐάνονται
809 999 882 1034 ἡμᾶς

87 1041 129 1072 ὼς
145 1042 305 1077 ἀπρονόητα
319 1042 353 1068 τὰ
370 1042 431 1069 καθ’
442 1043 517 1077 ἡμᾶς
533 1042 671 1077 λέγοντας.
688 1043 821 1076 Οὖστινας
835 1045 882 1071 καὶ

88 1087 230 1123 ἐρωτῆσαι
245 1087 410 1122 βουλόμεθα·
429 1087 531 1114 Εἴπατε
548 1090 623 1124 ἡμῖν,
641 1086 663 1116 ὦ
681 1086 763 1122 οὗτοι,
778 1089 837 1122 πῶς
853 1091 882 1117 ὲν

89 1132 170 1159 πόλει
181 1134 235 1159 τινὶ
250 1133 393 1160 θανατικὸν
408 1134 511 1168 γίνεται
523 1143 530 1166 ;
544 1135 576 1161 ἐκ
591 1134 620 1161 δὲ
629 1134 679 1170 τῆς
691 1135 794 1167 πόλεως
808 1136 881 1162 ὲκεί-

89 1187 142 1214 νης
159 1179 328 1215 ὑπάρχουσιν
344 1180 372 1207 ὲν
393 1180 500 1216 ἑτέραις
523 1180 624 1217 χώραις
639 1180 686 1207 δύο
711 1181 727 1217 ἢ
749 1183 822 1217 τρεῖς
841 1191 882 1218 χι-

90 1223 185 1256 λιάδες
211 1225 480 1260 πραγματευομένων
507 1226 630 1261 ἀνδρῶν,
659 1226 706 1253 καὶ
735 1227 823 1259 οὐδεὶς
851 1228 881 1261 ἐξ

91 1270 184 1296 αὐτῶν
205 1270 397 1307 ὲτελεύτησεν;
419 1272 451 1298 Εἰ
475 1271 531 1308 γὰρ
547 1271 624 1308 eam;
643 1272 712 1308 ὀργὴ
737 1273 808 1300 κατὰ
830 1274 880 1309 τῆς

91 1315 197 1347 πόλεως
219 1316 325 1352 ἐκείνης
351 1316 483 1350 ἔφθασεν,
510 1318 593 1353 ἐχρῆν
617 1318 725 1350 πάντως
753 1319 881 1351 καὶτοὺς

91 1361 234 1397 πόρρωθεν
246 1361 324 1393 ὖντας
339 1362 387 1397 τῆς
405 1362 490 1398 ὀργῆς
504 1363 667 1397 γεύσασθαι·
686 1364 710 1390 εἰ
730 1364 758 1390 δὲ
778 1364 824 1390 καὶ
843 1364 881 1399 μὴ

91 1407 207 1438 πάντας,
231 1406 299 1433 ἀλλὰ
323 1408 373 1434 κᾶν
397 1416 473 1439 τινας
498 1408 527 1441 ἐξ
551 1408 650 1435 αὐτῶν.
676 1408 749 1445 Πλὴν
773 1410 816 1436 ἵνα
843 1409 880 1445 μὴ

91 1451 223 1487 ὃώσωμεν
246 1452 373 1488 ἀφορμὴν
397 1455 453 1484 τοῖς
473 1453 561 1480 ταῦτα
579 1453 705 1489 ζητοῦσι,
732 1455 820 1490 φαμὲν
840 1455 881 1482 ὅτι

92 1496 224 1529 πολλάκις
249 1497 285 1523 τὰ
313 1497 363 1532 μὲν
386 1497 441 1524 τῶν
461 1497 612 1525 θανατικῶν
643 1499 690 1525 καὶ
718 1500 788 1526 κατὰ
812 1500 879 1526 Θεοῦ

93 1543 209 1578 ἀπειλὴν
229 1543 363 1577 γίνονται·
378 1543 413 1570 τὰ
435 1544 464 1570 δὲ
490 1545 537 1570 καὶ
554 1544 625 1571 κατὰ
647 1545 736 1580 ἀέρων
753 1546 800 1572 καὶ
825 1547 880 1574 τῶν
894 1543 914 1571 C

92 1589 194 1617 λοιπῶν
207 1590 311 1622 αἰτιῶν,
329 1587 367 1617 ὧν
382 1591 585 1626 προειρήκαμεν
599 1591 666 1627 (45),
683 1591 755 1628 ἆπερ
771 1593 810 1624 ὡς
833 1594 878 1620 ἐπὶ

93 1635 124 1660 τὸ
142 1634 265 1661 πλεῖστον
285 1637 333 1662 καὶ
358 1636 535 1671 καταφθείρει
560 1636 594 1663 τὰ
617 1637 702 1673 νήπια
715 1658 721 1670 ,
739 1638 776 1670 ὠς
799 1638 878 1665 ἀσθε-

92 1681 215 1718 νέστερα.
233 1682 307 1718 Πλὴν
331 1682 378 1709 καὶ
396 1682 449 1709 τῶν
469 1683 557 1718 ἀέρων
581 1683 628 1709 καὶ
656 1683 712 1710 τῶν
725 1684 878 1719 ἀναθυμιά-

95 1736 162 1755 σεων
192 1729 305 1764 ποιητής
323 1729 397 1755 ἐστιν
421 1729 435 1755 6
460 1728 526 1760 Θεὸς
547 1729 561 1755 ό
584 1728 684 1756 εἰπώνι
713 1739 722 1755 ι
743 1730 809 1765 υὺχὶ
832 1730 878 1757 δύο

95 1775 222 1810 στρουθία
250 1776 381 1812 ἀσσαρίου
411 1776 550 1808 πωλεῖται,
573 1777 620 1804 καὶ
637 1777 665 1803 ἒν
690 1776 720 1810 ἐξ
743 1778 833 1805 αὐτῶν
846 1778 876 1804 οὐ

95 1823 215 1848 πεσεῖται
230 1822 275 1848 ἐπὶ
294 1823 343 1857 τῆς
359 1823 410 1857 γῆς
425 1823 489 1850 ἄνευ
513 1822 561 1849 τοῦ
585 1823 692 1859 Πατρός
708 1832 758 1859 μου
779 1823 826 1850 τοῦ
849 1824 877 1850 ὲν

93 1866 233 1901 οὐρανοῖς;
250 1866 326 1901 ὑμῶν
342 1867 371 1894 δὲ
385 1868 433 1894 καὶ
442 1869 469 1895 αἱ
485 1868 578 1904 τρίχες
592 1868 641 1904 τῆς
658 1869 780 1904 κεφαλῆς
792 1870 876 1897 πᾶσαι

94 1912 279 1947 ἠριθμημέναι
297 1913 358 1939 εἰσί.
373 1923 381 1940 ι

137 1956 230 1991 Ἐρώτ.
250 1957 300 1993 ρδ⁷.
316 1955 389 1994 Ἆρα
413 1959 441 1985 δὲ
463 1959 619 1994 ἀφελεῖται,
642 1960 818 1996 ἣλυτροῦται
845 1962 876 1988 ὲκ

96 2002 238 2029 θανατικοῦ
255 2004 309 2030 ἀπὸ
325 2005 428 2036 πόλεως
443 2006 482 2037 είς
494 2005 576 2041 ἄλλην
592 2005 698 2040 φεύγων
713 2005 822 2041 χώραν;

136 2049 226 2076 ’Λπόκ.
241 2049 295 2075 Τοῦ
312 2051 456 2086 Προφὴτου
474 2051 542 2087 πρὸς
557 2051 623 2078 Θεὸν
643 2051 780 2086 λέγοντος·
800 2061 808 2077 ι
820 2052 874 2079 Ποῦ

95 2095 217 2131 πορευθῶ
231 2096 286 2122 ἀπὸ
300 2096 347 2123 τοῦ
363 2098 517 2132 πνεύματός
528 2106 592 2130 σου;
611 2097 658 2124 καὶ
669 2098 722 2124 ἀπὸ
732 2098 777 2124 τοῦ
793 2107 876 2134 προσ-

96 2141 167 2182 ώπου
184 2150 230 2168 σου
252 2141 304 2168 ποῦ
328 2142 423 2177 φύγω;
449 2152 458 2168 ι
477 2142 586 2179 εὖδηλον
608 2143 656 2178 μὲν
676 2143 716 2170 ὅτι
740 2143 787 2170 τὸν
809 2144 875 2170 Θεὸν

97 2188 221 2221 ὲκιρυγεῐν
235 2188 322 2218 οὐδεὶς
333 2187 454 2215 δύναται.
470 2189 501 2214 Εἰ
511 2189 540 2216 δὲ
558 2190 612 2225 ἀήρ
631 2197 683 2220 τις,
701 2189 717 2224 ἢ
733 2189 800 2224 ἄλλη
818 2190 876 2215 κτί-

98 2240 192 2266 σματος
215 2232 290 2259 αἰτία
306 2233 380 2259 ἐστὶν
398 2235 414 2269 ἡ
438 2234 469 2260 τὸ
489 2233 610 2269 λοιμικὸν
636 2236 789 2271 ποιήσασα,
812 2236 877 2267 ἴσως
894 2237 915 2265 Β

99 2277 220 2312 ἐκφεύγει
237 2279 331 2314 αὐτὴν,
347 2281 388 2311 εἰς
402 2280 497 2315 ἑτέραν
509 2280 601 2315 χώραν
621 2282 750 2316 μεταϐὰς.

136 2323 226 2360 Ἐρώτ.
245 2323 292 2359 ρε’.
309 2325 393 2352 Πόθεν
408 2325 516 2361 ὁρῶμέν
533 2334 607 2357 τινας
623 2326 671 2361 μὲν
686 2326 806 2358 δικαίους
823 2327 875 2361 ψυ-

933 908 1015 936 nibus
1029 912 1056 936 et
1074 907 1222 942 vaporibus
1241 911 1319 934 terrm
1334 911 1362 934 et
1375 907 1470 940 maris,
1491 906 1603 934 morbos
1621 913 1722 942 corpo-

940 961 1013 987 rum,
1029 953 1285 988 corruptionemque
1307 955 1334 980 et
1355 957 1469 979 mortem
1493 952 1606 984 exoriri,
1625 952 1719 980 statim

933 999 1097 1034 inauspicati
1119 998 1231 1034 quidam
1246 997 1371 1025 homines
1392 1005 1442 1025 nos
1457 997 1620 1024 adoriuntur
1640 997 1720 1032 quasi

932 1053 1061 1081 negemus
1073 1043 1243 1080 providentia
1257 1043 1314 1078 regi
1329 1050 1389 1078 quae
1403 1050 1454 1070 nos
1468 1046 1602 1078 spectant.
1617 1043 1651 1070 At
1669 1050 1720 1080 ego

932 1091 984 1119 hos
994 1090 1074 1119 velim
1100 1090 1138 1118 ita
1163 1090 1332 1124 interrogare
1352 1088 1473 1121 :Dicite,
1498 1096 1603 1123 quaso,
1625 1089 1718 1122 nobis,

932 1145 1049 1173 quonam
1059 1136 1139 1164 modo
1154 1135 1183 1163 in
1196 1135 1286 1170 aliqua
1304 1135 1412 1163 civitate
1423 1135 1562 1170 corruptio
1579 1135 1719 1163 mortifera

937 1183 1097 1212 oritur?Ex
1119 1183 1165 1210 illa
1189 1186 1278 1210 autem
1302 1182 1412 1210 civitate
1435 1181 1488 1210 duo
1500 1182 1543 1209 vel
1555 1182 1608 1210 tria
1631 1182 1718 1209 millia

932 1230 1132 1265 negotiatorum
1155 1228 1235 1264 240
1260 1228 1400 1256 hominum
1420 1227 1447 1255 in
1471 1227 1532 1255 aliis
1560 1228 1720 1262 regionibus

931 1275 1041 1311 degunt,
1057 1283 1192 1310 nemoque
1206 1275 1313 1302 illorum
1329 1273 1484 1301 moriatur?
1499 1273 1566 1300 Nam
1582 1274 1605 1301 si
1627 1274 1719 1301 divina

931 1321 972 1348 ira
983 1321 1121 1349 civitatem
1137 1321 1211 1348 illam
1226 1319 1404 1355 impugnavit,
1421 1318 1543 1354 profecto
1561 1319 1621 1347 illos
1636 1319 1719 1347 etiam

931 1366 978 1401 qui
1004 1366 1099 1401 procul
1119 1369 1272 1399 morantur,
1314 1365 1382 1391 iram
1413 1364 1571 1399 hujusmodi
1599 1366 1719 1400 experiri

931 1420 1038 1448 aequum
1061 1416 1130 1445 erat,
1152 1413 1194 1440 vel
1220 1412 1244 1440 si
1263 1419 1318 1439 non
1343 1418 1449 1443 omnes,
1474 1411 1570 1438 saltem
1592 1418 1625 1438 ex
1651 1410 1719 1445 ipsis

931 1458 1088 1486 nonnullos.
1098 1457 1198 1485 Verum
1214 1466 1249 1485 ne
1266 1458 1299 1484 iis
1310 1457 1356 1492 qui
1375 1457 1427 1484 ista
1438 1459 1573 1491 quaerunt,
1595 1455 1718 1483 occasio-

932 1512 994 1533 nem
1020 1505 1199 1540 praabeamus,
1223 1503 1421 1539 respondemus
1447 1510 1520 1538 saepe
1547 1501 1719 1528 mortiferam

932 1551 1135 1585 corruptionem
1150 1558 1182 1577 ex
1198 1549 1244 1577 Dei
1262 1549 1475 1576 comminatione
1494 1547 1572 1580 oriri,
1591 1555 1718 1574 nonnun-

931 1603 1013 1632 quam
1028 1602 1093 1623 vero
1103 1602 1193 1622 aerem
1210 1594 1332 1629 aliasque
1352 1601 1450 1621 causas
1466 1593 1576 1624 habere.
1599 1600 1669 1627 qum.
1690 1597 1719 1619 ut

931 1641 1086 1675 plurimum,
1097 1640 1214 1667 infantes
1228 1643 1320 1674 utpote
1330 1638 1522 1666 imbecilliores
1531 1638 1716 1673 exstinguunt.

932 1686 1125 1714 Verumtamen
1148 1689 1175 1713 et
1191 1686 1262 1712 aeris
1280 1689 1307 1713 et
1324 1685 1527 1712 exhalationum
1556 1687 1653 1711 auctor
1675 1688 1718 1712 est

931 1732 1004 1760 Deus
1016 1732 1065 1768 qui
1076 1732 1125 1764 ait,
1145 1731 1254 1760 cNoune
1275 1731 1330 1758 duo
1346 1738 1471 1765 passeres
1497 1737 1558 1757 asse
1585 1733 1715 1763 veneunt,

930 1783 957 1807 et
972 1786 1043 1806 unus
1058 1786 1091 1805 ex
1106 1777 1160 1805 illis
1174 1785 1228 1804 non
1243 1777 1320 1804 cadet
1339 1785 1421 1811 super
1440 1780 1540 1804 terram
1566 1776 1626 1803 sine
1636 1775 1718 1803 Patre

929 1829 1021 1853 vestro
1036 1824 1080 1859 qui
1098 1824 1125 1850 in
1137 1823 1214 1851 caelis
1228 1823 1287 1850 est?
1298 1824 1378 1850 vestri
1396 1826 1485 1850 autem
1504 1822 1597 1857 capilli
1618 1822 1716 1858 capitis

930 1878 1024 1899 omnes
1036 1869 1170 1897 numerati
1183 1869 1280 1897 sunt“.
1289 1878 1297 1894 ι

968 1960 1078 1994 ρυεετ.
1095 1959 1163 1988 CIV.
1181 1959 1250 1987 Num
1266 1959 1313 1994 qui
1330 1967 1363 1987 ex
1377 1959 1487 1987 civitate
1503 1960 1532 1987 in
1551 1959 1631 1986 aliam
1649 1959 1716 1995 fugit

929 2006 1225 2042 regionem,‘eximitur
1239 2013 1271 2032 ex
1287 2004 1430 2032 mortifera
1444 2004 1619 2039 corruptione
1631 2005 1643 2031 ?

966 2052 1048 2079 Resp.
1061 2051 1128 2078 Cum
1144 2050 1279 2086 Propheta
1294 2050 1327 2076 ad
1343 2049 1428 2076 Deum
1443 2049 1527 2081 dicat,
1550 2050 1625 2082 «Quo
1641 2049 1686 2076 ibo
1700 2057 1715 2076 a

929 2098 1026 2133 spiritu
1044 2102 1102 2130 tuo,
1117 2101 1143 2125 et
1167 2104 1221 2132 quo
1244 2103 1260 2123 a
1285 2095 1354 2123 facie
1371 2100 1416 2122 tua
1444 2095 1604 2130 fugiam“?i
1628 2095 1715 2130 liquet

929 2144 1064 2171 neminem
1083 2142 1168 2170 Deum
1185 2149 1265 2177 posse
1285 2141 1414 2176 effugere.
1429 2141 1465 2167 At
1485 2141 1508 2168 si
1525 2148 1572 2168 aer
1595 2140 1637 2167 vel
1659 2141 1713 2167 alia

929 2196 973 2216 res
988 2192 1081 2216 creata
1096 2195 1180 2215 causa
1195 2191 1237 2215 est
1249 2187 1445 2221 corruptionis,
1462 2187 1531 2214 forte
1544 2187 1630 2222 ipsam
1646 2186 1714 2214 effu-

930 2234 993 2270 giet,
1009 2233 1032 2261 si
1047 2235 1074 2261 in
1092 2234 1171 2260 aliam
1187 2236 1308 2260 transeat
1319 2232 1467 2267 regionem.

942 2324 1071 2358 ιρυωετ.
1084 2323 1142 2359 ,(Ν.
1155 2322 1296 2350 Undenam
1307 2322 1430 2349 videmus
1443 2322 1530 2357 justos
1539 2321 1643 2357 aliquos
1653 2322 1713 2349 diu-

98 2370 276 2404 χημαχοῦντας
291 2370 336 2397 ἐπὶ
355 2371 461 2406 ἡμέρας
481 2371 528 2398 καὶ
547 2372 721 2407 κρινομένους
731 2381 737 2388 ·
753 2373 830 2404 τινὰς
846 2373 875 2398 δὲ

936 2371 982 2399 ius
1000 2371 1027 2398 in
1043 2375 1165 2398 extremo
1181 2370 1243 2397 vitae
1255 2369 1341 2397 halitu
1355 2369 1445 2396 anima
1463 2376 1584 2404 pugnare
1597 2373 1624 2396 ct
1638 2368 1713 2403 judi-

99 2415 268 2449 ἁμαρτωλοὺς
287 2416 432 2452 εἰρηνικῶς
457 2417 503 2443 καὶ
525 2417 665 2452 συντόμως
689 2418 875 2454 ἀποθνήσκον-

98 2469 144 2492 τας
157 2461 209 2496 (46)
220 2470 227 2494 ;

138 2507 225 2534 Ἀπόκ.
256 2507 349 2534 Πάντα
373 2508 408 2534 τὰ
431 2508 552 2544 κρίματα.
568 2509 615 2535 τοῦ
639 2509 706 2536 Θεοῦ
731 2509 876 2543 γινώσκειν

100 2552 146 2588 μὲν
161 2551 287 2578 ἀδύνατόν
303 2554 371 2585 ἐστι,
390 2553 437 2580 καὶ
453 2554 496 2580 διὰ
513 2554 590 2580 τοῦτο
606 2553 686 2580 καλὸν
708 2554 825 2589 ὑπάρχει
839 2553 877 2589 μὴ

132 2629 152 2646 ⁸³
170 2629 262 2658 Matth.
281 2639 362 2664 xxvr,
377 2631 422 2658 ‘24.
460 2631 482 2647 ⁸⁸
502 2631 596 2659 Matth.
615 2641 660 2660 ιιι
672 2652 680 2665 ,
698 2632 742 2659 12.
781 2632 804 2648 ⁸⁸
824 2631 915 2659 Matth.

120 2707 183 2751 γ’(ιιλ)
201 2707 238 2735 ita
258 2716 324 2736 mss.
339 2709 409 2737 Editi
429 2717 503 2743 vero,
525 2711 704 2746 πολλοιόχλοις
726 2711 772 2737 καὶ
794 2710 875 2737 πολυ-

102 2752 204 2777 κωμοις.

928 2417 983 2443 cari
997 2425 1005 2450 ς
1019 2420 1114 2443 contra
1129 2419 1230 2447 autem,
1246 2419 1404 2449 peccatores
1423 2415 1560 2442 interdum
1577 2415 1669 2449 quiete
1686 2419 1712 2441 ct

929 2464 984 2490 cito
999 2463 1087 2490 mori?

966 2507 1047 2535 Resp.
1063 2507 1160 2534 Omnia
1181 2507 1290 2542 quidem
1315 2506 1363 2534 Dei
1383 2506 1488 2541 judicia
1512 2506 1639 2541 cognosci
1660 2514 1713 2532 non

931 2558 1055 2589 possunt,
1081 2553 1196 2588 idecque
1221 2561 1272 2580 nec
1298 2552 1424 2587 noslliazc
1447 2551 1555 2579 curiose
1575 2551 1714 2586 inquirere

935 2640 968 2665 χ,
985 2631 1037 2664 29,
1055 2632 1100 2660 '50.
1139 2632 1161 2647 ⁸⁵
1181 2631 1252 2660 Psal.
1269 2639 1407 2667 cxxxvur,
1421 2632 1446 2659 6.

963 2710 1019 2745 (45)
1044 2710 1082 2738 lta
1105 2717 1171 2737 mss.
1199 2709 1270 2736 Editi
1290 2717 1364 2745 vero,
1381 2711 1441 2736 κατ’
1458 2708 1581 2744 ἀστέρων
1598 2709 1644 2736 καὶ
1661 2707 1714 2745 τῷν

928 2739 1028 2772 λοιπῶν
1044 2745 1138 2785 alrth
1152 2745 1312 2780 προφάσεις,
1324 2739 1372 2774 ὧν.
1387 2745 1458 2773 lufra
1472 2739 1535 2773 item
1549 2745 1625 2777 editi,
1635 2743 1716 2770 ἀστά-

135 2778 194 2813 (ίῒ)
208 2778 245 2817 Ita
261 2780 447 2817 maluiscripti.
460 2779 531 2808 Editi
543 2789 616 2815 vero,
632 2781 661 2813 ἐξ
673 2781 790 2817 ἄστρων.
804 2781 874 2809 Infra

936 2788 1084 2817 ιιιινκιιιξεη
1096 2778 1196 2815 ἀέρων.

102 2812 184 2848 iidem,
197 2814 302 2850 φθοραί.
316 2812 506 2851 Εάἱιί,’φθορᾱ.

965 2816 1018 2851 (44)
1034 2815 1098 2852 Reg.
1122 2817 1149 2848 ἓ,
1174 2815 1346 2849 ἐκπνέοντας,
