1924 3059
207 153 261 182 66⁵1
767 149 795 176 S.
815 146 1045 175 ATHANASIUS.
1064 163 1099 168 —
1118 147 1253 175 SPURIA.
1767 149 1825 178 668

206 211 305 239 Filium
319 214 346 238 et
362 209 493 245 Spiritum
510 212 634 236 sanetum
652 215 723 236 esse.
737 207 787 240 Qui
803 207 841 234 ita
856 214 909 234 non
925 213 986 233 sen-

1036 205 1066 232 τὺ
1083 205 1159 240 ἅγιον
1174 206 1286 241 Πνεῦμα
1299 205 1426 241 ὑπάρχει.
1447 206 1503 233 Καὶ
1521 206 1535 233 6
1562 206 1599 243 μὴ
1621 207 1692 234 οὕτω
1715 208 1827 243 φρονῶν

206 258 249 290 tit,
263 260 337 284 errat
349 256 470 283 omnino.

1039 251 1220 286 πεπλάνηται.

241 304 351 336 ρυεςτ.
367 301 457 329 CXIII.
471 301 566 336 Magna
585 305 614 328 et
635 300 751 328 celebris
766 304 846 335 atque
861 300 986 327 omnibus

1080 297 1175 332 Ἐρὼτ.
1193 301 1254 333 ριγ¹.
1269 298 1306 325 Τὸ
1321 298 1391 333 μέγα
1405 298 1451 325 καὶ
1468 298 1550 325 πολυο
1555 299 1692 335 ρὺλλητον,
1704 300 1751 326 καὶ
1762 308 1828 335 σχεο

207 349 263 376 fere
277 349 386 383 vulgata
403 347 517 383 quaestio
534 351 588 379 est.
610 350 701 374 utrum
718 346 864 373 dicendum
881 345 915 372 sit
932 349 986 372 ter-

1038 342 1081 368 δὸν
1101 342 1176 378 παρὰ
1192 343 1300 369 πάντων
1323 342 1486 378 ζητούμενον
1511 344 1573 379 ὅρον
1597 344 1708 379 θέλομεν
1733 345 1828 379 λέγειν

206 395 309 421 minum
326 394 425 421 habere
445 393 527 420 vitam
545 392 673 424 hominis,
690 399 775 418 necne
793 391 859 426 (ἕξ).
877 390 944 417 Nam
964 390 986 417 si

1038 387 1109 422 ἔχειν
1123 387 1171 423 τὴν
1185 387 1230 414 τοῦ
1247 388 1390 424 ἀνθρώπου
1406 388 1487 424 ζωὴν,
1502 389 1518 424 ἢ
1531 388 1561 415 οὔ
1573 389 1628 424 (52)
1639 398 1646 421 ;
1658 390 1688 415 El
1705 390 1753 424 μὲν
1768 390 1827 425 γὰρ

206 439 340 467 terminus
360 443 413 471 est,
442 439 578 474 quomodo
601 438 684 465 David
710 438 757 471 ait,
782 447 791 463 ε
813 437 851 464 Ne
872 437 986 464 reducas

1037 433 1099 468 ὅρος
1115 433 1183 464 ἐστὶ,
1197 433 1255 464 πῶς
1274 441 1355 468 φησιν
1368 435 1382 460 6
1396 433 1478 460 Δαῦὶδ
1489 434 1527 468 τῷ
1538 433 1610 469 Θεῷ·
1626 444 1636 460 ι
1655 434 1700 470 Μὴ
1717 435 1827 468 ἀναγά-

206 493 250 512 me
267 484 295 511 in
310 483 422 511 dimidio
437 484 541 511 dierum
556 490 677 510 meorum
692 482 728 508 ὀἳ
739 492 748 508 ›
767 481 794 509 Si
813 490 877 509 vero
896 482 986 508 nullus

1038 487 1089 514 γῃς
1110 487 1143 514 με
1159 479 1187 505 ὲν
1198 479 1291 514 ἡμίσει
1303 479 1413 515 ἡμερῶν
1426 488 1493 515 μους
1506 488 1515 505 ›
1525 481 1549 506 εἰ
1562 480 1589 506 δὲ
1599 481 1648 506 οὐκ
1661 480 1733 506 ἔστιν
1747 482 1826 516 ὄρος,

206 534 249 558 est
271 531 415 562 terminus,
442 529 578 565 quomodo
600 537 696 556 rursus
721 528 805 555 David
822 529 869 559 ait,
889 537 898 553 ι
917 528 986 555 Ecce

1038 525 1097 556 πῶς
1117 525 1197 551 πάλιν
1213 526 1227 551 6
1248 525 1329 557 αὐτὸς
1349 525 1438 559 λέγει’
1467 535 1476 551 ι
1495 526 1559 552 Ἰδοὺ
1585 527 1733 558 παλαιστὰς
1759 527 1825 554 ἔθου

206 576 403 603 mensurabiles
430 575 545 610 posuisti
565 575 623 602 dies
651 583 725 602 meos
741 574 776 600 7'?
802 585 811 600 ι
834 573 940 602 Rursus
963 574 986 601 si

1039 570 1088 601 τὰς
1101 570 1209 606 ἡμέρας
1230 579 1290 605 μου.
1311 581 1320 596 ι
1340 571 1371 597 Εἰ
1384 571 1412 598 δὲ
1425 571 1505 598 πάλιν
1518 572 1580 607 ὅρος
1591 573 1659 604 ἐστὶ,
1676 573 1734 604 πῶς
1747 573 1762 598 6
1775 573 1826 599 Σο-

206 621 340 649 terminus
354 622 453 656 aliquis
467 626 518 652 est,
535 620 600 655 quid
611 621 653 647 his
668 620 759 647 verbis
772 621 829 646 vult
845 619 986 652 Salomon,

1037 615 1128 651 λομών
1139 625 1220 651 φησι·
1242 625 1251 642 ι
1271 616 1316 652 Μὴ
1329 617 1403 651 γίνου
1418 617 1543 652 σκληρὸς,
1559 618 1626 653 μηδὲ
1651 618 1751 654 ἀσεῆὴς
1776 619 1825 645 ἐπὶ

208 676 219 691 ι
242 666 281 694 Ne
299 668 338 694 sis
358 667 488 700 crudelis,
512 674 599 701 neque
624 667 705 700 impie
727 674 792 700 agas
812 666 937 698 mullum,
953 674 986 693 ne

1038 661 1115 693 πολὺ,
1131 661 1174 688 ἵνα
1200 661 1237 696 μὴ
1262 661 1401 698 ἀποθάνῃς
1419 662 1448 688 ἐν
1460 662 1489 688 οὐ
1503 662 1590 697 καιρῷ
1605 671 1660 689 σου.
1688 672 1697 688 ι
1710 663 1741 689 Et
1775 661 1825 690 οὖν

206 713 334 740 moriaris
353 713 380 739 in
396 716 516 747 tempore
526 720 580 739 non
597 716 644 738 tuo
655 711 701 737 "1’
723 721 733 737 ι
750 711 777 738 Si
795 711 876 746 igitur
898 715 986 745 potest

1037 708 1110 734 ἐστιν
1124 709 1153 734 ἐν
1164 707 1194 734 οὔ
1211 708 1299 743 καιρῷ
1311 708 1464 741 ἀποθανεῖν,
1478 709 1536 740 πιῖις
1547 717 1617 735 τισιν
1630 709 1701 741 ἔδοξε
1719 710 1823 744 λέγειν,

204 757 268 792 quis
279 758 348 785 mori
363 759 389 785 in
403 763 524 794 tempore
535 766 589 785 non
604 766 664 788 suo.
677 758 812 793 quomodo
825 758 986 793 quibusdam

1037 754 1195 781 ὃτιθάνατοι
1212 755 1368 789 ἐπάγονται,
1383 755 1437 781 τῶν
1461 755 1530 790 ὅρων
1543 755 1592 790 τῆς
1615 755 1687 790 ζωῆς
1711 756 1826 792 πληρω-

205 802 295 836 placet
311 803 402 830 dicere
417 808 531 830 mortem
555 803 712 830 hominibus
733 802 836 834 induci,
856 810 918 829 cum
934 802 986 829 im-

1039 799 1137 827 θέντων
1152 809 1158 832 ;
1173 800 1234 832 Πῶς
1242 801 1270 827 δὲ
1284 800 1380 836 καὶτῷ
1404 801 1514 836 Ἐζεκίᾳ
1526 802 1572 828 καὶ
1587 802 1642 834 τοῖς
1667 802 1825 834 Νινευῖταις

205 847 271 882 plcti
297 847 398 875 fuerint
420 849 481 875 vita:
503 847 635 874 termini?
655 847 796 880 Quomodo
813 847 940 875 similiter
960 851 986 874 et

1039 845 1110 880 ζωὴν
1124 846 1138 872 ὁ
1151 845 1217 877 Θεὸς
1232 846 1425 882 αἰτησαμένοις
1440 846 1607 883 προσέθηκεν
1621 855 1628 880 ;

205 892 329 921 Enechiae
344 894 424 930 242
442 898 469 921 et
492 893 621 920 Ninivitis
642 893 725 920 vitam
742 893 814 921 Deus
831 893 986 929 petentibus

205 940 362 974 prorogavit
370 940 381 965 ?

232 982 320 1011 'Rnsr.
337 983 409 1012 Fons
425 985 471 1012 ille
484 987 624 1020 sapientiae
641 993 822 1022 magnumque
835 992 884 1013 vas
898 985 986 1020 cogni-

1079 976 1174 1003 ’Δπόκ.
1195 976 1226 1003 Ἠ
1246 976 1296 1012 τῆς
1313 976 1408 1011 σοφίας
1421 975 1508 1012 πηγὴ,
1521 977 1552 1003 τὸ
1566 976 1638 1012 μέγα
1650 977 1751 1011 δοχεῖον
1773 977 1825 1013 τῆς

203 1030 287 1057 tionis
297 1029 399 1058 Paulus
414 1031 554 1065 apostolus
573 1033 630 1060 haec
645 1032 678 1059 ad
689 1021 845 1059 Corinthios
861 1030 957 1058 scribit
978 1039 984 1057 :

1036 1021 1172 1056 γνώσεως,
1183 1021 1287 1054 Παῦλος
1299 1022 1313 1048 6
1324 1022 1482 1054 ἀπόστολος,
1498 1022 1565 1058 πρὸς
1577 1022 1736 1057 Κορινθίους
1752 1023 1824 1058 γρά-

207 1084 217 1101 ι
241 1074 293 1108 Qui
307 1077 380 1103 enim
397 1076 507 1112 indigne
521 1078 669 1105 manducat
688 1084 785 1112 panem
797 1081 823 1104 et
838 1077 906 1103 bibit
920 1083 985 1103 san-

1037 1075 1094 1100 φων
1110 1067 1192 1101 φησίν
1204 1075 1212 1082 ·
1232 1076 1242 1092 ι
1263 1067 1292 1092 Ὶ)
1307 1067 1361 1102 γὰρ
1373 1066 1489 1100 ἀναξίως
1500 1067 1596 1094 ἐσθίων
1610 1067 1654 1093 τὸν
1677 1067 1758 1102 ἄρτον
1775 1069 1824 1094 καὶ

205 1121 314 1156 guinem
336 1109 603 1156 Domini,'judicium
621 1123 672 1149 sibi
689 1109 838 1149 inanducat
852 1126 878 1149 et
892 1121 960 1149 bibit
977 1131 984 1148 :

1036 1111 1120 1138 πίνων
1132 1112 1162 1138 τὸ
1179 1109 1247 1147 αἷμα
1264 1112 1310 1138 τοῦ
1325 1112 1427 1147 Κυρίου
1440 1132 1448 1144 ,
1462 1113 1548 1147 κρῖμα
1563 1112 1653 1147 ἑαυτῷ
1675 1112 1759 1138 ἐσθίει
1775 1113 1825 1139 καὶ

204 1167 320 1201 ideoque
336 1167 408 1194 inter
421 1174 470 1194 vos
485 1167 562 1194 multi
575 1168 674 1194 intlrmi
686 1172 713 1195 et
730 1168 876 1194 imbecilles
889 1171 916 1194 ct
925 1166 986 1194 dor-

1035 1158 1108 1185 πίνει
1117 1166 1124 1173 ·
1143 1159 1188 1184 καὶ
1200 1157 1243 1184 διὰ
1252 1158 1330 1184 τοῦτο
1340 1159 1368 1185 ἐν
1380 1159 1444 1193 ὑμῖν
1463 1158 1555 1184 πολλοὶ
1567 1158 1689 1190 ἀσθενεῖς
1704 1159 1751 1184 καὶ
1770 1159 1824 1194 ἆῤ-

203 1212 293 1238 miunt
312 1212 389 1239 multi
406 1213 439 1240 ⁷³.
460 1222 470 1238 ι
494 1213 634 1240 Attendite
660 1213 814 1248 diligenter.
834 1212 903 1245 Quia
925 1220 984 1245 vos,

1035 1205 1134 1238 ρωποι
1161 1203 1209 1230 καὶ
1230 1203 1378 1238 κοιμῶνται
1410 1203 1506 1230 ἱκανοί.
1537 1213 1546 1229 ι
1578 1203 1728 1239 Προσέχετε
1752 1204 1824 1238 μετὰ

203 1259 303 1293 inquit,
324 1259 433 1294 indigne
448 1259 481 1286 ad
497 1260 717 1286 communionem
729 1259 869 1291 acceditis,
884 1258 985 1286 idcirco

1036 1249 1188 1284 ἁκριόείας.
1214 1249 1264 1275 Διὰ
1282 1250 1312 1276 τὸ
1335 1249 1461 1281 ἀναξίους
1485 1250 1556 1285 ὑμᾶς
1582 1250 1822 1285 μεταλαμϐάνειν.

203 1304 341 1330 morimini
357 1304 432 1330 multi
446 1313 453 1335 ;
465 1309 546 1339 atque
561 1304 629 1331 adeo
645 1305 668 1332 si
689 1304 770 1339 digne
782 1303 985 1331 communicas-

1035 1295 1128 1330 φησὶν,
1145 1294 1329 1330 ἀποθνήσκετε
1355 1295 1381 1320 οἱ
1403 1294 1503 1322 πολλοί.
1517 1296 1597 1321 Ὥστε
1616 1296 1639 1321 εἰ
1656 1295 1738 1328 ἀξίως
1757 1304 1824 1330 μετ-

206 1353 277 1382 sent,
300 1354 366 1377 tunc
390 1358 442 1377 non
466 1349 584 1378 fuissent
604 1351 738 1377 morituri.
754 1349 824 1382 Quid
843 1349 900 1384 jam
921 1355 985 1383 ergo

1035 1340 1195 1375 ελάμϐανον,
1210 1340 1259 1366 οὐκ
1273 1340 1306 1366 ἂν
1322 1339 1491 1374 ἀπέθνησκον
1506 1341 1576 1367 τότε.
1591 1340 1644 1366 Καὶ
1661 1340 1711 1366 ποῦ
1730 1339 1824 1368 λοιπὸν

203 1395 324 1428 amplius
350 1395 495 1421 terminum
523 1395 585 1422 vita:
605 1395 768 1430 quaarimus,
794 1401 874 1429 quem
906 1393 984 1421 nobis

1036 1384 1171 1420 ζητοῦμεν
1185 1385 1230 1411 τὸν
1246 1385 1308 1419 ὅρον
1322 1385 1370 1420 τῆς
1389 1385 1460 1420 ζωῆς
1476 1385 1521 1411 τὸν
1537 1384 1611 1420 παρὰ
1627 1385 1733 1416 πολλοῖς
1756 1386 1827 1420 ἡμῖν

202 1440 282 1466 multi
300 1439 463 1474 objiciunt?‘
485 1439 591 1468 Rursus
614 1441 647 1467 ad
673 1440 783 1475 Eliphaz
798 1439 985 1467 Thema-item

1035 1431 1269 1466 προϐαλλόμενον;
1284 1431 1366 1457 Πάλιν
1383 1431 1451 1466 πρὸς
1469 1431 1513 1457 τὸν
1531 1431 1644 1465 Ἐλιφὰζ
1664 1431 1710 1458 τὸν
1728 1431 1824 1466 Θεμα-

201 1485 270 1513 dlxit
290 1486 361 1513 Deus
376 1495 383 1514 :
403 1496 412 1512 ε
429 1486 550 1514 Peccasti
564 1490 603 1519 tu,
617 1491 644 1514 et
658 1486 712 1514 duo
726 1486 805 1513 amici
818 1486 868 1518 tui,
885 1489 912 1512 et
926 1485 986 1512 sine

1035 1476 1110 1512 νίτην
1128 1477 1210 1511 φησιν
1225 1478 1239 1503 6
1250 1477 1315 1508 Θεός
1328 1485 1335 1492 ’
1357 1486 1366 1502 t
1385 1477 1527 1512 Ἧμαρτες
1539 1477 1570 1503 σὺ
1583 1477 1629 1503 καὶ
1642 1478 1666 1503 οἱ
1684 1477 1730 1503 δύο
1748 1477 1823 1511 φίλοι

200 1532 253 1560 Job
278 1540 356 1560 servo
381 1540 442 1560 meo
468 1540 516 1560 vos
545 1532 747 1560 iuteremissem
776 1533 809 1559 ⁷⁵,
848 1541 858 1557 ι
889 1532 984 1566 Itaque

1037 1530 1094 1554 σου,
1110 1521 1157 1549 καὶ
1167 1523 1192 1548 εξ
1205 1522 1240 1557 μὴ
1251 1522 1295 1548 διὰ
1320 1520 1379 1548 Ἰὼϐ
1395 1521 1439 1548 τὸν
1454 1522 1606 1556 θεράποντά
1622 1531 1671 1557 μου
1685 1542 1692 1553 ,
1722 1522 1823 1554 ἐξωλὸ-

1035 1567 1047 1576 Λ
1159 1566 1171 1576 Α
1220 1568 1226 1576 ε
1258 1568 1270 1576 ς
1362 1567 1394 1576 ΕΛ
1468 1567 1479 1576 θ
1498 1567 1503 1576 l
1557 1568 1562 1576 l
1633 1567 1645 1572 ⁵⁸
1671 1569 1687 1576 il
1697 1567 1702 1575 ἴ
1715 1568 1730 1576 ll
1794 1569 1800 1576 ι

201 1583 312 1613 propter
324 1578 374 1606 Job
385 1579 512 1606 virtutem
525 1579 580 1606 Deo
592 1583 731 1613 acceptam
748 1586 802 1606 non
825 1582 889 1605 sunt
907 1585 983 1604 mor-

1034 1567 1135 1602 θρευσα
1157 1566 1189 1594 ἂν
1216 1568 1296 1602 ὑμᾶς.
1317 1577 1325 1592 ι
1362 1567 1442 1594 Ὥστε
1465 1567 1510 1594 διὰ
1538 1568 1587 1602 τὴν
1600 1567 1646 1594 τοῦ
1671 1567 1730 1594 Ἰὼϐ
1753 1569 1824 1603 πρὸς

202 1624 254 1659 tui,
280 1632 335 1651 non
359 1629 448 1652 autem
469 1625 540 1659 quod
561 1632 615 1652 non
633 1625 775 1652 absolutus
797 1628 868 1651 esset
886 1623 982 1650 termi-

1033 1613 1098 1640 Θεὸν
1114 1613 1214 1648 ἀρετὴν
1228 1614 1278 1640 οὐκ
1293 1612 1437 1645 ἀπέθανον,
1448 1614 1495 1640 καὶ
1507 1613 1537 1639 οὐ
1550 1613 1593 1639 διὸ.
1607 1614 1636 1640 τὸ
1651 1613 1688 1649 μὴ
1709 1614 1822 1649 πληρω-

201 1677 254 1697 nus
270 1669 332 1696 vita:
355 1669 486 1703 ipsorum.
505 1670 552 1696 Sin
574 1675 674 1701 autem,
689 1674 718 1696 ut
734 1669 896 1704 quibusdam
910 1669 982 1696 vide-

1034 1657 1112 1693 θῆναι
1121 1658 1176 1692 (55)
1185 1658 1229 1684 τὸν
1237 1658 1298 1693 ὅρον
1305 1657 1355 1692 τῆς
1364 1658 1435 1693 ζωῆς
1443 1658 1576 1684 αὺτῶν.Εί
1583 1658 1622 1690 δὲ,
1629 1658 1666 1690 ὦς
1675 1667 1729 1684 τισι
1737 1659 1822 1691 δοκεῖ,

202 1719 256 1746 tur,
273 1715 374 1750 praeﬁxi
386 1719 450 1742 sunt
461 1720 488 1742 et
502 1714 604 1741 detiniti
615 1715 672 1741 dies
683 1715 810 1746 hominis,
834 1722 914 1741 nemo
925 1714 982 1748 jam

1033 1704 1208 1739 πεπηγμέναι
1218 1705 1271 1730 εἰσὶ
1278 1704 1324 1730 καὶ
1337 1704 1487 1740 ὡρισμέναι
1502 1706 1530 1731 αἱ
1543 1705 1645 1740 ἡμέραι
1659 1705 1705 1731 τοῦ
1718 1705 1823 1740 ἀνθρώ-

202 1759 230 1787 in
242 1760 361 1795 peccatis
376 1761 525 1786 moriturus
537 1760 570 1786 ad
583 1765 692 1786 sanctos
707 1760 779 1787 viros
790 1759 940 1790 accederet,
954 1763 983 1785 ut

1032 1758 1094 1781 που,
1123 1750 1216 1784 μηδεὶς
1238 1750 1329 1776 λοιπὸν
1354 1751 1382 1776 ὲν
1411 1750 1535 1785 ἀνομίαις
1563 1750 1666 1785 μέλλων
1691 1750 1824 1786 τελευτᾷν

200 1807 283 1833 vitam
300 1811 327 1833 et
341 1806 546 1833 conversionem
571 1805 623 1833 sibi
644 1813 660 1832 a
681 1805 735 1832 Deo
761 1809 863 1840 peteret
878 1815 885 1832 :
902 1812 982 1832 nemo

1033 1795 1122 1829 ἁγίοις
1144 1795 1255 1831 ἀνδράσι
1283 1795 1443 1832 προσδράμῃ
1475 1795 1546 1830 ζωὴν
1574 1796 1620 1822 καὶ
1651 1797 1822 1832 ἐπιστροφὴν

200 1852 286 1879 Deum
308 1859 358 1886 pro
381 1851 528 1878 liberorum
552 1851 606 1877 vita
629 1851 869 1886 rogaret.'Quippe
892 1851 983 1877 tenni-

1032 1842 1114 1867 αὑτοῦ
1131 1842 1162 1867 ἐκ
1184 1840 1250 1867 Θεοῦ
1276 1841 1454 1876 αἰτήσασθαι·
1473 1841 1566 1876 μηδεὶς
1586 1842 1650 1877 περὶ
1673 1842 1745 1876 ζωῆς
1766 1843 1823 1869 τῶν

200 1905 263 1929 nus.
290 1897 421 1924 terminus
451 1902 502 1928 est,
529 1897 663 1930 nihilque_
680 1897 829 1924 secundum
855 1896 917 1923 illos
944 1895 982 1922 illi

1033 1888 1129 1914 ἑαυτοῦ
1139 1888 1240 1913 τέκνων
1257 1887 1300 1913 τὸν
1315 1888 1380 1914 Θεὸν
1395 1888 1552 1922 δυσωπήσῃ.
1562 1888 1590 1913 ὐ
1604 1887 1656 1923 γὰρ
1668 1888 1740 1923 ὄρος,
1758 1889 1822 1923 ὅρος

199 1947 289 1977 potest
305 1943 376 1970 addi.
393 1943 450 1970 Cur
465 1951 529 1978 ergo
548 1943 687 1977 Scriptura
701 1942 833 1977 praecipit,
849 1952 857 1968 ε
873 1941 982 1968 Honora

1033 1932 1101 1963 ἐστὶ,
1119 1933 1165 1959 καὶ
1182 1931 1340 1967 προσθήκην
1355 1931 1482 1958 ἀδύνατον
1496 1932 1555 1958 κατ’
1566 1931 1664 1962 αὐτοὺς
1682 1932 1819 1966 γενέσθαι.

202 1994 304 2024 patroni
323 1993 398 2015 tuum
412 1993 439 2016 et
451 1994 563 2017 matrem
578 1994 662 2021 tuam,
673 1993 703 2016 ut
714 1989 752 2017 sis
768 1989 904 2023 longmvus
914 1989 955 2015 ⁷⁸³1
969 1998 978 2015 ι

1033 1977 1088 2004 Καὶ
1105 1977 1164 2008 πῶς
1185 1986 1266 2012 φησιν
1283 1979 1299 2012 ἡ
1312 1978 1421 2012 Γραφὴ,
1439 1988 1448 2002 ι
1471 1978 1543 2012 Τίμα
1567 1977 1613 2004 τὸν
1638 1978 1743 2014 πατέρα
1773 1989 1821 2006 σου

200 2034 294 2068 Itaque
321 2034 454 2060 terminus
475 2035 537 2061 vitae
560 2035 687 2066 hominis,
712 2039 753 2061 est
771 2035 898 2060 voluntas
923 2033 980 2066 Dei,

1035 2025 1082 2051 καὶ
1097 2024 1145 2059 τὴν
1158 2024 1263 2059 μητέρα
1279 2033 1325 2050 σου
1335 2044 1341 2052 .
1357 2025 1430 2055 ὅπως
1445 2023 1494 2060 ἔσῃ
1511 2024 1701 2060 πολυχρόνιος;
1722 2036 1731 2050 ι
1758 2027 1822 2061 ὅρος

200 2079 246 2113 qui
267 2079 325 2105 dies
348 2078 422 2105 addit
435 2079 480 2105 cui
497 2079 622 2110 voluerit.
647 2079 739 2106 aufert
754 2087 818 2106 vero
833 2086 848 2105 a
861 2086 916 2113 quo
930 2086 980 2105 au-

1032 2071 1119 2097 τοίνυν
1131 2071 1188 2097 ἐστὶ
1196 2072 1228 2105 τῇ
1238 2071 1292 2104 ζωῇ
1302 2070 1356 2105 (Σὲ-ί)
1365 2069 1410 2096 τοῦ
1419 2069 1560 2103 ἀνθρώπου
1568 2071 1584 2105 ὴ
1595 2070 1676 2105 βουλὴ
1687 2071 1734 2097 τοῦ
1741 2072 1821 2104 Θεοῦ,

200 2124 265 2150 ferri
282 2123 402 2156 libuerit,
424 2124 515 2151 omnia
537 2125 570 2152 ad
597 2125 813 2159 uniuscujusque
837 2124 981 2150 utilitatem

1033 2117 1079 2144 καὶ
1103 2114 1177 2150 ᾧτινι
1192 2116 1325 2152 βούλεται,
1346 2116 1521 2151 προστίθησι,
1537 2116 1583 2142 καὶ
1597 2116 1660 2143 ἔνθα
1682 2118 1821 2154 axon-ﬁsa,

199 2177 292 2204 agens.
308 2169 348 2196 Ac
363 2170 590 2204 quemadmodum
602 2171 690 2206 gregis
704 2171 841 2201 dominus,
857 2178 918 2197 cum
935 2177 982 2197 vo-

1033 2163 1170 2197 ὑφελείται
1181 2183 1188 2194 ,
1206 2162 1294 2188 πάντα
1310 2162 1394 2189 ποιῶν
1410 2162 1476 2198 πρὸς
1491 2162 1521 2188 τὸ
1535 2161 1648 2188 ἑκάστου
1670 2164 1755 2198 συμφέ
1762 2173 1819 2199 ρον.

200 2216 291 2248 luerit,
306 2217 388 2243 mittit
405 2221 431 2243 et
451 2217 568 2244 accersit
583 2225 651 2251 quas
666 2216 782 2244 voluerit
797 2224 862 2243 oves
876 2225 883 2249 ;
899 2216 937 2242 ita
953 2219 980 2243 et

1034 2209 1088 2234 Καὶ
1103 2208 1195 2243 ὥσπερ
1215 2209 1228 2234 6
1245 2207 1375 2242 δεσπότης
1390 2208 1439 2242 τῆς
1468 2207 1599 2242 ποίμνης,
1623 2208 1667 2234 Et:
1690 2208 1819 2243 βουληθῇ,

201 2262 271 2289 Deus
287 2270 316 2289 se
333 2269 396 2297 erga
415 2262 539 2289 homines
554 2262 633 2297 gerit,
655 2267 774 2297 tuncque
788 2269 863 2289 mors
876 2261 980 2288 homini

1033 2253 1193 2280 ἀποστέλλει
1205 2252 1351 2288 καὶφέρει,
1367 2251 1410 2278 οἷα
1435 2252 1566 2287 βούλεται,
1583 2253 1704 2288 πρόϐατα
1715 2262 1722 2267 ·
1747 2254 1820 2280 οὓτω

199 2307 316 2338 advenit.
333 2315 394 2334 cum
415 2309 545 2336 terminus
564 2308 624 2343 ejus
636 2309 698 2335 vitze
719 2308 870 2343 completus
889 2306 979 2335 fuerit.

1033 2300 1080 2326 καὶ
1097 2301 1111 2325 ὁ
1128 2299 1193 2330 Θεὸς
1216 2298 1331 2324 ἐπὶτῶν
1352 2297 1502 2333 ἀνθρώπων
1523 2299 1604 2329 ποιεῖ,
1620 2299 1667 2324 καὶ
1687 2299 1747 2324 τότε
1771 2300 1820 2326 ἐπ-

198 2352 275 2385 Nam,
292 2357 322 2380 ut
338 2358 416 2380 antea
430 2353 531 2381 dictum
549 2358 600 2386 est,
615 2355 749 2384 terminus
764 2356 981 2391 uniuscujusque

1032 2346 1128 2380 άγεται
1141 2346 1155 2370 ὁ
1170 2345 1286 2376 θάνατος
1309 2344 1348 2380 τῷ
1361 2343 1505 2379 ἀνθρώπῳ,
1518 2344 1564 2370 τοῦ
1577 2345 1650 2380 ὅρου,
1672 2345 1755 2380 ἤγουν
1770 2345 1819 2372 τοῦ

198 2400 259 2434 vita:
271 2403 313 2427 est
323 2399 420 2433 jussus
432 2403 459 2427 et
473 2400 600 2428 voluntas
618 2400 674 2428 Dei.
882 2389 888 2391 -

1033 2392 1131 2427 χρόνου
1143 2392 1192 2426 τῆς
1203 2391 1274 2425 ζωῆς
1291 2389 1383 2422 αὐτοῦ,
1397 2389 1594 2425 πληρωθέντος.
1612 2391 1694 2426 Ὅρος
1708 2399 1821 2427 τοιγαρ-

1031 2436 1096 2469 οῦν,
1125 2436 1162 2468 ὡς
1189 2435 1377 2470 προλέλεκται,
1402 2435 1451 2470 τῆς
1479 2435 1593 2462 ἑκάστου
1617 2436 1689 2470 ζωῆς
1709 2436 1818 2473 ἐστινὴ

184 2486 189 2508 ι
1031 2483 1154 2514 κέλευσις
1171 2483 1219 2509 καὶ
1233 2483 1249 2517 ἡ
1271 2481 1353 2516 βουλὴ
1362 2480 1408 2508 τοῦ
1419 2481 1496 2508 Θεοῦ.

234 2529 357 2562 Quass.‘
382 2528 491 2557 επεν..
524 2523 638 2562 Quidam
659 2529 837 2557 existimant
884 2529 980 2560 corru-

1074 2534 1169 2570 Ἑρώτ.
1195 2533 1252 2569 ριδ’.
1273 2531 1423 2566 ’Λμήχανὸν
1453 2539 1480 2557 τι
1503 2532 1618 2567 πρᾶγμα
1635 2531 1691 2563 τοῖς
1710 2530 1821 2562 πολλοῖς

198 2582 306 2613 ptorum
325 2585 471 2612 corporum
509 2577 738 2605 resurrectionem
779 2578 977 2613 impossibilem

1032 2583 1078 2609 καὶ
1091 2581 1221 2608 ἀδύνατον
1242 2578 1380 2613 νομίζεται
1396 2578 1450 2605 τῶν
1472 2578 1700 2614 καταφθαρὲντων
1726 2578 1819 2612 σωμά-

196 2625 309 2651 omnino
329 2631 400 2651 esse.
426 2623 568 2656 Quomodo
589 2624 671 2657 enim,
697 2624 834 2659 inquiunt,
860 2630 907 2652 aut
928 2634 979 2653 un-

1032 2637 1085 2655 των
1102 2627 1286 2663 ὴάνάστασις.
1301 2625 1363 2656 Πῶς
1374 2624 1438 2661 γὰρ,
1448 2625 1540 2659 φησὶν,
1557 2624 1574 2659 ἢ
1594 2623 1676 2651 πόθεν
1699 2623 1818 2658 ἀναστή-

196 2671 294 2698 denam
315 2674 440 2704 resurget
459 2677 535 2702 caro,
549 2677 630 2704 quam
653 2677 724 2705 saepe
746 2670 889 2706 naufragio
911 2672 978 2699 sub-

1033 2682 1106 2701 σεται
1121 2673 1138 2708 ἡ
1156 2671 1232 2706 σὰρξ,
1249 2671 1281 2705 ἣν
1298 2669 1426 2701 πολλάκις
1445 2670 1635 2705 ναυαγήσασαν
1651 2669 1752 2703 ἔφαγον
1772 2668 1816 2703 χί-

233 2717 255 2732 τ⁰
275 2715 348 2743 Psal.
367 2724 411 2749 ct,
428 2716 474 2743 ‘25.
511 2717 534 2733 ’ί
555 2715 627 2744 Psal.
646 2724 765 2750 xxxviii,
782 2716 808 2743 6.
848 2718 871 2733 "
890 2717 979 2748 Ecclc,

197 2751 221 2766 ’⁸
243 2751 329 2778 Exod.
350 2759 402 2783 xx,
424 2751 466 2778 I2.

1031 2729 1062 2752 ll,
1082 2719 1126 2746 I7.
1165 2718 1188 2734 ⁷³
1207 2718 1218 2744 ι
1236 2717 1298 2744 Cor.
1319 2724 1365 2747 χι,
1384 2716 1437 2746 ‘29.
1455 2715 1511 2750 3D.|
1547 2715 1577 2754 ⁷⁸.
1610 2713 1659 2742 Iob
1685 2721 1759 2745 XLII,
1786 2713 1817 2742 7.

234 2798 290 2857 (522
306 2797 368 2825 llaac
389 2805 518 2833 expressa
542 2802 650 2826 suntex
676 2799 804 2833 Apologia
828 2799 860 2826 de
889 2799 974 2834 Fuga.
1029 2800 1105 2838 deest
1234 2831 1245 2837 κ
1281 2830 1293 2840 ν
1318 2831 1329 2836 _
1474 2831 1479 2835 _
1631 2830 1641 2837 μ
1696 2830 1702 2834 _
1779 2828 1787 2838 ⁸

234 2840 265 2857 lIl.
294 2853 300 2857 .
1065 2833 1121 2857 ctuti
1140 2832 1204 2857 “ea.
1216 2840 1265 2857 ττε
1278 2839 1359 2857 tum.
1375 2829 1458 2857 Infra.
1473 2829 1554 2857 Idem.
1567 2830 1615 2856 mi
1630 2829 1693 2856 ενθα
1708 2829 1787 2856 κελευ

200 2829 265 2859 tom.
281 2829 300 2859 l.
425 2829 432 2833 ⁷
700 2829 704 2832 ’
761 2829 771 2833 ’
931 2829 942 2834 ’

1065 2833 1121 2867 (fit)
1140 2832 1204 2867 Heg.
1216 2831 1265 2867 τῆς
1278 2830 1359 2866 ζωῆς.
1375 2829 1458 2863 Infra,
1473 2829 1554 2864 idem,
1567 2830 1615 2856 xei
1630 2829 1818 2866 5‘101;X€15t'illy

243 2867 297 2902 (κδ)
321 2867 358 2894 Ita
384 2869 566 2903 manuscripta
591 2874 671 2897 recte.
698 2869 724 2896 In
749 2869 828 2897 editis
852 2878 914 2898 vero
937 2872 974 2904 μή

1031 2869 1193 2903 ὑςςαιρεῖτειι.
