1924 3059
88 175 140 202 669
562 176 794 209 ΟΙΙᾹΞΞΤΙΟΝΕΞ
813 178 847 204 Al

948 178 1080 206 iOCHUM
1096 178 1223 207 DUCEM.
1654 176 1707 205 670

87 236 138 262 λιοι
158 234 248 270 ἰχθύες
263 234 318 270 (55)
332 235 378 262 καὶ
391 227 471 262 πάλιν
483 236 545 267 τοὺς
555 237 656 271 χιλίους
682 237 775 272 ἰχθύας
796 237 846 272 Xa.

947 246 1040 265 iersam
1075 238 1231 265 devorarint
1263 237 1337 265 mille
1365 237 1475 272 pisces,
1508 244 1577 271 quos
1609 244 1706 265 rursus

86 282 192 317 ἄνδρες,
206 281 254 308 καὶ
268 282 331 313 τοὺς
347 281 447 316 χιλίους
461 282 560 318 ἄνδρας
569 283 649 318 χίλιοι
660 271 764 316 λέοντες
775 293 783 317 ;
796 271 811 272 Π

948 284 998 310 ιίιιθ
1019 284 1110 318 pisces
1124 283 1295 311 comederint
1318 283 1392 310 mille
1415 282 1549 314 homines,
1566 283 1611 316 qui
1634 283 1707 310 mille

923 329 1046 357 homines
1078 334 1172 364 postea
1202 337 1218 356 a
1239 329 1314 356 mille
1341 329 1468 356 leonibus
1493 329 1596 356 fuerint
1623 329 1707 356 devo-

923 378 973 403 rati
986 376 997 402 '1

127 449 222 477 Ἇπόκ.
251 450 442 486 Ὀμολογεϊτε,
474 448 496 477 ὦ
519 451 649 485 ἀνόητοι,
671 450 873 485 παντοδύναμον

957 453 1040 481 Rssr.
1064 453 1133 480 Num
1157 453 1294 485 fatemini,
1319 461 1336 481 ο
1364 453 1471 484 insani,
1495 451 1706 486 omnipotentem

84 492 155 522 εἷναι
166 495 215 530 τὴν
227 496 273 522 τοῦ
281 496 447 532 δημιουργοῦ
456 496 523 522 Θεοῦ
534 496 642 527 οὐσίαν;
652 496 763 526 Πάντως
774 497 843 531 ἐρεῖτ

946 507 985 527 ese
1011 499 1058 526 Dei
1080 499 1188 534 opiﬁcis
1214 499 1385 527 essentiam?
1405 498 1522 526 Omnino
1542 497 1705 525 concedetis.

83 540 126 567 ὅτι
143 541 195 567 ναί.
212 542 291 567 Ὥστε
311 541 409 576 μάθετε
426 542 557 577 ἀκριϐῶς,
571 538 593 568 ὦ
607 542 720 576 ἄφρονες
733 543 842 577 ,ὅτιπερ

950 554 1018 581 aque
1034 546 1143 578 discite,
1158 554 1176 573 ο
1192 546 1364 581 insipientes,
1382 545 1467 573 Deum
1481 544 1527 579 qui
1543 544 1678 571 hominem
1691 551 1708 571 ε

83 585 118 611 ὲκ
130 585 177 611 τοῦ
194 585 231 621 μὴ
244 586 319 617 ὄντος
336 587 376 618 εἰς
389 587 420 612 τὺ
441 584 510 613 εἶναι
534 587 706 622 παρενέγκας
733 587 799 618 Θεὸς
828 596 842 613 τ

954 591 1010 618 hilo
1031 591 1095 619 fecit
1118 595 1148 618 ut
1172 595 1256 623 esset,
1272 591 1361 625 ipsum
1385 590 1514 618 ineffabili
1530 589 1646 624 quadam
1663 596 1708 616 ra-

83 631 237 666 ἇνθρωπον,
251 632 331 664 αὐτὸς
353 632 464 668 ἀρρήτῳ
486 633 538 659 τινὶ
559 633 629 668 λόγῳ
651 634 698 660 καὶ
719 633 842 660 ἀναπλάσ

948 646 998 666 une
1020 638 1133 666 reﬁcere
1154 645 1245 672 posse.
1270 637 1341 670 Quid
1362 636 1446 668 enim,
1468 636 1575 667 amabo,
1600 635 1707 662 facilius

83 677 167 703 αὑτὸν
179 677 300 705 δύναται.
313 678 346 704 Τί
361 678 415 714 γάρ
427 679 510 711 ἐστιν,
530 679 591 705 εἰπέ
607 687 666 713 μοι,
688 679 842 715 εὐκοπώτερ

950 687 968 710 it
992 683 1075 719 ﬁgulo
1088 704 1095 716 ,
1111 691 1160 711 vas
1173 691 1207 711 ex
1227 683 1313 710 nihilo
1334 682 1425 709 facere
1445 686 1475 708 ut
1492 681 1539 714 sit,
1556 688 1591 708 an
1610 680 1709 708 contri-

83 722 125 758 τῷ
144 725 269 758 κεραμεῖ,
286 723 316 749 τὸ
329 725 360 750 ἐκ
381 723 427 750 τοῦ
446 723 482 760 μὴ
505 724 580 755 ὄντος
595 725 633 755 εἰς
657 724 686 751 τὸ
706 723 774 752 εἶναι
801 734 840 752 πα

944 737 980 755 im
1005 737 1114 756 rursum
1137 728 1265 756 reﬁcere?
1285 728 1366 756 Certe
1393 727 1505 755 facilius
1529 731 1570 755 est
1585 734 1634 754 vas
1647 726 1703 760 jam

84 769 201 802 αγαγεῖν
221 768 249 795 τὸ
263 769 368 801 σκεῦος,
384 769 401 804 ἢ
418 769 448 795 τὸ
464 769 605 804 συντριῦὲν
625 770 706 796 πάλιν
737 771 843 798 ἀνακαιι

948 777 1038 805 ictum,
1057 773 1120 800 licet
1135 773 1164 800 in
1179 773 1280 799 multas
1293 777 1385 807 partes
1399 772 1566 807 dispersum,
1584 770 1707 797 reﬁcere.

85 823 150 847 σαι;
171 815 306 850 Πρόδηλον
327 816 368 841 ὃτι
385 815 416 841 τὸ
432 815 584 842 ἀναπλάσαι
598 815 629 842 τὸ
649 817 792 851 γενόμενον
811 818 843 853 ἠδ

951 824 961 846 t
979 823 1068 846 autem
1085 819 1203 846 naturali
1220 819 1313 853 aliquo
1329 818 1426 845 ordine
1442 821 1469 844 et
1493 816 1618 851 exemplo
1638 819 1708 847 utar,

84 861 138 888 κᾶν
151 862 190 893 εἰς
207 861 291 888 πολλὰ
309 860 379 896 μέρη
401 861 592 897 διεσκορπίσοη
612 862 677 898 (56).
695 863 752 890 Ἵνα
777 863 804 890 δὲ
828 873 843 890 κ

950 865 1158 892 uemadmodum
1181 865 1252 900 ignis
1273 868 1300 892 et
1323 864 1435 895 caloris,
1452 863 1499 898 qui
1523 863 1549 890 in
1569 867 1642 890 terra
1656 865 1709 894 est,

85 908 188 943 φυσικῇ
211 915 264 933 τινι
284 906 428 942 ἀκολουθίᾳ
442 908 597 943 χρήσωμαι,
614 908 661 934 καὶ
683 909 844 943 ὑποδείγματ

951 919 987 938 ins
1010 915 1037 938 et
1063 911 1140 938 radix
1160 914 1203 938 est
1226 910 1277 942 sol,
1293 913 1456 944 constatque
1467 908 1595 936 exstincti
1610 908 1710 936 camini

85 953 183 987 ὥσπερ
199 951 300 982 παντὸς
319 950 366 977 τοῦ
383 952 429 977 ἐπὶ
451 952 500 986 γῆς
519 952 603 987 πυρὸς
627 952 674 978 καὶ
696 953 745 987 τῆς
772 953 843 988 θέρμ

952 957 1046 984 dorem
1085 956 1119 983 ad
1156 956 1241 983 solem
1273 954 1449 982 invisibiliter
1479 953 1598 985 reverti,
1624 961 1711 988 eoque

86 999 164 1034 πηγὴ
184 998 231 1024 καὶ
249 997 311 1032 ῥίζα
332 999 346 1024 ὁ
372 997 447 1032 ἥλιος
471 997 597 1032 ὑπάρχει,
628 998 674 1024 καὶ
695 999 845 1034 σϐεννυμέν

951 1010 1026 1030 irsus
1041 1009 1169 1034 accenso,
1187 1002 1276 1037 ignem
1291 1001 1337 1036 qui
1352 1003 1514 1032 recesserat,
1532 1007 1566 1026 ex
1579 998 1636 1027 sole
1648 1007 1710 1026 rur-

88 1045 140 1080 μὲν
158 1044 284 1079 καμίνου,
306 1043 416 1079 εὔδηλον
437 1044 477 1070 ὅτι
496 1045 511 1079 ή
530 1044 616 1079 θέρμη
639 1044 722 1079 αὐτῆς
742 1045 810 1080 πρὸς
831 1054 845 1071 τ

951 1056 975 1076 IS
1007 1048 1097 1075 redire
1129 1057 1134 1074 :
1167 1047 1204 1074 ita
1231 1051 1259 1074 et
1287 1047 1316 1074 in
1346 1046 1484 1081 corruptis
1515 1045 1710 1079 dissolutisque

85 1092 163 1127 ἥλιον
177 1090 300 1126 ἀοράτως
315 1089 450 1124 ἀνέδραμε
461 1097 467 1104 ·
480 1089 526 1116 καὶ
534 1090 614 1117 πάλιν
624 1090 780 1126 ἁπτομένης
793 1091 842 1117 αὐτ

952 1093 1067 1121 )minum
1090 1093 1252 1128 corporibus
1274 1092 1395 1127 intellige
1411 1100 1417 1117 :
1435 1092 1463 1118 in
1479 1092 1638 1127 quornmvis
1652 1092 1711 1118 ani-

87 1139 121 1164 ἐκ
136 1137 184 1163 τοῦ
198 1137 285 1172 ἡλίου,
301 1136 380 1170 δῆλον
406 1136 446 1162 ὅτι
463 1135 493 1162 τὸ
510 1136 565 1171 πῦρ
580 1137 758 1171 παραγίνεται
772 1157 779 1168 ,
795 1137 826 1163 τὸ

951 1141 1057 1173 alium,
1087 1141 1204 1175 piscium
1233 1140 1276 1166 vel
1307 1139 1397 1166 avium
1431 1143 1543 1166 ventres
1571 1139 1710 1173 dispersus

86 1184 172 1218 αὐτῆς
189 1183 367 1218 ἀναχωρῆσαι]
377 1189 384 1195 '
399 1181 469 1208 οὕτω
486 1182 532 1209 καὶ
543 1182 589 1208 ἐπὶ
598 1182 652 1208 τῶν
662 1182 845 1218 καταφθειρομ

953 1190 962 1212 t
977 1186 1069 1216 homo,
1095 1191 1185 1212 tamen
1207 1185 1235 1212 in
1257 1188 1375 1220 quatuor
1390 1184 1502 1212 omnino
1517 1184 1661 1215 elementa,
1678 1191 1710 1210 ex

86 1239 141 1257 νων
153 1230 286 1264 σωμάτων
302 1228 478 1264 ἀνθρωπίνων
491 1229 538 1255 καὶ
550 1228 730 1263 διαλυομένων
744 1237 789 1264 μοι
814 1229 845 1255 νύ

952 1233 1027 1259 ribus
1041 1236 1069 1259 et
1090 1235 1197 1259 constat
1216 1231 1328 1258 dissolvi
1346 1234 1373 1256 et
1396 1230 1483 1261 abire,
1498 1230 1576 1264 juxta
1599 1229 1711 1256 allatum

89 1284 148 1307 σον,
159 1277 200 1303 ὅτι
216 1284 268 1311 περ
281 1277 321 1307 εἰς
334 1276 398 1307 ὅσας
410 1275 443 1302 ἂν
459 1275 571 1310 θηρίων,
591 1274 608 1310 ἢ
621 1275 729 1310 ἰχθύων,
743 1276 759 1311 ἢ
777 1275 848 1311 ὀρνὲι

952 1278 993 1305 ιιίε
1020 1277 1193 1312 exemplum;
1223 1276 1262 1303 ita
1287 1280 1317 1303 ut
1339 1275 1413 1310 quod
1440 1276 1580 1303 humidum
1605 1278 1658 1307 est,
1684 1275 1711 1302 in

88 1322 226 1358 γαστέρας
249 1321 410 1357 διαμερισθῇ
429 1322 443 1347 ὁ
461 1321 612 1357 ἄνθρωπος,
637 1322 677 1353 εἰς
701 1322 735 1348 τὰ
756 1322 847 1358 τέσσαγ

954 1331 1012 1359 luas
1028 1323 1107 1351 abeat
1124 1333 1129 1350 :
1149 1323 1220 1358 quod
1237 1322 1413 1358 frigidum,in
1429 1329 1518 1350 aerem
1533 1331 1540 1356 ;
1557 1321 1630 1357 quod
1647 1321 1713 1348 cali-

88 1368 198 1400 πάντως
213 1369 330 1402 στοιχεῖα
347 1367 500 1398 ἀναλύεται,
514 1367 560 1393 καὶ
572 1367 731 1402 ἀπέρχεται,
744 1367 772 1400 ἐξ
785 1364 847 1394 ὧνκ

954 1378 1002 1401 κη,
1026 1370 1053 1396 in
1072 1370 1181 1404 ignem;
1203 1369 1319 1403 denique
1335 1370 1406 1403 quod
1421 1369 1525 1396 siccum
1541 1371 1595 1400 est,
1613 1368 1640 1394 in
1655 1371 1713 1394 ter-

90 1414 241 1449 συνέστηκε
272 1414 343 1441 κατὰ
362 1413 392 1440 τὺ
414 1412 459 1439 τοῦ
487 1413 561 1448 ἡλίου
589 1413 752 1448 ὑπόδειγμα.
767 1414 820 1440 Καὶ
838 1422 849 1440 ε

952 1423 996 1442 im.
1011 1414 1103 1450 Itaque
1117 1414 1327 1442 resurrectionis
1339 1419 1470 1449 tempore,
1484 1413 1538 1441 Deo
1553 1414 1711 1448 imperante,

91 1461 142 1497 μὲν
167 1460 201 1487 τὰ
225 1460 310 1487 ὕδατα
327 1460 474 1496 ἀπέρχεται
495 1460 525 1486 τὺ
537 1459 619 1495 ὑγρόν
632 1469 638 1474 ’
652 1461 692 1491 εἰς
704 1460 732 1486 δὲ
749 1460 794 1487 τὸν
809 1461 850 1496 ἁέι

954 1461 1035 1496 ngula
1069 1461 1205 1488 elementa
1234 1460 1411 1488 invisibiliter
1434 1460 1548 1487 reddent
1579 1457 1713 1494 quidquid

87 1507 121 1533 τὸ
137 1507 240 1542 ψυχρόν
262 1506 319 1541 (57)
332 1516 338 1522 ·
354 1508 393 1538 εἰς
403 1507 430 1532 δὲ
444 1506 474 1532 τὸ
489 1506 543 1541 πῦρ
557 1505 689 1542 πρόδηλον
712 1506 741 1532 τὸ
758 1506 846 1541 θερμόν

954 1517 960 1535 ἰ
986 1509 1114 1536 humanis
1136 1509 1298 1544 corporibus
1325 1508 1502 1543 acceperint,
1533 1511 1713 1541 accurretque

87 1554 130 1585 εἰς
158 1553 186 1579 δὲ
210 1553 260 1588 τὴν
279 1553 331 1588 γῆν
340 1552 433 1578 λοιπὸν
455 1552 485 1578 τὸ
499 1551 588 1587 ξηρόν.
605 1551 649 1586 Τῷ
670 1550 715 1578 οὖν
731 1552 818 1587 καιρῷ
830 1561 843 1577 τ

957 1555 1033 1588 lima,
1053 1559 1134 1590 atque
1149 1556 1187 1582 ita
1209 1559 1333 1590 resurget
1351 1555 1442 1586 homo,
1464 1558 1544 1589 prout
1560 1553 1636 1580 solus
1656 1553 1716 1587 ipse

88 1598 264 1629 ἀναστάσεως
275 1598 396 1624 κελεύσει
412 1597 478 1624 Θεοῦ
497 1597 619 1633 ἀοράτως
632 1597 790 1624 ἀποδίδωσιν
815 1597 847 1623 ἔκ

955 1602 1004 1628 )νίι
1017 1602 1063 1636 qui
1089 1601 1217 1629 formavit
1239 1601 1393 1633 hominem,
1420 1599 1583 1627 seminatum
1604 1598 1714 1633 quidem

90 1652 153 1670 στον
178 1643 233 1670 τῶν
250 1644 398 1679 στοιχείων,
414 1644 481 1679 ὅπερ
509 1643 604 1670 ἔλαϐεν
626 1643 806 1674 ἀποθανόντος
827 1652 849 1669 τι

970 1652 1041 1674 terra
1053 1648 1079 1674 in
1094 1647 1278 1682 corruptione,
1300 1650 1487 1681 resurgentem
1508 1653 1572 1672 vero
1583 1645 1610 1671 in
1626 1645 1715 1671 incor-

88 1689 234 1725 ἀνθρώπου
329 1690 376 1717 καὶ
391 1690 552 1725 προστρέχει
566 1691 582 1725 ὴ
596 1689 668 1725 ψυχὴ
679 1690 725 1715 καὶ
737 1689 847 1716 ἁνίστατ

957 1694 1070 1728 ῳιὶοηο.
1090 1693 1262 1728 Quapropter
1277 1693 1341 1719 hinc
1358 1700 1467 1728 quoque
1489 1699 1635 1727 possumus
1649 1698 1715 1718 con—

88 1738 105 1764 ὑ
119 1736 269 1772 ἄνθρωπος,
284 1736 321 1768 ὡς
334 1734 386 1763 οἶδε
403 1737 480 1772 μόνος
505 1737 519 1761 ὁ
537 1735 642 1767 πλάσας
666 1735 711 1762 τὸν
727 1734 847 1770 ἄνθρωπε

954 1741 1041 1767 incere
1055 1739 1216 1772 Samaritas,
1230 1739 1301 1773 quod
1312 1738 1364 1765 hoc
1377 1738 1457 1774 243
1465 1746 1566 1772 corpus
1580 1741 1713 1772 resurgat,

92 1783 208 1818 σπαρεὶς
221 1783 269 1818 μὲν
280 1783 319 1814 εὶς
330 1783 381 1817 γῆν
396 1781 493 1817 φθορᾷ,
507 1781 678 1817 ἐγειρόμενος
691 1781 719 1808 δὲ
734 1782 763 1807 ὲν
774 1781 847 1816 ἁφθα

955 1796 963 1814 t
983 1795 1016 1814 eo
1031 1786 1103 1822 quod
1118 1786 1170 1821 ipsi
1189 1793 1316 1821 corpora,
1337 1786 1421 1813 veluti
1436 1785 1572 1820 quoddam
1590 1792 1714 1820 granum,

92 1832 150 1867 σία.
178 1830 258 1857 Ὅθεν
287 1831 333 1857 καὶ
373 1830 545 1866 Σαμαρείτας
581 1830 704 1856 ἐντεῦθεν
742 1830 851 1864 δυνάμει

957 1845 959 1859 ι
981 1837 1054 1859 terra
1075 1832 1256 1859 abscondant.
1282 1831 1369 1866 Hujus
1396 1831 1469 1858 enim
1487 1832 1526 1857 rei
1545 1830 1630 1865 gratia
1647 1829 1716 1856 Deus

90 1876 211 1911 ἐλέγξαι,
225 1877 266 1903 ὅτι
284 1875 362 1902 τοῦτο
385 1876 415 1902 τὸ
431 1876 511 1909 σῶμα
537 1875 689 1907 ἀνίσταται,
703 1876 736 1902 ὲκ
765 1874 812 1901 τοῦ
833 1884 849 1902 κ

962 1878 1010 1904 itio
1033 1885 1081 1912 per
1097 1880 1209 1904 nostros
1233 1880 1325 1911 patres
1346 1876 1405 1911 lege
1421 1875 1548 1906 sancivit,
1565 1879 1593 1901 ut
1609 1878 1716 1901 mortua

91 1921 192 1952 αὐτοὺς
207 1921 302 1956 ὥσπερ
317 1921 378 1947 τινὰ
393 1921 491 1947 κόκκον
504 1921 550 1947 ἐπὶ
567 1921 618 1956 γῆς
633 1920 850 1956 κατακρύπτεινι

958 1931 1046 1958 προτιι
1069 1928 1140 1951 terra
1167 1923 1265 1951 effossa
1293 1923 1466 1954 abderemus,
1491 1925 1520 1948 ut
1543 1921 1586 1948 vel
1616 1920 1717 1946 invitus

92 1967 218 2003 σώματα.
233 1967 334 1993 Τούτου
345 1967 398 2002 γὰρ
414 1967 493 2002 χάριν
508 1967 594 1998 ὁθεὺς
608 1967 654 1993 καὶ
674 1966 720 1993 ἀπ’
738 1966 823 2001 ἀρχῆς
837 1966 851 1992 δ

956 1977 1012 1997 )mo
1045 1970 1274 1997 resurrectionem
1310 1969 1439 1996 fateatur.
1473 1967 1610 2002 Quidquid
1641 1966 1715 1994 enim

90 2014 147 2041 τῶν
167 2013 291 2048 πατέρων
308 2013 488 2047 ἐνομοθέτησε
509 2013 678 2044 σκάπτοντας
703 2014 775 2048 ἡμᾶς
800 2021 849 2039 κατ

961 2023 1005 2042 rra
1030 2015 1185 2048 obruimus,
1210 2017 1238 2043 in
1262 2023 1337 2051 spem
1358 2014 1571 2042 resurrectionis
1596 2012 1719 2047 contegi-

91 2060 226 2095 κρύπτειν
238 2059 273 2085 τὰ
296 2058 430 2085 τεθνεῶτα
456 2058 585 2094 σώματα,
607 2060 680 2090 ὅπως
705 2059 752 2085 καὶ
771 2059 845 2085 ἄκων

961 2070 1003 2089 us.
1019 2061 1073 2088 Sed
1098 2062 1120 2089 si
1143 2062 1219 2089 nulla
1243 2067 1286 2089 est
1306 2065 1477 2089 mortuorum
1498 2058 1674 2090 resurrectio,
1689 2061 1718 2083 ut

89 2106 236 2140 ἄνθρωπος
251 2105 369 2140 ὁμολογῇ
379 2104 429 2140 τὴν
443 2105 599 2131 ἀνάστασιν.
613 2105 670 2131 Πᾶν
682 2103 736 2140 γὰρ
756 2104 786 2130 τὸ
805 2105 833 2130 ὲν
847 2117 848 2120 η

958 2107 1028 2134 )lunt
1052 2106 1183 2138 haeretici,
1211 2111 1284 2133 certe
1309 2106 1429 2140 injustus
1455 2104 1528 2131 Deus
1555 2102 1717 2137 reperietur,

90 2153 128 2187 γῇ
144 2152 189 2185 ὑφ’
207 2151 284 2187 ήμῶν
312 2151 494 2186 χωννύμενον,
511 2151 622 2186 εὔδηλον
661 2151 702 2177 ὅτι
724 2151 767 2177 ἐπ’
795 2150 845 2176 ὲλπ

960 2154 1033 2188 tippe
1054 2153 1101 2188 qui
1124 2153 1226 2180 multos
1244 2152 1335 2186 justos
1357 2151 1402 2177 hic
1425 2157 1563 2178 aerumnas
1585 2147 1641 2183 pati
1662 2150 1689 2174 et
1704 2154 1719 2174 e

90 2198 269 2229 ἀναστάσεως
284 2197 444 2233 κρύπτεται.
466 2198 496 2223 Εἰ
513 2198 540 2223 δὲ
553 2198 603 2224 οὐκ
613 2197 670 2223 ἐστι
688 2197 793 2233 νεκρῶν
819 2198 849 2223 ἀν

961 2200 1022 2227 edio
1038 2199 1096 2226 tolli
1117 2199 1199 2230 sinat,
1218 2197 1311 2225 multis
1327 2200 1418 2223 autem
1440 2196 1532 2230 impiis
1547 2198 1573 2221 et
1593 2195 1719 2228 peccato-

91 2253 200 2276 στασις,
216 2244 306 2276 καθὼς
326 2244 459 2279 αἰρετικοὶ
484 2243 619 2278 λέγουσιν,
646 2243 735 2274 ἄδικος
757 2243 849 2269 λοιπὺν

960 2246 1010 2274 bus
1031 2246 1137 2273 felicem
1153 2246 1248 2277 vitam,
1265 2245 1413 2271 liberorum
1429 2243 1548 2277 copiam,
1561 2244 1588 2267 et
1606 2246 1719 2275 prospe-

91 2291 160 2323 Θεὸς
190 2291 378 2326 εὑρεθήσεται,
409 2290 522 2321 πολλοὺς
550 2291 599 2325 μὲν
629 2289 748 2321 δικαίους
766 2289 847 2316 ἐνταῦ

961 2300 994 2318 im
1020 2291 1160 2319 fortunam
1191 2291 1334 2319 concedat.
1361 2289 1463 2316 Verum
1489 2295 1524 2315 ne
1549 2287 1720 2320 decipiantur

91 2338 303 2374 ταλαιπωρῆσαι
319 2338 366 2364 καὶ
380 2337 556 2372 ἀναιρεθῆναι
572 2336 664 2368 κακῶς
691 2337 850 2371 συγχωρήσω

961 2337 1079 2365 ιιῐιιοτίιιιη
1098 2347 1105 2365 :
1126 2337 1178 2365 erit
1200 2337 1273 2364 enim
1295 2335 1442 2371 aliquando
1462 2332 1674 2362 resurrectionis
1694 2335 1720 2359 et

93 2386 202 2417 πολλοῖς
226 2385 253 2411 δὲ
278 2384 387 2411 ἀσεϐέσι
415 2384 461 2410 καὶ
489 2383 659 2418 ἁμαρτωλοῖς
693 2382 808 2413 εὐζωῖαν
835 2390 852 2408 κ

961 2382 1027 2409 idicii
1051 2387 1169 2417 tempus,
1196 2385 1226 2408 ut
1249 2385 1276 2408 et
1300 2381 1339 2415 pii
1361 2380 1407 2415 qui
1435 2379 1480 2406 hic
1508 2375 1720 2411 mala'perpessi

93 2433 237 2460 εὐτεκνίαν
265 2432 312 2457 καὶ
336 2430 488 2466 εὐπραγίαν
515 2429 714 2465 δωρησάμενος.
736 2428 817 2455 Ἀλλὰ
845 2437 852 2464 ι

962 2432 1012 2460 int,
1030 2428 1141 2455 coronis
1158 2428 1315 2459 donentur;
1334 2426 1380 2461 qui
1399 2429 1490 2452 autem
1508 2422 1639 2450 fortunati
1663 2421 1721 2448 fue-

93 2476 292 2505 πλανάσοωσαν
312 2475 490 2511 Σαμαρειτῶν
518 2475 610 2505 παῖδες
637 2474 708 2509 (59)·
732 2473 806 2500 ἔσται
829 2482 852 2508 γι

963 2477 992 2501 nt
1010 2474 1096 2508 impii,
1110 2477 1213 2500 aeterno
1229 2473 1292 2508 igne
1307 2473 1334 2499 in
1349 2471 1448 2500 saecula
1467 2469 1630 2498 saeculorum
1645 2467 1722 2495 dam--

95 2532 161 2550 ποτε
177 2522 350 2553 ἀναστάσεως
362 2521 408 2547 καὶ
421 2520 538 2555 κρίσεως
558 2520 663 2554 καιρὸς,
689 2520 762 2551 ὅπως
789 2520 836 2546 καὶ

720 2528 762 2551 τως
789 2520 836 2546 καὶ
858 2519 883 2545 οἱ
937 2524 1046 2553 nentur,
1061 2521 1139 2555 juxta
1154 2520 1258 2554 justum
1275 2518 1322 2546 Dei
1335 2517 1479 2552 judicium.

95 2569 215 2599 ἐνταῦθα
243 2569 483 2604 κακοπαθήσαντες
512 2568 633 2599 εὐσεϐεῖς
658 2567 861 2602 στεφανωθῶσι,
889 2568 936 2594 καὶ
950 2569 973 2594 οἰ
986 2567 1066 2594 πάλιν
1082 2567 1306 2602 εὐημερήσαντες
1321 2565 1429 2596 ἀσεϐεῖς
1455 2563 1493 2599 τῷ
1525 2561 1626 2597 αἰωνίῳ
1656 2559 1724 2595 πυρὶ

94 2619 134 2648 εἰς
153 2616 254 2647 αἰῶνας
268 2614 372 2641 αἰώνων
388 2613 615 2645 χαταδικασθῶσι,
639 2613 710 2640 κατὰ
728 2613 758 2639 τὸ
778 2614 880 2641 δίκαιον
898 2616 984 2650 κρῖμα
999 2614 1046 2641 τοῦ
1060 2613 1139 2641 Θεοῦ.

138 2661 233 2697 Ἐρώτ.
263 2665 320 2696 ριε’.
351 2660 405 2688 Ποῦ
429 2659 564 2694 ὑπάγουσι
587 2659 623 2686 τὰ.
643 2659 810 2686 τελευτῶντα
839 2668 885 2686 πι-

975 2660 1085 2693 Quassr.
1106 2658 1187 2687 CXV.
1199 2658 1260 2692 Quo
1275 2657 1378 2686 vadunt
1393 2656 1543 2683 morientes
1559 2653 1661 2689 ﬁdeles
1682 2652 1723 2680 in-

135 2790 192 2825 (55)
209 2791 246 2817 Ita
260 2790 327 2826 Reg.
346 2790 374 2823 ἓ,
392 2795 472 2819 recte.
500 2790 571 2818 Editi
585 2799 660 2824 vero,
681 2790 761 2826 χίλιοι
776 2790 882 2826 ἰχθύας,

974 2788 1029 2826 (βἹ)
1047 2787 1092 2826 Sic
1105 2795 1171 2815 mss.
1186 2787 1215 2814 ln
1225 2787 1305 2815 editis
1320 2787 1378 2814 haec
1389 2786 1499 2818 desunt,
1516 2785 1555 2816 εἰς
1563 2783 1591 2810 δὲ
1600 2783 1647 2810 τὸν
1657 2783 1728 2821 ἀέρα

100 2823 215 2862 omissis?
222 2823 405 2862 interincdiis:
681 2823 698 2826 H
786 2823 802 2826 ”

681 2823 698 2826 ’⁷
786 2823 802 2826 ”
935 2823 1121 2862 τὸὲᾙθέᾘ
1186 2857 1298 2862 η...
1361 2856 1373 2861 -

136 2861 192 2894 (56)
209 2861 246 2898 Ita
258 2861 324 2897 Reg.
339 2862 365 2890 2.
386 2861 457 2890 Editi
470 2870 544 2894 vero,
572 2862 618 2889 καὶ
641 2863 680 2894 εἰς
705 2862 789 2890 πολλὰ
812 2862 883 2898 μέρη

876 2871 883 2897 ι
1103 2857 1171 2898 Reg.
1185 2856 1375 2898 .Editi,_zoﬁ
1389 2855 1525 2898 σωματος.
1540 2890 1552 2896 η
1625 2891 1635 2896 ς

103 2889 272 2931 σκορπισθέν.
299 2889 313 2897 ν
414 2889 417 2890 '
453 2889 456 2890 ν
492 2889 497 2890 ⁷
538 2889 544 2894 ’
671 2889 679 2894 ’
812 2889 819 2897 ·
849 2889 854 2898 ·

974 2893 1033 2930 (59}
1043 2893 1109 2929 Reg.
1124 2889 1158 2926 Ξῖ
1169 2894 1193 2920 οι
1207 2893 1374 2929 Σαμαρεῖται
1385 2889 1437 2919 καῖ’
1446 2892 1470 2918 οἰ
1483 2890 1573 2918 αὐτῶν
1587 2889 1689 2920 παῖδες.
