1924 3059
44 137 100 165 673

525 133 756 168 ΩυᾸΞΞἸΊΟΝΕΒ
776 133 821 160 AD
841 132 1045 161 ANTIOCIIUM
1067 132 1195 160 DUCEM.

1627 133 1680 160 15Ἱὸ

88 193 186 221 Ἀπόκ.
205 193 267 220 Ἐὰν
281 193 351 230 ἀνὴρ
366 192 442 228 ἅγιός
454 193 527 219 ἐστιν
544 194 558 220 ό
579 193 629 228 τὴν
641 192 776 228 τιμωρίαν
791 192 832 218 ἀν-

926 190 1007 217 Ιὶεειι.
1035 189 1063 217 Si
1080 191 1123 217 vir
1149 195 1263 218 sanctus
1292 194 1335 218 est
1361 190 1410 225 qui
1437 190 1601 225 supplicium
1629 190 1680 217 ho-

46 241 150 276 Θρὼπῳ
164 240 336 272 ἀποστείλας,
349 239 458 274 εὔδηλον
464 240 505 266 ὅτι
518 240 598 275 βουλῇ
611 240 666 275 (63)
676 239 742 266 Θεοῦ
759 239 837 266 τοῦτο

45 287 193 322 πεποίηκε.
225 286 278 312 Καὶ
294 287 336 318 τίς
356 286 432 313 ἔσται
452 286 544 312 λοιπὸν
565 287 578 312 ὀ
596 286 645 321 τὴν
666 286 762 321 βουλὴν
789 286 836 312 τοῦ

44 333 114 358 Θεοῦ
129 331 258 358 ἀναλῦσαι
278 332 442 366 δυνάμενος;
455 332 528 366 Πλὴν
538 331 598 358 οὔτε
621 331 698 358 αὐτοὶ
715 332 739 358 οἱ
765 332 836 365 ἅγιοι

45 379 174 414 ἀλλήλοις
196 378 259 405 ποτὲ
282 379 490 414 ἀντιπολεμοῦσι
513 379 692 413 γινώσκοντες
716 378 761 405 τὸν
787 379 837 413 τῆς

45 426 159 460 ἀγάπης
174 425 221 452 τοῦ
245 425 397 460 πνεύματος
413 425 569 460 σύνδεσμον,
595 425 641 450 καὶ
654 425 694 451 ὃτι
714 424 764 450 οὐκ
785 425 838 450 εἱσ-

44 472 194 498 ακούσεται
209 471 310 507 Κύριος
326 471 413 506 ἀγίου,
427 471 473 498 τοῦ
486 471 518 497 δι’
538 471 619 506 εὐχῆς
631 470 762 496 ἀναλῦσαι
777 469 838 504 βου-

43 518 161 553 λομένου
185 517 264 544 ἄλλου
280 518 357 550 ἁγίου
378 518 469 552 εὐχήν.
495 517 563 543 Οὖτε
585 517 638 552 γὰρ
651 517 754 551 πρέπον
778 515 836 551 Θεῷ

43 563 138 592 τοῦτο,
151 562 199 589 ἕνα
215 562 264 598 μὲν
277 562 379 597 θλίψειι,
399 563 446 588 Eva.
461 562 489 588 δὲ
504 561 659 588 ἀναπαῦσαι
674 561 771 587 ἑαυτοῦ
792 560 838 587 θε-

46 610 180 645 ράποντα.
199 608 280 635 Ὅθεν
291 607 336 634 τὸν
351 609 379 634 ὲν
397 608 521 643 Κορίνθῳ
533 607 719 642 πορνεύσαντα
732 607 837 638 Παῦλος

44 655 58 680 ὁ
74 654 161 689 δήσας
176 653 255 684 αὐτὸς
268 654 314 680 καὶ
329 652 406 679 ἔλυσε
416 661 423 667 ·
439 653 486 679 καὶ
500 653 545 678 τὸν
559 652 673 687 οῠρανὸν
688 653 716 677 ἐν
729 652 762 686 τῇ
782 652 837 677 Πα-

44 699 110 736 λαιᾷ
134 700 202 736 πρὸς
217 699 346 736 ἁδροχίαν
363 699 456 730 Ἠλίας
471 698 560 734 ἔδησε,
577 697 624 724 καὶ
645 697 737 729 Ἠλίας
757 696 837 723 πάλιν

44 747 136 777 ἔλυσε,
151 747 252 781 καίπερ
271 746 376 780 ἔχοντος
391 745 450 771 τότε
469 744 516 771 τοῦ
531 744 598 770 Θεοῦ
613 743 837 778 ἑπτακισχιλίους

45 792 152 825 ἁγίους,
169 791 266 822 οἵτινες
280 791 329 816 οὐκ
344 790 471 825 ἔκαμψαν
483 790 548 824 γόνυ
564 791 596 825 τῇ
617 789 700 815 Βάαλ.
717 789 771 815 Καὶ
784 788 836 814 πά-

44 837 98 870 λιν,
123 837 296 873 ὑόρισοέντος
317 837 364 863 τοῦ
382 836 442 862 ’1ὼὸ
464 835 516 863 ὑπὸ
541 835 594 862 τῶν
620 835 715 862 ἑαυτοῦ
740 835 834 869 φίλων,

889 235 955 262 mini
969 234 1050 270 244
1081 235 1205 268 immisit,
1223 235 1397 262 manifestum
1410 239 1452 262 est
1473 234 1520 262 Dei
1538 235 1679 263 voluntate

889 279 915 306 id
930 279 1038 306 fecisse.
1059 279 1127 312 Quis
1141 287 1206 314 ergo
1222 279 1310 314 possit
1325 279 1370 306 Dei
1385 279 1554 306 voluntatem
1573 280 1679 306 irritam

888 324 994 352 facere?
1009 325 1109 352 Verum
1127 333 1177 353 nec
1195 326 1246 360 ipsi
1260 325 1348 353 sancti
1364 326 1417 352 sibi
1444 326 1561 353 invicem
1586 326 1681 353 adver-

887 376 983 398 santur
1000 379 1062 398 cum
1083 380 1137 398 non
1156 372 1281 406 ignorent
1301 371 1438 398 vinculum
1465 371 1608 398 ebur-italis
1623 372 1680 406 spi-

888 417 970 448 ritus,
987 425 1073 452 neque
1092 425 1106 444 a
1126 416 1242 444 Domino
1265 418 1423 444 exauditum
1453 417 1485 444 iri
1512 425 1678 452 quemquam

887 468 1022 494 sanctum,
1034 463 1080 498 qui
1096 471 1145 490 sua
1163 464 1286 490 oratione
1298 463 1363 490 velit
1380 463 1451 490 alius
1465 464 1553 490 sancti
1571 463 1677 490 irritam

887 509 1001 536 reddere
1018 510 1179 536 orationem.
1202 509 1256 536 Nec
1275 509 1347 536 enim
1376 509 1431 536 Deo
1454 510 1593 542 convenit,
1611 518 1676 537 suo-

887 563 949 582 rum
962 563 1101 582 servorum
1118 563 1201 582 unum
1217 555 1343 590 alll'gere,
1363 555 1444 581 alium
1460 563 1525 582 vero
1541 564 1676 584 recreare.

887 601 957 628 llinc
974 602 1147 629 Corinthium
1173 601 1249 628 illum
1278 601 1470 629 fornicaturem
1498 601 1567 629 idem
1595 603 1677 629 solvit

886 647 988 674 Paulus
1005 648 1062 682 ipse
1077 647 1122 682 qui
1142 650 1168 673 et
1194 649 1319 674 vinxerat
1336 655 1342 672 :
1364 647 1482 682 itemque
1500 647 1572 674 Elias
1589 648 1615 674 in
1630 648 1678 675 Vc-

887 694 939 721 teri
967 694 1143 721 Testamento
1158 694 1257 720 cmlum
1278 701 1312 720 ne
1332 693 1436 728 plueret
1460 694 1572 728 ligavit;
1591 693 1677 720 idem-

887 747 940 774 que
951 744 1045 775 postea
1058 740 1150 770 solvit,
1166 741 1291 774 quamvis
1310 745 1374 766 tunc
1396 738 1467 765 Deus
1494 743 1596 773 septem
1613 747 1677 766 san-

887 792 993 813 ctorum
1022 785 1107 811 millia
1136 785 1260 816 haberet,
1285 785 1332 819 qui
1355 792 1442 818 genua
1469 792 1522 811 non
1546 784 1677 811 flexerant

888 832 961 858 idolo
974 831 1048 858 Baal.
1067 830 1130 858 Item
1148 839 1209 857 eum
1225 830 1277 857 Job
1293 830 1328 857 ab
1343 830 1439 857 amicis
1457 831 1559 864 injuria
1577 830 1677 858 fuisset

45 884 128 910 αὑτὸν
143 872 290 918 πεποίηκεν
306 885 320 909 ὁ
333 883 399 914 Θεὸς
415 882 591 917 συγχωρῆσαι
603 882 694 913 αὐτοῖς
705 881 734 908 τὸ
750 882 832 917 ἀμάρ·

890 877 1011 909 allectus,
1029 877 1114 903 voluit
1130 875 1201 903 Deus
1219 877 1307 911 ipsum
1331 876 1386 902 illis
1401 876 1556 903 condonare
1573 876 1598 903 id
1614 884 1677 912 pec-

43 939 130 965 τημα,
146 929 233 964 λέγων
253 930 354 961 αὐτοῖς,
378 929 419 956 ὅτι
441 938 450 953 ι
470 928 623 964 Πορεύεσθε
642 928 708 963 πρὸς
723 928 768 954 τὸν
791 927 836 953 θε-

46 976 169 1012 ράποντά
189 985 239 1011 μου
264 975 334 1008 Ἰὼϐ,
356 976 401 1002 καὶ
422 975 599 1011 προσεύξεται
626 974 689 1010 περὶ
713 974 799 1009 ὑμῶν.
825 983 833 999 ι

44 1023 100 1050 Καὶ
116 1022 209 1058 ὥσπερ
234 1023 279 1048 ἐπὶ
301 1022 354 1048 τῶν
376 1022 461 1056 ἁγίων
485 1021 607 1055 ἀγγέλων
623 1022 672 1047 οὐκ
688 1021 835 1056 ἀντιπράτ-

44 1075 86 1094 τει
110 1067 203 1104 ἕτερος
220 1067 315 1104 ἑτέρῳ,
331 1067 401 1094 οὕτω
418 1067 465 1094 καὶ
493 1067 541 1094 ἐπὶ
560 1067 614 1093 τῶν
631 1066 716 1102 ἁγίων
735 1067 837 1102 νοήσω-

47 1121 108 1148 μεν.

87 1158 184 1194 Ἐρώτ.
201 1159 261 1194 ριθ’.
277 1159 362 1186 Πόθεν
387 1159 458 1191 τινὲς
483 1159 562 1193 φύσει
590 1159 726 1190 ἀϐιάστως
750 1159 838 1194 ὑπάρ-

44 1211 138 1238 χουσιν
152 1203 312 1239 ἐλεήμονες·
327 1204 399 1236 τινὲς
415 1204 443 1230 δὲ
458 1204 536 1230 πάλιν
553 1204 674 1239 φυσικῶς
685 1205 754 1231 εἰσιν
766 1204 836 1239 ὠμοί

45 1257 75 1275 τε
89 1249 135 1275 καὶ
151 1248 318 1284 ἄσπλαγχνοι
331 1250 372 1282 εἰς
386 1245 546 1285 μετάδοσιη

88 1335 182 1366 Ἀἇτόλ
199 1339 291 1371 Οὐδεὶς
308 1339 360 1366 ὑπὸ
380 1339 448 1366 Θεοῦ
475 1340 616 1376 ἄνθρωπος
638 1341 733 1376 γέγονε
756 1342 835 1376 φύσει

46 1383 208 1420 ἀσυμπαθὴς
222 1385 267 1411 καὶ
279 1385 463 1420 ἄσπλαγχνος·
487 1386 565 1420 φύσει
580 1387 607 1412 δὲ
626 1387 725 1422 μᾶλλον
741 1388 755 1413 ό
771 1388 837 1420 Θεὸς

46 1428 75 1455 τὸ
89 1429 247 1465 φιλάλληλον
264 1431 303 1463 εἰς
319 1431 369 1466 τὴν
388 1431 434 1458 τοῦ
449 1431 591 1467 ἀνθρώπου
610 1433 704 1459 οὐσίαν
719 1433 816 1468 ἔθηκεν
827 1442 834 1448 ⁸

45 1476 94 1502 οὐκ
108 1477 136 1501 ὲν
159 1477 192 1511 τῇ
213 1476 260 1502 τοῦ
281 1476 424 1512 ἀνορώπου
447 1477 475 1503 δὲ
500 1478 589 1513 μόνον,
606 1478 673 1505 ἀλλὰ
689 1479 736 1505 καὶ
758 1480 787 1506 ὲν
801 1481 834 1516 τῇ

44 1521 98 1548 τῶν
113 1521 218 1556 ἀλόγων
229 1522 276 1548 καὶ
290 1523 428 1549 πετεινῶν.
448 1524 528 1550 Ὅθεν
540 1524 670 1556 πολλάκις
682 1525 728 1552 κοιλ⁸
744 1526 773 1558 ἐξ
789 1526 835 1553 ἀλ-

45 1566 132 1602 λήλων
146 1568 328 1603 χωριζόμενα,
350 1568 537 1604 στεάγνάξουσι,
554 1570 600 1597 καὶ
615 1570 707 1606 βοῶσι,
725 1572 770 1598 καὶ
786 1581 833 1607 νη-

47 1613 168 1640 asa-302m:
179 1622 185 1629 ·
198 1614 259 1641 τινὰ
281 1615 309 1640 δὲ
329 1616 375 1642 καὶ
386 1616 542 1649 δακρύουσι.
557 1616 690 1651 Κορωνῶν
703 1617 730 1643 δὲ
745 1618 832 1651 γένος,

45 1659 92 1686 καὶ
107 1659 205 1695 βρῶμα
221 1661 361 1696 εὑροῦσαι,
376 1662 476 1694 εὐθέως
495 1662 611 1697 ἀλλήλας
624 1664 656 1697 τῇ
677 1664 751 1698 φωνῇ
768 1663 834 1699 κρά-

45 1705 120 1737 ζουσι
142 1706 211 1742 πρὸς
229 1707 385 1742 μετάληψιν.
407 1709 462 1734 Καὶ
484 1708 542 1740 πῶς
564 1708 667 1740 λοιπὸν,
692 1709 752 1735 εἰπέ
777 1718 832 1744 μοι,

44 1751 74 1777 οὐ
87 1751 212 1786 μέλλουσι
226 1753 310 1779 πολλᾶ
322 1754 368 1780 καὶ
381 1753 435 1780 τῶν
448 1753 551 1788 ἀλόγων
563 1755 636 1790 ήμᾶς
648 1755 831 1790 κατακρίνειν,

43 1797 107 1828 τοὺς
123 1798 183 1823 κατ’
196 1798 287 1825 εἰκόνα
300 1798 367 1825 Θεοῦ
389 1799 557 1831 κτισθέντας,
572 1800 601 1826 οὺ
625 1800 704 1835 μόνον
724 1800 767 1826 διὰ
783 1801 832 1836 τὴν

43 1843 230 1878 ἀσπλαγχνίαν
252 1844 340 1880 ἡμῶν,
364 1844 432 1871 ἀλλά
453 1846 499 1872 καὶ
514 1845 557 1872 διὰ
578 1845 628 1880 τὴν
650 1845 760 1880 ἄγνοιαν
778 1846 831 1882 (66)

44 1890 91 1916 καὶ
105 1890 260 1922 ἀκολασίαν,
280 1890 312 1926 ἣν
327 1890 442 1926 ἔχομεν;
461 1891 567 1918 Ἐκεῖνα
578 1892 633 1927 γὰρ
645 1892 675 1918 οὺ
690 1892 769 1927 μόνον
784 1893 832 1928 ἄρ-

45 1943 91 1961 σεν
106 1934 219 1970 ἄρσενος
232 1936 272 1967 είς
287 1936 429 1963 συνουσίαν
445 1937 493 1972 οὐχ
506 1937 629 1970 ἅπτεται,
642 1937 710 1964 ἀλλά
725 1937 773 1964 καὶ
785 1938 833 1964 αὑ-

43 1980 94 2013 τῆς
105 1980 155 2015 τῆς
171 1980 280 2016 ϐηλείας
293 1982 360 2017 πρὸς
377 1982 469 2017 ὀλίγας
485 1983 531 2009 καὶ
546 1983 625 2018 μόνον
638 1984 744 2019 ἡμέρας
758 1983 831 2018 ἐφίε-

42 2035 104 2053 ταιο
125 2027 184 2054 τινὰ
203 2027 232 2054 δὲ
249 2028 295 2054 καὶ
321 2028 476 2064 χηρεύουσι.
504 2029 663 2062 Πλεονεξίαν
691 2030 740 2056 οὐκ
766 2028 830 2062 οἶδε,

43 2073 176 2110 λοιδορίαν
199 2075 230 2101 οὺ
257 2075 426 2110 μετέρχεται.
445 2075 482 2101 Τὸ
509 2076 538 2102 δὲ
562 2075 767 2112 χαλεπώτερον,
790 2077 830 2103 ὅτι

44 2125 97 2155 περ
113 2119 172 2146 κατ’
197 2120 287 2148 εἰκόνα
305 2121 350 2147 καὶ
375 2121 503 2156 ὁμοίωσιν
521 2122 587 2148 Θεοῦ
611 2122 762 2158 γενόμενοι,
783 2123 831 2150 καὶ

43 2165 137 2200 ἄρχειν
158 2165 262 2200 ἀλόγων
281 2167 451 2202 τεταγμένοι.
473 2168 752 2204 παρασυνεῆλήοημεν
775 2170 831 2200 τοῖς

45 2211 155 2246 κτήνεσι
174 2213 230 2243 τοῖς
242 2212 364 2248 ἀνοήτοις
381 2214 428 2239 καὶ
442 2213 622 2248 ὡμοιώθημεν
639 2214 738 2246 αὐτοῖς.

79 2257 175 2292 Ἐρώτ.
192 2261 243 2293 ρκ’.
255 2259 333 2285 Ποῖαι
343 2259 466 2285 πλεῖστον
481 2259 588 2286 πάντων
603 2260 698 2296 ἀρεταὶ
712 2261 767 2292 τοῖς
781 2260 829 2296 ἄρ-

43 2311 118 2338 χουσι
133 2303 266 2338 πρέπουσί
282 2313 311 2331 τε
328 2305 374 2331 καὶ
391 2305 572 2340 ἁρμόζουσιν;

78 2391 173 2418 ’Δπόκ.
198 2391 252 2428 (67)
272 2393 488 2428 Προηγουμένως
505 2394 536 2420 τὸ
555 2394 758 2430 συμπαθητικδν
780 2394 828 2421 καὶ

43 2438 240 2474 φιλάνθρωπον,
254 2439 288 2465 τὰ
300 2440 345 2466 καὶ
360 2439 418 2475 Θεῷ
435 2440 606 2476 ὑπάρχοντα·
623 2439 681 2467 εἶτα
699 2441 729 2468 τὸ
742 2442 828 2477 ἀμνη-

44 2485 156 2512 σίκακον
179 2486 226 2511 καὶ
247 2485 392 2521 ἀόργητον,
418 2487 465 2513 καὶ
488 2487 752 2523 ἀπροσωπόληπτον,
779 2488 826 2514 καὶ

41 2530 252 2566 ἁδωμόκητον,
267 2531 314 2558 καὶ
325 2531 379 2568 πρὸ
390 2531 498 2559 πάντων
512 2533 542 2559 τὸ
558 2533 595 2569 μὴ
612 2533 741 2569 εὐχερῶς,
757 2535 825 2570 μηδὲ

77 2622 100 2638 ³ο
115 2621 169 2648 Job
184 2628 258 2653 xui,
274 2620 301 2648 8.
339 2622 360 2638 ⁸¹
383 2620 454 2649 Psal.
473 2629 556 2649 sum
570 2643 577 2653 ,
597 2622 640 2650 13.

77 2709 132 2746 (ϐξ)
149 2708 213 2744 Reg.
230 2709 257 2740 2,
268 2710 405 2746 βουλήσει.
419 2710 441 2736 Λ
454 2709 577 2738 Palatino
591 2711 618 2741 2,
632 2715 659 2738 et
682 2719 696 2738 a
723 2713 824 2740 veteri-

42 2745 94 2781 bus
115 2744 227 2781 Latinis
241 2745 325 2781 editis
344 2744 443 2772 absunt
473 2752 568 2781 quaest.
595 2746 656 2779 118,
673 2747 734 2779 119,
761 2748 823 2780 1⁸20,

121 2779 261 2823 ιοβὲυηιι,
276 2780 336 2813 HS,
354 2780 415 2815 128,
440 2779 501 2814 129,
518 2781 577 2814 151),
595 2781 656 2814 151,
674 2782 735 2814 152,
761 2779 821 2816 155,

43 2816 134 2886 Νῗϐδ)
149 2815 277 2885 igitur”
291 2851 367 2880 deest
382 2851 411 2880 in
424 2850 490 2887 Reg.
512 2851 540 2880 2.
555 2851 638 2887 Infra,
665 2851 734 2880 idem
762 2857 824 2888 post

887 923 951 952 cati.
969 923 1041 949 unde
1056 923 1095 950 eis
1108 922 1146 948 ait
1162 931 1168 948 :
1188 931 1196 947 ι
1220 921 1258 949 Ite
1273 921 1305 948 ad
1335 929 1443 948 servum
1461 929 1550 948 meum
1566 920 1629 953 Joh,
1649 925 1677 948 et

888 969 977 996 orabit
997 977 1045 1004 pro
1070 969 1149 995 vobis
1159 968 1193 994 ⁸⁸.
1214 977 1224 994 ι
1245 967 1366 1002 Denique
1394 972 1424 994 ut
1459 968 1530 995 inter
1552 968 1674 1003 angelos,

889 1015 981 1042 nullus
997 1015 1077 1042 alteri
1099 1018 1233 1050 repugnat
1253 1022 1259 1040 :
1279 1014 1349 1042 idem
1371 1014 1499 1042 similiter
1515 1015 1549 1042 de
1569 1014 1675 1042 sanctis

887 1065 928 1088 est
945 1061 1128 1088 sentiendum.

919 1168 1028 1201 Quesr.
1048 1167 1140 1194 CXIX.
1162 1166 1240 1194 Unde
1255 1168 1366 1202 quidam
1384 1172 1482 1196 natura
1505 1175 1569 1198 sunt
1590 1171 1674 1199 invite

887 1218 914 1240 et
932 1219 1116 1248 repugnanter
1140 1214 1333 1242 misericordes
1350 1224 1356 1242 :
1373 1215 1483 1250 quidam
1511 1217 1574 1244 item
1590 1223 1672 1245 natu-

887 1255 979 1282 raliter
998 1257 1124 1284 erudeles
1152 1258 1339 1293 immitesque,
1352 1267 1404 1287 nec
1427 1259 1506 1288 facile
1528 1262 1589 1290 aliis
1609 1263 1674 1298 quid

886 1301 1067 1336 impertiunt?

922 1344 1004 1373 Βεερ.
1022 1345 1108 1374 Nemo
1129 1347 1209 1374 liomo
1223 1356 1237 1375 a
1252 1347 1307 1375 Deo
1329 1349 1418 1378 factus
1441 1355 1484 1379 est.
1505 1355 1603 1380 natura
1626 1353 1676 1384 hn-

886 1390 959 1417 milis
979 1395 1005 1417 et
1024 1391 1235 1426 immisericors;
1253 1394 1319 1428 quin
1342 1397 1432 1429 potius
1451 1403 1576 1424 mutuum
1599 1405 1675 1426 amo-

886 1444 943 1463 rem
963 1436 1034 1464 Deus
1059 1437 1201 1465 hominum
1228 1445 1333 1467 naturie
1359 1441 1468 1471 indidit.
1486 1450 1536 1470 nec
1565 1448 1673 1471 tantum

887 1482 1027 1510 hominum
1043 1487 1157 1516 naturae,
1177 1485 1223 1512 scd
1240 1486 1321 1513 etiam
1338 1487 1538 1515 irrationalium
1554 1493 1581 1516 et
1594 1490 1674 1516 volu-

886 1529 1050 1556 crum.lnde
1068 1538 1140 1565 stepe
1164 1531 1199 1557 ab
1221 1532 1336 1560 invicem
1363 1539 1494 1568 separata:
1520 1536 1673 1564 animantes

885 1578 1060 1609 congemunt,
1082 1576 1202 1602 clamant
1222 1582 1248 1603 et
1276 1577 1412 1612 jejunant,
1434 1580 1558 1614 quadam
1586 1581 1670 1609 etiam

888 1619 1086 1654 iacryniamur.
1104 1618 1250 1647 Cornicum
1264 1626 1353 1648 autem
1366 1630 1462 1657 genus,
1475 1623 1537 1650 cibo
1549 1624 1671 1656 invento,

893 1665 985 1692 statim
1002 1665 1117 1692 invicem
1133 1673 1200 1693 voce
1214 1667 1334 1694 clamant
1359 1672 1388 1694 ut
1404 1675 1500 1696 omnes
1524 1669 1585 1702 ejus
1618 1671 1673 1697 sint

886 1711 1042 1746 participes.
1067 1712 1165 1739 Annon
1190 1720 1256 1748 ergo
1285 1715 1370 1740 multa
1394 1715 1477 1741 etiam
1500 1715 1672 1743 irrationalia

885 1764 945 1788 nos,
961 1757 1006 1792 qui
1023 1756 1056 1783 ad
1086 1756 1132 1784 Dei
1164 1757 1309 1793 imaginem
1339 1760 1444 1786 conditi
1477 1768 1584 1793 sumus,
1603 1769 1666 1788 con-

883 1802 1044 1830 demnatura
1068 1807 1132 1831 sunt
1155 1811 1210 1831 non
1234 1805 1321 1831 solum
1347 1806 1419 1840 quod
1439 1806 1672 1835 irimiisericordcs

883 1849 980 1880 simus,
1001 1857 1095 1876 verum
1125 1850 1207 1876 etiam
1233 1855 1354 1878 nostram
1385 1852 1420 1878 ob
1444 1852 1625 1886 ignorantiam
1641 1857 1672 1880 et

883 1894 1129 1922 incontinentiam?
1148 1894 1195 1922 illa
1220 1896 1378 1924 enim.non
1407 1897 1494 1924 solum
1522 1905 1580 1925 mas
1608 1906 1670 1925 cum

882 1949 957 1968 mare
972 1949 1025 1968 non
1041 1942 1274 1975 commiscentur,
1294 1943 1340 1970 sed
1357 1943 1389 1971 ad
1410 1951 1514 1978 paucos
1537 1944 1670 1971 duntaxat

882 1986 940 2014 dies
956 1986 1082 2014 feminam
1103 1992 1243 2023 appetunt,
1260 1988 1388 2022 Quaedam
1411 1990 1491 2017 etiam
1508 1990 1679 2017 viduitatem‘

882 2036 1002 2060 servant.
1028 2033 1178 2061 Avaritiam
1207 2039 1298 2062 autem
1329 2043 1383 2063 non
1414 2040 1525 2062 norunt.
1547 2036 1580 2062 At
1597 2037 1669 2071 quod

881 2079 990 2114 gravius
1009 2082 1061 2112 est,
1077 2087 1128 2107 nos
1152 2080 1199 2115 qui
1214 2081 1247 2108 ad
1264 2081 1409 2116 imaginem
1421 2086 1447 2108 et
1462 2082 1668 2109 similitudinem

880 2123 928 2151 Dei
944 2123 1008 2151 facti
1028 2132 1135 2156 sumus,
1155 2129 1182 2152 et
1198 2125 1231 2152 ad
1249 2126 1438 2160 imperandum
1463 2126 1668 2153 irrationalibus

880 2170 1035 2203 constituti,
1059 2171 1210 2206 comparati
1235 2179 1331 2199 sumus
1359 2171 1491 2206 jumentis
1514 2171 1668 2206 insipienti-

881 2216 943 2247 bus,
959 2222 985 2244 et
994 2217 1097 2244 similes
1115 2217 1178 2244 facti
1194 2224 1290 2244 sumus
1306 2217 1402 2244 illis“.

915 2260 1026 2294 Qumsr.
1040 2262 1122 2289 CXX.
1140 2261 1205 2295 Quae
1216 2270 1248 2290 ex
1264 2263 1392 2290 omnibus
1416 2263 1565 2290 virtutibus
1581 2262 1667 2297 potis-

881 2306 980 2334 simum
1007 2307 1178 2342 principibus
1213 2309 1380 2335 conveniunt
1410 2314 1437 2336 et
1475 2313 1666 2336 consentaneae

879 2353 966 2379 sunt?

914 2397 998 2426 Resp.
1034 2398 1174 2434 Praecipue
1209 2399 1411 2427 commiseratio
1440 2402 1467 2426 et
1497 2398 1663 2429 humanitas.

879 2453 939 2480 qua:
955 2449 982 2472 et
1003 2445 1058 2473 Deo
1080 2446 1183 2473 insunt.
1208 2445 1310 2474 Deinde
1337 2445 1499 2480 injuriarum
1528 2444 1663 2477 oblivisci,

879 2499 933 2518 non
952 2492 1055 2518 moveri
1073 2492 1225 2524 iracundia,
1240 2499 1372 2526 personas
1389 2499 1443 2519 non
1467 2491 1601 2526 accipere,
1613 2497 1664 2518 nec

880 2537 1040 2564 muneribus
1056 2538 1208 2572 corrumpi,
1224 2538 1273 2565 sed
1290 2538 1318 2564 in
1341 2537 1436 2572 primis
1451 2545 1504 2565 non
1522 2536 1600 2564 facile
1616 2543 1664 2563 ne-

898 2713 982 2749 μέρας
999 2714 1104 2748 ἐφίεται.
1126 2714 1210 2748 addit,
1237 2713 1297 2741 τινὰ
1310 2714 1337 2740 δὲ
1350 2714 1396 2741 καὶ
1421 2714 1576 2750 χηρεύουσι,
1601 2722 1662 2750 qun

894 2753 974 2776 esunt
990 2750 1015 2776 in
1031 2750 1121 2777 editis.

911 2784 1157 2820 (67111ιιιιυιίεερ.
1175 2784 1202 2810 in
1215 2784 1292 2820 prius
1306 2785 1350 2812 ed.
1373 2784 1451 2812 valde
1474 2784 1600 2812 mutilam
1624 2793 1660 2814 ex

876 2827 942 2848 mss.
958 2819 1025 2856 Reg.
1043 2819 1234 2857 restituimus."
