1924 3059
263 119 315 146 δῖῢ

827 115 856 142 S.
876 114 1105 152 ATIIANASIUS.
1125 128 1158 134 -
1178 113 1313 141 SPURlA.
1815 119 1859 146 676

264 185 318 213 que
330 177 433 212 absque
447 175 570 203 examine
594 174 739 202 calumniis
757 177 784 201 et
810 173 951 200 convictiis
968 173 1045 200 Iidem

1101 172 1280 205 ἡνεξετάστως
1294 171 1485 202 διαϐολαῖς¹καὶ
1497 171 1639 207 λοιδορίαις
1652 173 1795 202 πείθεσθαι.
1804 177 1861 203 Ἀταδ

264 225 375 252 habere.
392 223 469 256 Quod
483 223 555 249 enim
582 222 698 248 aliorum
728 220 901 247 sermonibus
934 219 1047 246 credam

265 271 355 300 multi,
373 270 461 296 caedes
480 269 595 302 injustas
625 270 827 302 perpetrarunt,
844 273 949 292 necnon
975 265 1047 299 quod

266 312 496 341 imtniset’icordes
510 313 620 343 l‘ueriut,
635 312 860 345 mcminerintque
875 311 1047 345 iujuriarum,

267 363 295 387 et
311 360 390 386 donis
420 362 671 392 corrumperentur.
688 357 734 383 Ille
754 357 836 392 igitur
863 357 988 390 princeps
1003 364 1049 383 ac-

267 409 361 439 ceptus
373 404 426 431 er
438 408 490 435 est,
502 404 548 437 qui
565 403 633 429 nihil
649 402 804 437 hujusmodi
820 393 1046 428 vitiorum-liabet.

304 449 413 482 thsr.
428 447 521 474 CXXI:
543 447 621 474 Unde
643 447 766 473 videmus
794 448 880 473 malos
903 447 1048 473 nonnullos

266 499 293 522 et
306 495 432 529 indignos
449 494 482 520 ad
509 501 646 520 sumntum
675 492 857 519 sacerdotium
884 491 1047 525 promoveri,

267 544 429 574 potestatem
448 540 475 566 in
489 539 617 574 populum
630 539 759 572 consequi
777 539 915 572 multaque
930 537 1048 564 absurda

266 586 453 612 committere?
777 614 782 619 _

303 631 384 658 Rt-zsr.
402 631 460 657 Non
475 631 547 665 qttod
573 631 624 664 ipsi
641 630 716 665 digni
745 630 800 657 siut
826 629 984 663 hujusmodi
1000 636 1048 663 po-

266 682 374 709 testate,
392 677 445 704 illis
460 677 552 711 populi
566 677 790 711 gubernationem
800 675 945 702 committit
958 674 1046 702 Deus:

264 724 315 752 sed
334 723 398 758 quia
415 730 560 757 pervorsus
585 726 627 748 est
649 721 776 756 populus,
793 721 860 748 tales
877 720 944 754 ipsis
972 719 1044 748 Deus

266 767 314 794 dat
328 773 450 793 summos
463 766 620 793 sacerdotes
640 768 667 792 et
686 765 834 799 principes.
852 774 861 789 ‹
881 764 955 792 Dabo
975 765 1049 792 enim

266 812 356 842 vobis,
373 821 383 836 ι
409 811 496 845 inquit
518 810 599 842 Deus,
625 819 635 835 ί
653 810 792 845 principes
824 810 975 845 secundum
1001 818 1050 837 cor

266 861 388 884 vestrum
397 857 430 883 ".
454 865 464 881 ι

303 913 414 945 Ουιεετ.
430 911 536 939 CXXII.
555 911 696 939 Undenam
726 911 887 947 cogniturus
905 915 956 944 est,
974 912 1047 946 quia

266 958 322 985 Deo
339 958 441 993 aliquid
457 958 588 993 postulat,
613 962 754 992 acceptam
779 958 865 986 fuisse
896 958 957 992 ejus
984 965 1047 985 ora-

264 1005 384 1032 tionem?

301 1060 383 1087 thsr.
393 1059 492 1087 Paucis
509 1060 535 1087 id
551 1059 661 1095 quidem
679 1063 706 1087 et
721 1059 773 1094 piis
794 1059 862 1087 viris
882 1059 911 1086 ﬁt
934 1059 1048 1086 manife-

267 1110 350 1138 stum,
365 1113 481 1141 quorum
491 1113 538 1133 cor
554 1105 759 1141 intelligibiliter
783 1106 835 1132 hac
849 1105 882 1132 de
894 1106 930 1140 re;
940 1113 1047 1140 persua-

266 1152 355 1179 detur.

302 1217 413 1250 Quaasr.
438 1216 554 1244 CXXIII.
580 1217 708 1244 Mundum
735 1217 852 1244 dicimus
873 1224 906 1244 ex
930 1220 1047 1251 quatuor

266 1264 392 1290 terminis
405 1269 541 1295 constare,
558 1271 710 1298 rursusque
727 1263 865 1290 hominem
881 1270 912 1289 ex
930 1269 1047 1297 quatuor

267 1308 410 1335 elementis
439 1315 500 1335 esse
534 1307 866 1342 compositum:planum
892 1308 975 1342 igitur
1006 1313 1048 1335 cst

267 1354 340 1389 quod
358 1358 476 1388 quatuor
502 1353 622 1385 termini,
646 1353 673 1380 id
692 1358 744 1385 est,
762 1353 853 1380 orietts
867 1357 894 1380 et
907 1354 1045 1386 occidens,

267 1401 416 1434 septentrio
432 1403 457 1426 et
474 1400 609 1432 meridies,
625 1403 742 1434 quatuor
755 1403 886 1433 gencreut
902 1399 1046 1432 elementa,

267 1454 364 1481 nempe
381 1446 500 1473 calidum
516 1449 542 1473 et
557 1444 696 1480 frigidum,
712 1444 854 1471 humidum
877 1449 904 1471 et
932 1444 1044 1471 siccum.

266 1493 446 1526 Quaerendum
464 1493 554 1528 itaque
569 1492 648 1528 245
664 1496 759 1525 restat,
779 1492 859 1527 quale
882 1492 1046 1520 elementum

265 1547 297 1566 ex
309 1539 381 1574 quali
397 1543 473 1574 parte
485 1538 579 1566 mundi
592 1538 715 1566 oriatur?

301 1596 381 1623 lisse.
403 1595 437 1623 Ut
458 1603 548 1623 rerum
564 1599 661 1622 natura
683 1598 801 1622 testatur
823 1598 850 1622 et
864 1595 955 1627 docet,
972 1594 1047 1622 vide-

265 1650 327 1670 mus
341 1642 460 1669 calidum
483 1642 646 1670 elementum
677 1649 710 1669 ex
742 1641 847 1668 oriente
869 1641 947 1673 oriri,
967 1641 1049 1675 idque

266 1692 402 1715 testantur
414 1687 553 1718 Indorum,
569 1687 616 1722 qui
633 1687 738 1715 caeteris
761 1687 888 1714 omnibus
906 1687 994 1722 magis
1012 1687 1047 1714 ad

265 1733 397 1761 orientem
423 1733 576 1764 accedunt,
603 1739 718 1767 corpora
740 1739 800 1767 quae
820 1734 949 1764 fsummus
973 1732 1048 1759 calor

265 1779 343 1814 nigra
357 1779 446 1806 elIicit.
464 1778 536 1806 Deus
547 1778 619 1805 enim
634 1778 668 1805 ab
684 1778 762 1804 initio
781 1778 917 1804 hominem
940 1778 1048 1814 nigrum

266 1833 322 1852 non
346 1824 420 1864 fecit.
439 1824 507 1851 llinc
532 1828 702 1851 mortuorum
723 1824 867 1854 cadavera,
890 1825 941 1851 soli
966 1832 1048 1859 expo-

266 1871 329 1902 sita,
347 1871 425 1905 nigra
438 1870 516 1903 ﬁunt,
531 1874 558 1897 et
572 1874 698 1896 uruntur.
714 1868 792 1896 Unde
807 1870 921 1896 multum
937 1875 962 1897 et
973 1878 1047 1897 sum—

266 1923 341 1942 mum
355 1915 389 1942 ob
404 1915 522 1942 calorem
536 1915 652 1942 multum
668 1915 761 1942 vinum
782 1923 835 1942 non
851 1916 940 1942 valent
954 1915 1047 1942 bibere

265 1960 408 1994 AZthiopes
427 1969 434 1986 :
451 1960 498 1987 sed
533 1968 580 1988 eos
605 1960 750 1987 vehemens
779 1960 871 1987 fervor
901 1961 1047 1989 iracundos

265 2006 343 2033 valde
367 2010 394 2033 et
416 2007 530 2034 acerbos
553 2006 652 2038 reddit,
677 2014 782 2034 necnon
807 2007 842 2033 ad
857 2006 1046 2034 fornicandum

265 2053 450 2089 procliviores.
468 2053 700 2086 Quetuadtnodum
716 2058 806 2081 autent
822 2054 879 2080 haec
893 2054 926 2081 de
941 2055 1046 2082 oricnte

265 2099 394 2130 diximus,
408 2099 448 2126 sic
467 2099 605 2126 contraria
621 2098 654 2125 de
677 2099 820 2126 occidente
834 2098 968 2126 dicemus.
986 2098 1048 2126 Haec

263 2146 336 2173 enim
355 2153 417 2180 pars
432 2145 529 2180 frigida
545 2150 598 2177 est,
614 2145 760 2180 frigidique
774 2145 901 2172 elementi
917 2150 943 2172 et
959 2146 1046 2173 noctis

264 2192 381 2228 genitrix
400 2196 427 2219 et
450 2192 580 2219 ellectrix.
597 2191 666 2219 lliue
686 2196 713 2219 et
733 2192 793 2226 ejus
816 2192 912 2219 incola:
932 2200 1046 2227 corpora

264 2239 366 2266 habent
389 2239 450 2266 aliis
476 2238 604 2266 otnuibus
626 2237 796 2270 candidiora,
817 2239 987 2273 multumque
1006 2238 1044 2265 vi-
1062 2253 1084 2281 Ι)

263 2292 330 2312 num
344 2284 423 2311 facile
440 2284 547 2311 bibunt.
565 2283 659 2311 Restat
679 2284 761 2319 igitur
774 2288 803 2310 ut
820 2285 943 2311 dicamus
958 2285 1046 2311 descr-

263 2333 320 2356 tam
345 2329 495 2361 meridiem,
515 2329 581 2356 sicci
605 2329 731 2356 elementi
755 2334 894 2364 parentem
921 2337 991 2360 esse,
1017 2334 1046 2355 ut

262 2377 323 2411 ejus
337 2376 432 2403 incola:
447 2375 551 2403 Arabes
565 2380 727 2410 argumento
747 2380 820 2409 sunt,
835 2383 952 2410 quorum
970 2375 1045 2402 scili—

263 2425 308 2449 cet
324 2429 440 2456 corpora
454 2421 540 2456 magis
558 2421 631 2448 sicca
642 2424 669 2448 et
683 2421 771 2448 calida
787 2424 861 2453 sunt,
881 2424 973 2455 utpote
985 2428 1046 2454 qua:

263 2468 292 2495 in
308 2471 382 2495 terra
398 2467 510 2494 minime
523 2467 634 2494 humida
648 2467 794 2494 exsistunt.
810 2467 910 2502 Aquilo
928 2466 1045 2500 denique

263 2513 336 2540 haud
363 2513 445 2540 dubie
472 2513 621 2548 frigidioris
645 2517 687 2540 est
715 2513 930 2548 temperamenti.
960 2511 1045 2538 Maria

263 2561 335 2588 enim
354 2559 509 2591 etlﬂumina
535 2566 723 2594 aquarumque
748 2559 938 2586 multitudines
955 2559 1045 2585 hutni-

263 2607 327 2634 dum
343 2606 409 2633 illud
420 2604 539 2634 elﬁeiunt
555 2606 727 2634 elementum.
742 2605 790 2633 His
803 2610 894 2633 autem
906 2613 966 2640 qua:
975 2605 1046 2632 dixi-

263 2661 336 2685 mus.
358 2661 413 2680 nou
440 2653 475 2680 ab
499 2653 615 2680 invicem
634 2659 792 2688 separamus
811 2652 945 2688 elementa
961 2659 1044 2679 :nam

263 2700 389 2735 colligata
403 2704 466 2727 sunt
482 2700 511 2727 iu
530 2700 651 2735 qualibet
664 2704 801 2728 creatura.
815 2699 918 2728 Verum
931 2700 960 2727 in
976 2707 1045 2735 qua-

263 2749 326 2772 tuor
345 2746 398 2787 his,
411 2754 472 2781 qua:
490 2747 710 2780 memoravimus,
722 2747 788 2774 locis
801 2747 875 2775 aliud
890 2747 945 2775 alio
959 2747 1044 2783 magis

296 2794 319 2809 "
338 2794 436 2823 Jerem.
454 2803 502 2829 ιιι,
520 2796 564 2823 15.

298 2841 354 2878 (68)
372 2841 417 2871 Sic
428 2850 495 2872 mss.
509 2842 581 2871 Editi
597 2850 671 2877 vero,
687 2842 866 2869 συνδεθέντα.”

1076 2784 1084 2789 _
1097 2745 1151 2773 λων
1163 2755 1169 2762 ·
1185 2745 1351 2773 συνδὲὃενται
1367 2745 1421 2781 (68)
1438 2743 1491 2779 γὰρ
1507 2744 1536 2771 ὲν
1558 2741 1632 2777 πάσῃ
1651 2740 1682 2776 τῇ
1699 2735 1769 2770 κτίςί

1096 218 1150 254 γὰρ
1165 217 1349 252 λογοπειοείας
1365 217 1476 249 πολλοὺς
1498 218 1594 250 φόνους
1610 218 1715 250 ἀδίκους
1737 221 1859 249 ποιοῦσιν·

1098 264 1226 295 ὡσαύτως
1242 264 1287 290 καὶ
1304 263 1334 295 ἐξ
1347 263 1532 298 ἀσπλαγχνίας
1549 264 1646 298 ὁμοίως
1659 265 1705 291 καὶ
1716 266 1766 291 ἀπὸ
1779 276 1862 302 μνησι-

1098 311 1196 342 κακίας
1210 311 1357 345 ἀπέχεσθαι
1371 311 1417 337 καὶ
1437 310 1491 336 ἀπὸ
1504 310 1675 346 δωροδοκίας.
1693 312 1802 344 Ἐκεῖνος
1814 315 1863 339 τοί-

1098 366 1144 383 νυν
1161 357 1234 383 ἐστὶν
1247 357 1337 392 ἄρχων
1350 356 1408 391 Θεῷ
1424 357 1579 392 εὐάρεστος,
1595 357 1609 382 ὁ
1629 357 1709 392 μηδὲν
1722 358 1773 384 τῶν
1785 359 1862 385 τοιού-

1098 411 1152 429 των
1168 401 1262 428 παθῶν
1277 401 1426 436 κτώμενος.

1134 448 1230 484 Ἐρώτ.
1252 449 1322 484 ρκα¹.
1348 448 1432 475 Πόθεν
1456 448 1563 484 ὁρῶμέν
1587 457 1662 480 τινας
1680 448 1806 484 πονηροὺς
1823 450 1862 476 καὶ

1098 494 1222 526 ἀναξίους
1245 495 1284 525 εἰς
1306 493 1519 529 ἀρχιερωσύνην,
1545 495 1592 520 καὶ
1613 495 1652 525 είς
1675 494 1792 525 ἐξουσίαν
1809 495 1861 521 λαοῦ

1099 539 1363 576 προχειριζομένους,
1388 538 1435 565 καὶ
1459 538 1546 574 ,πολλὰ
1570 539 1657 566 ἄτοπα
1680 539 1862 574 κατεργαζομέ-

1099 594 1174 618 νους;

1134 633 1228 658 Ἀποκ.
1247 631 1283 657 Οὐ
1309 630 1353 657 διὰ
1367 630 1398 656 τὸ
1417 631 1517 662 αὐτοὺς
1538 639 1608 656 ειναι
1625 631 1716 662 ἀξίους
1734 630 1780 665 τῆς
1801 631 1861 663 ἐξου-

1100 677 1159 709 σίας
1183 677 1247 708 Θεὸς
1267 677 1364 707 αὑτοὺς
1383 676 1583 712 προχειρίζεται
1603 677 1643 707 εἰς
1667 677 1696 702 τὸ
1715 676 1860 708 ἐξουσιάζειν

1099 723 1179 749 λαοῦ·
1197 722 1264 748 ἁλλά
1283 722 1326 748 διὰ
1343 722 1373 747 τὺ
1391 719 1460 747 εἶναι
1474 721 1518 747 τὸν
1533 721 1595 747 λαὸν
1614 721 1730 757 πονηρὸν
1744 721 1860 752 τοιούτους

1100 770 1235 805 ἀρχιερεῖς
1251 770 1296 795 καὶ
1311 769 1442 804 ἄρχοντας
1456 768 1580 803 παρέχει.
1599 777 1608 793 ε
1622 767 1704 794 Δώσω
1713 769 1765 804 γὰρ
1775 769 1838 802 ὑμῖν,
1851 778 1858 792 ι

1100 816 1182 850 φησὶν
1195 816 1209 841 ὁ
1224 814 1299 848 Θεὸς,
1318 823 1327 840 ι
1345 814 1476 848 ἄρχοντας
1491 814 1561 840 κατὰ
1576 814 1625 845 τὰς
1640 814 1751 849 καρδίας
1765 813 1858 847 ὑμῶν.ι

1141 915 1237 951 Ἐρώτ.
1269 915 1336 951 ρκβ’.
1362 915 1446 941 Πόθεν
1463 915 1563 949 ὀφείλει
1587 915 1689 949 γνῶναι
1712 916 1726 941 ὁ
1749 914 1860 941 δυσωπῶν

1099 961 1144 988 τὸν
1157 960 1223 988 Θεὸν
1237 961 1302 996 περὶ
1323 961 1480 996 αἰτήματος,
1500 960 1540 986 ὅτι
1561 960 1725 996 προσεδέχοη
1748 961 1763 995 ἡ
1786 960 1860 994 δέησις

1100 1006 1181 1034 αὑτοῦ
1194 1015 1202 1039 ;

1135 1062 1228 1089 Ἀπόκ.
1240 1062 1366 1094 Σπανίοις
1376 1063 1431 1088 τισὶ
1444 1063 1490 1088 καὶ
1501 1062 1654 1089 θεοσεϐἑσιν
1668 1063 1788 1098 ἀνδράσιν
1799 1062 1861 1088 τοῦτο

1099 1109 1248 1143 κατάδηλον
1265 1109 1377 1142 γίνεται,
1394 1108 1442 1143 τῆς
1457 1108 1560 1136 ζεαυτῶν
1577 1109 1689 1144 καρδίας
1703 1109 1796 1144 νοερῶς
1808 1108 1861 1142 πλη-

1101 1163 1214 1190 ροφορου
1219 1155 1311 1190 μένης,

1140 1211 1234 1246 Ἐρώτ.
1257 1215 1325 1247 ρκγ”.
1346 1213 1393 1238 Ἐκ
1407 1213 1546 1248 τεσσάρων
1559 1212 1685 1248 περάτων
1706 1212 1812 1247 λέγομεν
1825 1209 1861 1236 τοι

1099 1257 1199 1292 κόσμον
1217 1258 1403 1285 συνίστασθαι·
1426 1259 1472 1285 καὶ
1493 1258 1573 1285 πάλιν
1595 1259 1629 1285 ὲκ
1650 1259 1784 1294 τεσσάρων
1804 1265 1861 1284 στοι-

1100 1303 1182 1339 χείων
1200 1304 1244 1330 τὸν
1262 1303 1402 1338 ἄνθρωπον
1426 1303 1595 1336 συγκεῖσθαι.
1619 1303 1751 1338 Πρόδηλον
1771 1301 1812 1329 οὖν
1829 1302 1861 1327 ὅτι

1099 1351 1217 1385 τέσσαρα
1238 1349 1354 1385 πέρατα,
1370 1349 1507 1376 τουτέστιν
1531 1349 1647 1385 ἀνατολὴ
1668 1351 1712 1376 καὶ
1732 1349 1809 1380 δύσις,
1821 1348 1860 1383 ἄρ-

1099 1403 1161 1426 κτος
1175 1403 1204 1420 τε
1219 1395 1265 1420 καὶ
1283 1394 1448 1429 μεσημϐρία,
1462 1393 1495 1420 τὰ
1508 1394 1628 1429 τέσσαρα
1646 1395 1760 1428 στοιχεῖα
1778 1392 1860 1427 γεννῶ-

1101 1449 1152 1473 σιν,
1167 1441 1248 1475 ἤγουν
1269 1439 1298 1466 τὸ
1314 1439 1414 1475 Θερμὺν
1435 1441 1482 1465 καὶ
1498 1440 1527 1465 τὺ
1544 1439 1659 1475 ψυχρὸν,
1684 1440 1729 1466 καὶ
1747 1438 1775 1465 τὸ
1794 1436 1861 1472 ὑγρὴν

1099 1487 1145 1512 καὶ
1164 1487 1195 1512 τὸ
1217 1485 1306 1522 ξηρόν.
1324 1486 1456 1521 Ζητητέον
1477 1486 1569 1512 λοιπὸν
1591 1487 1666 1512 ποῖον
1686 1486 1816 1520 στοιχεῖον,
1836 1483 1860 1509 ἐκ

1099 1532 1176 1559 ποίου
1194 1533 1291 1568 μέρους
1307 1532 1353 1558 τοῦ
1369 1533 1471 1567 κόσμου
1488 1533 1610 1559 τίκτεται
1624 1541 1631 1565 ;

1139 1588 1233 1615 ’Λπόχ.
1255 1589 1298 1620 Ὠς
1312 1589 1328 1624 ἡ
1342 1588 1395 1615 τῶν
1409 1589 1577 1624 πραγμάτων
1594 1588 1674 1623 φύσις
1690 1588 1812 1624 μαρτυρεί
1823 1585 1859 1611 καὶ

1098 1634 1226 1666 διδάσκει,
1241 1634 1406 1670 Θεωροῦμεν,
1418 1635 1458 1660 ὅτι
1476 1635 1505 1660 τὸ
1523 1635 1571 1670 μὲν
1587 1635 1688 1670 θερμὸν
1704 1634 1821 1668 ποιχεῖον
1835 1632 1859 1656 ὲκ

1097 1681 1148 1716 τῆς
1169 1681 1300 1716 ἀνατολῆς
1323 1681 1457 1707 τίκτεται·
1473 1682 1520 1707 καὶ
1542 1681 1708 1717 μαρτυροῦσι
1733 1679 1765 1706 τὰ
1787 1678 1859 1711 πάσης

1097 1727 1148 1762 τῆς
1172 1727 1222 1762 γῆς
1242 1727 1458 1763 ἀνατολικὼτερα
1485 1727 1581 1754 Ἰνδικὰ
1614 1728 1724 1763 σώματα
1751 1726 1798 1752 ὑπὸ
1821 1724 1859 1757 τῆς

1098 1772 1185 1808 ἄκρας
1207 1772 1310 1808 Θέρμης
1335 1773 1436 1808 μέλανα
1457 1774 1596 1809 γινόμενα.
1627 1775 1655 1800 ⁷0
1675 1774 1736 1804 Θεὸς
1752 1772 1800 1806 γὰρ
1821 1768 1858 1796 ἀπ’

1098 1819 1183 1854 ἀρχῆς
1196 1818 1278 1855 ἄνδρα
1301 1819 1401 1854 μέλανα
1424 1820 1473 1846 οὐκ
1496 1820 1619 1856 ἐποίησε.
1638 1820 1681 1846 Διὸ
1693 1820 1738 1846 καὶ
1749 1818 1779 1844 τὰ
1791 1814 1859 1850 νεκρᾶ

1099 1865 1221 1901 σώματα,
1235 1867 1262 1892 ἐν
1277 1865 1315 1901 τῷ
1327 1865 1393 1901 ἡλίῳ
1406 1866 1536 1901 γενόμενα
1546 1886 1553 1897 ,
1571 1866 1744 1902 μελανοῦνται
1759 1864 1799 1890 καὶ
1811 1860 1858 1888 καί·

1097 1921 1182 1940 ονται.
1200 1912 1278 1939 Ὅθεν
1299 1913 1331 1938 ἐκ
1347 1909 1396 1947 τῆς
1420 1912 1518 1947 πολλῆς
1538 1913 1586 1939 καὶ
1606 1914 1692 1948 ἄκρας
1716 1909 1858 1946 θερμότητος

1098 1959 1180 1986 πολὺν
1193 1957 1262 1986 οἶνον
1276 1960 1300 1985 οἱ
1314 1959 1440 1990 Αἰθίοπες
1458 1961 1528 1986 πιεῖν
1548 1960 1598 1994 οὐχ
1613 1959 1799 1993 ὑποφέρουσιν·
1816 1952 1856 1979 ὑπὸ

1097 2006 1125 2032 δὲ
1135 2007 1185 2041 τῆς
1200 2006 1286 2042 ἄκρας
1301 2006 1400 2038 ζέσεως
1413 2006 1460 2032 καὶ
1475 2005 1608 2040 Ουμὼδεις
1622 2006 1673 2032 εἰσὶ
1689 2004 1754 2034 λίαν,
1766 2001 1807 2028 καὶ
1820 2007 1855 2025 κα-

1097 2052 1235 2088 τάπικροι,
1248 2052 1314 2079 ἀλλὰ
1327 2053 1373 2078 καὶ
1388 2052 1454 2087 πρὸς
1467 2052 1595 2087 πορνείαν
1609 2050 1771 2087 θερμοτέρως
1783 2043 1855 2073 κιντιύ⁴

1099 2107 1184 2134 μενοι.
1195 2100 1298 2134 Ὥσπερ
1313 2098 1341 2125 δὲ
1355 2098 1402 2124 ἐπὶ
1424 2099 1473 2133 τῆς
1489 2098 1621 2133 ἀνατολῆς
1637 2097 1682 2124 τοῦ
1706 2095 1773 2131 ἡλίου
1785 2091 1854 2118 ταῦτα

1097 2145 1262 2180 εἰρήκαμεν,
1277 2143 1348 2169 οὓτω
1363 2143 1441 2170 πάλιν
1454 2143 1488 2169 τὰ
1502 2143 1610 2169 ἐναντία
1634 2141 1744 2177 ἐροῦμεν
1764 2137 1803 2164 ἐπὶ
1816 2134 1854 2182 τῆξ

1097 2189 1207 2226 δύσεως.
1223 2189 1320 2225 Ψυχρὰ
1336 2189 1389 2224 γὰρ
1403 2188 1469 2224 αὕτη
1493 2188 1628 2223 ὑπάρχει,
1644 2187 1690 2213 καὶ
1707 2185 1750 2212 τοῦ
1768 2183 1851 2217 ψυχρου

1099 2235 1229 2270 στοιχείου
1245 2235 1355 2269 καὶτῆς
1375 2234 1471 2265 νυκτὸς
1495 2234 1639 2269 γεννητική
1663 2232 1707 2259 καὶ
1727 2226 1851 2263 ποιητική⁵

1097 2280 1136 2307 διδ
1155 2281 1201 2307 καὶ
1226 2280 1373 2315 λευκότερα
1395 2279 1485 2314 πάσης
1510 2280 1559 2314 τῆς
1584 2279 1634 2314 γῆς
1657 2278 1690 2304 τὰ
1713 2276 1756 2309 τῆς
1770 2272 1852 2299 δύσεως

1098 2326 1248 2362 ὑπάρχουσι
1258 2326 1380 2361 σώματα,
1390 2326 1435 2352 καὶ
1443 2324 1512 2353 οἶνον
1519 2326 1601 2352 πολὺν
1608 2325 1692 2351 πίνειν
1699 2323 1712 2349 ὑ
1717 2330 1746 2348 πο
1749 2320 1851 2356 μένοντα-

1097 2372 1191 2399 Λείπει
1201 2373 1295 2399 λοιπὸν
1305 2373 1378 2408 ἡμᾶς
1392 2372 1479 2406 λέγειν
1495 2372 1543 2407 τὴν
1558 2370 1692 2407 ὲρημικὴν
1704 2362 1852 2408 μεσημϐρϋξ

1099 2419 1203 2454 μητέρα
1218 2417 1286 2445 εἷναι
1299 2419 1346 2445 τοῦ
1362 2418 1443 2454 ξηροῦ
1459 2417 1643 2453 στοιχείου,ὼς
1657 2415 1701 2442 καὶ
1713 2413 1744 2440 τὰ
1757 2412 1782 2437 ἐν

1096 2465 1150 2492 τῶν
1174 2465 1294 2500 Ἀράϐων
1319 2465 1432 2500 σώματα
1456 2464 1588 2499 ξηρότερα
1604 2457 1852 2507 τυγχάνονταπίλῖξῖ

1098 2512 1145 2539 καὶ
1164 2498 1332 2547 θερμότερα,
1354 2498 1391 2542 ὧς
1413 2512 1442 2538 ἐν
1463 2498 1498 2546 γῇ
1513 2510 1617 2545 ἀνύδρῳ
1637 2507 1770 2542 γενόμεναι
1788 2498 1813 2525 ’θ

1098 2543 1220 2594 βορρᾱέξ
1239 2543 1349 2593 εΰδηλον
1375 2558 1415 2584 ὅτι
1435 2543 1607 2592 (hiemps;
1625 2554 1680 2580 ἐστὶ
1695 2543 1851 2598 κράσξωξῖὲί

1097 2593 1153 2639 γὰρ
1166 2605 1297 2632 θάλασσαι
1310 2605 1357 2632 καὶ
1370 2606 1395 2631 οἱ
1407 2604 1524 2639 ποταμοὶ
1537 2603 1583 2629 καὶ
1598 2601 1630 2627 τὰ
1647 2598 1730 2634 πλήθη
1743 2593 1790 2621 τῶν
1805 2593 1852 2639 ἥδοι’

1096 2661 1150 2678 των
1164 2651 1210 2678 τοῦ
1226 2651 1310 2688 ὑγροῦ
1321 2652 1424 2678 ἐκείνου
1434 2650 1563 2685 στοιχείου
1575 2648 1628 2675 εἰσὶ
1638 2639 1850 2688 ποιητικάςνΊ-ίξξξα

1097 2699 1125 2725 δὲ
1139 2699 1263 2733 εἴπαμεν,
1279 2698 1328 2724 οὐκ
1349 2697 1523 2733 ἀφορίζοντες
1546 2695 1580 2722 τὰ
1597 2693 1712 2727 στοιχεῖα
1731 2687 1772 2714 ἀπ’
1785 2681 1850 2752 αξ)ίῖ

1097 2745 1106 2754 κ
1237 2745 1277 2754 μοι
1311 2753 1316 2754 ,
1368 2745 1419 2754 mm
1452 2743 1487 2754 1,,
1509 2744 1536 2754 ιγ.
1560 2741 1629 2754 -ι..
1651 2740 1681 2754 ...τε
1699 2733 1832 2754 v—v’nrt'ﬂ’i

1770 2735 1818 2757 va
