1924 3059
64 138 116 168 877

546 141 781 175 QIIrESTlONES
800 143 845 170 AD
865 143 1068 173 ANTIOCIIUM
1086 146 1212 175 DUCEM.

1641 153 1693 184 678

65 194 105 222 ὅτι
127 203 182 231 περ
209 196 239 222 ἑν
257 203 314 227 τοις
336 203 465 232 τεσσαρσι
493 197 606 230 τόποις,
625 195 665 230 οἷς
693 199 852 235 εἰρήκαμεν,

912 201 1035 234 thum-lat,
1059 204 1209 232 secundum
1234 210 1313 234 antea
1334 207 1503 243 propositam
1528 212 1632 238 natura:
1649 218 1694 238 ra-

65 241 206 272 πλεονάζεὶ
222 241 316 277 ἕτερον
332 242 379 268 τοῦ
403 243 499 278 ἐτέρου
517 244 588 270 κατὰ
604 244 653 280 τὴν
671 246 854 280 προκειμένην

65 287 253 321 φυσιολογίαν.

107 332 202 368 Ἐρώτ.
220 332 286 368 ρκδ¹.
300 332 362 366 Πῶς
377 335 423 360 καὶ
438 336 578 370 φαρμακοι
592 344 665 368 τινες
679 335 854 364 ἑκδιώκουσιν

64 379 94 412 ἐξ
110 379 158 406 ἀνθ
164 378 261 415 ρώπων
281 379 413 414 δαίμονας
424 388 431 412 ;

106 425 200 451 ’Λπόκ.
225 424 278 451 Τοῦ
301 425 418 460 Χριστοῦ
440 427 469 452 ὲν
494 428 549 459 τοῖς
571 427 659 462 ἁγίοις
678 427 855 462 Εὑαγγελίοις

63 473 189 506 λέγοντος
199 492 206 503 ,
220 472 261 498 ὅτι
279 481 287 498 ι
307 473 337 499 Εἰ
351 474 365 499 ὁ
378 473 500 505 Σατανᾶς
513 474 558 500 τὸν
577 474 700 500 Σατανᾶν
720 474 853 508 ἐκϐάλλει,

63 521 80 555 ή
94 519 218 554 βασιλεία
230 520 312 546 αὐτοῦ
326 520 374 554 οὐχ
390 520 511 547 ἵσταται·
530 530 538 546 ι
554 520 673 555 εῠδηλον,
686 522 726 547 ὅτι
741 521 855 556 δαίμονα

63 565 209 600 φαρμακδς
222 565 252 592 οὐ
270 564 372 596 διώκει,
389 565 445 591 ἀλλ’
460 567 475 592 ὁ
492 565 595 600 δαίμων
611 567 624 592 ὁ
639 567 668 592 ὲν
684 566 721 602 τῷ
736 567 855 602 δαιμονι-

63 609 170 645 ζομένῳ
190 609 326 644 ἀνθρώπῳ
345 610 426 636 οἰκῶν
442 610 572 642 ἑκουσίως
590 611 727 646 ὑποχωρεῖ
742 612 809 647 πρὸς
824 611 855 638 τὸ

62 654 237 689 ἀπατηθῆναι
254 654 316 685 τοὺς
330 654 500 690 ἀνθρώπους,
521 655 568 682 καὶ
586 656 645 682 ἀντὶ
659 655 706 682 τοῦ
722 657 855 693 προστρέ-

63 709 122 735 χειν
140 700 208 735 πρὸς
222 699 288 727 Θεὸν
301 719 309 732 ,
326 700 415 726 πείθει
437 700 507 736 πρὸς
527 702 589 733 τοὺς
609 702 772 736 φαρμακοὺς
793 702 855 738 τρέ-

63 754 133 781 χειν.

99 791 195 827 Ἐρώτ.
214 795 278 827 ρκε¹.
300 791 362 823 Πῶς
378 792 424 818 ἐπὶ
441 791 568 819 τοσοῦτον
592 792 679 828 ἰσχύει
699 793 852 829 φαρμακδς,

905 246 1018 275 tionem.

941 335 1052 366 ngsr.
1067 334 1184 362 CXXIV.
1206 335 1348 368 Quomodo
1375 338 1486 374 quidam
1505 338 1692 368 incantatores

905 379 1042 407 daemones
1054 389 1086 408 ex
1103 381 1261 410 hominibus
1275 383 1411 418 ejiciunt?

939 424 1023 452 RESP.
1045 425 1113 452 Cum
1129 427 1256 454 Christus
1271 429 1297 454 in
1313 429 1416 457 sanctis
1434 429 1589 465 Evangeliis
1606 431 1691 463 dicat.

908 479 917 495 ι
935 469 963 496 Si
980 471 1097 498 Satanas
1112 473 1239 499 Satanam
1261 474 1345 508 ejieit,
1361 483 1472 509 regnum
1489 476 1547 510 ejus
1562 485 1614 503 non
1634 482 1693 504 sta-

905 515 944 542 bit
953 516 976 531 ⁸³
991 525 998 543 :
1015 527 1023 542 ι
1041 516 1104 544 inde
1120 518 1204 552 liquet
1218 526 1275 546 non
1293 520 1327 546 ab
1342 520 1513 548 incantatore
1525 522 1624 557 expelli
1637 523 1694 550 dte-

905 570 1024 595 tuonem,
1051 563 1098 591 sed
1123 565 1272 592 daemonem
1299 566 1326 593 in
1354 567 1470 595 obsesso
1486 569 1595 596 homine
1620 571 1693 597 exsi-

906 612 1021 636 stentcm
1037 614 1133 645 sponte
1148 613 1276 639 recedere
1289 621 1343 647 quo
1358 613 1482 642 homines
1499 615 1626 650 decipiat,
1644 618 1692 652 qui

905 654 984 680 ne'ad
998 654 1081 682 Deum
1099 656 1268 693 confugiant,
1286 659 1382 686 suadet
1405 660 1474 695 ipsis
1489 665 1519 687 ut
1535 662 1569 689 ad
1593 662 1693 689 incan-

905 704 1008 728 tatores
1026 701 1134 730 abeant.

940 790 1050 823 ngsr.
1067 791 1172 819 CXXV.
1193 793 1335 826 Quomodo
1361 799 1435 822 tanta
1459 796 1500 824 vis
1527 800 1553 823 et
1573 799 1692 831 potentia

63 837 135 864 ὥστε
154 838 200 864 καὶ
217 838 258 869 εἰς
274 837 373 872 ἀλόγου
395 837 476 872 φύσιν
503 838 666 874 μετενέγκαι
688 839 733 866 τὸν
752 839 853 876 ἀνθρω-

912 837 1087 864 ηιιριιηιιιιονὶς
1101 841 1153 870 est,
1171 843 1200 865 ut
1212 839 1348 867 hominem
1362 841 1552 876 inbelluarum
1566 847 1692 871 naturam

63 892 115 910 πον
131 892 138 916 ;

104 930 200 958 Ἀπόκ.
214 931 245 957 El
261 930 376 966 ἠδύνατο
392 929 421 962 ἐξ
439 929 583 965 ἀνθρώπου
609 929 678 962 ζῶον
697 930 855 965 ἀπεργάσα-

62 977 136 1010 σθαι,
148 978 256 1009 πάντως
269 977 364 1013 ἴσχυσε
378 977 426 1004 καὶ
443 978 472 1010 ἐξ
487 977 584 1011 ἀλόγου
599 977 740 1012 ἄνθρωπον
755 978 853 1012 συστή-

62 1024 161 1051 σασθαι
182 1024 300 1058 λογικόν.
324 1023 392 1050 Ἀλλ’
415 1024 465 1050 οὐκ
489 1023 545 1049 ἔστι
571 1023 665 1049 τοῦτο’
682 1022 718 1058 μὴ
731 1023 852 1056 γένοιτοῑ

68 1070 138 1096 Ἀλλ’
152 1070 245 1106 ὥσπερ
261 1071 285 1096 οἱ
302 1070 442 1105 λεγόμενοι
455 1069 600 1104 Ψηφάδες,
617 1070 663 1096 καὶ
680 1070 759 1096 πάλιν
774 1070 854 1102 αὐτὸς

65 1117 271 1152 ὁἊντίχριστος
296 1117 441 1153 ἐρχόμενος
464 1117 493 1144 ἐν
516 1117 651 1153 φαντασίᾳ
680 1118 768 1154 πλανᾷ
790 1119 853 1150 τοὺς

63 1162 218 1197 ὀφθαλμοὺς
238 1163 292 1189 τῶν
311 1162 462 1199 ἀνθρώπων
487 1164 595 1198 χρυσίον
610 1164 702 1196 αὐτοῖς
726 1165 853 1196 πολλάκις

63 1208 80 1243 ἢ
90 1209 211 1244 ἄργυρον
227 1209 387 1241 ὑποδεικνύς
399 1218 406 1224 '
421 1208 492 1235 οὕτω
507 1209 553 1236 καὶ
570 1211 594 1236 οἱ
615 1209 738 1244 λέγοντες
755 1210 784 1242 ἐξ
806 1212 852 1237 ἀν-

65 1253 174 1288 θρώπου
200 1254 270 1286 ζῶον
288 1255 373 1282 ποιεῖν
393 1256 455 1287 τοὺς
474 1255 594 1290 ὁρῶντας
617 1257 663 1282 καὶ
683 1256 762 1291 μόνον
784 1257 853 1283 ἁπα-

64 1297 148 1324 τῶσιν
157 1305 164 1312 ·
181 1298 241 1324 ἐπεὶ
254 1299 299 1325 τὸν
313 1300 373 1325 κατ’
386 1300 477 1326 εἰκόνα
488 1300 535 1326 καὶ
550 1300 679 1335 ὁμοίωσιν
693 1301 760 1327 Θεοῦ
776 1301 852 1334 γενό-

66 1352 145 1378 μενον
156 1344 297 1380 ἄνθρωπον
314 1345 412 1380 κτῆνος
429 1346 541 1381 ποιῆσαι
556 1347 585 1372 οὐ
599 1346 735 1373 δύνανται.

106 1390 201 1425 Ἐρώτ.
224 1394 298 1426 ρκς’.
315 1388 389 1427 Ἀρα
418 1392 505 1427 κρῖμα
531 1391 675 1427 κέκτηνται
699 1393 724 1419 οἱ
750 1393 851 1428 κλοπὴν

66 1435 254 1471 ὑπομένοντες,
277 1438 324 1464 καὶ
340 1438 380 1470 είς
395 1438 459 1470 τοὺς
473 1437 636 1473 λεγομένους
652 1439 761 1474 μάντεις
779 1439 850 1466 ὑπά-

65 1490 158 1516 γοντες
168 1490 175 1514 ;

105 1527 199 1554 ’Δπόκ.
217 1527 271 1554 Καὶ
291 1527 377 1563 μέγα’
395 1528 514 1561 ἐδίδαξεν
540 1529 594 1565 γὰρ
620 1531 694 1565 ἡμᾶς
717 1530 733 1564 ἡ
759 1529 852 1565 Γραφὴ
866 1544 887 1573 c

66 1573 111 1600 ἐπὶ
134 1573 224 1608 πάσης
238 1575 381 1609 συμφορᾶς
401 1575 466 1610 ἡμῖν
490 1575 676 1611 ἐπερχομένης
696 1575 783 1609 λέγειν
801 1575 832 1601 τό
844 1583 850 1591 ·

67 1627 77 1643 ί
95 1617 124 1644 '0
139 1617 240 1653 Κύριος
257 1617 371 1651 ἔδωκεν,
386 1619 400 1645 ὁ
413 1619 516 1655 Κύριος
537 1619 666 1654 ἀφείλατο
677 1628 683 1634 ·
699 1619 737 1651 ὡς
748 1619 787 1654 τῷ
800 1621 855 1646 Κυ-

65 1663 115 1699 ρίῳ
128 1663 217 1696 ἔδοξεν
229 1684 236 1697 ,
250 1663 321 1691 οὓτω
340 1665 388 1691 καὶ
405 1665 527 1699 ἐγένετο·
545 1665 588 1701 εἴη
603 1665 633 1692 τὸ
647 1665 731 1700 ὄνομα
751 1666 853 1700 Κυρίου

64 1709 255 1745 εὐλογημινον.
276 1719 286 1736 ι

105 1753 200 1789 Ἐρώτ.
228 1754 296 1790 paci".
311 1754 374 1786 Πῶς
398 1764 469 1788 τινες
487 1756 516 1783 ὲν
535 1757 592 1788 τοῖς
616 1756 770 1788 θανατικοῖς
784 1756 853 1783 ἀπο-

65 1798 221 1835 θνήσκουσι,
242 1801 289 1827 καὶ
311 1800 442 1837 Θεωροῦσί
463 1810 539 1834 τινας
553 1802 701 1835 ὀπτασίας,
722 1802 769 1829 καὶ
785 1802 854 1838 μετὰ

64 1843 110 1870 δύο
126 1844 142 1880 ἢ
157 1846 232 1880 τρεῖς
246 1845 320 1881 ὧρας
333 1846 488 1873 ἀνίστανται
506 1847 697 1883 διηγούμενοι;

107 1890 200 1917 ’Δπόκ.
218 1891 279 1917 Ἐπὶ
292 1891 348 1917 τῶν
363 1891 491 1918 τοιούτων
503 1893 534 1919 οὐ
550 1893 661 1924 τελείως
675 1893 735 1919 τότε
750 1893 766 1928 ἡ
778 1893 852 1928 ψυχὴ

65 1935 174 1971 ἐξῆλθεν
190 1937 222 1963 ὲκ
241 1936 288 1963 τοῦ
302 1937 426 1973 σώματος
437 1946 445 1953 ·
460 1938 518 1965 ἀλλ’
533 1939 562 1965 ὲν
576 1939 703 1965 ἐκστάσει
721 1939 851 1973 γίνονται,

65 1981 117 2007 κᾶν
138 1982 202 2016 ἡμῖν
219 1981 417 2014 ἐκπνεύσαντες
439 1982 616 2017 νομίζωνται·
631 1983 702 2018 ἅπερ
723 1983 751 2009 δὲ
769 1983 853 2018 ὁρῶσι

65 2027 112 2053 καὶ
135 2026 290 2062 διηγοῦνται
311 2027 431 2064 φοϐερὰ,
457 2028 525 2064 πρὸς
544 2029 575 2055 τὸ
599 2029 664 2064 ἡμῖν
689 2029 853 2064 συμφέρονὸ

65 2074 131 2106 θεὸς
148 2075 219 2101 αὺτά
241 2074 398 2107 ὑπέδειξεν·
413 2075 469 2111 (69)
494 2076 537 2102 ἵνα
560 2075 723 2112 φοϐηθέντες
745 2075 854 2110 διορθω-

65 2118 178 2154 σώμεθα
199 2119 328 2152 ἑαυτοὺς,
349 2120 514 2156 ἀπεχόμενοι
541 2120 596 2148 τῶν
629 2119 755 2156 πονηρῶν
779 2119 852 2156 πρά-

66 2164 145 2198 ξεων.

869 873 893 903 Β
906 883 1073 910 commutet?

940 927 1023 955 Res».
1045 929 1072 955 Si
1087 935 1178 964 posset
1192 938 1223 957 ex
1236 931 1346 958 homine
1358 932 1476 960 belluam
1488 934 1613 967 reddere,
1627 943 1691 970 pos-

907 977 949 1000 set
969 978 994 1001 et
1010 982 1043 1001 ex
1060 975 1147 1002 bellua
1168 976 1306 1004 hominem
1331 977 1437 1006 ellicere
1460 980 1634 1008 rationalem.
1656 981 1691 1008 At

905 1026 960 1045 non
973 1019 1010 1045 ila
1021 1024 1077 1047 est:
1092 1021 1181 1048 absit!
1202 1020 1253 1048 Sed
1267 1023 1496 1056 quemadmodum
1506 1025 1551 1059 qui
1561 1025 1692 1053 dicuntur

904 1064 1069 1100 Psephadcs,
1097 1071 1126 1093 ut
1143 1068 1206 1093 item
1229 1068 1287 1102 ipse
1310 1068 1508 1103 Antichristus,
1527 1070 1594 1098 falsa
1620 1071 1690 1098 ami-

906 1115 966 1138 ctus
983 1112 1073 1146 specie
1088 1117 1218 1140 venturus
1238 1117 1290 1145 est,
1308 1122 1361 1148 qua
1376 1115 1471 1142 oculos
1487 1116 1628 1144 hominum
1643 1118 1691 1145 de-

905 1157 991 1187 ludat.
1009 1158 1107 1192 quibus
1122 1166 1218 1186 aurqu
1239 1167 1310 1194 saepe
1330 1165 1357 1187 et
1372 1167 1513 1195 argentum
1529 1167 1690 1191 ostensurus

905 1205 1020 1232 estzsic
1042 1205 1087 1239 qui
1111 1205 1188 1232 aiunt
1215 1214 1244 1233 se
1265 1214 1298 1232 ex
1319 1207 1429 1234 homine
1454 1207 1570 1235 belluam
1590 1208 1688 1240 facere.

904 1251 1028 1277 videntes
1055 1252 1245 1278 tantummodo
1272 1252 1413 1288 decipiunt
1439 1264 1445 1281 :
1468 1255 1690 1290 quandoquidem

906 1295 1041 1322 hominem
1068 1296 1102 1322 ad
1124 1296 1269 1331 imaginem
1296 1302 1323 1325 et
1354 1298 1561 1326 similitudinem
1584 1299 1630 1327 Dei
1652 1300 1691 1326 fa-

905 1344 978 1366 ctum
1003 1348 1057 1367 non
1081 1347 1196 1376 possunt
1213 1343 1239 1369 iu
1256 1343 1364 1369 brutum
1384 1344 1485 1370 animal
1511 1350 1689 1373 commutare.

939 1385 1050 1418 Qtnasr.
1074 1386 1190 1414 CXXVI.
1212 1387 1281 1414 Num
1301 1389 1435 1422 judicium
1462 1389 1514 1416 sibi
1533 1395 1689 1422 accersunt,

904 1431 950 1466 qui
971 1432 1074 1459 furtum
1089 1433 1176 1468 passi,
1190 1433 1223 1460 ad
1240 1434 1330 1462 dictos
1348 1434 1536 1463 iucantatores
1554 1444 1583 1463 se
1598 1436 1691 1464 confe-

905 1479 990 1505 runt?

939 1523 1021 1551 Resr.
1043 1524 1130 1553 Grave
1152 1525 1276 1561 profecto
1296 1526 1349 1554 sibi
1376 1530 1523 1554 accersunt
1542 1527 1688 1561 judicium.

905 1569 1044 1605 Siquidem
1064 1579 1114 1598 nos
1128 1570 1222 1597 docuit
1237 1571 1379 1606 Scriptura
1397 1572 1424 1597 in
1439 1571 1560 1606 qualibet
1575 1571 1690 1598 calami-

903 1619 959 1643 tate
974 1623 1035 1650 quae
1051 1616 1128 1643 nobis
1149 1616 1258 1648 accidit,
1273 1616 1330 1643 haec
1346 1617 1448 1648 dicere,
1471 1625 1480 1641 ε
1498 1616 1629 1644 Dominus
1643 1616 1690 1644 de-

903 1657 951 1688 dit,
979 1657 1111 1684 Dominus
1135 1658 1268 1685 abstulit:
1290 1658 1362 1685 sicut
1384 1657 1499 1683 Domino
1519 1657 1633 1692 placuit,
1653 1658 1690 1684 ita

903 1702 1005 1730 factum
1018 1709 1074 1736 est;
1090 1702 1126 1730 sit
1143 1710 1242 1730 nomen
1256 1702 1365 1729 Domini
1381 1702 1598 1730 benedictum“.
1615 1711 1624 1728 ι

937 1748 1047 1781 Ουιεετ.
1060 1749 1188 1776 CXXVII.
1211 1749 1334 1782 Quonam
1347 1749 1427 1776 modo
1437 1748 1605 1783 temporibus
1616 1755 1690 1775 mor—

902 1794 990 1822 tiferis
1010 1795 1163 1822 moriuntur
1183 1795 1314 1830 quidam,
1342 1798 1515 1829 cernuntque
1540 1794 1662 1822 visiones
1676 1815 1685 1827 ,

903 1845 984 1876 atque
998 1846 1059 1876 post
1073 1841 1142 1868 duas
1153 1842 1194 1868 vel
1206 1844 1262 1869 tres
1275 1841 1357 1868 horas
1370 1844 1528 1875 resurgunt,
1543 1848 1590 1868 eas
1607 1847 1689 1867 enar-

902 1887 1015 1914 rantes?

938 1932 1019 1961 Res».
1040 1934 1069 1961 In
1086 1935 1146 1962 istis
1159 1934 1250 1961 anima
1265 1942 1317 1961 non
1337 1934 1447 1968 penitus
1460 1937 1526 1960 tunc
1541 1941 1556 1961 e
1573 1939 1689 1967 corpore

901 1981 984 2008 exivit
1003 1981 1070 2008 :sed
1096 1982 1123 2007 in
1147 1982 1269 2008 exstasiu
1297 1981 1452 2016 rapiuntur,
1478 1980 1585 2008 etiamsi
1609 1980 1689 2007 nobis

901 2026 1046 2054 videantur
1060 2026 1226 2060 exspirasse,
1242 2034 1303 2060 qua:
1323 2032 1413 2053 autem
1427 2025 1519 2053 vident
1533 2031 1559 2052 et
1575 2028 1689 2052 narrant

902 2072 1057 2105 metuenda,
1082 2072 1116 2099 ad
1141 2077 1263 2100 nostram
1288 2073 1431 2099 utilitatem
1455 2072 1527 2100 Deus
1551 2071 1608 2098 haec
1633 2071 1688 2098 illis

901 2119 1040 2152 ostendit;
1061 2123 1091 2146 ut
1108 2120 1205 2146 timore
1220 2119 1340 2153 correpti
1364 2119 1547 2152 nosmetipsos
1561 2117 1688 2145 etnende-

902 2174 974 2197 mus,
991 2165 1231 2200 abstineamusque
1243 2166 1278 2192 ab
1294 2166 1424 2200 operibus
1438 2165 1528 2192 malis.

102 2209 198 2246 Ἐρώτ.
217 2210 286 2247 ρκη’.
301 2211 386 2238 Πόθεν
405 2211 580 2245 ἐπιγινώσκει
602 2213 619 2248 ἡ
640 2211 713 2247 ψυχὴ
726 2211 852 2243 ἀπλανῶς

939 2211 1049 2244 ρυεετ.
1072 2211 1212 2239 CXXVIII.
1236 2210 1379 2244 Quomodo
1400 2213 1491 2237 anima
1515 2210 1542 2236 in
1565 2216 1688 2236 resurre-

65 2256 94 2282 τὺ
109 2257 174 2283 ἴδιον
188 2257 267 2292 σῶμα
283 2258 312 2284 ὲν
327 2259 361 2292 τῇ
377 2258 535 2290 ἀναστάσει,
545 2258 592 2284 καὶ
602 2259 653 2284 οὐκ
661 2259 701 2290 εις
713 2258 853 2293 ἀλλότριον

66 2301 219 2337 εἰσέρχεται
228 2310 235 2335 ;

107 2347 202 2374 Ἀπόκ.
217 2348 318 2383 Φυσικῇ
333 2347 488 2383 ἀκολουθίᾳ.
505 2347 610 2384 ’Ὠσπερ
628 2348 683 2384 γὰρ
704 2349 785 2385 ἀρνία
806 2350 852 2384 ἀφ’

66 2393 186 2428 ἑσπέρας
198 2393 230 2420 ὲκ
245 2394 370 2429 μητέρων
386 2393 563 2430 χωρισθέντα,
578 2392 648 2426 εἶτα,
661 2396 767 2430 πρωῖας
783 2395 852 2422 ἀπο-

66 2439 189 2470 λυθέντα,
204 2439 330 2470 ἀπλανῶς
344 2439 457 2466 ἕκαστον
472 2439 525 2466 ὑπὸ
537 2440 586 2475 τῆς
602 2439 708 2474 φύσεως
721 2441 789 2476 πρὸς
803 2441 852 2476 τὴν

68 2485 136 2512 ἰδίαν
153 2485 260 2520 μητέρα
282 2485 390 2520 ἔρχεται
402 2493 408 2500 ·
425 2485 496 2511 οὕτω
511 2485 558 2512 καὶ
571 2485 683 2512 ἐπὶτῶν
698 2485 792 2521 ψυχῶν
808 2495 852 2513 νο-

66 2534 178 2568 ήσωμεν
190 2533 220 2558 ὲν
238 2533 271 2567 τῇ
289 2532 434 2559 ἀναστάσει
448 2532 584 2566 γενέσθαι.

108 2579 204 2615 Ἐρώτ.
234 2579 302 2615 ρκθ’.
337 2579 399 2606 Ἐάν
424 2587 467 2611 τις
497 2578 606 2615 λῃστὴς,
634 2579 729 2606 ἑκατὸν
757 2579 852 2614 φόνους

66 2626 205 2661 ποιήσας,
235 2625 380 2662 κρατηθεὶς
414 2625 617 2661 ἀποκεφαλισθῇ
631 2644 638 2657 ,
672 2625 697 2651 τί
738 2625 852 2660 λέγομεν

66 2673 132 2709 περὶ
145 2671 226 2699 αὐτοῦ
240 2680 248 2705 ;
265 2670 338 2707 Ἀρα
349 2671 520 2707 ἠλευθερώθη
537 2670 592 2697 τῶν
611 2671 709 2710 φόνων,
725 2667 762 2698 ὧν
779 2670 853 2697 ἐποί-

66 2725 158 2753 ησεν;

100 2778 125 2795 ⁸⁸
146 2777 229 2806 Marc.
241 2785 283 2812 ut,
299 2778 345 2805 26.
383 2778 406 2793 ⁸⁸
423 2777 475 2805 Job
493 2785 512 2811 I.
528 2777 574 2805 2t.

903 2258 994 2284 ctione
1006 2262 1081 2284 certo
1097 2265 1176 2285 suum
1193 2265 1293 2293 corpus
1309 2257 1443 2292 agnoscit,
1463 2263 1512 2283 nec
1527 2255 1554 2282 in
1569 2255 1687 2282 alienum

903 2302 1071 2337 ingreditur?

938 2348 1020 2384 246
1032 2348 1113 2376 Res».
1133 2348 1255 2376 Naturali
1279 2349 1396 2375 ratione.
1415 2347 1450 2374 ιιι
1472 2346 1544 2374 enim
1564 2346 1626 2381 agni
1642 2353 1687 2371 ve-

903 2401 983 2428 spere
1000 2402 1015 2420 a
1032 2394 1166 2421 matribus
1180 2394 1310 2428 separati,
1326 2397 1353 2420 et
1369 2400 1448 2419 mane
1463 2391 1580 2421 dimissi,
1598 2391 1623 2416 vi
1640 2399 1688 2416 na-

903 2443 972 2467 turae
991 2440 1091 2476 singuli
1105 2440 1138 2466 ad
1154 2448 1230 2467 suam
1248 2444 1361 2467 matrem
1380 2442 1455 2466 certo
1469 2441 1617 2464 accurrunt
1632 2446 1637 2463 :
1650 2437 1688 2463 ita

905 2486 975 2513 idem
992 2486 1019 2512 in
1035 2486 1236 2514 resurrectione.
1257 2485 1401 2512 animabus
1419 2483 1542 2511 accidere
1555 2487 1597 2510 est
1611 2483 1689 2509 intel-

903 2531 1050 2567 Iigendum.

938 2577 1048 2610 Quzs'r.
1069 2577 1186 2605 CXXIX.
1209 2577 1237 2604 Si
1252 2577 1314 2612 quis
1333 2577 1403 2604 latro
1423 2577 1486 2611 post
1507 2577 1616 2601 centum
1635 2571 1687 2598 ho-

903 2624 1013 2651 micidia
1027 2624 1174 2651 commissa
1192 2627 1290 2658 captus
1311 2623 1499 2652 obtruncetur,
1514 2619 1579 2655 quid
1596 2618 1629 2646 de
1642 2618 1689 2645 illo

903 2670 1074 2698 sentiendum
1100 2668 1242 2697 est?Nutn
1274 2670 1308 2696 ab
1328 2668 1456 2696 omnibus
1478 2666 1599 2694 caedibus
1617 2671 1687 2701 quas

903 2715 1079 2750 perpetravit,
1096 2714 1238 2742 absolutus
1253 2714 1312 2741 est?

98 2849 164 2893 ’(69)
197 2855 237 2884 lta
267 2855 445 2893 manuscripti
471 2855 591 2892 quidam.
619 2854 681 2884 llaec
710 2855 744 2883 ad
771 2853 852 2883 ﬁnem
871 2860 958 2891 usque
970 2850 1166 2889 Responsionis
1180 2849 1292 2879 deerant
1302 2847 1330 2876 in
1343 2846 1432 2877 editis.
