1924 3059
69 159 121 188 681

549 159 778 194 QUESTIONES
804 160 850 186 AD
869 159 1070 187 ANTIOCHUM
1089 159 1216 188 DUCEM.

1636 161 1690 188 682

71 216 128 242 εἰσὶ
149 214 281 251 θεάρεστα
297 215 362 252 (75).
379 218 433 245 Kal.
445 217 524 245 τοῦτο
536 218 564 244 δέ
579 225 658 250 ’τινες
677 219 858 254 ὲπετήρησαν,

920 216 965 243 :int
986 221 1106 252 accepta.
1122 217 1149 244 Id
1164 224 1228 244 vero
1249 216 1370 243 nonnulli
1391 216 1580 249 observarunt,
1606 217 1640 244 ad
1657 226 1689 245 ea

71 261 168 297 ὅτιπερ
178 261 228 288 ὅσα
243 262 310 288 είσὶν
322 263 487 290 εὐαπόδεκτα
497 263 535 299 τῷ
545 263 653 299 Θεῷ,οὑ
666 264 746 299 μόνον
756 265 769 290 ὁ
781 263 856 296 Θεὸς,

71 308 142 334 ἀλλὰ
155 308 202 334 καὶ
215 308 314 344 πᾶσαὴ
331 309 418 340 κτίσις
434 310 569 345 συνεργεῖ,
585 310 632 336 καὶ
646 310 802 345 συνέρχεται
819 311 858 340 εις

67 353 164 385 ,αὐτά-
181 353 275 389 ὥσπερ
290 355 330 386 εἰς
342 354 376 381 τὰ
398 354 437 390 τῷ
456 355 514 390 Θεῷ
534 355 725 390 ἀπαρέσκοντα
750 355 780 381 οὐ
797 355 857 380 δου-

71 399 158 431 λεύει,
175 399 242 426 ἀλλὰ
255 400 453 427 ἀντιτάσσεται.
471 400 556 427 Τοῦτο
569 400 597 427 δὲ
611 400 719 432 πάντως
734 401 858 427 ἀπαιτεῖ-

71 454 120 472 ται
134 446 148 471 ό
169 445 320 481 ἄνθρωπος,
335 446 378 472 ἵνα
398 446 465 481 πρὸς
479 445 546 473 Θεοῦ
565 446 743 482 εὐαρέστησιν
757 445 856 479 πάντα,

71 491 125 518 ὃσα
139 491 264 526 πράττει,
280 491 467 527 βουλεύσηται.

112 535 208 572 Ἐρώτ.
235 536 300 571 ρλγ.
325 537 532 572 Προειρήκαμεν
557 538 586 564 ὲν
615 539 670 570 τοῖς
695 537 857 573 ἔμπροσθεν,

72 581 169 617 ὅτιπερ
180 582 220 613 είς
231 582 245 608 ὃ
257 582 492 618 καταληφθήσεται
503 583 645 619 ἄνθρωπος
656 585 685 610 ὲν
699 584 739 619 τῷ
752 584 859 619 Θανάτῳ

73 627 169 660 αὑτοῦ,
181 628 220 659 είς
230 628 296 654 αὐτὸ
309 629 356 655 καὶ
367 628 526 664 ἀπέρχεται,
535 629 589 656 εῐτε
604 630 697 665 ἀγαθῷ
706 630 761 656 εἴτε
772 629 857 664 κακῷ.

84 673 139 700 Εὰν
153 671 200 700 οὖν
215 682 259 705 τις
272 674 318 700 καὶ
332 675 438 710 πονηρὰ
452 675 498 701 καὶ
522 675 612 709 ἀγαθά
634 676 750 711 ποιήσας
769 676 861 702 τελευ-

75 719 158 756 τήσῃ,
175 719 201 746 τί
216 719 267 755 χρὴ
282 720 346 755 περὶ
359 719 441 746 αὐτοῦ
455 721 609 755 λογίζεσθαι
626 730 633 754 ;

119 762 212 790 Ἀπόκ.
226 763 307 799 Μόνῳ
323 763 381 799 θεῷ
397 764 529 798 ἔγνωσται
545 765 626 792 τοῦτο
636 773 642 780 ·
660 763 722 793 ἐπεὶ
736 764 797 793 οὔτε
813 767 861 793 ἀν-

77 807 179 845 θρώπῳ
189 808 250 835 οὗτε
260 809 377 845 ἀγγέλῳ.
391 810 452 837 Είσ¹ι
461 811 516 846 γάρ
530 819 591 838 τινα
607 811 679 838 κακὰ
690 811 860 839 καλύπτοντα

81 854 166 889 μικρὰ
186 854 290 888 ἀγαθά·
315 855 361 881 καί
378 855 430 882 elei
452 864 513 883 τινα
525 857 614 891 ἀγαθὰ
629 857 797 885 καλύπτοντα
813 859 860 884 καὶ

75 899 253 934 ὲξαλείφοντα
264 901 369 936 μεγάλα
383 901 499 937 πονηρά.
514 902 556 929 Τὰ
577 903 605 929 δὲ
632 904 754 938 κρίματα
777 903 863 931 ταῦτα

80 954 92 971 ι
109 945 227 977 ἄϐυσσος
239 945 332 981 πολλή.
355 955 364 972 ι

122 990 216 1027 Ἔρώτ.
244 991 309 1027 ρλδ¹.
335 991 428 1025 Ἔδοξε
441 1001 496 1020 τισι
512 993 690 1029 ματαιόφροσι
710 993 799 1028 λέγειν
822 994 862 1025 ὅτι

77 1037 155 1064 οὐδὲν
168 1037 292 1073 διαφέρει
312 1038 359 1064 τοῦ
386 1039 500 1074 κτήνους
516 1040 530 1065 ὁ
549 1040 701 1076 ἄνθρωπος,
723 1040 781 1066 ἀλλ’
797 1040 834 1072 ὡς
847 1041 862 1066 ὁ

78 1084 192 1115 θάνατος
208 1083 254 1111 τοῦ
270 1085 393 1120 κτήνους,
408 1085 493 1117 οὕτως
514 1086 573 1112 ἐστὶ
597 1087 643 1113 καὶ¹
659 1087 673 1112 ό
689 1086 800 1118 θάνατος
816 1086 862 1113 τοῦ

77 1128 222 1164 ἀνθρώπου
240 1128 276 1165 μὴ
290 1129 398 1165 ἔχοντός
410 1138 471 1157 τινα
493 1131 581 1166 ψυχῆς
599 1131 693 1158 οὐσίαν
720 1131 861 1159 ἀθάνατον.

76 1175 133 1201 Καὶ
148 1173 213 1210 γὰρ,
231 1175 323 1210 φησὶν,
340 1176 354 1203 ὁ
368 1176 509 1212 ἄνθρωπος
530 1177 577 1203 καὶ
598 1177 630 1204 τὺ
643 1178 738 1213 κτῆνος
764 1177 864 1212 ὁμοίως

77 1220 250 1256 θνήσκουσιν,
266 1220 444 1257 ὲξερχομένου
459 1223 506 1249 καὶ
515 1223 677 1258 κενουμένου
689 1223 735 1249 τοῦ
749 1223 863 1258 αἵματος

78 1266 170 1293 αὐτῶν
175 1287 182 1294 .

120 1310 214 1339 Ἀπόκ.
227 1312 280 1339 Τοῦ
298 1313 412 1348 αἵματος
437 1314 454 1349 ή
480 1313 561 1348 φύσις
577 1314 654 1350 παρὰ
671 1315 720 1350 μὲν
732 1317 788 1348 τοῖς
803 1316 864 1343 ἀλό-

77 1366 138 1392 γοις
153 1358 231 1385 οὐσία
247 1359 289 1390 τίς
305 1359 362 1385 ἐστι
379 1358 492 1395 ζωτικὴ,
505 1360 552 1387 καὶ
572 1360 626 1386 τῶν
648 1360 748 1388 λοιπῶν
761 1362 864 1398 τριτῶν

79 1403 218 1438 στοιχείων
232 1405 378 1441 συστατική
391 1413 398 1420 ·
427 1401 531 1437 οὗτινος
553 1406 585 1432 τὸ
602 1405 669 1438 ζῶον
685 1407 865 1443 στερούμενον

77 1448 202 1483 θνήσκει,
218 1449 300 1485 μηδὲν
321 1449 413 1477 λοιπὸν
426 1451 459 1477 ἐκ
471 1451 525 1477 τῶν
539 1451 622 1486 τριῶν
639 1452 776 1488 στοιχείων
795 1453 867 1487 ὠφε-

78 1494 221 1530 λούμενον,
236 1496 311 1531 παρὰ
325 1496 354 1523 δὲ
369 1498 403 1532 τῇ
419 1497 481 1524 καθ’
491 1498 565 1533 ἡμᾶς
590 1497 669 1532 φύσει
690 1500 723 1534 τῇ
740 1499 834 1535 λογικῇ
847 1500 863 1534 ἡ

878 888 898 915 Β

909 262 1023 297 agenda,
1047 270 1108 298 qu:e
1126 262 1180 290 Deo
1199 266 1263 290 sunt
1278 266 1401 297 accepta,
1420 270 1475 290 non
1501 263 1589 290 solutn
1605 262 1689 291 Deum

909 307 1049 342 adjuvare,
1071 308 1119 336 sed
1134 308 1286 335 universam
1304 308 1386 335 etiam
1399 315 1562 336 concurrere
1583 312 1611 336 et
1624 317 1689 336 con-

909 353 1015 387 spirare
1038 357 1175 386 naturam,
1202 352 1428 388 quemadmodum
1453 353 1481 380 in
1495 353 1609 388 iis_quzn
1634 353 1690 381 Deo

908 398 1064 434 displicent,
1084 407 1137 426 non
1164 401 1286 427 serviunt
1307 400 1352 427 sed
1371 404 1532 435 repugnant.
1554 400 1583 427 Id
1599 404 1688 427 autem

909 446 1022 472 omnino
1037 446 1072 472 ab
1083 446 1191 473 homine
1205 446 1332 481 exigitur,
1345 450 1374 473 ut
1392 454 1558 482 quaecunque
1571 447 1642 482 agit,
1655 447 1689 473 ad

909 489 964 518 Deo
979 491 1138 526 placendum
1154 491 1254 526 agenda
1268 492 1424 527 prospiciat.

945 537 1055 571 Quaasr.
1079 537 1219 565 CXXXIII.
1241 537 1334 572 tSupra
1359 539 1477 567 diximus
1493 539 1581 574 qualis
1607 539 1689 567 homo

911 581 938 609 in
958 587 1044 610 morte
1059 583 1244 617 deprehensus
1261 582 1354 615 fuerit,
1373 584 1453 610 talem
1472 584 1611 617 decedere,
1634 586 1691 612 sive

910 628 1010 656 bonum
1026 630 1084 657 sive
1097 630 1209 657 malum.
1229 629 1258 656 Si
1273 630 1334 664 quis
1351 638 1415 665 ergo
1428 635 1489 665 post
1503 635 1563 658 acta
1579 635 1606 659 et
1619 632 1689 659 bona

910 680 937 703 et
951 676 1021 702 mala
1034 676 1176 709 moriatur,
1191 676 1258 711 quid
1268 676 1300 704 de
1316 676 1362 703 illo
1378 677 1548 704 sentiendum
1564 677 1626 705 est?

945 765 1024 801 247
1040 765 1120 793 Βεειι.
1136 766 1164 793 Id
1177 766 1226 794 soli
1244 765 1299 794 Deo
1312 769 1405 794 notum
1420 771 1479 794 est:
1496 774 1558 794 nam
1570 770 1597 793 et
1610 766 1691 794 homo

910 814 938 839 et
950 812 1060 847 angelus
1076 812 1192 847 ignorat.
1212 812 1338 846 Quaedam
1354 813 1427 840 enim
1437 817 1501 840 sunt
1510 813 1581 839 mala
1593 813 1692 848 quibus

913 865 996 892 parva
1016 857 1086 890 bona
1102 858 1317 886 absconduntur.
1335 857 1466 886 Similiter
1483 858 1605 894 quaedam
1628 863 1692 886 sunt

914 903 984 930 bona
1000 903 1099 938 quibus
1118 911 1214 938 magna
1235 904 1304 930 mala
1328 904 1493 943 obtegunlnr
1509 908 1536 932 et
1554 903 1690 932 delentur.

913 946 975 975 Hzec
998 953 1087 976 autem
1102 948 1215 983 judicia,
1234 958 1245 974 ‹
1263 950 1378 984 abyssus
1393 950 1488 977 multa.
1508 959 1517 975 ι

947 994 1058 1027 ρυεετ.
1078 993 1219 1022 CXXXIV.
1245 993 1329 1022 Vanis
1352 995 1514 1029 quibusdam
1537 995 1692 1023 hominibus

913 1038 1004 1067 dicere
1023 1039 1110 1067 visum
1134 1043 1177 1067 est
1201 1039 1268 1066 nihil
1293 1040 1429 1067 hominem
1447 1040 1517 1067 inter
1531 1043 1558 1068 et
1574 1040 1692 1067 belluam

913 1085 1055 1117 interesse,
1071 1085 1118 1112 scd
1133 1085 1220 1120 qualis
1235 1090 1276 1113 est
1287 1085 1413 1113 interitus
1423 1085 1528 1116 bellum,
1541 1085 1621 1112 talem
1632 1093 1693 1113 esse

912 1131 1032 1158 hominis
1045 1131 1195 1162 interitum,
1209 1131 1307 1166 quippe
1323 1131 1369 1166 qui
1386 1138 1440 1157 non
1452 1130 1550 1157 habeat
1565 1131 1694 1158 substan-

914 1177 978 1204 tiam
995 1177 1091 1204 anima:
1111 1177 1306 1210 immortalem;
1330 1177 1444 1209 scilicet,
1460 1177 1596 1211 inquiunt,
1613 1177 1694 1205 homo

913 1226 940 1251 et
955 1223 1044 1250 bellua
1062 1222 1155 1251 eodem
1168 1223 1248 1250 modo
1269 1224 1417 1256 intereunt,
1433 1231 1495 1250 cum
1512 1224 1640 1251 nimirum
1653 1223 1694 1251 ei”—

913 1267 1023 1295 ﬂuxerit
1034 1271 1061 1294 et
1074 1272 1223 1295 evacuatus
1237 1267 1318 1295 fuerit
1333 1268 1454 1304 ipsorum
1469 1269 1592 1304 sanguis.

914 1320 925 1339 ο
949 1313 1030 1341 lisse.
1051 1313 1166 1348 Sanguis
1184 1317 1280 1340 natura
1301 1314 1328 1341 in
1342 1314 1440 1342 belluis
1458 1315 1608 1342 substantia
1621 1322 1696 1350 qua:—

914 1358 977 1386 dam
993 1358 1083 1386 vitalis
1103 1362 1130 1386 et
1152 1359 1277 1386 animalis
1292 1363 1344 1391 est,
1364 1367 1424 1394 quae
1444 1363 1541 1387 caetera
1567 1360 1619 1387 tria
1641 1361 1696 1388 ele-

915 1408 1006 1432 menta
1026 1404 1174 1433 contineat.
1201 1412 1255 1439 quo
1281 1406 1304 1432 si
1322 1405 1422 1432 animal
1442 1406 1574 1440 privatur,
1591 1406 1696 1438 interit.

915 1450 1037 1485 nihilque
1048 1450 1104 1484 jam
1117 1451 1210 1477 auxilii
1226 1450 1341 1486 percipit
1356 1451 1390 1478 ab
1402 1451 1463 1479 aliis
1479 1452 1568 1480 tribus
1579 1453 1696 1480 elemen-

915 1495 962 1523 tis.
978 1495 1007 1523 In
1024 1496 1103 1523 nobis
1117 1499 1218 1527 autem,
1238 1504 1355 1531 quorum
1370 1500 1469 1524 natura
1487 1498 1627 1525 rationalis
1643 1502 1695 1531 est,

77 1540 128 1567 τοῦ
142 1541 256 1576 αἵματος
266 1541 347 1576 φύσις
363 1542 509 1579 σύνδεσμός
520 1544 578 1570 ἐστι
598 1545 647 1580 τῆς
661 1545 749 1581 ψυχῆς
760 1545 807 1572 καὶ
818 1545 863 1572 τοῦ

920 1541 1057 1576 sanguinis
1071 1547 1167 1569 natura
1182 1541 1321 1569 vinculum
1337 1545 1379 1570 est
1397 1543 1494 1570 animae
1516 1547 1542 1571 et
1562 1544 1696 1578 corporis,

81 1586 217 1621 σώματος,
235 1588 283 1614 καὶ
302 1589 500 1624 ἀφαιρουμένου
515 1589 562 1616 τοῦ
580 1590 744 1626 συνδέσμου,
759 1592 864 1629 ἀνάγκη

80 1633 158 1659 πᾶσα
173 1633 220 1659 καὶ
236 1633 270 1660 τὰ
286 1634 462 1670 συνδεδεμένα
477 1636 654 1671 χωρίζεσθαι.

123 1679 219 1715 Ἐρώτ.
253 1679 315 1715 ρλε¹.
335 1680 450 1712 Καλῶς·
475 1682 576 1717 φυσικὴ
600 1682 655 1719 γὰρ
679 1683 696 1718 ἡ
719 1683 864 1716 ἀπόδειξις.

83 1726 179 1760 ’Ὅμως
195 1724 287 1762 ἐπειδῆ
302 1725 360 1758 ζῶα
376 1727 422 1754 καὶ
438 1726 576 1762 ἄνθρωποι
595 1728 750 1760 τελευτῶσι,
769 1730 867 1757 πολλά-

80 1780 128 1803 κις
136 1772 182 1799 καὶ
191 1767 255 1799 ἄνευ
263 1771 404 1804 κενώσεως
418 1773 542 1808 αἵματος,
556 1773 582 1799 τί
592 1774 649 1800 ἐστι
661 1773 691 1800 τὸ
705 1775 768 1810 παρ’
778 1775 867 1802 αὐτῶν

80 1816 260 1852 ἑξερχόμενον
277 1817 322 1844 καὶ
335 1817 427 1844 ποιοῦν
441 1817 486 1844 τὸν
503 1818 634 1852 θάνατον;

124 1862 218 1890 Ἀπόκ.
234 1864 311 1900 Παρὰ
328 1863 377 1899 μὲν
389 1865 444 1896 τοῖς
459 1864 567 1899 ἀλόγοις
579 1866 596 1900 ἡ
611 1864 723 1901 ζωτικὴ,
742 1866 789 1893 καὶ
805 1866 867 1902 θρε-

81 1908 178 1944 πτικὴ,
191 1910 236 1936 καὶ
251 1909 428 1946 θερμαντικὴ,
444 1910 492 1937 καὶ
513 1911 649 1946 κινητική,
668 1912 716 1938 καὶ
735 1912 867 1948 αὐξητικὴ

79 1953 131 1981 τοῦ
145 1955 269 1990 αἵματος,
285 1957 301 1991 ἡ
318 1956 349 1982 ἐκ
362 1956 446 1991 πυρὸς
459 1955 574 1992 ὑπάρχει
587 1957 720 1992 ἐνέργεια,
737 1958 754 1993 ἡ
769 1958 815 1984 καὶ
837 1959 868 1984 τὸ

80 2000 213 2028 ἀναπνεῖν
225 2001 315 2032 αὐτοῖς
325 2001 489 2037 παρέχουσα.
501 2002 586 2028 Ὤσπε
591 2010 606 2037 ρ
617 2002 672 2037 γὰρ
685 2003 700 2028 ὁ
720 2002 802 2038 λέὸης
816 2003 868 2030 ὑπὸ

80 2046 170 2082 πυρὸς
180 2047 324 2083 καιόμενος
338 2047 368 2073 τὸ
383 2048 412 2073 ὲν
423 2047 496 2083 αὐτῷ
513 2047 585 2082 ὕδωρ
600 2048 670 2073 κινεῖ
688 2048 735 2075 καὶ
755 2048 849 2084 βράζει
859 2057 866 2064 ·

81 2093 238 2128 παυομένου
255 2093 282 2120 δὲ
293 2093 340 2120 τοῦ
357 2094 451 2130 πυρὸς,
460 2094 555 2130 νεκρὸν
567 2093 658 2121 λοιπὸν
668 2095 715 2121 καὶ
731 2095 867 2131 ἀκίνητον,

81 2139 132 2165 καὶ
142 2138 243 2174 ψυχρὸν
258 2139 288 2165 τὸ
305 2138 375 2175 ὕδωρ
389 2139 507 2174 γίνεται·
526 2139 597 2166 οὕτω
611 2139 658 2166 καλ⁹
682 2140 728 2166 ἐπὶ
752 2140 802 2174 τῆς
814 2141 868 2168 τῶν

81 2184 189 2219 ἀλόγων
203 2184 310 2219 φύσεως
323 2185 370 2212 καὶ
382 2185 432 2220 τῆς
441 2184 541 2217 ζέσεως
553 2185 601 2212 τοῦ
616 2186 729 2221 αἵματος
745 2186 865 2221 γίνεσθαι

82 2230 189 2266 νόμιζε,
205 2231 252 2257 καὶ
261 2231 362 2266 ταύτην
373 2228 442 2258 εἶναι
455 2230 503 2266 τὴν
514 2231 603 2258 αἰτίαν
616 2233 665 2267 τῆς
684 2233 772 2259 αὐτῶν
795 2232 866 2268 ζωῆς

83 2276 133 2302 καὶ
150 2276 291 2311 κινήσεως.
307 2275 526 2309 Ἐξασθενοῦντος
542 2274 588 2303 οὖν
613 2276 659 2303 τοῦ
681 2277 805 2312 αἵματος,
823 2287 867 2304 νε-

83 2321 150 2356 κρὸν
163 2320 254 2347 λοιπὸν
269 2321 314 2347 καὶ
325 2321 451 2356 ἀκίνητον
470 2321 501 2348 τὸ
517 2322 641 2357 κτῆνοςῆ
658 2322 688 2348 τὸ
699 2323 829 2356 πετεινὸν,
849 2324 866 2359 ἦ

82 2368 99 2393 ὁ
115 2367 190 2402 ἰχθὺς
206 2367 376 2395 καθίσταται.
403 2367 465 2393 Ἐπὶ
474 2367 503 2394 δὲ
513 2367 563 2403 τῆς
570 2367 744 2403 ἀνθρωπίνης
761 2368 868 2403 φύσεως

82 2413 116 2440 οὐ
130 2413 208 2448 μόνον
225 2414 242 2448 ἠ
253 2413 327 2445 ζέσις
346 2413 392 2440 καὶ
403 2414 420 2448 ἡ
437 2412 526 2449 θέρμη
539 2412 586 2440 τοῦ
598 2413 713 2448 αἵματος
727 2413 765 2448 τῷ
780 2413 869 2449 καιρῷ

82 2458 134 2485 τοῦ
149 2458 262 2486 θανάτου
282 2458 452 2494 χωρίζονται,
469 2458 536 2485 ἀλλὰ
557 2458 604 2485 σὺν
622 2458 712 2490 αὐτοῖς
736 2459 782 2485 καὶ¹
794 2459 866 2494 ψυχή

82 2512 128 2536 τις
138 2504 232 2540 λογική
244 2512 272 2530 τε
287 2504 334 2530 καὶ
344 2503 502 2539 συστατικὴ,
519 2502 652 2534 ἀθάνατός
665 2511 695 2529 τε
711 2504 758 2530 καὶ
776 2504 866 2538 νοερά.

127 2549 223 2585 Ἐρώτ.
241 2549 310 2584 ρλς¹.
326 2549 395 2581 Τοὺς
408 2545 448 2584 τῷ
461 2548 619 2583 Εὐαγγελίῳ
634 2548 671 2583 μὴ
691 2548 868 2580 πιστεύοντας

85 2595 229 2631 Ἕλληνας,
247 2595 294 2621 καὶ
307 2595 354 2626 τὰς
364 2595 439 2626 θείας
454 2593 543 2626 πάσας
556 2594 666 2630 Γραφὰς
676 2593 868 2625 εὐτελίζοντας,

82 2641 145 2673 πῶς
161 2641 258 2672 αὐτοὺς
266 2642 358 2667 πεῖσαι
373 2636 526 2676 ὀφείλομεν,
542 2640 582 2666 ὅτι
594 2639 651 2665 ἐστι
664 2638 723 2671 θεὸς
732 2638 868 2671 ἄκτιστος,

82 2688 201 2723 ποιητὴς
215 2686 329 2723 οὐρανοῦ
347 2686 394 2713 xal.
407 2686 468 2721 γῆς.
485 2682 525 2717 εἷς
534 2686 582 2712 καὶ
598 2685 688 2720 μόνος,
700 2685 746 2711 καὶ
759 2685 790 2711 οὐ
804 2683 870 2711 πολ-

81 2732 124 2760 λοὶ
140 2732 206 2764 θεοὶ,
220 2732 258 2764 ὡς
273 2732 351 2758 αὐτοὶ
362 2731 532 2767 πλανώμενοι
543 2731 714 2767 νομίζουσινς

125 2778 220 2806 Ἀπόκ.
236 2779 304 2811 Τοὺς
315 2778 363 2810 τὰς
374 2777 448 2810 θείας
464 2777 574 2814 Γραφὰς
597 2778 634 2813 μὴ
657 2776 818 2812 δεχομένους
839 2775 868 2810 ἐξ

916 1595 970 1622 quo
988 1587 1119 1615 dissoluto
1134 1588 1253 1621 vinculo,
1271 1595 1384 1616 necesse
1403 1592 1445 1616 est
1466 1596 1498 1616 ea
1524 1596 1584 1624 quae
1602 1589 1696 1625 juncta

916 1637 980 1661 sunt
993 1633 1123 1668 separari.

951 1678 1062 1711 Quasr.
1082 1677 1211 1706 CXXXV.
1229 1677 1312 1706 Recte
1329 1687 1336 1706 :
1353 1678 1411 1707 haec
1429 1679 1502 1707 enim
1514 1680 1637 1716 physica
1652 1681 1697 1708 de-

916 1725 1077 1752 monstratio
1093 1729 1144 1752 est.
1160 1724 1287 1751 Attamen
1306 1732 1368 1752 cum
1389 1724 1516 1752 animalia
1532 1730 1560 1753 et
1575 1726 1697 1754 homines

917 1778 988 1805 saepe
1004 1771 1138 1798 intereant
1153 1770 1256 1805 absque
1271 1770 1412 1805 sanguinis
1426 1770 1568 1804 eﬂ'usione,
1583 1771 1648 1807 quid
1658 1777 1698 1801 est

917 1816 990 1852 quod
1006 1816 1040 1843 ab
1055 1816 1109 1843 illis
1124 1815 1180 1843 exit
1194 1819 1222 1842 et
1236 1816 1332 1844 mortis
1350 1823 1432 1843 causa
1447 1816 1508 1844 est?

953 1861 1034 1889 Resr.
1054 1861 1084 1889 In
1101 1862 1200 1896 brutis,
1214 1860 1327 1890 facultas
1351 1862 1452 1894 vitalis.
1470 1863 1611 1895 nutritiva,
1627 1863 1698 1891 calo—

917 1909 967 1941 ris,
985 1912 1086 1940 motus,
1105 1909 1254 1944 augmenti,
1273 1916 1334 1943 quae
1355 1908 1382 1936 in
1402 1909 1535 1944 sanguine
1549 1913 1601 1942 est,
1626 1918 1698 1945 quaa-

917 1961 970 1989 que
983 1961 1016 1981 ex
1039 1953 1101 1988 igne
1116 1953 1170 1980 vim
1192 1953 1289 1988 agendi
1305 1953 1397 1986 habet,
1420 1962 1479 1990 quae
1497 1958 1525 1982 et
1541 1962 1623 1983 causa
1646 1955 1699 1983 illis

918 2005 959 2028 est
971 1999 1135 2035 respirandi.
1153 1999 1187 2026 Ut
1199 2000 1270 2027 enim
1288 1999 1360 2027 lebes
1372 2001 1433 2035 igne
1443 2007 1573 2028 accensus
1590 2009 1699 2036 aquam,

918 2053 998 2081 quam
1011 2046 1142 2077 continet,
1158 2049 1248 2072 movet
1268 2044 1306 2072 ita
1323 2049 1353 2072 ut
1369 2045 1474 2076 bulliat.
1499 2045 1635 2073 exstincto
1653 2053 1699 2073 au-

919 2095 972 2119 tem
989 2091 1061 2126 igne,
1079 2094 1187 2118 mortua
1204 2090 1270 2125 jam,
1286 2090 1397 2117 immota
1410 2094 1437 2117 et
1454 2091 1552 2126 frigida
1571 2091 1600 2118 Iit
1618 2099 1699 2126 aqua.

918 2137 989 2165 Idem
1005 2137 1094 2172 cogita
1117 2136 1150 2164 de
1177 2135 1317 2163 brutarum
1346 2136 1525 2163 animantium
1548 2140 1645 2163 natura
1672 2141 1699 2164 et

920 2183 1060 2218 sanguinis
1075 2182 1190 2213 fervore,
1206 2183 1329 2216 hancque
1343 2190 1404 2209 esse
1416 2188 1526 2209 causam
1544 2189 1638 2209 eorum
1655 2182 1699 2209 vi-

918 2234 951 2257 tae
963 2232 989 2256 et
1003 2234 1102 2256 motus.
1121 2227 1269 2256 Deﬁciente
1280 2229 1363 2264 igitur
1377 2228 1508 2263 sanguine
1523 2232 1630 2255 mortua
1641 2235 1699 2254 ma-

917 2279 983 2302 nent
1002 2281 1112 2310 pecora,
1123 2274 1248 2301 volucres
1265 2277 1292 2301 et
1304 2274 1404 2308 pisces.
1422 2273 1456 2300 At
1470 2273 1542 2308 quod
1555 2273 1700 2300 humanam

918 2323 1023 2355 spectat
1042 2323 1179 2351 naturam,
1203 2326 1258 2346 non
1280 2319 1368 2346 solum
1388 2317 1478 2346 fervor
1491 2322 1519 2345 et
1540 2317 1615 2345 calor
1639 2325 1698 2345 san-

919 2365 1019 2400 guinis,
1038 2366 1133 2392 mortis
1151 2368 1282 2400 tempore,
1306 2367 1485 2400 separantur;
1509 2364 1556 2392 sed
1570 2368 1700 2399 praeterea

919 2411 1061 2438 rationalis
1082 2410 1206 2445 quaedam
1227 2411 1317 2438 anima
1336 2414 1363 2438 et
1379 2410 1566 2444 conslitutiva,
1590 2410 1699 2438 immor-

920 2457 984 2484 talis
998 2460 1024 2484 et
1041 2456 1204 2492 intelligens.

956 2543 1066 2577 Quisr.
1079 2542 1221 2570 CXXXVI.
1233 2541 1376 2575 Quomodo
1385 2542 1542 2577 gentilibus,
1557 2544 1603 2578 qui
1615 2542 1698 2570 Evan-

922 2590 992 2626 gelio
1002 2597 1056 2617 non
1069 2589 1183 2616 credunt
1196 2588 1357 2623 divinasque
1367 2595 1461 2616 omnes
1473 2587 1626 2633 Scripturas
1638 2589 1700 2616 ﬂoc-

922 2635 1064 2667 cil‘aciunt.
1081 2635 1169 2670 possit
1187 2634 1345 2670 persuaderi
1366 2633 1451 2661 Deum
1467 2642 1527 2662 esse
1542 2635 1701 2668 increatum,

920 2682 982 2710 cceli
996 2685 1024 2709 et
1038 2685 1120 2708 terrae
1133 2680 1269 2715 Opiﬁcem,
1282 2687 1367 2707 unum
1380 2685 1407 2707 et
1419 2681 1519 2713 solum,
1534 2688 1588 2708 non
1603 2681 1701 2708 multos

921 2728 998 2760 deos,
1014 2731 1045 2755 ut
1058 2731 1181 2755 errantes
1195 2726 1248 2761 ipsi
1263 2725 1451 2753 arbitrantur?

955 2773 1037 2802 Rasr.
1055 2771 1108 2805 Eos
1123 2771 1170 2808 qui
1186 2770 1294 2799 divinas
1310 2778 1365 2799 non
1376 2771 1522 2799 admittunt
1538 2769 1695 2806 Scriptura:

120 2856 178 2892 ('15)
195 2855 242 2885 Sic
255 2855 366 2892 quidam
380 2863 445 2884 mss.
460 2855 531 2883 Editi
545 2863 621 2887 vero,
635 2854 715 2887 θείως
729 2852 797 2883 εἴναι
811 2853 955 2890 θεάρεστα.

244 2905 381 2937 ΡΔτιιοι..
396 2904 457 2935 Gn.
470 2903 620 2936 XXVIII.

1529 2896 1569 2926 22
