1924 3059
233 153 286 181 683

758 147 796 182 (S.
816 145 1047 174 ATHA’NASIUS.
1067 160 1102 166 —
1119 144 1254 173 SPURIA.

1785 142 1831 170 (ἱδὸ

233 218 267 238 ex
282 210 342 243 ipsa
357 215 447 236 rerum
461 209 569 238 natura,
586 205 652 240 quid
665 204 699 232 de
714 203 770 231 Deo
790 202 962 231 sentiendum
976 202 1013 229 sit

1070 202 1146 238 ιὺτῆς
1155 201 1247 228 λοιπὸν
1259 200 1310 236 τῆς
1323 201 1377 228 τῶν
1393 200 1563 237 πραγμάτων
1583 198 1687 234 φύσεως
1710 197 1769 233 περὶ
1781 197 1833 224 θεο-

234 256 332 283 docere
351 253 491 281 debemus.
513 251 581 278 Nam
596 251 667 278 inter
683 257 728 277 res
743 253 860 281 creatas,
882 247 1016 284 quasdam

234 302 357 329 videmus
386 299 530 330 cssentias,
551 305 611 332 qum
629 304 683 324 non
706 295 855 324 secundum
877 298 1014 326 naturam,

235 349 282 376 sed
294 354 376 382 supra
389 350 512 372 naturam
524 344 624 379 pariter
633 342 778 370 exsistunt.
787 341 910 375 Exempli
923 347 1015 367 causa.

235 397 373 430 Aquarum
386 392 506 420 essentia
520 393 617 417 natura
629 393 670 416 est
681 388 754 415 ﬂuxa
765 391 793 416 et
807 387 919 414 declivis
932 395 939 413 ι
951 393 1018 421 quo-

235 440 315 467 modo
329 446 392 473 ergo
404 437 534 472 siphonas
546 435 555 471 (
565 435 604 462 sic
613 434 729 469 vocant)
753 433 878 460 videmus
896 440 929 459 ex
943 439 1017 458 mare

235 493 332 520 aquam
347 484 381 511 ad
397 483 483 510 nubes
499 480 650 508 attrahere?
668 479 745 513 Quod
761 483 850 506 autem
871 477 1017 504 admirabi-

234 531 289 558 lius
301 534 353 561 est,
369 536 429 564 quae
441 528 513 555 salsa
529 526 689 558 ascendunt,
703 525 794 552 dulcia
814 527 907 559 postea
923 523 950 549 in
962 526 1017 549 ter-

236 584 294 604 ram
308 583 354 611 per
366 575 467 602 imbres
483 571 669 601 descendunt?
689 569 829 603 Quomodo
843 576 939 596 rursus
953 575 1015 595 cum

235 629 379 657 corporum
409 619 505 655 possit,
529 617 617 645 bolide
640 617 722 651 iacta,
748 620 845 642 natura
870 613 1015 648 explorari,

236 669 263 695 in
280 666 360 694 undis
379 664 546 692 Marmarico:
559 662 736 697 Pentapoleos
758 668 807 688 nec
828 659 962 695 penetrari
982 658 1016 685 ad

235 715 331 745 imum,
352 719 403 739 nec
429 710 518 738 bolide
542 713 631 744 potest
656 706 832 742 investigari?
850 705 920 738 Quin
935 705 1016 731 etiam

235 767 297 786 cum
317 765 388 792 aqua
403 762 430 785 et
447 756 517 791 ignis
532 754 669 782 contraria
685 754 739 781 sint
753 756 861 784 natura,
879 750 960 778 simul
974 754 1015 776 ta-

235 812 297 832 men
311 803 426 830 invicem
437 805 513 830 erant
524 802 551 828 in
565 800 652 836 Lycize
663 802 764 829 monte,
778 804 858 832 quem
871 795 1015 832 Olympum

235 853 343 882 vocant,
360 848 586 883 quemadmodum
604 844 815 873 innumerabiles
829 843 954 870 viderunt
968 842 1017 868 ho-

235 896 342 924 mines?
352 895 459 922 Inﬁnita
468 894 518 920 alia
532 896 595 920 snnt
607 892 649 919 his
660 890 758 918 similia
774 889 801 916 in
813 896 902 916 rerum
912 881 1015 914 ‘natura
1032 877 1052 905 Β

235 950 295 978 (μιεὲ
309 941 431 969 videmus
445 943 472 968 et
494 938 660 966 admiramur
677 947 683 964 :
699 943 759 972 quae
776 943 842 963 sane
859 934 950 961 omnia
970 941 1016 961 su-

235 996 284 1024 pra
294 991 419 1015 natnram
433 994 487 1014 non
501 986 538 1012 ita
552 987 661 1020 possent
678 982 735 1010 ﬁeri
745 1002 752 1013 .
769 981 820 1009 nisi
837 984 911 1008 esset
927 980 1017 1014 aliqua

236 1033 284 1061 Dei
306 1036 413 1063 natura.
432 1037 492 1066 quae
507 1030 582 1056 hisce
599 1027 795 1058 dominaretur,
817 1026 1018 1059 imperaretque

235 1079 351 1106 invicem
367 1084 422 1104 non
445 1074 594 1103 adversari.
620 1071 763 1106 Quomodo
790 1077 903 1102 rursus,
926 1068 1018 1095 dicant

237 1125 318 1152 nobis
334 1123 461 1159 gentiles,
474 1120 564 1148 valido
582 1119 652 1146 facto
665 1118 777 1146 tonitru,
790 1116 916 1142 universa
932 1113 1018 1140 homia

237 1178 303 1198 num
322 1174 420 1196 natura
439 1167 548 1197 tremit,
579 1163 723 1194 horrescit,
744 1160 930 1195 obstupescit?
952 1159 1018 1192 Qui-

237 1216 290 1244 bus
306 1215 399 1249 utique
412 1212 520 1240 indiciis
534 1210 653 1238 ostendit
677 1216 706 1236 se
723 1207 761 1234 illi
779 1206 877 1242 subjici
891 1205 1016 1237 Domino,

237 1263 285 1299 qui
297 1259 411 1289 tonitrui
427 1263 470 1287 est
484 1263 586 1297 auctor.
605 1256 638 1282 Et
653 1256 710 1282 haec
726 1253 834 1289 quidem
849 1257 912 1280 sunt
926 1259 1019 1279 exem-

237 1297 292 1343 pla,
302 1306 401 1341 quibus
411 1304 458 1332 Dei
467 1303 650 1338 cognitionem
662 1299 752 1327 doceri
765 1298 869 1334 possint
878 1297 1018 1332 gentilium

236 1342 425 1388 simpliciores.
443 1348 510 1376 Nam
524 1351 588 1375 ante
602 1347 676 1382 ipsos
686 1351 780 1373 eorum
795 1343 942 1378 sapientes,
958 1342 1019 1376 qui-

236 1399 298 1427 dam
322 1397 459 1432 sapientes
486 1394 601 1430 gentiles
626 1397 660 1420 ex
683 1389 802 1424 antiquis
827 1388 1019 1424 praestantibus

237 1442 417 1480 philosophis,
433 1440 518 1468 multa
535 1438 569 1466 de
587 1437 634 1465 Dei
654 1436 729 1463 cultu
751 1433 908 1462 testimonia
926 1436 1020 1467 protu-

237 1478 293 1518 lere
309 1499 316 1516 :
335 1487 401 1523 quin
411 1487 493 1514 etiam
503 1485 589 1520 ipsam
602 1483 702 1510 Christi
714 1480 893 1508 oeconomiam
905 1478 1021 1505 obscure

222 1534 493 1572 'praesigniﬁcarunt.
510 1531 556 1558 Sic
568 1530 650 1565 igitur
667 1528 775 1563 quidam
788 1526 896 1553 illorum
912 1524 1020 1559 sapiens

237 1568 331 1609 multis
343 1583 405 1607 ante
417 1577 519 1605 Christi
534 1575 678 1603 adventum
694 1572 777 1609 248
788 1571 866 1599 annis
882 1570 963 1597 verba
980 1568 1019 1595 la-

237 1628 276 1656 cit
297 1637 304 1654 :
324 1625 417 1654 Puella
433 1623 523 1651 veniet
535 1629 595 1657 qua:
608 1620 748 1648 caelestem
762 1617 841 1645 nobis
855 1615 962 1644 editura
977 1617 1019 1642 est

237 1679 355 1709 partum.
370 1671 447 1698 Alius
458 1670 521 1697 item
535 1668 575 1696 sic
587 1667 707 1703 loquitur
721 1674 728 1692 :
741 1663 862 1692 Tandem
873 1661 1019 1698 aliquando

239 1708 310 1746 Deus
327 1718 354 1744 in
369 1715 528 1744 multiﬁdam
544 1714 614 1740 hanc
629 1717 728 1740 terram
743 1710 901 1741 descendet,
917 1713 945 1736 et
961 1708 1020 1735 sine

239 1763 299 1790 labe
311 1762 356 1789 ﬁet
368 1768 432 1788 caro
446 1769 453 1787 :
468 1763 497 1786 ut
508 1759 665 1790 damnatus,
676 1756 802 1792 pendebit
815 1756 843 1782 in
855 1755 939 1790 ligno,
951 1760 1020 1780 mor-

239 1809 343 1843 bosque
355 1806 462 1834 curabit
476 1803 652 1832 insanabiles.

275 1897 384 1930 Qrws-r.
403 1892 556 1923 CXXXVII.
571 1891 628 1928 (76)
647 1891 713 1918 Cum
728 1889 877 1918 Christiani
891 1892 919 1917 et
935 1888 1020 1916 Judaei

239 1943 378 1972 Christum
401 1940 592 1971 conﬁteantur,
611 1938 725 1973 ejusque
743 1936 778 1964 de
801 1936 919 1964 adventu
941 1935 1020 1962 dubi-

239 1991 297 2015 tent
311 1985 408 2018 Judaai,
430 1985 568 2018 velintque
588 1982 708 2010 nondum
727 1982 816 2016 ipsum
831 1980 951 2013 venisse,
975 1979 1021 2007 sed

239 2037 384 2062 venturum
398 2039 469 2063 esse,
481 2038 535 2066 qua
551 2029 658 2057 ratione
670 2028 737 2063 ipsis
748 2027 899 2063 poterimus
909 2034 1022 2062 persua-

239 2078 304 2106 dere
318 2077 403 2105 Deum
419 2083 480 2104 esse
491 2074 641 2106 Christum,
659 2080 847 2108 veracemque,
865 2079 919 2099 non
939 2072 1022 2107 impo-

239 2128 340 2151 storem
360 2129 431 2154 esse,
444 2125 474 2148 ut
489 2120 542 2157 ipsi
556 2119 743 2146 arbitrantur?

274 2169 357 2197 [περ.
373 2168 399 2196 1.
414 2167 552 2195 Christum
561 2165 670 2201 quidem
679 2165 762 2193 Deum
771 2169 798 2193 et
810 2164 953 2192 Dominum
962 2172 1022 2192 esse

1065 248 1158 283 λογίας
1172 249 1263 275 πεῖσαι
1274 247 1427 282 ὀφείλομεν.
1449 247 1572 283 Ὀρῶμεν
1586 245 1639 280 γάρ
1659 252 1730 275 τινας
1750 243 1833 275 οὐσίας

1067 296 1095 321 ὲν
1110 295 1143 329 τῇ
1158 294 1246 321 κτίσει
1264 294 1294 320 οὐ
1321 293 1391 320 κατὰ
1410 293 1500 328 φύσιν,
1525 292 1581 319 ἀλλ’
1605 291 1675 325 ὑπὲρ
1691 289 1767 324 φύσιν
1782 289 1833 324 μετ’

1066 341 1186 376 ἀλλήλων
1203 340 1387 376 ὑπαρχούσας.
1407 338 1468 366 Οἷὸν
1491 348 1516 366 τι
1542 338 1624 372 λέγω.
1648 335 1728 363 Φύσει
1749 336 1765 371 ἡ
1787 335 1834 361 τῶν

1067 387 1169 414 ὑδάτων
1195 386 1274 413 οὐσία
1298 386 1426 422 ῥευστικὴ
1461 385 1508 412 καὶ
1530 382 1686 418 καταφερὴς
1711 382 1833 416 ὑπάρχει·

1067 432 1125 464 πῶς
1140 429 1184 458 οὖν
1198 431 1304 468 ὁρῶμεν
1316 432 1377 463 τοὺς
1389 430 1549 466 λεγομένους
1563 429 1680 463 σίφωνας
1694 429 1725 454 ὲκ
1736 427 1781 462 τῆς
1795 427 1835 453 θα-

1066 477 1168 513 λάσσης
1183 477 1255 512 ὕδωρ
1270 476 1320 508 τὰς
1331 476 1445 511 νεφέλας
1455 475 1615 506 ἀνέλκοντας
1628 482 1635 506 ;
1653 473 1689 499 Τὸ
1699 473 1727 499 δὲ
1742 472 1835 506 θαυμα-

1068 525 1203 560 στότερον,
1217 524 1268 556 ὅτι,
1298 522 1405 558 ἁλμυρὰ
1425 522 1613 557 .ὰνερχὸμενα,
1637 519 1737 554 γλυκέα
1754 517 1834 544 λοιπὸν

1065 570 1151 597 ταῦτα
1165 569 1211 595 ἐπὶ
1225 569 1276 604 γῆς
1285 568 1329 595 διὰ
1344 568 1398 594 τῶν
1412 567 1521 603 ὄμϐρων
1535 566 1721 601 κατέρχονται.
1737 563 1794 594 Πῶς
1811 562 1836 589 δὲ

1066 615 1146 643 πάλιν
1160 615 1207 641 καὶ
1222 615 1239 649 ἡ
1261 614 1315 641 τῶν
1329 613 1462 649 σωμάτων
1471 612 1598 649 [ὑδάτων]
1611 611 1700 646 φύσις,
1711 608 1835 645 βολιστικὴ

1066 661 1137 689 κατὰ
1152 661 1232 696 φύσιν
1247 661 1417 695 ὑπάρχουσα,
1427 660 1533 694 ὁρᾶται,
1548 658 1643 688 ἆδυτος
1653 657 1698 683 xal.
1710 655 1836 686 ἀϐόλιστος

1066 709 1095 734 ὲν
1107 708 1162 739 τοῖς
1177 707 1253 733 ὕδασι
1269 706 1319 741 τῆς
1333 705 1518 741 Μαρμαρικῆς
1527 703 1734 733 Πενταπόλεωςς
1750 701 1784 728 Οὐ
1795 700 1835 735 μό-

1066 762 1110 781 νον
1123 753 1162 785 δὲ,
1175 752 1243 779 ἀλλὰ
1253 751 1307 787 γὰρ
1318 751 1367 778 καὶ
1379 751 1473 782 ὓδατος
1489 750 1536 777 καλ⁴
1547 749 1632 785 πυρὸς
1644 747 1748 776 ὲναντία
1763 747 1778 782 ἡ
1792 745 1828 780 φύ-

1067 809 1108 832 σις
1119 799 1288 835 ὑπάρχουσα,
1301 799 1329 824 ὲν
1345 797 1383 832 τῷ
1395 797 1452 832 ἅμα
1467 794 1511 831 ἦν,
1526 796 1570 822 ὅτε
1592 796 1621 822 ὲν
1637 794 1722 829 Λυκίᾳ
1737 793 1773 828 τῷ
1787 792 1834 827 ὄρει

1066 846 1105 881 τῷ
1116 845 1253 881 λεγομένῳ
1271 843 1410 878 Ὀλύμπῳ,
1428 841 1520 873 καθὼς
1534 840 1662 876 μυριάδες
1676 837 1775 873 ἀνδρῶν
1795 837 1835 862 tu)-

1069 880 1184 927 pltxact;
1200 890 1255 917 Καὶ
1271 889 1337 917 ἄλλα
1352 888 1380 915 δὲ
1393 887 1477 924 μυρία
1492 886 1596 916 τούτοις
1608 885 1688 920 ὃμοια
1705 882 1750 909 καὶ
1761 880 1836 917 παρά-

1067 938 1131 971 δοξᾶ
1144 938 1217 963 ἔστιν
1234 936 1263 963 ὲν
1278 937 1311 971 τῇ
1329 934 1416 961 κτίσει
1434 932 1560 969 ὁρώμενα
1577 931 1622 957 καὶ
1640 927 1834 964 θαυμαζόμενα’

1068 984 1138 1020 ἅπερ
1152 983 1260 1010 ᾶπαντα
1274 982 1324 1008 οὐκ
1338 981 1371 1007 ἂν
1382 978 1543 1013 οὖτωςὺπὲρ
1551 976 1632 1011 φύσιν
1640 974 1759 1010 γίνεσθαι
1771 972 1837 1008 ἐμελ-

1067 1030 1123 1062 λον,
1140 1029 1164 1056 εί
1184 1028 1220 1064 μὴ
1235 1027 1313 1055 οὐσία
1327 1035 1369 1058 τις
1377 1024 1444 1052 Θεοῦ
1460 1022 1494 1060 ἦν
1504 1023 1605 1050 τούτων
1614 1021 1786 1053 δεσπόζουσα,
1799 1018 1838 1045 καὶ

1067 1075 1170 1106 τούτοις
1181 1063 1364 1110 ἐπιτρέπουσα
1371 1071 1495 1106 ἀλλήλοις
1510 1070 1546 1105 μὴ
1563 1066 1774 1096 ἀντιτάττεσθαι.
1785 1063 1837 1095 Πῶς

1067 1121 1094 1147 δὲ
1111 1120 1191 1147 πάλιν
1215 1119 1339 1153 λέγουσιν
1361 1118 1427 1152 ἡμῖν
1448 1115 1582 1150 Ἐλλήνων
1609 1113 1713 1144 παῖδες,
1737 1109 1838 1146 βροντῆς

1069 1167 1186 1203 στερρᾶς
1202 1165 1357 1200 γινομένης,
1378 1163 1476 1197 λᾶπασα
1492 1162 1509 1196 ἡ
1524 1160 1604 1194 φύσις
1625 1158 1680 1186 τῶν
1703 1155 1837 1192 ἀνθρώπιον

1068 1199 1173 1248 τρέμει,
1190 1199 1295 1246 φρίττει
1311 1217 1341 1235 τε
1361 1208 1407 1235 καὶ
1429 1207 1576 1240 ἐξίσταται,
1595 1204 1734 1240 μηνύουσα
1747 1201 1787 1228 διὰ
1799 1199 1839 1226 τοῦ

1069 1245 1218 1293 σγήηματος,
1233 1256 1272 1287 ὡς
1296 1255 1348 1281 ὑπὸ
1371 1253 1505 1288 δεσπότην
1522 1251 1580 1278 ἐστὶ
1607 1251 1654 1277 τὸν
1676 1249 1724 1281 τὰς
1739 1245 1839 1293 βροντας

1069 1289 1266 1339 ἐργαζόμενον;
1290 1300 1344 1326 Καὶ
1364 1298 1451 1325 ταῦτα
1471 1297 1519 1333 μὲν
1542 1295 1610 1331 πρὸς
1632 1295 1694 1326 τοὺς
1710 1289 1839 1327 ἀφελεστέ-

1071 1357 1133 1385 ρους
1146 1347 1279 1382 Ἐλλήνων
1292 1346 1332 1376 εις
1349 1343 1512 1378 θεογνωσίαν
1526 1341 1644 1378 φέροντα
1653 1338 1839 1371 ὑποδείγματα.

1070 1381 1127 1430 ῘΙρὸ
1145 1393 1199 1429 γὰρ
1219 1381 1276 1419 τῶν
1313 1391 1378 1426 παρ’
1403 1389 1494 1420 αὐτοῖς
1520 1386 1608 1421 σοφῶν
1636 1386 1668 1412 ἐκ
1703 1381 1839 1419 φιλοσόφων

1069 1426 1191 1476 ἀρχαίιυν
1212 1437 1330 1465 δυνατῶν
1357 1435 1493 1471 μαρτύρια
1510 1432 1594 1460 πολλὰ
1620 1431 1684 1466 περὶ
1702 1426 1840 1456 θεοσεϐείας

1161 1485 1293 1520 Ἑλλήνων
1317 1483 1393 1517 σοφοὶ
1410 1481 1544 1516 ἔφρασαν·
1562 1477 1632 1506 ἀλλὰ
1654 1477 1700 1504 καὶ
1715 1475 1762 1511 τὴν
1780 1474 1839 1508 Χρι-

1072 1531 1135 1558 στοῦ
1164 1518 1317 1565 οίκονομίαν
1343 1527 1470 1564 ἀμυδρῶς
1490 1525 1692 1562 προεμήνυσαν.
1718 1521 1771 1548 Καὶ
1784 1518 1840 1565 γοῦν

1069 1585 1110 1610 τις
1127 1576 1180 1602 τῶν
1194 1561 1260 1611 ’παρἔ
1272 1561 1369 1605 αὐτοῖς·
1385 1561 1474 1607 σοίρῶν
1488 1561 1540 1606 πρὸ
1558 1569 1663 1597 πολλῶν
1675 1568 1722 1603 τῆς
1735 1561 1839 1602 Χριστοῦ

1069 1622 1215 1658 ἐπιδημίας
1227 1621 1330 1656 χρόνων
1345 1619 1438 1654 φησὶν,
1455 1618 1496 1644 ὅτι
1511 1616 1589 1649 ’Ἥξει
1611 1617 1629 1651 ἡ
1651 1615 1739 1644 νεᾶνις
1752 1612 1840 1658 ἔχουσα

1070 1654 1270 1704 ἡμῖνοὺράν-ιον
1284 1666 1371 1701 γόνον.
1389 1664 1444 1691 Καὶ
1469 1663 1547 1694 ἄλλος
1570 1661 1653 1688 πάλιν
1677 1660 1786 1695 ἔφρασεν
1802 1654 1840 1682 οὗ·

1069 1701 1122 1746 ὡς
1133 1722 1140 1729 ”
1160 1701 1224 1748 ’ὀψέ
1240 1720 1304 1738 ποτε
1319 1711 1365 1737 ἐπὶ
1379 1710 1429 1745 τὴν
1443 1706 1592 1741 πολυσχεδῆ
1607 1705 1708 1739 ταύτην
1723 1701 1839 1736 κατέρχε-

1069 1769 1113 1787 ται
1127 1761 1141 1787 ό
1157 1759 1223 1790 Θεὺς
1235 1758 1299 1792 γῆν,
1319 1757 1366 1783 καὶ
1389 1756 1451 1791 δίχα
1477 1753 1647 1788 πταίσματος
1664 1749 1730 1786 σὰρξ
1741 1747 1839 1792 γενήσετ

1070 1815 1128 1833 ται·
1155 1806 1192 1837 ὼς
1214 1804 1376 1838 κατάκριτος
1404 1802 1433 1828 ὲν
1457 1800 1527 1835 ξύλῳ
1555 1797 1780 1835 κρεμασθήσεται,
1798 1790 1838 1818 καὶ

1070 1851 1166 1879 ἀνίατα
1179 1849 1252 1885 πάθη
1269 1847 1442 1884 θεραπεύσει.

1112 1894 1206 1930 Ἑρώτ.
1227 1883 1486 1929 ρλζνξΧριστιανῶν
1505 1898 1535 1916 τε
1560 1888 1607 1916 καὶ
1635 1885 1763 1914 Ἰουδαίων
1782 1883 1839 1917 Χρι-

1072 1940 1132 1967 στὸν
1143 1927 1359 1974 ’ὁμολογούντωη
1376 1935 1598 1972 ἀμφιεὶαλλόντων
1606 1933 1636 1960 δὲ
1647 1932 1699 1958 τῶν
1720 1927 1837 1957 Ἰουδαίων

1071 1985 1146 2013 οὔπω
1157 1973 1238 2012 αὑτὸν
1257 1983 1423 2019 ἐληλυθέναι,
1442 1981 1511 2008 ἀλλὰ
1541 1980 1684 2013 λεγόντων,
1699 1978 1737 2004 ὅτι
1759 1973 1836 2010 μέλλει

1071 2031 1214 2070 ἔρχεσθαι·
1243 2030 1324 2057 πόθεν
1350 2028 1448 2059 αὐτοὺς
1470 2029 1561 2054 πεῖσαι
1579 2025 1731 2060 ὀφείλομεν,
1744 2023 1779 2048 ὅτι
1798 2018 1837 2045 καὶ

1071 2062 1138 2110 ὁεξς
1155 2078 1226 2103 ἐστιν
1251 2076 1266 2102 ὁ
1289 2075 1416 2110 Χριστὸς,
1429 2073 1476 2100 καὶ
1494 2073 1534 2099 ὅτι
1554 2071 1657 2107 ἀληθής
1675 2073 1740 2100 ἐστι,
1759 2065 1799 2093 καὶ
1811 2062 1835 2089 οὔ

1072 2125 1181 2156 πλάνος,
1192 2123 1230 2154 ὼς
1244 2121 1321 2148 αὐτοὶ
1336 2119 1509 2156 νομίζουσιν;

1113 2169 1206 2196 Ἀπόκ.
1222 2168 1313 2195 1.Ὂτι
1329 2167 1377 2202 μὲν
1385 2166 1451 2197 Θεὸς
1459 2165 1506 2192 καὶ
1515 2164 1618 2198 Κύριος
1626 2164 1639 2188 ὁ
1648 2159 1757 2196 Χριστός
1764 2159 1835 2202 ἐστιν,

239 2219 376 2244 testantur
390 2213 538 2249 prOphetae.
555 2200 702 2247 etquidem
714 2212 755 2239 sic
773 2211 810 2238 ait
826 2210 908 2239 David
923 2220 930 2237 :
945 2221 954 2236 ι
970 2211 1017 2239 Do-

1071 2217 1095 2244 οί
1109 2215 1245 2252 προφῆται
1256 2200 1436 2249 μαρτυροῦσιν
1446 2220 1452 2226 ·
1468 2212 1482 2237 ὸ
1493 2210 1541 2245 μὲν
1554 2209 1636 2235 Δαϐὶδ
1650 2208 1746 2241 λέγων·
1763 2213 1771 2228 ι
1781 2200 1836 2229 Θεὸς

240 2262 330 2290 minus
350 2262 431 2292 Deus,
457 2265 483 2288 et
513 2261 638 2295 apparuit
658 2259 736 2287 nobis
752 2259 786 2285 ⁸⁷.
805 2268 815 2284 ι
839 2258 872 2285 Ει
896 2266 992 2287 rursus
1014 2267 1020 2285 :

242 2318 252 2334 ‹
274 2308 416 2336 lnclinavit
435 2301 520 2334 caelos
544 2309 570 2333 et
595 2304 736 2333 descendit
758 2304 791 2331 ⁸⁸.
811 2313 820 2330 ι
843 2305 874 2331 Ει
899 2305 997 2331 iterum
1015 2314 1020 2331 :

243 2365 252 2381 ι
267 2354 319 2387 Qui
335 2354 413 2381 sedes
425 2359 508 2387 super
524 2351 677 2384 cherubim,
693 2357 792 2385 appare
803 2350 836 2376 θ’.
855 2360 865 2376 ι
880 2349 943 2378 Haec
958 2351 1022 2378 item

240 2403 305 2428 sunt
318 2399 400 2427 verba
415 2397 541 2425 llabacuc
554 2405 560 2422 :
577 2406 586 2422 ‹
604 2396 676 2423 Deus
688 2403 704 2422 a
716 2395 845 2423 Thaman
859 2396 948 2423 veniet
961 2396 994 2422 '°.
1012 2406 1020 2422 ι

242 2445 274 2472 Et
287 2445 395 2472 Baruch
415 2453 422 2471 :
442 2453 451 2469 ‹
467 2443 516 2470 Hic
530 2446 573 2470 est
588 2441 660 2469 Deus
675 2446 779 2473 noster,
792 2445 819 2469 et
833 2449 888 2469 non
907 2442 1025 2469 aestima-

241 2492 315 2519 bitur
331 2491 402 2517 alius
422 2489 552 2517 adversus
571 2495 633 2516 eum
657 2496 664 2514 ε
688 2487 790 2514 invenit
817 2495 924 2515 onmem
953 2488 1024 2514 viam

241 2536 373 2569 scientiae,
387 2541 414 2563 et
429 2535 543 2562 tradidit
559 2535 632 2561 illam
653 2533 739 2561 Iacob
757 2541 842 2568 puero
858 2541 918 2567 suo,
937 2537 964 2561 et
983 2533 1023 2560 ls-

243 2583 299 2610 rael
315 2582 413 2610 dilecto
441 2589 501 2609 suo.
528 2580 594 2608 Post
608 2580 665 2607 haec
683 2580 710 2607 in
729 2580 809 2607 terris
825 2579 900 2608 visus
924 2584 977 2611 est,
997 2583 1024 2606 et

242 2636 305 2655 cum
331 2628 489 2655 hominibus
506 2631 685 2654 conversatus
701 2630 743 2653 est
757 2626 790 2653 “.
807 2635 816 2652 ι
844 2625 927 2653 Vides
941 2633 1023 2660 quam

243 2673 394 2701 luculenter
411 2673 548 2709 prophetae
564 2672 702 2700 Christum
718 2671 803 2700 Deum
820 2673 965 2708 appellent.

277 2751 299 2767 ⁸⁷
318 2751 390 2779 Psal.
407 2759 494 2782 cxvn,
510 2750 556 2778 27.
594 2750 616 2765 ⁸⁸
631 2749 701 2778 Psal.
719 2759 792 2783 xvu,
810 2751 853 2778 10.
891 2751 912 2767 ⁸³
931 2750 1004 2777 Psal.

1070 2757 1124 2781 nx,
1141 2749 1168 2774 2.

1071 2248 1183 2298 Κύριος,
1194 2248 1247 2288 ⁷καὶ
1259 2259 1391 2293 ὲπὲφανεν
1404 2258 1470 2293 ἡμῖν
1482 2265 1488 2272 ’
1508 2266 1517 2282 ›
1536 2255 1582 2282 καὶ
1595 2255 1687 2281 πάλινε
1706 2261 1714 2277 ι
1729 2248 1836 2276 Ἐκλινεν

1073 2295 1202 2343 οὐρανοὺς
1219 2305 1265 2332 καὶ
1279 2303 1398 2339 κατέϐη·
1420 2313 1429 2328 ›
1445 2303 1491 2329 καὶ
1508 2299 1602 2328 πάλιν·
1624 2309 1633 2324 ‹
1655 2299 1682 2325 'U
1701 2295 1835 2343 monii.sz

1074 2336 1119 2381 ἐπὶ
1141 2336 1200 2380 τῶν
1223 2336 1381 2387 χερουϐὶμί
1396 2347 1548 2384 ὲμφάνηθι·
1573 2356 1582 2372 ι
1601 2347 1616 2372 ὁ
1637 2345 1664 2371 δὲ
1694 2336 1835 2387 Ἀμξακξῦμ

1074 2397 1155 2424 πάλιν
1169 2382 1264 2430 enata:
1281 2403 1289 2419 ‹
1354 2382 1421 2424 Θεὸς
1436 2382 1489 2419 ἀπὸ
1499 2382 1604 2426 Θαιμὰν
1617 2389 1689 2424 ἥξει·
1706 2396 1715 2412 ι
1729 2386 1742 2412 ὁ
1751 2384 1776 2410 δὲ
1790 2382 1834 2407 Βα-

1064 2443 1141 2479 Ῥούκ
1151 2451 1158 2457 ·
1176 2429 1189 2468 Vr
1202 2429 1284 2472 Οὗτος
1299 2441 1313 2467 ὁ
1327 2440 1393 2471 Θεὸς
1408 2437 1496 2474 ἡμῶν,
1510 2437 1540 2464 οὐ
1553 2435 1739 2470 λογισθήσεται
1751 2429 1835 2479 ,ἓτῗίῃς

1076 2470 1144 2528 inab;
1158 2486 1238 2513 αὐτόν
1248 2494 1254 2501 ·
1269 2470 1362 2519 ἐξευρε
1372 2470 1461 2510 πᾶσαν
1475 2482 1533 2509 ὁδὸν
1545 2481 1706 2514 ἐπιστήμης,
1718 2474 1768 2526 καῖ’
1777 2470 1835 2528 fw:

1080 2513 1143 2528 νη,
1289 2513 1297 2518 ,
1332 2513 1337 2519 _
1635 2513 1649 2514 η
1820 2513 1831 2518 _

1072 2543 1119 2560 κεν
1138 2534 1221 2568 αὐτὴν
1235 2531 1332 2558 Ἰακὼὸ
1352 2529 1392 2565 τῷ
1417 2528 1492 2555 παιδὶ
1518 2525 1611 2558 αὑτοῦ,
1634 2523 1679 2551 καὶ
1693 2517 1790 2555 Ἰσραὴλ
1802 2522 1835 2547 τῳ

1072 2561 1241 2616 ἠγαπημένῳ
1267 2577 1311 2604 ὑπ’
1337 2561 1429 2603 αὐτοῦ.
1467 2573 1543 2601 Μετὰ
1561 2572 1637 2599 τοῦτο
1665 2569 1709 2595 ἐπὶ
1731 2565 1775 2600 τῆς
1791 2561 1834 2612 γῇς

1084 2606 1089 2616 ⁸
1097 2606 1102 2614 Ι
1160 2606 1176 2614 ,ι
1227 2606 1233 2614 ’
1807 2606 1817 2612 ε

1071 2625 1160 2661 ὤφθη,
1176 2624 1288 2655 καὶτοῖς
1300 2621 1452 2656 ἀνθρώποις
1465 2618 1676 2653 συνανεστρὰφη.
1689 2625 1697 2640 )
1708 2612 1767 2640 Ἰδοὺ
1786 2613 1834 2636 πως

1072 2656 1217 2706 προφανῶς
1231 2670 1255 2696 οἱ
1270 2668 1406 2704 προφῆται
1418 2666 1482 2693 Θεὸν
1494 2665 1600 2699 λέγουσι
1615 2662 1659 2689 τὸν
1675 2656 1790 2695 Χριστόν·

1206 2749 1228 2764 ⁹⁰
1251 2747 1350 2774 llabac.
1370 2753 1418 2776 in,
1437 2743 1464 2770 5.
1504 2743 1524 2758 "
1546 2739 1657 2768 Baruch.
1676 2745 1718 2769 Ill,
1733 2733 1764 2761 58

278 2862 336 2899 (7G)
353 2862 413 2890 Haec
428 2870 482 2890 non
502 2867 565 2891 sunt
576 2861 724 2890 Athanasio
736 2861 858 2896 indigna,
871 2863 898 2890 et
911 2860 937 2888 in
951 2859 1088 2888 nonnullis
1108 2857 1247 2887 codicibus
1259 2856 1405 2892 separatim
1419 2856 1578 2892 ponunturg
