1924 3059
189 135 244 163 687

733 133 762 161 S.
780 132 1013 162 ATHANASIUS.
1031 147 1070 156 —
1089 132 1224 162 SPUBIA.

1760 137 1816 164 688

192 198 325 219 seramus.
337 190 365 217 1d
375 190 447 217 enim
457 190 639 217 emolumento
650 189 769 216 futurum
781 194 823 217 est
837 189 973 222 omnibus.

1030 190 1181 226 μαρτυρίας
1203 189 1388 226 ποιησώμεθα.
1404 191 1500 217 Ἔσται
1513 191 1566 226 γάρ
1581 191 1647 218 πᾶσι
1660 193 1716 224 τοῖς
1727 194 1816 228 ὲγκύ-

192 237 237 272 qui
253 244 310 264 rem
324 235 490 271 perpendere
500 235 600 263 volent.
614 236 683 262 Ante
696 235 795 262 smeuia
805 242 866 263 esse
876 235 976 262 Filium

191 288 217 310 et
232 283 348 310 Verbum
363 282 475 316 Dei,qui
491 282 621 309 extremis
634 281 802 316 temporibus
817 282 978 309 incarnatus

191 333 242 360 est,
265 332 338 363 patet
362 336 395 355 ex
414 328 518 362 psalmo
533 328 682 356 centesimo
702 334 774 354 nono
791 337 797 354 :
818 336 827 352 «
846 327 885 354 Ex
902 332 979 354 utero

191 379 254 402 ante
275 373 418 402 luciferum
440 373 523 408 genui
540 377 566 400 te
580 374 612 398 ⁸³.
637 383 646 399 ›
664 373 772 400 Certum
787 372 860 399 enim
873 376 915 399 est
932 379 978 398 ne-

192 420 292 446 minem
319 419 459 446 hominum
488 422 550 445 ante
584 418 726 445 luciferum
748 425 808 445 esse
831 417 976 452 genitum:

192 471 254 492 nam
279 464 375 492 lucifer
390 468 486 499 quarta
510 464 554 491 die
573 464 661 491 factus
674 467 726 495 est,
739 464 822 490 Adam
839 471 904 490 vero
917 470 978 490 sex-

191 512 219 536 ta
240 509 284 536 die
301 508 434 537 formatus
449 514 502 536 est.
523 508 651 536 Similiter
672 516 737 535 vero
753 513 780 536 et
801 507 929 535 Salomon
944 507 978 535 de

192 553 333 590 Unigeniti
354 554 414 582 Filii
429 559 456 582 et
473 554 554 581 Verbi
571 553 677 581 Domini
696 554 782 581 nostri
799 553 862 581 Jesu
877 553 978 580 Christi

191 601 367 635 generatione
381 604 444 627 ante
459 600 558 628 sarcula
574 607 607 626 ex
627 599 682 626 Deo
697 603 724 627 et
738 599 819 626 Patre
842 599 882 627 sic
904 600 978 627 velut

189 651 223 671 ex
239 645 325 679 ipsius
340 644 401 671 Filii
415 652 532 679 persona
547 644 667 678 loquitur
685 654 692 671 :
712 653 720 670 «
739 643 890 678 Antequam
903 651 977 670 mon-

190 694 232 718 tes
249 690 352 721 lierent,
367 691 524 725 priusquam
539 694 713 724 erumperent
727 690 827 721 fontes,
841 692 903 716 ante
918 697 977 716 om-

188 743 238 764 nes
255 743 319 763 vero
333 736 417 763 colles
440 735 526 770 gignit
545 743 588 763 me
611 736 630 762 ι.
652 746 661 761 ι
689 734 913 770 lnterrogandum
933 739 977 762 est

189 781 271 818 igitur
287 781 406 813 Judaeos,
422 789 503 816 quem
523 780 595 809 Deus
616 785 679 808 ante
697 789 803 808 omnem
820 789 876 808 rem
898 788 975 808 crea—

188 831 243 854 tam
257 826 395 861 genuerit?
416 825 480 853 Item
498 833 563 854 vero
579 834 641 853 cum
657 825 729 854 Deus
742 826 776 853 de
789 826 894 853 Adamo
913 827 951 853 ait
965 836 972 854 ς

1029 244 1140 262 πτουοιν
1163 235 1285 262 ἐντεῦθεν
1307 236 1508 271 ὼφέλεια.”οτι
1528 237 1689 272 προαιώνιος
1711 238 1725 264 6
1746 239 1816 271 Υἱὸς

1028 279 1075 306 καὶ
1090 280 1176 314 Λόγος
1191 280 1238 307 τοῦ
1256 279 1324 307 Θεοῦ
1350 281 1393 307 ἐπ’
1407 281 1529 316 ἐσχάτων
1550 282 1700 316 σαρκωοεὶς
1714 284 1746 309 ἐκ
1762 284 1815 310 τοῦ

1029 325 1068 360 ρΘ¹
1082 325 1189 360 ψαλμοῦ
1200 334 1206 341 ’
1227 335 1236 352 «
1251 325 1298 353 Ἐκ
1314 327 1430 362 γαστρὸς
1454 327 1507 362 πρὸ
1528 328 1664 363 ἑωσφόρον
1678 329 1816 363 ἐγέννησά

1028 378 1069 397 σε.
1085 380 1095 396 θ
1110 371 1227 406 Εὔδηλον
1241 371 1279 403 δὲ,
1297 372 1336 398 ὅτι
1351 372 1438 403 οὐδεὶς
1463 372 1612 407 ἀνθρώπων
1633 373 1685 408 πρὸ
1704 374 1814 408 ἑωσφό-

1028 425 1076 452 ρου
1088 416 1228 452 ἐγεννήθη.
1245 417 1273 444 Ὁ
1285 417 1338 453 γὰρ
1357 418 1493 453 ἑωσφόρος
1505 420 1538 453 τῇ
1548 418 1568 445 δ’
1583 419 1673 454 ἡμέρᾳ
1686 420 1811 454 ἐγένετο·

1027 463 1041 488 6
1059 463 1086 489 δὲ
1104 463 1188 498 ’Λδὰμ
1209 465 1242 498 τῇ
1261 467 1286 495 ς’
1298 464 1390 499 ἡμέρᾳ
1414 463 1546 499 ἐπλάσθη.
1565 465 1700 496 Ὡσαύτως
1718 465 1745 491 δὲ
1762 466 1816 492 καὶ

1028 508 1152 544 Σολομὼν
1164 510 1228 544 περὶ
1243 509 1292 544 τῆς
1310 509 1362 545 πρὸ
1375 509 1480 536 αἰώνων
1500 511 1531 537 ἐκ
1550 510 1617 536 Θεοῦ
1636 511 1684 536 καὶ
1702 511 1816 546 Πατρὸς

1027 554 1177 589 γεννήσεως
1201 555 1248 581 τοῦ
1272 554 1430 590 μονογενοῦς
1450 555 1514 582 Υὶοῦ
1535 557 1581 582 καὶ
1603 556 1690 590 Λόγου
1705 557 1814 592 Κυρίου

1027 599 1104 633 ήμῶν
1128 599 1215 634 Ἰησοῦ
1235 600 1353 635 Χριστοῦ
1368 600 1440 627 οὕτω
1459 601 1551 636 φησὶν,
1563 601 1600 632 ὡς
1617 603 1648 628 ἐκ
1662 602 1814 637 προσώπου

1026 643 1074 670 τοῦ
1094 644 1156 671 Υἱοῦ
1173 645 1270 671 αὑτοῦ·
1288 655 1297 671 «
1318 645 1376 681 Πρὸ
1390 645 1437 672 τοῦ
1453 647 1502 682 ὅρη
1518 647 1675 682 γενηθῆναι,
1692 647 1745 683 πρὸ
1760 648 1812 674 τοῦ

1025 690 1075 722 τὰς
1086 691 1175 725 πηγάς
1191 691 1341 727 προελθεῖν,
1364 693 1417 728 πρὸ
1432 692 1460 719 δὲ
1483 693 1590 720 πάντων
1611 694 1712 729 βουνῶν
1725 695 1812 730 γεννᾷ

1027 744 1072 770 με.
1085 746 1094 762 ι
1113 737 1278 772 Ἐρωτητέον
1299 735 1346 764 οὖν
1372 738 1463 765 λοιπὸν
1483 739 1528 765 τὸν
1557 739 1691 771 Ἰουδαῖον,
1714 740 1776 767 τξνα
1794 741 1810 766 6

1025 780 1090 813 Θεὸς
1102 783 1154 817 πρὸ
1168 783 1258 819 πάσης
1274 783 1389 816 κτίσεως
1405 784 1566 820 ἐγέννησεν;
1587 786 1701 821 Ὁμοίως
1718 786 1746 813 δὲ
1760 787 1811 814 καὶ

1024 826 1055 853 τὸ
1068 829 1154 855 εἰπεῖν
1165 829 1210 856 τδν
1223 829 1289 856 Θεὸν
1302 831 1365 866 περὶ
1378 830 1426 856 τοῦ
1443 831 1538 866 Ἀδὰμ,
1548 831 1588 858 ὃτι
1605 841 1614 857 «
1635 832 1700 859 Ἰδοὺ
1720 833 1810 868 Ἀδὰμ

190 881 200 898 «
218 871 287 899 Ecce
301 870 386 898 Adam
409 870 496 898 iactus
522 875 565 899 est
589 871 662 898 velut
679 879 749 898 unus
773 879 805 898 ex
828 871 908 898 nobis
921 873 943 904 ',
958 881 968 898 ι

1024 873 1130 908 γέγονεν
1137 874 1174 907 ὡς
1181 873 1220 906 εἷς
1230 876 1258 908 ἐξ
1266 876 1355 911 ἡμῶν,
1368 886 1377 902 ι
1388 877 1496 912 Πατέρα
1507 878 1553 903 καὶ
1567 877 1629 904 Υἱδν
1640 878 1687 904 καὶ
1695 878 1810 914 Πνεῦμα.

187 918 296 944 Patrem
319 921 346 944 et
367 915 464 944 Filium
486 920 513 944 et
539 916 671 952 Spiritum
701 921 826 944 sanctum
857 917 968 944 indicat.

187 961 255 990 Cum
275 962 374 997 pariter
388 962 512 989 dicitur:
532 972 541 988 «
567 962 640 989 Pluit
659 962 790 989 Dominus
815 969 831 988 a
856 961 971 990 Domino

187 1007 277 1044 ignem
306 1015 388 1043 super
407 1007 565 1040 Sodomam,
582 1008 592 1023 ³
608 1017 617 1034 ι
638 1007 717 1035 Pater
736 1012 763 1036 et
778 1007 864 1035 Filius
880 1012 972 1043 aperte

187 1053 367 1088 signiﬁcatur.

219 1099 246 1136 5".
260 1097 338 1131 Quod
351 1101 443 1125 autem
456 1097 527 1126 Deus
545 1097 665 1126 Verbum
684 1098 765 1126 homo
779 1103 807 1126 et
822 1106 888 1126 caro
907 1098 972 1126 ulti-

186 1143 240 1171 mis
254 1144 422 1178 temporibus
438 1143 496 1171 (ieri
517 1144 653 1176 debuerit,
674 1144 818 1171 audiamus
836 1144 862 1171 id
878 1152 894 1170 a
909 1152 972 1179 pro-

187 1189 276 1224 phetis
293 1189 406 1216 dictum.
424 1190 518 1224 Itaque
530 1190 569 1217 sic
581 1190 620 1216 ait
636 1189 769 1224 propheta
790 1189 885 1222 David,
906 1189 972 1216 «Be-

186 1234 311 1262 nedictus
325 1235 370 1269 qui
387 1235 461 1262 venit
477 1236 505 1262 in
520 1236 629 1263 nomine
650 1235 775 1269 Domini;
792 1235 863 1264 Deus
880 1235 972 1262 Domi-

187 1289 250 1312 nus,
260 1284 287 1307 et
301 1281 427 1316 apparuit
436 1281 554 1309 nobis‘.»
565 1282 598 1308 Et
607 1290 714 1315 rursus,
727 1282 814 1310 «Deus
826 1282 972 1310 manifeste

185 1327 314 1353 veniet'a
340 1326 425 1354 lsaias
443 1327 509 1354 item
534 1328 571 1354 ita
594 1328 737 1362 loquitur:
759 1327 834 1354 «Non
858 1328 972 1362 angelus

186 1379 276 1406 neque
291 1372 409 1408 legatus,
427 1372 475 1400 sed
495 1372 554 1408 ipse
575 1372 707 1400 Dominus
723 1373 814 1400 veniet
830 1377 857 1400 et
880 1373 972 1400 salvos

186 1426 238 1446 nos
257 1418 349 1446 faciet.
365 1418 443 1445 Tunc
457 1419 614 1454 aperientur
629 1419 701 1446 oculi
722 1427 867 1451 cmcorum,
885 1424 912 1447 et
925 1427 972 1447 ex-

187 1462 278 1498 pedita
293 1463 344 1490 erit
361 1463 452 1499 lingua
466 1463 606 1491 balborum
626 1473 632 1490 :
650 1467 716 1491 tunc
738 1463 853 1491 claudus
868 1469 898 1491 ut
912 1471 972 1492 cer-

186 1516 238 1537 vus
251 1509 369 1537 salietM
387 1509 529 1537 Christum
540 1510 604 1537 item
620 1517 653 1537 ex
678 1508 779 1540 femina
794 1510 901 1545 virgine
923 1518 971 1545 ge-

186 1553 338 1582 nerandum
349 1561 411 1582 esse
419 1554 563 1582 audiamus
573 1562 607 1581 ex
619 1553 663 1581 bis
676 1553 754 1581 Isaia:
763 1554 900 1588 propheta:
911 1562 972 1581 ver-

186 1600 229 1627 bis
249 1609 255 1627 :
275 1599 360 1627 «Ecce
377 1600 455 1635 virgo
468 1601 616 1635 concipiet,
631 1604 657 1627 et
668 1600 756 1635 pariet
770 1600 868 1634 lilium,
883 1604 910 1628 et
925 1608 972 1627 vo-

186 1643 288 1671 cabunt
298 1651 396 1671 nomen
403 1644 427 1679 ej
433 1652 463 1672 us
470 1644 652 1672 Emmanuel’.
660 1654 668 1670 ι
680 1644 753 1672 Idem
765 1652 874 1677 rursus,
885 1655 894 1670 «
901 1644 972 1672 Puer

187 1694 270 1716 nutus
292 1694 335 1716 est
349 1689 441 1722 nobis,
459 1693 485 1716 et
509 1689 583 1716 [ilius
601 1689 682 1717 datus
696 1693 739 1717 est
757 1690 836 1718 nobis
848 1699 856 1724 ;
870 1695 898 1718 et
922 1698 972 1718 vo-

187 1735 294 1762 cabitur
308 1742 408 1762 nomen
437 1735 498 1769 ejus
517 1734 605 1770 Magni
619 1735 729 1762 consilii
745 1736 868 1771 angelus,
883 1736 971 1764 admi-

187 1781 292 1812 rabilis,
306 1780 492 1813 consiliarius,
506 1779 577 1808 Deus
598 1780 687 1814 l'ortis,
709 1785 816 1815 potens,
841 1781 970 1816 princeps

187 1826 274 1860 pacis,
288 1829 364 1860 pater
378 1825 463 1852 futuri
474 1825 596 1852 saeculi".
611 1835 620 1850 ι
636 1825 738 1852 Deinde
754 1825 825 1852 idem
838 1826 968 1860 propheta

188 1871 276 1897 locum
292 1871 381 1905 ipsum
401 1870 514 1902 indicat.
527 1870 573 1896 ubi
587 1870 613 1896 in
629 1870 711 1897 terris
727 1870 854 1898 Christus
878 1871 969 1898 incar-

187 1916 295 1943 nandns
306 1920 375 1948 erat,
391 1923 487 1951 nempe
506 1915 650 1944 Nazaretli.
672 1915 773 1943 «Terra
793 1915 924 1949 Zabulon,
944 1922 971 1945 ct

191 1967 264 1989 terra
278 1961 462 1996 Nephthalim,
474 1962 516 1989 via
531 1962 626 1993 maris,
645 1965 722 1988 trans
737 1960 895 1993 Jordanem,
915 1961 970 1989 Ga-

187 2007 257 2034 lihea
280 2006 401 2042 gentium
416 2016 422 2033 :
437 2007 554 2041 populus
577 2006 624 2041 qui
651 2006 678 2032 in
704 2005 823 2033 tenebris
847 2005 969 2039 sedebat,

187 2052 255 2079 vidit
270 2052 357 2079 lucem
372 2051 536 2086 magnam’.)
551 2050 631 2078 Patet
649 2054 739 2078 autem
757 2050 886 2086 populum
905 2058 970 2086 gen-

187 2098 266 2131 tium,
290 2097 317 2124 in
333 2096 450 2124 tenebris
476 2096 644 2131 ignorantiae,
657 2096 758 2124 erroris
771 2100 797 2124 et
812 2096 970 2124 idololatriae

187 2143 302 2170 sedisse.
311 2141 388 2170 Unde
395 2142 481 2170 David
491 2141 594 2170 docens
606 2141 689 2169 Deum
700 2142 898 2170 incarnandum
908 2151 970 2171 esse

185 2193 297 2224 propter
305 2193 410 2224 gentes,
423 2189 471 2221 ait,
485 2188 633 2223 «Regnavit
645 2187 716 2215 Deus
728 2195 811 2223 super
819 2188 966 2223 gentes‘h
984 2205 1006 2232 Β

188 2235 260 2262 Idem
272 2238 404 2269 praeterea
417 2234 549 2269 propheta
561 2240 691 2268 tanquam
705 2242 737 2261 ex
748 2241 866 2269 persona
880 2234 968 2263 Patris

186 2281 219 2307 ad
233 2279 333 2307 Filium
348 2281 386 2308 ait
401 2290 408 2308 :
427 2279 555 2308 «Postula
569 2287 585 2307 a
600 2287 654 2313 me,
672 2284 699 2308 et
717 2280 789 2308 dabo
811 2280 859 2308 tibi
874 2284 969 2316 gentes

185 2325 508 2354 heereditatemtuam“.i
527 2324 595 2353 Hinc
605 2325 698 2359 etiam,
722 2325 838 2354 «Omnes
862 2331 968 2362 gentes,

185 2372 305 2406 plaudite
326 2372 503 2400 manibus‘h
528 2371 562 2398 Et
586 2378 694 2400 rursus.
721 2371 836 2400 «Omnes
863 2376 967 2408 gentes,

184 2426 362 2453 quascunque
382 2418 481 2450 fecisti,
497 2417 606 2445 venient
618 2422 646 2446 et
659 2418 814 2446 adorabunt
825 2426 917 2446 coram
931 2423 968 2451 te,

184 2462 309 2496 Domine,
318 2463 543 2500 etglorilicabunt
553 2471 651 2491 nomen
659 2467 736 2490 tuum
747 2463 774 2490 in
784 2463 948 2491 saeculum".
957 2474 966 2490 ι

1022 917 1097 952 ἅγιον
1108 919 1191 954 δηλοῖ.
1207 920 1261 947 Καὶ
1280 920 1360 947 πάλιν
1375 921 1406 947 τὸ
1424 922 1522 953 εἰπεῖν,
1538 922 1579 948 ὅτι
1592 931 1601 948 ‹
1616 923 1729 958 Ἐδρεξε
1747 923 1808 950 Κύ-

1023 972 1080 999 ριος
1095 964 1171 1000 παρὰ
1184 966 1286 1001 Κυρίου
1300 966 1354 1002 πῦρ
1368 967 1415 993 ἐπὶ
1435 967 1549 1002 Σόδομα,
1567 977 1577 994 ι
1588 967 1732 1004 προφανῶς
1750 969 1809 995 Πα-

1021 1009 1087 1044 τέρα
1097 1010 1144 1036 καὶ
1158 1010 1220 1038 Υἰὺν
1233 1011 1370 1047 σημαίνει.

1055 1085 1083 1113 5.
1107 1087 1166 1114 Ὅτι
1180 1087 1209 1114 δὲ
1220 1088 1426 1124 ἐνανθρωπῆσαι
1445 1089 1492 1116 καὶ
1509 1089 1674 1125 σαρκοῦσθαι
1697 1090 1740 1117 ἐπ’
1757 1091 1806 1117 ἐσ-

1021 1132 1110 1167 χάτων
1128 1132 1182 1159 τῶν
1195 1134 1305 1169 ἡμερῶν
1328 1134 1439 1169 ἔμελλεν
1454 1135 1469 1161 6
1485 1135 1550 1166 Θεὸς
1563 1135 1658 1170 Λόγος,
1680 1136 1806 1163 ἀκούσω-

1022 1186 1073 1213 μεν
1084 1178 1136 1204 τῶν
1151 1179 1298 1214 προφητῶν
1309 1180 1359 1211 τὰς
1374 1180 1465 1214 φωνάς
1479 1181 1620 1216 λεγόντων,
1645 1181 1692 1208 τοῦ
1713 1182 1808 1217 μέντοι

1021 1225 1160 1260 προφήτου
1191 1225 1291 1251 Δαϐίδ¹
1318 1236 1326 1251 «
1347 1226 1533 1262 Εὐλογημένος
1562 1228 1576 1254 6
1607 1228 1753 1263 ἐρχόμενος
1775 1229 1807 1255 ὲν

1021 1271 1132 1306 ὀνόματι
1147 1271 1250 1307 Κυρίου
1263 1281 1270 1287 ·
1284 1272 1349 1304 Θεὸς
1364 1272 1476 1308 Κύριος,
1490 1274 1536 1300 καὶ
1545 1274 1679 1308 ὲπέφανεν
1695 1275 1760 1310 ἡμῖν
1770 1283 1779 1289 ³
1793 1284 1804 1300 ι

1022 1318 1069 1344 καὶ
1085 1316 1181 1345 πάλιν·
1201 1327 1210 1343 «
1237 1317 1265 1345 Ὁ
1281 1318 1347 1350 Θεὸς
1363 1318 1492 1354 ἐμφανῶς
1503 1318 1577 1354 ἧξεν
1600 1329 1609 1346 ι
1628 1320 1675 1347 τοῦ
1689 1320 1717 1347 δὲ
1735 1329 1806 1356 προ-

1021 1363 1105 1398 φήτου
1133 1358 1260 1390 Ίῐσαῖουέ
1285 1373 1294 1389 «
1308 1365 1364 1391 Οὐκ
1385 1365 1499 1399 ἄγγελος
1522 1365 1582 1392 οὐδὲ
1598 1366 1728 1402 πρέσϐυς,
1747 1367 1807 1393 ἀλλ’

1021 1408 1102 1440 αὐτὸς
1116 1409 1130 1435 6
1143 1408 1245 1444 Κύριος
1258 1409 1318 1444 ἥξει
1334 1410 1382 1436 καὶ
1397 1409 1478 1437 σώσει
1491 1412 1574 1446 ἡμᾶς.
1589 1411 1654 1438 Τότε
1669 1411 1808 1447 ὀφθαλμοὶ

1021 1455 1126 1489 τυφλῶν
1140 1456 1357 1492 ἀνοιχϐήσονται,
1369 1457 1417 1483 καὶ
1432 1457 1515 1493 τρανὴ
1531 1457 1607 1484 ἔσται
1624 1457 1733 1492 γλῶσσα
1757 1467 1808 1493 μο-

1021 1500 1137 1534 γιλάλων
1148 1502 1208 1528 τότε
1224 1503 1238 1528 6
1251 1502 1337 1537 χωλὸς
1347 1503 1384 1534 ὡς
1395 1502 1492 1537 ἔλαφος
1504 1503 1617 1531 ἁλείται.
1636 1514 1645 1529 ι
1662 1505 1722 1531 Ὅτι
1733 1505 1762 1531 δὲ
1774 1505 1809 1531 ἐκ

985 1539 1005 1567 C
1021 1547 1150 1580 γυναικὸς
1173 1547 1306 1583 παρθένου
1323 1547 1484 1584 γεννηθῆναι
1508 1550 1522 1575 6
1543 1550 1660 1585 Χριστὸς
1680 1550 1806 1585 ἔμελλεν,

1027 1591 1138 1618 Ἡσαΐου
1159 1593 1205 1619 τοῦ
1230 1594 1368 1630 προφήτου
1383 1593 1463 1620 πάλιν
1480 1594 1640 1631 ἀκούσωμεν
1663 1595 1806 1629 λέγοντος·

1024 1647 1033 1664 «
1055 1639 1119 1665 Ἰδοὺ
1135 1641 1151 1674 ἡ
1169 1639 1302 1675 παρθένος
1317 1641 1345 1667 ἐν
1360 1641 1458 1677 γαστρὶ
1474 1640 1539 1673 ἕξει,
1552 1641 1599 1668 καὶ
1617 1641 1723 1673 τέξεται
1738 1641 1806 1674 υἱὸν,

1021 1685 1068 1711 καὶ
1088 1685 1231 1712 καλέσουσι
1256 1686 1287 1712 τὸ
1307 1686 1394 1722 ὄνομα
1415 1686 1497 1713 αὐτοῦ
1520 1687 1710 1722 Ἐμμανουήλ·
1730 1697 1740 1713 ι
1759 1688 1808 1714 καὶ

1021 1729 1102 1756 πάλιν
1118 1731 1132 1757 6
1148 1731 1246 1763 αὐτός’
1273 1740 1282 1757 «
1302 1732 1411 1758 Παιδίον
1435 1733 1570 1768 ἐγεννήθη
1592 1734 1669 1769 ἡμῖν,
1687 1733 1745 1765 υἱὸς
1760 1734 1809 1760 καὶ

1022 1775 1098 1811 ἐδόθη
1121 1776 1197 1810 ἡμῖν,
1220 1777 1267 1803 καὶ
1290 1777 1411 1804 καλεῖται
1431 1777 1462 1804 τὸ
1481 1778 1567 1813 ὄνομα
1579 1778 1660 1805 αὐτοῦ
1677 1778 1809 1813 Μεγάλης

1021 1820 1116 1856 βουλῆς
1131 1821 1255 1856 ἄγγελος,
1274 1821 1440 1858 θαυμαστὸς,
1463 1823 1623 1859 σύμϐουλος,
1646 1824 1712 1856 Θεὸς
1733 1825 1808 1860 ισχυ-

1022 1866 1078 1902 ρὸς,
1099 1867 1284 1903 ὲξουσιαστὴς,
1305 1868 1397 1904 ἄρχων
1417 1869 1538 1905 εἰρήνης,
1562 1870 1654 1905 πατὴρ
1674 1869 1720 1896 τοῦ
1742 1870 1808 1905 μὲλ-

1020 1913 1109 1944 λοντος
1125 1913 1222 1944 αἰῶνος
1235 1932 1242 1939 .
1263 1922 1273 1938 ι
1291 1911 1358 1940 Εἶτα
1373 1914 1387 1939 6
1405 1914 1487 1946 αὐτὸς
1508 1915 1651 1950 προφήτης
1667 1915 1740 1948 λέγει
1760 1916 1808 1942 καὶ

1019 1958 1059 1991 τὸ,
1076 1957 1127 1984 ποῦ
1145 1957 1235 1993 μέλλει
1248 1957 1294 1984 ἐπὶ
1308 1958 1360 1992 γῆς
1377 1957 1543 1994 σαρκοῦσθαι
1556 1959 1571 1985 6
1584 1959 1712 1994 Χριστὸς,
1729 1967 1808 1985 τουτ-

1020 2004 1093 2030 έστιν
1114 2005 1143 2031 ὲν
1162 2004 1290 2040 Ναζαρέθ
1304 2025 1310 2031 .
1327 2013 1337 2030 «
1352 2003 1391 2039 Γῆ
1409 2003 1552 2030 Ζαϐουλὼν
1574 2005 1620 2030 καὶ
1640 2004 1674 2039 γῆ
1696 2003 1807 2038 Νεφθα-

1019 2051 1092 2087 λεὶμ,
1117 2051 1176 2083 ὁδὸς
1193 2051 1329 2086 θαλάσσης
1351 2050 1436 2086 πέραν
1454 2049 1502 2076 τοῦ
1520 2050 1663 2086 Ἰορδάνου,
1676 2049 1805 2075 Γαλιλαία

1018 2097 1072 2124 τῶν
1087 2097 1186 2124 ὲθνῶνυ
1202 2098 1216 2123 6
1232 2097 1294 2129 λαὸς
1307 2097 1320 2123 6
1335 2096 1489 2132 καθήμενος
1513 2096 1542 2122 ὲν
1563 2095 1651 2122 σκότει
1671 2094 1728 2130 φῶς
1751 2092 1806 2122 εἶδε

1021 2144 1102 2179 μέγα.
1119 2153 1128 2170 ι
1146 2143 1280 2179 Πρόδηλον
1299 2143 1337 2175 δὲ,
1361 2143 1404 2170 ὃτι
1426 2143 1481 2170 τῶν
1500 2142 1585 2170 ἐθνῶν
1605 2141 1670 2172 λαὸς
1687 2140 1808 2176 ἐκάθητο

1020 2191 1048 2216 ὲν
1064 2190 1154 2217 σκότει
1168 2189 1218 2224 τῆς
1227 2189 1376 2223 ἀγνωσίας,
1388 2189 1501 2224 πλάνης,
1513 2189 1560 2216 καὶ
1572 2187 1805 2222 εἰδωλολατρείας.

1021 2237 1066 2264 Διὸ
1082 2237 1130 2264 καὶ
1148 2237 1164 2263 6
1181 2236 1274 2266 Δαῧὶδ.
1299 2235 1415 2267 δεικνὺς,
1435 2235 1475 2261 ὅτι
1495 2234 1539 2260 διὰ
1560 2233 1595 2260 τὰ
1614 2232 1678 2268 ἔθνη
1705 2233 1719 2259 6
1739 2232 1806 2264 Θεὸς

1022 2281 1187 2317 σαρκοῦσϐαι
1197 2280 1319 2316 ἔμελλεν,
1330 2279 1432 2314 ἔλεγενθ
1445 2288 1454 2305 «
1466 2278 1653 2306 Ἐὗασίλευο-εν
1664 2277 1752 2309 ὁΘεὺς
1759 2277 1806 2303 ἐπὶ

1020 2328 1054 2354 τά
1062 2327 1135 2362 ἔθνη,
1147 2336 1156 2352 ι
1167 2326 1222 2353 Καὶ
1240 2326 1321 2353 πάλιν
1336 2327 1351 2352 ὁ
1367 2325 1448 2357 αὐτὸς
1459 2325 1602 2361 προφήτης
1612 2324 1650 2354 ὠς
1669 2325 1701 2350 ἐκ
1717 2331 1804 2359 προσ-

1021 2372 1096 2400 ώπου
1107 2372 1154 2399 τοῦ
1169 2372 1275 2408 Πατρὸς
1297 2371 1366 2407 πρδς
1389 2371 1434 2398 τὸν
1453 2371 1517 2397 Υἱόν
1536 2379 1635 2405 φησιν’
1663 2380 1672 2395 «
1690 2370 1805 2404 Αἴτησον

1021 2419 1086 2454 παρ’
1111 2417 1190 2454 ἐμοῦ,
1213 2418 1260 2444 καὶ
1285 2417 1364 2445 δώσω
1389 2425 1431 2444 σοι
1453 2416 1516 2452 ἔθνη
1545 2416 1595 2452 τὴν
1624 2415 1805 2450 κληρονομίαν

1022 2473 1067 2491 σου
1078 2474 1086 2480 -
1100 2474 1108 2489 ι
1122 2465 1162 2491 διὸ
1175 2464 1222 2491 καὶ
1241 2474 1250 2490 «
1261 2464 1353 2491 Πάντα
1366 2462 1401 2490 τά
1415 2463 1491 2498 ἔθνη,
1500 2463 1652 2498 κροτήσατε
1670 2461 1764 2496 χεῖρας
1773 2469 1780 2476 ·
1792 2469 1802 2486 ι

186 2509 233 2536 καὶ
245 2509 340 2535 πάλιν·
360 2518 369 2535 ‹
384 2508 477 2535 Πάντα
489 2508 523 2535 τὰ
536 2508 610 2545 ἔθνη,
624 2509 673 2536 ὅσα
698 2509 838 2545 ἐποίησας,
860 2509 966 2544 ἥξουσι,
984 2512 1031 2538 καὶ
1050 2511 1284 2548 προσκύνησουσιν
1305 2509 1421 2538 ἐνώπιόν
1443 2517 1501 2543 σου,
1520 2509 1617 2545 Κύριε,
1650 2509 1698 2536 καὶ
1730 2507 1806 2540 δοξά-

186 2564 260 2582 σουσι
275 2556 305 2582 τὸ
320 2556 406 2592 ὄνομά
419 2565 464 2583 σου
481 2557 520 2588 εἰς
533 2557 578 2583 τὸν
594 2556 691 2584 αἰῶνα.

221 2603 246 2630 ϐ.
268 2603 346 2636 Quod
361 2607 452 2630 autem
464 2603 491 2630 in
502 2603 660 2631 Bethlehem
685 2603 770 2639 (quod
781 2608 833 2637 est,
847 2604 871 2632 si
884 2605 970 2632 inter-

184 2649 311 2683 preteris,
328 2648 426 2676 Domus
441 2649 528 2683 panis)
545 2649 701 2677 nasciturus
720 2655 778 2678 erat
797 2651 876 2686 panis
894 2650 968 2684 vitae,

220 2759 241 2775 "
260 2759 332 2788 Psal.
350 2768 410 2792 crx,
430 2761 456 2787 5.
495 2762 504 2777 ⁸
524 2761 605 2788 Prov.
625 2769 688 2792 vut,
704 2761 749 2789 25.
777 2756 797 2777 “
817 2761 883 2790 Gen.
903 2770 952 2795 ιιι,
969 2763 1014 2790 22.

1059 2606 1086 2634 6.
1108 2605 1169 2632 Ὀτι
1192 2604 1219 2631 δὲ
1240 2605 1268 2630 ὲν
1294 2602 1418 2638 Βηθλεὲμ
1439 2603 1510 2638 (ἥτις
1526 2601 1806 2638 ὲρμηνεύεταιποτκος

1023 2650 1075 2678 τοῦ
1089 2650 1203 2685 ἄρτου),
1216 2648 1311 2685 ἔμελλε
1328 2648 1456 2683 γενέσθαι
1473 2649 1486 2674 6
1500 2648 1582 2682 ἄρτος
1596 2648 1646 2683 τῆς
1661 2647 1745 2684 ζωῆς,
1760 2648 1805 2677 καὶ

1067 2763 1077 2778 ³
1095 2761 1161 2789 Gen.
1182 2769 1243 2793 nx,
1262 2761 1308 2788 24.
1356 2760 1367 2776 ⁸
1387 2759 1460 2788 Psal.
1477 2767 1567 2794 cxvu,
1584 2759 1646 2794 26.7
1683 2759 1695 2775 ⁸
1713 2757 1786 2786 Psal.

184 2801 264 2832 {LI}.
277 2795 303 2832 ξ».
341 2795 351 2809 ⁸
367 2795 423 2832 lsa.
435 2796 602 2832 xxxii/L65.
641 2797 648 2811 ⁷
668 2797 719 2824 lsa.
731 2804 790 2832 rvn,
808 2798 850 2825 14.
891 2798 900 2814 ⁸
917 2793 970 2826 lsa.
989 2806 1015 2825 ix
1030 2818 1037 2832 ,
1056 2798 1082 2824 6.
1121 2799 1131 2814 '
1149 2797 1215 2824 ibid.
1235 2798 1260 2824 l.
1300 2797 1321 2812 ‘°
1339 2795 1412 2824 Psal.
1427 2802 1508 2829 XLVI,
1526 2796 1554 2823 8.
1593 2796 1613 2811 “
1633 2793 1706 2824 Psal.
1723 2801 1761 2827 ιι,
1774 2796 1800 2821 8.

186 2830 207 2844 “
225 2828 296 2857 Psal.
315 2838 375 2857 aut
387 2851 395 2863 ,
414 2831 437 2857 ι.
477 2831 498 2846 ⁸³
517 2830 588 2858 Psal.
607 2839 707 2864 Luxv,
724 2831 748 2858 9.
