1924 3059
111 178 166 207 689

637 183 874 217 QUESTIONES
892 184 939 211 AD
957 183 1160 212 ANTIOCIIUM
1178 185 1304 213 DUCEM.

1693 189 1746 217 690

97 226 154 283 ῗδτι
171 239 333 275 προαιώνιός
346 242 419 268 ἐστιν
434 243 450 277 ἡ
465 243 498 269 ἑκ
520 243 567 270 τοῦ
584 243 791 279 Πατρὸς.αὑτοῦ
811 244 907 281 γέννη-

962 245 1088 280 quodque
1103 250 1167 273 ante
1182 247 1281 273 saecula
1303 245 1340 274 sit
1359 246 1419 281 ejus
1440 254 1472 274 ex
1496 247 1574 275 Patre
1595 249 1745 283 generatio,

113 293 167 316 σις,
189 285 424 321 ἁκούσωμεν,τοῦ
449 289 589 324 προφήτου
614 289 732 325 Μιχαίου
756 290 901 325 λέγοντος·

115 340 125 357 «
145 332 200 358 Καὶ
216 333 259 364 σὺ,
280 333 415 369 Βηθλεὲμ,
433 332 506 366 οἶκος
522 335 568 362 τοῦ
596 336 730 372 Ἐφραθὰ,
755 336 792 372 μὴ
816 337 905 371 ὀλιγο-

115 377 177 410 στὸς
194 375 219 404 εἴ
238 377 284 405 τοῦ
309 377 378 406 εἴναι
400 381 428 407 ἐν
447 381 564 416 χιλιάσιν
585 382 687 408 Ἰούδα·
713 383 760 409 Ἐκ
784 382 829 409 σοῦ
850 383 905 419 γάρ

116 431 161 458 μοι
178 423 402 455 ἐξελεύσεταιτοῦ
417 424 486 453 εἶναι
497 427 537 458 είς
547 427 664 462 ἄρχοντα
681 429 710 454 ὲν
724 428 764 463 τῷ
783 428 903 464 Ἰσραὴλ,

114 469 164 496 καὶ
182 469 270 501 ἔξοδος
290 471 372 497 αὑτοῦ
398 471 445 497 ἀπ’
470 472 558 508 ἀρχῆς
583 473 613 506 ἐξ
630 474 740 510 ἡμερῶν
765 474 873 506 αἰῶνος.
892 483 903 500 ι

115 514 178 541 Ὅτι
195 515 223 541 δὲ
245 517 273 541 ἐν
290 516 358 542 Σιὼν
372 517 463 552 μέλλει
479 518 661 554 φανεροῦσθαι
683 521 698 546 ὁ
714 520 842 555 Χριστὸς,
858 520 907 547 καὶ

115 561 157 588 ὅτι
171 561 302 596 ’Ύψιστός
314 564 382 595 ἐστι,
400 564 483 590 Aucta
498 565 512 590 ὁ
527 566 670 600 προφήτης
682 567 710 592 ὲν
725 566 763 601 τῷ
774 569 822 598 υπς’
839 566 907 601 ψαλ-

117 607 161 642 μῷ
180 608 251 635 οὕτω
271 609 437 644 προφητεύει
458 609 546 644 λέγων
560 619 567 626 ο
593 621 602 636 «
618 612 717 648 Μήτηρ
745 611 814 639 Σιὼν
838 613 905 649 ἐρεῖ,

117 654 279 689 ’Ἀνθρωπος
293 655 340 682 καὶ
357 656 499 692 ἅνθρωπος
511 658 642 694 ἐγεννήθη
653 659 682 685 ὲν
701 659 780 694 αὐτῇ,
797 659 843 686 καὶ
858 660 906 686 αὐ-

115 699 162 731 τὸς
185 699 366 734 ὲθεμελίωσεν
398 701 483 737 αὐτὴν
511 703 525 728 ό
547 703 689 737 ’Ύψιστος
712 713 721 729 ι
751 704 833 730 ’Ὥστε
861 702 908 731 οὖν

116 747 229 781 suam;
249 748 322 774 ἐστιν
343 749 356 774 ὁ
373 748 489 783 Χριστὸς
510 750 524 776 ὁ
546 749 611 781 Υἱὸς
633 749 681 776 τοῦ
702 749 780 777 Θεοῦ.
797 751 858 777 ’Ότι
880 751 909 777 δὲ

115 793 222 829 τεχθεὶς
242 795 256 820 ὁ
274 794 392 829 Χριστὸς
421 795 517 830 ἔμελλε
543 795 613 830 μετὰ
639 796 689 831 τῆς
714 796 780 828 ἰδίας
805 797 909 832 μητρὸς

114 838 167 873 τῆς
193 840 381 875 πνευματικῆς
407 839 523 875 νεφέλης
543 833 670 876 ἔρχεσθαι
696 841 736 872 εἰς
761 841 909 875 Αἴγυπτον.

121 884 234 911 Ἡσαΐου
248 884 295 910 τοῦ
315 885 452 920 προφήτου
474 886 634 921 ἀκούσωμεν
647 886 787 920 λέγοντος·
810 896 819 912 «
844 886 908 913 Ἰδοὺ

956 291 1102 319 audiamus
1126 291 1264 319 Michasam
1280 293 1440 327 prophetam
1457 293 1604 326 dicentem,
1634 294 1682 321 «Et
1705 300 1745 330 tu,

957 336 1125 369 Bcthlehem,
1150 337 1247 365 domus
1263 337 1411 372 Ephratha,
1434 346 1489 365 non
1514 339 1628 365 minima
1655 347 1685 366 es
1719 339 1747 367 in

956 384 1077 411 millibus
1093 383 1163 411 Juda
1180 394 1186 411 :
1206 392 1238 411 ex
1254 389 1279 412 te
1291 385 1364 412 enim
1379 385 1445 412 mihi
1465 386 1628 421 egredietur,
1646 386 1692 421 qui
1711 387 1756 423 sit;

956 430 1113 457 dominator
1127 431 1154 457 in
1173 429 1266 461 Israel,
1285 434 1312 458 et
1330 439 1457 466 egressus
1473 432 1532 467 ejus
1556 433 1590 460 ab
1604 433 1693 465 initio,
1713 441 1747 461 ex

956 475 1054 502 diebus
1065 476 1190 502 saeculi“.
1200 486 1208 502 ι
1221 476 1299 508 Quod
1314 477 1378 503 item
1389 477 1417 503 in
1429 477 1494 504 Sion
1501 477 1628 506 Christus
1637 478 1748 514 appari-

957 525 1036 548 turus
1052 526 1136 553 esset,
1149 525 1175 549 et
1191 522 1264 556 quod
1281 522 1340 557 ipse
1354 522 1390 550 sit
1401 522 1570 556 Altissimus,
1584 523 1671 551 David
1682 531 1749 559 pro-

957 567 1038 602 pheta
1053 567 1158 602 psalmo
1174 568 1340 603 octogesimo
1360 571 1438 595 sexto
1451 568 1494 596 his
1514 569 1606 596 verbis
1631 569 1750 604 prophe-

958 615 997 638 tat
1016 621 1023 639 :
1042 612 1145 640 «Mater
1159 612 1224 640 Sion
1240 613 1323 646 dicet,
1339 612 1425 640 Homo
1441 618 1468 641 et
1482 614 1562 642 homo
1573 619 1655 643 natus
1663 620 1705 643 est
1720 615 1750 644 in

958 665 1000 691 ea,
1016 663 1044 685 et
1058 659 1116 693 ipse
1132 658 1258 686 fundavit
1274 666 1334 686 eam
1352 659 1563 688 Altissimus‘h
1588 660 1683 696 Itaque
1699 661 1748 689 Ai-

959 703 1083 731 tissimus
1099 708 1141 731 est
1154 704 1280 732 Christus
1295 703 1382 732 Filius
1404 704 1462 732 Dei.
1483 704 1562 737 Quod
1581 713 1647 733 vero
1667 709 1749 733 natus

959 749 1088 777 Christus
1109 757 1171 776 cum
1190 749 1299 786 propria
1324 753 1423 782 matre,
1449 750 1584 785 spirituali
1606 751 1688 785 nube,
1716 751 1746 778 in

960 795 1106 830 [Egyptum
1130 800 1188 823 erat
1209 800 1352 828 venturus,
1386 795 1529 824 audiamus
1558 796 1655 824 Isaiam
1685 804 1751 832 pro-

960 841 1069 875 phetam
1094 840 1244 873 dicentem,
1266 840 1353 869 «Ecce
1371 841 1505 870 Dominus
1525 842 1601 869 sedet
1626 842 1653 869 in
1679 842 1751 869 nube

962 885 1183 920 lcvi,venietque
1214 886 1241 912 in
1263 885 1422 922 Egyptum,
1451 890 1478 914 et
1505 887 1751 914 commovebuntur

116 930 219 966 Κύριος
234 930 351 965 κάθηται
371 931 418 957 ἐπὶ
443 930 559 966 νεφέλης
583 931 698 966 κούφης,
723 932 770 958 καὶ
789 932 849 967 ἥξει
869 933 908 964 εἰς

962 931 1107 958 simulacra
1118 931 1262 967 Egypti”.
1271 942 1280 958 ι
1293 932 1370 965 Quod
1378 937 1480 964 autem,
1491 941 1553 960 cum
1563 933 1750 968 baptizaretur

115 975 265 1010 Αἴγυπτον,
280 977 326 1002 καὶ¹
344 976 532 1013 σεισοὴσονται
550 977 583 1004 τὰ
602 977 779 1012 χειροποίητα
798 978 904 1012 Αίγύπ-

115 1029 174 1048 του.
194 1031 203 1046 ι
223 1022 283 1048 Ὅτι
302 1022 330 1049 δὲ
356 1022 553 1058 βαπτιζομένου
568 1023 614 1049 τοῦ
628 1023 756 1058 Χριστοῦ,
769 1023 879 1059 ἔμελλεν
891 1025 905 1051 ὁ

115 1066 211 1102 Πατὴρ
232 1067 334 1094 ἄνωθεν
360 1068 434 1103 αὐτῷ
456 1070 618 1104 μαρτυρεῖν,
643 1069 673 1095 ἐν
685 1069 724 1105 τῷ
741 1070 786 1105 κη’
805 1070 905 1106 ψαλμῷ

115 1112 272 1148 γέγραπται
290 1112 360 1139 οὕτω
374 1122 380 1128 ·
406 1122 414 1138 «
432 1114 509 1149 Φωνὴ
530 1114 635 1150 Κυρίου
654 1114 700 1141 ἐπὶ
719 1115 774 1142 τῶν
789 1116 904 1148 ὑδάτων,

115 1156 130 1184 ὁ
152 1158 217 1190 Θεὸς
241 1158 290 1194 τῆς
311 1159 391 1194 δόξης
414 1160 589 1196 ἐϐρόντησεν,
610 1161 712 1197 Κύριος
731 1163 777 1188 ἐπὶ
801 1163 905 1190 ὑδάτων

116 1203 232 1231 πολλῶν.
255 1214 265 1231 ι
290 1203 357 1231 Εἶτα
383 1206 448 1241 περὶ
469 1206 523 1233 τῶν
544 1206 691 1242 θαυμάτων
705 1208 752 1234 καὶ
772 1208 904 1244 ἰαμάτων,

116 1245 196 1288 (ὒν-ὁ
220 1251 337 1285 Χριστὸς
360 1252 407 1278 καὶ
431 1252 497 1284 Θεὸς
526 1252 604 1288 ἡμῶν
633 1254 761 1289 ἐποίησεν
792 1255 906 1288 Ἡσαΐας

117 1295 192 1330 ἡμᾶς
203 1295 322 1324 διδάσκει
338 1297 426 1332 λέγων
438 1307 445 1313 ·
464 1308 473 1324 «
493 1299 579 1331 Αὐτὸς
595 1299 645 1332 τὰς
668 1300 809 1332 ἀσθενείας
829 1301 906 1337 ἡμῶν

117 1340 178 1378 ἦρε,
195 1343 241 1370 καὶ
258 1342 307 1375 τὰς
325 1343 419 1376 νόσους
442 1344 587 1378 ἐϐάστασε,
612 1346 658 1373 καὶ
674 1346 739 1382 περὶ
761 1347 839 1382 ἡμῶν
851 1347 908 1374 ὀδυ-

118 1388 206 1414 visat.
231 1398 240 1414 ι
265 1389 327 1415 Ὅτι
356 1390 385 1416 δὲ
406 1391 563 1426 είρηνεῦσαι
591 1392 637 1418 τὸν
664 1392 765 1427 κόσμον
789 1391 871 1428 ἦλθεν
894 1394 908 1419 ὁ

117 1435 245 1470 Χριστὸς,
260 1435 421 1471 ἀκούσωμεν
434 1436 480 1464 τοῦ
494 1437 534 1464 οα¹
544 1437 652 1473 ψαλμοῦ
664 1446 670 1453 ·
688 1447 698 1464 «
714 1439 907 1474 Καταὸήσεται

118 1480 156 1512 ὠς
176 1480 254 1512 ὑετὸς
274 1482 320 1508 ἐπὶ
343 1482 435 1513 πόκον,
462 1483 509 1509 καὶ
531 1482 596 1509 ὡσεὶ
614 1483 753 1519 σταγὼνὴ
774 1483 908 1516 στάζουσα

119 1526 165 1552 ἐπὶ
185 1526 235 1562 τὴν
259 1527 321 1561 γῆν.
345 1527 485 1555 Ἀνατελεῖ
511 1529 540 1555 ἐν
557 1530 617 1560 ταῖς
633 1528 752 1564 ἡμέραις
770 1529 851 1556 αὐτοῦ
873 1530 909 1556 δι-

119 1571 260 1607 καιοσύνη,
286 1572 332 1598 καὶ
349 1572 451 1607 πλῆθος
473 1574 594 1609 εἰρήνης,
616 1574 667 1606 ἕως
685 1572 714 1602 οὗ
729 1575 908 1612 ἁνταναιρεθῇ

958 977 1096 1010 Christus,
1112 978 1192 1005 Pater
1209 977 1242 1006 de
1253 985 1285 1006 eo
1300 983 1452 1006 testaturus
1463 982 1547 1012 esset,
1562 978 1599 1005 ita
1616 980 1748 1014 scriptum

959 1023 1092 1051 habemus
1111 1024 1138 1051 in
1154 1024 1260 1059 psalmo
1279 1025 1409 1052 vicesimo
1425 1029 1533 1059 octavo,
1549 1024 1623 1052 «Vox
1639 1025 1748 1053 Domini

959 1075 1042 1103 super
1064 1076 1172 1104 aquas:
1192 1069 1264 1097 Deus
1290 1069 1443 1103 maiestatis
1469 1069 1598 1101 intonuit,
1619 1069 1750 1097 Dominus

960 1121 1042 1148 super
1072 1122 1156 1149 aquas
1168 1115 1318 1150 multas_".n
1331 1114 1434 1142 Deinde
1447 1115 1520 1150 quod
1534 1115 1566 1142 ad
1580 1115 1710 1142 miracula
1723 1118 1751 1142 et

959 1159 1117 1188 sanationes
1133 1164 1249 1194 spectat,
1275 1167 1344 1195 quas
1370 1160 1496 1188 Christus
1511 1165 1538 1188 et
1561 1159 1633 1188 Deus
1656 1165 1751 1188 noster

959 1205 1059 1238 eﬂ‘ecit,
1076 1206 1116 1233 sic
1132 1206 1165 1234 de
1178 1206 1218 1233 his
1235 1214 1286 1234 nos
1301 1207 1380 1234 docet
1401 1206 1496 1239 lsaias,
1516 1216 1525 1232 «
1542 1206 1604 1242 Ipse
1632 1207 1750 1234 inﬁrmi-

959 1254 1030 1278 tates
1046 1256 1154 1279 nostras
1168 1251 1249 1286 250
1262 1252 1335 1284 tulit,
1361 1256 1388 1279 et
1401 1252 1512 1280 morbos
1523 1252 1650 1286 portavit,
1663 1257 1690 1280 et
1702 1260 1750 1287 pro

960 1296 1040 1324 nobis
1056 1297 1249 1324 cruciatui-‘5.»
1266 1296 1344 1330 Quod
1367 1297 1494 1325 similiter
1514 1297 1641 1325 Christus
1656 1304 1749 1332 pacem

961 1342 1062 1369 mundo
1077 1343 1182 1370 venerit
1197 1343 1341 1374 allaturus,
1358 1343 1491 1371 discimus
1502 1349 1534 1371 ex
1549 1343 1750 1378 septuagesimo

961 1389 1050 1423 primo
1072 1390 1187 1424 psalmo,
1207 1389 1376 1417 «Descendet
1401 1390 1472 1417 sicut
1489 1390 1581 1424 pluvia
1605 1390 1632 1416 in
1652 1389 1748 1420 vellus,

961 1438 988 1460 et
1004 1434 1075 1461 sicut
1089 1434 1161 1461 stilla
1179 1434 1287 1462 stillans
1303 1436 1330 1461 in
1346 1438 1458 1461 terram.
1475 1433 1585 1461 Orietur
1603 1435 1629 1460 in
1652 1433 1750 1460 diebus

960 1479 1068 1515 justitia
1083 1484 1110 1507 et
1121 1480 1288 1507 abundantia
1308 1481 1395 1515 pacis,
1412 1480 1499 1507 donec
1515 1479 1657 1507 auferatur
1675 1480 1749 1511 luna,

962 1529 989 1551 et
1008 1525 1196 1552 dominabitur
1210 1533 1224 1551 a
1239 1526 1307 1552 mari
1324 1532 1411 1559 usque
1424 1525 1457 1552 ad
1474 1532 1558 1556 mare,
1576 1527 1603 1551 et
1621 1532 1636 1550 a
1660 1523 1750 1550 ﬂumi-

964 1571 1045 1598 nibus
1059 1579 1146 1606 usque
1158 1572 1190 1598 ad
1207 1571 1339 1598 terminos
1362 1571 1439 1598 orbis
1453 1570 1642 1597 tcrrarum".r
1672 1569 1750 1602 Quod

118 1615 136 1650 ἡ
153 1615 262 1652 σελήνη,
280 1616 327 1642 καὶ
344 1617 556 1653 κατακυριεύσει
571 1618 625 1644 ἀπὸ
641 1618 779 1654 θαλάσσης
799 1619 851 1651 ἕως
865 1619 908 1646 θα-

964 1617 987 1644 si
1001 1617 1074 1644 dicat
1088 1616 1198 1644 Judzeus
1214 1617 1347 1652 psalmum
1364 1617 1398 1644 de
1410 1616 1556 1644 Salomone
1571 1616 1656 1650 loqui,
1679 1616 1750 1642 t‘alli-

118 1659 232 1696 λάσσης,
256 1662 304 1689 καὶ
321 1663 375 1689 ἀπὸ
398 1663 531 1698 ποταμῶν
546 1664 598 1695 ’ἐως
615 1664 741 1700 πιράτων
756 1665 804 1700 τῆς
825 1666 912 1692 οἰκου-

121 1707 215 1743 μένης.
236 1717 245 1733 ι
266 1708 332 1735 -Κᾶν
359 1709 423 1744 εἴπῃ
442 1709 577 1741 Ἰουδαῖος,
593 1710 634 1736 ὅτι
652 1710 717 1746 περὶ
738 1710 909 1746 Σολομῶντος

119 1751 193 1787 λέγει
210 1753 224 1778 ὁ
236 1752 353 1788 ψαλμὸς,
369 1753 507 1788 ψεύδεται.
529 1754 610 1788 Λέγει
627 1754 698 1790 γάρ·
725 1763 734 1780 ι
746 1755 802 1790 Πρὸ
818 1755 864 1781 τοῦ

120 1799 178 1826 λίου
195 1800 316 1836 διαμένει
335 1801 365 1827 τὸ
386 1801 472 1837 ὄνομα
491 1802 574 1828 αὑτοῦ
588 1811 594 1817 ·
617 1803 665 1829 καὶ
690 1802 779 1829 πάντα
795 1802 829 1829 τὰ
845 1802 907 1838 ἔθνη

122 1847 302 1882 μακαριοῦσιν
318 1847 411 1880 αὑτὸν,
428 1849 474 1874 καὶ
494 1849 731 1884 προσκυνήσουσιν
750 1848 824 1883 αὐτῷ
845 1849 910 1875 πάν-

121 1900 167 1923 τες
201 1893 226 1919 οί
256 1892 375 1928 βασιλεῖς
403 1894 453 1929 τῆς
485 1894 547 1928 γῆς.
575 1903 585 1920 ι
610 1894 703 1921 Ταῦτα
721 1894 750 1920 δὲ
766 1895 796 1921 οὐ
829 1894 940 1920 δυνατὸν

121 1937 209 1972 ἡλίου.

121 2029 136 2055 ὁ
149 2027 215 2060 Θεὸς
233 2029 311 2064 ήμῶν
328 2032 475 2066 καταργεῖν
498 2031 545 2058 τὸν
566 2030 699 2063 διάϐολον,
717 2032 731 2058 ὁ
747 2034 786 2066 ογ’
806 2031 912 2066 ψαλμὸς

124 2076 260 2110 μαρτυρεῖ
273 2074 360 2109 λέγων
377 2076 444 2111 πρὸς
460 2076 525 2103 Θεὸν
539 2075 643 2108 οὕτως·
668 2085 677 2102 «
698 2076 734 2102 Σὺ
752 2075 913 2112 συνέτριψας

122 2119 172 2152 τὰς
189 2119 308 2154 κεφαλὰς
320 2120 374 2148 τῶν
383 2121 537 2157 δρακόντων
551 2123 598 2148 ἐπὶ
610 2122 658 2149 τοῦ
673 2122 769 2153 ὓδατος
782 2129 790 2137 ⁸
809 2122 841 2148 σὺ
856 2130 914 2148 συν-

123 2164 238 2197 έθλασας
251 2165 300 2201 τὴν
313 2167 436 2203 κεφαλὴν
454 2167 501 2194 τοῦ
514 2167 670 2203 δράκοντος.
689 2176 699 2193 ι
726 2167 788 2193 Ὅτι
809 2166 839 2193 δὲ
857 2175 913 2192 ποι-

123 2212 192 2246 ητὴς
212 2212 327 2246 οὐρανοῦ
340 2214 354 2239 ὁ
368 2213 485 2248 Χριστός
508 2215 592 2246 ἐστιν,
610 2215 624 2241 ὁ
638 2215 667 2240 ὲν
689 2211 811 2250 θαλᾶσσῃ
834 2221 912 2248 περι-

123 2256 259 2292 πατήσας,
276 2257 325 2283 τοῦ
344 2257 405 2284 Ἰὼϐ
418 2258 581 2294 ἀκούσωμεν
597 2258 721 2293 λέγοντος
734 2258 820 2290 οὕτως
831 2264 837 2271 ·
854 2267 862 2283 ι
880 2259 910 2284 '0

158 1983 185 2010 7.
204 1983 264 2010 Ὅτι
278 1983 307 2010 δὲ
323 1984 369 2011 καὶ
381 1984 425 2011 διὰ
441 1985 629 2021 βαπτίσματος
640 1985 753 2021 ἔμελλεν
765 1986 779 2012 ὁ
795 1986 912 2021 Χριστος

963 1667 1015 1690 tur.
1031 1662 1097 1689 Nam
1115 1663 1172 1690 hzec
1185 1663 1246 1697 ejus
1256 1668 1333 1698 sunt.
1343 1663 1426 1690 verba
1448 1672 1455 1690 ι
1480 1663 1564 1689 «Ante
1587 1662 1672 1689 solem
1687 1669 1750 1696 per-

961 1711 1052 1736 manet
1075 1715 1174 1735 nomen
1188 1708 1247 1743 ejus
1264 1718 1270 1736 :
1285 1712 1312 1735 et
1322 1715 1416 1736 omnes
1432 1712 1525 1743 gentes
1538 1707 1646 1734 beatum
1660 1706 1751 1734 dicent

960 1763 1034 1786 eum,
1048 1759 1074 1782 et
1093 1754 1245 1782 adorabunt
1259 1762 1321 1782 eum
1333 1761 1429 1782 omnes
1441 1762 1519 1789 reges
1531 1753 1750 1787 terraz“.rAtqui

960 1801 1017 1828 haec
1037 1800 1065 1826 in
1086 1799 1260 1827 Salomonem
1277 1799 1413 1834 quadrare
1434 1806 1489 1825 non
1513 1802 1627 1834 queunt,
1650 1797 1751 1833 quippe

959 1847 1005 1882 qui
1022 1851 1084 1874 ante
1100 1847 1185 1874 solem
1202 1854 1255 1873 non
1269 1846 1415 1873 exstiterit.

960 1894 1000 1925 εἰς
1030 1892 1188 1928 Σολομῶντα
1220 1892 1345 1926 λέγεσθαι
1368 1902 1374 1907 -
1399 1893 1429 1918 οὐ
1457 1891 1512 1928 γὰρ
1538 1889 1572 1928 ἦν
1599 1891 1680 1922 αὐτὸς
1698 1889 1752 1926 πρὸ

998 1981 1024 2008 7.
1040 1981 1117 2014 Quod
1134 1984 1223 2008 autem
1241 1980 1368 2008 Christus
1384 1980 1456 2008 Deus
1480 1983 1573 2007 noster
1592 1988 1641 2015 per
1664 1981 1752 2016 bapti-

963 2037 1052 2057 smum
1069 2027 1238 2055 contriturus
1249 2031 1322 2055 esset
1340 2026 1490 2059 diabolum,
1505 2030 1621 2054 testatur
1631 2027 1752 2062 psalmus

963 2074 1180 2109 septuagesimus
1202 2074 1302 2101 tertius
1321 2073 1364 2101 his
1384 2073 1497 2100 verbis:
1520 2072 1575 2099 «Tu
1598 2073 1752 2100 contrivisti

963 2120 1053 2154 capita
1077 2119 1227 2147 draconum
1251 2119 1279 2147 in
1312 2127 1406 2154 aqua:
1425 2123 1454 2145 tu
1475 2118 1634 2151 confregisti
1662 2119 1751 2153 capita

963 2165 1090 2195 draconis
1103 2166 1146 2192 “z
1163 2175 1171 2191 ι
1191 2165 1330 2193 Christum
1354 2169 1484 2199 przeterca
1515 2164 1576 2191 cudi
1597 2164 1751 2191 ellectorem

963 2219 1025 2239 esse
1041 2211 1087 2246 qui
1105 2215 1131 2239 et
1150 2211 1177 2238 in
1199 2211 1268 2238 mari
1286 2211 1475 2242 ambulaverit,
1499 2211 1642 2238 audiamus
1656 2219 1687 2237 ex
1709 2211 1752 2238 his

962 2256 1024 2284 Jobi
1036 2257 1138 2288 verbis,
1155 2256 1222 2289 «Qui
1236 2257 1365 2292 expandit
1382 2257 1480 2284 cmlum
1497 2256 1583 2288 solus,
1593 2261 1618 2284 et
1630 2256 1751 2283 ambulat

123 2302 243 2334 τανύσας
266 2303 312 2330 τὸν
324 2304 438 2339 οὐρανὸν
461 2305 550 2339 μόνος,
568 2306 616 2332 καὶ
635 2305 794 2341 περιπατῶν
806 2305 852 2332 ἐπὶ
865 2305 908 2332 θα-

964 2304 990 2331 in
1002 2303 1070 2331 mari
1086 2304 1159 2331 velut
1173 2303 1201 2330 in
1225 2303 1334 2330 solo".i
1353 2302 1390 2330 De
1407 2303 1480 2338 pullo
1502 2307 1592 2329 autem
1611 2307 1637 2329 et
1662 2303 1749 2335 asina,

123 2348 228 2384 λάσσης
236 2349 273 2381 ὡς
282 2350 324 2375 ἐπ’
332 2349 457 2384 ἐδάφους.
472 2360 481 2375 ι
497 2351 564 2386 Περὶ
580 2351 608 2377 δὲ
620 2351 667 2377 τοῦ
684 2351 774 2377 πώλου
794 2351 842 2378 καὶ
862 2351 911 2386 τῆς

123 2393 198 2425 ὄνου,
216 2395 257 2428 ἐφ’
274 2391 336 2421 ὦνὸ
352 2395 468 2430 Χριστὸς
491 2395 663 2429 ἐπεκάθισεν,
685 2396 845 2432 ἀκούσωμεν
863 2396 910 2422 τοῦ

123 2440 264 2475 προφήτου
279 2440 413 2475 Ζαχαρίου
430 2440 570 2474 λέγοντος·
596 2450 604 2466 «
622 2441 708 2476 Χαῖρε
734 2440 847 2476 σφόδρα,
867 2440 913 2467 θύ-

124 2493 210 2520 γατερ
227 2485 296 2513 Σιών
314 2494 321 2501 θ
344 2486 476 2521 κήρυσσε,
502 2485 620 2522 θύγατερ
640 2486 816 2522 Ἰερουσαλήμ
828 2495 834 2501 ·
859 2486 913 2513 ἰδοὺ

124 2532 139 2557 ὁ
154 2531 280 2566 βασιλεύς
293 2540 339 2559 σου
355 2531 462 2567 ἔρχεταί
477 2541 517 2559 σοι
530 2533 632 2564 δίκαιος
648 2533 695 2559 καὶ
712 2532 816 2565 σώζων,
830 2533 911 2564 αὐτὸς

124 2575 224 2611 πραῢς,
250 2576 297 2602 καὶ
318 2576 490 2613 ἐπιϐεϐηκὼς
516 2577 562 2603 ἐπὶ
583 2577 728 2612 ὑποζύγιον
748 2578 796 2604 καὶ
822 2577 910 2603 πῶλον

125 2620 196 2647 νέον.
213 2630 222 2646 ι
242 2621 275 2647 Τί
300 2621 391 2649 τοίνυν
412 2621 468 2648 τῶν
490 2622 668 2658 προφητικῶν
690 2621 793 2650 τούτων
814 2622 911 2657 φωνῶν

125 2667 341 2704 τηλαυγέστερον
358 2677 365 2702 ;
394 2668 463 2695 Ἀλλ’
481 2669 565 2704 ὅμως,
583 2669 683 2705 καίπερ
705 2669 791 2701 οὕτως
807 2669 912 2705 τρανῶς

125 2713 191 2748 περὶ
215 2713 262 2740 τοῦ
288 2713 407 2750 Χριστοῦ
432 2715 669 2750 προφητευόντων,
689 2715 883 2750 ἀπετύφλωσεν
899 2716 913 2742 ὁ

125 2759 249 2792 Σατανᾶς
262 2760 296 2786 τὰ
308 2760 364 2788 τῶν
386 2760 517 2789 Ἰουδαίων
528 2761 652 2797 ὄμματα,
663 2761 710 2788 καὶ
726 2762 853 2798 ὲπὴρωσε
864 2761 913 2794 τὰς

164 2848 187 2864 υ
207 2847 288 2876 lilich.
306 2857 333 2880 ν,
350 2847 378 2876 Ξ.
417 2849 439 2864 ¹⁸
457 2847 530 2876 Psal.
549 2857 666 2881 Lxxxvi,
683 2849 708 2876 5.
750 2850 771 2865 ¹⁶
792 2849 844 2877 lsa.
861 2857 906 2876 XIX
919 2869 925 2877 .
944 2849 971 2876 l.

127 2891 212 2914 un.
229 2883 289 2913 6—8.
326 2884 350 2900 "
369 2883 435 2912 ibid.
455 2884 498 2912 t7.
537 2885 558 2900 ιι
579 2884 652 2913 Psal.
671 2892 778 2921 tum.
791 2885 836 2920 ti.

963 2349 990 2376 in
1005 2350 1105 2384 quibus
1127 2349 1254 2376 Christus
1282 2348 1390 2380 insedit,
1421 2348 1564 2375 audiamus
1590 2347 1750 2375 Zachariam

963 2395 1123 2430 prophetam
1136 2395 1253 2421 aientem
1271 2403 1277 2421 :
1298 2393 1426 2421 «Exsulta
1439 2394 1566 2426 multum,
1583 2394 1636 2420 [ilia
1658 2393 1722 2421 Sion
1741 2403 1748 2421 ε

964 2441 1095 2476 praedicti,
1111 2441 1165 2467 ﬁlia
1180 2440 1348 2474 Jerusalem;
1372 2447 1437 2467 ecce
1454 2448 1499 2467 rex
1517 2443 1580 2467 tuus
1602 2440 1676 2467 venit
1701 2441 1750 2468 tibi

962 2485 1055 2519 justus
1072 2491 1098 2511 et
1113 2485 1243 2516 salvator,
1266 2484 1323 2518 ipse
1346 2483 1420 2510 mitis
1435 2483 1533 2510 sedens
1550 2491 1633 2519 super
1656 2485 1751 2518 subju-

965 2530 1051 2565 galem
1068 2534 1094 2558 et
1112 2530 1214 2565 pullum
1231 2529 1419 2564 juniorem’h
1440 2529 1510 2562 Quid
1526 2529 1569 2556 his
1583 2530 1749 2564 prophrticis

965 2577 1078 2605 vocibus
1093 2576 1342 2604 luculentius?Sed
1359 2580 1449 2604 tamen
1466 2577 1529 2604 licet
1545 2581 1599 2604 tam
1620 2580 1695 2604 clara
1717 2578 1751 2605 de

962 2621 1073 2650 Christo
1094 2628 1186 2650 essent
1213 2622 1355 2656 vaticinia,
1377 2622 1473 2650 oculos
1495 2621 1651 2649 Judzeorum
1667 2630 1752 2649 excae-

963 2668 1035 2695 cavit
1051 2668 1177 2701 Satanas,
1193 2676 1344 2703 eorumque
1367 2668 1467 2695 mentis
1492 2668 1610 2702 pupillas
1632 2667 1750 2698 obtudit,

964 2718 995 2742 ut
1007 2718 1046 2742 tot
1060 2714 1215 2742 testimonia
1230 2721 1314 2749 prave
1334 2714 1514 2749 explicarent.
1536 2712 1638 2741 Verum
1660 2713 1752 2740 audia-

965 2769 1026 2789 mus
1039 2761 1150 2795 insuper
1163 2760 1197 2787 de
1211 2760 1302 2795 pueris
1317 2760 1364 2795 qui
1389 2759 1498 2788 Christo
1515 2758 1642 2788 Hosanna
1662 2759 1751 2786 accla-

1011 2849 1032 2865 ¹⁷
1051 2849 1124 2878 Psal.
1144 2856 1245 2881 xxvut,
1261 2848 1288 2876 5.
1329 2849 1351 2864 ’⁸
1371 2847 1411 2877 lsa
1442 2856 1504 2882 LIII,
1523 2847 1550 2882 ι,
1569 2847 1595 2876 5.
1635 2848 1656 2864 ¹¹
1676 2846 1750 2875 Pstl.

875 2886 898 2901 ι’
917 2884 968 2913 Job
984 2893 1022 2918 ix,
1041 2885 1057 2912 8
1105 2885 1127 2901 ³³
1147 2883 1261 2912 Zachar.
1279 2891 1323 2919 ix,
1338 2885 1364 2912 9.
