1924 3059
204 166 253 194 691

755 165 783 193 S.
800 165 1031 194 ATHANASIUS.
1050 181 1085 187 —
1104 166 1238 194 SPURIA.

1770 158 1822 196 692

204 231 324 260 marunt,
340 232 366 255 et
380 232 471 262 aperte
487 226 625 255 Christum
645 231 812 255 vocaverunt
831 227 986 258 Dominum,

1054 228 1087 263 ἧς
1104 228 1192 263 ψυχῆς
1211 227 1300 254 αὐτῶν
1309 227 1402 263 κόρας,
1415 227 1457 254 ἵνα
1467 226 1517 258 τὰς
1531 226 1658 258 τοιαύτας
1672 227 1821 263 μαρτυρίας

205 274 261 301 luec
273 274 367 308 psalmi
380 273 468 300 octavi
480 273 561 300 verba
577 283 582 300 :
604 272 872 300 (DomineDominus
883 276 986 305 noster,

204 327 286 354 quam
300 319 457 347 admirabile
472 323 622 346 estnomen
634 323 709 346 tuum
718 319 745 345 in
757 319 883 346 universa
894 322 967 346 terra
980 328 986 346 τ

205 365 333 400 quoniam
348 365 451 391 elevata
466 368 508 391 est
528 365 729 399 magnilieentia
741 368 786 391 tua
800 371 882 399 super
893 364 987 391 ccelos.

206 411 243 437 Ex
258 418 305 437 ore
316 409 459 437 infantium
474 415 500 437 et
510 410 667 437 lactentium
680 409 816 444 perfecisti
829 410 986 437 laudem“.n

205 456 281 484 Inda:
302 464 409 491 quoque
428 456 619 491 {proditionem
648 456 841 491 prmsigniﬁcat
864 457 989 491 psalmus

206 502 429 537 quadragesimus
442 502 546 536 primus
558 503 609 529 hoc
624 501 705 529 modo
719 511 725 528 :
745 501 812 534 «Qui
825 501 922 528 edebat
943 509 990 535 pa-

207 556 255 574 nes
264 555 349 579 meos,
357 547 538 582 magniﬁcavit
545 554 626 581 super
635 555 679 574 me
688 547 971 581 supplantationem".
979 555 987 571 ι

207 593 330 621 Gentium
347 601 410 620 vero
426 597 452 620 et
470 592 628 620 'Judaaorum
659 593 773 620 insidias
789 593 898 620 Christo
919 596 992 619 stru-

207 645 266 667 ctas
281 643 391 666 enarrat
402 639 522 674 psalmus
546 639 682 667 secundus
700 639 743 666 his
755 639 846 666 verbis
865 648 870 666 :
888 638 993 671 «Quare

207 685 377 712 fremuerunt
388 689 491 719 gentes,
508 689 536 711 et
552 684 649 719 populi
665 684 788 711 meditati
805 688 869 711 sunt
885 683 994 711 inania?

208 731 360 758 Astiterunt
375 738 453 765 reges
468 733 557 762 terrae,
573 733 600 757 et
614 730 750 765 principes
766 733 952 757 convenerunt
965 729 994 756 in

210 783 321 807 unum,»
345 775 450 803 scilicet
467 776 546 802 Anna
564 779 590 803 et
611 775 730 810 Caiphas
754 779 782 802 et
805 775 943 810 principes
962 781 994 801 ac

211 821 322 853 Scribze,
340 821 485 849 (adversm
500 822 644 849 Dominum
662 825 689 848 et
709 821 840 848 adversus
855 820 994 848 Christum

212 868 308 902 ejus“.
329 877 338 893 ι
354 867 405 901 Qui
422 868 493 896 enim
511 872 613 904 pugnat
633 868 764 895 adversus
775 866 884 899 Filium,
895 865 994 901 injuria

211 913 319 941 Patrem
333 914 426 941 afficit,
552 903 557 904 ⁷
1012 903 1031 931 Β

247 1049 273 1076 8.
293 1048 330 1076 De
353 1048 471 1076 vinculis
487 1055 580 1083 porro,
597 1049 697 1083 quibus
717 1049 830 1076 vinxere
845 1047 995 1079 Christum,

214 1095 254 1122 sic
268 1095 388 1130 loquitur
413 1095 497 1122 Isaias
509 1095 638 1130 propheta
650 1115 658 1128 ,
678 1094 833 1122 Judaeorum
853 1094 998 1130 deplorans

214 1141 338 1169 miserias
355 1151 361 1168 ε
382 1140 444 1168 (Vae
458 1141 554 1167 anima:
564 1148 671 1173 eorum,
684 1141 748 1175 quia
765 1147 878 1175 pravum
903 1139 999 1166 adver-

215 1194 262 1213 sus
273 1186 378 1220 seipsos
397 1185 516 1212 inierunt
528 1185 677 1215 consilium
695 1185 826 1218 dicentes,
843 1183 999 1211 Vinciamus

213 1232 368 1266 justum’7.»
403 1230 462 1258 Jam
490 1239 553 1259 vero
583 1230 705 1258 Judaeum
735 1231 882 1265 interroga,
905 1234 933 1257 et
956 1229 1000 1256 die

215 1278 267 1312 ipsi
287 1286 293 1304 :
309 1277 375 1310 Quis
387 1277 468 1304 homo
483 1276 510 1303 in
528 1281 600 1304 terra
615 1276 718 1312 peccati
729 1277 839 1311 expers?
849 1276 928 1303 Certe
937 1283 1002 1302 con-

216 1325 270 1349 stat
282 1322 416 1349 neminem
429 1329 526 1356 purum
543 1329 557 1348 a
572 1322 631 1349 labe
647 1329 719 1354 esse,
734 1329 785 1348 nec
795 1321 817 1349 si
833 1329 885 1348 una
897 1324 1000 1348 tantum

217 1368 298 1396 fuerit
309 1367 367 1395 dies
382 1368 444 1395 vitae
456 1367 516 1403 ejus
531 1368 558 1395 in
569 1371 651 1395 terra.
674 1367 808 1396 Praaterea
820 1368 860 1395 sic
871 1367 1001 1402 propinata

216 1413 300 1440 Deum
316 1416 462 1448 precatur:
482 1413 556 1440 «Non
569 1414 653 1441 intres
669 1414 697 1441 in
705 1414 906 1449 judiciumcum
922 1420 1001 1441 servo

217 1464 275 1493 tuo,
294 1461 358 1495 quia
374 1468 428 1487 non
440 1460 637 1494 justificabitur
653 1461 680 1488 in
691 1464 839 1495 conspectu
852 1464 899 1486 tuo
912 1458 1001 1486 omnis

217 1507 363 1534 vivens’°.i
383 1507 422 1534 Ex
434 1507 533 1542 quibus
545 1511 637 1541 aperte
649 1507 778 1534 docemur
791 1506 929 1533 neminem
943 1505 1004 1533 abs-

218 1561 272 1589 que
293 1557 404 1587 peccato
423 1560 484 1580 esse
505 1558 603 1588 praeter
624 1553 711 1580 solum
730 1553 823 1580 Deum.
842 1551 901 1579 1am
920 1552 1003 1586 igitur

219 1598 359 1625 videamus
374 1598 439 1633 quid
456 1602 548 1625 narret
563 1597 642 1625 nobis
655 1597 739 1626 Isaias
750 1597 882 1633 propheta
896 1596 930 1625 de
943 1605 1006 1632 pas-

219 1643 297 1673 sione
313 1644 497 1680 impeccabilis
504 1644 604 1672 Christi
614 1643 660 1672 Dei
675 1644 772 1675 nostri,
784 1642 846 1670 Filii
859 1643 916 1670 Dei.
933 1642 1006 1670 «Sic-

221 1694 252 1716 ut
279 1689 356 1722 ovis,
380 1690 478 1725 inquit,
510 1690 544 1716 ad
576 1683 767 1716 mactationem
787 1689 886 1716 ductus
907 1692 960 1721 est,
979 1692 1007 1715 et

221 1736 300 1771 quasi
315 1743 402 1770 agnus
411 1743 503 1762 coram
515 1735 645 1763 tondente
657 1735 717 1762 sine
729 1742 807 1766 voce,
818 1735 857 1762 sic
870 1742 925 1762 non
940 1742 1006 1770 ape-

221 1781 278 1810 ruit
288 1788 319 1808 os
337 1781 468 1808 suum".i
486 1780 585 1807 Notum
602 1785 691 1809 autem
703 1786 745 1808 est
753 1781 1005 1809 siluisseChristum

222 1831 345 1861 tempore
361 1834 417 1853 sua:
434 1826 580 1860 passionis,
603 1834 665 1854 cum
679 1826 767 1854 Pilato
787 1827 940 1855 sisteretur.
963 1826 1007 1854 «In

223 1873 378 1901 humilitate
393 1873 452 1908 ejus
466 1873 601 1907 judicium
621 1874 680 1908 ejus
695 1874 832 1902 sublatum
855 1879 911 1908 est;
926 1882 1009 1910 gene-

222 1919 357 1947 rationem
371 1918 431 1954 ejus
450 1920 512 1954 quis
527 1914 718 1947 enarrabit‘°?i
736 1919 837 1955 Nempe
848 1928 927 1948 nemo
941 1920 1009 1947 divi-
1022 1940 1028 1947 .

223 1964 319 1993 nitatis
333 1965 533 1999 generationem
548 1969 637 2000 potest
651 1973 773 1994 narrare.
783 1965 849 1993 Nam
859 1965 1009 1993 secundum

225 2017 333 2037 earneln
345 2010 484 2045 generatio
497 2010 598 2038 Christi
610 2010 657 2038 Dei
670 2011 757 2039 nostri
774 2011 948 2042 describitur,
964 2010 1010 2038 Si-

226 2055 336 2092 quidem
355 2055 406 2082 (εώ
417 2056 608 2091 iniquitatibus
617 2057 709 2092 populi
723 2056 822 2084 ductus
833 2061 875 2084 est
889 2057 922 2084 ad
938 2064 1010 2084 mor-

226 2101 333 2128 tem’h
362 2101 536 2129 Manifestum
554 2103 626 2130 enim
646 2106 689 2130 est
711 2102 850 2130 Christum
872 2106 1010 2129 mortuum

225 2155 286 2174 esse
301 2155 349 2182 pro
360 2148 479 2182 peccatis
491 2147 594 2175 mundi.
608 2148 656 2175 «Et
670 2148 740 2176 dabo
752 2149 838 2176 malos
852 2156 901 2183 pro
919 2148 1012 2183 sepul-

226 2199 286 2222 tura
299 2194 408 2230 ejus“.i
426 2193 535 2222 Judaeos
548 2195 674 2222 videlicet
689 2195 800 2222 tradidit
811 2194 952 2222 Romanis.
964 2194 1011 2221 (Et

1038 271 1291 310 παραγράφωνται.
1322 272 1495 308 Ἀκούσωμεν
1525 271 1571 300 οὖν
1604 274 1654 300 καὶ
1683 273 1747 308 περὶ
1771 273 1821 299 τῶν

1039 319 1157 350 παίδων,
1176 319 1230 345 τῶν
1254 318 1294 354 τῷ
1314 318 1423 354 Χριστῷ
1446 318 1559 345 Ὡσαννὰ
1584 317 1752 353 βοησάντων,
1778 318 1822 344 καὶ

1039 365 1140 400 Κύριον
1151 365 1282 398 λεγόντων
1300 364 1446 399 προφανῶς
1467 364 1511 390 τὸν
1534 364 1651 399 Χριστὸν
1668 363 1769 399 ψαλμῷ
1779 364 1803 399 η’
1815 372 1822 380 '

1042 421 1051 437 ι
1069 411 1155 446 Κύριε
1168 413 1182 438 ὁ
1198 410 1300 446 Κύριος
1310 410 1444 446 ἡμῶν,ὼς
1459 410 1612 445 θαυμαστὸν
1625 410 1658 436 τὸ
1672 410 1757 445 ὄνομά
1778 418 1822 436 σου

1041 458 1070 484 ἐν
1091 457 1166 493 πάσῃ
1185 458 1218 492 τῇ
1239 457 1294 492 γῇῐ
1319 457 1361 483 ὅτι
1385 457 1521 493 ὲπήρθηή
1541 456 1764 493 μεγαλοπρέπεια
1779 464 1823 482 σου

1041 503 1167 539 ὑπεράνω
1192 503 1247 530 τῶν
1270 503 1407 539 οὐρανῶν.
1429 503 1477 529 Ἐκ
1496 503 1629 538 στόματος
1653 502 1759 538 νηπίων
1782 501 1824 528 καὶ

1041 549 1211 585 Θηλαζόντων
1237 549 1394 584 κατηρτίσω
1420 546 1503 576 αἶνον.
1529 558 1538 574 ι
1554 548 1622 584 Περὶ
1651 547 1681 574 δὲ
1708 547 1759 582 τῆς
1782 547 1824 574 τοῦ

1048 596 1130 623 Ἰούδα
1146 595 1297 631 προδόσεως
1309 594 1415 630 eam;
1433 598 1476 630 μα’
1492 594 1579 628 λέγει·
1598 603 1608 619 ι
1625 593 1655 620 Ὀ
1670 593 1769 620 ἐσθίων
1781 593 1826 628 ἄρ-

1042 651 1104 674 τους
1122 651 1172 677 μου
1186 641 1351 676 ἐμεγάλυνεν
1374 641 1417 667 ἐπ’
1435 640 1484 675 ἐμὲ
1508 639 1686 675 πτερνισμόν.
1705 648 1715 665 ι
1734 638 1825 674 Τὴνδὲ

1042 687 1096 714 τῶν
1115 687 1198 714 ὲθνῶν
1222 687 1268 713 καὶ
1295 685 1428 713 Ἰουδαίων
1449 685 1595 721 ἐπιϐουλὴν
1620 685 1673 719 τὴν
1697 684 1767 711 κατὰ
1782 683 1824 709 τοῦ

1043 732 1162 769 Χριστοῦ
1176 734 1189 759 ὁ
1202 733 1225 767 β’
1238 732 1344 767 ψαλμὺς
1359 732 1431 766 λέγει
1445 739 1452 746 ·
1471 741 1480 757 ι
1496 732 1553 758 Ἵνα
1562 731 1590 757 τί
1600 730 1742 767 ἐφρύαξαν
1756 729 1824 764 ἔθνη,

1044 779 1092 805 καὶ
1108 778 1167 804 λαοὶ
1183 777 1350 813 ἐμελέτησαν
1363 777 1447 809 κενὰ;
1461 777 1641 813 Παρέστησαν
1666 776 1691 802 οἱ
1713 775 1827 811 βασιλεῖς

1043 823 1093 858 τῆς
1108 823 1169 858 γῆς,
1183 823 1229 849 καὶ
1242 824 1266 849 οἰ
1283 824 1410 858 ἄρχοντες
1428 822 1600 858 συνήχθησαν
1613 821 1661 848 ἐπὶ
1676 822 1707 848 τὸ
1724 820 1796 852 αὐτὸ,
1814 830 1823 846 ι

1045 869 1128 904 ἤγουν
1145 869 1244 900 ’Ἅννας
1258 869 1304 895 καὶ
1321 868 1459 902 Καϊάφας,
1477 867 1524 894 καὶ
1537 867 1561 893 οἱ
1574 867 1717 902 ἀρχιερεῖς
1741 866 1785 892 καὶ
1804 865 1825 891 oi

1045 916 1217 950 γραμματεῖς
1230 923 1236 930 ’
1255 924 1265 940 ι
1285 913 1354 941 κατὰ
1369 914 1416 940 τοῦ
1432 913 1544 948 Κυρίου,
1562 913 1610 939 καὶ
1625 911 1698 938 κατὰ
1712 911 1758 937 τοῦ
1770 911 1827 946 Χρι-

1047 960 1109 988 στοῦ
1124 960 1217 987 αὑτοῦ.
1235 970 1244 986 ι
1269 961 1298 986 '0
1311 960 1367 996 γὰρ
1383 959 1507 995 πολεμῶν
1520 959 1565 985 τὸν
1578 958 1655 990 Υίὸν,
1665 957 1771 993 ὑϐρίζει
1786 956 1827 983 καὶ

1046 1007 1090 1033 τὸν
1107 1007 1227 1042 Πατέρα.

1083 1052 1108 1079 8.
1128 1053 1194 1088 Περὶ
1216 1052 1244 1078 δὲ
1269 1052 1322 1078 τῶν
1338 1051 1457 1087 δεσμῶν,
1471 1048 1508 1079 ὧν
1529 1052 1629 1088 ἔδησαν
1645 1050 1692 1078 τὸν
1707 1047 1827 1085 Χριστὸν,

1048 1097 1122 1131 λέγει
1142 1097 1290 1129 ταλανίζων
1309 1098 1372 1129 τοὺς
1394 1096 1538 1128 Ἰουδαίους
1568 1096 1684 1127 Ἡσαΐας
1700 1095 1715 1121 ὁ
1729 1094 1827 1138 προφή-

1047 1151 1097 1176 της
1106 1151 1113 1157 ⁸
1131 1151 1140 1168 ι
1156 1143 1223 1169 Οὐαὶ
1236 1143 1268 1178 τῇ
1282 1142 1354 1178 ψυχῇ
1373 1142 1474 1173 αὐτῶν,
1486 1142 1553 1168 διότι
1568 1141 1762 1167 ἐϐουλεύσαντο
1774 1138 1828 1174 βου-

1048 1188 1097 1224 λὴν
1124 1189 1244 1224 πονηρὰν
1268 1188 1328 1215 καθ’
1355 1188 1456 1214 ἑαυτῶν
1473 1187 1600 1222 λέγοντες
1613 1196 1623 1203 ι
1640 1187 1769 1222 Δήσωμεν
1787 1183 1828 1210 τὸν

1049 1234 1151 1261 δίκαιον
1164 1255 1170 1261 .
1189 1244 1198 1260 ι
1225 1235 1377 1270 Ἐρώτησόν
1393 1243 1437 1269 μοι
1451 1234 1543 1260 λοιπὸν
1559 1233 1604 1260 τὸν
1632 1232 1767 1262 Ἰουδαῖον,
1787 1229 1828 1256 καὶ

1050 1278 1111 1305 εἰπὲ
1127 1278 1210 1313 αὐτῷ,
1222 1278 1263 1305 ὅτι
1275 1279 1326 1312 Τίς,
1338 1278 1489 1314 ἀνθρώπων
1500 1278 1546 1304 ἐπὶ
1560 1278 1613 1313 γῆς
1629 1277 1827 1312 ἀναμάρτητος;

1051 1323 1178 1360 Εΰδηλον,
1193 1325 1235 1351 ὅτι
1248 1324 1336 1356 οὐδεὶς
1345 1324 1464 1360 καθαρὸς
1480 1325 1534 1351 ἀπὸ
1551 1324 1651 1360 ῥύπου,
1670 1322 1723 1350 οὐδ’
1738 1322 1769 1348 ἆν
1785 1320 1829 1355 μία

1052 1370 1142 1405 ἡμέρα
1154 1370 1204 1405 τῆς
1216 1370 1289 1405 ζωῆς
1302 1369 1384 1396 αὐτοῦ
1398 1370 1445 1396 ἐπὶ
1459 1369 1509 1404 τῆς
1532 1369 1594 1404 γῆς.
1619 1369 1676 1395 Καὶ
1688 1367 1766 1394 πάλιν
1782 1373 1829 1400 φη-

1054 1415 1095 1442 σὶν
1107 1415 1121 1441 ὁ
1136 1416 1280 1450 προφήτης
1293 1415 1362 1451 πρὸς
1376 1415 1441 1441 Θεόν
1450 1423 1457 1430 ·
1476 1425 1484 1440 ι
1496 1415 1541 1449 Μὴ
1558 1413 1685 1449 εἰσέλθῃς
1698 1413 1737 1444 εἰς
1748 1411 1829 1447 κρίσιν

1054 1461 1123 1497 μετὰ
1134 1461 1180 1487 τοῦ
1198 1461 1292 1488 δούλου
1308 1469 1366 1493 σου,
1384 1461 1425 1487 ὅτι
1444 1461 1474 1487 οὐ
1495 1459 1708 1495 δικαιωθήσεται
1726 1455 1830 1483 ἐνώπιόν

1054 1516 1101 1535 σου
1117 1509 1171 1539 πᾶς
1188 1507 1252 1540 ζῶν.
1268 1516 1278 1532 ι
1297 1507 1378 1533 Ὥστε
1397 1505 1521 1542 φανερῶς
1535 1504 1728 1540 διδασκόμεθα,
1740 1503 1777 1529 ὅτι
1790 1500 1830 1527 οὺ-

1054 1554 1109 1586 δεὶς
1127 1554 1319 1590 ἀναμάρτητος
1342 1554 1366 1579 εί
1390 1553 1428 1588 μὴ
1454 1552 1533 1588 μόνος
1545 1553 1559 1579 ὁ
1571 1551 1652 1583 Θεόςῖ
1667 1550 1777 1584 Ἰδωμεν
1789 1543 1830 1573 οὖν

1056 1601 1148 1627 λοιπὸν
1164 1601 1190 1627 τί
1201 1601 1216 1627 ὁ
1232 1600 1376 1636 προφήτης
1397 1599 1509 1630 Ἡσαΐας
1525 1598 1679 1632 διαλέγεται
1693 1596 1756 1631 ἡμῖν
1773 1590 1829 1627 περὶ

1055 1647 1102 1674 τοῦ
1127 1647 1228 1678 πάθους
1252 1645 1299 1672 τοῦ
1324 1645 1514 1680 ἅναμαρτήτου
1538 1641 1658 1679 Χριστοῦ
1671 1641 1716 1668 τοῦ
1729 1637 1830 1673 9505"!)-

1058 1692 1126 1728 μῶν,
1142 1691 1188 1718 τοῦ
1202 1691 1267 1718 Υἱοῦ
1281 1691 1328 1717 τοῦ
1340 1690 1406 1717 Θεοῦ
1415 1699 1422 1706 ·
1440 1700 1449 1716 ‹
1468 1690 1512 1722 Ὠς
1529 1689 1668 1724 πρόϐατον
1679 1688 1723 1715 ἐπὶ
1735 1684 1829 1720 σφαγὴν

1057 1738 1138 1773 ἠχθη,
1155 1737 1203 1764 καὶ
1218 1737 1255 1769 ὡς
1280 1737 1367 1772 ἀμνὸς
1383 1736 1504 1762 ἐναντίον
1530 1735 1576 1762 τοῦ
1600 1735 1741 1770 κείραντος
1759 1729 1830 1758 αὐτὸν

1057 1784 1173 1818 ἄφωνος.
1188 1783 1273 1815 οὕτως
1289 1783 1338 1809 οὐκ
1356 1782 1457 1817 ἀνοίγει
1473 1781 1503 1808 τὸ
1518 1782 1604 1817 στόμα
1620 1780 1712 1809 αὑτοῦ.
1727 1788 1736 1805 ι
1753 1776 1830 1812 Δῆλον

1057 1829 1095 1862 δὲ,
1109 1830 1150 1855 ὅτι
1165 1828 1270 1855 ἐσιώπα
1286 1830 1300 1856 ὁ
1315 1828 1432 1864 Χριστὸς
1446 1827 1555 1863 Πιλάτῳ
1571 1826 1769 1864 παριστάμενος
1789 1820 1828 1848 ἐπὶ

1057 1874 1105 1901 τοῦ
1130 1874 1233 1906 πάθους
1258 1874 1351 1901 αὐτοῦ.
1373 1883 1382 1899 ι
1410 1874 1452 1900 Ἑν
1475 1874 1508 1908 τῇ
1528 1872 1691 1900 ταπεινώσει
1717 1866 1791 1896 αὑτοῦ
1813 1864 1827 1899 ή

1059 1920 1149 1956 κρίσις
1169 1919 1252 1947 αὑτοῦ
1278 1919 1350 1956 ῄρθη
1362 1927 1369 1935 ·
1384 1919 1432 1955 τὴν
1444 1919 1472 1945 δὲ
1485 1918 1581 1953 γενεὰν
1597 1917 1679 1945 αὐτοῦ
1698 1916 1736 1947 τίς
1747 1911 1828 1946 διηγή-

1060 1975 1135 1993 σεται
1148 1974 1155 1998 ;
1171 1976 1180 1992 ι
1201 1966 1303 2001 Ἤγουν
1312 1966 1362 2001 τὴν
1375 1966 1424 2000 τῆς
1437 1965 1562 2000 θεότητος
1572 1964 1661 1995 οὐδεὶς
1673 1961 1826 1996 διηγήσεται·

1060 2011 1130 2038 κατὰ
1157 2011 1248 2046 σάρκα
1271 2011 1326 2047 γὰρ
1348 2010 1549 2045 γενεαλογεῖται
1570 2004 1784 2045 ΧριπὸςὸΘεδς
1798 2002 1826 2047 ή-

1063 2056 1130 2092 μῶν.
1149 2065 1159 2083 ‹
1181 2056 1246 2082 Ἀπὸ
1260 2066 1270 2082 ι
1290 2055 1343 2091 γὰρ
1362 2065 1371 2081 ι
1386 2055 1439 2082 τῶν
1455 2055 1573 2090 ἀνομιῶν
1583 2055 1632 2082 τοῦ
1644 2052 1707 2080 λαοῦ
1721 2046 1826 2092 ἤχθηἨξ

1061 2090 1186 2129 θάνατον.
1204 2112 1214 2128 ι
1231 2090 1367 2137 Πρόδηλον
1381 2101 1420 2134 δὲ,
1433 2101 1473 2128 ὃτι
1488 2101 1557 2137 ὑπὲρ
1568 2101 1623 2128 τῶν
1641 2095 1774 2135 ἁμαρτιῶν
1786 2090 1825 2118 τοῦ

1062 2149 1164 2183 κόσμου
1178 2148 1294 2184 Χριστὸς
1305 2147 1433 2174 ἀπέθανε.
1452 2156 1461 2173 ι
1474 2148 1530 2174 Καὶ
1542 2146 1620 2173 δώσω
1637 2146 1697 2175 τοὺς
1709 2137 1827 2175 πονηροὺς

1063 2194 1122 2220 ἀντὶ
1140 2194 1190 2228 τῆς
1205 2194 1295 2229 ταφῆς
1310 2193 1403 2220 αὑτοῦ.
1421 2203 1431 2219 ι
1448 2193 1542 2228 Δῆλον,
1557 2193 1598 2219 ὅτι
1617 2191 1678 2222 τοὺς
1701 2183 1825 2229 Ἰουδαίους

226 2226 326 2268 divites
350 2248 399 2276 pro
413 2244 499 2268 morte
510 2241 622 2275 ejus”.i
641 2241 696 2268 Cur
719 2249 821 2275 qmeso,
833 2249 850 2267 υ
867 2241 997 2276 propheta

1064 2226 1205 2275 παρέδωκε
1219 2226 1279 2272 suis
1290 2240 1437 2276 Ρωμαίοις.
1453 2249 1463 2265 ‹
1478 2226 1533 2266 Καὶ
1545 2239 1610 2270 τοὺς
1624 2235 1760 2264 πλουσίους
1775 2226 1826 2276 Fufi

227 2286 276 2313 Dic
288 2287 367 2314 nobis
386 2291 490 2321 aperte,
508 2287 588 2322 cujus
606 2287 705 2322 gratia?
722 2286 775 2313 «Eo
794 2287 867 2322 quod
884 2287 1014 2321 iniquita-

226 2336 282 2359 tem
301 2340 356 2359 non
367 2332 475 2365 fecerit,
491 2340 578 2367 neque
598 2333 676 2360 dolus
698 2333 724 2359 in
737 2341 783 2360 ore
810 2333 896 2368 ipsius
920 2332 1015 2358 inven-

227 2382 272 2406 tus
288 2378 385 2406 οδω.»
400 2378 477 2412 251
488 2378 559 2411 Quid
573 2378 606 2405 ad
621 2378 678 2405 haec
693 2379 896 2413 respondebunt
910 2376 1015 2411 Iudici?
1032 2406 1040 2415 ν-

227 2423 295 2456 Quis
305 2423 396 2456 homo,
414 2424 485 2451 sicut
506 2424 575 2456 ovis,
601 2424 634 2451 ad
653 2423 818 2451 occisionem
835 2423 934 2450 ductus
956 2428 1008 2454 est,

227 2469 273 2504 qui
292 2473 432 2504 peceatum
444 2477 499 2496 non
517 2469 630 2496 fecerit?
651 2470 723 2496 Sane
748 2469 883 2497 nominem
906 2468 1011 2503 peccati

228 2519 366 2550 expertem
394 2521 521 2551 poterunt
542 2516 673 2548 indicare,
696 2520 794 2551 printer
817 2515 905 2543 solum
928 2515 1012 2542 Deum

228 2561 366 2590 hominem
377 2562 487 2590 factum.

266 2608 282 2634 9
312 2609 464 2636 Audiamus
479 2609 562 2635 etiam
579 2616 639 2643 qua:
654 2608 735 2635 habet
757 2608 879 2643 psalmus
902 2605 1011 2633 tricesi-

229 2661 291 2682 mus
308 2657 421 2689 quartus
437 2654 470 2681 de
486 2654 521 2681 iis
536 2661 595 2688 quae
610 2654 670 2680 falsi
686 2657 769 2681 testes
780 2654 923 2680 adversum
933 2651 1013 2679 Chri-

230 2704 302 2729 stum
316 2699 453 2728 testiﬁcati
472 2703 536 2727 sunt
553 2709 560 2727 ι
584 2709 593 2724 ι
614 2699 666 2732 Qui
691 2699 899 2726 insurrexerunt
920 2699 947 2725 in
971 2706 1015 2726 me

229 2750 314 2776 testes
339 2746 438 2781 iniqui,
452 2754 512 2782 quae
538 2745 695 2782 ignorabam
719 2745 923 2780 interrogabant
951 2752 1013 2772 me:

259 2846 285 2864 “
303 2846 376 2874 Psal.
394 2855 443 2874 vm
457 2867 464 2880 ,
479 2847 513 2879 2,
532 2848 560 2875 5.

615 2847 637 2863 ²⁸
656 2845 729 2874 Psal.
752 2854 803 2880 ιι,
822 2846 865 2874 10.

233 2883 256 2901 ιθ
275 2882 324 2911 Isa.
342 2889 407 2914 LIII,
426 2882 452 2910 7.

921 2847 943 2862 “
962 2845 1035 2874 Psal.
1057 2853 1093 2876 ιι,
1112 2846 1145 2876 l,
1161 2845 1189 2872 2.

491 2882 513 2900 ³⁰
533 2882 598 2911 tbid.
617 2882 642 2910 8.
682 2882 702 2913 *ἓ
722 2881 789 2911 ibid:
829 2881 851 2898 "
871 2880 936 2910 ibid.
956 2881 982 2910 9.
1020 2881 1042 2898 ⁸³
1063 2880 1128 2909 ibid.
1150 2880 1190 2908 f0.
1230 2880 1252 2896 “
1273 2879 1338 2907 ibid.

1063 2286 1110 2312 τοῦ
1122 2285 1238 2312 θανάτου
1249 2285 1342 2312 αὐτοῦ.
1357 2295 1367 2311 ι
1387 2286 1436 2312 Διὰ
1452 2285 1488 2317 τί,
1502 2282 1524 2312 ὢ
1535 2285 1660 2319 προφῆτα
1672 2290 1679 2314 ;
1696 2277 1758 2307 Εἰπὲ
1771 2272 1825 2319 ἡμῖν

1065 2331 1220 2368 προφανῶς,
1237 2332 1309 2362 τίνος
1325 2331 1422 2366 χάριν;
1442 2340 1452 2356 ι
1467 2331 1527 2357 Ὅτι
1547 2328 1681 2365 ἁμαρτίαν
1699 2324 1751 2368 οὒιξ
1763 2316 1825 2368 Em:

1064 2385 1139 2411 ησεν,
1169 2376 1229 2403 οὐδὲ
1251 2376 1326 2407 δόλος
1345 2375 1444 2412 εὑρέθη
1456 2375 1485 2402 ὲν
1497 2375 1536 2410 τῷ
1551 2375 1664 2409 στόματι
1677 2367 1761 2397 αὑτοῦ.
1775 2374 1783 2389 I
1799 2359 1825 2415 :ri

1064 2422 1132 2457 πρὸς
1150 2422 1234 2448 ταῦτα
1255 2422 1362 2457 ἐροῦσιν
1381 2422 1406 2448 οἱ
1427 2421 1567 2453 Ἰουδαῖοι;
1589 2420 1636 2450 Τίς
1654 2416 1783 2451 ἅνθρωπος
1794 2413 1826 2437 ως

1066 2467 1201 2502 πρόϐατον
1219 2468 1264 2493 ἐπὶ
1281 2467 1386 2502 σφαγὴν
1400 2467 1481 2502 ἤχθη,
1497 2465 1631 2501 ἁμαρτίαν
1652 2463 1688 2498 μὴ
1708 2457 1825 2502 mimi}

1066 2497 1122 2542 ἀλλ’
1142 2514 1192 2540 οὐκ
1206 2514 1296 2548 ἔχουσι
1304 2497 1395 2545 ’δείξαι
1410 2497 1747 2547 ἄνθρωπον-ἀναμάρτητον
1759 2501 1779 2528 εἷ
1795 2497 1825 2533 μὴ

1068 2559 1148 2594 μόνον
1157 2560 1202 2585 τὸν
1218 2558 1282 2585 Θεὸν
1297 2558 1440 2593 γενόμενον
1452 2557 1603 2592 ἄνθρωπον.
1761 2588 1766 2597 μ

1101 2605 1128 2632 9.
1145 2604 1360 2640 Ἀκούσωμεν-δὲ
1377 2604 1424 2630 καὶ
1448 2603 1512 2639 περὶ
1533 2601 1586 2629 τῶν
1609 2592 1824 2640 demoti-“915W?

1103 2629 1128 2632 -_
1152 2629 1342 2640 γ
1378 2629 1382 2630 ν
1485 2629 1491 2639 ⁸
1617 2629 1621 2635 Ι
1691 2629 1694 2630 ν

1065 2651 1119 2678 τῶν
1140 2651 1211 2677 κατὰ
1227 2650 1274 2676 τοῦ
1297 2648 1414 2685 Χριστοῦ
1441 2642 1757 2685 ψευδομαρτυρησάντωνζ

1069 2697 1119 2733 μοῦ
1137 2697 1188 2723 λδ¹⁶
1208 2706 1217 2722 ι
1229 2680 1406 2726 Ἀναστάντες
1422 2680 1466 2729 μοι
1485 2680 1620 2730 μάρτυρες
1643 2680 1827 2746 ειδικοι,ὶνῖῖἒ

1068 2743 1214 2777 ἐγίνωσκον
1228 2742 1340 2778 ἠρώτων
1354 2748 1413 2776 μοι’
1432 2734 1662 2767 ὰνταποδεδώκασί
1681 2738 1722 2767 μοι
1737 2728 1810 2756 mm?

1245 2845 1266 2860 ³⁷
1286 2844 1337 2871 lsa.
1360 2850 1407 2878 nr,
1428 2843 1462 2877 9,
1483 2843 1525 2872 l0.
1581 2841 1602 2858 ’⁸
1621 2835 1686 2868 Psal.
1705 2832 1784 2859 mn.
1799 2819 1824 2848 9·
