1924 3059
139 165 195 195 693

637 199 639 202 ν
660 156 890 194 ΟΠΕΞΤΙΟΝΕΞ
906 155 952 182 AD
971 153 1173 182 ANTIOCHUM
1193 151 1320 180 DUCEM.

1707 146 1759 173 694

140 225 202 253 ἀντὶ
218 223 337 258 ἀγαθῶν.
353 232 362 248 ι
386 221 480 255 Δῆλον,
505 220 545 247 ὅτι
561 217 598 247 ὧν
610 219 624 246 ὸ
638 218 754 254 Χριστὸς
773 218 801 244 ἐν
815 216 854 252 τῷ
866 215 923 251 λαῷ

983 214 1158 242 'etribuebant
1174 212 1241 240 mihi
1252 211 1324 239 mala
1337 217 1387 245 pro
1403 208 1483 236 bonis
1499 207 1532 235 ³⁸.
1556 216 1565 232 ι
1587 205 1686 233 Notum
1705 206 1759 232 uti—

141 271 217 306 αὺτῷ
233 270 365 305 πεποίηκε
378 277 385 284 ⁶
407 267 513 304 πρῶτον
529 267 578 303 μὲν
598 266 647 302 τὴν
665 266 753 300 ἔξοδον
770 263 858 292 αὐτῶν
879 263 926 299 τὴν

141 317 172 350 ἐξ
187 315 334 350 Αἰγύπτου,
352 315 398 341 καὶ
416 314 449 340 τὰ
468 314 548 340 λοιπὰ
566 313 651 349 μύρια
672 312 772 347 ἀγαθὰ,
788 311 806 338 ἃ
824 312 864 343 εἰς
880 311 927 337 αὐ-

140 362 205 392 τοὺς
220 360 376 396 εἰργάσατο,
391 359 486 386 ἔπειτα
501 359 528 385 δὲ
547 359 609 391 τοὺς
622 359 766 390 νοσοῦντας
780 359 869 385 αὐτῶν
887 358 927 385 ἰά-

143 414 218 432 σατο.
237 405 305 440 Περὶ
324 405 352 430 δέ
369 403 423 430 τῶν
445 403 674 439 μαστιγωσάντων
690 404 736 430 καὶ
756 403 928 439 ραπισάντων

140 451 189 478 τὸν
204 450 320 486 Χριστὸν
335 450 468 481 Ἡσαΐαςὸ
479 451 620 485 προφήτης
631 449 668 481 ὡς
679 442 710 476 ἐκ
725 449 869 485 προσώπου
880 449 927 475 τοῦ

142 496 261 532 Χριστοῦ
273 495 356 527 οὕτως
371 495 436 530 φησί
445 504 452 510 ·
468 505 477 521 ι
489 495 540 523 Τὸν
551 495 633 522 νῶτόν
649 504 699 531 μου
710 495 812 522 δέδωκα
824 496 864 527 εἰς
878 495 928 530 μά-

141 548 250 572 στιγας,
274 539 323 570 τὰς
346 538 374 565 δὲ
392 539 519 573 σιαγόνας
536 547 586 574 μου
601 539 640 570 εἰς
659 539 828 574 ῥαπίσματα,
854 539 884 566 τὸ
899 539 927 565 δέ

141 583 289 620 πρόσωπόν
310 592 359 619 μου
373 584 423 610 οὐκ
436 583 594 619 ἀπέστρεψα
613 583 666 609 ἀπὺ
682 583 812 619 αίσχύνης
826 584 928 619 ἐμπτυ-

143 629 287 664 σμάτων.»
311 629 425 664 ὀμοίως
451 628 480 655 δὲ
505 629 551 655 καὶ
577 629 591 655 ὀ
618 630 759 665 προφήτης
790 628 872 655 Δαΰὶδ
896 629 928 655 ἐκ

142 674 290 709 προσώπου
308 674 356 701 τοῦ
382 674 499 710 Χριστοῦ
519 675 548 702 ἐν
572 673 609 706 λζ’
628 674 727 710 ψαλμῷ
747 675 834 709 λέγει·
851 675 928 701 ι”Οτι

142 721 199 755 ἐγὼ
214 722 253 753 είς
278 721 412 756 μάστιγας
428 721 545 756 ἕτοιμος,
571 721 618 747 καὶ
637 722 653 756 ή
676 721 800 757 ἀλγηδών
819 730 868 756 μου
883 722 926 747 ἐν-

141 767 228 793 ώπιόν
244 767 294 802 μού
304 768 361 793 ἐστι
369 766 412 793 διὰ
424 768 532 798 παντός.
546 776 555 792 ι
564 767 630 804 Περὶ
640 767 668 794 δὲ
680 767 735 803 (77)
743 767 793 802 τῆς
803 767 928 802 πράσεως

142 812 191 838 τοῦ
209 811 327 846 Χριστοῦ
345 811 418 846 λέγει
431 812 564 847 Ἱερεμίας
580 814 594 839 ὁ
608 813 750 847 προφήτης
759 820 766 827 ⁸
784 821 793 837 σ
802 811 857 839 Καὶ
870 811 930 837 έλα-

142 858 191 884 σον
205 858 238 912 τά
256 858 402 912 τριάκοντα
418 858 547 894 ἀργύρια,
559 858 608 894 τὴν
622 858 704 893 τιμὴν
717 858 764 885 τοῦ
779 857 928 894 τετιμημέ-
945 884 966 912 Β

141 913 201 937 νου,
226 903 255 931 ὂν
271 905 433 940 ἐτιμήσαντο
453 904 508 931 ἀπὸ
527 904 592 930 υἱῶν
610 903 728 939 Ἰσραὴλ,
757 904 804 930 καὶ
825 904 928 930 ἔδωκαν

141 949 214 976 αὐτὰ
227 950 266 980 είς
273 948 318 975 τὸν
325 948 408 984 ἀγρὸν
417 948 463 975 τοῦ
474 949 627 984 κεραμέως,
640 948 730 980 καθὼς
742 947 869 981 συνέταξε
884 957 928 984 μοι

142 992 365 1030 Κύριος,›*Δρα
388 994 467 1021 τοῦτο
492 994 722 1030 παραγράψασθαι
752 994 875 1027 δύνασθε,
906 990 929 1020 ὦ

150 1039 282 1072 Ἰουδαῖοι,
292 1040 360 1076 ὅπερ
372 1039 424 1076 πρὸ
433 1039 579 1075 ὀφθαλμῶν
588 1040 687 1072 παντὸς
695 1039 742 1066 τοῦ
751 1040 853 1075 κόσμου
863 1040 930 1076 πρό-

142 1093 232 1112 κειται
250 1084 343 1111 ἔκτοτε
364 1085 410 1111 καὶ
426 1086 507 1120 μέχρι
520 1083 568 1111 τοῦ
589 1084 637 1111 νῦν
653 1092 660 1117 ;
676 1084 748 1119 λέγω
768 1085 800 1120 δὴ
817 1085 831 1111 ὁ
846 1085 930 1121 ἀγρὸς

142 1130 192 1157 τοῦ
208 1129 353 1166 κεραμέως
367 1131 407 1162 εἰς
422 1131 511 1166 ταφὴν
524 1132 580 1162 τοῖς
593 1130 832 1163 ξένοις.Ὤσαύτως
844 1131 872 1158 δὲ
884 1132 931 1158 καὶ

144 1176 281 1212 Ζαχαρίας
296 1177 310 1203 ὁ
324 1177 465 1212 προφήτης
481 1177 555 1211 λέγει
570 1177 634 1212 περὶ
649 1176 703 1204 τῶν
716 1177 862 1213 τριάκοντα
879 1178 929 1214 ἀρ-

144 1223 246 1258 γυρεων
259 1223 296 1254 ὡς
309 1223 340 1249 ἐκ
353 1222 498 1258 προσώπου
511 1222 558 1249 τοῦ
570 1223 688 1258 Χριστοῦ
698 1232 704 1238 ·
721 1233 730 1249 ι
747 1223 801 1250 Καὶ
813 1223 930 1259 ἔστησαν

145 1268 191 1295 τὸν
209 1268 303 1303 μισθόν
316 1277 366 1304 μου
377 1268 523 1303 τριάκοντα
537 1268 667 1304 ἀργύρια.
679 1278 689 1295 ι
699 1269 759 1295 ’Ότι
774 1269 802 1295 δὲ
816 1269 866 1304 τὴν
881 1270 931 1305 ἀρ-

145 1314 197 1350 χὴν
207 1314 256 1349 τῆς
270 1314 406 1350 σωτηρίας
422 1315 438 1350 ἡ
444 1313 512 1350 μῶν,
537 1315 619 1356 ήγουν
633 1314 678 1341 τὸν
698 1315 789 1351 τίμιον
804 1315 930 1351 σταυρὸν,

145 1360 176 1386 ὲν
186 1361 242 1392 τοῖς
256 1360 331 1392 ἰδίοις
344 1359 430 1395 ὤμοις
443 1359 524 1386 αὐτοῦ
541 1359 689 1387 ἐϐάστασεν
700 1360 714 1386 ὁ
729 1360 845 1396 Χριστὸς
859 1361 932 1396 ὑψω-

147 1405 205 1437 θεὶς
222 1406 251 1432 ἐν
274 1405 357 1441 αὐτῷ,
380 1406 491 1437 Ἡσαΐας
514 1405 528 1431 ὁ
552 1406 695 1441 προφήτης
718 1406 750 1432 ἐκ
775 1406 932 1442 Πνεύματος

144 1450 226 1484 ἁγίου
250 1451 444 1486 προφητεύσας
472 1448 558 1483 εἶπεν,
579 1451 619 1477 ὅτι
639 1460 648 1477 ι
664 1451 772 1478 Παιδίον
802 1452 932 1487 ἐγεννήθη

146 1497 223 1531 ἡμῖν,
237 1495 294 1528 υἱὸς
312 1496 360 1523 καὶ
375 1496 452 1532 ἐδόθη
475 1497 551 1532 ἡμῖν,
568 1493 626 1531 οὗή
641 1497 712 1532 ἁρχὴ
733 1497 779 1523 ἐπὶ
798 1497 844 1523 τοῦ
857 1497 931 1533 ῶμου

976 267 1028 295 que
1039 264 1081 288 est
1097 259 1198 287 Christi
1212 256 1390 286 beneficentia
1403 275 1411 288 ,
1430 254 1519 290 primo
1536 254 1656 288 ipsorum
1672 260 1759 287 popu-

976 306 1031 333 lum
1047 314 1080 333 ex
1090 305 1206 341 Egypto
1222 303 1393 334 discessisse,
1407 305 1559 335 caeteraque
1571 307 1651 334 quam
1674 299 1759 333 pluri-

976 359 1020 379 ma
1047 351 1074 379 in
1103 351 1164 378 illos
1188 351 1258 378 bona
1276 357 1337 377 eum
1354 347 1524 376 contulisse:
1542 353 1635 376 eorum
1651 352 1759 380 quoque

976 397 1082 425 sanavit
1096 397 1229 424 inﬁrmos.
1246 396 1283 423 De
1311 396 1345 423 iis
1369 399 1458 422 autem
1473 393 1519 428 qui
1539 392 1710 425 ﬂagellarunt
1733 395 1760 418 et

977 447 1174 479 percusserunt
1197 442 1347 474 Christum,
1363 441 1403 468 sic
1421 448 1454 467 ex
1471 438 1573 466 Christi
1591 445 1706 473 persona
1719 437 1759 464 lo—

977 491 1070 525 quitur
1086 490 1171 517 Isaias
1186 497 1193 515 ε
1218 497 1227 514 ‹
1245 487 1361 515 Dorsum
1385 493 1476 514 meum
1492 485 1554 512 dedi
1583 484 1616 510 ad
1633 483 1738 519 ﬂagella
1749 503 1759 515 ,

977 541 1003 564 et
1016 543 1099 571 genas
1115 542 1189 562 meas
1199 534 1233 561 ad
1246 534 1339 568 alapas
1353 543 1360 560 :
1377 533 1474 560 faciem
1492 534 1582 558 autem
1600 538 1688 557 meam
1704 538 1758 557 non

978 582 1064 609 averti
1089 581 1123 609 ah
1146 580 1297 618 ignominia
1311 582 1454 615 sputorum
1469 577 1503 604 ".
1523 587 1532 604 ι
1551 576 1682 604 Similiter
1697 576 1759 603 item

977 628 1061 655 David
1076 628 1209 664 propheta
1225 634 1259 654 ex
1273 625 1376 654 Christi
1390 631 1509 660 persona
1530 623 1559 650 in
1583 623 1688 657 psalmo
1711 622 1761 648 tri-

977 675 1079 702 cesimo
1090 674 1205 709 septimo
1220 674 1258 700 ait
1274 682 1280 700 :
1300 681 1309 698 (
1326 671 1458 704 Quoniam
1480 676 1530 705 ego
1545 669 1572 696 in
1592 668 1696 704 ﬂagella
1711 676 1761 703 pa-

979 725 1055 748 ratus
1072 728 1131 747 sum
1142 740 1149 753 ,
1170 723 1197 748 et
1210 719 1288 747 dolor
1301 725 1379 745 meus
1393 717 1421 744 in
1441 719 1589 750 conspectu
1605 722 1667 742 meo
1690 722 1762 742 sem-

978 774 1026 802 per
1039 766 1072 793 ".
1094 775 1104 792 ι
1122 765 1186 793 Ilaec
1199 773 1308 800 quoque
1333 764 1366 792 de
1393 763 1495 790 Christi
1521 761 1675 790 venditione
1697 760 1763 788 dicit

977 812 1109 840 Jeremias
1122 821 1130 840 :
1150 821 1159 837 ε
1181 811 1213 839 Ει
1228 813 1392 846 acceperunt
1406 809 1517 844 triginta
1530 810 1686 843 argenteos,
1702 814 1765 842 pre-

978 859 1047 886 tium
1063 857 1216 894 appretiati,
1233 865 1313 893 quem
1325 855 1547 892 appretiaverunt
1559 861 1574 880 a
1592 853 1654 880 ﬁliis
1668 852 1762 885 Israel,

978 908 1005 932 et
1021 904 1154 932 dederunt
1169 911 1217 932 eos
1240 903 1269 930 in
1292 909 1387 937 agrum
1408 900 1503 936 ﬁguli,
1530 899 1602 927 sicut
1621 899 1765 926 constituit

978 951 1044 979 mihi
1064 951 1195 978 Dominus
1206 950 1239 977 ⁸⁵.
1257 958 1267 975 ι
1290 948 1332 974 An
1348 946 1419 974 istud
1436 946 1587 980 depravare
1606 944 1732 979 potestis.
1747 951 1764 970 0

978 996 1074 1030 Judaei,
1087 997 1160 1032 quod
1176 999 1239 1023 ante
1250 995 1345 1022 oculos
1361 993 1445 1020 totius
1458 991 1551 1019 mundi
1566 999 1600 1018 ex
1613 991 1660 1018 illo
1668 990 1702 1017 ad
1713 990 1765 1017 hoc

979 1051 1066 1079 usque
1080 1046 1188 1078 tempus
1202 1041 1357 1076 expositum
1372 1039 1435 1067 est?
1453 1037 1564 1073 Loquor
1588 1037 1717 1064 nimirum
1731 1036 1765 1064 de

979 1097 1044 1125 agro
1061 1089 1135 1125 ﬁguli
1148 1087 1182 1116 ad
1198 1087 1366 1122 sepulturam
1380 1084 1588 1121 peregrinorum
1604 1082 1763 1118 comparati.

979 1135 1081 1164 Eodem
1093 1134 1174 1162 modo
1188 1133 1337 1161 Zacharias
1347 1132 1478 1168 propheta
1489 1130 1523 1158 de
1537 1130 1649 1165 triginta
1666 1136 1765 1164 argen-

979 1183 1031 1211 teis
1047 1182 1213 1210 mentionem
1228 1180 1305 1212 facit.
1316 1180 1391 1207 velut
1403 1186 1436 1206 ex
1448 1185 1564 1213 persona
1571 1176 1673 1204 Christi
1687 1184 1692 1201 :
1709 1185 1718 1201 ι
1733 1175 1766 1202 Et

981 1228 1168 1265 appenderunt
1178 1226 1330 1255 mercedem
1346 1232 1434 1253 meam
1445 1224 1556 1260 triginta
1564 1222 1740 1259 argenteis".
1753 1231 1763 1247 ι

981 1275 1059 1309 Quod
1067 1275 1130 1303 item
1140 1274 1238 1302 salutis
1247 1276 1348 1301 nostra;
1355 1271 1531 1307 principium,
1541 1269 1688 1305 pretiosam
1696 1267 1768 1295 vide-

981 1322 1044 1349 licet
1054 1328 1175 1353 crueem,
1188 1320 1246 1348 suis
1255 1320 1313 1355 ipse
1320 1318 1442 1346 humeris
1452 1316 1687 1346 tuleritChristus,
1696 1314 1724 1341 in
1734 1322 1766 1342 ea

981 1368 1126 1400 exaltatus,
1136 1367 1220 1395 Isaias
1229 1366 1360 1402 propheta
1369 1372 1401 1392 ex
1411 1363 1513 1399 Spiritu
1522 1366 1616 1390 sancto
1626 1361 1669 1388 his
1677 1359 1767 1388 verbis

982 1414 1154 1450 prophelavit
1171 1423 1177 1440 :
1196 1422 1206 1438 ί
1217 1412 1288 1440 Puer
1299 1416 1379 1439 natus
1393 1414 1434 1437 est
1445 1409 1534 1441 nobis,
1546 1408 1616 1435 ﬁlius
1631 1410 1713 1434 natus
1725 1409 1767 1433 est

983 1460 1073 1493 nobis,
1089 1458 1168 1494 cujus
1183 1458 1353 1494 principatus
1373 1463 1456 1490 super
1476 1454 1618 1481 humerum
1632 1452 1692 1486 ejus
1703 1451 1737 1484 ⁸ο,
1754 1460 1764 1476 ι

983 1506 1087 1534 scilicet
1104 1513 1170 1532 crux
1188 1503 1304 1531 viviﬁca.
1322 1502 1359 1530 De
1376 1502 1469 1536 spinea
1495 1507 1560 1528 vero
1579 1505 1680 1525 corona
1697 1497 1768 1524 scri-

146 1542 229 1568 αὐτοῦ
240 1550 246 1557 ·
263 1551 273 1567 ι
294 1541 431 1569 τουτέστιν
446 1543 459 1568 ὸ
471 1541 601 1573 ζωοποιὸς
617 1543 740 1578 σταυρός.
756 1543 824 1578 Περὶ
838 1542 866 1569 δὲ
882 1543 929 1569 τοῦ

985 1556 1059 1586 ptum
1075 1550 1156 1578 estin
1169 1549 1290 1577 Canticis
1315 1548 1502 1575 canticorum:
1522 1554 1531 1571 ι
1552 1544 1626 1572 Filiae
1654 1542 1767 1570 Jerusa-

147 1587 290 1614 ἁκανθίνου
307 1588 438 1622 στεφάνου
453 1588 606 1624 γέγραπται
622 1588 650 1615 ὲν
668 1590 725 1620 τοῖς
741 1588 861 1623 ”ᾼσμασι
877 1588 930 1615 τῶν

148 1635 291 1670 ᾀσμάτων·
317 1644 326 1661 ‹
344 1635 498 1671 Θυγατέρες
522 1635 707 1672 Ἰερουσαλὴμ,
732 1636 864 1669 ἑξέλθετε,
886 1637 933 1664 καὶ

149 1680 219 1706 ῐδετε
237 1680 283 1706 τὸν
307 1679 436 1715 στέφανον
455 1680 485 1707 ὃν
505 1681 692 1715 ἐστεφάνωσεν
710 1681 791 1708 αὐτὸν
809 1682 826 1717 ή
842 1682 933 1717 μήτηρ

149 1726 231 1752 αὐτοῦ
241 1735 247 1741 ·
259 1736 268 1752 ι
279 1726 416 1753 τουτέστιν
430 1726 446 1762 ἡ
460 1727 604 1762 συναγωγὴ
619 1727 671 1753 τῶν
687 1726 818 1754 Ἰουδαίων
831 1727 934 1763 (μήτηρ

149 1772 205 1807 γὰρ
227 1771 344 1807 Χριστοῦ
366 1771 434 1807 αὕτη
454 1772 525 1800 κατὰ
548 1772 636 1808 σάρκα
657 1773 784 1807 νοεῖται),
800 1773 829 1799 ἐν
843 1772 934 1808 ἡμέρᾳ

149 1817 327 1852 νυμφεύσεως
344 1817 438 1849 αὑτοῦ,
462 1818 509 1844 καὶ
525 1818 554 1844 ἐν
572 1817 664 1853 ἡμέρα
681 1818 849 1853 εὐφροσύνης
865 1826 933 1854 καρ-

149 1864 209 1896 δὶας
225 1863 317 1890 αὐτοῦ.
331 1873 340 1890 ι
364 1863 499 1899 Πρόδηλον
519 1863 558 1895 δὲ,
570 1864 610 1890 ὅτι
621 1865 638 1899 ὴ
656 1864 746 1899 ἡμέρα
763 1862 810 1890 τοῦ
833 1863 935 1895 πάθους

149 1907 198 1934 τοῦ
214 1908 331 1943 Χριστοῦ
340 1905 374 1943 ἦν
386 1908 476 1943 ἡμέρα
491 1907 659 1943 εὐφροσύνης
673 1908 755 1935 αὐτοῦ
764 1907 809 1934 διὰ
822 1909 870 1944 τὴν
881 1917 934 1934 σω-

149 1954 248 1989 τηρίαν
272 1953 359 1989 ἡμῶν.
370 1954 473 1989 Ὥσπερ
491 1953 545 1989 γὰρ
561 1953 676 1980 ἄκανθαι
694 1961 774 1985 τινες.
787 1952 873 1985 οὕτως
885 1954 936 1980 ὐπ-
957 1957 963 1963 ⁵

151 2000 235 2036 ἦρχον
251 2001 279 2027 αἱ
292 2000 423 2036 ἁμαρτίαι
437 1999 484 2026 τοῦ
496 2000 608 2035 κόσμου,
618 1999 738 2033 ἅστινας,
747 1999 831 2026 ἐλθὼν
843 2000 858 2026 ὁ
868 2001 935 2036 Χρι-

152 2045 214 2077 στὸς
228 2046 243 2072 ὁ
263 2046 359 2081 Ἀμνὸς
380 2045 428 2072 τοῦ
452 2045 519 2072 Θεοῦ
533 2047 547 2072 ὁ
571 2045 656 2080 αἴρων
670 2045 718 2080 τὴν
734 2046 869 2081 ἁμαρτίαν
889 2046 936 2073 τοῦ

151 2093 268 2128 κόσμου,
284 2088 417 2128 ἐξήλειψε.
440 2092 495 2121 Καὶ
511 2091 635 2126 καθάπερ
649 2091 692 2117 διὰ
708 2090 754 2117 τοῦ
770 2091 875 2127 καρποῦ
889 2092 936 2118 τοῦ

153 2138 233 2171 ξύλου
249 2139 266 2174 ἠ
280 2138 412 2174 ἁμαρτία,
430 2137 499 2164 οὕτω
513 2137 556 2164 διὰ
570 2136 617 2163 τοῦ
630 2136 708 2170 ξύλου
726 2138 774 2164 τοῦ
790 2138 906 2173 σταυροῦ
920 2139 936 2173 ἡ

154 2185 284 2220 σωτηρία.
298 2184 352 2211 Καὶ
373 2184 417 2211 διὰ
431 2184 510 2210 τοῦτο
524 2183 553 2210 ἐν
568 2184 648 2219 κήπῳ
663 2183 693 2209 τὸ
709 2182 794 2215 πάθος
811 2183 857 2209 τοῦ
870 2184 937 2219 Χρι-

985 1598 1048 1630 lem,
1060 1595 1220 1632 egredimini
1237 1599 1264 1622 et
1280 1594 1369 1622 videte
1394 1593 1541 1623 coronam',
1558 1597 1611 1625 qua
1627 1588 1769 1616 cor0navit

986 1650 1047 1671 eum
1056 1646 1143 1670 mater
1157 1649 1217 1674 sua,
1235 1650 1245 1667 ι
1263 1647 1359 1675 nempe
1372 1639 1527 1666 Iudaeorum
1542 1636 1682 1672 Synagoga
1697 1635 1769 1670 (ipsa

986 1688 1058 1715 enim
1073 1691 1160 1714 mater
1174 1685 1277 1714 Christi
1294 1683 1443 1712 secundum
1460 1689 1569 1710 carnem
1584 1679 1768 1714 inleiligitur),

990 1742 999 1759 ‹
1014 1732 1043 1760 in
1055 1732 1098 1760 die
1108 1729 1326 1766 desponsationis
1337 1729 1407 1763 ejus,
1424 1731 1451 1756 et
1473 1728 1500 1754 in
1517 1726 1561 1754 die
1576 1724 1771 1752 exsultationis

987 1777 1079 1804 cordis
1102 1777 1186 1804 illius.
1215 1785 1225 1801 ι
1244 1774 1417 1801 Manifestum
1442 1776 1532 1800 autem
1558 1774 1600 1798 est
1613 1769 1696 1802 diem,
1715 1776 1769 1804 qua

987 1830 1085 1858 passus
1104 1825 1146 1849 est
1166 1820 1304 1852 Christus,
1316 1819 1387 1846 diem
1407 1819 1466 1853 ejus
1480 1815 1671 1845 exsultationis
1686 1814 1771 1842 fuisse

987 1871 1097 1903 propter
1114 1867 1228 1894 salutem
1253 1869 1385 1892 nostram.
1415 1863 1503 1890 lnstar
1529 1861 1603 1889 enim
1629 1860 1771 1895 spinarum

988 1914 1064 1941 fuere
1078 1913 1171 1946 mundi
1189 1916 1312 1948 peccata,
1329 1918 1389 1946 quae
1407 1916 1457 1937 suo
1481 1908 1600 1936 adventu
1622 1906 1750 1934 Christus
1761 1923 1770 1937 ,

987 1960 1080 1995 Agnus
1096 1958 1142 1986 Dei
1153 1978 1160 1990 ,
1187 1961 1328 1993 peccatum
1343 1955 1436 1982 mundi
1451 1954 1548 1981 tollens
1564 1973 1571 1985 ,
1601 1951 1710 1979 delevit.
1731 1950 1772 1976 Ac

989 2003 1215 2040 quemadmodum
1234 2010 1282 2038 per
1294 2002 1413 2029 fructum
1433 2000 1516 2036 ligni,
1544 2001 1703 2034 peccatum;
1732 1996 1773 2023 sic

990 2059 1037 2086 per
1050 2037 1153 2086 ligniun
1168 2037 1268 2080 crucis,
1284 2048 1368 2076 salus.
1386 2046 1462 2074 Unde
1477 2047 1503 2073 in
1517 2045 1597 2072 horto
1612 2050 1710 2079 passus
1725 2046 1769 2070 est

989 2097 1125 2128 Christus,
1142 2096 1204 2131 quia
1221 2096 1248 2122 in
1265 2095 1392 2130 paradiso
1408 2093 1493 2120 Adam
1509 2094 1678 2127 peccaverat.
1702 2088 1773 2116 llinc

990 2147 1013 2169 et
1027 2142 1124 2169 latroni
1142 2141 1286 2176 paradisus
1313 2147 1329 2166 a
1352 2146 1434 2166 cruce
1450 2137 1588 2172 aperitur:
1606 2136 1668 2162 hinc
1697 2138 1774 2162 sexta

991 2187 1057 2214 hora
1068 2187 1214 2214 cruciﬁxus
1232 2185 1358 2213 Christus
1370 2187 1422 2215 est,
1433 2182 1496 2217 quia
1510 2180 1696 2216 pomeridiano
1705 2182 1775 2205 tem-

155 2231 218 2257 στοῦ
233 2231 354 2265 γέγονεν,
370 2229 462 2265 ἐπειδὴ
476 2231 504 2257 ἐν
523 2229 678 2265 παραδείσῳ
693 2229 798 2265 παρέὕη
811 2231 826 2256 ὁ
844 2229 929 2265 Ἀδάμ

993 2241 1057 2268 pore
1069 2233 1154 2260 Adam
1166 2232 1296 2267 expulsus
1307 2236 1358 2258 est.
1374 2229 1420 2257 Fel
1435 2231 1538 2264 gustat,
1555 2231 1586 2253 ut
1602 2224 1774 2253 dulcedinem

153 2277 204 2303 Διὰ
222 2277 299 2303 τοῦτο
317 2277 364 2302 καὶ
384 2276 469 2312 λῃστῇ
483 2276 644 2311 παράδεισος
659 2270 712 2303 ἀπὸ
733 2276 849 2312 σταυροῦ
863 2277 936 2303 ἀνοί-

154 2323 307 2362 Y£1at‘_6tdt
326 2322 404 2349 τοῦτο
420 2322 448 2348 δὲ
471 2322 516 2349 καὶ
537 2322 595 2358 ὥρᾳ
616 2323 682 2358 ἕκτῃ
701 2323 715 2348 ὁ
729 2323 844 2358 Χριστὸς
859 2332 938 2350 σταυ-

158 2369 260 2405 ροῦται,
277 2369 368 2404 ἐπειδὴ
388 2368 419 2394 τὸ
435 2367 546 2394 δειλινὸν
563 2369 577 2394 ὁ
593 2367 678 2402 Ἀδὰμ
694 2367 837 2404 ἐξωρίσθη.
852 2369 939 2404 Χολῆς

155 2416 276 2450 γεύεται,
293 2416 336 2441 ἴνα
349 2415 398 2450 τὴν
413 2413 568 2449 γλυκύτητα
582 2413 632 2448 τῆς
653 2414 755 2448 πικρᾶς
775 2414 871 2449 ἡδονῆς
893 2414 939 2440 τοῦ

163 2462 249 2497 ’Λδὰμ
267 2462 389 2497 ἰάσηται·
407 2460 559 2496 ραπίξεται,
579 2459 622 2486 ἵνα
639 2460 700 2495 ἐμοὶ
721 2460 770 2494 τὴν
786 2459 940 2495 ἐλευθερίαν

156 2509 314 2545 χαρίσηται·
333 2507 492 2542 ἐμπτύεται,
516 2507 560 2533 ἴνα
573 2506 604 2532 τὺ
623 2506 772 2541 ἐμφύσημα
794 2506 840 2532 τοῦ
863 2507 939 2539 ἁγίου

157 2555 315 2590 Πνεύματος
340 2555 406 2590 ἡμῖν
435 2553 600 2589 χαρίσηται·
619 2552 829 2588 φραγγελοῦται,
846 2553 889 2579 ἵνα
911 2553 941 2579 τὸ

157 2602 204 2628 ἐπὶ
213 2601 259 2628 τοῦ
271 2601 354 2628 νώτου
366 2600 442 2635 ήμῶν
455 2599 563 2635 φορτίον
574 2598 628 2625 τῶν
637 2598 777 2637 ἁμαρτιῶν
792 2599 924 2634 σκορπίσῃ
932 2608 938 2614 ·

158 2646 306 2682 γυμνοῦται
320 2647 348 2672 ἐν
360 2645 440 2680 ξύλῳ,
449 2645 492 2672 ἵνα
507 2645 555 2680 τὴν
567 2644 637 2680 ἐμὴν
653 2642 783 2678 αἰσχύνην
799 2644 922 2680 σκεπάσῃ
932 2653 938 2659 -

158 2691 327 2719 θανατοῦται.
342 2691 387 2718 ἴνα
407 2691 456 2726 ἐμὲ
480 2690 635 2726 ζωοποιήσῃ
647 2698 654 2704 ·
670 2689 872 2724 κατακρίνεται,
898 2689 942 2717 ἵνα

196 2771 218 2786 ⁸⁵
236 2769 309 2797 Psal.
327 2776 421 2799 xxxrv,
441 2768 469 2794 Η
481 2787 490 2799 ,
508 2768 552 2795 12.

161 2806 183 2822 ³⁹
202 2806 254 2833 lsa.
272 2813 315 2837 ιι,
331 2805 358 2832 6.
395 2804 418 2820 ⁵⁰
437 2803 516 2831 Cant.
534 2809 581 2835 In,
600 2802 644 2830 Μ.

197 2882 253 2918 (T7)
268 2882 335 2918 Reg.
348 2882 376 2918 5,
389 2881 437 2916 τῆς
450 2880 586 2916 πράσεως.
600 2877 683 2913 Editi,
701 2878 864 2914 προδόσεως.

608 2767 631 2782 ³⁸
650 2766 702 2794 lsa.
720 2774 753 2799 ι.,
773 2765 799 2794 6.
838 2766 859 2782 ³⁷
879 2766 951 2795 PsaL
971 2774 1082 2800 xxxvii,
1101 2766 1145 2794 l4.

990 2287 1090 2306 amarae
1104 2278 1250 2314 voluptatis
1267 2276 1361 2304 Adami
1374 2278 1452 2304 sanet
1468 2283 1474 2301 ε
1502 2273 1588 2308 alapis
1610 2270 1773 2307 percutitur,

991 2325 1186 2352 utlihertatcm
1208 2323 1287 2350 nobis
1310 2322 1412 2350 donet:
1438 2319 1610 2354 conspuitur,
1629 2320 1660 2344 ut
1685 2316 1774 2343 sancti

991 2369 1111 2406 Spiritus
1133 2370 1250 2397 adlatum
1275 2368 1353 2396 nobis
1381 2366 1516 2402 impertiat
1532 2373 1538 2392 :
1556 2362 1723 2397 ﬂagellatur,
1745 2364 1776 2387 ut

991 2421 1113 2444 nostram
1131 2419 1305 2451 peccatorum
1323 2413 1459 2442 sarcinam
1479 2411 1561 2438 dorso
1576 2417 1626 2436 suo
1637 2406 1750 2436 ventilet
1766 2415 1774 2433 :

994 2462 1021 2489 in
1037 2462 1109 2496 ligno
1125 2461 1262 2492 nudatur,
1293 2463 1321 2486 ut
1348 2466 1436 2486 meam
1457 2456 1561 2492 operiat
1579 2453 1774 2490 ignominiam:

993 2507 1118 2537 moritur.
1133 2510 1162 2533 ut
1178 2514 1220 2533 me
1236 2505 1371 2533 viviﬁcet:
1392 2503 1589 2530 condemnatur
1601 2520 1608 2533 ,
1637 2502 1668 2526 ut
1693 2505 1736 2525 me
1760 2505 1776 2524 a

991 2553 1180 2580 maledictione
1194 2552 1306 2579 liberet:
1326 2553 1407 2586 caput
1431 2548 1492 2583 ejus
1503 2546 1636 2574 arundine
1655 2543 1777 2580 percuti—

991 2602 1046 2630 tur,
1065 2603 1094 2625 ut
1109 2597 1243 2632 serpentis
1264 2600 1346 2631 caput
1371 2597 1513 2623 conterat:
1538 2593 1632 2619 lancea
1647 2590 1777 2625 puugitur

992 2644 1063 2671 latus
1079 2643 1149 2678 ejus.
1167 2647 1197 2670 ut
1218 2651 1252 2670 ex
1271 2642 1367 2669 Adami
1390 2641 1476 2668 latere
1501 2643 1619 2667 creatam
1635 2637 1776 2664 mulierem

992 2693 1089 2722 sanet,
1107 2689 1314 2724 ﬂammeamque
1336 2686 1608 2722 rhomphmamqua:
1633 2682 1777 2710 adversum

1202 2766 1225 2783 “
1243 2764 1343 2794 Jerem.
1362 2770 1453 2797 xxx",
1472 2762 1509 2797 9;
1527 2759 1621 2788 Matth.
1641 2765 1732 2792 xxvn,
1748 2757 1777 2786 9.
