1924 3059
196 119 250 148 695

755 117 784 145 s.
804 98 1036 144 “maestus.
1057 128 1091 134 —
1110 113 1245 142 SPURIA.

1764 105 1833 134 696

196 186 248 206 nos
277 178 421 212 vibratur,
444 176 584 210 inhibeat,
608 182 642 204 ac
665 175 745 204 nobis
760 174 833 203 viam
860 172 979 209 paradisi

1033 171 1081 207 ἐμὲ
1092 172 1142 206 τῆς
1154 172 1276 208 κατάρας
1293 171 1429 207 ἀπολύσῃ·
1444 168 1560 204 καλάμῳ
1575 166 1624 203 τὴν
1637 164 1764 212 κεφαλὴνλ
1775 163 1836 212 τύ-

196 223 289 258 aperia

1033 225 1139 249 πτεται,
1155 218 1200 244 ἵνα
1213 219 1263 254 τὴν
1278 217 1324 245 τοῦ
1342 218 1429 252 ὄφεως
1450 214 1569 249 κεφαλὴν
1592 211 1738 247 συντρίψῃὶ
1756 209 1835 244 λόγ-

195 255 231 306 χη
245 270 295 304 τὴν
310 268 430 304 πλευρὰν
450 267 584 299 νύττεται,
601 266 655 302 (78)
673 266 716 294 ἵνα
731 266 780 302 τὴν
795 266 827 292 ὲκ
835 266 885 301 τῆς
899 263 1018 300 πλευρᾶς
1047 262 1094 289 τοῦ
1129 263 1215 298 Ἀδὰμ
1241 262 1397 291 κτισθεῖσαν
1425 259 1599 306 θεραπεύσῃ)
1617 258 1665 286 καὶ
1686 257 1735 293 τὴν
1751 255 1834 291 φλο-

170 327 173 332 ·
196 305 273 351 γίνην
288 314 423 350 ῥομφαίαν
446 313 495 350 τὴν
515 313 574 340 καθ’
585 313 663 348 ἡμῶν
679 312 865 348 στρεφομένην
879 310 982 346 παύσῃ,
1003 309 1050 336 καὶ
1066 309 1115 345 τὴν
1131 309 1191 336 ὁδὸν
1207 311 1272 346 ἡμῖν
1285 309 1331 337 τοῦ
1347 308 1511 345 παραδείσου
1525 305 1629 343 ἀνοίξῃ.

233 372 275 400 to.
296 371 356 400 Jam
384 371 458 408 quod
482 371 509 400 in
533 371 622 399 medio
636 374 717 398 terra:
731 370 857 398 Christus
871 368 976 397 crucili-

194 418 299 453 gendus
321 423 412 451 esset,
435 418 463 445 in
479 418 583 453 psalmo
598 417 798 452 septuagesimo
812 415 893 444 tertio
909 414 980 442 scri-

194 467 271 500 ptum
287 469 340 497 est,
356 473 367 491 (
386 463 459 492 Deus
485 472 532 492 rex
556 467 650 492 noster
663 467 727 490 ante
739 462 838 490 saecula
853 464 981 496 operatus

194 513 237 537 est
261 509 377 536 salutem
394 508 422 536 in
443 508 534 536 medio
550 512 630 536 terra
643 507 676 535 δι.
699 517 708 533 ι
726 505 802 540 Quod
828 506 892 533 item
919 512 981 532 cum

194 554 347 582 latronibus
367 558 440 582 esset
453 553 577 582 Christus
597 553 813 588 erucitigendus,
827 551 912 579 lsaias
925 551 981 578 ait:

197 609 206 625 ι
224 599 257 626 Et
268 607 330 627 cum
351 599 453 634 iniquis
470 602 610 634 reputatus
623 602 666 626 est
680 598 714 624 “.
734 607 743 623 ι
761 597 798 624 De
812 597 897 624 clavis
907 603 976 631 quov

191 653 247 680 que
270 649 297 672 et
327 644 473 680 partitione
500 644 725 672 vestimentorum
748 643 808 677 ejus
833 642 873 669 sic
896 641 978 668 habet

192 691 315 726 psalmus
336 690 481 719 vicesimus
501 691 624 726 primus:
642 699 652 715 ι
670 689 809 717 Foderunt
824 688 904 723 252
922 694 979 714 ma-

192 745 245 765 nus
262 745 336 764 meas
355 740 382 764 et
404 737 486 772 pedes
506 743 582 764 meos
594 755 602 767 ,
627 736 869 763 dinumeraverunt
888 733 979 761 omnia

192 790 256 810 ossa
271 790 331 810 mea
343 792 350 810 :
364 782 518 810 diviserunt
542 782 594 809 sibi
618 782 780 810 vestimenta
805 787 876 812 mea.
893 783 920 807 et
937 786 981 806 su-

1066 367 1109 395 10.
1121 369 1182 395 Ὂτι
1202 368 1230 395 δὲ
1247 369 1276 396 ὲν
1293 368 1368 403 μέσῳ
1390 367 1439 402 τῆς
1455 366 1506 400 γῆς
1529 363 1641 400 ἔμελλεν
1663 362 1678 389 6
1699 359 1833 397 Χριστὸς

1032 413 1225 450 σταυροῦσθαι,
1239 414 1269 441 ὲν
1282 413 1323 448 ογ¹
1334 412 1435 448 ψαλμῷ
1449 411 1602 446 γέγραπται
1612 417 1619 424 ⁸
1641 418 1650 434 ι
1661 406 1691 436 Ὀ
1706 407 1735 434 δὲ
1751 405 1831 437 Θεδς

1033 459 1159 495 βασιλεὺς
1177 459 1255 494 ήμῶν
1279 459 1331 495 πρὸ
1346 458 1451 486 αἰώνων
1471 455 1617 492 εἰργάσατο
1641 452 1780 489 σωτηρίαν
1796 451 1832 478 ὲν

1035 505 1109 541 μέσῳ
1121 506 1171 540 τῆς
1187 506 1248 540 γῆς.
1259 514 1269 531 ι
1284 505 1339 532 Kal.
1351 505 1392 531 ὅτι
1407 502 1476 539 μετὰ
1488 502 1594 539 λῃστῶν
1609 499 1718 536 ἔμελλεν
1731 500 1745 526 6
1755 499 1833 534 Χρι-

1034 551 1096 583 στὸς
1113 551 1302 587 σταυροῦσθαι,
1318 550 1431 582 Ἡσαΐας
1453 549 1535 585 φησί(
1554 557 1563 574 ‹
1591 547 1645 575 Καὶ
1672 545 1741 581 μετὰ
1763 544 1830 571 ἀνό-

1032 606 1090 633 μων
1107 597 1243 634 ἐλογίσθη.
1258 607 1267 623 ι
1286 597 1356 632 Περὶ
1371 597 1400 623 δὲ
1413 596 1467 623 τῶν
1485 595 1556 630 ἥλων
1572 594 1619 621 καὶ
1631 592 1678 620 τοῦ
1694 593 1830 628 διαμερι-

1031 642 1100 679 σμοῦ
1114 643 1168 670 τῶν
1189 643 1304 679 ἱματίων
1318 642 1412 675 αὑτοῦ,
1436 641 1543 677 ψαλμὸς
1565 640 1606 666 κα¹
1632 638 1703 666 οὕτω
1723 637 1826 672 λέγει·

1033 689 1167 724 «Ὤρυξαν
1190 689 1283 726 χεῖράς
1309 698 1359 724 μου
1378 689 1426 715 καὶ
1442 687 1525 719 πόδας
1547 695 1608 722 μου,
1630 684 1827 720 ἐξηρίθμησαν

1031 735 1120 762 πάντα
1141 735 1175 763 τὰ
1197 735 1264 763 ὀστᾶ
1290 743 1358 770 μου”
1375 733 1563 770 διεμερίσαντο
1585 732 1620 758 τὰ
1645 730 1741 766 ἱμάτιά
1770 738 1828 765 μου

1031 781 1147 814 ἑαυτοῖς,
1168 782 1215 808 καὶ
1228 782 1274 808 ἐπὶ
1289 781 1335 808 τὸν
1352 779 1500 817 ἱματισμόν
1517 787 1567 814 μου
1580 777 1674 804 ἔϐαλον
1685 776 1799 811 κλῆρον.
1813 785 1825 802 ι

192 837 241 864 per
253 833 354 857 vestem
378 836 466 856 meam
487 829 621 856 miserunt
635 832 737 855 sortem
758 827 792 855 δ’.
809 836 818 852 ι
848 825 979 853 Similiter

1036 827 1152 861 Ὁμοίως
1163 826 1191 853 δὲ
1206 826 1253 853 καὶ⁴
1267 825 1404 862 Ζαχαρίας
1420 825 1435 851 6
1446 823 1589 860 προφήτης
1602 821 1666 857 περὶ
1680 820 1734 847 τῶν
1746 819 1829 854 ἥλων

192 882 258 902 vero
277 879 303 902 et
318 873 464 902 Zacharias
477 872 610 908 propheta
626 872 659 899 de
681 871 768 899 clavis
779 871 819 899 sic
841 871 898 898 ait:
918 878 928 896 ‹
946 869 980 896 Et

193 919 287 947 dicent
298 919 342 946 ei:
361 918 431 952 Quid
448 919 533 953 plagae
547 918 607 945 ista:
621 918 648 944 in
664 917 754 945 medio
773 924 902 944 manuum
917 918 980 942 tua-

195 966 277 994 rum?
293 965 327 993 Et
355 965 447 993 dicet:
464 964 519 993 Has
546 964 637 998 accepi
667 963 696 991 in
714 963 796 991 domo
817 963 980 991 dilectarum

194 1018 319 1039 meorum
335 1010 368 1039 “.
387 1020 397 1037 ι
414 1010 454 1038 Ita
469 1018 576 1046 quoque
591 1010 625 1038 de
638 1009 760 1038 tenebris
774 1010 896 1044 loquitur
908 1009 979 1036 idem

192 1057 342 1085 Zacharias
357 1057 508 1092 propheta:
527 1065 536 1082 ι
556 1056 588 1083 Ει
610 1056 661 1084 erit
678 1056 706 1082 in
722 1055 767 1083 die
786 1055 842 1087 illa.
859 1062 914 1082 non
929 1055 981 1083 erit

192 1102 240 1130 lux
249 1122 259 1135 ,
271 1106 298 1130 et
310 1101 397 1137 frigus
411 1105 438 1128 et
457 1101 519 1136 gelu
535 1101 586 1128 erit
599 1108 653 1128 una
665 1099 733 1133 dies.
744 1104 771 1128 et
783 1099 842 1128 dies
857 1100 904 1127 illa
916 1104 981 1127 nota

192 1147 308 1176 Domino
321 1156 328 1174 :
344 1151 371 1174 et
386 1155 442 1175 non
455 1147 514 1174 dies
535 1152 561 1174 et
575 1154 630 1174 non
645 1154 698 1174 uox
710 1166 717 1178 ,
735 1150 762 1174 et
786 1146 820 1173 ad
839 1153 980 1181 vesperam

192 1195 245 1224 erit
260 1195 307 1222 lux
322 1195 356 1221 ".
376 1204 387 1221 ι
404 1194 487 1222 Amos
504 1194 606 1229 pariter
624 1194 757 1229 propheta
772 1194 810 1220 ait
827 1203 832 1220 :
851 1202 860 1219 ‹
881 1193 914 1220 Et
928 1192 981 1220 erit

192 1240 221 1268 in
235 1240 280 1268 die
297 1240 353 1271 illa,
367 1239 434 1268 dicit
460 1239 599 1271 Dominus,
616 1243 643 1267 et
667 1238 773 1267 occidet
789 1239 830 1266 sol
854 1239 882 1266 in
898 1239 981 1266 meri-

191 1285 254 1317 die,
273 1288 301 1312 et
325 1284 373 1312 lux
403 1292 452 1320 per
480 1285 552 1312 diem
579 1285 606 1311 in
626 1287 699 1312 terra
724 1284 897 1313 teuebrescet
912 1284 944 1310 “.
968 1293 978 1310 ι

192 1330 256 1359 Haec
278 1331 343 1359 item
367 1335 434 1359 sunt
456 1330 540 1359 Joelis
565 1331 705 1366 prophetae
729 1331 812 1358 verba
835 1339 843 1358 :
862 1340 871 1357 ι
891 1331 938 1358 Sol
953 1335 981 1358 et

192 1377 257 1404 luna
273 1377 508 1409 obscurabuntur,
535 1380 563 1403 et
583 1376 667 1404 stella:
690 1377 828 1404 retralient
853 1376 982 1411 splendo-

192 1429 251 1450 rem
269 1429 348 1450 suum
363 1431 370 1449 :
389 1421 521 1449 Dominus
535 1425 625 1448 autem
641 1429 674 1449 ex
693 1421 758 1448 Sion
774 1421 980 1454 voeiferabitur,

193 1471 221 1494 et
234 1475 269 1494 ex
280 1466 433 1494 Jerusalem
447 1467 522 1494 dabit
533 1474 628 1494 vocem
650 1474 739 1499 suam,
752 1471 780 1495 et
796 1467 981 1494 commovebi-

193 1517 240 1541 tur
250 1514 349 1541 ea:an
364 1517 391 1541 et
408 1516 479 1540 terra
496 1513 529 1540 ".
547 1522 557 1539 υ
583 1512 660 1546 Quod
677 1517 766 1540 autem
784 1517 861 1540 aceto
873 1518 899 1541 et
917 1513 979 1541 felle

193 1560 329 1595 potandus
344 1558 413 1587 foret
426 1559 562 1591 Christus,
576 1559 720 1587 audiamus
731 1567 764 1587 ex
779 1559 885 1594 psalmo
900 1567 980 1588 sexa-

193 1606 298 1641 gesimo
314 1609 411 1633 Octavo
427 1614 433 1632 :
452 1615 462 1631 ε
484 1604 620 1633 Dederunt
635 1605 663 1632 in
675 1613 767 1634 escam
789 1613 877 1633 meam
892 1605 938 1638 fel,
953 1610 980 1634 et

194 1653 223 1680 in
241 1652 287 1680 siti
302 1659 360 1679 mea
374 1655 535 1686 paraverunt
555 1659 598 1679 me
623 1655 701 1679 aceto
724 1651 758 1678 “.
785 1661 794 1678 ι
818 1651 887 1679 Hinc
912 1652 980 1687 ipsis

194 1696 362 1731 inprecatur
373 1698 424 1723 hoc
442 1696 522 1724 modo
534 1705 541 1724 :
561 1705 570 1721 ε
585 1694 645 1722 Fiat
658 1703 753 1723 mensa
765 1703 872 1727 eorum,
886 1703 979 1723 coram

194 1741 263 1777 ipsis
280 1742 308 1769 in
322 1743 447 1777 laqueum
457 1761 464 1774 ,
483 1745 511 1770 et
525 1742 553 1768 in
570 1741 763 1770 retributiones
775 1761 784 1774 ,
812 1746 840 1769 et
855 1742 883 1769 in
900 1749 981 1770 scan-

195 1788 298 1816 dalum.
322 1788 510 1816 Obscurentur
525 1788 596 1816 oculi
619 1795 714 1816 eorum
731 1796 774 1815 -ne
798 1787 924 1821 videant;
953 1791 981 1816 et

196 1834 308 1862 dorsum
323 1841 418 1862 eorum
433 1841 541 1868 semper
553 1835 677 1861 incurva.
692 1833 806 1861 Eﬂ‘unde
828 1841 910 1869 super
932 1841 980 1862 eos

196 1881 266 1910 iram
277 1884 362 1913 tuam,
374 1883 400 1908 et
411 1879 486 1908 furor
503 1880 550 1908 ira;
560 1883 613 1907 tuae
626 1879 840 1916 comprehendat
848 1887 906 1908 eos.
921 1879 982 1907 Fiat

197 1926 331 1954 habitatio
350 1933 444 1954 eorum
457 1925 576 1958 deserta,
592 1929 620 1954 et
636 1926 664 1953 in
683 1925 867 1954 tabernaculis
884 1932 978 1953 eorum

196 1980 252 2000 non
267 1972 304 2000 sit
320 1973 366 2007 qui
381 1972 512 1999 inhabitet
528 1972 551 1988 ⁸⁸
568 1981 574 1999 :
594 1981 603 1998 ι
624 1979 721 2007 nempe
735 1972 762 1999 in
787 1971 889 2007 templo
906 1971 981 2007 ipso-

197 2025 259 2046 rum
273 2017 510 2053 Jerosolymitano,
520 2018 593 2053 quod
609 2022 637 2046 et
647 2017 755 2045 accidit.
771 2017 874 2045 Czetera
899 2025 981 2053 porro

195 2071 257 2099 quae
271 2063 298 2090 in
314 2063 419 2098 psalmo
444 2066 606 2098 sequuntur,
625 2062 712 2090 instar
726 2063 924 2091 maledictionis
938 2063 981 2090 di-

195 2113 251 2142 cta,
267 2109 296 2136 in
304 2108 413 2136 Judazos
425 2108 571 2144 quadrant,
583 2116 653 2144 quos
666 2112 694 2136 et
712 2108 817 2145 Moyses
828 2109 871 2137 bis
888 2109 980 2137 verbis

195 2155 352 2191 obiurgavit
368 2164 376 2182 :
395 2164 404 2181 ι
425 2155 458 2182 Et
471 2155 523 2184 erit
536 2155 590 2182 vita
606 2159 652 2182 tua
672 2155 793 2190 pendens
805 2159 869 2182 ante
883 2155 979 2183 oculos

194 2205 268 2234 tuos,
285 2206 313 2230 et
334 2201 444 2230 timebis
469 2201 513 2229 die
535 2209 568 2229 ac
588 2205 686 2234 nocte,
714 2209 765 2230 nec
795 2201 891 2230 credes
918 2201 980 2230 vitae

193 2253 248 2276 tute
262 2249 295 2275 '°.
316 2257 326 2274 ι

232 2293 274 2320 ll.
294 2292 333 2321 De
344 2293 439 2321 lancea
460 2300 524 2321 vero
538 2291 577 2320 ita
598 2292 722 2328 loquitur
744 2292 891 2320 Zacharias
916 2301 980 2328 pro-

194 2339 275 2374 pheta
290 2339 369 2374 quasi
384 2347 418 2366 ex
431 2346 549 2374 persona
570 2338 674 2366 Christi
687 2347 694 2366 :
715 2348 725 2364 ί
742 2338 776 2365 Et
798 2339 932 2374 aspicient
945 2339 979 2366 ad

197 2393 241 2412 me
253 2392 332 2420 quem
351 2385 521 2413 conﬁxerunt
535 2385 568 2412 ".
588 2394 597 2412 I
615 2384 653 2412 De
669 2393 739 2420 aqua
755 2389 856 2418 autem,
873 2393 933 2422 quae
946 2393 980 2413 ex

195 2436 291 2459 sancto
304 2431 364 2466 ejus
381 2431 466 2460 latere
482 2432 582 2464 exivit,
598 2431 636 2459 ait
649 2431 781 2466 propheta
798 2431 888 2460 idem:
918 2441 928 2458 ς
949 2431 979 2459 1η

195 2477 239 2505 die
261 2477 308 2504 illa
326 2477 410 2505 exibit
424 2485 494 2513 aqua
506 2478 566 2506 viva
580 2486 614 2506 ex
635 2477 785 2506 Jerusalem
798 2478 831 2505 ⁵³.
852 2487 862 2503 ι
878 2477 980 2505 Audia-

194 2530 256 2550 mus
272 2526 362 2550 autem
379 2528 406 2551 et
419 2523 514 2551 Isaiam
536 2523 696 2559 prophetam
721 2523 755 2551 de
769 2523 908 2558 sepultura
924 2523 978 2550 Do-

195 2569 263 2597 mini
276 2569 337 2597 hzec
352 2568 487 2598 dicentem
500 2591 508 2604 ,
528 2574 556 2598 et
570 2570 679 2598 Iudaeos
704 2570 863 2599 irridentem
878 2579 886 2598 :
906 2579 916 2597 ‹
935 2569 981 2598 Vi-

230 2647 253 2664 “
275 2648 346 2676 Psal.
365 2655 465 2680 uxm,
486 2648 528 2675 12.
580 2649 603 2665 δ’
623 2647 675 2676 lsa.
694 2656 757 2681 ιιιι,
777 2649 820 2677 12.

194 2681 228 2713 6.
247 2683 273 2710 7.
310 2683 333 2699 “
353 2683 434 2711 Amos
450 2691 515 2716 VIII,
534 2683 561 2711 9.
613 2684 635 2700 ⁵⁷
654 2683 898 2716 Joelu,10,ll.

195 2716 240 2746 66.
277 2718 300 2735 ¹¹
320 2717 435 2746 Zachar.
455 2726 512 2752 xu,
530 2719 574 2747 10.
614 2719 636 2735 ⁵³
655 2719 770 2747 Zachar.
789 2727 845 2753 xw,
863 2720 891 2748 8.

230 2794 288 2838 (7‘8)
298 2794 344 2838 alta
364 2795 427 2838 Reg.
442 2797 469 2829 5,
484 2796 554 2826 Editi
567 2804 640 2831 vero,
655 2797 698 2826 ἵνα
710 2797 758 2835 τήν
784 2797 912 2835 πλευρὰνξ
926 2797 973 2826 τοῦ

200 2829 286 2867 Ἀδὰμ
297 2829 462 2868 θεραπεῦσῃ.

871 2648 894 2665 ⁸³
911 2647 984 2677 Psal.
1003 2656 1064 2680 ut,
1083 2647 1137 2679 18,
1154 2647 1197 2675 19.

949 2684 972 2699 ⁸⁸
991 2682 1064 2712 Psal.
1082 2691 1165 2711 uvnl
1178 2702 1187 2715 ,
1203 2681 1249 2710 22.

1030 872 1116 904 οὖτως
1131 872 1182 907 ἔφη
1195 881 1201 887 ·
1218 880 1227 897 ι
1244 872 1299 898 Καὶ
1317 871 1410 907 ὲροῦσι
1425 870 1495 906 πρὸς
1512 869 1592 896 αὐτόν
1603 877 1610 883 '
1628 867 1660 894 Τί
1676 867 1704 894 αἱ
1716 865 1828 901 πληγαὶ

1030 915 1109 945 αὗται
1124 918 1153 944 αἱ
1172 917 1224 944 ἀνὰ
1240 917 1321 952 μέσον
1334 916 1388 943 τῶν
1405 915 1505 952 χειρῶν
1529 922 1593 946 σου;
1610 913 1665 939 Καὶ
1679 913 1750 948 ὲρεῖ·
1773 911 1829 942 ’Δς

1030 964 1152 1000 ἐπλήγην
1170 964 1199 990 ὲν
1214 963 1253 998 τῷ
1269 963 1335 998 οἴκῳ
1348 962 1401 990 τῶν
1417 960 1566 996 ἀγαπητῶν
1589 968 1649 995 μου.
1668 967 1677 983 ›
1704 957 1775 993 Περὶ
1794 956 1827 984 δὲ

1029 1010 1076 1037 τοῦ
1090 1010 1244 1046 σκοτασμοῦ
1258 1011 1272 1037 ὁ
1288 1010 1369 1042 αὐτὸς
1381 1009 1525 1044 προφήτης
1537 1007 1674 1043 Ζαχαρίας
1691 1005 1765 1039 λέγει
1778 1004 1828 1030 οὖ·-

1028 1065 1068 1083 τω
1079 1065 1086 1072 ⁸
1105 1065 1114 1082 ι
1135 1056 1190 1084 Καὶ
1203 1056 1277 1083 ἔσται
1292 1056 1320 1082 ὲν
1330 1055 1423 1090 ἐκείνῃ
1434 1056 1467 1090 τῇ
1480 1053 1580 1089 ἡμέρα,
1595 1053 1645 1079 οὑκ
1658 1052 1732 1078 ἔσται
1745 1050 1824 1086 φῶς·

1030 1103 1077 1130 καὶ⁸
1090 1102 1175 1138 ψῦχος
1198 1103 1246 1129 καὶ
1264 1102 1352 1136 πάγος
1376 1100 1452 1127 ἔσται
1473 1100 1522 1135 μία
1538 1099 1639 1134 ἡμέρα,
1658 1098 1704 1125 καὶ
1728 1097 1827 1133 ἡμέρα

1030 1149 1120 1184 ἐκείνη
1137 1148 1245 1184 γνωστὴ
1255 1147 1293 1183 τῷ
1306 1147 1402 1183 Κυρίῳ
1411 1155 1418 1162 ο
1436 1147 1484 1174 καὶ
1498 1147 1547 1181 οὐχ
1560 1145 1652 1181 ἡμέρα
1662 1143 1709 1171 καὶ
1718 1143 1748 1170 οὺ
1760 1142 1826 1176 νὺξ.

1030 1196 1078 1223 καὶ
1087 1195 1155 1231 πρὸς
1167 1195 1285 1231 ἑσπέραν
1296 1194 1370 1221 ἔσται
1383 1193 1451 1227 φῶς.
1467 1202 1477 1219 ι
1494 1192 1610 1228 ὀμοίως
1624 1191 1653 1218 δὲ
1667 1191 1714 1218 καὶ
1729 1189 1826 1226 ’Λμὼς

1029 1243 1044 1269 ὁ
1062 1242 1206 1278 προφήτης
1220 1239 1296 1268 εἷπε⁹
1317 1250 1326 1266 ι
1350 1240 1404 1267 Kal.
1418 1240 1496 1267 ἔσται
1516 1241 1545 1266 ὲν
1558 1238 1650 1275 ἐκείνῃ
1668 1239 1700 1273 τῇ
1715 1236 1825 1273 ἡμέρᾳ,

1030 1287 1104 1321 λέγει
1120 1287 1234 1322 Κύριος,
1258 1286 1306 1313 καὶ
1324 1285 1434 1312 δύσεται
1448 1286 1463 1312 ὁ
1481 1285 1555 1321 ἥλιος
1576 1283 1757 1320 μεσημϐρίας.
1775 1282 1826 1309 καὶ

1032 1333 1192 1359 συσκοτάσει
1204 1332 1250 1358 ἐπὶ
1262 1333 1311 1367 τῆς
1324 1332 1375 1367 γῆς
1389 1332 1418 1359 ὲν
1428 1332 1519 1368 ἡμέρᾳ
1529 1331 1559 1358 τὸ
1571 1330 1637 1366 φῶς.
1654 1339 1664 1356 ι
1675 1330 1731 1357 Kal.
1744 1329 1826 1365 Ἰωὴλ

1031 1379 1059 1405 δὲ
1073 1379 1087 1404 ὁ
1103 1378 1245 1413 προφήτης
1271 1378 1362 1412 λέγει·
1382 1387 1391 1403 ι
1403 1378 1432 1405 'O
1445 1378 1520 1413 ἥλιος
1546 1377 1594 1404 καὶ
1608 1378 1624 1412 ἡ
1641 1376 1739 1411 σελήνη
1759 1384 1826 1402 σκο-

1031 1425 1144 1452 τασουσι
1154 1425 1221 1459 (Τ9),
1233 1424 1281 1451 καὶ
1291 1425 1315 1451 οἰ
1325 1425 1439 1460 ἀστέρες
1446 1424 1591 1451 δύσουσιτὸ
1603 1423 1703 1458 φέγγος
1719 1422 1823 1449 αὐτῶν.

1039 1470 1069 1497 '0
1083 1471 1112 1497 δὲ
1129 1471 1230 1506 Κύριος
1247 1471 1278 1497 ὲκ
1296 1470 1364 1497 Σιὼν
1379 1469 1570 1506 ἁνακράξεται,
1581 1469 1629 1496 καὶ
1645 1469 1673 1502 ἐξ
1688 1469 1826 1504 Ἰερουσα-

1031 1516 1088 1552 λὴμ
1105 1515 1184 1543 δώσει
1204 1517 1295 1552 φωνὴν
1311 1516 1405 1548 αὐτοῦ,
1420 1516 1467 1543 καὶ
1482 1516 1654 1552 σεισθήσεται
1675 1516 1690 1542 6
1708 1514 1824 1551 οὐρανὸς

1032 1562 1106 1597 καὶὴ
1123 1562 1169 1596 γῆ.
1183 1572 1193 1588 ι
1206 1561 1267 1588 Ὀτι
1282 1561 1311 1588 δὲ
1332 1561 1444 1597 ἔμελλεν
1466 1561 1527 1594 ὅξος
1548 1562 1595 1588 καὶ
1616 1561 1697 1596 χολὴν
1713 1559 1824 1592 ποτίζεο

1033 1607 1095 1634 σθαι
1108 1607 1235 1643 Χριστὸς,
1250 1607 1356 1642 ψαλμοῦ
1375 1606 1414 1643 ξη¹
1431 1607 1607 1642 ἀκούσωμεν
1625 1606 1765 1633 (Ἔδωκαν
1782 1606 1824 1639 είς

1031 1653 1062 1679 τὸ
1076 1652 1174 1688 βρῶμά
1191 1662 1241 1688 μου
1255 1653 1346 1688 χολὴν,
1356 1653 1403 1680 καὶ
1419 1654 1459 1685 είς
1471 1653 1519 1688 τὴν
1534 1653 1613 1687 δίψαν
1630 1661 1680 1687 μου
1694 1652 1824 1679 ὲπότισάν

1034 1709 1068 1736 με
1080 1700 1148 1733 ὅξος.
1163 1710 1172 1726 ›
1189 1700 1235 1726 Διὸ
1251 1700 1298 1727 καὶ
1314 1700 1413 1736 ἀρᾶται
1427 1699 1526 1730 αὐτοὺς
1538 1698 1625 1732 λέγων
1634 1707 1641 1714 ⁸
1654 1707 1664 1724 ‹
1678 1697 1824 1734 Γενηθήτω

1033 1747 1049 1781 ή
1061 1745 1185 1781 τράπεζα
1203 1745 1292 1772 αὐτῶν
1305 1745 1420 1772 ἐνώπιον
1445 1745 1535 1772 αὐτῶν
1550 1746 1589 1776 εἰς
1603 1744 1705 1778 παγίδα
1721 1744 1768 1771 καὶ
1781 1745 1823 1776 είς

1033 1791 1219 1823 ἀνταπόδοσιν,
1246 1791 1294 1818 καὶ
1320 1791 1361 1823 είς
1383 1791 1538 1819 σκάνδαλον.
1557 1791 1779 1826 Σκοτισθήτωσαν
1796 1791 1822 1817 οί

1032 1837 1165 1872 ὀφθαλμοὶ
1177 1836 1277 1868 αὐτῶν,
1291 1836 1336 1863 τοῦ
1356 1837 1392 1872 μὴ
1411 1837 1529 1872 βλέπειν,
1544 1837 1591 1863 καὶ
1609 1837 1655 1864 τὸν
1669 1836 1753 1864 νῶτον
1772 1836 1822 1863 αὐ-

1032 1882 1086 1910 τῶν
1101 1882 1145 1910 διὰ
1163 1882 1264 1914 παντὸς
1290 1882 1437 1917 σύγκυψον.
1458 1883 1572 1918 Ἐκχεον
1597 1883 1640 1909 ἐπ’
1655 1883 1753 1914 αὐτοὺς
1770 1883 1820 1918 τὴν

1032 1929 1117 1964 ὀργήν
1128 1929 1241 1960 σου,καὶ
1255 1929 1269 1955 6
1285 1928 1369 1963 θυμὸς
1387 1929 1436 1964 τῆς
1451 1929 1536 1964 ὀργῆς
1549 1937 1595 1955 σου
1607 1928 1754 1955 καταλάϐοι
1771 1929 1821 1955 αὖ-

1032 1973 1105 2006 τούς.
1124 1973 1268 2010 Γενηθήτω
1284 1975 1301 2009 ἡ
1312 1974 1425 2006 ἔπαυλις
1439 1974 1527 2001 αὐτῶν
1539 1974 1721 2009 ἠρημωμένη,
1732 1973 1778 2000 καὶ
1790 1975 1819 2001 ὲν

1032 2021 1089 2051 τοῖς
1103 2019 1278 2055 σκηνώμασιν
1291 2019 1379 2046 αὐτῶν
1398 2019 1435 2055 μὴ
1449 2019 1518 2046 ἔστω
1532 2020 1546 2045 6
1560 2019 1692 2046 κατοικῶν
1702 2028 1725 2046 ·›
1738 2019 1819 2055 ήγουν

1032 2066 1046 2091 ὀ
1061 2065 1089 2091 ὲν
1105 2064 1301 2100 Ἱεροσολύμοις
1319 2064 1382 2095 ναὸς
1398 2064 1498 2095 αὐτῶν,
1512 2064 1526 2090 ὅ
1541 2063 1572 2099 δὴ
1585 2064 1631 2091 καὶ
1646 2063 1750 2098 γέγονε.
1765 2063 1819 2090 Καὶ

1032 2111 1066 2138 τὰ
1081 2111 1162 2138 λοιπὰ
1176 2111 1204 2137 δὲ
1218 2110 1264 2137 τοῦ
1279 2109 1397 2145 ψαλμοῦ,
1410 2110 1448 2141 ὡς
1469 2109 1516 2136 ἐπὶ
1533 2110 1656 2145 κατάρας
1675 2109 1816 2144 λεγόμενα,

995 2172 1018 2199 D
1032 2159 1088 2189 τοῖς
1109 2156 1245 2188 Ἰουδαίοις
1268 2155 1394 2192 ἁρμόζει,
1424 2155 1471 2188 οὓς
1490 2156 1536 2182 καὶ
1563 2155 1666 2190 Μωσῆς
1684 2154 1818 2181 ὠνείδισεν

1032 2203 1134 2230 εἰπών·
1148 2212 1157 2228 ‹
1176 2202 1231 2230 Καὶ
1250 2201 1325 2228 ἔσται
1343 2203 1359 2237 ή
1375 2201 1431 2237 ζωή
1451 2210 1498 2228 σου
1513 2201 1676 2237 κρεμαμένη
1691 2200 1817 2228 ἀπέναντι

1033 2249 1088 2276 τῶν
1103 2248 1251 2284 ὀφθαλμῶν
1260 2257 1317 2281 σου,
1329 2249 1376 2275 καὶ
1388 2247 1531 2285 φοϐηθήσῃ
1541 2248 1646 2284 ἡμέρας
1661 2247 1707 2274 καὶ
1714 2247 1818 2281 νυκτὸς,

1034 2295 1082 2320 καὶ
1093 2293 1122 2320 οὐ
1133 2293 1288 2325 πιστεύσεις
1301 2295 1334 2328 τῇ
1349 2291 1405 2328 ζωῇ
1419 2301 1476 2319 σου.
1494 2301 1504 2318 ι

1071 2341 1114 2368 Η.
1124 2340 1193 2376 Περὶ
1203 2340 1231 2366 δὲ
1246 2339 1297 2375 τῆς
1308 2339 1410 2375 λόγχης
1419 2339 1493 2374 λέγει
1508 2338 1646 2374 Ζαχαρίας
1655 2339 1670 2366 6
1680 2338 1820 2374 προφήτης

1034 2386 1072 2418 ὼς
1089 2386 1120 2413 ἐκ
1138 2385 1284 2421 προσώπου
1302 2385 1349 2412 τοῦ
1374 2385 1395 2411 Χ
1401 2384 1509 2421 ριστοῦ·
1530 2394 1539 2410 ε
1555 2385 1610 2411 Καὶ
1633 2384 1820 2419 ὲπιὸλέψονται

1033 2433 1100 2468 πρὸς
1116 2432 1160 2468 μὲ,
1177 2433 1218 2464 είς
1231 2432 1261 2459 ὃν
1287 2431 1476 2467 ἐξεκέντησαν.
1492 2441 1501 2458 ι
1524 2432 1592 2468 Περὶ
1607 2432 1636 2458 δὲ
1658 2431 1704 2458 τοῦ
1727 2431 1819 2465 ὕδατος

1031 2479 1081 2513 τῆς
1095 2478 1176 2512 ἁγίας
1195 2476 1277 2504 αὑτοῦ
1292 2477 1414 2513 πλευρᾶς
1429 2478 1444 2504 ὁ
1460 2477 1541 2509 αὐτὸς
1562 2478 1705 2513 προφήτης
1729 2476 1817 2504 εἶπεν

1034 2534 1044 2550 ‹
1056 2525 1101 2551 Ἐν
1118 2525 1152 2560 τῇ
1164 2523 1255 2560 ἡμέρα
1269 2523 1362 2560 ἐκείνῃ
1380 2523 1549 2556 ἐξελεύσεται
1571 2523 1642 2560 ὕδωρ
1662 2523 1716 2555 ζῶν
1739 2523 1820 2556 ὲξἹε-

1033 2570 1184 2607 ρουσαλήμ,
1196 2579 1205 2596 ι
1222 2569 1395 2605 ’Δκούσωμεν
1404 2569 1488 2595 δὲκαὶ
1500 2568 1546 2596 τοῦ
1560 2569 1698 2605 προφήτου
1712 2568 1817 2597 Ἡσαΐου

1250 2647 1274 2663 ⁸⁸
1295 2645 1410 2673 Zachar.
1429 2653 1483 2673 xm
1495 2666 1503 2676 ,
1521 2645 1549 2674 6.
1586 2645 1610 2662 ⁸⁸
1629 2645 1745 2673 Zachar.
1763 2654 1816 2680 xxv,

1301 2682 1323 2698 ⁵⁸
1342 2681 1408 2709 ibid.
1424 2681 1521 2709 25—26.
1572 2681 1596 2697 “
1623 2680 1701 2709 Deut.
1719 2689 1816 2718 xxv-iu,

1063 2797 1118 2835 (79)
1135 2798 1249 2832 Quidam
1263 2806 1329 2827 mss.
1335 2817 1344 2832 ,
1358 2799 1581 2827 συσκοτάσουσιν.
