1924 3059
84 146 137 175 897

599 149 831 184 ρυιεδτιοΝεε
857 151 903 178 AD
927 151 1131 181 ANTIOCHUM
1156 153 1292 196 DUCEM.I

1655 156 1710 185 698

84 209 209 245 περὶτῆς
222 209 311 245 ταφῆς
334 207 380 236 τοῦ
397 208 502 245 Κυρίου
515 208 651 243 λέγοντος,
668 209 713 236 καὶ
729 209 802 241 ὅπως
818 208 875 235 δια-

928 209 989 237 dete
1004 214 1033 236 ut
1046 209 1141 239 Justus
1167 211 1256 246 periit,
1279 214 1306 238 et
1323 219 1403 240 nemo
1425 212 1507 240 corde
1521 212 1623 248 cogitat
1644 213 1678 241 ".
1695 223 1706 240 ι

69 256 153 295 ,γελᾷ
174 255 237 287 τοὺς
259 253 417 286 Ἰουδαίους
433 254 533 280 (Ἴδετε
555 254 593 286 ὡς
615 254 718 285 δίκαιος
736 253 870 284 ἀπώλετο,

69 303 133 330 ικαὶ
144 301 231 331 οὐδεὶς
248 301 385 336 ἐκδέχεται
399 301 433 336 τῇ
445 300 551 336 καρδίᾳ.
568 310 577 327 ι
605 298 688 327 Εἶπεν
706 297 752 326 οὖν
764 299 811 326 καὶ
823 298 871 333 τὴν

83 348 169 376 αὑτοῦ
178 348 333 375 ἀνάστασιν·
343 347 389 374 καὶ
401 347 495 373 πάλιν·
511 356 521 372 ‹
532 347 598 373 ’Δπδ
609 345 754 381 προσώπου
767 345 872 376 ἀδικίας

83 394 168 432 ἦρται
185 397 199 423 ὸ
213 393 381 426 δίκαιος,καὶ
397 393 472 420 ἔσται
488 394 517 419 ὲν
533 393 627 428 εἰρήνῃ
643 393 659 427 ἡ
672 391 746 427 ταφὴ
760 390 850 417 αὑτοῦ.
860 399 869 416 i

87 450 98 466 r
123 441 167 467 Ἐν
183 440 278 475 εἰρήνῃ
297 448 306 464 i
321 438 349 465 δὲ
363 438 446 472 λέγει,
463 438 504 464 ὅτι
529 439 543 464 ὁ
554 438 668 469 Πιλᾶτος
684 438 741 472 μετ’
761 437 872 472 είρήνης

84 487 212 514 ἀπέδωκε
225 485 256 512 τὸ
272 485 351 521 σῶμα
363 484 409 511 τοῦ
429 483 515 520 Ἰησοῦ
525 483 565 518 τῷ
583 483 691 518 Ἰωσήφ.
714 482 829 518 Ὁμοίως
844 481 872 508 δὲ

83 532 134 559 καὶ
147 531 229 558 Δασὶδ
242 530 305 565 περὶ
322 529 371 564 τῆς
385 529 474 564 ταφῆς
488 528 570 554 αὐτοῦ
585 529 613 554 ἐν
630 527 673 560 πζ¹
689 526 787 562 ψαλμῷ
799 526 873 560 λέγει

84 578 125 609 ὡς
137 579 169 604 ὲκ
181 575 325 612 προσώπου
339 575 385 602 τοῦ
402 574 534 610 Χριστοῦ·
549 583 558 599 ι
571 573 681 599 Ἐθεντό
695 573 769 608 μειὲν
779 571 873 606 λάκκῳ

83 622 245 657 κατωτάτῳ,
260 621 288 647 ἐν
305 620 452 651 σκοτεινοῖς
470 619 517 645 καὶ
532 619 560 645 ἐν
576 619 640 654 σκιᾷ
654 617 768 644 θανάτου
778 626 784 632 ·
801 626 810 642 ι
826 616 873 642 καὶ

84 669 141 704 πρὸ
153 668 254 694 τούτων
264 675 270 682 ·
287 675 297 692 ι
313 665 368 693 Kal
380 665 513 701 ἐγενήθην
525 664 592 691 ὡσεὶ
601 663 742 699 ἄνθρωπος
757 661 874 697 ἀϐοήθη-

84 723 132 746 τος
152 715 180 740 ὲν
193 713 298 748 νεκροῖς
319 711 468 746 ἐλεύθερος,
480 719 490 736 i
503 710 586 745 ήγουν
603 708 791 744 ἀναμάρτητος
806 706 872 742 (80).

85 760 246 794 Γέγραπται
258 757 286 784 δὲ
299 757 345 784 καὶ
360 758 388 783 ὲν
398 755 437 791 τῷ
448 754 507 782 Ἱὼὸ
521 754 607 785 οὕτως
619 761 626 767 ·
638 763 647 779 ι
658 751 821 786 Ἀνοίγονταί
833 759 874 778 σοι

85 805 163 841 φόϐῳ
176 805 256 831 πύλαι
268 803 382 831 θανάτου
395 809 401 816 ·
422 801 542 836 πυλωροὶ
557 799 585 826 δὲ
599 799 662 835 ᾅδου
680 799 778 829 ἰδόντες
793 797 874 833 ἐπτη-

85 852 136 886 ξαν
147 860 154 866 ·
169 860 178 877 ι
193 849 326 887 πρόδηλον
337 848 375 881 δὲ,
389 849 431 875 ὅτι
442 847 469 874 αἱ
481 846 600 874 ἐναντίαι
614 844 667 871 τῶν
679 844 812 879 δαιμόνων
828 842 873 868 δυ-

84 876 334 934 ἷᾶέιειξίίομὲίως
349 876 378 921 δὲ
394 895 441 921 και
455 894 484 920 ὲν
500 892 538 928 τῷ
553 891 589 924 ξς
601 876 742 926 ψαλμῷ-ἰ
753 890 872 924 Ἐξαγων
889 876 912 907 Β

85 942 293 978 πεπεδημένους
309 942 337 967 ἐν
350 939 469 976 ἀνδρεία,
489 937 588 973 ὁμοίως
602 937 664 966 τοὺς
686 934 873 970 παραπικραί-

84 997 181 1021 νοντας
191 989 253 1020 τοὺς
269 985 461 1016 κατοικοῦντας
476 986 505 1011 ὲν
520 984 625 1018 τάφοις.
640 992 648 1009 i
663 982 725 1009 Ὅτι
742 981 770 1008 δὲ
785 982 799 1008 ὁ
813 981 876 1016 Χρι-

85 1036 152 1068 στὸς
164 1037 193 1062 ἐν
205 1034 243 1070 τῷ
256 1034 307 1070 ᾄδῃ
318 1032 463 1068 ἀπομένειν
477 1031 527 1057 οὐκ
543 1029 665 1065 ἔμελλεν,
677 1027 744 1055 ἀλλὰ
762 1028 875 1062 τριήμε-

87 1091 136 1118 ρος
151 1077 436 1114 άνίστασθαι,ψαλμοῦ
451 1080 480 1104 ιε’
489 1076 658 1111 ἀκούσωμεν·
675 1084 685 1100 ι
698 1074 759 1100 ’Ότι
775 1073 824 1100 οὐκ
834 1073 876 1106 ἑγ-

85 1127 263 1162 καταλείψεις
278 1126 328 1161 τὴν
343 1125 432 1160 ψυχήν
444 1132 495 1159 μου
512 1123 551 1154 είς
563 1122 639 1158 ᾅδην,
652 1121 713 1147 οὐδὲ
727 1119 820 1150 δώσεις
830 1119 875 1145 τὸν

85 1174 162 1201 ὅσιόν
177 1181 223 1199 σου
240 1172 303 1199 ἰδεῖν
323 1169 470 1205 διαφθοράν
481 1177 490 1186 ο
506 1178 515 1195 i
535 1168 583 1195 καὶ
598 1167 678 1194 πάλιν
695 1169 736 1198 νς¹
746 1163 852 1200 ψαλμοῦ
866 1172 873 1179 ·

89 1229 101 1246 ι
114 1218 343 1254 Ἐξεγερθήσομαι
357 1215 467 1252 ὄρθρου.
483 1225 492 1241 i
511 1214 566 1241 Καὶ
575 1214 589 1240 ὁ
604 1212 745 1249 προφήτης
758 1211 786 1237 δὲ
798 1209 876 1246 Ὠσηὲ

86 1265 176 1296 οὓτως
191 1264 257 1299 ἔφη’
280 1273 290 1289 ι
310 1261 501 1297 Πορευθῶμεν,
520 1259 568 1286 κα)⁵
589 1257 794 1293 ἐπιστρέψωμεν
808 1255 876 1291 πρὸς

87 1311 192 1348 Κύριον
205 1310 250 1336 τὸν
257 1308 322 1335 Θεὸν
331 1307 418 1343 ἡμῶν,
426 1307 467 1334 ὅτι
482 1305 562 1338 αὐτὸς
573 1303 721 1348 πεποίηκεν
730 1302 814 1348 ἡμᾶς.
830 1300 876 1348 καλ.

89 1346 195 1383 ἰάσεται
206 1354 278 1390 ἡμᾶς
289 1361 296 1368 ·
311 1352 416 1386 ὑγιάσει
435 1351 508 1386 ἡμᾶς
526 1349 594 1385 μετὰ
608 1347 654 1375 δύο
670 1347 785 1383 ἡμέρας,
800 1346 829 1372 ὲν
842 1346 875 1381 τῇ

86 1401 182 1436 ἡμέρα
198 1401 230 1436 τῇ
249 1399 328 1435 τρίτῃ
341 1395 549 1432 άναστησόμεθα
562 1395 609 1421 καὶ
621 1392 768 1428 ζησόμεθα.
787 1401 795 1417 ι
810 1392 877 1426 Περὶ

86 1448 117 1474 δὲ
142 1447 196 1474 τῶν
221 1445 383 1481 μυροφόρων
411 1441 548 1478 γυναικῶν
567 1440 679 1471 Ἡσαΐας
695 1440 709 1466 ὁ
735 1438 877 1474 προφήτης

86 1490 152 1520 εἷπε
164 1500 170 1506 ·
189 1501 197 1517 ι
212 1491 342 1522 Γυναῖκες
361 1488 504 1525 ἐρχόμεναι
519 1487 573 1514 ἀπὸ
585 1486 658 1517 Θέας,
673 1484 749 1512 δεῦτε
760 1491 766 1498 ⁸
783 1484 813 1510 οὺ
823 1483 876 1519 γάρ

87 1539 150 1565 ἐστι
163 1537 224 1569 λαὸς
239 1536 308 1572 ἔχων
324 1534 439 1562 σύνεσιν.
451 1542 461 1560 ι

129 1628 170 1655 Ιῖ.
180 1627 248 1663 Περὶ
257 1627 286 1654 δὲ
301 1625 350 1660 τῆς
362 1623 521 1660 ἀναλήψεως
530 1631 576 1650 του
590 1620 707 1658 Χριστοῦ
722 1621 751 1647 ὲν
765 1619 787 1652 ζ’
801 1619 849 1646 καί⁵
861 1622 876 1645 ι’

86 1674 190 1710 ψαλμῷ
207 1674 376 1710 γέγραπται·
401 1681 410 1697 ι
429 1670 483 1698 Καὶ
505 1668 592 1704 ἐπέϐη
608 1668 654 1695 ἐπὶ
676 1667 816 1703 χερουϐὶμ,
831 1666 877 1692 καὶ

87 1720 247 1754 ὲπετάσθη·
267 1717 405 1753 ὲπετάσθη
419 1718 466 1743 ἐπὶ
490 1715 632 1751 πτερύγων
655 1714 774 1749 ἀνέμων.
795 1722 804 1738 ι
822 1712 877 1739 Καὶ

88 1767 172 1794 πάλιν
184 1766 212 1792 ὲν
230 1765 277 1801 μς¹
291 1763 391 1800 ψαλμῷ
403 1772 410 1779 ·
431 1773 440 1789 ι
452 1762 546 1797 Ἀνέὃη
562 1763 576 1788 ὁ
590 1761 656 1792 Θεὸς
671 1761 700 1786 ἐν
716 1758 876 1794 ἀλαλαγμῷ,

87 1813 193 1848 Κύριος
211 1812 240 1838 ὲν
263 1812 339 1847 φωνῇ
362 1810 526 1844 σάλπιγγος·
540 1817 549 1834 i
570 1807 617 1834 καὶ
646 1807 675 1834 ὲν
700 1805 822 1841 Ζαχαρία
838 1805 878 1840 τῷ

88 1859 234 1895 προφήτῃ·
251 1867 260 1884 ι
271 1857 314 1883 Ἐν
330 1858 363 1892 τῇ
377 1856 467 1892 ἡμέρα
482 1854 573 1890 ἐκείνῃ
593 1853 734 1888 στήσονται
750 1853 774 1878 οἱ
797 1851 877 1882 πόδες

88 1904 194 1941 Κυρίου
205 1905 244 1936 είς
253 1904 283 1930 τὺ
299 1903 361 1939 ὅρος
375 1902 429 1928 τῶν
447 1900 570 1933 Ἐλαιῶν,
579 1900 609 1927 τὸ
625 1899 765 1926 κατέναντι
785 1898 878 1934 Ἰερου-

90 1947 185 1983 σαλὴμ.
200 1947 228 1981 ἐξ
242 1946 388 1974 ἀνατολῶν.
415 1955 424 1971 i
439 1945 508 1981 Περὶ
519 1944 547 1972 δὲ
567 1944 615 1980 τῆς
631 1944 736 1977 ἐνδόξου
751 1943 877 1978 δευτέρας

91 1984 244 2030 παρουσίας
257 1992 304 2020 τοῦ
325 1992 390 2020 Υίοῦ
406 1992 452 2020 τοῦ
469 1990 535 2018 Θεοῦ
555 1990 628 2025 λέγει
642 1989 739 2024 Δανιὴλ
751 1990 765 2016 ὁ
777 1989 879 2024 προφή-

90 2048 162 2076 της·
186 2039 354 2075 «Ἐθεώρουν
369 2039 398 2065 ὲν
418 2039 534 2074 ὁράματι
557 2037 606 2072 τῆς
630 2036 735 2068 νυκτὸς,
757 2034 804 2061 καὶ
824 2034 878 2060 ἰδοὺ

93 2087 165 2124 μετὰ
185 2086 240 2112 τῶν
266 2084 384 2120 νεφελῶν
399 2084 445 2110 τοῦ
472 2082 587 2119 οὐρανοῦ
601 2082 638 2113 ὡς
654 2081 718 2112 Υἱὸς
735 2079 878 2114 ἀνθρώπου

91 2133 250 2170 ὲρχόμενος,
266 2132 313 2158 καὶ
326 2131 377 2163 ἓως
389 2130 435 2157 τοῦ
447 2128 565 2157 Παλαιοῦ
577 2128 631 2154 τῶν
647 2126 757 2162 ἡμερῶν
767 2125 878 2160 ἔφθασε.

92 2180 150 2208 Καὶ
164 2177 336 2216 προσηνέχθη
349 2176 432 2212 αὐτῷ,
445 2175 500 2202 Καὶ
513 2174 587 2209 αὐτῷ
601 2173 678 2209 ἐδόθη
701 2173 773 2209 ἁρχὴ
800 2172 846 2198 καὶ
862 2173 878 2208 ἡ

923 256 989 291 Ejus
1012 264 1110 284 rursus
1133 257 1364 285 resurrectionem
1388 256 1432 285 his
1452 257 1576 293 praedicit
1592 258 1682 285 verbis
1700 267 1708 285 :

925 311 935 328 ι
953 302 976 329 Α
995 302 1064 330 facie
1081 303 1234 338 iniquitatis
1249 303 1374 330 sublatus
1389 307 1431 331 est
1455 308 1556 337 justus.
1570 307 1596 330 et
1612 303 1664 330 erit
1681 303 1710 330 in

924 357 990 384 pace
999 349 1138 383 sepultura
1148 348 1208 382 ejus
1217 349 1250 376 ⁵⁵.
1263 358 1272 374 i
1286 358 1295 374 ι
1308 348 1336 375 in
1349 356 1426 383 pace,
1444 358 1453 374 ι
1467 353 1557 376 autem
1573 349 1629 381 ait,
1645 357 1710 384 quia

922 395 1026 423 Pilatus
1037 403 1098 422 cum
1115 402 1181 430 pace
1196 394 1314 429 Josepho
1332 395 1451 422 reddidit
1464 403 1563 430 corpus
1575 395 1649 423 .‘esu.
1664 394 1710 423 Sic

923 445 949 469 et
964 441 1048 468 David
1067 440 1101 468 de
1115 441 1175 476 ejus
1197 441 1338 476 sepultura
1357 441 1462 476 psalmo
1480 442 1645 476 octogesimo
1664 449 1710 469 se—

923 487 1009 523 ptimo
1022 487 1099 522 quasi
1117 495 1150 514 ex
1164 495 1280 522 persona
1291 487 1393 514 Christi
1419 487 1539 521 loquitur
1553 497 1559 514 :
1579 497 1588 512 ε
1607 486 1712 514 Posue-

923 537 988 561 runt
1004 541 1047 561 me
1063 533 1090 560 in
1105 533 1165 560 lacu
1183 533 1321 566 inferiori,
1344 533 1373 560 in
1401 533 1554 561 tenebrosis
1569 537 1596 560 et
1609 533 1636 560 in
1649 541 1710 560 um-

923 581 1081 614 brajmorlis
1094 580 1137 607 “z
1156 589 1165 605 ι
1181 584 1208 607 et
1238 584 1334 611 antea,
1361 589 1370 605 ι
1390 579 1423 606 Ει
1438 579 1527 607 factus
1547 587 1606 607 sum
1637 580 1711 607 sicut

924 625 1005 652 homo
1030 625 1090 652 sine
1116 624 1253 658 adjutorio
1269 625 1340 652 inter
1362 628 1487 651 mortuos
1516 624 1586 651 liber
1600 625 1634 656 “,
1654 633 1664 650 ι
1682 623 1710 651 id

924 675 977 702 est,
989 670 1186 705 impeccabilis.
1200 669 1246 696 Sic
1259 677 1369 705 quoque
1380 670 1407 696 in
1424 670 1494 697 libro
1505 669 1558 697 Job
1576 670 1709 704 scriptum

924 720 982 744 est:
1005 725 1015 742 ι
1035 716 1203 751 Aperiuntur
1220 716 1267 743 tibi
1289 724 1343 750 prie
1366 716 1464 743 timore
1483 721 1567 750 portae
1586 717 1684 744 mortis
1701 725 1708 743 :

924 763 1047 790 videntes
1062 765 1152 789 autem
1164 761 1313 789 inferorum
1323 761 1457 796 janitores
1470 765 1642 789 tremuerunt
1653 761 1688 793 ",
1698 770 1708 788 ι

924 815 1031 842 nempe,
1050 807 1223 840 adversariae,
1241 811 1271 834 ut
1294 812 1386 842 patet,
1415 807 1567 835 daemonum
1586 808 1710 836 virtutes.

926 853 1057 880 Similiter
1071 853 1128 880 haec
1148 855 1175 880 in
1191 853 1296 888 psalmo
1315 853 1485 888 sexagesimo
1509 853 1626 887 septimo
1646 853 1712 887 legi-

924 907 1005 926 mus:
1023 908 1032 923 ι
1056 898 1108 931 Qui
1125 898 1216 925 educit
1228 898 1333 925 vinctos
1350 898 1377 924 in
1397 898 1567 930 fortitudine.
1587 898 1712 926 similiter

923 953 971 973 eos
985 945 1031 980 qui
1051 947 1215 978 exasperant
1229 944 1277 978 qui
1298 943 1422 971 habitant.
1443 944 1470 970 in
1489 944 1623 978 sepulcris
1640 944 1674 972 ".
1698 953 1709 971 ι

924 990 1001 1024 Quod
1015 997 1080 1017 vero
1097 990 1223 1018 Christus
1243 990 1270 1017 in
1291 989 1385 1017 inferis
1405 997 1583 1017 remansuras
1596 998 1649 1016 non
1663 997 1710 1018 es-

925 1039 982 1068 set,
1012 1035 1059 1063 sed
1085 1035 1166 1062 tertia
1196 1034 1241 1062 die
1266 1039 1492 1067 resurrecturus,
1519 1034 1657 1062 discamus
1675 1042 1710 1062 ex

925 1081 1032 1116 psalmo
1055 1080 1152 1116 quinto
1175 1084 1202 1108 et
1217 1081 1344 1109 decimo:
1374 1091 1384 1107 ι
1408 1081 1540 1114 Quoniam
1560 1089 1614 1108 non
1634 1081 1711 1109 dere-

925 1126 1032 1161 linques
1047 1126 1165 1152 animam
1186 1133 1274 1153 meam
1292 1126 1320 1153 in
1339 1125 1464 1160 inferno,
1489 1134 1539 1154 nec
1555 1126 1633 1154 dabis
1647 1134 1712 1154 san-

924 1175 998 1199 ctum
1019 1176 1096 1199 tuum
1122 1171 1215 1199 videre
1237 1172 1443 1207 corruptionem
1462 1172 1496 1200 ".
1523 1181 1532 1198 ι
1559 1171 1592 1198 Et
1615 1179 1710 1200 rursus

924 1225 958 1245 ex
975 1217 1079 1252 psalmo
1094 1218 1320 1253 quinquagesimo
1341 1222 1418 1246 sexto
1435 1227 1442 1245 :
1463 1227 1473 1244 ι
1491 1217 1640 1254 Exsurgam
1666 1218 1710 1245 di-

925 1263 1017 1291 luculo
1028 1263 1061 1290 ‘°.
1077 1272 1086 1289 i
1101 1262 1162 1291 Haec
1175 1263 1277 1298 pariter
1288 1263 1370 1291 verba
1383 1267 1448 1292 sunt
1463 1263 1539 1291 Oscae
1551 1264 1708 1300 prophetae:

929 1318 938 1335 ι
956 1308 1168 1337 Proﬁciscamur
1181 1314 1208 1336 et
1221 1315 1416 1336 convertamur
1423 1309 1455 1336 ad
1471 1308 1615 1336 Dominum
1627 1308 1711 1336 Deum

927 1350 1062 1386 nostrum,
1079 1355 1143 1390 quia
1154 1356 1212 1390 ipse
1227 1355 1292 1382 fecit
1305 1361 1365 1386 nos,
1380 1359 1407 1382 et
1419 1355 1526 1382 sanabit
1538 1362 1590 1382 nos
1604 1364 1610 1382 :
1629 1362 1712 1383 sanos

927 1407 978 1427 nos
994 1399 1088 1427 reddet
1098 1403 1159 1434 post
1173 1399 1249 1434 duos.
1261 1399 1331 1432 dies,
1344 1399 1372 1426 in
1389 1399 1433 1427 die
1444 1399 1523 1426 tertia
1538 1406 1712 1434 resurgemus

927 1450 954 1473 et
975 1446 1099 1473 vivemus
1121 1445 1154 1473 “.
1172 1454 1182 1471 ι
1202 1444 1240 1472 De
1254 1445 1417 1473 mulieribus
1434 1450 1524 1472 autem
1543 1448 1711 1480 unguentum

928 1491 1077 1519 ferentibus
1089 1491 1129 1519 sic
1145 1491 1265 1526 loquitur
1281 1490 1366 1519 lsaias
1392 1490 1540 1525 propheta:
1559 1499 1568 1516 ι
1584 1489 1711 1518 Mulieres

928 1537 1070 1565 venientes
1079 1544 1094 1563 a
1109 1536 1340 1571 contemplatione
1353 1535 1473 1563 accedite
1485 1544 1493 1564 :
1512 1543 1567 1563 non
1580 1539 1622 1563 est
1637 1535 1710 1563 enim

927 1583 1044 1618 populus
1054 1582 1209 1617 intelligens
1222 1581 1255 1608 “.
1272 1591 1282 1608 ›

962 1628 1005 1655 12.
1026 1627 1064 1656 De
1077 1627 1179 1655 Christi
1194 1634 1259 1655 vero
1282 1626 1470 1662 assumptione
1495 1625 1553 1653 haec
1574 1625 1710 1652 habentur

927 1673 1032 1709 psalmo
1058 1673 1174 1708 septimo
1199 1676 1226 1700 et
1248 1671 1372 1700 decimo:
1399 1681 1409 1698 ι
1432 1671 1465 1698 Et
1481 1670 1603 1698 ascendit
1629 1677 1713 1705 super

927 1719 1067 1746 cherubim
1080 1724 1107 1746 et
1120 1719 1220 1746 volavit
1235 1726 1317 1753 super
1332 1725 1436 1753 pennas
1451 1721 1594 1745 ventorum
1607 1716 1639 1743 ”.
1655 1726 1664 1742 ι
1679 1716 1712 1743 Et

927 1767 1025 1794 iterum
1046 1767 1153 1802 psalmo
1178 1765 1388 1800 quadragesimo
1412 1769 1516 1793 sexto:
1542 1773 1552 1789 ι
1581 1762 1713 1790 Ascendit

929 1812 1000 1841 Deus
1016 1813 1044 1840 in
1063 1812 1234 1848 jubilatione,
1248 1816 1275 1839 et
1286 1811 1416 1838 Dominus
1439 1810 1467 1837 in
1481 1817 1547 1837 voce
1572 1809 1643 1836 tuha‘.
1653 1808 1685 1836 “.
1698 1817 1709 1835 ι

925 1862 960 1889 Et
974 1862 1002 1889 in
1014 1861 1145 1888 Zacharia
1163 1860 1312 1896 propheta:
1328 1869 1338 1885 ι
1353 1858 1383 1886 ln
1397 1859 1440 1886 die
1452 1851 1530 1894 253‘
1541 1858 1586 1885 illa
1602 1857 1714 1885 stabunt

927 1907 1009 1942 pedes
1024 1906 1132 1933 Domini
1147 1913 1230 1941 super
1243 1909 1362 1932 montem
1375 1897 1525 1936 Olivaruni,
1536 1904 1634 1939 quiest
1648 1910 1713 1931 con-

928 1956 968 1978 tra
986 1950 1137 1979 Jerusalem
1166 1951 1199 1978 ad
1218 1949 1356 1978 Orientem
1371 1950 1404 1976 ".
1433 1959 1442 1975 )
1461 1949 1499 1977 De
1522 1949 1642 1984 glorioso
1664 1956 1714 1976 au-

928 2001 982 2024 tem
1001 1996 1122 2024 secundo
1135 1995 1197 2023 Filii
1212 1996 1259 2024 Dei
1273 1995 1390 2024 adventu
1407 1995 1548 2022 aitDaniel
1560 1995 1712 2030 propheta:

931 2049 940 2066 ι
959 2040 1132 2075 Aspiciebam
1149 2041 1178 2068 iii
1194 2041 1299 2068 visione
1318 2041 1416 2071 noctis,
1432 2044 1459 2067 et
1474 2048 1538 2067 ecce
1554 2048 1615 2067 cum
1632 2039 1714 2067 nubi-

928 2085 981 2113 bus
994 2085 1055 2112 ειηιί
1069 2085 1148 2120 quasi
1162 2084 1232 2112 ﬁlius
1247 2085 1363 2113 hominis
1378 2084 1519 2117 veniebat,
1533 2089 1560 2112 et
1575 2092 1661 2119 usque
1677 2083 1712 2111 ad

927 2130 1076 2165 Antiquam
1083 2131 1188 2158 dierum
1203 2132 1364 2165 pervenit,ct
1372 2130 1505 2158 adductus
1513 2135 1554 2158 est
1560 2130 1592 2157 ad
1599 2137 1671 2157 eum.
1678 2129 1714 2156 Et

929 2177 981 2212 ipsi
990 2177 1083 2204 datum
1094 2180 1136 2204 est
1146 2177 1289 2212 imperium
1297 2180 1322 2204 et
1336 2177 1423 2204 honor
1434 2180 1461 2203 et
1472 2183 1600 2210 regnum:
1616 2179 1642 2202 et
1656 2182 1715 2200 om-

93 2225 174 2262 τιμὴ,
195 2225 242 2252 καὶ
263 2225 280 2260 ὴ
301 2223 423 2259 βασιλεία
436 2231 442 2238 ·
456 2222 502 2249 καὶ
523 2222 624 2252 πάντες
646 2220 670 2246 οἱ
696 2219 765 2251 λαοὶ,
789 2219 876 2254 φυλαὶ¹

934 2231 982 2250 nes
997 2223 1088 2258 populi
1101 2242 1108 2255 ,
1120 2223 1208 2250 tribus
1223 2227 1249 2251 et
1265 2222 1363 2258 linguae
1378 2222 1429 2257 ipsi
1450 2222 1578 2249 servient.
1591 2220 1715 2248 Potestas

93 2272 217 2308 γλῶσσαι
234 2269 420 2298 δουλεύσουσιν
433 2267 517 2303 αὐτῷ.
531 2268 564 2293 Ἦ
581 2266 688 2299 ἐξουσία
706 2265 786 2292 αὑτοῦ
806 2265 881 2298 ἐξου-

95 2318 141 2345 σία
158 2316 277 2349 αἰώνιος,
298 2316 359 2350 ἥτις
372 2315 403 2342 οὐ
418 2313 629 2350 παρελεύσεται·
656 2312 704 2343 καὶ
723 2312 740 2347 ἡ
759 2310 880 2346 βασιλεία

93 2363 177 2390 αὐτοῦ
190 2363 221 2389 οὐ
237 2361 458 2396 διαφθαρήσεται.
480 2368 490 2384 i
511 2358 577 2384 Ἰδοὺ
596 2357 688 2392 σαφῶς
708 2356 752 2383 διὰ
773 2356 826 2383 τῶν
845 2357 881 2382 εί-

95 2409 222 2446 ρημένων
238 2407 385 2443 ἐμάθομεν,
395 2406 436 2433 ὃτι
451 2405 532 2436 αὑτός
550 2405 622 2430 ἐστιν
636 2405 650 2430 ὁ
661 2403 724 2435 Υίὸς
737 2403 783 2429 τοῦ
799 2402 878 2435 Θεοῦ,

93 2457 110 2483 ὁ
129 2453 281 2490 σαρκωθεὶς
307 2453 355 2480 καὶ
375 2452 468 2479 παθὼν
490 2451 524 2477 δι’
541 2451 625 2486 ἡμᾶς,
648 2450 696 2477 καὶ
719 2450 837 2481 ἀναστὰς
849 2451 883 2476 ὲκ

94 2501 212 2537 νεκρῶν,
228 2500 275 2527 καὶ
288 2497 453 2534 ἀναληφθεὶς
469 2499 498 2524 ὲν
512 2497 574 2532 δόξῃ
586 2497 654 2532 πρὸς
663 2497 708 2523 τὸν
721 2496 817 2524 ἑαυτοῦ
830 2497 883 2524 Πα-

934 2269 993 2303 ejus
1003 2273 1125 2304 potestas
1134 2273 1246 2300 (eterna,
1255 2277 1315 2304 qua:
1323 2276 1375 2295 non
1390 2267 1550 2303 praeteribit:
1568 2270 1594 2293 et
1603 2273 1714 2301 regnum

933 2315 992 2350 ejus
1013 2323 1068 2342 non
1087 2319 1276 2350 corrumpetur
1293 2315 1326 2341 “.
1350 2324 1359 2340 ι
1377 2314 1446 2342 Ecce
1461 2317 1552 2348 aperte
1576 2320 1608 2340 ex
1635 2312 1716 2340 dictis

931 2361 1062 2388 discimus
1076 2361 1164 2396 ipsum
1187 2368 1248 2388 esse
1263 2359 1361 2387 Filium
1379 2359 1435 2391 Dei,
1451 2359 1496 2394 qui
1514 2359 1670 2385 incarnatus
1687 2360 1716 2384 et

932 2414 1031 2442 passus
1044 2410 1085 2434 est
1100 2410 1148 2441 pro
1164 2406 1242 2433 nobis
1252 2414 1284 2433 ex
1297 2403 1627 2440 mortuisqueresurrexit,
1635 2406 1716 2437 atque

940 2456 1098 2491 assumptus
1114 2455 1156 2478 est
1169 2451 1196 2478 in
1208 2451 1294 2485 gloria
1306 2450 1339 2477 ad
1352 2457 1431 2477 suum
1446 2449 1566 2480 Patrem,
1579 2456 1610 2475 ac
1619 2455 1716 2476 rursus

939 2501 1071 2524 venturus
1087 2500 1129 2524 est
1141 2504 1201 2523 cum
1213 2496 1332 2524 nubibus
1344 2496 1417 2528 coeli,
1429 2503 1489 2523 cum
1505 2494 1591 2530 gloria
1603 2497 1716 2527 aeterna,

95 2547 164 2582 τέρα
173 2546 221 2573 καὶ
237 2545 318 2572 πάλιν
342 2544 445 2580 μέλλων
464 2543 591 2579 ἔρχεσθαι
607 2543 676 2578 μετὰ
692 2542 746 2569 τῶν
764 2542 876 2577 νεφελῶι

933 2547 963 2570 ut
975 2543 1051 2570 vivos
1066 2546 1092 2570 et
1108 2547 1230 2570 mortuos
1250 2542 1363 2577 iudicet.
1382 2541 1445 2569 Haec
1468 2541 1541 2569 enim
1569 2540 1639 2567 idem
1653 2546 1716 2574 pro-

95 2593 144 2620 τοῦ
159 2590 285 2628 οὐρανοῦ,
302 2590 372 2626 μετὰ
385 2590 464 2626 δόξης
477 2589 586 2617 αίωνίου
600 2590 690 2624 κρῖναι
711 2588 813 2620 ζῶντας
835 2588 876 2615 καλ

932 2589 1013 2625 pheta
1028 2588 1122 2616 Daniel
1132 2589 1174 2616 bis
1189 2588 1279 2616 verbis
1293 2588 1440 2624 praedixit:
1459 2597 1469 2614 ι
1484 2586 1657 2622 Aspiciebam
1668 2585 1716 2613 do-

133 2670 156 2686 "
172 2668 225 2697 lszi.
240 2676 293 2696 Lvit
305 2688 312 2698 .
328 2669 354 2695 t.
392 2666 475 2695 “lsa.
492 2675 530 2698 li,
547 2666 590 2693 ll).
628 2666 651 2681 "
666 2664 737 2692 Psal.
757 2673 867 2692 Lxxxvti
879 2685 887 2697 ,
905 2665 930 2692 7.
968 2665 991 2681 ⁵⁸
1007 2664 1072 2693 ibid.
1089 2665 1114 2693 5.

97 2705 120 2721 "
142 2705 215 2732 Psal.
232 2713 276 2733 xv.
295 2704 336 2730 10.
387 2703 410 2719 ⁶⁰
430 2702 501 2729 Psal.
522 2709 582 2731 LVi.
601 2701 626 2728 9.
677 2701 698 2715 "
719 2699 782 2727 Ose.
802 2708 844 2731 vt,
865 2701 924 2728 1-5.

98 2748 178 2769 nvi.
195 2739 222 2766 6.
261 2739 283 2756 ⁸⁵
303 2737 416 2766 Zachar.
435 2745 490 2769 xw,
506 2738 533 2765 4.
572 2737 595 2752 ⁸⁵
615 2735 681 2763 Dan.
699 2744 752 2768 vii,
771 2736 820 2768 t5,
840 2735 883 2763 Η.

1153 2665 1175 2681 ³⁷
1189 2664 1240 2692 Job
1257 2672 1370 2696 xxxviii,
1387 2664 1429 2691 Π.
1467 2664 1490 2680 ³⁸
1505 2663 1674 2692 Psal.l.xvii.
1689 2662 1713 2689 7.

975 2701 997 2716 ⁶²
1016 2699 1069 2728 lsa.
1088 2708 1179 2733 xxvti,
1198 2701 1241 2728 tl.
1293 2700 1316 2716 "
1335 2699 1408 2728 Psal.
1424 2707 1495 2734 xvu,
1512 2699 1558 2727 Η.
1601 2699 1624 2714 ⁵⁸
1642 2697 1712 2726 PsaL

135 2819 190 2854 (80)
208 2818 253 2846 Sic
270 2818 370 2854 Regius
381 2819 476 2846 tertius
501 2817 529 2845 in
547 2817 626 2845 editis
638 2815 704 2850 lianc,
728 2815 755 2842 ἐν
776 2814 876 2850 νεκροῖς

928 2811 1039 2848 ιῦθερος,
1054 2811 1136 2849 ἤγουν
1148 2811 1348 2847 ἀναμάρτητος,
1363 2809 1474 2837 desunt.
