1924 3059
228 125 282 154 699

782 121 811 149 S.
831 119 1060 149 ATHANASIUS.
1080 134 1115 140 -—
1134 117 1268 146 SPURIA.

1802 113 1848 141 700

229 193 280 213 nec
297 184 387 212 throni
401 183 482 219 positi
498 186 579 215 sunt,
593 186 620 211 et
641 183 774 218 Antiquus
789 183 894 210 dierum
919 182 1008 210 sedit:

1077 178 1182 215 εκρούς.
1199 179 1315 213 Προεῖπε
1330 176 1384 211 γὰρ
1401 175 1465 212 περὶ
1476 174 1568 202 τούτου
1580 175 1597 201 ὁ
1611 172 1698 205 αὐτὸς
1715 173 1850 208 προφήτης

228 223 419 258 uestimentum
431 230 491 264 ejus
507 229 651 257 candidum
664 229 741 264 quasi
757 228 814 262 nix,
829 233 856 256 et
867 228 957 262 capilli
968 235 1011 255 ca-

230 277 295 312 pitis
310 277 369 311 ejus
383 276 461 311 quasi
475 277 536 302 lana
549 276 661 303 munda.
678 275 804 303 Thronus
820 275 890 310 ejus,
904 275 1011 301 ﬂamma

231 324 317 358 ignis:
334 328 401 350 rotze
423 323 500 358 ejus,
527 323 596 358 ignis
613 330 756 350 accensus.
778 321 890 349 Fluvius
918 322 1012 356 igneus

231 368 332 396 ﬂuebat
349 372 411 396 ante
430 377 501 396 eum.
524 369 607 396 Millia
629 369 742 396 millium
762 368 953 395 ministrabant
971 367 1011 400 ei,

232 418 260 441 et
271 414 361 442 decies
386 414 484 442 millies
499 414 568 442 dena
587 415 670 441 millia
686 414 851 442 assistebant
871 414 905 441 ei.
936 413 1013 441 Judi-

233 459 305 486 cium
320 460 409 491 sedit,
430 463 458 487 et
475 460 535 486 libri
557 459 642 494 aperti
660 465 734 487 sunt.
758 459 930 494 Aspiciebam
949 462 1014 485 tunc

233 509 344 540 propter
365 513 458 532 vocem
482 513 637 533 sermonum
656 506 818 541 grandium,
838 512 907 540 quos
928 512 1014 532 cornu

234 551 301 577 illud
319 551 490 585 loquebatur,
509 551 596 578 donec
619 551 760 578 interfecta
775 555 847 578 esset
858 550 945 578 bestia
960 569 968 582 ,
988 554 1015 577 et

236 597 382 637 periisset_:
399 600 426 622 et
441 603 540 630 corpus
550 596 611 630 ejus
627 596 754 622 traditum
766 599 808 623 est
823 598 853 622 ut
866 595 928 630 igne
942 602 1017 622 eom-

237 641 382 668 bureretur
396 642 428 668 ".
450 651 459 665 ι
474 641 583 668 Clarum
600 645 690 668 autem
706 645 747 669 est
762 641 876 668 bestiam
891 648 952 668 esse
962 641 1018 668 An—

237 687 402 714 ticliristum.
418 686 503 714 Filius
516 688 616 722 quippe
634 687 682 715 Dei
696 695 757 714 eum
768 687 884 718 venerit,
901 694 961 714 eam
977 686 1018 713 in-

238 732 352 759 terﬁciet
369 732 466 767 spiritu
483 733 540 759 oris
557 733 617 764 sui,
642 733 706 767 quia
726 733 776 767 ipsi
793 732 880 768 gloria
891 736 918 760 et
933 732 1020 766 impe-

238 779 308 806 rium
325 778 354 805 in
369 779 468 806 saecula
484 778 654 806 saeculorum.
669 779 768 806 Amen.

276 898 320 926 15.
340 898 402 926 Ηαιο
417 903 508 927 autem
525 906 558 927 ex
575 899 669 927 multis
683 907 768 934 pauca
790 907 825 926 ex
840 899 926 927 sacris
943 898 1020 926 Scri-

239 946 328 980 pturis
355 945 558 980 proposuimus,
573 954 635 973 eum
654 946 687 973 ad
711 950 843 979 nostram,
869 945 916 981 qui
941 945 1021 972 Chri-

241 991 322 1019 stiani
348 999 443 1019 sumus
469 992 627 1028 ampliorem
647 992 739 1024 ﬁdem.
766 997 823 1019 tum
844 992 877 1019 ad
900 992 1021 1027 pertina-

241 1038 311 1065 ciam
326 1042 353 1065 et
370 1038 515 1065 amentiam
539 1037 695 1066 Judzeorum
718 1037 921 1066 confutandam.
943 1037 1023 1067 Scili-

241 1087 285 1110 cet
302 1091 371 1110 unus
394 1088 494 1111 sanctte
509 1083 621 1110 viviﬁeaa
642 1082 793 1115 Trinitatis,
805 1083 875 1110 Deus
891 1082 1021 1115 Verbum,

241 1133 269 1156 et
283 1128 330 1155 Dei
355 1128 451 1161 Filius,
467 1132 493 1156 et
516 1128 648 1155 Dominus
670 1133 764 1156 noster
782 1128 860 1156 Jesus
883 1128 1020 1159 Christus,

242 1174 302 1209 ipse
327 1179 436 1209 propter
470 1179 591 1202 nostram
630 1174 743 1202 salutem
774 1174 903 1202 extremis
926 1174 1023 1201 diebus

243 1220 325 1246 homo
341 1220 428 1247 factus
444 1224 486 1247 est
506 1227 540 1247 ex
556 1220 742 1252 sanctissima,
760 1220 944 1251 immaculata.
970 1220 1024 1247 Do—

243 1266 319 1292 mina
349 1270 443 1293 nostra
471 1266 585 1300 Deipara
607 1271 633 1293 et
660 1273 766 1301 semper
789 1266 893 1301 virgine
927 1265 1021 1293 Maria.

244 1310 373 1346 Idemque
384 1311 605 1339 omnibnsdivine
613 1312 740 1347 peractis,
755 1319 916 1346 passusque,
929 1320 1024 1347 quem-

245 1359 391 1386 admodum
417 1359 553 1393 prophetae
572 1359 761 1394 praedixerant,
786 1367 871 1395 genus
900 1362 1023 1386 nostrum

246 1411 281 1430 ex
309 1402 423 1430 fallaciis
442 1409 468 1430 et
497 1404 628 1431 servitute
650 1404 753 1431 inimici
777 1404 885 1439 eripuit.
913 1404 967 1431 Pro
985 1408 1024 1430 tot

244 1447 328 1482 igitur
345 1448 483 1482 tantisque
499 1448 636 1475 beneﬁciis
657 1448 755 1482 quibus
781 1456 830 1475 sua
857 1448 963 1475 bonitas
983 1448 1026 1474 di-

245 1499 326 1528 gnata
345 1501 395 1522 nos
412 1497 464 1526 est,
483 1494 642 1521 Studeamus
659 1495 727 1529 grati
739 1493 764 1520 ei
778 1501 850 1526 esse,
868 1496 1024 1521 sanctorum

246 1539 373 1566 videlicet
391 1539 581 1566 mandatorum
604 1539 806 1571 observatione,
829 1543 858 1566 ut
874 1543 974 1566 aeterna
999 1543 1026 1566 et

246 1585 352 1612 inﬁnita
369 1585 441 1613 bona
467 1585 598 1620 consequi
621 1585 768 1622 possimus,
794 1585 822 1612 in
843 1585 903 1620 ipso
918 1585 1026 1612 Christo

246 1631 302 1659 Deo
317 1635 422 1663 nostro,
437 1631 480 1658 cui
497 1631 583 1665 gloria
601 1635 628 1658 et
651 1630 793 1665 imperium
816 1638 877 1657 cum
900 1630 1026 1665 omnipo-

246 1677 313 1704 tenti
338 1677 398 1711 ejus
414 1675 504 1709 Patre,
532 1679 559 1702 et
582 1676 755 1704 sanctissimo
780 1683 811 1703 ac
838 1675 946 1703 viviﬁco
967 1675 1029 1710 Spi-

247 1721 313 1752 ritu,
341 1728 413 1748 nunc
442 1725 468 1748 et
494 1727 600 1755 semper
624 1724 652 1749 et
674 1721 702 1748 in
727 1720 827 1749 saecula
856 1721 1026 1749 saeculorum.

247 1767 344 1795 Amen.

1060 225 1158 260 Δανιήλ
1168 232 1174 238 ·
1191 233 1200 249 α
1211 222 1359 258 Ἐθεώρουν
1370 222 1423 253 ἓως
1437 218 1467 247 οὗ
1479 221 1567 256 θρόνοι
1578 219 1730 254 ἐτέθησαν.
1739 219 1785 246 καὶ
1799 219 1851 245 [Ια-

1061 269 1135 301 λαιὸς
1148 268 1260 304 ἡμερῶν
1276 267 1394 303 ἐκάθητο
1406 275 1413 281 '
1425 267 1472 293 καὶ
1495 266 1526 292 τὸ
1542 265 1648 300 ἔνδυμα
1663 263 1749 292 αὑτοῦ
1763 263 1852 290 λευκὸν

1061 315 1126 341 ὡσεὶ
1141 313 1217 350 χιὼν,
1231 314 1278 340 καὶ
1293 314 1309 349 ή
1322 313 1382 348 θρὶξ
1397 312 1447 347 τῆς
1465 311 1585 347 κεφαλῆς
1603 310 1692 338 αὐτοῦ
1705 310 1771 336 ὡσεὶ
1787 310 1852 345 ἔριον

1063 359 1192 394 καθαρόν.
1216 360 1246 385 '0
1259 358 1352 394 θρόνος
1370 357 1451 384 αὑτοῦ
1464 357 1530 392 φλὸξ
1549 356 1650 392 πυρὸς,
1666 357 1692 382 οὶ
1709 356 1800 391 τροχοὶ
1814 357 1853 382 αὐ·

1063 404 1110 431 τοῦ
1128 404 1183 439 πῦρ
1208 404 1315 438 φλέγων.
1332 402 1457 438 Ποταμός
1479 402 1563 437 πυρὸς
1582 399 1681 427 εἷλκεν
1707 400 1853 435 ἔμπροσθεν

1065 450 1156 482 αὐτοῦ,
1180 449 1263 485 χίλιαι
1288 449 1405 484 χιλιάδες
1426 447 1614 482 ἐλειτούργουν
1631 445 1720 482 αὐτῷ,
1748 446 1794 472 καὶ
1813 446 1843 481 μύ

1067 504 1122 532 ριαι
1135 495 1264 530 μυριάδες
1273 494 1460 530 παρείστηκαν
1470 492 1554 527 αὐτῷ.
1567 492 1727 528 Κριτήριον
1739 491 1851 522 ἐκάθισε,

1066 541 1114 568 καὶ
1129 541 1214 576 βίϐλοι
1226 539 1412 576 ἠνεῴχθησαν.
1437 537 1584 574 Ἐθεώρουν
1610 537 1676 564 τότε
1696 537 1752 564 ἀπὸ
1772 538 1852 572 φωνῆς

1066 587 1120 614 τῶν
1133 587 1220 621 λόγων
1235 586 1288 612 τῶν
1303 585 1435 621 μεγάλων,
1453 581 1490 611 ὧν
1506 585 1535 611 τὸ
1552 584 1641 619 κέρας
1660 584 1752 610 ἐκεῖνο
1763 583 1851 613 ἐλάλει,

1067 633 1120 665 ἓως
1136 632 1254 668 ἀνῃρέθη
1277 631 1307 658 τὸ
1324 631 1415 666 θηρίον
1432 631 1478 657 καὶ
1503 629 1640 661 ἀπώλετο,
1659 629 1710 656 καὶ
1734 629 1764 656 τὺ
1784 630 1851 664 σῶμα

1068 678 1150 704 αὑτοῦ
1165 677 1242 713 ἐδόθη
1268 678 1308 708 εἰς
1324 676 1421 704 καῦσιν
1447 676 1542 712 πυρός.
1557 686 1566 702 ι
1594 675 1740 711 Πρόδηλον
1760 675 1795 707 δὲ,
1819 676 1852 701 ὅτι

1069 723 1098 750 τὺ
1111 723 1203 759 θηρίον
1216 725 1230 750 ὁ
1251 723 1431 758 ’Δντίχριστός
1445 723 1527 749 ἐστιν.
1546 723 1574 750 '0
1587 723 1646 759 γὰρ
1657 723 1725 753 Υἱὸς
1738 721 1784 748 τοῦ
1794 722 1851 748 Θεοῦ

1069 770 1225 805 ἐρχόμενος,
1242 769 1331 795 ἀνελεῖ
1355 769 1435 795 αὐτὸν
1450 769 1489 804 τῷ
1506 769 1648 805 πνεύματι
1665 769 1714 796 τοῦ
1736 769 1852 804 στόματος

1071 814 1164 847 αὐτοῦ,
1180 814 1220 841 ὅτι
1235 813 1308 848 αὐτῷ
1319 815 1336 849 ὴ
1352 813 1414 851 δόξα
1423 814 1469 851 Kal.
1480 815 1511 840 τὸ
1525 814 1628 849 κράτος
1637 813 1752 846 εἱςτους
1765 812 1852 844 αἰῶνας

1070 860 1124 887 τῶν
1145 859 1259 886 αἰώνων.
1281 859 1378 894 Ἀμήν.
1448 858 1451 859 ⁷
1593 854 1604 857 ”
1618 852 1643 859 ’”

1105 905 1148 932 15.
1168 905 1260 932 Ταῦτα
1273 905 1301 932 δὲ
1318 907 1349 932 ἐκ
1363 905 1468 932 πολλῶν
1481 905 1560 940 ὀλίγα
1573 906 1607 932 ὲκ
1621 905 1679 932 τῶν
1696 905 1782 940 ἁγίων
1794 905 1852 939 Γρα-

1070 951 1128 986 φῶν
1147 950 1322 986 παρεθέμεθα
1345 950 1413 986 πρὸς
1433 950 1482 986 μὲν
1498 950 1640 986 ἡμετέραν
1663 950 1720 976 τῶν
1734 950 1851 986 Χριστια-

1069 997 1122 1023 νῶν
1139 995 1250 1032 μείζονα
1269 996 1369 1028 πίστιν,
1388 995 1456 1031 πρὸς
1472 995 1583 1031 ἔλεγχον
1597 996 1627 1023 δὲ
1643 997 1696 1031 τῆς
1720 994 1853 1027 Ἰουδαῖκῆς

1071 1039 1284 1075 σκληροκαρδίας
1305 1040 1352 1066 καὶ
1371 1039 1593 1075 φρενοϐλαϐείας.
1622 1040 1687 1066 Ὅτι
1712 1040 1727 1065 ὁ
1750 1036 1789 1070 εἷς
1813 1039 1854 1072 τῆς

1072 1085 1152 1119 ἁγίας
1169 1083 1301 1116 ζωοποιοῦ
1315 1085 1440 1120 Τριάδος,
1457 1083 1523 1116 Θεὸς
1539 1085 1630 1118 Λόγος
1647 1085 1696 1111 καὶ
1711 1084 1777 1111 Θεοῦ
1791 1083 1852 1113 Υἱὸς,

1071 1131 1119 1156 καὶ
1136 1131 1150 1156 ὁ
1166 1129 1268 1165 Κύριος
1284 1129 1361 1166 ἡμῶν
1384 1129 1487 1165 Ἰησοῦς
1504 1130 1634 1166 Χριστὸς,
1655 1130 1739 1162 αὐτὸς
1759 1129 1799 1156 διὰ
1813 1128 1853 1163 τὴν

1072 1175 1207 1212 ἡμετέραν
1225 1176 1359 1211 σωτηρίαν
1385 1176 1428 1202 ἐπ’
1447 1176 1567 1211 ἐσχάτων
1582 1177 1640 1204 τῶν
1664 1176 1775 1212 ἡμερῶν
1790 1177 1855 1210 ἐνην-

1073 1222 1215 1257 θρώπησεν
1227 1222 1260 1248 ἐκ
1274 1222 1322 1257 τῆς
1334 1221 1469 1256 παναγίας
1482 1222 1619 1258 ἀχρὰντου
1633 1223 1777 1258 δεσποίνης
1788 1220 1854 1256 ἡμῶν

1072 1268 1213 1300 Θεοιὸκου,
1226 1269 1273 1295 καὶ
1287 1268 1331 1295 ἀεὶ
1347 1268 1481 1304 παρθένου
1496 1269 1619 1304 Μαρίας.
1636 1269 1694 1295 Καὶ
1709 1269 1794 1295 πάντα
1806 1267 1854 1293 θεο-

1074 1314 1185 1350 πρεπῶς
1201 1314 1443 1349 ἀπεργασάμενος,
1460 1314 1506 1340 καὶ
1522 1313 1629 1345 παθὼν,
1648 1313 1740 1345 καθὼς
1754 1314 1777 1340 ot
1792 1313 1853 1346 ἅγιοι

1074 1360 1204 1394 προεῖπον
1222 1360 1369 1396 προφῆται,
1386 1359 1485 1387 ἔσωσεν
1505 1359 1536 1385 ὲκ
1552 1360 1604 1395 τῆς
1622 1359 1669 1386 τοῦ
1684 1358 1779 1395 ἐχθροῦ
1795 1358 1853 1384 πλά-

1075 1413 1123 1439 νης
1143 1404 1190 1431 καὶ
1205 1404 1327 1436 δουλείας
1341 1405 1371 1431 τὸ
1388 1405 1465 1439 γένος
1484 1405 1573 1441 ἡμῶν.
1598 1405 1685 1441 ’Υπὲρ
1703 1405 1756 1432 τῶν
1771 1403 1852 1430 τοσού-

1075 1458 1130 1476 των
1154 1447 1200 1476 οὖν
1227 1449 1406 1485 εὐεργεσιῶν,
1435 1447 1472 1476 ὧν
1491 1452 1582 1486 τυχεῖν
1610 1451 1687 1487 παρὰ
1710 1451 1761 1485 τῆς
1781 1448 1850 1476 αὑτοῦ

1075 1495 1241 1529 ἀγαθότητος
1251 1495 1415 1531 ἠξιώθημεν,
1430 1496 1626 1531 σπουδάσωμεν
1640 1497 1778 1532 εὐάρεστοι
1790 1493 1852 1528 αὐτῷ

1078 1540 1268 1576 ἀναδειχθῆναι
1283 1541 1328 1567 διὰ
1343 1542 1392 1576 τῆς
1408 1541 1461 1568 τῶν
1483 1542 1567 1576 ἁγίων
1583 1543 1669 1569 αὑτοῦ
1689 1541 1797 1569 ἐντολῶν
1812 1542 1849 1566 ἐκ·

1078 1585 1254 1621 πληρώσεως,
1266 1587 1339 1618 ὅπως
1352 1587 1398 1613 καὶ
1417 1587 1474 1627 τῶν
1486 1587 1606 1616 αἰωνίων
1623 1589 1671 1615 καὶ
1682 1587 1850 1621 ἁτελευτήτων

1077 1630 1186 1664 ἀγαθῶν
1201 1631 1372 1666 ἐπιτύχωμεν
1389 1632 1417 1659 ὲν
1438 1632 1510 1668 αὐτῷ
1523 1633 1637 1669 Χριστῷ
1653 1633 1692 1668 τῷ
1707 1632 1764 1668 Θεῷ
1775 1630 1850 1666 ἡμῶν,

1077 1672 1099 1709 ᾧ
1113 1677 1130 1711 ἡ
1143 1675 1206 1708 δόξα
1221 1677 1269 1703 καὶ
1288 1676 1317 1703 τὸ
1332 1678 1431 1713 κράτος
1448 1679 1496 1705 σὺν
1508 1678 1547 1714 τῷ
1563 1679 1765 1715 παντοκράτορι
1778 1676 1850 1709 Πατρὶ

1079 1722 1173 1754 αὐτοῦ,
1189 1723 1237 1749 καὶ
1250 1722 1288 1758 τῷ
1309 1723 1435 1758 παναγίῳ
1448 1724 1495 1751 καὶ
1511 1723 1638 1760 ζωοποιῷ
1655 1724 1796 1759 Πνεύματι,
1812 1721 1851 1748 νῦν

1080 1768 1127 1794 καὶ
1138 1768 1193 1802 ἀεὶ,
1205 1769 1253 1795 καὶ
1264 1769 1305 1801 εἰς
1315 1769 1378 1801 τοὺς
1395 1769 1494 1802 αἰῶνας
1507 1770 1561 1797 τῶν
1578 1770 1696 1798 αἰώνων.
1718 1770 1805 1805 Ἀμήν.

249 1882 449 1920 Quaastiones
467 1884 636 1921 sequentes
651 1881 686 1911 in
702 1879 886 1921 Evangelia,
899 1880 1063 1921 ex_eodiee
1077 1883 1154 1921 Reg.
1169 1882 1259 1917 2&31,
1272 1890 1358 1912 nunc
1373 1880 1513 1920 primum
1528 1881 1559 1912 in
1575 1881 1682 1912 lucem
1697 1879 1847 1920 prodeunt.

375 1919 578 1961 Adjiciuﬁtur
592 1928 685 1959 porro
699 1920 732 1950 in
749 1920 862 1950 eodem
877 1919 985 1950 codice
1000 1921 1038 1951 ad
1054 1919 1170 1952 calcem
1184 1919 1383 1958 Ωυωειὶοηὶέ
1393 1921 1460 1957 136,
1477 1921 1515 1951 ad
1531 1919 1734 1952 Antiochum.

286 2015 449 2049 ρυΑῑδτιο
465 2015 485 2042 Ι.
505 2025 514 2041 ‹
526 2015 628 2043 Christi
645 2019 735 2042 autem
751 2015 890 2050 generatio
906 2015 946 2043 sic
962 2019 1031 2044 erat.

250 2062 318 2089 Cum
335 2062 406 2089 enim
422 2066 495 2089 esset
509 2062 673 2096 desponsata
695 2065 782 2088 mater
807 2060 867 2096 ejus
884 2060 968 2088 Maria
984 2060 1032 2088 Jo-

252 2108 318 2142 sepli
339 2108 372 2134 ⁸⁸.
387 2117 396 2133 ι
413 2107 502 2140 Quare
521 2115 574 2134 non
587 2107 656 2134 dixit
676 2116 683 2134 :
699 2106 767 2134 Cum
783 2110 855 2134 esset
869 2108 1033 2142 desponsata

252 2155 340 2189 virgo,
362 2154 409 2181 sed
431 2163 441 2180 σ
454 2153 539 2180 Mater
552 2153 634 2188 ejus?
646 2162 655 2179 ι

289 2212 449 2239 Rssronsro.
472 2210 506 2237 Ut
520 2211 658 2239 credibilis
681 2216 772 2237 sermo
795 2209 877 2240 foret,
894 2212 922 2236 et
936 2211 966 2235 ut
984 2216 1033 2235 au-

254 2260 381 2292 ditorem,
396 2264 520 2295 paratum
533 2259 567 2286 ad
579 2259 718 2294 quidpiam
733 2257 896 2285 audiendum
917 2264 971 2283 non
991 2256 1033 2282 in-

254 2311 371 2338 suetum,
390 2306 506 2333 insolita:
514 2306 552 2333 rei
566 2305 703 2332 additione
718 2303 885 2339 percelleret.
900 2302 1031 2329 dicendo:

257 2363 266 2377 ι
281 2353 433 2387 Antequam
453 2353 639 2384 convenirent,
659 2352 767 2379 inventa
787 2355 828 2378 est
848 2350 876 2376 in
893 2353 971 2376 utero
987 2348 1034 2375 ba-

255 2398 323 2425 bens
341 2398 373 2425 de
391 2397 493 2432 Spiritu
509 2396 663 2425 sancto”.»

290 2453 323 2487 Q.
338 2455 364 2481 Ξ.
377 2465 386 2479 ι
400 2453 531 2488 Apparuit
548 2457 637 2479 autem
650 2452 675 2480 ei
690 2453 802 2486 angelus
816 2449 922 2477 Domini
950 2449 977 2475 in
992 2455 1037 2476 so-

256 2501 328 2527 mnis
349 2500 483 2526 diceus".
503 2508 513 2524 ι
528 2497 617 2530 Quare
629 2505 681 2524 non
696 2497 783 2532 palatii
802 2499 913 2530 apparet
924 2493 1036 2528 angelus

255 2545 385 2580 Iosepho,
415 2543 640 2580 quemadmodqu
665 2543 819 2578 pastoribus
836 2546 862 2568 et
882 2541 1038 2568 Zachariae?

295 2604 326 2631 tt.
342 2604 409 2637 Quia
423 2603 568 2630 admodum
585 2601 671 2629 ﬁdelis
686 2605 744 2628 erat
763 2601 805 2628 vir
824 2601 880 2627 ille.
900 2599 956 2627 Nec
969 2606 1038 2633 opus

260 2652 298 2678 illi
312 2656 369 2678 erat
380 2649 514 2685 ejusmodi
532 2649 646 2676 visione.

294 2698 327 2730 Ο.
350 2698 377 2723 5.
402 2706 410 2721 ε
425 2696 464 2723 Ne
487 2697 584 2722 timeas
609 2694 731 2728 accipere
759 2693 871 2720 Mariam
896 2691 1038 2727 eonjugem

261 2743 390 2770 luam“.)
408 2742 497 2775 Quare
512 2741 596 2768 dixit:
616 2740 681 2773 (Ne
695 2740 809 2767 timeas?
827 2749 837 2765 ›

1120 2016 1285 2043 ΕΡΩΤΗΣΙΣ
1292 2019 1326 2043 α’.
1343 2025 1353 2042 ί
1369 2015 1422 2042 Τοῦ
1440 2015 1468 2042 δὲ
1484 2015 1572 2050 Ἰησοῦ
1585 2012 1727 2049 Χριστοῦὴ
1739 2011 1846 2045 γέννησις

1085 2061 1171 2094 οὕτως
1180 2060 1223 2098 ἦν.
1234 2061 1455 2096 Μνηστευθείσης
1467 2060 1521 2096 γὰρ
1533 2060 1582 2094 τῆς
1600 2058 1700 2095 μητρὸς
1709 2055 1784 2084 αὑτοῦ
1796 2053 1845 2080 Mr

1087 2109 1148 2146 ριας
1164 2108 1202 2144 τῷ
1223 2107 1330 2144 Ἰωσήφ.
1351 2117 1361 2132 ι
1380 2107 1429 2134 Διὰ
1445 2107 1470 2134 τί
1489 2108 1539 2133 οὐκ
1554 2105 1630 2133 εἷπε·
1649 2100 1845 2140 Μνηστευθείσης

1048 2155 1072 2184 D
1084 2154 1134 2188 τῆς
1150 2153 1294 2188 παρθένου,
1313 2152 1380 2179 ἀλλὰ
1398 2162 1407 2178 ί
1425 2152 1475 2187 τῆς
1491 2151 1594 2186 μητρὸς
1609 2149 1700 2178 αὑτοῦ.
1717 2157 1726 2174 ι

1121 2208 1312 2236 ΑΠΟΚΡΙΣΙΣ.
1337 2209 1420 2235 Ὥστε
1451 2208 1652 2244 εὐπαράδεκτον
1678 2200 1792 2238 γενέσθαι
1809 2196 1844 2244 ’ξὺν

1086 2256 1173 2290 λόγον.
1188 2256 1234 2282 καὶ
1250 2255 1441 2294 προσδοκῶντά
1458 2264 1483 2281 τι
1497 2255 1550 2281 τῶν
1565 2253 1686 2289 συνήθων
1701 2242 1844 2294 ἀκούσεσθαι

1086 2301 1130 2327 τὸν
1141 2301 1287 2336 ἀκροατὴν,
1300 2299 1460 2336 καταπλήξῃ
1474 2300 1507 2335 τῇ
1521 2299 1567 2325 τοῦ
1581 2295 1725 2334 παραδόξου
1736 2290 1851 2336 πρᾶγμ’.

1085 2356 1129 2378 τος
1145 2333 1289 2381 ἐπαγωγ-ῇ,
1309 2333 1424 2380 λέγων-ν
1436 2333 1460 2370 εγ
1473 2333 1540 2381 ut?”
1565 2345 1581 2380 ἢ
1604 2341 1732 2370 συνελθεῖν
1753 2333 1843 2362 αὐτοῦς,

1086 2392 1183 2428 εὑρέθη
1196 2393 1224 2419 ὲν
1235 2391 1333 2426 γαστρὶ
1344 2391 1440 2426 ἔχουσα
1452 2391 1484 2417 ὲκ
1495 2389 1563 2416 Πνεύ
1569 2396 1650 2424 ματος
1662 2385 1745 2418 ἁγίου.
1767 2390 1775 2405 ι

1128 2447 1222 2483 Ἐρώτ.
1231 2447 1263 2482 β’.
1274 2456 1283 2472 ‹
1292 2447 1379 2481 Ὤιρθη
1389 2446 1417 2472 δὲ
1425 2446 1498 2481 αὺτῷ
1506 2445 1618 2480 ἅγγελος
1626 2441 1722 2477 Κυρίου
1733 2435 1784 2464 κατ’
1790 2434 1843 2480 ὄναρ

1087 2482 1187 2528 λέγων·
1210 2503 1219 2519 ›
1238 2493 1287 2520 Διὰ
1303 2493 1328 2518 τί
1347 2493 1383 2528 μὴ
1398 2492 1519 2527 φανερῶς
1536 2491 1656 2526 φαίνεται
1671 2489 1684 2514 ὁ
1697 2482 1798 2518 ἅγγελος
1811 2485 1841 2509 τῳ

1094 2540 1202 2574 Ἰωσὴφ,
1219 2539 1343 2574 καθάπερ
1355 2540 1410 2570 τοῖς
1424 2538 1532 2573 ποιμέσι
1547 2537 1594 2564 καὶ
1607 2535 1644 2571 τῷ
1656 2529 1783 2567 Ζαχαρίᾳὶ

1129 2597 1222 2624 Ἀπόκ.
1252 2597 1313 2623 Ὅτι
1336 2595 1437 2631 σφόδρα
1463 2595 1556 2626 πιστὸς
1577 2592 1636 2630 ἦνό
1660 2589 1734 2623 ἀνὴρι
1756 2581 1796 2611 καὶ
1816 2586 1839 2604 ⁰⁹

1088 2645 1214 2680 δεόμενος
1229 2645 1277 2679 τῆς
1291 2643 1417 2677 τοιαύτης
1435 2642 1532 2676 ὅῷεως.
1692 2677 1715 2680 __
1764 2665 1819 2680 μὲ

1294 2698 1303 2713 ι
1323 2688 1365 2723 Μὴ
1383 2670 1681 2722 εέθόηθῇςνπαραλαὸεῖν
1692 2670 1839 2710 Μαριὰμτην

1090 2724 1207 2770 γυναῖκά
1223 2741 1279 2760 σου.
1303 2742 1312 2759 ι
1331 2733 1379 2759 Διὰ
1394 2732 1421 2758 τί
1434 2729 1494 2759 εἷπε
1504 2739 1511 2746 ·
1529 2730 1574 2765 Μὴ
1590 2724 1719 2764 φοὸηθῇςν

298 2820 318 2836 ⁸⁷
338 2819 410 2848 Psal.
427 2826 480 2854 vur,
497 2817 572 2846 9-H.
610 2817 633 2834 ⁸⁸
653 2816 747 2845 Matth.
767 2823 793 2849 ι,
813 2815 903 2843 16-18.
942 2815 964 2831 ⁶⁹
982 2813 1024 2842 ibi:

1085 2812 1108 2830 '°
1128 2811 1194 2840 ibid.
1211 2811 1255 2838 20.
1294 2810 1315 2826 '“
1337 2809 1403 2838 ibid.
