1924 3059
63 188 120 215 701

577 172 809 212 ΟΗᾸΕΞΤῙΟΝΕΞ
828 171 874 198 AD
894 167 1098 197 ANTIOCHUM
1118 162 1245 193 DUCEM.

1640 151 1691 179 ’102

112 244 224 279 Ἀπόκρ.
238 240 350 272 Δεικνῦς
368 239 448 266 αὐτὸν
467 235 604 264 δεδοικότα
625 234 663 270 μὴ
678 230 852 270 προσκρούσῃ
869 253 871 257 ,

944 227 974 255 R.
993 226 1118 253 Declarat
1139 230 1201 250 eum
1224 215 1369 250 timuisse,.'
1378 223 1414 244 ne
1427 213 1513 242 Deum
1531 210 1691 242 offenderet,

979 277 983 279 .
1042 271 1050 279 .
1073 272 1090 279 ._
1185 268 1416 279 ._.______n_m

62 291 108 326 τῷ
121 288 193 324 Θεῷ,
209 287 247 318 ὡς
269 282 416 321 μοιχαλίδα“
428 283 506 318 ἒχων.

111 334 207 370 Ἐρώτ.
225 331 256 358 δ’.
271 331 320 357 Διὰ
335 330 361 357 τί
378 328 448 361 εἷπε,
470 337 479 354 ι
498 329 547 364 τὴν
563 326 681 361 γυναικά
697 332 761 357 σονς
785 333 794 349 ι

111 369 206 407 ’Λπόκ.
231 378 276 409 Ὦς
294 377 331 412 μὴ
345 375 544 411 διεφθαρμένης
559 373 645 408 αὐτῆς
665 371 756 406 οΰσης.
775 369 859 396 Καλεῖ

63 428 96 454 δὲ
111 427 197 462 αὐτὴν
213 425 328 459 γυναῖκα
345 422 398 450 ἀπὸ
412 422 464 456 τῆς
480 419 625 456 μνηστείας
635 428 641 434 ·
657 419 750 452 ὥσπερ
764 415 858 442 εἰώθα-

67 481 121 505 μεν
135 470 277 506 γαμϐροὺς
286 469 375 502 λέγειν
386 468 433 495 καὶ
445 467 604 502 προγάμους
615 466 678 496 τοὺς
692 462 857 499 μνηστῆρας.

111 516 210 552 Ἐρὼτ.
227 515 257 542 ε’.
285 524 294 541 ι
311 514 422 548 Τέξεται
439 513 467 540 δὲ
481 513 553 539 Υιὸν.
576 521 586 538 ι
605 511 654 538 Διὰ
667 510 693 537 τί
713 510 762 536 οὐκ
781 507 857 535 εἴπε“

65 563 184 595 Τὲξεται
200 560 227 586 δέ
246 568 286 586 σοι
296 567 303 592 ;

113 607 209 634 Ἀπόκ.
227 606 289 631 ’Ὁτι
313 604 362 631 οὐκ
389 603 462 639 αὐτῷ
484 601 578 638 ἔμελλε
605 600 676 636 μόνῳ
704 595 859 629 τίκτεσθαι,

66 653 141 680 ἀλλὰ
159 652 192 686 τῇ
212 649 357 684 οἰκουμένῃ
373 648 458 683 πάσῃ.

114 697 210 733 Ἐρώτ.
227 695 264 727 ς’.
278 704 287 720 ι
309 695 353 720 Ἐν
364 694 482 729 ἡμέραις
495 691 613 727 Ἡρώδου
629 690 676 717 τοῦ
692 688 830 725 βασιλέως.
849 696 858 712 ι

69 743 124 770 Διὰ
152 742 177 769 τί
201 740 356 777 προσέθηκε
377 740 408 766 τὸ
429 738 546 773 ἀξίωμα,
565 736 663 769 εἰπὼν,
691 745 700 761 ι
721 734 768 761 τοῦ
786 734 862 768 βασι-

69 798 143 820 Λεως
153 798 159 821 ;
179 797 188 814 ν

116 835 210 862 Ἀπόκ.
232 833 339 867 Ἐπειδὴ
352 832 400 859 καὶ
415 831 509 865 ἕτερος
523 829 635 863 γέγονεν
654 825 775 862 Ἡρώδης
789 825 802 851 ὁ
817 823 864 850 τὸν

69 881 230 917 Πρόδρομον
243 866 355 907 ἀνελών.
373 877 441 904 Ἀλλ’
454 877 554 907 ἐκεῖνος
565 873 716 909 τετράρχης
727 869 771 907 ἦν,
784 866 860 901 οὗτος
875 895 898 923 Β

68 929 101 955 δὲ
122 926 258 963 βασιλεὺς.

116 961 144 999 ’ΪΞ
150 971 212 1008 ρώτ.
223 971 254 1003 ξ’.
265 980 275 996 ‹
286 968 424 1005 Ἐγερθεὶς
433 966 572 1003 παράλαϐε
589 965 619 992 τὸ
635 963 740 991 παιδίον
754 963 801 989 καὶ
812 961 860 997 τὴν

71 1019 185 1055 μητέρα
197 1016 288 1044 αὑτοῦ.
310 1025 320 1042 ι
340 1015 388 1041 Διὰ
404 1013 430 1040 τί
446 1014 496 1040 οὐκ
514 1010 588 1042 εἷπε,
603 1011 659 1046 Τὴν
672 1008 786 1044 γυναῖκά
805 1015 861 1039 σου,

69 1062 145 1089 ἀλλὰ
159 1070 168 1087 ‹
187 1061 242 1095 Τὴν
262 1059 367 1094 μητέρα
383 1057 482 1088 αὑτοῦ;
502 1067 510 1082 ι

117 1106 212 1132 Ἀπόκ.
237 1104 355 1139 Ἐπειδὴ,
370 1103 417 1130 τοῦ
431 1103 510 1128 τόκου
525 1101 610 1137 πέρας
630 1099 767 1130 λαϐόντος,
783 1098 864 1132 ἐλύθη

69 1161 105 1179 τε
121 1153 139 1187 ἡ
156 1149 335 1185 ὑποψία,κώ
350 1150 364 1175 ὁ
385 1148 484 1183 Ἰωσὴφ
504 1145 651 1182 ὲπιστώθη.
667 1144 715 1171 Διὰ
728 1143 806 1170 τοῦτο
819 1141 865 1170 οὖν

69 1197 170 1225 λοιπὸν
183 1195 250 1232 μετὰ
263 1194 415 1231 παρρησίας
426 1193 577 1227 διαλέγεται
588 1193 602 1219 ὁ
615 1191 738 1225 ἄγγελος,
747 1190 794 1216 καὶ
803 1190 867 1215 οὑκ-

72 1244 120 1271 έτι
133 1243 182 1278 τὴν
197 1243 314 1276 γυναῖκα
325 1239 407 1266 αὑτοῦ
421 1239 506 1265 καλεῖ.

124 1287 217 1323 Ἐρὼτ.
230 1287 264 1322 η’,
277 1296 285 1313 α
298 1286 352 1313 Καὶ
368 1285 451 1320 φεῦγε
467 1286 505 1317 εἰς
518 1284 663 1318 Αἴγυπτον.
676 1291 685 1309 ι
696 1281 745 1309 Διὰ
753 1282 779 1309 τί
788 1280 869 1309 ἀκού-

75 1343 142 1363 σας·
163 1343 172 1360 ι
192 1333 278 1368 Φεῦγε
291 1333 331 1364 εἰς
341 1332 489 1366 Αἴγυπτον,
513 1340 522 1357 ι
541 1330 591 1356 οὐκ
606 1329 761 1365 ὲταράχθη;

123 1424 217 1451 Ἀπόκ.
251 1422 359 1458 Ἐπειδὴ
384 1422 479 1458 nmo;
494 1419 528 1456 ἦν
548 1421 562 1446 ὁ
577 1420 657 1455 ἀνὴρ,
677 1419 717 1446 διὸ
737 1419 870 1445 ὑπακούει

77 1470 130 1498 καὶ
145 1469 277 1496 πείθεται.

125 1514 220 1550 Ἐρώτ.
237 1513 270 1541 θ’.
288 1513 337 1539 Διὰ
352 1512 379 1539 τί
395 1512 444 1539 οὐκ
459 1512 500 1543 εις
515 1510 596 1546 ἄλλην
611 1509 702 1546 χώραν
717 1508 870 1544 πέμπεται,

77 1560 141 1588 ἀλλ’
158 1561 198 1591 εἰς
212 1559 348 1593 Αἴγυπτον
356 1566 364 1591 ;

126 1606 221 1634 ’Δπόκ.
237 1605 296 1631 Ἵνα
309 1603 439 1640 πληρωθῇ
455 1603 471 1638 ἡ
487 1602 639 1638 προφητεία
653 1602 669 1637 ἠ
689 1600 816 1634 λέγουσα,
831 1600 873 1627 ὃτι

81 1662 93 1678 ε
125 1651 172 1684 Ἐξ
186 1651 321 1685 Αἰγύπτου
335 1650 451 1677 ἐκάλεσα
466 1650 512 1676 τὸν
534 1648 598 1675 Υἰόν
617 1656 680 1683 μου.
703 1657 713 1674 ›

126 1697 223 1733 Ἐρὼτ.
236 1701 261 1724 ι’.
278 1707 287 1723 ι
303 1696 435 1728 Ἀκούσας
442 1695 470 1723 δὲ
482 1694 594 1731 Ἰησοῦς,
610 1695 649 1721 ὅτι
664 1694 788 1728 Ἰωάννης
804 1702 875 1729 παρ-

79 1744 177 1779 εδόθη,
193 1742 365 1779 ἀνεχώρησεν
379 1743 418 1774 εἰς
435 1742 485 1778 τὴν
506 1741 658 1768 Γαλιλαίαν.
683 1750 693 1767 ι
714 1739 764 1767 Διὰ
785 1739 810 1766 τί
826 1740 874 1766 ἀν-

81 1792 243 1827 εχώρησεν;

129 1835 224 1862 Ἀπόκ.
244 1835 381 1862 Παιδεύων
396 1835 469 1870 ἡμᾶς
483 1833 593 1869 φεύγειν
612 1834 674 1866 τοὺς
696 1832 873 1870 πειρασμούς.

83 1883 126 1910 Οὐ
142 1882 196 1916 γὰρ
213 1881 338 1917 ἔγκλημα
351 1881 382 1907 τὸ
400 1881 438 1916 μὴ
456 1880 563 1916 ῥίπτειν
579 1879 674 1906 ἐαυτὺν
688 1880 727 1911 εἰς
744 1879 875 1910 κίνδυνον,

83 1928 158 1957 ἀλλὰ
172 1928 201 1955 τὸ
214 1928 368 1964 ἐμπεσόντα
386 1927 424 1963 μὴ
440 1927 535 1962 στῆναι
551 1925 691 1960 γενναίως.

131 2015 226 2051 Ἐρὼτ.
244 2019 288 2042 ια’.
305 2015 403 2051 (ἒΊδὼν
416 2015 445 2042 δὲ
459 2016 474 2042 ό
494 2013 598 2050 Ἰησοῦς
612 2014 674 2045 τοὺς
688 2012 782 2047 ὄχλους
794 2011 877 2048 ἀνέϐη

87 2062 130 2094 εἰς
141 2062 172 2088 τὸ
185 2062 257 2097 ὅρος.
280 2070 291 2087 ι
306 2061 356 2088 Διὰ
370 2061 397 2088 τί
411 2061 495 2097 ἀνέϐη
510 2061 550 2093 εἰς
567 2060 597 2087 τδ
611 2059 690 2095 ὀρος;

132 2108 228 2135 ’Δπόκ.
255 2108 305 2149 ᾼιὰ
328 2109 359 2135 τὸ
381 2108 540 2143 ἀφιλότιμον
561 2107 609 2133 καὶ
629 2106 823 2140 ἀκόμπαστον·
848 2104 878 2130 οὐ

89 2152 147 2188 γὰρ
164 2152 294 2187 περιῆγεν
308 2151 405 2183 αὐτοὺς
417 2152 475 2187 μεθ’
491 2150 598 2178 ἑαυτοῦ.
621 2150 690 2177 Ἀλλ’
708 2150 752 2176 ὅτε
768 2149 816 2184 μὲν
833 2157 881 2175 πε-

93 2197 242 2234 ριπατῆσαι
259 2197 321 2229 ἔδει,
339 2197 419 2228 αὐτὸς
442 2196 520 2232 μόνος
535 2195 642 2232 περιῄει
655 2193 793 2229 πανταχοῦ
804 2213 812 2225 ,
834 2194 881 2220 καὶ

92 2243 186 2274 πόλεις
213 2243 260 2269 καὶ
282 2242 374 2278 χώρας
400 2241 646 2277 ὲπισκοπούμενος’
675 2241 719 2267 ὅτε
744 2239 773 2265 δὲ
800 2238 882 2270 πολὺς

91 2289 173 2324 δχλος
186 2289 305 2323 γέγονεν,
320 2289 348 2314 ὲν
366 2288 406 2315 ἐν).
421 2288 537 2322 ἐκάθητο
550 2287 635 2322 τόπῳ.

136 2333 233 2370 Ἐρώτ.
248 2334 290 2360 ιϐ’.
312 2342 321 2358 ι
340 2332 458 2365 Ἀνοίξας
472 2333 500 2359 δὲ
513 2332 543 2359 τὸ
555 2332 641 2367 στόμα
653 2330 735 2358 αὑτοῦ
746 2329 881 2356 ἐδίδασκεν

93 2379 204 2411 αὐτούς.
224 2389 234 2405 ι
250 2379 299 2405 Διὰ
311 2379 336 2405 τί
348 2377 439 2405 εἶπεν·
455 2388 465 2403 ι
490 2377 610 2410 Ἀνοίξας
619 2377 649 2404 τὸ
658 2377 744 2412 στόμα
755 2374 854 2407 αὐτούς
870 2384 879 2400 ι

141 2424 231 2452 Ἀπόκ,
254 2424 312 2450 Ἵνα
329 2423 459 2458 μάθωμεν
471 2442 478 2455 ,
497 2423 538 2449 ὅτι
557 2422 603 2448 καὶ
625 2421 706 2455 σιγῶν
730 2420 881 2452 ἐπαίδευεν,

93 2470 157 2505 οὐχὶ
176 2470 254 2505 μόνον
267 2469 460 2504 φθεγγόμενος.

137 2515 233 2551 Ἐρώτ.
244 2515 288 2549 ιγ’.
303 2524 312 2540 ι
326 2515 488 2551 Προσέχετε,
502 2515 578 2549 φησὶ,
588 2514 636 2549 τὴν
648 2511 830 2548 ἐλεημοσύνην
846 2511 883 2547 μὴ

95 2563 184 2589 ποιεῖν
204 2560 359 2596 ἔμπροσθεν
379 2560 432 2586 τῶν
454 2559 604 2595 ἀνθρώπων
625 2558 691 2594 πρὸς
710 2558 740 2584 τὸ
757 2557 885 2592 θεαθῆναι

97 2608 199 2638 αὐτοῖς.
216 2616 226 2632 ι
241 2606 289 2632 Διὰ
302 2606 328 2632 τί
343 2606 388 2632 ἐπὶ
401 2606 450 2641 μὲν
461 2606 510 2641 τῆς
522 2605 705 2641 ὲλεημοςύνης
718 2603 885 2639 προσέθηκεν

96 2653 194 2684 εἰπὼν.
209 2653 255 2679 ἐπὶ
267 2652 295 2679 δὲ
310 2652 358 2687 τῆς
372 2651 524 2687 προσευχῆς
545 2650 592 2677 καὶ
605 2651 654 2686 τῆς
669 2649 795 2685 νηστείας
808 2647 886 2675 οὐδα-

100 2707 158 2734 μως
166 2707 173 2729 ;

142 2743 237 2770 Ἀπόκ.
272 2742 379 2777 Ἐπειδὴ
404 2742 453 2777 τὴν
476 2741 658 2776 ἐλεημοσύνην
687 2741 736 2776 μὲν
757 2740 886 2768 ἀδύνατον

100 2790 189 2824 πάντη
205 2788 306 2821 λαθεῖν,
323 2787 404 2824 εὐχὴν
419 2788 447 2814 δὲ
463 2787 509 2814 καὶ
524 2787 649 2823 νηστείαν
661 2786 783 2814 δυνατόν.

908 277 1003 308 utpote
1018 271 1168 300 adulteram
1185 268 1290 296 habens
1303 271 1427 293 uxorem.

939 307 972 352 Q.
991 319 1018 346 4.
1033 318 1124 351 Quare
1137 316 1216 347 dixit,
1237 324 1247 340 ‹
1259 312 1404 347 conjugem
1417 307 1491 337 tuam
1501 307 1515 335 τ
1529 316 1535 333 l

943 363 1025 399 254
1034 363 1066 390 Β.
1078 361 1175 396 Utpote
1185 367 1238 387 non
1247 359 1417 391 corruptam.
1429 352 1515 380 Vocat
1525 354 1616 378 autem
1627 356 1693 376 con-

908 411 1011 446 iugem,
1026 409 1091 444 quia
1107 407 1273 441 desponsata
1290 405 1359 430 erat.
1376 400 1422 428 Uti
1443 399 1562 428 solemus
1578 401 1693 431 generos

909 463 936 486 et
952 457 1104 493 pronubas,
1117 461 1216 482 vocare
1232 457 1341 487 procos.

941 487 975 537 Q.
990 503 1016 530 5.
1032 511 1042 528 ι
1052 501 1142 528 Pariet
1156 503 1246 526 autem
1268 495 1413 524 ﬁlium"'.n
1431 492 1521 526 Quare
1535 498 1592 518 non
1605 487 1691 517 dixit:

909 548 1000 576 Pariet
1013 551 1102 573 autem
1115 545 1185 572 tibi?

944 593 978 621 Β.
1003 593 1072 626 Quia
1091 598 1147 618 non
1160 589 1213 625 ipsi
1227 588 1316 616 solum
1337 587 1457 622 pareret,
1480 582 1528 611 sed
1551 584 1610 608 toto
1624 579 1693 607 orbi.

942 683 975 716 Q.
992 682 1018 709 6.
1040 681 1092 708 «In
1118 680 1215 708 diebus
1241 677 1357 706 Herodis
1381 673 1511 710 regis’h
1536 671 1626 704 Quare
1652 669 1696 696 di-

912 730 1042 765 gnitatem
1058 726 1172 759 addidit,
1186 732 1248 752 cum
1266 724 1345 756 dixit,
1363 731 1372 748 (
1384 719 1475 756 regis?
1487 728 1496 744 ι

946 819 980 846 R.
996 818 1065 852 Quia
1080 817 1150 844 alius
1163 816 1214 844 fuit
1238 813 1360 842 Herodes
1373 812 1418 848 qui
1436 810 1636 838 Prmcursorem
1651 812 1698 833 oc-

913 866 991 894 cidit.
1011 864 1065 892 Sed
1078 863 1123 890 ille
1137 861 1287 893 tetrarcha,
1303 859 1348 886 hic
1364 866 1410 886 rex
1425 860 1493 885 erat.

946 955 979 988 Q.
1015 955 1040 980 7.
1073 965 1082 981 ι
1099 954 1222 988 Surgens
1248 950 1341 984 accipe
1370 954 1497 984 puerum,
1523 948 1550 972 et
1585 946 1700 971 matrem

913 1001 1034 1036 ejus".)
1068 999 1159 1033 Quare
1189 1005 1244 1025 non
1267 995 1356 1023 dixit:
1385 993 1502 1021 Uxorem
1527 996 1612 1023 tuam,
1640 987 1699 1020 sed,

917 1057 926 1073 ι
937 1049 1050 1073 matrem
1066 1044 1148 1080 ejus?
1163 1053 1172 1069 ι

949 1091 983 1118 R.
998 1090 1067 1124 Quia
1082 1078 1171 1125 vparlu
1191 1086 1363 1116 adveniente,
1385 1084 1474 1111 levata
1496 1080 1615 1115 suspicio
1639 1078 1700 1110 fuit,

915 1141 943 1165 et
957 1137 1057 1172 Joseph
1071 1135 1173 1162 certior
1188 1133 1278 1160 factus
1289 1134 1341 1158 est.
1360 1129 1423 1156 Ideo
1434 1135 1497 1155 cum
1511 1127 1637 1153 libertate
1651 1130 1701 1159 pa-

917 1184 971 1211 lam
988 1182 1108 1218 loquitur
1123 1179 1236 1216 angelus
1249 1187 1257 1211 ;
1272 1184 1322 1204 nec
1335 1175 1407 1203 ultra
1423 1179 1537 1201 uxorem
1548 1171 1608 1205 ejus
1623 1171 1703 1197 vocat

922 1230 1007 1257 illam.

954 1274 986 1308 Q.
1013 1274 1039 1302 8.
1060 1283 1068 1299 (
1080 1272 1113 1300 Ει
1129 1271 1190 1307 fuge
1206 1270 1234 1298 in
1250 1267 1439 1304 Egyptum".
1459 1274 1468 1291 ι
1481 1265 1571 1297 Quare
1582 1268 1644 1289 eam
1655 1267 1704 1287 au-

919 1320 1025 1347 disset:
1059 1328 1068 1344 ι
1084 1317 1157 1353 Fuge
1184 1316 1212 1343 in
1237 1314 1419 1350 Egyptum,»
1449 1309 1624 1346 perturbatus
1651 1313 1706 1333 non

921 1364 990 1392 fuit?

961 1409 993 1436 ιι.
1007 1409 1076 1442 Quia
1091 1408 1178 1436 ﬁdelis
1203 1406 1244 1434 vir
1264 1409 1333 1438 erat,
1349 1404 1410 1431 ideo
1435 1400 1606 1436 obsequilur,
1619 1400 1646 1425 et
1658 1396 1708 1423 ob-

925 1461 980 1484 tem
985 1459 1071 1492 perat.

961 1486 994 1535 ρῖ
1010 1502 1036 1529 9.
1053 1501 1143 1534 Quare
1158 1500 1186 1526 in
1205 1498 1364 1533 Egyplum,
1385 1498 1412 1522 et
1426 1499 1482 1520 non
1493 1490 1613 1518 in-aliam
1627 1486 1710 1515 mitti-

925 1552 969 1576 ιιι·
981 1546 1140 1582 regionem?

961 1593 995 1620 Β.
1010 1577 1045 1620 ivit
1057 1591 1214 1627 impleretur
1226 1587 1369 1625 prophetia
1381 1591 1441 1621 quae
1450 1583 1532 1611 dicit:
1552 1590 1562 1606 ε
1577 1579 1616 1606 Ex
1626 1577 1710 1613 Ᾰέθῑ-

924 1645 972 1677 pto
987 1638 1084 1668 vocavi
1099 1637 1196 1664 Filium
1208 1635 1355 1663 meum".»

961 1685 994 1718 Q.
1011 1684 1054 1711 10.
1077 1683 1163 1711 «Cum
1184 1681 1304 1709 audisset
1325 1679 1405 1706 Iesus
1422 1674 1494 1711 quod
1516 1672 1636 1700 Joannes
1652 1674 1710 1696 tra-

925 1732 1000 1760 ditus
1025 1733 1107 1763 esset,
1137 1730 1251 1758 secessit
1276 1727 1304 1755 in
1329 1720 1529 1753 Galilaain'ia
1551 1718 1642 1751 Quare
1665 1722 1710 1743 se-

926 1777 1028 1807 cessit?

961 1823 996 1850 R.
1013 1822 1170 1850 Admonens
1198 1824 1248 1845 nos
1281 1813 1424 1850 fugiendas
1448 1818 1510 1841 esse
1538 1809 1711 1838 tcntationes.

927 1872 1022 1906 Neque
1038 1868 1066 1897 id
1086 1865 1193 1895 crimini
1207 1863 1298 1896 datur,
1314 1861 1387 1897 quod
1407 1868 1462 1887 non
1481 1858 1540 1887 nos‘
1553 1857 1581 1886 in
1593 1856 1713 1894 ,ρει-ἰου-

928 1917 984 1945 lum
999 1913 1205 1950 :conjiciamus;
1233 1908 1281 1937 sed
1307 1914 1369 1935 cum
1384 1904 1585 1941 .inciderimus,
1612 1903 1636 1931 si
1656 1907 1714 1930 non

929 1962 1091 1989 resistamus
1108 1962 1246 1992 generose.

965 2007 998 2040 ρ.
1024 2005 1067 2032 il.
1086 2013 1095 2029 ε
1108 2002 1208 2030 Videns
1224 2003 1312 2028 autem
1331 1998 1391 2033 ejus
1411 1996 1504 2024 turbas
1530 1993 1662 2029 ascenditl
1685 1993 1714 2020 in

930 2051 1104 2081 monteml’.)
1117 2049 1207 2081 Quare
1220 2045 1342 2074 ascendit
1358 2045 1386 2071 in
1400 2041 1541 2070 montem?

966 2099 1000 2126 R.
1018 2095 1096 2130 Quod
1110 2094 1284 2122 ambitionem
1303 2091 1409 2125 fugeret
1431 2093 1457 2116 et
1472 2094 1568 2114 vanam
1591 2085 1714 2121 gloriam.

931 2143 991 2171 Non
1016 2129 1087 2170 enim
1119 2140 1180 2167 illas
1208 2144 1302 2165 secum
1319 2136 1532 2168 circumquaque
1555 2129 1716 2157 abducebat.

934 2190 987 2218 Sed
1011 2187 1121 2224 quando
1139 2184 1320 2213 incedendum
1349 2184 1418 2212 erat,
1444 2180 1503 2214 ipse
1521 2177 1596 2205 solus
1616 2176 1719 2210 ubique

900 2233 921 2259 Ῑ)
935 2235 1117 2265 circuibat.et
1129 2231 1212 2259 urbes
1235 2232 1262 2256 et
1283 2227 1360 2255 vicos
1382 2225 1562 2261 perlustrans.
1580 2220 1648 2248 Cum
1667 2227 1717 2247 au-

935 2286 989 2310 tem
1002 2280 1086 2307 multa
1104 2278 1198 2305 aderat
1211 2274 1301 2304 turba,
1315 2273 1343 2299 in
1357 2278 1412 2298 uno
1427 2269 1540 2297 sedebat
1559 2267 1628 2294 loco.

971 2326 1003 2359 Q.
1016 2326 1059 2352 1‘2.
1075 2334 1084 2349 ι
1097 2322 1228 2358 Aperiens
1240 2323 1329 2346 autem
1342 2324 1372 2344 os
1384 2323 1464 2343 suum
1477 2313 1590 2340 docebat
1600 2311 1661 2338 illos
1678 2311 1716 2337 ’.ι

936 2372 1026 2405 Quare
1040 2370 1122 2397 dixit:
1146 2377 1155 2392 ι
1166 2365 1299 2401 Aperiens
1315 2370 1346 2390 os
1359 2360 1458 2388 suum?
1479 2369 1488 2385 ι

971 2417 1004 2444 R.
1019 2416 1055 2443 Ut
1067 2400 1222 2442 ediscamus
1236 2411 1313 2437 illum
1332 2415 1387 2435 non
1407 2406 1496 2434 solum
1511 2402 1659 2438 loquendo,
1672 2400 1720 2429 sed

937 2463 1018 2492 etiam
1037 2460 1144 2489 silendo
1159 2457 1298 2486 docuisse.

971 2508 1004 2540 Q.
1029 2507 1073 2534 15.
1100 2514 1109 2530 ‹
1134 2501 1290 2532 Attendile,
1319 2498 1428 2533 inquit,
1455 2503 1490 2523 ne
1518 2494 1718 2527 eleemosynam

939 2558 1059 2582 vestram
1082 2549 1191 2577 faciatis
1210 2554 1302 2575 coram
1325 2543 1494 2572 hominibus,
1519 2544 1550 2567 ut
1575 2537 1721 2566 videamini

939 2601 973 2628 ab
989 2599 1029 2627 eis
1036 2599 1087 2624 ⁸ο.»
1101 2586 1190 2630 Quare
1206 2594 1240 2621 de
1251 2593 1423 2626 eleemosyna
1439 2588 1466 2616 id
1482 2586 1595 2618 addidit,
1610 2585 1644 2612 de
1659 2591 1723 2612 ora-

939 2647 1014 2674 tione
1026 2649 1115 2672 autem
1137 2645 1164 2670 et
1177 2639 1293 2676 jejunio,
1310 2633 1485 2665 nullatenus?

976 2736 1011 2764 R.
1038 2734 1107 2768 Quia
1134 2732 1333 2764 eleemosynam
1360 2723 1528 2760 impossibile
1553 2725 1594 2748 est
1617 2719 1725 2754 penitus

940 2783 1043 2811 latere:
1070 2778 1223 2808 oralionem
1248 2782 1314 2803 vero
1333 2778 1360 2801 et
1373 2770 1508 2808 jejunium
1523 2766 1653 2804 possibile
1671 2769 1724 2793 est.

136 2871 160 2887 ⁷·
182 2868 276 2896 \latth.
289 2876 308 2899 ι,
326 2868 371 2895 21.
407 2868 432 2883 "
447 2866 542 2896 Matth.
558 2875 589 2899 ll,
605 2866 630 2894 L
680 2863 778 2893 “ibid.
798 2864 871 2902 15η

945 2861 982 2890 id.
1019 2859 1115 2889 ἀθεε-
1131 2864 1170 2892 xx,
1187 2855 1212 2884 i.
1250 2852 1361 2882 "Joan.
1378 2858 1416 2885 rv,
1426 2847 1470 2878 12.
1508 2847 1531 2864 ⁷⁸
1548 2844 1683 2880 Μοιιὶιθί,
1696 2843 1727 2879 ι,

107 2905 130 2923 ’⁸
148 2905 215 2933 ibid.
255 2905 278 2920 ⁸ο
298 2903 392 2931 Matth.
411 2910 454 2935 vr,
474 2903 499 2930 1.
