1924 3059
214 133 217 134 ν
227 139 277 166 703

261 199 294 231 Q.
314 197 357 225 η.
386 206 395 222 ι
416 195 446 223 In
468 195 605 231 principio
629 200 688 224 erat
699 195 820 224 Verbum
836 197 870 224 “.
887 206 896 223 ι
909 195 1009 229 Quare,
1024 198 1048 226 Α

225 245 328 270 omisso
345 243 437 274 Patre,
455 242 488 269 de
500 241 568 269 Filio
584 243 729 277 loquitur?

266 288 300 315 lt.
326 287 395 320 Quia
411 288 456 315 ille
475 288 605 315 omnibus
620 292 703 315 notus
715 291 786 320 erat,
802 287 854 315 etsi
879 295 934 315 non
947 294 1013 322 qua-

227 338 310 360 tenus
331 333 422 364 Pater,
439 333 485 360 sed
501 339 637 368 quatenus
656 333 737 361 Deus.
768 333 929 369 Unigenitus
947 341 1013 361 vero

227 379 420 415 ignorabatur:
448 379 509 407 ideo
532 379 595 414 jure
617 380 676 414 ejus
705 380 832 407 notitiam
848 387 862 406 a
877 380 1013 415 principio

227 426 293 453 dare
310 425 408 455 voluit.
425 425 459 452 iis
471 425 516 459 qui
532 426 688 460 ignorarent
705 425 806 460 ipsum.

263 471 296 504 Q.
313 470 356 498 15.
375 481 384 497 ι
400 470 431 497 Ει
446 472 557 498 verbum
573 474 632 499 erat
655 471 728 506 apud
750 470 834 498 Deum
843 471 895 499 ⁸⁸.»
923 470 1014 501 Ouare

230 523 286 544 n0n
301 515 386 542 dixit:
406 515 435 542 ln
453 515 528 542 Deo?

265 560 298 587 Β.
320 560 443 588 Primum
456 561 565 594 quidem
582 564 612 587 ut
637 560 697 594 ejus
716 560 866 588 secundum
883 561 1014 596 byposta-

228 607 273 634 sin
289 606 468 633 aeternitatem
495 606 647 634 declararet
668 607 759 634 nobis.
787 607 888 634 Deinde
913 608 1015 634 clarius

229 656 256 680 et
272 653 392 687 apertius
407 652 508 678 revelat
525 653 614 683 nobis,
635 652 687 679 huc
709 652 827 680 Verbum
846 661 907 681 esse
919 653 1013 685 Deum,

231 708 241 726 ι
255 698 282 725 in
300 699 401 725 mundo
424 698 528 725 erat":
544 707 553 723 ι
572 707 627 725 non
651 703 679 725 ut
701 699 802 726 mundo
815 707 932 727 coaevus.
954 698 1016 726 Ideo

229 750 346 778 namque
364 743 483 778 adjecit:
521 743 573 770 «Et
597 743 721 772 mundus
749 752 797 780 per
814 746 903 780 ipsum
928 745 1016 772 factus

229 793 273 816 est
281 789 314 815 “.
327 798 337 814 ι

267 834 300 868 Q.
321 834 364 863 l6.
393 835 448 862 (Et
468 835 606 870 aspiciens
629 835 657 862 in
679 835 777 863 omium
803 836 941 863 benedixit
970 843 1017 871 pa-

231 888 281 908 nes
292 880 325 907 ".
338 889 348 906 ι
375 881 466 913 Quare
481 889 543 908 cum
557 889 668 909 sursum
683 882 835 916 aspexisset
859 886 917 909 tum
935 882 1016 910 bene-
1031 870 1053 898 Β

230 925 317 952 dixit?

267 970 300 1000 [ἶ.
316 970 408 998 Primo
418 974 450 998 ut
468 970 622 999 ostenderet
636 979 666 999 se
686 979 700 998 a
714 971 794 999 Patre
811 979 889 1005 esse;
915 980 1016 1000 secun-

231 1015 267 1043 do
281 1020 310 1043 ut
325 1024 376 1043 nos
391 1017 513 1048 doceret,
531 1024 565 1044 ne
580 1017 656 1051 prius
674 1016 706 1043 ad
723 1025 845 1044 mensam
870 1019 1016 1046 accedere-

231 1070 304 1093 mus.
324 1061 411 1089 donec
428 1063 453 1090 ei
473 1062 576 1097 gratias
589 1062 743 1097 egissemus
758 1063 804 1098 qui
820 1070 911 1090 escam
937 1065 1017 1092 nobis

233 1107 320 1134 daret.

268 1151 302 1185 Q.
317 1153 362 1180 17.
379 1151 470 1186 Quare
488 1152 515 1179 in
535 1152 646 1180 deserto
672 1152 834 1181 miraculum
849 1161 949 1189 panum
961 1154 1018 1182 eili-

233 1197 280 1230 cit,
296 1201 322 1224 et
337 1197 459 1231 quinque
474 1197 559 1224 millia
579 1197 645 1224 alit?

268 1241 348 1276 255
376 1241 411 1269 Il.
443 1242 478 1269 Ut
511 1242 579 1269 nulli
613 1250 727 1277 prorsus
760 1243 887 1272 subesset
925 1246 1019 1281 suspi-

235 1287 308 1315 cioni
333 1288 506 1321 miraculum,
527 1296 660 1324 nemoque
686 1290 854 1318 existimaret
876 1298 909 1319 ex
926 1293 1020 1326 proxi-

235 1342 279 1361 ηιο
300 1333 419 1368 quodam
433 1334 506 1368 vico,
528 1334 668 1370 quidpiam
692 1336 727 1364 ad
751 1344 875 1365 mensam
899 1338 1019 1366 delatum

235 1379 331 1407 fuisse.

271 1425 303 1459 Q.
321 1425 364 1453 18.
385 1426 419 1453 Et
441 1425 613 1455 abstulerunt
629 1435 663 1455 ex
679 1427 798 1457 residuis
813 1428 972 1464 fragmentis
984 1431 1018 1459 ".

236 1470 327 1503 Quare
348 1479 404 1498 non
428 1471 527 1507 integri
549 1480 644 1508 panes,
673 1474 719 1501 sed
744 1474 896 1511 fragmenta
923 1483 1020 1512 super-

243 1517 318 1544 fuere
329 1517 341 1544 ’ί

272 1562 306 1590 R.
326 1562 359 1590 Ut
381 1563 539 1592 ostenderet
562 1571 624 1592 esse
641 1564 688 1592 illa
707 1573 740 1592 ex
763 1565 884 1601 quinque
903 1567 1021 1601 panibus

791 136 821 166 S.
846 136 1079 165 ATIIANASIUS.
1099 151 1135 157 ——-
1153 137 1290 166 SPURlA.

1826 138 1897 165 705

1102 195 1197 231 Ἐρώτ.
1208 195 1238 225 δ’.
1251 205 1260 222 ι
1272 196 1315 222 ‘Ev
1329 195 1399 232 ἀρχῇ
1413 193 1447 232 ἦν
1459 195 1575 229 ὁΛὸγος.
1590 203 1602 220 ›
1611 193 1661 221 Διὰ
1671 194 1697 220 τί
1711 194 1815 228 ἀφεὶς
1835 195 1895 221 τὸν

1065 242 1186 277 Πατέρα,
1202 242 1265 277 περὶ
1279 241 1327 269 τοῦ
1345 241 1410 268 Υῑοῦ
1426 241 1593 275 διαλέγεταη

1105 287 1198 313 Ἀπόκ.
1218 288 1276 313 ’Ὁτι
1294 287 1396 318 ἐκεῖνος
1410 287 1458 322 μὲν
1471 286 1549 321 δῆλος
1571 285 1671 312 ἅπασιν
1689 283 1736 320 ἦν,
1762 285 1794 310 εἰ
1829 284 1892 312 καὶ

1066 334 1103 369 μὴ
1119 333 1157 365 ὡς
1179 332 1282 369 Πατὴρ,
1299 333 1355 360 ἀλλ’
1372 333 1408 364 ὼς
1424 332 1504 364 Θδᾶς’
1518 332 1532 358 ὁ
1547 332 1575 358 δὲ
1593 330 1752 365 Μονογενὴς
1781 331 1891 364 ἡγνο-

1065 381 1130 406 εἴτο.
1147 380 1201 405 Kal.
1221 379 1333 410 εἰκότως
1346 379 1395 414 τὴν
1411 378 1475 413 περὶ
1496 377 1578 404 αὑτοῦ
1598 376 1696 411 γνῶσιν
1713 377 1751 402 ἐκ
1768 384 1890 411 προοι-

1067 426 1134 463 μίων
1149 425 1298 452 ἐσπούδασε
1315 425 1416 457 διδάξαι
1433 425 1495 455 τοὺς
1510 424 1559 451 οὐκ
1575 423 1676 454 εἰδότας
1691 422 1797 450 αὐτόν.

1107 471 1201 506 Ἐρὼτ.
1214 470 1253 496 ιε’.
1268 479 1276 495 ι
1288 470 1344 496 Ka‘i
1354 471 1368 496 ὁ
1377 469 1462 504 Λόγος
1475 467 1509 505 ἦν
1520 468 1588 504 πρὸς
1599 467 1643 494 τὸν
1652 467 1727 494 Θεόν.
1745 477 1758 493 ι
1770 467 1833 494 Διὰ
1854 467 1887 494 τί

1065 518 1114 545 οὑκ
1129 515 1204 544 εἶπεν
1219 518 1247 542 ὲν
1261 517 1336 552 Θεῷ;

1107 564 1201 590 Ἀπόκ.
1228 563 1338 598 Πρῶτον
1365 562 1414 597 μὲν
1437 562 1486 598 τὴν
1508 561 1569 588 καθ’
1597 561 1750 587 ὑπόστασιν
1778 557 1881 585 αὐτοῦ

1065 609 1203 644 ἀῖδιότητα
1218 608 1356 644 ἐμφαίνων
1370 609 1451 643 ἡμῖν·
1467 605 1525 634 εἶτα
1542 607 1589 633 καὶ
1603 606 1776 641 σαφέστερον
1791 603 1882 639 αὐτῷ

1067 654 1178 691 προῖὼν,
1203 654 1374 688 ἀπεκάλυψεν
1394 653 1559 687 ἐπαγαγὼν,
1581 654 1621 679 ὅτι
1635 653 1649 678 ὁ
1670 652 1761 686 Λόγος
1785 648 1881 682 οὗτος

1067 701 1114 727 καὶ
1136 700 1201 732 Θεὸς
1224 699 1268 735 ἦν.
1287 709 1297 726 ‹
1326 700 1370 726 Ἐν
1392 698 1431 734 τῷ
1452 699 1546 734 κόσμῳ
1566 696 1618 734 ἦν·
1649 707 1658 723 ι
1676 698 1725 732 οὐχ
1752 697 1798 729 ὡς
1821 696 1878 723 τοῦ

1068 747 1171 782 κόσμου
1189 746 1344 780 σύγχρονος.
1359 745 1407 771 Διά
1423 745 1477 779 γὰρ
1490 743 1568 770 τοῦτο
1583 743 1706 778 ἐπήγαγε
1716 750 1723 757 ’
1744 751 1756 768 ‹
1778 742 1845 769 Καὶ
1860 742 1877 768 ὁ

1068 793 1168 827 κόσμος
1181 793 1214 819 δι’
1236 791 1317 818 αὑτοῦ
1335 791 1451 825 ἐγένετο.
1471 799 1482 816 ›

1111 838 1206 874 Ἐρώτ.
1219 841 1266 870 ις’,
1279 847 1288 863 ‹
1301 837 1355 864 Καὶ
1364 836 1518 871 ἀναϐλέψας
1535 836 1574 867 εἰς
1584 835 1646 867 τοὺς
1656 835 1808 870 οὐρανοὺς,
1824 834 1875 860 εὑ-

1067 884 1165 919 λόγησε
1181 884 1244 915 τοὺς
1257 884 1365 919 ἄρτους.
1376 892 1386 909 ι
1397 881 1446 908 Διὰ
1460 882 1487 908 τί
1500 881 1639 916 ἀνέϐλεψε,
1651 881 1698 908 καὶ
1710 881 1805 912 οὕτως
1823 881 1874 906 εὐ-

1068 930 1181 965 λόγησεν
1191 938 1199 962 ;

1109 975 1204 1002 Ἀπόκ.
1217 975 1328 1010 Πρῶτον
1344 974 1392 1010 μὲν
1407 974 1451 1001 ἵνα
1467 973 1552 1010 δείξῃ,
1565 973 1605 1001 ὅτι
1619 973 1673 1000 ἀπὸ
1685 971 1732 999 τοῦ
1749 971 1871 1006 Πατρός

1069 1021 1127 1046 ἐστι
1137 1029 1144 1035 ·
1156 1020 1280 1056 δεύτερον
1290 1019 1319 1046 δὲ
1333 1019 1465 1046 παιδεύων
1480 1019 1562 1055 ἡμᾶς,
1576 1019 1612 1054 μὴ
1629 1017 1763 1054 πρότερον
1778 1016 1871 1043 ἄπτε-

1071 1067 1131 1093 σθαι
1147 1065 1284 1101 τραπέζης
1296 1065 1348 1097 ἕως
1366 1065 1399 1092 ἂν
1415 1065 1657 1101 εὐχαριστήσωμεν
1672 1063 1711 1098 τῷ
1729 1063 1783 1098 τὴν
1799 1071 1869 1098 τρο⁴

1070 1112 1123 1148 φὴν
1133 1113 1198 1147 ἡμῖν
1215 1111 1369 1146 παρέχοντι.

1111 1156 1205 1192 Ἐρώτ.
1221 1155 1264 1188 ιζ’.
1277 1156 1327 1182 Διὰ
1340 1156 1367 1183 τί
1389 1156 1418 1183 ἐν
1437 1156 1532 1191 ἐρήμῳ
1546 1154 1577 1181 τὸ
1594 1153 1647 1181 τῶν
1660 1153 1749 1188 ἄρτων
1767 1152 1868 1188 θαῦμα

1071 1204 1151 1234 ποιεῖ,
1169 1203 1216 1229 καὶ
1236 1201 1469 1237 πεντακισχιλίους
1488 1201 1597 1236 τρέφεις

1113 1249 1206 1276 ’Δπόκ.
1225 1249 1284 1274 Ἵνα
1305 1247 1364 1283 μεθ’
1378 1247 1530 1282 ὑπερϐολῆς
1543 1245 1697 1273 ἀνύποπτον
1708 1243 1822 1280 ὑπάρξῃ
1833 1244 1866 1270 τὸ

1073 1295 1176 1330 θαῦμα,
1194 1294 1240 1321 καὶ
1262 1294 1355 1329 μηδεὶς
1370 1294 1469 1329 νομίσῃ
1486 1292 1599 1328 πλησίον
1615 1291 1711 1328 κώμην
1727 1291 1865 1326 κειμένην

1072 1341 1234 1374 είσενεγκείν
1249 1348 1275 1366 τι
1291 1339 1331 1370 είς
1341 1339 1389 1375 τὴν
1401 1338 1551 1375 τράπεζαν.

1114 1427 1207 1463 Ἐρὼτ.
1216 1431 1260 1463 ιη’.
1268 1427 1323 1454 Καὶ
1331 1424 1399 1464 ραν
1407 1426 1439 1453 ὲκ
1446 1426 1500 1453 τῶν
1509 1434 1541 1452 πε
1545 1433 1637 1462 ρισσευ
1642 1424 1733 1459 μάτων
1741 1423 1863 1457 κλασμά-

1072 1483 1137 1501 των.
1162 1474 1211 1501 Διὰ
1235 1474 1262 1500 τί
1281 1473 1330 1509 οὐχ
1353 1471 1603 1512 ὁλῲιληρο-ι-ρρτοι,
1625 1470 1693 1497 ἀλλὰ
1714 1470 1862 1504 κλάσματα

1074 1520 1122 1546 ἐπε
1126 1519 1280 1556 ρίσσευσαν.
1434 1513 1438 1515 Δ

1115 1566 1210 1592 Ἀπόκ.
1225 1566 1282 1593 Ἵνα
1297 1565 1440 1601 δείξῃ,’ὂτι
1449 1564 1503 1591 τῶν
1513 1563 1592 1589 πέντε
1609 1562 1697 1598 ἄρτων
1708 1561 1761 1588 εἰσὶ
1773 1560 1860 1588 ταῦτα

237 1607 399 1643 fragmenta,
432 1614 459 1636 et
487 1614 516 1636 ut
540 1610 587 1644 qui
612 1617 668 1636 non
696 1610 809 1638 aderant
835 1620 892 1639 rem
918 1617 1021 1647 gestam

1096 1612 1232 1646 λάσματα,
1261 1611 1309 1638 καὶ
1328 1611 1398 1637 ὥστε
1414 1610 1474 1641 τοὺς
1493 1609 1611 1639 ἀπόντας
1629 1607 1722 1643 μαθεῖν
1734 1607 1764 1633 τὸ
1778 1614 1859 1640 γεγε-

236 1654 407 1687 ediscerent,
433 1662 469 1683 ne
495 1655 558 1690 quis
583 1655 611 1682 id
639 1655 814 1690 phantasiam
839 1664 901 1685 eSSe
928 1658 1023 1686 existi-

238 1703 336 1726 maret.
430 1726 440 1735 ,

274 1745 305 1777 Q.
323 1745 366 1772 49.
388 1754 398 1770 ι
418 1744 565 1772 Duodecim
580 1746 714 1781 cophinos
726 1747 760 1775 ⁸⁷.
779 1756 789 1773 ι
811 1747 901 1780 Quare
921 1747 1025 1776 duode-

239 1790 292 1816 cim
310 1790 442 1824 cophinos
453 1791 659 1825 impleverunt?

275 1834 307 1862 Β.
324 1834 357 1862 Ut
378 1840 404 1862 et
422 1835 480 1870 ipse
494 1835 580 1863 Judas
594 1835 722 1864 deferret.
737 1836 849 1864 Poterat
864 1837 937 1864 enim
964 1841 1024 1864 tur-

240 1880 337 1908 barum
356 1881 452 1908 sedare
477 1881 586 1909 laniem.
601 1881 637 1908 At
658 1889 713 1909 non
737 1883 879 1910 novissent
899 1883 1025 1919 discipuli

239 1926 368 1952 virtutem
385 1925 455 1960 ejus.

276 1971 307 2004 Q.
327 1971 474 2004 20.Quare
498 1979 552 1999 non
565 1971 665 2006 Pilato,
686 1972 734 2001 sed
757 1973 836 2000 uxori
863 1973 937 2002 illius
956 1974 1026 2002 visio

241 2016 293 2043 fuit
304 2016 349 2043 ‘9?

273 2063 306 2090 Β.
325 2063 416 2091 Primo
433 2063 542 2099 quidem
558 2064 621 2100 quia
635 2064 718 2099 digna
741 2067 801 2092 erat
816 2064 874 2099 ipsa
889 2073 896 2098 ;
912 2072 960 2093 seu
976 2072 1026 2100 po-

241 2110 307 2141 tius,
334 2108 399 2142 quia
425 2110 448 2136 si
469 2109 583 2137 vidisset
605 2109 661 2142 ille,
689 2117 862 2145 nequaquam
886 2110 926 2137 illi
952 2118 1028 2145 :eque

241 2156 309 2182 ﬁdes
324 2155 417 2182 habita
433 2155 530 2184 fuisset
543 2164 548 2181 :
563 2157 604 2184 vel
618 2165 672 2184 non
689 2161 829 2184 narrasset
843 2166 850 2190 ;
866 2157 981 2192 ideoque
995 2165 1028 2184 ex

241 2201 334 2228 divina
353 2201 558 2236 dispensatione
577 2210 647 2230 uxor
661 2203 796 2231 visionem
822 2203 913 2237 habet,
934 2208 964 2231 ut
983 2212 1027 2232 res

241 2247 331 2282 palam
348 2248 475 2275 omnibus
488 2248 574 2276 ﬁeret.

277 2293 310 2326 Q.
326 2293 372 2321 2i.
396 2303 406 2319 ι
430 2294 462 2321 Et
484 2293 647 2329 cruciﬁgunt
669 2302 731 2321 cum
749 2302 782 2321 eo
803 2295 872 2323 duos
894 2295 1025 2326 latrones.

242 2347 326 2366 unum
339 2347 354 2366 a
365 2339 469 2367 dextris
485 2343 511 2367 et
527 2348 611 2367 unum
627 2347 642 2367 a
655 2340 776 2368 sinistris
789 2340 823 2367 ⁸⁹.
844 2350 853 2366 ι
869 2339 960 2373 Quare
974 2348 1029 2367 me-

242 2385 316 2413 dium
334 2386 405 2413 inter
421 2386 542 2413 latrones
570 2387 766 2414 cruciﬁxeruut
788 2386 876 2419 illum,
897 2390 924 2413 et
943 2394 1029 2421 quare

242 2433 363 2460 clamans
377 2433 469 2460 emisit
485 2433 634 2468 spiritum?

246 2509 257 2521 χ
278 2479 312 2507 R.
332 2478 364 2506 Ut
389 2487 483 2507 eorum
511 2479 590 2506 fama
613 2479 750 2514 particeps
775 2483 858 2510 esset,
879 2483 906 2506 et
929 2483 959 2505 ut
978 2479 1030 2505 im-

243 2526 364 2561 pleretur
386 2526 459 2560 quod
482 2525 586 2553 dictum
602 2529 643 2552 est
662 2533 668 2550 :
687 2534 696 2551 ι
715 2525 783 2552 Cum
802 2525 902 2559 iniquis
921 2529 1030 2559 reputa-

243 2577 287 2600 tus
313 2575 356 2600 est
379 2573 413 2599 '°.
445 2581 455 2598 ι
484 2571 518 2599 Ut
545 2571 736 2599 ostenderetur
760 2579 793 2598 ex
813 2575 948 2606 potestate
972 2578 1030 2598 rem

242 2617 324 2645 efﬁci.
347 2617 581 2651 Quemadmodum
595 2617 664 2644 dixit
688 2625 694 2642 :
715 2625 724 2641 ι
753 2615 918 2644 Potestatem
942 2615 1030 2642 habeo

243 2664 361 2698 ponendi
383 2664 500 2691 animam
515 2671 625 2700 ’meam,
649 2665 676 2692 et
700 2667 860 2699 potestatem
881 2662 969 2691 habeo
985 2669 1031 2690 su—

243 2709 336 2737 mendi
352 2718 412 2738 eam
427 2710 461 2737 ἰ.
478 2720 487 2736 ι

281 2799 302 2814 ⁸¹
323 2799 400 2827 Joau.
417 2808 442 2827 ι.
462 2800 487 2827 l.
526 2800 548 2816 "‘
570 2799 636 2828 ibid.
674 2799 697 2815 ⁸³
718 2799 783 2826 ibid.
803 2798 846 2826 10.
885 2798 908 2814 ⁸⁸
927 2798 993 2826 ibid.

1099 2796 1168 2824 auh.
1189 2805 1245 2830 11v,
1266 2795 1309 2824 19.

1074 1657 1202 1692 νημένον,
1227 1656 1275 1683 καὶ
1305 1656 1348 1682 ἵνα
1372 1656 1409 1691 μή
1433 1663 1475 1686 τις
1500 1653 1648 1689 φαντασίαν
1673 1652 1770 1688 νομίσῃ
1790 1650 1859 1679 εἶναι

1073 1702 1161 1730 τοῦτο.

1115 1748 1210 1784 Ἐρὼτ.
1221 1747 1263 1775 ιϐ’.
1278 1757 1289 1773 ι
1302 1747 1410 1774 Δώδεκα
1425 1746 1562 1781 κοφίνους.
1578 1754 1586 1771 ι
1600 1745 1649 1771 Διὰ
1663 1744 1689 1770 τί
1702 1743 1803 1770 δώδεκα
1813 1752 1857 1770 κο-

1075 1795 1168 1829 φίνους
1184 1794 1346 1829 ἐπλήρωσαν
1359 1801 1366 1826 ;

1116 1840 1209 1866 Ἀπόκ.
1226 1840 1285 1866 Ἵνα
1311 1838 1359 1865 καὶ
1377 1837 1479 1869 Ἰούδας
1508 1836 1639 1872 βαστάσῃ.
1663 1834 1787 1873 ‘ESivaro
1809 1833 1858 1869 μὲν

1075 1885 1130 1920 γὰρ
1142 1885 1188 1912 καὶ
1202 1885 1297 1911 σϐέσαι
1312 1884 1366 1911 τῶν
1395 1883 1481 1919 ὄχλων
1495 1883 1544 1917 τὴν
1561 1883 1671 1908 πεῖναν·
1688 1880 1743 1907 ἀλλ’
1755 1880 1804 1907 οὐκ
1824 1880 1857 1907 ἂν

1076 1931 1197 1966 ἔγνωσαν
1212 1931 1236 1957 oi.
1250 1930 1369 1965 μαθηταὶ
1383 1929 1432 1964 τὴν
1446 1928 1570 1963 δύναμιν.

1118 1975 1214 2012 Ἐρώτ.
1226 1979 1260 2002 κ’.
1273 1974 1322 2002 Διὰ
1335 1974 1422 2011 ’τί-οὺχ
1433 1974 1448 2000 ὁ
1458 1973 1574 2004 Πιλᾶτος
1589 1972 1651 2008 ὁρᾷ,
1666 1971 1723 1998 ἀλλ’
1735 1971 1751 1996 ἠ
1764 1970 1855 1997 τούτου

1076 2021 1143 2056 γυνή
1155 2029 1162 2053 ;

1120 2066 1213 2093 Ἀπόκ.
1226 2065 1339 2101 Πρῶτον
1362 2064 1411 2099 μὲν
1423 2064 1465 2091 ὅτι
1484 2063 1574 2099 ἐκείνη
1593 2062 1655 2095 ἀξία
1667 2059 1711 2097 ἦν,
1728 2060 1744 2096 ἦ
1762 2061 1855 2096 μᾶλλον

1078 2113 1129 2145 ὅτι,
1146 2113 1172 2138 εἰ
1202 2112 1282 2143 αὐτὸς
1311 2109 1392 2142 εἶδεν,
1417 2110 1468 2137 οὐκ
1493 2109 1525 2136 ἂν
1553 2108 1698 2143 ἐπιστεύθη
1713 2106 1852 2143 ὁμοίωςνῆ

1078 2159 1133 2185 οὐδ’
1147 2158 1179 2185 ἂν
1201 2157 1323 2190 ἐξεῖπεν·
1345 2155 1389 2182 διὰ
1405 2155 1483 2182 τοῦτο
1495 2156 1674 2190 οἰκονομεῖται
1685 2153 1734 2189 τὴν
1748 2154 1853 2188 γυναῖκα

1043 2217 1066 2246 ο
1081 2205 1154 2237 ἰδεῖν,
1168 2203 1238 2231 ὣστε
1249 2203 1399 2239 κατάδηλον
1413 2201 1541 2237 γενέσθαι
1558 2202 1652 2228 πᾶσιν.

1117 2292 1212 2328 Ἐρὼτ.
1227 2291 1278 2319 κα’.
1295 2301 1305 2318 ι
1322 2293 1379 2318 Καὶ
1394 2292 1588 2326 συσταυροῦσιν
1600 2291 1675 2327 αὐτῷ
1691 2290 1736 2318 δύο
1751 2291 1849 2327 λῃστὰς.

1076 2339 1124 2366 ἕνα
1141 2340 1172 2365 ὲκ
1187 2338 1291 2371 δεξιῶν,
1309 2339 1355 2365 καὶ
1371 2339 1417 2365 ἕνα
1436 2338 1464 2371 ἐξ
1478 2337 1636 2373 εὐωνύμων.
1659 2347 1668 2363 ι
1685 2337 1733 2364 Διὰ
1743 2337 1766 2363 τί
1779 2337 1851 2372 μέσον

1078 2385 1158 2412 αὑτὸν
1175 2384 1351 2420 ἐσταύρωσαν
1372 2384 1426 2410 τῶν
1442 2383 1557 2420 λῃστῶν,
1579 2383 1627 2410 καὶ
1646 2383 1689 2409 διὰ
1712 2383 1737 2409 τί
1758 2382 1850 2419 κράξας

1079 2431 1170 2466 ἀφῆκε
1183 2430 1214 2457 τὸ
1229 2430 1337 2466 πνεῦμα
1349 2439 1357 2462 ;

1123 2476 1217 2503 Ἀπόκ.
1235 2476 1294 2503 Ἵνα
1313 2478 1346 2511 τῇ
1362 2476 1425 2512 δόξῃ
1443 2476 1476 2510 τῇ
1494 2475 1605 2502 ἐκείνων
1616 2473 1798 2510 κοινωνήσῃ,ἢ
1812 2473 1850 2500 ἵνα

1084 2523 1215 2559 πληρωθῇ
1241 2523 1271 2549 τὸ
1297 2523 1394 2558 ῥηθέν·
1414 2523 1455 2549 ὅτι
1488 2522 1534 2548 καὶ
1549 2531 1558 2547 ι
1575 2521 1652 2548 Μετὰ
1674 2521 1775 2555 ἀνόμων
1797 2520 1848 2546 ἐλο-

1082 2570 1164 2605 γίσθη
1175 2577 1181 2584 ·
1196 2578 1204 2594 ι
1216 2569 1263 2596 καὶ
1277 2569 1321 2595 ἴνα
1333 2568 1436 2605 δειχθῇ,
1447 2568 1488 2595 ὅτι
1499 2568 1558 2594 κατ’
1573 2566 1695 2600 ἐξουσίαν
1708 2567 1738 2592 τὸ
1750 2567 1848 2601 πρᾶγμα

1083 2616 1205 2650 γίνεται¹
1232 2614 1324 2646 καθὼς
1355 2615 1402 2641 καὶ
1432 2614 1541 2648 ἔλεγεν,
1560 2614 1600 2640 ὃτι
1630 2622 1640 2638 ι
1660 2611 1789 2645 Ἐξουσίαν
1802 2612 1849 2647 ἔχω

1083 2660 1168 2687 θεῖναι
1200 2660 1249 2696 τὴν
1277 2659 1365 2695 ψυχήν
1397 2667 1458 2695 μου,
1485 2658 1532 2685 καὶ
1557 2657 1680 2690 ἐξουσίαν
1702 2657 1752 2692 ἔχω
1770 2656 1847 2683 λαϐεῖν

1083 2707 1179 2742 αὐτὴν.
1199 2715 1208 2733 ι

1363 2795 1386 2812 ιι
1407 2793 1473 2823 ibid.
1492 2793 1538 2822 20.
1577 2793 1607 2834 :1
1625 2789 1692 2820 ibid.
1730 2790 1750 2833 ε·
1765 2787 1843 2817 Matth.

247 2841 334 2867 xxvn.
356 2835 397 2863 19.
437 2837 459 2852 ’θ
479 2835 545 2863 ibid.
563 2835 609 2863 '58.
646 2835 670 2852 ⁶⁰
690 2834 742 2862 lsa.
760 2841 827 2867 Llll,
848 2833 888 2862 t2.
928 2835 949 2851 "
969 2832 1048 2861 Joan.
1067 2840 1100 2865 x,
1118 2832 1162 2860 t8.
