  <div class='ocr_page' id='page_1' title='image "/cluster/home/n/w/nwhite01/storage/ocr_20150623/28/njp.32101007506148/364.png"; bbox 0 0 1924 3059; ppageno 0'>
   <div class='ocr_carea' id='block_1_1' title="bbox 67 120 119 148">
    <p class='ocr_par' dir='ltr' id='par_1_1' title="bbox 67 120 119 148">
     <span class='ocr_line' id='line_1_1' title="bbox 67 120 119 148; baseline 0.019 -1"><span class='ocrx_word' id='word_1_1' title='bbox 67 120 119 148; x_wconf 76' lang='lat'><strong>705</strong></span> 
     </span>
    </p>
   </div>
   <div class='ocr_carea' id='block_1_2' title="bbox 592 122 1263 156">
    <p class='ocr_par' dir='ltr' id='par_1_2' title="bbox 592 122 1263 156">
     <span class='ocr_line' id='line_1_2' title="bbox 592 122 1263 156; baseline 0.007 -6"><span class='ocrx_word' id='word_1_2' title='bbox 592 122 824 156; x_wconf 62' lang='lat' dir='ltr'><strong>QUIESTIONES</strong></span> <span class='ocrx_word' id='word_1_3' title='bbox 844 123 889 151; x_wconf 82' lang='lat' dir='ltr'><strong>AD</strong></span> <span class='ocrx_word' id='word_1_4' title='bbox 908 124 1111 154; x_wconf 83' lang='lat' dir='ltr'><strong>ANTIOCIIUM</strong></span> <span class='ocrx_word' id='word_1_5' title='bbox 1131 125 1263 155; x_wconf 72' lang='lat' dir='ltr'><strong>DUCEM.</strong></span> 
     </span>
    </p>
   </div>
   <div class='ocr_carea' id='block_1_3' title="bbox 1638 131 1691 158">
    <p class='ocr_par' dir='ltr' id='par_1_3' title="bbox 1638 131 1691 158">
     <span class='ocr_line' id='line_1_3' title="bbox 1638 131 1691 158; baseline 0.038 -2"><span class='ocrx_word' id='word_1_6' title='bbox 1638 131 1691 158; x_wconf 79' lang='lat'><strong>706</strong></span> 
     </span>
    </p>
   </div>
   <div class='ocr_carea' id='block_1_4' title="bbox 109 169 853 221">
    <p class='ocr_par' dir='ltr' id='par_1_4' title="bbox 109 169 853 217">
     <span class='ocr_line' id='line_1_4' title="bbox 109 169 853 217; baseline 0.004 -13"><span class='ocrx_word' id='word_1_7' title='bbox 109 175 209 212; x_wconf 86' lang='grc' dir='ltr'>Ἐρὼτ.</span> <span class='ocrx_word' id='word_1_8' title='bbox 227 175 279 203; x_wconf 75' lang='grc' dir='ltr'>κδ’.</span> <span class='ocrx_word' id='word_1_9' title='bbox 295 186 304 202; x_wconf 81' lang='grc' dir='ltr'><strong>ι</strong></span> <span class='ocrx_word' id='word_1_10' title='bbox 321 176 390 213; x_wconf 70' lang='grc' dir='ltr'>Πρὶν</span> <span class='ocrx_word' id='word_1_11' title='bbox 401 177 534 214; x_wconf 77' lang='grc' dir='ltr'><strong>ἀλέκτορα</strong></span> <span class='ocrx_word' id='word_1_12' title='bbox 548 169 680 215; x_wconf 65' lang='grc' dir='ltr'>φωνῆσαι,</span> <span class='ocrx_word' id='word_1_13' title='bbox 695 181 755 216; x_wconf 74' lang='grc' dir='ltr'>τρὶς</span> <span class='ocrx_word' id='word_1_14' title='bbox 771 181 853 217; x_wconf 81' lang='grc' dir='ltr'>ἀπαρ-</span> 
     </span>
    </p>
   </div>
   <div class='ocr_carea' id='block_1_5' title="bbox 914 169 1691 221">
    <p class='ocr_par' dir='ltr' id='par_1_5' title="bbox 945 181 1691 221">
     <span class='ocr_line' id='line_1_5' title="bbox 945 181 1691 221; baseline 0.007 -13"><span class='ocrx_word' id='word_1_15' title='bbox 945 181 978 215; x_wconf 80' lang='grc' dir='ltr'><strong>ρ.</strong></span> <span class='ocrx_word' id='word_1_16' title='bbox 994 182 1038 210; x_wconf 70' lang='lat'><strong>29..</strong></span> <span class='ocrx_word' id='word_1_17' title='bbox 1060 192 1070 208; x_wconf 76' lang='grc' dir='ltr'><strong>ι</strong></span> <span class='ocrx_word' id='word_1_18' title='bbox 1089 182 1240 217; x_wconf 76' lang='lat' dir='ltr'><strong>Antequam</strong></span> <span class='ocrx_word' id='word_1_19' title='bbox 1261 183 1348 219; x_wconf 74' lang='lat' dir='ltr'><strong>gallus</strong></span> <span class='ocrx_word' id='word_1_20' title='bbox 1365 189 1465 216; x_wconf 92' lang='lat' dir='ltr'><strong>cantet,</strong></span> <span class='ocrx_word' id='word_1_21' title='bbox 1481 190 1522 212; x_wconf 87' lang='lat' dir='ltr'><strong>ter</strong></span> <span class='ocrx_word' id='word_1_22' title='bbox 1541 193 1585 213; x_wconf 87' lang='lat' dir='ltr'><strong>me</strong></span> <span class='ocrx_word' id='word_1_23' title='bbox 1609 194 1691 221; x_wconf 79' lang='lat' dir='ltr'><strong>nega-</strong></span> 
     </span>
    </p>
   </div>
   <div class='ocr_carea' id='block_1_6' title="bbox 65 223 855 262">
    <p class='ocr_par' dir='ltr' id='par_1_6' title="bbox 65 223 855 262">
     <span class='ocr_line' id='line_1_6' title="bbox 65 223 855 262; baseline 0.004 -12"><span class='ocrx_word' id='word_1_24' title='bbox 65 223 138 259; x_wconf 73' lang='grc' dir='ltr'>νήσῃ</span> <span class='ocrx_word' id='word_1_25' title='bbox 149 231 223 258; x_wconf 79' lang='grc' dir='ltr'><strong>.με.»</strong></span> <span class='ocrx_word' id='word_1_26' title='bbox 240 223 302 255; x_wconf 83' lang='grc' dir='ltr'><strong>Πῶς</strong></span> <span class='ocrx_word' id='word_1_27' title='bbox 315 225 329 250; x_wconf 82' lang='grc' dir='ltr'><strong>ό</strong></span> <span class='ocrx_word' id='word_1_28' title='bbox 346 224 396 259; x_wconf 83' lang='grc' dir='ltr'><strong>μὲν</strong></span> <span class='ocrx_word' id='word_1_29' title='bbox 406 224 553 258; x_wconf 86' lang='grc' dir='ltr'>Ματθαῖος,</span> <span class='ocrx_word' id='word_1_30' title='bbox 569 226 608 252; x_wconf 83' lang='grc' dir='ltr'>ὃτι</span> <span class='ocrx_word' id='word_1_31' title='bbox 624 225 700 253; x_wconf 77' lang='grc' dir='ltr'>εἶπεν</span> <span class='ocrx_word' id='word_1_32' title='bbox 712 227 726 252; x_wconf 86' lang='grc' dir='ltr'>ὁ</span> <span class='ocrx_word' id='word_1_33' title='bbox 740 227 855 262; x_wconf 80' lang='grc' dir='ltr'>Χριστὸς</span> 
     </span>
    </p>
   </div>
   <div class='ocr_carea' id='block_1_7' title="bbox 64 268 855 309">
    <p class='ocr_par' dir='ltr' id='par_1_7' title="bbox 64 268 855 309">
     <span class='ocr_line' id='line_1_7' title="bbox 64 268 855 309; baseline 0.008 -15"><span class='ocrx_word' id='word_1_34' title='bbox 64 268 104 303; x_wconf 79' lang='grc' dir='ltr'>τῷ</span> <span class='ocrx_word' id='word_1_35' title='bbox 121 269 230 304; x_wconf 81' lang='grc' dir='ltr'><strong>Πέτρῳ·</strong></span> <span class='ocrx_word' id='word_1_36' title='bbox 252 278 261 294; x_wconf 78' lang='grc' dir='ltr'><strong>ι</strong></span> <span class='ocrx_word' id='word_1_37' title='bbox 275 269 341 305; x_wconf 77' lang='grc' dir='ltr'>Πρὶν</span> <span class='ocrx_word' id='word_1_38' title='bbox 358 270 490 307; x_wconf 77' lang='grc' dir='ltr'><strong>ἀλέκτορα</strong></span> <span class='ocrx_word' id='word_1_39' title='bbox 499 272 620 306; x_wconf 81' lang='grc' dir='ltr'>φωνῆσαι</span> <span class='ocrx_word' id='word_1_40' title='bbox 637 272 697 307; x_wconf 72' lang='grc' dir='ltr'>τρὶς</span> <span class='ocrx_word' id='word_1_41' title='bbox 710 273 855 309; x_wconf 74' lang='grc' dir='ltr'><strong>ἀπαρνήσῃ</strong></span> 
     </span>
    </p>
   </div>
   <div class='ocr_carea' id='block_1_8' title="bbox 66 315 856 355">
    <p class='ocr_par' dir='ltr' id='par_1_8' title="bbox 66 315 856 355">
     <span class='ocr_line' id='line_1_8' title="bbox 66 315 856 355; baseline 0.006 -15"><span class='ocrx_word' id='word_1_42' title='bbox 66 322 117 349; x_wconf 81' lang='grc' dir='ltr'><strong>με’</strong></span> <span class='ocrx_word' id='word_1_43' title='bbox 139 325 150 341; x_wconf 76' lang='grc' dir='ltr'><strong>ι</strong></span> <span class='ocrx_word' id='word_1_44' title='bbox 165 316 179 341; x_wconf 88' lang='grc' dir='ltr'>ὁ</span> <span class='ocrx_word' id='word_1_45' title='bbox 195 315 222 341; x_wconf 80' lang='grc' dir='ltr'>δὲ</span> <span class='ocrx_word' id='word_1_46' title='bbox 236 316 348 351; x_wconf 80' lang='grc' dir='ltr'>Μάρκος</span> <span class='ocrx_word' id='word_1_47' title='bbox 376 316 461 350; x_wconf 81' lang='grc' dir='ltr'><strong>λέγει,</strong></span> <span class='ocrx_word' id='word_1_48' title='bbox 477 317 528 349; x_wconf 83' lang='grc' dir='ltr'>δτι,</span> <span class='ocrx_word' id='word_1_49' title='bbox 547 318 590 344; x_wconf 80' lang='grc' dir='ltr'>ὅτε</span> <span class='ocrx_word' id='word_1_50' title='bbox 607 318 655 353; x_wconf 80' lang='grc' dir='ltr'>μὲν</span> <span class='ocrx_word' id='word_1_51' title='bbox 680 318 754 351; x_wconf 78' lang='grc' dir='ltr'>ἆπαξ</span> <span class='ocrx_word' id='word_1_52' title='bbox 771 320 856 355; x_wconf 81' lang='grc' dir='ltr'>ὴρνή-</span> 
     </span>
    </p>
   </div>
   <div class='ocr_carea' id='block_1_9' title="bbox 66 361 855 399">
    <p class='ocr_par' dir='ltr' id='par_1_9' title="bbox 66 361 855 399">
     <span class='ocr_line' id='line_1_9' title="bbox 66 361 855 399; baseline 0.006 -13"><span class='ocrx_word' id='word_1_53' title='bbox 66 369 144 393; x_wconf 82' lang='grc' dir='ltr'>σατο,</span> <span class='ocrx_word' id='word_1_54' title='bbox 168 361 228 388; x_wconf 85' lang='grc' dir='ltr'>τότε</span> <span class='ocrx_word' id='word_1_55' title='bbox 251 361 357 396; x_wconf 79' lang='grc' dir='ltr'>πρῶτον</span> <span class='ocrx_word' id='word_1_56' title='bbox 378 361 516 398; x_wconf 75' lang='grc' dir='ltr'><strong>ἐφώνησεν</strong></span> <span class='ocrx_word' id='word_1_57' title='bbox 536 364 550 389; x_wconf 86' lang='grc' dir='ltr'><strong>ὸ</strong></span> <span class='ocrx_word' id='word_1_58' title='bbox 571 363 727 399; x_wconf 81' lang='grc' dir='ltr'>ἀλεκτρυών</span> <span class='ocrx_word' id='word_1_59' title='bbox 740 373 747 380; x_wconf 86' lang='grc'>·</span> <span class='ocrx_word' id='word_1_60' title='bbox 763 365 807 391; x_wconf 84' lang='grc' dir='ltr'>ὅτε</span> <span class='ocrx_word' id='word_1_61' title='bbox 828 365 855 391; x_wconf 81' lang='grc' dir='ltr'>δὲ</span> 
     </span>
    </p>
   </div>
   <div class='ocr_carea' id='block_1_10' title="bbox 64 405 854 446">
    <p class='ocr_par' dir='ltr' id='par_1_10' title="bbox 64 405 854 446">
     <span class='ocr_line' id='line_1_10' title="bbox 64 405 854 446; baseline 0.005 -14"><span class='ocrx_word' id='word_1_62' title='bbox 64 406 169 441; x_wconf 85' lang='grc' dir='ltr'>τρίτον,</span> <span class='ocrx_word' id='word_1_63' title='bbox 187 406 247 433; x_wconf 84' lang='grc' dir='ltr'>τότε</span> <span class='ocrx_word' id='word_1_64' title='bbox 259 406 383 443; x_wconf 83' lang='grc' dir='ltr'>δεύτερον</span> <span class='ocrx_word' id='word_1_65' title='bbox 396 415 403 440; x_wconf 92' lang='lat'>;</span> <span class='ocrx_word' id='word_1_66' title='bbox 424 407 485 439; x_wconf 85' lang='grc' dir='ltr'><strong>Πῶς</strong></span> <span class='ocrx_word' id='word_1_67' title='bbox 500 405 547 435; x_wconf 81' lang='grc' dir='ltr'>οὖν</span> <span class='ocrx_word' id='word_1_68' title='bbox 562 409 754 445; x_wconf 74' lang='grc' dir='ltr'><strong>εὑρεθήσονται</strong></span> <span class='ocrx_word' id='word_1_69' title='bbox 769 410 854 446; x_wconf 78' lang='grc' dir='ltr'>ἀληθῆ</span> 
     </span>
    </p>
   </div>
   <div class='ocr_carea' id='block_1_11' title="bbox 65 452 228 488">
    <p class='ocr_par' dir='ltr' id='par_1_11' title="bbox 65 452 228 488">
     <span class='ocr_line' id='line_1_11' title="bbox 65 452 228 488; baseline 0 -10"><span class='ocrx_word' id='word_1_70' title='bbox 65 452 211 488; x_wconf 67' lang='grc' dir='ltr'>ἀμφότερα</span> <span class='ocrx_word' id='word_1_71' title='bbox 221 460 228 485; x_wconf 89' lang='grc'><strong>;</strong></span> 
     </span>
    </p>
   </div>
   <div class='ocr_carea' id='block_1_12' title="bbox 107 509 855 547">
    <p class='ocr_par' dir='ltr' id='par_1_12' title="bbox 107 509 855 547">
     <span class='ocr_line' id='line_1_12' title="bbox 107 509 855 547; baseline 0.004 -12"><span class='ocrx_word' id='word_1_72' title='bbox 107 509 203 535; x_wconf 76' lang='grc' dir='ltr'>’Δπόκ.</span> <span class='ocrx_word' id='word_1_73' title='bbox 229 509 336 545; x_wconf 80' lang='grc' dir='ltr'>Ἐπειδὴ</span> <span class='ocrx_word' id='word_1_74' title='bbox 361 509 420 536; x_wconf 81' lang='grc' dir='ltr'>καθ’</span> <span class='ocrx_word' id='word_1_75' title='bbox 442 510 559 546; x_wconf 76' lang='grc' dir='ltr'>ἑκάστην</span> <span class='ocrx_word' id='word_1_76' title='bbox 577 510 688 547; x_wconf 81' lang='grc' dir='ltr'>ἀγωγὴν</span> <span class='ocrx_word' id='word_1_77' title='bbox 703 512 749 538; x_wconf 71' lang='grc' dir='ltr'><strong>καὶ</strong></span> <span class='ocrx_word' id='word_1_78' title='bbox 765 511 855 546; x_wconf 86' lang='grc' dir='ltr'>τρίτον</span> 
     </span>
    </p>
   </div>
   <div class='ocr_carea' id='block_1_13' title="bbox 64 555 855 592">
    <p class='ocr_par' dir='ltr' id='par_1_13' title="bbox 64 555 855 592">
     <span class='ocr_line' id='line_1_13' title="bbox 64 555 855 592; baseline 0.003 -11"><span class='ocrx_word' id='word_1_79' title='bbox 64 555 112 581; x_wconf 65' lang='grc' dir='ltr'><strong>καὶ</strong></span> <span class='ocrx_word' id='word_1_80' title='bbox 124 555 254 591; x_wconf 80' lang='grc' dir='ltr'>τέταρτον</span> <span class='ocrx_word' id='word_1_81' title='bbox 268 557 364 589; x_wconf 69' lang='grc' dir='ltr'>φωνεῖν</span> <span class='ocrx_word' id='word_1_82' title='bbox 373 555 467 582; x_wconf 77' lang='grc' dir='ltr'>εἴωθεν</span> <span class='ocrx_word' id='word_1_83' title='bbox 476 555 640 591; x_wconf 70' lang='grc' dir='ltr'>ἁλεκτρυὼν,</span> <span class='ocrx_word' id='word_1_84' title='bbox 653 556 740 592; x_wconf 82' lang='grc' dir='ltr'>δηλῶν</span> <span class='ocrx_word' id='word_1_85' title='bbox 751 558 764 583; x_wconf 79' lang='grc' dir='ltr'>ὁ</span> <span class='ocrx_word' id='word_1_86' title='bbox 778 557 855 592; x_wconf 83' lang='grc' dir='ltr'><strong>Μάρ-</strong></span> 
     </span>
    </p>
   </div>
   <div class='ocr_carea' id='block_1_14' title="bbox 63 601 855 639">
    <p class='ocr_par' dir='ltr' id='par_1_14' title="bbox 63 601 855 639">
     <span class='ocr_line' id='line_1_14' title="bbox 63 601 855 639; baseline 0.004 -13"><span class='ocrx_word' id='word_1_87' title='bbox 63 608 124 632; x_wconf 84' lang='grc' dir='ltr'>κος,</span> <span class='ocrx_word' id='word_1_88' title='bbox 143 601 185 626; x_wconf 81' lang='grc' dir='ltr'>ὅτι</span> <span class='ocrx_word' id='word_1_89' title='bbox 200 601 288 636; x_wconf 71' lang='grc' dir='ltr'>οὐδὲή</span> <span class='ocrx_word' id='word_1_90' title='bbox 304 601 379 637; x_wconf 79' lang='grc' dir='ltr'>φωνὴ</span> <span class='ocrx_word' id='word_1_91' title='bbox 396 601 476 628; x_wconf 61' lang='grc' dir='ltr'>αὑτὸν</span> <span class='ocrx_word' id='word_1_92' title='bbox 498 601 608 637; x_wconf 80' lang='grc' dir='ltr'>ἐπέσχε,</span> <span class='ocrx_word' id='word_1_93' title='bbox 627 602 673 629; x_wconf 71' lang='grc' dir='ltr'><strong>καὶ</strong></span> <span class='ocrx_word' id='word_1_94' title='bbox 689 603 729 634; x_wconf 85' lang='grc' dir='ltr'><strong>εἰς</strong></span> <span class='ocrx_word' id='word_1_95' title='bbox 745 603 855 639; x_wconf 79' lang='grc' dir='ltr'><strong>μνήμην</strong></span> 
     </span>
    </p>
   </div>
   <div class='ocr_carea' id='block_1_15' title="bbox 63 646 853 685">
    <p class='ocr_par' dir='ltr' id='par_1_15' title="bbox 63 646 853 685">
     <span class='ocr_line' id='line_1_15' title="bbox 63 646 853 685; baseline 0.008 -14"><span class='ocrx_word' id='word_1_96' title='bbox 63 646 172 680; x_wconf 75' lang='grc' dir='ltr'>ἤγαγε,</span> <span class='ocrx_word' id='word_1_97' title='bbox 200 646 277 673; x_wconf 71' lang='grc' dir='ltr'>τοῦτο</span> <span class='ocrx_word' id='word_1_98' title='bbox 301 656 393 682; x_wconf 80' lang='grc' dir='ltr'>φησιν.</span> <span class='ocrx_word' id='word_1_99' title='bbox 410 648 490 674; x_wconf 85' lang='grc' dir='ltr'>Ὥστε</span> <span class='ocrx_word' id='word_1_100' title='bbox 512 649 653 684; x_wconf 83' lang='grc' dir='ltr'>ἀμφότερα</span> <span class='ocrx_word' id='word_1_101' title='bbox 677 649 763 685; x_wconf 81' lang='grc' dir='ltr'>ἀληθῆ</span> <span class='ocrx_word' id='word_1_102' title='bbox 790 651 853 677; x_wconf 90' lang='grc' dir='ltr'>εἰσι.</span> 
     </span>
    </p>
   </div>
   <div class='ocr_carea' id='block_1_16' title="bbox 65 691 854 729">
    <p class='ocr_par' dir='ltr' id='par_1_16' title="bbox 65 691 854 729">
     <span class='ocr_line' id='line_1_16' title="bbox 65 691 854 729; baseline 0.006 -13"><span class='ocrx_word' id='word_1_103' title='bbox 65 691 153 726; x_wconf 84' lang='grc' dir='ltr'>Πρινὴ</span> <span class='ocrx_word' id='word_1_104' title='bbox 173 692 226 727; x_wconf 75' lang='grc' dir='ltr'><strong>γὰρ</strong></span> <span class='ocrx_word' id='word_1_105' title='bbox 246 692 296 727; x_wconf 82' lang='grc' dir='ltr'>τὴν</span> <span class='ocrx_word' id='word_1_106' title='bbox 322 693 386 727; x_wconf 82' lang='grc' dir='ltr'>μίαν</span> <span class='ocrx_word' id='word_1_107' title='bbox 408 692 519 728; x_wconf 75' lang='grc' dir='ltr'><strong>ἀγωγὴν</strong></span> <span class='ocrx_word' id='word_1_108' title='bbox 547 693 694 729; x_wconf 79' lang='grc' dir='ltr'><strong>ἀπαρτίσαι</strong></span> <span class='ocrx_word' id='word_1_109' title='bbox 725 695 770 721; x_wconf 86' lang='grc' dir='ltr'>τὸν</span> <span class='ocrx_word' id='word_1_110' title='bbox 791 695 854 721; x_wconf 82' lang='grc' dir='ltr'>ἀλε-</span> 
     </span>
    </p>
   </div>
   <div class='ocr_carea' id='block_1_17' title="bbox 64 737 854 776">
    <p class='ocr_par' dir='ltr' id='par_1_17' title="bbox 64 737 854 776">
     <span class='ocr_line' id='line_1_17' title="bbox 64 737 854 776; baseline 0.008 -14"><span class='ocrx_word' id='word_1_111' title='bbox 64 737 201 772; x_wconf 79' lang='grc' dir='ltr'>κτρυόνα,</span> <span class='ocrx_word' id='word_1_112' title='bbox 225 737 316 772; x_wconf 85' lang='grc' dir='ltr'>τρίτον</span> <span class='ocrx_word' id='word_1_113' title='bbox 343 738 489 774; x_wconf 70' lang='grc' dir='ltr'>ἠρνήσατο.</span> <span class='ocrx_word' id='word_1_114' title='bbox 521 739 600 766; x_wconf 79' lang='grc' dir='ltr'>Οὖτω</span> <span class='ocrx_word' id='word_1_115' title='bbox 619 740 648 766; x_wconf 79' lang='grc' dir='ltr'>δὲ</span> <span class='ocrx_word' id='word_1_116' title='bbox 672 741 798 776; x_wconf 80' lang='grc' dir='ltr'><strong>περιδεὴς</strong></span> <span class='ocrx_word' id='word_1_117' title='bbox 819 739 854 776; x_wconf 74' lang='grc' dir='ltr'>ἦν</span> 
     </span>
    </p>
   </div>
   <div class='ocr_carea' id='block_1_18' title="bbox 65 784 853 821">
    <p class='ocr_par' dir='ltr' id='par_1_18' title="bbox 65 784 853 821">
     <span class='ocr_line' id='line_1_18' title="bbox 65 784 853 821; baseline 0.004 -11"><span class='ocrx_word' id='word_1_118' title='bbox 65 784 113 810; x_wconf 68' lang='grc' dir='ltr'><strong>καὶ</strong></span> <span class='ocrx_word' id='word_1_119' title='bbox 147 784 248 820; x_wconf 68' lang='grc' dir='ltr'>σφόδρα</span> <span class='ocrx_word' id='word_1_120' title='bbox 282 785 476 821; x_wconf 80' lang='grc' dir='ltr'>ἀποτεθνηκὼς</span> <span class='ocrx_word' id='word_1_121' title='bbox 496 785 534 821; x_wconf 82' lang='grc' dir='ltr'><strong>τῷ</strong></span> <span class='ocrx_word' id='word_1_122' title='bbox 559 786 629 818; x_wconf 78' lang='grc' dir='ltr'>δέει,</span> <span class='ocrx_word' id='word_1_123' title='bbox 649 786 691 812; x_wconf 82' lang='grc' dir='ltr'>ὃτι</span> <span class='ocrx_word' id='word_1_124' title='bbox 711 786 740 812; x_wconf 80' lang='grc' dir='ltr'><strong>οὺ</strong></span> <span class='ocrx_word' id='word_1_125' title='bbox 774 787 853 821; x_wconf 82' lang='grc' dir='ltr'>μόνον</span> 
     </span>
    </p>
   </div>
   <div class='ocr_carea' id='block_1_19' title="bbox 65 830 854 867">
    <p class='ocr_par' dir='ltr' id='par_1_19' title="bbox 65 830 854 867">
     <span class='ocr_line' id='line_1_19' title="bbox 65 830 854 867; baseline 0.005 -12"><span class='ocrx_word' id='word_1_126' title='bbox 65 830 213 865; x_wconf 75' lang='grc' dir='ltr'>ἠρνήσατο,</span> <span class='ocrx_word' id='word_1_127' title='bbox 239 830 295 856; x_wconf 84' lang='grc' dir='ltr'>ἀλλ’</span> <span class='ocrx_word' id='word_1_128' title='bbox 321 831 380 857; x_wconf 69' lang='grc' dir='ltr'>οὐδὲ</span> <span class='ocrx_word' id='word_1_129' title='bbox 409 831 563 867; x_wconf 76' lang='grc' dir='ltr'><strong>ἀνεμνήσθη</strong></span> <span class='ocrx_word' id='word_1_130' title='bbox 582 831 696 864; x_wconf 76' lang='grc' dir='ltr'>οἴκοθεν,</span> <span class='ocrx_word' id='word_1_131' title='bbox 710 832 757 858; x_wconf 80' lang='grc' dir='ltr'><strong>καὶ</strong></span> <span class='ocrx_word' id='word_1_132' title='bbox 769 832 854 859; x_wconf 80' lang='grc' dir='ltr'>ταῦτα</span> 
     </span>
    </p>
   </div>
   <div class='ocr_carea' id='block_1_20' title="bbox 63 875 852 914">
    <p class='ocr_par' dir='ltr' id='par_1_20' title="bbox 63 875 852 914">
     <span class='ocr_line' id='line_1_20' title="bbox 63 875 852 914; baseline 0.005 -12"><span class='ocrx_word' id='word_1_133' title='bbox 63 875 112 902; x_wconf 76' lang='grc' dir='ltr'>τοῦ</span> <span class='ocrx_word' id='word_1_134' title='bbox 130 875 306 910; x_wconf 70' lang='grc' dir='ltr'><strong>ἀλεκτρυόνος</strong></span> <span class='ocrx_word' id='word_1_135' title='bbox 325 877 508 912; x_wconf 72' lang='grc' dir='ltr'><strong>φωνήσαντος,</strong></span> <span class='ocrx_word' id='word_1_136' title='bbox 524 878 574 909; x_wconf 68' lang='grc' dir='ltr'>ἕως</span> <span class='ocrx_word' id='word_1_137' title='bbox 587 876 617 905; x_wconf 73' lang='grc' dir='ltr'>οὗ</span> <span class='ocrx_word' id='word_1_138' title='bbox 634 878 664 904; x_wconf 85' lang='grc' dir='ltr'>τὸ</span> <span class='ocrx_word' id='word_1_139' title='bbox 681 878 789 914; x_wconf 80' lang='grc' dir='ltr'><strong>βλέμμα</strong></span> <span class='ocrx_word' id='word_1_140' title='bbox 806 880 852 906; x_wconf 68' lang='grc' dir='ltr'><strong>τοῦ</strong></span> 
     </span>
    </p>
   </div>
   <div class='ocr_carea' id='block_1_21' title="bbox 64 922 854 960">
    <p class='ocr_par' dir='ltr' id='par_1_21' title="bbox 64 922 854 960">
     <span class='ocr_line' id='line_1_21' title="bbox 64 922 854 960; baseline 0.004 -11"><span class='ocrx_word' id='word_1_141' title='bbox 64 922 226 949; x_wconf 78' lang='grc' dir='ltr'><strong>διδασκάλου</strong></span> <span class='ocrx_word' id='word_1_142' title='bbox 249 923 359 957; x_wconf 77' lang='grc' dir='ltr'>γέγονεν</span> <span class='ocrx_word' id='word_1_143' title='bbox 383 923 457 959; x_wconf 83' lang='grc' dir='ltr'>αὐτῴ</span> <span class='ocrx_word' id='word_1_144' title='bbox 478 924 536 950; x_wconf 74' lang='grc' dir='ltr'>ἀντὶ</span> <span class='ocrx_word' id='word_1_145' title='bbox 556 925 656 960; x_wconf 71' lang='grc' dir='ltr'>φωνῆς.</span> <span class='ocrx_word' id='word_1_146' title='bbox 674 926 728 952; x_wconf 78' lang='grc' dir='ltr'><strong>Καὶ</strong></span> <span class='ocrx_word' id='word_1_147' title='bbox 752 925 854 953; x_wconf 82' lang='grc' dir='ltr'>τοῦτοὸ</span> 
     </span>
    </p>
   </div>
   <div class='ocr_carea' id='block_1_22' title="bbox 64 968 854 1006">
    <p class='ocr_par' dir='ltr' id='par_1_22' title="bbox 64 968 854 1006">
     <span class='ocr_line' id='line_1_22' title="bbox 64 968 854 1006; baseline 0.005 -12"><span class='ocrx_word' id='word_1_148' title='bbox 64 969 176 1000; x_wconf 74' lang='grc' dir='ltr'>Λουκᾶς</span> <span class='ocrx_word' id='word_1_149' title='bbox 202 968 289 1005; x_wconf 79' lang='grc' dir='ltr'>δηλῶν</span> <span class='ocrx_word' id='word_1_150' title='bbox 317 977 410 1005; x_wconf 69' lang='grc' dir='ltr'>φησιν,</span> <span class='ocrx_word' id='word_1_151' title='bbox 438 970 479 996; x_wconf 82' lang='grc' dir='ltr'>ὅτι</span> <span class='ocrx_word' id='word_1_152' title='bbox 503 970 644 1006; x_wconf 67' lang='grc' dir='ltr'>ἐνέϐλεψεν</span> <span class='ocrx_word' id='word_1_153' title='bbox 673 972 712 1002; x_wconf 81' lang='grc' dir='ltr'><strong>είς</strong></span> <span class='ocrx_word' id='word_1_154' title='bbox 737 971 817 999; x_wconf 79' lang='grc' dir='ltr'>αὐτὸν</span> <span class='ocrx_word' id='word_1_155' title='bbox 840 972 854 998; x_wconf 85' lang='grc' dir='ltr'>ὁ</span> 
     </span>
    </p>
   </div>
   <div class='ocr_carea' id='block_1_23' title="bbox 63 1016 186 1051">
    <p class='ocr_par' dir='ltr' id='par_1_23' title="bbox 63 1016 186 1051">
     <span class='ocr_line' id='line_1_23' title="bbox 63 1016 186 1051; baseline 0 -9"><span class='ocrx_word' id='word_1_156' title='bbox 63 1016 186 1051; x_wconf 84' lang='grc' dir='ltr'>Χριστός</span> 
     </span>
    </p>
   </div>
   <div class='ocr_carea' id='block_1_24' title="bbox 102 1074 850 1122">
    <p class='ocr_par' dir='ltr' id='par_1_24' title="bbox 102 1074 850 1122">
     <span class='ocr_line' id='line_1_24' title="bbox 102 1074 850 1122; baseline 0.005 -12"><span class='ocrx_word' id='word_1_157' title='bbox 102 1074 203 1119; x_wconf 81' lang='grc' dir='ltr'>Ἐρώτ.</span> <span class='ocrx_word' id='word_1_158' title='bbox 222 1086 274 1117; x_wconf 85' lang='grc' dir='ltr'><strong>κγ’.</strong></span> <span class='ocrx_word' id='word_1_159' title='bbox 287 1093 296 1109; x_wconf 81' lang='grc' dir='ltr'><strong>ι</strong></span> <span class='ocrx_word' id='word_1_160' title='bbox 312 1083 366 1110; x_wconf 73' lang='grc' dir='ltr'>Καὶ</span> <span class='ocrx_word' id='word_1_161' title='bbox 380 1083 494 1116; x_wconf 80' lang='grc' dir='ltr'>ἐξελθὼν</span> <span class='ocrx_word' id='word_1_162' title='bbox 509 1085 561 1118; x_wconf 83' lang='grc' dir='ltr'><strong>ἕξω</strong></span> <span class='ocrx_word' id='word_1_163' title='bbox 573 1085 688 1114; x_wconf 76' lang='grc' dir='ltr'>ἔκλαυσε</span> <span class='ocrx_word' id='word_1_164' title='bbox 705 1087 820 1122; x_wconf 68' lang='grc' dir='ltr'>πικρῶς.</span> <span class='ocrx_word' id='word_1_165' title='bbox 841 1097 850 1113; x_wconf 80' lang='grc' dir='ltr'><strong>ι</strong></span> 
     </span>
    </p>
   </div>
   <div class='ocr_carea' id='block_1_25' title="bbox 63 1128 503 1164">
    <p class='ocr_par' dir='ltr' id='par_1_25' title="bbox 63 1128 503 1164">
     <span class='ocr_line' id='line_1_25' title="bbox 63 1128 503 1164; baseline 0.005 -9"><span class='ocrx_word' id='word_1_166' title='bbox 63 1128 116 1156; x_wconf 79' lang='grc' dir='ltr'>Διὰ</span> <span class='ocrx_word' id='word_1_167' title='bbox 130 1129 156 1156; x_wconf 82' lang='grc' dir='ltr'><strong>τί</strong></span> <span class='ocrx_word' id='word_1_168' title='bbox 171 1129 286 1162; x_wconf 77' lang='grc' dir='ltr'>ἐξελθὼν</span> <span class='ocrx_word' id='word_1_169' title='bbox 293 1129 345 1161; x_wconf 76' lang='grc' dir='ltr'><strong>ἔξω</strong></span> <span class='ocrx_word' id='word_1_170' title='bbox 357 1129 503 1164; x_wconf 71' lang='grc' dir='ltr'>ἔκλαυσεν;</span> 
     </span>
    </p>
   </div>
   <div class='ocr_carea' id='block_1_26' title="bbox 109 1175 853 1214">
    <p class='ocr_par' dir='ltr' id='par_1_26' title="bbox 109 1175 853 1214">
     <span class='ocr_line' id='line_1_26' title="bbox 109 1175 853 1214; baseline 0.007 -14"><span class='ocrx_word' id='word_1_171' title='bbox 109 1175 203 1201; x_wconf 78' lang='grc' dir='ltr'>Ἀπόκ.</span> <span class='ocrx_word' id='word_1_172' title='bbox 224 1175 331 1210; x_wconf 79' lang='grc' dir='ltr'>Ἐπειδὴ</span> <span class='ocrx_word' id='word_1_173' title='bbox 358 1175 408 1201; x_wconf 79' lang='grc' dir='ltr'>οὐκ</span> <span class='ocrx_word' id='word_1_174' title='bbox 431 1176 531 1211; x_wconf 80' lang='grc' dir='ltr'><strong>ἐτόλμα</strong></span> <span class='ocrx_word' id='word_1_175' title='bbox 555 1177 678 1212; x_wconf 66' lang='grc' dir='ltr'>φανερῶς</span> <span class='ocrx_word' id='word_1_176' title='bbox 700 1177 853 1214; x_wconf 76' lang='grc' dir='ltr'>ἔμπροσθεν</span> 
     </span>
    </p>
   </div>
   <div class='ocr_carea' id='block_1_27' title="bbox 64 1217 854 1258">
    <p class='ocr_par' dir='ltr' id='par_1_27' title="bbox 64 1217 854 1258">
     <span class='ocr_line' id='line_1_27' title="bbox 64 1217 854 1258; baseline 0.009 -14"><span class='ocrx_word' id='word_1_177' title='bbox 64 1217 188 1250; x_wconf 83' lang='grc' dir='ltr'>πάντων,</span> <span class='ocrx_word' id='word_1_178' title='bbox 204 1219 248 1246; x_wconf 81' lang='grc' dir='ltr'>ἵνα</span> <span class='ocrx_word' id='word_1_179' title='bbox 276 1218 312 1254; x_wconf 83' lang='grc' dir='ltr'><strong>μὴ</strong></span> <span class='ocrx_word' id='word_1_180' title='bbox 337 1220 512 1256; x_wconf 71' lang='grc' dir='ltr'>κατηγορηθῇ</span> <span class='ocrx_word' id='word_1_181' title='bbox 534 1221 578 1248; x_wconf 73' lang='grc' dir='ltr'><strong>διὰ</strong></span> <span class='ocrx_word' id='word_1_182' title='bbox 594 1221 646 1248; x_wconf 86' lang='grc' dir='ltr'>τῶν</span> <span class='ocrx_word' id='word_1_183' title='bbox 656 1222 790 1258; x_wconf 72' lang='grc' dir='ltr'>δακρύων,</span> <span class='ocrx_word' id='word_1_184' title='bbox 808 1224 854 1251; x_wconf 77' lang='grc' dir='ltr'><strong>καὶ</strong></span> 
     </span>
    </p>
   </div>
   <div class='ocr_carea' id='block_1_28' title="bbox 63 1264 503 1300">
    <p class='ocr_par' dir='ltr' id='par_1_28' title="bbox 63 1264 503 1300">
     <span class='ocr_line' id='line_1_28' title="bbox 63 1264 503 1300; baseline 0.005 -10"><span class='ocrx_word' id='word_1_185' title='bbox 63 1264 175 1299; x_wconf 83' lang='grc' dir='ltr'>γνωσθῇ</span> <span class='ocrx_word' id='word_1_186' title='bbox 193 1264 313 1300; x_wconf 75' lang='grc' dir='ltr'>μαθητὴς</span> <span class='ocrx_word' id='word_1_187' title='bbox 332 1265 414 1291; x_wconf 73' lang='grc' dir='ltr'>αὑτοῦ</span> <span class='ocrx_word' id='word_1_188' title='bbox 425 1264 503 1292; x_wconf 79' lang='grc' dir='ltr'>εἶναι.</span> 
     </span>
    </p>
   </div>
   <div class='ocr_carea' id='block_1_29' title="bbox 105 1305 852 1350">
    <p class='ocr_par' dir='ltr' id='par_1_29' title="bbox 105 1305 852 1350">
     <span class='ocr_line' id='line_1_29' title="bbox 105 1305 852 1350; baseline 0.009 -15"><span class='ocrx_word' id='word_1_189' title='bbox 105 1305 204 1345; x_wconf 82' lang='grc' dir='ltr'>Ἐρὼτ.</span> <span class='ocrx_word' id='word_1_190' title='bbox 214 1310 262 1337; x_wconf 86' lang='grc' dir='ltr'><strong>κδ’.</strong></span> <span class='ocrx_word' id='word_1_191' title='bbox 279 1319 288 1336; x_wconf 84' lang='grc' dir='ltr'><strong>ι</strong></span> <span class='ocrx_word' id='word_1_192' title='bbox 299 1310 457 1338; x_wconf 79' lang='grc' dir='ltr'>Ἐσθιόντων</span> <span class='ocrx_word' id='word_1_193' title='bbox 465 1312 494 1338; x_wconf 85' lang='grc' dir='ltr'>δὲ</span> <span class='ocrx_word' id='word_1_194' title='bbox 509 1310 586 1339; x_wconf 83' lang='grc' dir='ltr'>εἶπεν</span> <span class='ocrx_word' id='word_1_195' title='bbox 599 1313 690 1345; x_wconf 68' lang='grc' dir='ltr'>αὐτοῖς</span> <span class='ocrx_word' id='word_1_196' title='bbox 703 1315 717 1341; x_wconf 78' lang='grc' dir='ltr'><strong>ὁ</strong></span> <span class='ocrx_word' id='word_1_197' title='bbox 726 1314 852 1350; x_wconf 79' lang='grc' dir='ltr'>Χριστὸς,</span> 
     </span>
    </p>
   </div>
   <div class='ocr_carea' id='block_1_30' title="bbox 64 1353 854 1393">
    <p class='ocr_par' dir='ltr' id='par_1_30' title="bbox 64 1353 854 1393">
     <span class='ocr_line' id='line_1_30' title="bbox 64 1353 854 1393; baseline 0.008 -12"><span class='ocrx_word' id='word_1_198' title='bbox 64 1355 108 1382; x_wconf 82' lang='grc' dir='ltr'>ὃτι</span> <span class='ocrx_word' id='word_1_199' title='bbox 134 1353 182 1387; x_wconf 79' lang='grc' dir='ltr'>Εἷς</span> <span class='ocrx_word' id='word_1_200' title='bbox 201 1355 231 1388; x_wconf 79' lang='grc' dir='ltr'>ὲξ</span> <span class='ocrx_word' id='word_1_201' title='bbox 244 1356 319 1391; x_wconf 80' lang='grc' dir='ltr'><strong>ὑμῶν</strong></span> <span class='ocrx_word' id='word_1_202' title='bbox 338 1357 493 1393; x_wconf 77' lang='grc' dir='ltr'>παραδώσει</span> <span class='ocrx_word' id='word_1_203' title='bbox 508 1367 552 1393; x_wconf 87' lang='grc' dir='ltr'><strong>με.</strong></span> <span class='ocrx_word' id='word_1_204' title='bbox 574 1368 583 1384; x_wconf 75' lang='grc' dir='ltr'><strong>ι</strong></span> <span class='ocrx_word' id='word_1_205' title='bbox 600 1359 648 1386; x_wconf 75' lang='grc' dir='ltr'>Διὰ</span> <span class='ocrx_word' id='word_1_206' title='bbox 664 1359 700 1391; x_wconf 82' lang='grc' dir='ltr'><strong>τί,</strong></span> <span class='ocrx_word' id='word_1_207' title='bbox 711 1360 854 1387; x_wconf 75' lang='grc' dir='ltr'>ἐσθιόντων</span> 
     </span>
    </p>
   </div>
   <div class='ocr_carea' id='block_1_31' title="bbox 64 1401 752 1440">
    <p class='ocr_par' dir='ltr' id='par_1_31' title="bbox 64 1401 752 1440">
     <span class='ocr_line' id='line_1_31' title="bbox 64 1401 752 1440; baseline 0.007 -13"><span class='ocrx_word' id='word_1_208' title='bbox 64 1401 166 1434; x_wconf 69' lang='grc' dir='ltr'>αὐτῶν,</span> <span class='ocrx_word' id='word_1_209' title='bbox 179 1403 304 1437; x_wconf 74' lang='grc' dir='ltr'>περὶτῆς</span> <span class='ocrx_word' id='word_1_210' title='bbox 317 1404 458 1439; x_wconf 82' lang='grc' dir='ltr'>προδοσίας</span> <span class='ocrx_word' id='word_1_211' title='bbox 474 1405 565 1436; x_wconf 83' lang='grc' dir='ltr'>αὐτοῖς</span> <span class='ocrx_word' id='word_1_212' title='bbox 582 1405 752 1440; x_wconf 79' lang='grc' dir='ltr'>διαλέγεται;</span> 
     </span>
    </p>
   </div>
   <div class='ocr_carea' id='block_1_32' title="bbox 103 1444 853 1487">
    <p class='ocr_par' dir='ltr' id='par_1_32' title="bbox 103 1444 853 1487">
     <span class='ocr_line' id='line_1_32' title="bbox 103 1444 853 1487; baseline 0.007 -13"><span class='ocrx_word' id='word_1_213' title='bbox 103 1444 202 1474; x_wconf 73' lang='grc' dir='ltr'>Ἀπόκ.</span> <span class='ocrx_word' id='word_1_214' title='bbox 216 1448 275 1475; x_wconf 84' lang='grc' dir='ltr'>Ἵνα</span> <span class='ocrx_word' id='word_1_215' title='bbox 288 1449 398 1476; x_wconf 79' lang='grc' dir='ltr'>καὶὰπδ</span> <span class='ocrx_word' id='word_1_216' title='bbox 412 1449 459 1476; x_wconf 80' lang='grc' dir='ltr'><strong>τοῦ</strong></span> <span class='ocrx_word' id='word_1_217' title='bbox 475 1449 572 1486; x_wconf 80' lang='grc' dir='ltr'>καιροῦ</span> <span class='ocrx_word' id='word_1_218' title='bbox 588 1451 634 1477; x_wconf 75' lang='grc' dir='ltr'>καὶ</span> <span class='ocrx_word' id='word_1_219' title='bbox 652 1451 702 1486; x_wconf 83' lang='grc' dir='ltr'>τῆς</span> <span class='ocrx_word' id='word_1_220' title='bbox 715 1451 853 1487; x_wconf 75' lang='grc' dir='ltr'>τραπέζης</span> 
     </span>
    </p>
   </div>
   <div class='ocr_carea' id='block_1_33' title="bbox 63 1491 852 1532">
    <p class='ocr_par' dir='ltr' id='par_1_33' title="bbox 63 1491 852 1532">
     <span class='ocr_line' id='line_1_33' title="bbox 63 1491 852 1532; baseline 0.008 -14"><span class='ocrx_word' id='word_1_221' title='bbox 63 1491 139 1529; x_wconf 79' lang='grc' dir='ltr'>δείξῃ</span> <span class='ocrx_word' id='word_1_222' title='bbox 154 1492 203 1529; x_wconf 86' lang='grc' dir='ltr'>τὴν</span> <span class='ocrx_word' id='word_1_223' title='bbox 218 1494 349 1529; x_wconf 79' lang='grc' dir='ltr'>πονηρίαν</span> <span class='ocrx_word' id='word_1_224' title='bbox 359 1494 407 1521; x_wconf 82' lang='grc' dir='ltr'>τοῦ</span> <span class='ocrx_word' id='word_1_225' title='bbox 424 1495 564 1531; x_wconf 83' lang='grc' dir='ltr'>προδότου.</span> <span class='ocrx_word' id='word_1_226' title='bbox 576 1496 631 1523; x_wconf 80' lang='grc' dir='ltr'><strong>Καὶ</strong></span> <span class='ocrx_word' id='word_1_227' title='bbox 644 1496 697 1532; x_wconf 77' lang='grc' dir='ltr'>γὰρ</span> <span class='ocrx_word' id='word_1_228' title='bbox 712 1497 758 1524; x_wconf 81' lang='grc' dir='ltr'>καὶ</span> <span class='ocrx_word' id='word_1_229' title='bbox 772 1497 852 1530; x_wconf 74' lang='grc' dir='ltr'>αὐτὸς</span> 
     </span>
    </p>
   </div>
   <div class='ocr_carea' id='block_1_34' title="bbox 66 1535 241 1574">
    <p class='ocr_par' dir='ltr' id='par_1_34' title="bbox 66 1535 241 1574">
     <span class='ocr_line' id='line_1_34' title="bbox 66 1535 241 1574; baseline 0.011 -10"><span class='ocrx_word' id='word_1_230' title='bbox 66 1539 126 1565; x_wconf 74' lang='grc' dir='ltr'><strong>ἐκεῖ</strong></span> <span class='ocrx_word' id='word_1_231' title='bbox 139 1535 241 1574; x_wconf 74' lang='grc' dir='ltr'>παρῆν.</span> 
     </span>
    </p>
   </div>
   <div class='ocr_carea' id='block_1_35' title="bbox 107 1581 853 1622">
    <p class='ocr_par' dir='ltr' id='par_1_35' title="bbox 107 1581 853 1622">
     <span class='ocr_line' id='line_1_35' title="bbox 107 1581 853 1622; baseline 0.004 -12"><span class='ocrx_word' id='word_1_232' title='bbox 107 1583 203 1618; x_wconf 80' lang='grc' dir='ltr'>Ἐρώτ.</span> <span class='ocrx_word' id='word_1_233' title='bbox 220 1587 269 1612; x_wconf 84' lang='grc' dir='ltr'><strong>κε’.</strong></span> <span class='ocrx_word' id='word_1_234' title='bbox 290 1593 299 1609; x_wconf 80' lang='grc' dir='ltr'><strong>ι</strong></span> <span class='ocrx_word' id='word_1_235' title='bbox 319 1581 367 1616; x_wconf 73' lang='grc' dir='ltr'><strong>Εἷς</strong></span> <span class='ocrx_word' id='word_1_236' title='bbox 382 1583 412 1617; x_wconf 69' lang='grc' dir='ltr'><strong>ἐξ</strong></span> <span class='ocrx_word' id='word_1_237' title='bbox 422 1585 498 1621; x_wconf 82' lang='grc' dir='ltr'>ὑμῶν</span> <span class='ocrx_word' id='word_1_238' title='bbox 509 1585 663 1622; x_wconf 86' lang='grc' dir='ltr'>παραδώσει</span> <span class='ocrx_word' id='word_1_239' title='bbox 679 1595 724 1622; x_wconf 85' lang='grc' dir='ltr'><strong>με.</strong></span> <span class='ocrx_word' id='word_1_240' title='bbox 740 1595 749 1613; x_wconf 79' lang='grc' dir='ltr'><strong>ι</strong></span> <span class='ocrx_word' id='word_1_241' title='bbox 764 1587 812 1614; x_wconf 84' lang='grc' dir='ltr'>Διὰ</span> <span class='ocrx_word' id='word_1_242' title='bbox 827 1586 853 1613; x_wconf 85' lang='grc' dir='ltr'><strong>τί</strong></span> 
     </span>
    </p>
   </div>
   <div class='ocr_carea' id='block_1_36' title="bbox 65 1627 854 1668">
    <p class='ocr_par' dir='ltr' id='par_1_36' title="bbox 65 1627 854 1668">
     <span class='ocr_line' id='line_1_36' title="bbox 65 1627 854 1668; baseline 0.005 -13"><span class='ocrx_word' id='word_1_243' title='bbox 65 1628 116 1655; x_wconf 75' lang='grc' dir='ltr'>οὐκ</span> <span class='ocrx_word' id='word_1_244' title='bbox 126 1627 211 1656; x_wconf 69' lang='grc' dir='ltr'>εἶπενι</span> <span class='ocrx_word' id='word_1_245' title='bbox 227 1630 255 1657; x_wconf 92' lang='lat'><strong>&#39;0</strong></span> <span class='ocrx_word' id='word_1_246' title='bbox 267 1630 341 1657; x_wconf 78' lang='grc' dir='ltr'>δεῖνά</span> <span class='ocrx_word' id='word_1_247' title='bbox 359 1639 392 1666; x_wconf 89' lang='grc' dir='ltr'>με</span> <span class='ocrx_word' id='word_1_248' title='bbox 406 1631 572 1667; x_wconf 84' lang='grc' dir='ltr'>παραδώσει·</span> <span class='ocrx_word' id='word_1_249' title='bbox 585 1632 641 1659; x_wconf 78' lang='grc' dir='ltr'><strong>ἀλλ’</strong></span> <span class='ocrx_word' id='word_1_250' title='bbox 654 1642 663 1658; x_wconf 72' lang='grc' dir='ltr'><strong>ι</strong></span> <span class='ocrx_word' id='word_1_251' title='bbox 676 1631 722 1664; x_wconf 80' lang='grc' dir='ltr'><strong>Εἷς</strong></span> <span class='ocrx_word' id='word_1_252' title='bbox 737 1631 767 1664; x_wconf 74' lang='grc' dir='ltr'>ἐξ</span> <span class='ocrx_word' id='word_1_253' title='bbox 777 1631 854 1668; x_wconf 85' lang='grc' dir='ltr'><strong>ὑμῶν</strong></span> 
     </span>
    </p>
   </div>
   <div class='ocr_carea' id='block_1_37' title="bbox 66 1674 704 1711">
    <p class='ocr_par' dir='ltr' id='par_1_37' title="bbox 66 1674 704 1711">
     <span class='ocr_line' id='line_1_37' title="bbox 66 1674 704 1711; baseline 0.005 -11"><span class='ocrx_word' id='word_1_254' title='bbox 66 1674 222 1709; x_wconf 82' lang='grc' dir='ltr'>παραδώσει</span> <span class='ocrx_word' id='word_1_255' title='bbox 235 1683 280 1710; x_wconf 84' lang='grc' dir='ltr'>με,</span> <span class='ocrx_word' id='word_1_256' title='bbox 295 1684 304 1700; x_wconf 78' lang='grc' dir='ltr'><strong>ι</strong></span> <span class='ocrx_word' id='word_1_257' title='bbox 324 1675 480 1711; x_wconf 83' lang='grc' dir='ltr'>φειδόμενος</span> <span class='ocrx_word' id='word_1_258' title='bbox 493 1677 540 1702; x_wconf 77' lang='grc' dir='ltr'>καὶ</span> <span class='ocrx_word' id='word_1_259' title='bbox 555 1676 583 1702; x_wconf 83' lang='grc' dir='ltr'>ὲν</span> <span class='ocrx_word' id='word_1_260' title='bbox 598 1676 684 1711; x_wconf 81' lang='grc' dir='ltr'>τούτῳ</span> <span class='ocrx_word' id='word_1_261' title='bbox 697 1685 704 1709; x_wconf 86' lang='grc'>;</span> 
     </span>
    </p>
   </div>
   <div class='ocr_carea' id='block_1_38' title="bbox 105 1716 850 1757">
    <p class='ocr_par' dir='ltr' id='par_1_38' title="bbox 105 1716 850 1757">
     <span class='ocr_line' id='line_1_38' title="bbox 105 1716 850 1757; baseline 0.004 -12"><span class='ocrx_word' id='word_1_262' title='bbox 105 1716 202 1746; x_wconf 78' lang='grc' dir='ltr'>Ἀπόκ.</span> <span class='ocrx_word' id='word_1_263' title='bbox 221 1720 378 1756; x_wconf 80' lang='grc' dir='ltr'>Φειδόμενος</span> <span class='ocrx_word' id='word_1_264' title='bbox 397 1722 445 1748; x_wconf 73' lang='grc' dir='ltr'>καὶ</span> <span class='ocrx_word' id='word_1_265' title='bbox 469 1722 498 1748; x_wconf 86' lang='grc' dir='ltr'>ὲν</span> <span class='ocrx_word' id='word_1_266' title='bbox 515 1721 602 1757; x_wconf 82' lang='grc' dir='ltr'>τούτῳ</span> <span class='ocrx_word' id='word_1_267' title='bbox 627 1721 675 1748; x_wconf 76' lang='grc' dir='ltr'>τοῦ</span> <span class='ocrx_word' id='word_1_268' title='bbox 702 1722 831 1756; x_wconf 79' lang='grc' dir='ltr'>προδότου</span> <span class='ocrx_word' id='word_1_269' title='bbox 843 1730 850 1737; x_wconf 88' lang='grc'><strong>·</strong></span> 
     </span>
    </p>
   </div>
   <div class='ocr_carea' id='block_1_39' title="bbox 64 1765 853 1802">
    <p class='ocr_par' dir='ltr' id='par_1_39' title="bbox 64 1765 853 1802">
     <span class='ocr_line' id='line_1_39' title="bbox 64 1765 853 1802; baseline 0.003 -10"><span class='ocrx_word' id='word_1_270' title='bbox 64 1765 137 1792; x_wconf 83' lang='grc' dir='ltr'>ὥστε</span> <span class='ocrx_word' id='word_1_271' title='bbox 153 1766 234 1793; x_wconf 82' lang='grc' dir='ltr'>πάλιν</span> <span class='ocrx_word' id='word_1_272' title='bbox 244 1766 335 1793; x_wconf 83' lang='grc' dir='ltr'>δοῦναι</span> <span class='ocrx_word' id='word_1_273' title='bbox 363 1767 436 1802; x_wconf 75' lang='grc' dir='ltr'>αὐτῷ</span> <span class='ocrx_word' id='word_1_274' title='bbox 450 1767 594 1802; x_wconf 79' lang='grc' dir='ltr'>μετανοίας</span> <span class='ocrx_word' id='word_1_275' title='bbox 609 1767 733 1800; x_wconf 73' lang='grc' dir='ltr'>ἐξουσίαν</span> <span class='ocrx_word' id='word_1_276' title='bbox 748 1767 795 1794; x_wconf 82' lang='grc' dir='ltr'>τοῦ</span> <span class='ocrx_word' id='word_1_277' title='bbox 807 1767 853 1794; x_wconf 85' lang='grc' dir='ltr'><strong>λα-</strong></span> 
     </span>
    </p>
   </div>
   <div class='ocr_carea' id='block_1_40' title="bbox 65 1812 852 1850">
    <p class='ocr_par' dir='ltr' id='par_1_40' title="bbox 65 1812 852 1850">
     <span class='ocr_line' id='line_1_40' title="bbox 65 1812 852 1850; baseline 0.003 -12"><span class='ocrx_word' id='word_1_278' title='bbox 65 1812 134 1839; x_wconf 85' lang='grc' dir='ltr'>θεῖν.</span> <span class='ocrx_word' id='word_1_279' title='bbox 154 1812 209 1838; x_wconf 78' lang='grc' dir='ltr'><strong>Καὶ</strong></span> <span class='ocrx_word' id='word_1_280' title='bbox 226 1814 344 1848; x_wconf 74' lang='grc' dir='ltr'>αἱρεῖται</span> <span class='ocrx_word' id='word_1_281' title='bbox 363 1813 480 1849; x_wconf 76' lang='grc' dir='ltr'>φοϐῆσαι</span> <span class='ocrx_word' id='word_1_282' title='bbox 495 1813 618 1845; x_wconf 74' lang='grc' dir='ltr'>ἅπαντας</span> <span class='ocrx_word' id='word_1_283' title='bbox 644 1814 714 1850; x_wconf 81' lang='grc' dir='ltr'>ὑπὲρ</span> <span class='ocrx_word' id='word_1_284' title='bbox 727 1814 774 1840; x_wconf 86' lang='grc' dir='ltr'>τοῦ</span> <span class='ocrx_word' id='word_1_285' title='bbox 793 1813 852 1840; x_wconf 87' lang='grc' dir='ltr'>δια-</span> 
     </span>
    </p>
   </div>
   <div class='ocr_carea' id='block_1_41' title="bbox 69 1859 270 1886">
    <p class='ocr_par' dir='ltr' id='par_1_41' title="bbox 69 1859 270 1886">
     <span class='ocr_line' id='line_1_41' title="bbox 69 1859 270 1886; baseline 0.01 -2"><span class='ocrx_word' id='word_1_286' title='bbox 69 1859 156 1885; x_wconf 83' lang='grc' dir='ltr'>σῶσαι</span> <span class='ocrx_word' id='word_1_287' title='bbox 165 1859 270 1886; x_wconf 75' lang='grc' dir='ltr'>τοῦτον.</span> 
     </span>
    </p>
   </div>
   <div class='ocr_carea' id='block_1_42' title="bbox 111 1912 853 1950">
    <p class='ocr_par' dir='ltr' id='par_1_42' title="bbox 111 1912 853 1950">
     <span class='ocr_line' id='line_1_42' title="bbox 111 1912 853 1950; baseline 0.003 -10"><span class='ocrx_word' id='word_1_288' title='bbox 111 1914 207 1949; x_wconf 87' lang='grc' dir='ltr'>Ἐρώτ.</span> <span class='ocrx_word' id='word_1_289' title='bbox 219 1918 274 1947; x_wconf 65' lang='grc' dir='ltr'><strong>ις’.</strong></span> <span class='ocrx_word' id='word_1_290' title='bbox 287 1924 296 1940; x_wconf 82' lang='lat' dir='ltr'><strong>r</strong></span> <span class='ocrx_word' id='word_1_291' title='bbox 308 1912 397 1942; x_wconf 86' lang='grc' dir='ltr'>Ἦσαν</span> <span class='ocrx_word' id='word_1_292' title='bbox 409 1915 438 1942; x_wconf 82' lang='grc' dir='ltr'>δὲ</span> <span class='ocrx_word' id='word_1_293' title='bbox 451 1915 499 1943; x_wconf 76' lang='grc' dir='ltr'>καὶ</span> <span class='ocrx_word' id='word_1_294' title='bbox 514 1917 541 1942; x_wconf 84' lang='grc' dir='ltr'>αἱ</span> <span class='ocrx_word' id='word_1_295' title='bbox 552 1916 678 1950; x_wconf 84' lang='grc' dir='ltr'>γυναῖκες</span> <span class='ocrx_word' id='word_1_296' title='bbox 692 1916 853 1942; x_wconf 82' lang='grc' dir='ltr'>συνακολου-</span> 
     </span>
    </p>
   </div>
   <div class='ocr_carea' id='block_1_43' title="bbox 63 1962 854 1998">
    <p class='ocr_par' dir='ltr' id='par_1_43' title="bbox 63 1962 854 1998">
     <span class='ocr_line' id='line_1_43' title="bbox 63 1962 854 1998; baseline 0.001 -10"><span class='ocrx_word' id='word_1_297' title='bbox 63 1962 184 1998; x_wconf 85' lang='grc' dir='ltr'>θήσασαι</span> <span class='ocrx_word' id='word_1_298' title='bbox 197 1962 250 1988; x_wconf 83' lang='grc' dir='ltr'><strong>ἀπὸ</strong></span> <span class='ocrx_word' id='word_1_299' title='bbox 265 1962 314 1997; x_wconf 80' lang='grc' dir='ltr'>τῆς</span> <span class='ocrx_word' id='word_1_300' title='bbox 330 1962 482 1994; x_wconf 76' lang='grc' dir='ltr'>Γαλιλαίας.</span> <span class='ocrx_word' id='word_1_301' title='bbox 503 1972 512 1988; x_wconf 83' lang='grc'><strong>)</strong></span> <span class='ocrx_word' id='word_1_302' title='bbox 530 1962 579 1989; x_wconf 81' lang='grc' dir='ltr'>Διὰ</span> <span class='ocrx_word' id='word_1_303' title='bbox 599 1962 625 1989; x_wconf 81' lang='grc' dir='ltr'><strong>τί</strong></span> <span class='ocrx_word' id='word_1_304' title='bbox 646 1963 780 1998; x_wconf 78' lang='grc' dir='ltr'>μέμνηται</span> <span class='ocrx_word' id='word_1_305' title='bbox 800 1963 854 1990; x_wconf 81' lang='grc' dir='ltr'>τῶν</span> 
     </span>
    </p>
   </div>
   <div class='ocr_carea' id='block_1_44' title="bbox 63 2007 660 2044">
    <p class='ocr_par' dir='ltr' id='par_1_44' title="bbox 63 2007 660 2044">
     <span class='ocr_line' id='line_1_44' title="bbox 63 2007 660 2044; baseline -0.002 -10"><span class='ocrx_word' id='word_1_306' title='bbox 63 2007 203 2042; x_wconf 76' lang='grc' dir='ltr'>γυναικῶν</span> <span class='ocrx_word' id='word_1_307' title='bbox 219 2008 272 2034; x_wconf 84' lang='grc' dir='ltr'><strong>τῶν</strong></span> <span class='ocrx_word' id='word_1_308' title='bbox 281 2008 556 2044; x_wconf 78' lang='grc' dir='ltr'>συνακολουθησασῶν</span> <span class='ocrx_word' id='word_1_309' title='bbox 571 2008 660 2042; x_wconf 83' lang='grc' dir='ltr'>αὺτῷ;</span> 
     </span>
    </p>
   </div>
   <div class='ocr_carea' id='block_1_45' title="bbox 100 2052 852 2090">
    <p class='ocr_par' dir='ltr' id='par_1_45' title="bbox 100 2052 852 2090">
     <span class='ocr_line' id='line_1_45' title="bbox 100 2052 852 2090; baseline 0.001 -11"><span class='ocrx_word' id='word_1_310' title='bbox 100 2052 196 2079; x_wconf 78' lang='grc' dir='ltr'>Ἀπόκ.</span> <span class='ocrx_word' id='word_1_311' title='bbox 213 2054 306 2084; x_wconf 72' lang='grc' dir='ltr'>Ὅπως</span> <span class='ocrx_word' id='word_1_312' title='bbox 320 2053 393 2090; x_wconf 81' lang='grc' dir='ltr'>δείξῃ</span> <span class='ocrx_word' id='word_1_313' title='bbox 403 2054 452 2089; x_wconf 76' lang='grc' dir='ltr'>τὴν</span> <span class='ocrx_word' id='word_1_314' title='bbox 466 2054 565 2090; x_wconf 80' lang='grc' dir='ltr'>πολλὴν</span> <span class='ocrx_word' id='word_1_315' title='bbox 578 2053 666 2080; x_wconf 79' lang='grc' dir='ltr'>αὐτῶν</span> <span class='ocrx_word' id='word_1_316' title='bbox 678 2053 852 2089; x_wconf 83' lang='grc' dir='ltr'>προσεδρίαν,</span> 
     </span>
    </p>
   </div>
   <div class='ocr_carea' id='block_1_46' title="bbox 62 2098 853 2134">
    <p class='ocr_par' dir='ltr' id='par_1_46' title="bbox 62 2098 853 2134">
     <span class='ocr_line' id='line_1_46' title="bbox 62 2098 853 2134; baseline 0.001 -10"><span class='ocrx_word' id='word_1_317' title='bbox 62 2098 112 2124; x_wconf 77' lang='grc' dir='ltr'><strong>καὶ</strong></span> <span class='ocrx_word' id='word_1_318' title='bbox 128 2098 169 2124; x_wconf 84' lang='grc' dir='ltr'>ὅτι</span> <span class='ocrx_word' id='word_1_319' title='bbox 203 2098 283 2134; x_wconf 82' lang='grc' dir='ltr'>μέχρι</span> <span class='ocrx_word' id='word_1_320' title='bbox 305 2098 358 2125; x_wconf 85' lang='grc' dir='ltr'>τῶν</span> <span class='ocrx_word' id='word_1_321' title='bbox 383 2098 513 2126; x_wconf 78' lang='grc' dir='ltr'>κινδύνων</span> <span class='ocrx_word' id='word_1_322' title='bbox 528 2100 665 2134; x_wconf 69' lang='grc' dir='ltr'>παρῆσαν.</span> <span class='ocrx_word' id='word_1_323' title='bbox 683 2099 747 2125; x_wconf 79' lang='grc' dir='ltr'><strong>Ὅτε</strong></span> <span class='ocrx_word' id='word_1_324' title='bbox 759 2099 813 2134; x_wconf 77' lang='grc' dir='ltr'>γὰρ</span> <span class='ocrx_word' id='word_1_325' title='bbox 829 2100 853 2125; x_wconf 80' lang='grc' dir='ltr'>οἱ</span> 
     </span>
    </p>
   </div>
   <div class='ocr_carea' id='block_1_47' title="bbox 65 2141 673 2180">
    <p class='ocr_par' dir='ltr' id='par_1_47' title="bbox 65 2141 673 2180">
     <span class='ocr_line' id='line_1_47' title="bbox 65 2141 673 2180; baseline 0 -10"><span class='ocrx_word' id='word_1_326' title='bbox 65 2144 187 2179; x_wconf 77' lang='grc' dir='ltr'>μαθηταὶ</span> <span class='ocrx_word' id='word_1_327' title='bbox 204 2144 314 2178; x_wconf 75' lang='grc' dir='ltr'>ἔφυγον,</span> <span class='ocrx_word' id='word_1_328' title='bbox 332 2141 412 2171; x_wconf 69' lang='grc' dir='ltr'>αὗται</span> <span class='ocrx_word' id='word_1_329' title='bbox 428 2145 673 2180; x_wconf 82' lang='grc' dir='ltr'>προσεκαρτέρουν.</span> 
     </span>
    </p>
   </div>
   <div class='ocr_carea' id='block_1_48' title="bbox 907 227 1692 268">
    <p class='ocr_par' dir='ltr' id='par_1_48' title="bbox 907 227 1692 268">
     <span class='ocr_line' id='line_1_48' title="bbox 907 227 1692 268; baseline 0.005 -14"><span class='ocrx_word' id='word_1_330' title='bbox 907 227 949 255; x_wconf 86' lang='lat' dir='ltr'><strong>bis</strong></span> <span class='ocrx_word' id='word_1_331' title='bbox 962 228 995 255; x_wconf 84' lang='lat'><strong>&quot;.</strong></span> <span class='ocrx_word' id='word_1_332' title='bbox 1017 238 1026 254; x_wconf 72' lang='grc' dir='ltr'><strong>ι</strong></span> <span class='ocrx_word' id='word_1_333' title='bbox 1043 227 1131 261; x_wconf 88' lang='lat' dir='ltr'><strong>Quare</strong></span> <span class='ocrx_word' id='word_1_334' title='bbox 1152 228 1295 256; x_wconf 73' lang='lat' dir='ltr'><strong>Matthaeus</strong></span> <span class='ocrx_word' id='word_1_335' title='bbox 1312 229 1362 268; x_wconf 80' lang='lat' dir='ltr'><strong>_ait</strong></span> <span class='ocrx_word' id='word_1_336' title='bbox 1384 229 1487 257; x_wconf 79' lang='lat' dir='ltr'><strong>dixisse</strong></span> <span class='ocrx_word' id='word_1_337' title='bbox 1510 230 1590 258; x_wconf 88' lang='lat' dir='ltr'><strong>Petro</strong></span> <span class='ocrx_word' id='word_1_338' title='bbox 1611 231 1692 258; x_wconf 80' lang='lat' dir='ltr'><strong>Chri-</strong></span> 
     </span>
    </p>
   </div>
   <div class='ocr_carea' id='block_1_49' title="bbox 907 274 1688 311">
    <p class='ocr_par' dir='ltr' id='par_1_49' title="bbox 907 274 1688 311">
     <span class='ocr_line' id='line_1_49' title="bbox 907 274 1688 311; baseline 0.003 -11"><span class='ocrx_word' id='word_1_339' title='bbox 907 277 978 300; x_wconf 89' lang='lat' dir='ltr'><strong>stum</strong></span> <span class='ocrx_word' id='word_1_340' title='bbox 994 281 1000 299; x_wconf 91' lang='lat'><strong>:</strong></span> <span class='ocrx_word' id='word_1_341' title='bbox 1015 283 1024 300; x_wconf 82' lang='grc' dir='ltr'><strong>ι</strong></span> <span class='ocrx_word' id='word_1_342' title='bbox 1038 274 1189 309; x_wconf 75' lang='lat' dir='ltr'><strong>Antequam</strong></span> <span class='ocrx_word' id='word_1_343' title='bbox 1202 274 1289 309; x_wconf 78' lang='lat' dir='ltr'><strong>gallus</strong></span> <span class='ocrx_word' id='word_1_344' title='bbox 1302 279 1393 302; x_wconf 85' lang='lat' dir='ltr'><strong>cantet</strong></span> <span class='ocrx_word' id='word_1_345' title='bbox 1402 279 1443 302; x_wconf 87' lang='lat' dir='ltr'><strong>ter</strong></span> <span class='ocrx_word' id='word_1_346' title='bbox 1450 284 1493 303; x_wconf 91' lang='lat' dir='ltr'><strong>me</strong></span> <span class='ocrx_word' id='word_1_347' title='bbox 1504 276 1617 311; x_wconf 81' lang='lat' dir='ltr'><strong>negabis</strong></span> <span class='ocrx_word' id='word_1_348' title='bbox 1626 275 1667 303; x_wconf 77' lang='lat' dir='ltr'><strong>&quot;&#39;l</strong></span> <span class='ocrx_word' id='word_1_349' title='bbox 1677 286 1688 302; x_wconf 75' lang='grc' dir='ltr'><strong>ι</strong></span> 
     </span>
    </p>
   </div>
   <div class='ocr_carea' id='block_1_50' title="bbox 907 319 1691 357">
    <p class='ocr_par' dir='ltr' id='par_1_50' title="bbox 907 319 1691 357">
     <span class='ocr_line' id='line_1_50' title="bbox 907 319 1691 357; baseline 0.005 -12"><span class='ocrx_word' id='word_1_350' title='bbox 907 319 1013 347; x_wconf 78' lang='lat' dir='ltr'><strong>Marcus</strong></span> <span class='ocrx_word' id='word_1_351' title='bbox 1027 325 1126 350; x_wconf 86' lang='lat' dir='ltr'><strong>autem.</strong></span> <span class='ocrx_word' id='word_1_352' title='bbox 1142 321 1213 355; x_wconf 92' lang='lat' dir='ltr'><strong>quod</strong></span> <span class='ocrx_word' id='word_1_353' title='bbox 1228 328 1289 347; x_wconf 91' lang='lat' dir='ltr'><strong>cum</strong></span> <span class='ocrx_word' id='word_1_354' title='bbox 1307 321 1390 348; x_wconf 87' lang='lat' dir='ltr'><strong>semel</strong></span> <span class='ocrx_word' id='word_1_355' title='bbox 1405 327 1540 357; x_wconf 76' lang='lat' dir='ltr'><strong>negasset,</strong></span> <span class='ocrx_word' id='word_1_356' title='bbox 1557 327 1621 349; x_wconf 87' lang='lat' dir='ltr'><strong>tunc</strong></span> <span class='ocrx_word' id='word_1_357' title='bbox 1633 323 1691 357; x_wconf 89' lang='lat' dir='ltr'><strong>pri-</strong></span> 
     </span>
    </p>
   </div>
   <div class='ocr_carea' id='block_1_51' title="bbox 906 364 1687 403">
    <p class='ocr_par' dir='ltr' id='par_1_51' title="bbox 906 364 1687 403">
     <span class='ocr_line' id='line_1_51' title="bbox 906 364 1687 403; baseline 0.004 -12"><span class='ocrx_word' id='word_1_358' title='bbox 906 364 980 391; x_wconf 82' lang='lat' dir='ltr'><strong>mum</strong></span> <span class='ocrx_word' id='word_1_359' title='bbox 997 366 1147 393; x_wconf 79' lang='lat' dir='ltr'><strong>cantavcrit</strong></span> <span class='ocrx_word' id='word_1_360' title='bbox 1166 366 1253 401; x_wconf 82' lang='lat' dir='ltr'><strong>gallus</strong></span> <span class='ocrx_word' id='word_1_361' title='bbox 1268 374 1274 392; x_wconf 73' lang='grc' dir='ltr'>ε</span> <span class='ocrx_word' id='word_1_362' title='bbox 1288 374 1350 393; x_wconf 86' lang='lat' dir='ltr'><strong>cum</strong></span> <span class='ocrx_word' id='word_1_363' title='bbox 1377 371 1467 394; x_wconf 82' lang='lat' dir='ltr'><strong>autent</strong></span> <span class='ocrx_word' id='word_1_364' title='bbox 1487 372 1529 395; x_wconf 88' lang='lat' dir='ltr'><strong>ter</strong></span> <span class='ocrx_word' id='word_1_365' title='bbox 1549 372 1687 403; x_wconf 73' lang='lat' dir='ltr'><strong>negasset,</strong></span> 
     </span>
    </p>
   </div>
   <div class='ocr_carea' id='block_1_52' title="bbox 906 411 1688 449">
    <p class='ocr_par' dir='ltr' id='par_1_52' title="bbox 906 411 1688 449">
     <span class='ocr_line' id='line_1_52' title="bbox 906 411 1688 449; baseline 0.005 -12"><span class='ocrx_word' id='word_1_366' title='bbox 906 414 972 437; x_wconf 89' lang='lat' dir='ltr'><strong>tunc</strong></span> <span class='ocrx_word' id='word_1_367' title='bbox 993 411 1113 438; x_wconf 86' lang='lat' dir='ltr'><strong>secundo</strong></span> <span class='ocrx_word' id='word_1_368' title='bbox 1134 412 1303 439; x_wconf 82' lang='lat' dir='ltr'><strong>cantavcrit?</strong></span> <span class='ocrx_word' id='word_1_369' title='bbox 1319 412 1462 446; x_wconf 86' lang='lat' dir='ltr'><strong>Quomodo</strong></span> <span class='ocrx_word' id='word_1_370' title='bbox 1478 418 1623 449; x_wconf 89' lang='lat' dir='ltr'><strong>utrumque</strong></span> <span class='ocrx_word' id='word_1_371' title='bbox 1640 422 1688 442; x_wconf 83' lang='lat' dir='ltr'><strong>ve-</strong></span> 
     </span>
    </p>
   </div>
   <div class='ocr_carea' id='block_1_53' title="bbox 906 457 1058 484">
    <p class='ocr_par' dir='ltr' id='par_1_53' title="bbox 906 457 1058 484">
     <span class='ocr_line' id='line_1_53' title="bbox 906 457 1058 484; baseline 0.007 -1"><span class='ocrx_word' id='word_1_372' title='bbox 906 464 966 483; x_wconf 78' lang='lat' dir='ltr'><strong>rum</strong></span> <span class='ocrx_word' id='word_1_373' title='bbox 983 458 1034 484; x_wconf 91' lang='lat' dir='ltr'><strong>erit</strong></span> <span class='ocrx_word' id='word_1_374' title='bbox 1046 457 1058 484; x_wconf 85' lang='lat'><strong>?</strong></span> 
     </span>
    </p>
   </div>
   <div class='ocr_carea' id='block_1_54' title="bbox 940 512 1688 552">
    <p class='ocr_par' dir='ltr' id='par_1_54' title="bbox 940 512 1688 552">
     <span class='ocr_line' id='line_1_54' title="bbox 940 512 1688 552; baseline 0.009 -13"><span class='ocrx_word' id='word_1_375' title='bbox 940 512 974 539; x_wconf 85' lang='lat' dir='ltr'><strong>R.</strong></span> <span class='ocrx_word' id='word_1_376' title='bbox 987 514 1055 546; x_wconf 86' lang='lat' dir='ltr'><strong>Quia</strong></span> <span class='ocrx_word' id='word_1_377' title='bbox 1070 522 1233 549; x_wconf 82' lang='lat' dir='ltr'><strong>unaquaque</strong></span> <span class='ocrx_word' id='word_1_378' title='bbox 1246 515 1305 543; x_wconf 90' lang='lat' dir='ltr'><strong>vice</strong></span> <span class='ocrx_word' id='word_1_379' title='bbox 1317 519 1358 542; x_wconf 92' lang='lat' dir='ltr'><strong>ter</strong></span> <span class='ocrx_word' id='word_1_380' title='bbox 1371 520 1398 544; x_wconf 87' lang='lat' dir='ltr'><strong>et</strong></span> <span class='ocrx_word' id='word_1_381' title='bbox 1410 520 1508 552; x_wconf 80' lang='lat' dir='ltr'><strong>quater</strong></span> <span class='ocrx_word' id='word_1_382' title='bbox 1521 517 1608 552; x_wconf 83' lang='lat' dir='ltr'><strong>gallus</strong></span> <span class='ocrx_word' id='word_1_383' title='bbox 1624 525 1688 545; x_wconf 87' lang='lat' dir='ltr'><strong>can-</strong></span> 
     </span>
    </p>
   </div>
   <div class='ocr_carea' id='block_1_55' title="bbox 905 560 1688 598">
    <p class='ocr_par' dir='ltr' id='par_1_55' title="bbox 905 560 1688 598">
     <span class='ocr_line' id='line_1_55' title="bbox 905 560 1688 598; baseline 0.006 -13"><span class='ocrx_word' id='word_1_384' title='bbox 905 562 965 586; x_wconf 90' lang='lat' dir='ltr'><strong>tare</strong></span> <span class='ocrx_word' id='word_1_385' title='bbox 981 560 1059 590; x_wconf 85' lang='lat' dir='ltr'><strong>solet,</strong></span> <span class='ocrx_word' id='word_1_386' title='bbox 1078 564 1107 586; x_wconf 85' lang='grc' dir='ltr'><strong>ιιι</strong></span> <span class='ocrx_word' id='word_1_387' title='bbox 1130 561 1283 588; x_wconf 87' lang='lat' dir='ltr'><strong>ostenderet</strong></span> <span class='ocrx_word' id='word_1_388' title='bbox 1305 561 1411 589; x_wconf 85' lang='lat' dir='ltr'><strong>Marcus</strong></span> <span class='ocrx_word' id='word_1_389' title='bbox 1435 570 1604 597; x_wconf 81' lang='lat' dir='ltr'><strong>nequaquam</strong></span> <span class='ocrx_word' id='word_1_390' title='bbox 1625 564 1688 598; x_wconf 77' lang='lat' dir='ltr'><strong>galli</strong></span> 
     </span>
    </p>
   </div>
   <div class='ocr_carea' id='block_1_56' title="bbox 904 605 1689 638">
    <p class='ocr_par' dir='ltr' id='par_1_56' title="bbox 904 605 1689 638">
     <span class='ocr_line' id='line_1_56' title="bbox 904 605 1689 638; baseline 0.008 -8"><span class='ocrx_word' id='word_1_391' title='bbox 904 612 997 632; x_wconf 88' lang='lat' dir='ltr'><strong>vocem</strong></span> <span class='ocrx_word' id='word_1_392' title='bbox 1013 605 1171 633; x_wconf 83' lang='lat' dir='ltr'><strong>cohibuisse</strong></span> <span class='ocrx_word' id='word_1_393' title='bbox 1193 605 1314 638; x_wconf 84' lang='lat' dir='ltr'><strong>Petrum,</strong></span> <span class='ocrx_word' id='word_1_394' title='bbox 1329 610 1357 633; x_wconf 88' lang='lat' dir='ltr'><strong>et</strong></span> <span class='ocrx_word' id='word_1_395' title='bbox 1374 607 1406 633; x_wconf 91' lang='lat' dir='ltr'><strong>ad</strong></span> <span class='ocrx_word' id='word_1_396' title='bbox 1425 608 1583 634; x_wconf 70' lang='lat' dir='ltr'><strong>memoriam</strong></span> <span class='ocrx_word' id='word_1_397' title='bbox 1599 608 1689 636; x_wconf 82' lang='lat' dir='ltr'><strong>Domi-</strong></span> 
     </span>
    </p>
   </div>
   <div class='ocr_carea' id='block_1_57' title="bbox 905 648 1688 683">
    <p class='ocr_par' dir='ltr' id='par_1_57' title="bbox 905 648 1688 683">
     <span class='ocr_line' id='line_1_57' title="bbox 905 648 1688 683; baseline 0.008 -7"><span class='ocrx_word' id='word_1_398' title='bbox 905 650 973 677; x_wconf 72' lang='lat' dir='ltr'><strong>niea:</strong></span> <span class='ocrx_word' id='word_1_399' title='bbox 1007 650 1083 678; x_wconf 85' lang='lat' dir='ltr'><strong>vocis</strong></span> <span class='ocrx_word' id='word_1_400' title='bbox 1114 659 1268 683; x_wconf 78' lang='lat' dir='ltr'><strong>revocasse,</strong></span> <span class='ocrx_word' id='word_1_401' title='bbox 1295 653 1332 678; x_wconf 87' lang='lat' dir='ltr'><strong>ita</strong></span> <span class='ocrx_word' id='word_1_402' title='bbox 1366 648 1473 680; x_wconf 82' lang='lat' dir='ltr'><strong>l&#39;ocutus</strong></span> <span class='ocrx_word' id='word_1_403' title='bbox 1510 657 1562 680; x_wconf 86' lang='lat' dir='ltr'><strong>est.</strong></span> <span class='ocrx_word' id='word_1_404' title='bbox 1586 653 1624 681; x_wconf 89' lang='lat' dir='ltr'><strong>lta</strong></span> <span class='ocrx_word' id='word_1_405' title='bbox 1658 659 1688 682; x_wconf 88' lang='lat' dir='ltr'><strong>ut</strong></span> 
     </span>
    </p>
   </div>
   <div class='ocr_carea' id='block_1_58' title="bbox 904 696 1688 734">
    <p class='ocr_par' dir='ltr' id='par_1_58' title="bbox 904 696 1688 734">
     <span class='ocr_line' id='line_1_58' title="bbox 904 696 1688 734; baseline 0.005 -12"><span class='ocrx_word' id='word_1_406' title='bbox 904 699 1049 730; x_wconf 82' lang='lat' dir='ltr'><strong>utrumque</strong></span> <span class='ocrx_word' id='word_1_407' title='bbox 1075 696 1110 723; x_wconf 87' lang='lat' dir='ltr'><strong>sit</strong></span> <span class='ocrx_word' id='word_1_408' title='bbox 1125 704 1230 724; x_wconf 89' lang='lat' dir='ltr'><strong>verum.</strong></span> <span class='ocrx_word' id='word_1_409' title='bbox 1251 697 1403 732; x_wconf 76' lang='lat' dir='ltr'><strong>Antequam</strong></span> <span class='ocrx_word' id='word_1_410' title='bbox 1429 698 1502 725; x_wconf 86' lang='lat' dir='ltr'><strong>enim</strong></span> <span class='ocrx_word' id='word_1_411' title='bbox 1527 707 1576 733; x_wconf 87' lang='lat' dir='ltr'><strong>pro</strong></span> <span class='ocrx_word' id='word_1_412' title='bbox 1599 700 1688 734; x_wconf 89' lang='lat' dir='ltr'><strong>prima</strong></span> 
     </span>
    </p>
   </div>
   <div class='ocr_carea' id='block_1_59' title="bbox 903 741 1688 780">
    <p class='ocr_par' dir='ltr' id='par_1_59' title="bbox 903 741 1688 780">
     <span class='ocr_line' id='line_1_59' title="bbox 903 741 1688 780; baseline 0.005 -12"><span class='ocrx_word' id='word_1_413' title='bbox 903 741 962 768; x_wconf 84' lang='lat' dir='ltr'><strong>vice</strong></span> <span class='ocrx_word' id='word_1_414' title='bbox 975 742 1129 769; x_wconf 78' lang='lat' dir='ltr'><strong>absolveret</strong></span> <span class='ocrx_word' id='word_1_415' title='bbox 1140 747 1250 770; x_wconf 87' lang='lat' dir='ltr'><strong>cantum</strong></span> <span class='ocrx_word' id='word_1_416' title='bbox 1265 744 1362 778; x_wconf 78' lang='lat' dir='ltr'><strong>gallus,</strong></span> <span class='ocrx_word' id='word_1_417' title='bbox 1376 748 1416 771; x_wconf 85' lang='lat' dir='ltr'><strong>ter</strong></span> <span class='ocrx_word' id='word_1_418' title='bbox 1425 745 1542 780; x_wconf 79' lang='lat' dir='ltr'><strong>negavit.</strong></span> <span class='ocrx_word' id='word_1_419' title='bbox 1557 745 1593 771; x_wconf 88' lang='lat' dir='ltr'><strong>Ita</strong></span> <span class='ocrx_word' id='word_1_420' title='bbox 1606 753 1688 780; x_wconf 86' lang='lat' dir='ltr'><strong>porro</strong></span> 
     </span>
    </p>
   </div>
   <div class='ocr_carea' id='block_1_60' title="bbox 904 786 1689 823">
    <p class='ocr_par' dir='ltr' id='par_1_60' title="bbox 904 786 1689 823">
     <span class='ocr_line' id='line_1_60' title="bbox 904 786 1689 823; baseline 0.004 -10"><span class='ocrx_word' id='word_1_421' title='bbox 904 786 1085 819; x_wconf 79' lang='lat' dir='ltr'><strong>formidabat,</strong></span> <span class='ocrx_word' id='word_1_422' title='bbox 1110 787 1147 814; x_wconf 88' lang='lat' dir='ltr'><strong>ita</strong></span> <span class='ocrx_word' id='word_1_423' title='bbox 1172 791 1276 815; x_wconf 85' lang='lat' dir='ltr'><strong>terrore</strong></span> <span class='ocrx_word' id='word_1_424' title='bbox 1295 792 1392 822; x_wconf 84' lang='lat' dir='ltr'><strong>captus</strong></span> <span class='ocrx_word' id='word_1_425' title='bbox 1417 792 1445 815; x_wconf 78' lang='lat' dir='ltr'><strong>et</strong></span> <span class='ocrx_word' id='word_1_426' title='bbox 1466 788 1543 823; x_wconf 85' lang='lat' dir='ltr'><strong>quasi</strong></span> <span class='ocrx_word' id='word_1_427' title='bbox 1565 793 1689 816; x_wconf 82' lang='lat' dir='ltr'><strong>mortuus</strong></span> 
     </span>
    </p>
   </div>
   <div class='ocr_carea' id='block_1_61' title="bbox 904 833 1689 868">
    <p class='ocr_par' dir='ltr' id='par_1_61' title="bbox 904 833 1689 868">
     <span class='ocr_line' id='line_1_61' title="bbox 904 833 1689 868; baseline 0.005 -10"><span class='ocrx_word' id='word_1_428' title='bbox 904 835 973 863; x_wconf 82' lang='lat' dir='ltr'><strong>eral,</strong></span> <span class='ocrx_word' id='word_1_429' title='bbox 999 836 1028 859; x_wconf 90' lang='lat' dir='ltr'><strong>ut</strong></span> <span class='ocrx_word' id='word_1_430' title='bbox 1050 840 1104 859; x_wconf 91' lang='lat' dir='ltr'><strong>non</strong></span> <span class='ocrx_word' id='word_1_431' title='bbox 1129 833 1209 860; x_wconf 89' lang='lat' dir='ltr'><strong>modo</strong></span> <span class='ocrx_word' id='word_1_432' title='bbox 1228 837 1350 868; x_wconf 73' lang='lat' dir='ltr'><strong>negaret,</strong></span> <span class='ocrx_word' id='word_1_433' title='bbox 1374 833 1421 861; x_wconf 88' lang='lat' dir='ltr'><strong>sed</strong></span> <span class='ocrx_word' id='word_1_434' title='bbox 1443 834 1587 868; x_wconf 87' lang='lat' dir='ltr'><strong>nequidcm</strong></span> <span class='ocrx_word' id='word_1_435' title='bbox 1607 841 1640 861; x_wconf 78' lang='lat' dir='ltr'><strong>ex</strong></span> <span class='ocrx_word' id='word_1_436' title='bbox 1659 842 1689 862; x_wconf 67' lang='lat' dir='ltr'><strong>se</strong></span> 
     </span>
    </p>
   </div>
   <div class='ocr_carea' id='block_1_62' title="bbox 905 877 1687 914">
    <p class='ocr_par' dir='ltr' id='par_1_62' title="bbox 905 877 1687 914">
     <span class='ocr_line' id='line_1_62' title="bbox 905 877 1687 914; baseline 0.003 -10"><span class='ocrx_word' id='word_1_437' title='bbox 905 877 979 904; x_wconf 89' lang='lat' dir='ltr'><strong>illius</strong></span> <span class='ocrx_word' id='word_1_438' title='bbox 1004 877 1069 904; x_wconf 82' lang='lat' dir='ltr'><strong>dicti</strong></span> <span class='ocrx_word' id='word_1_439' title='bbox 1095 878 1294 910; x_wconf 70' lang='lat' dir='ltr'><strong>recordaretur,</strong></span> <span class='ocrx_word' id='word_1_440' title='bbox 1311 878 1418 906; x_wconf 87' lang='lat' dir='ltr'><strong>etiamsi</strong></span> <span class='ocrx_word' id='word_1_441' title='bbox 1441 883 1566 907; x_wconf 81' lang='lat' dir='ltr'><strong>cantaret</strong></span> <span class='ocrx_word' id='word_1_442' title='bbox 1587 880 1687 914; x_wconf 79' lang='lat' dir='ltr'><strong>gallus,</strong></span> 
     </span>
    </p>
   </div>
   <div class='ocr_carea' id='block_1_63' title="bbox 904 923 1686 960">
    <p class='ocr_par' dir='ltr' id='par_1_63' title="bbox 904 923 1686 960">
     <span class='ocr_line' id='line_1_63' title="bbox 904 923 1686 960; baseline 0.004 -10"><span class='ocrx_word' id='word_1_443' title='bbox 904 923 991 951; x_wconf 90' lang='lat' dir='ltr'><strong>donec</strong></span> <span class='ocrx_word' id='word_1_444' title='bbox 1023 924 1062 951; x_wconf 90' lang='lat' dir='ltr'><strong>illi</strong></span> <span class='ocrx_word' id='word_1_445' title='bbox 1096 924 1172 951; x_wconf 87' lang='lat' dir='ltr'><strong>vocis</strong></span> <span class='ocrx_word' id='word_1_446' title='bbox 1203 925 1264 951; x_wconf 91' lang='lat' dir='ltr'><strong>loco</strong></span> <span class='ocrx_word' id='word_1_447' title='bbox 1293 926 1380 951; x_wconf 88' lang='lat' dir='ltr'><strong>adl&#39;uit</strong></span> <span class='ocrx_word' id='word_1_448' title='bbox 1405 925 1531 960; x_wconf 75' lang='lat' dir='ltr'><strong>magistri</strong></span> <span class='ocrx_word' id='word_1_449' title='bbox 1560 926 1686 953; x_wconf 89' lang='lat' dir='ltr'><strong>intuitus.</strong></span> 
     </span>
    </p>
   </div>
   <div class='ocr_carea' id='block_1_64' title="bbox 904 968 1687 1005">
    <p class='ocr_par' dir='ltr' id='par_1_64' title="bbox 904 968 1687 1005">
     <span class='ocr_line' id='line_1_64' title="bbox 904 968 1687 1005; baseline 0.004 -10"><span class='ocrx_word' id='word_1_450' title='bbox 904 968 982 1001; x_wconf 86' lang='lat' dir='ltr'><strong>Quod</strong></span> <span class='ocrx_word' id='word_1_451' title='bbox 1003 969 1146 996; x_wconf 87' lang='lat' dir='ltr'><strong>declarans</strong></span> <span class='ocrx_word' id='word_1_452' title='bbox 1170 968 1258 997; x_wconf 88' lang='lat' dir='ltr'><strong>Lucas</strong></span> <span class='ocrx_word' id='word_1_453' title='bbox 1281 970 1329 1002; x_wconf 89' lang='lat' dir='ltr'><strong>ait,</strong></span> <span class='ocrx_word' id='word_1_454' title='bbox 1355 969 1427 1005; x_wconf 91' lang='lat' dir='ltr'><strong>quod</strong></span> <span class='ocrx_word' id='word_1_455' title='bbox 1449 974 1601 1005; x_wconf 59' lang='lat' dir='ltr'><strong>respexerit</strong></span> <span class='ocrx_word' id='word_1_456' title='bbox 1625 978 1687 998; x_wconf 90' lang='lat' dir='ltr'><strong>eum</strong></span> 
     </span>
    </p>
   </div>
   <div class='ocr_carea' id='block_1_65' title="bbox 903 1014 1089 1042">
    <p class='ocr_par' dir='ltr' id='par_1_65' title="bbox 903 1014 1089 1042">
     <span class='ocr_line' id='line_1_65' title="bbox 903 1014 1089 1042; baseline 0.005 -1"><span class='ocrx_word' id='word_1_457' title='bbox 903 1014 1030 1042; x_wconf 87' lang='lat' dir='ltr'><strong>Christus</strong></span> <span class='ocrx_word' id='word_1_458' title='bbox 1045 1015 1089 1042; x_wconf 82' lang='lat'><strong>&quot;‘.</strong></span> 
     </span>
    </p>
   </div>
   <div class='ocr_carea' id='block_1_66' title="bbox 938 1081 1688 1116">
    <p class='ocr_par' dir='ltr' id='par_1_66' title="bbox 938 1081 1688 1116">
     <span class='ocr_line' id='line_1_66' title="bbox 938 1081 1688 1116; baseline 0.001 -8"><span class='ocrx_word' id='word_1_459' title='bbox 938 1082 971 1116; x_wconf 78' lang='grc' dir='ltr'><strong>ρ.</strong></span> <span class='ocrx_word' id='word_1_460' title='bbox 984 1083 1029 1109; x_wconf 72' lang='lat'><strong>25.</strong></span> <span class='ocrx_word' id='word_1_461' title='bbox 1043 1091 1052 1107; x_wconf 77' lang='grc' dir='ltr'><strong>ι</strong></span> <span class='ocrx_word' id='word_1_462' title='bbox 1070 1081 1103 1108; x_wconf 88' lang='lat' dir='ltr'><strong>Et</strong></span> <span class='ocrx_word' id='word_1_463' title='bbox 1114 1089 1241 1114; x_wconf 78' lang='lat' dir='ltr'><strong>egressus</strong></span> <span class='ocrx_word' id='word_1_464' title='bbox 1257 1081 1328 1109; x_wconf 81' lang='lat' dir='ltr'><strong>foras</strong></span> <span class='ocrx_word' id='word_1_465' title='bbox 1344 1081 1416 1109; x_wconf 84' lang='lat' dir='ltr'><strong>ﬂevit</strong></span> <span class='ocrx_word' id='word_1_466' title='bbox 1429 1089 1520 1109; x_wconf 85' lang='lat' dir='ltr'><strong>amare</strong></span> <span class='ocrx_word' id='word_1_467' title='bbox 1528 1082 1562 1109; x_wconf 72' lang='grc'><strong>⁸⁸.</strong></span> <span class='ocrx_word' id='word_1_468' title='bbox 1578 1081 1688 1114; x_wconf 76' lang='lat' dir='ltr'><strong>iQuare</strong></span> 
     </span>
    </p>
   </div>
   <div class='ocr_carea' id='block_1_67' title="bbox 903 1126 1230 1161">
    <p class='ocr_par' dir='ltr' id='par_1_67' title="bbox 903 1126 1230 1161">
     <span class='ocr_line' id='line_1_67' title="bbox 903 1126 1230 1161; baseline -0.006 -7"><span class='ocrx_word' id='word_1_469' title='bbox 903 1126 978 1154; x_wconf 85' lang='lat' dir='ltr'><strong>foras</strong></span> <span class='ocrx_word' id='word_1_470' title='bbox 992 1134 1118 1161; x_wconf 76' lang='lat' dir='ltr'><strong>egressus</strong></span> <span class='ocrx_word' id='word_1_471' title='bbox 1135 1126 1207 1154; x_wconf 83' lang='lat' dir='ltr'><strong>ﬂevit</strong></span> <span class='ocrx_word' id='word_1_472' title='bbox 1219 1126 1230 1152; x_wconf 85' lang='lat'><strong>?</strong></span> 
     </span>
    </p>
   </div>
   <div class='ocr_carea' id='block_1_68' title="bbox 941 1171 1688 1206">
    <p class='ocr_par' dir='ltr' id='par_1_68' title="bbox 941 1171 1688 1206">
     <span class='ocr_line' id='line_1_68' title="bbox 941 1171 1688 1206; baseline 0 -7"><span class='ocrx_word' id='word_1_473' title='bbox 941 1171 974 1200; x_wconf 84' lang='lat' dir='ltr'><strong>R.</strong></span> <span class='ocrx_word' id='word_1_474' title='bbox 995 1172 1064 1205; x_wconf 88' lang='lat' dir='ltr'><strong>Quia</strong></span> <span class='ocrx_word' id='word_1_475' title='bbox 1089 1172 1114 1199; x_wconf 92' lang='lat' dir='ltr'><strong>id</strong></span> <span class='ocrx_word' id='word_1_476' title='bbox 1129 1180 1183 1199; x_wconf 91' lang='lat' dir='ltr'><strong>non</strong></span> <span class='ocrx_word' id='word_1_477' title='bbox 1205 1171 1323 1199; x_wconf 80' lang='lat' dir='ltr'><strong>audebat</strong></span> <span class='ocrx_word' id='word_1_478' title='bbox 1348 1171 1435 1206; x_wconf 84' lang='lat' dir='ltr'><strong>palam</strong></span> <span class='ocrx_word' id='word_1_479' title='bbox 1454 1175 1480 1199; x_wconf 90' lang='lat' dir='ltr'><strong>et</strong></span> <span class='ocrx_word' id='word_1_480' title='bbox 1494 1179 1585 1199; x_wconf 90' lang='lat' dir='ltr'><strong>coram</strong></span> <span class='ocrx_word' id='word_1_481' title='bbox 1603 1171 1688 1199; x_wconf 86' lang='lat' dir='ltr'><strong>omni-</strong></span> 
     </span>
    </p>
   </div>
   <div class='ocr_carea' id='block_1_69' title="bbox 903 1218 1687 1254">
    <p class='ocr_par' dir='ltr' id='par_1_69' title="bbox 903 1218 1687 1254">
     <span class='ocr_line' id='line_1_69' title="bbox 903 1218 1687 1254; baseline 0 -8"><span class='ocrx_word' id='word_1_482' title='bbox 903 1219 966 1251; x_wconf 89' lang='lat' dir='ltr'><strong>bus,</strong></span> <span class='ocrx_word' id='word_1_483' title='bbox 986 1227 1020 1246; x_wconf 90' lang='lat' dir='ltr'><strong>ne</strong></span> <span class='ocrx_word' id='word_1_484' title='bbox 1042 1219 1099 1246; x_wconf 83' lang='lat' dir='ltr'><strong>suis</strong></span> <span class='ocrx_word' id='word_1_485' title='bbox 1126 1218 1253 1253; x_wconf 87' lang='lat' dir='ltr'><strong>lacrymis</strong></span> <span class='ocrx_word' id='word_1_486' title='bbox 1279 1222 1466 1250; x_wconf 85' lang='lat' dir='ltr'><strong>accusaretur,</strong></span> <span class='ocrx_word' id='word_1_487' title='bbox 1489 1222 1517 1245; x_wconf 87' lang='lat' dir='ltr'><strong>et</strong></span> <span class='ocrx_word' id='word_1_488' title='bbox 1536 1218 1687 1254; x_wconf 83' lang='lat' dir='ltr'><strong>discipulus</strong></span> 
     </span>
    </p>
   </div>
   <div class='ocr_carea' id='block_1_70' title="bbox 904 1264 1324 1299">
    <p class='ocr_par' dir='ltr' id='par_1_70' title="bbox 904 1264 1324 1299">
     <span class='ocr_line' id='line_1_70' title="bbox 904 1264 1324 1299; baseline -0.005 -7"><span class='ocrx_word' id='word_1_489' title='bbox 904 1265 977 1292; x_wconf 87' lang='lat' dir='ltr'><strong>illius</strong></span> <span class='ocrx_word' id='word_1_490' title='bbox 989 1272 1050 1292; x_wconf 84' lang='lat' dir='ltr'><strong>esse</strong></span> <span class='ocrx_word' id='word_1_491' title='bbox 1063 1264 1324 1299; x_wconf 84' lang='lat' dir='ltr'><strong>deprehenderetur.</strong></span> 
     </span>
    </p>
   </div>
   <div class='ocr_carea' id='block_1_71' title="bbox 938 1309 1689 1343">
    <p class='ocr_par' dir='ltr' id='par_1_71' title="bbox 938 1309 1689 1343">
     <span class='ocr_line' id='line_1_71' title="bbox 938 1309 1689 1343; baseline 0.001 -6"><span class='ocrx_word' id='word_1_492' title='bbox 938 1310 972 1343; x_wconf 91' lang='lat' dir='ltr'><strong>Q.</strong></span> <span class='ocrx_word' id='word_1_493' title='bbox 986 1311 1030 1337; x_wconf 67' lang='grc'><strong>24.</strong></span> <span class='ocrx_word' id='word_1_494' title='bbox 1049 1319 1058 1336; x_wconf 77' lang='grc' dir='ltr'><strong>ι</strong></span> <span class='ocrx_word' id='word_1_495' title='bbox 1075 1310 1222 1337; x_wconf 87' lang='lat' dir='ltr'><strong>Edentibus</strong></span> <span class='ocrx_word' id='word_1_496' title='bbox 1234 1310 1305 1342; x_wconf 73' lang='lat' dir='ltr'><strong>istis,</strong></span> <span class='ocrx_word' id='word_1_497' title='bbox 1315 1310 1383 1337; x_wconf 82' lang='lat' dir='ltr'><strong>dixit</strong></span> <span class='ocrx_word' id='word_1_498' title='bbox 1398 1310 1438 1338; x_wconf 87' lang='lat' dir='ltr'><strong>eis</strong></span> <span class='ocrx_word' id='word_1_499' title='bbox 1452 1309 1578 1338; x_wconf 87' lang='lat' dir='ltr'><strong>Christus</strong></span> <span class='ocrx_word' id='word_1_500' title='bbox 1591 1319 1597 1337; x_wconf 93' lang='lat'>:</span> <span class='ocrx_word' id='word_1_501' title='bbox 1610 1310 1689 1338; x_wconf 74' lang='lat' dir='ltr'><strong>Unus</strong></span> 
     </span>
    </p>
   </div>
   <div class='ocr_carea' id='block_1_72' title="bbox 903 1356 1689 1390">
    <p class='ocr_par' dir='ltr' id='par_1_72' title="bbox 903 1356 1689 1390">
     <span class='ocr_line' id='line_1_72' title="bbox 903 1356 1689 1390; baseline 0 -6"><span class='ocrx_word' id='word_1_502' title='bbox 903 1362 1024 1384; x_wconf 87' lang='lat' dir='ltr'><strong>vestrum</strong></span> <span class='ocrx_word' id='word_1_503' title='bbox 1045 1365 1088 1384; x_wconf 89' lang='lat' dir='ltr'><strong>me</strong></span> <span class='ocrx_word' id='word_1_504' title='bbox 1109 1356 1259 1384; x_wconf 84' lang='lat' dir='ltr'><strong>traditurus</strong></span> <span class='ocrx_word' id='word_1_505' title='bbox 1283 1361 1325 1384; x_wconf 87' lang='lat' dir='ltr'><strong>est</strong></span> <span class='ocrx_word' id='word_1_506' title='bbox 1337 1358 1371 1384; x_wconf 69' lang='grc'><strong>⁸⁸.</strong></span> <span class='ocrx_word' id='word_1_507' title='bbox 1400 1367 1409 1383; x_wconf 75' lang='grc' dir='ltr'><strong>ι</strong></span> <span class='ocrx_word' id='word_1_508' title='bbox 1427 1357 1520 1390; x_wconf 83' lang='lat' dir='ltr'><strong>Quare</strong></span> <span class='ocrx_word' id='word_1_509' title='bbox 1544 1357 1689 1385; x_wconf 83' lang='lat' dir='ltr'><strong>edentibus</strong></span> 
     </span>
    </p>
   </div>
   <div class='ocr_carea' id='block_1_73' title="bbox 904 1403 1330 1438">
    <p class='ocr_par' dir='ltr' id='par_1_73' title="bbox 904 1403 1330 1438">
     <span class='ocr_line' id='line_1_73' title="bbox 904 1403 1330 1438; baseline 0 -8"><span class='ocrx_word' id='word_1_510' title='bbox 904 1403 959 1430; x_wconf 85' lang='lat' dir='ltr'><strong>illis</strong></span> <span class='ocrx_word' id='word_1_511' title='bbox 975 1403 1007 1430; x_wconf 73' lang='lat' dir='ltr'><strong>de</strong></span> <span class='ocrx_word' id='word_1_512' title='bbox 1022 1403 1176 1438; x_wconf 84' lang='lat' dir='ltr'><strong>proditione</strong></span> <span class='ocrx_word' id='word_1_513' title='bbox 1189 1403 1330 1437; x_wconf 74' lang='lat' dir='ltr'><strong>loquitur?</strong></span> 
     </span>
    </p>
   </div>
   <div class='ocr_carea' id='block_1_74' title="bbox 940 1447 1686 1484">
    <p class='ocr_par' dir='ltr' id='par_1_74' title="bbox 940 1447 1686 1484">
     <span class='ocr_line' id='line_1_74' title="bbox 940 1447 1686 1484; baseline -0.003 -8"><span class='ocrx_word' id='word_1_514' title='bbox 940 1449 974 1477; x_wconf 74' lang='grc' dir='ltr'><strong>Β.</strong></span> <span class='ocrx_word' id='word_1_515' title='bbox 999 1449 1034 1476; x_wconf 92' lang='lat' dir='ltr'><strong>Ut</strong></span> <span class='ocrx_word' id='word_1_516' title='bbox 1056 1457 1070 1476; x_wconf 92' lang='lat' dir='ltr'><strong>a</strong></span> <span class='ocrx_word' id='word_1_517' title='bbox 1097 1453 1218 1484; x_wconf 86' lang='lat' dir='ltr'><strong>tempore</strong></span> <span class='ocrx_word' id='word_1_518' title='bbox 1242 1456 1343 1476; x_wconf 62' lang='lat' dir='ltr'><strong>mense</strong></span> <span class='ocrx_word' id='word_1_519' title='bbox 1359 1448 1513 1476; x_wconf 73' lang='lat' dir='ltr'><strong>ostenderet</strong></span> <span class='ocrx_word' id='word_1_520' title='bbox 1537 1447 1686 1483; x_wconf 86' lang='lat' dir='ltr'><strong>proditoris</strong></span> 
     </span>
    </p>
   </div>
   <div class='ocr_carea' id='block_1_75' title="bbox 905 1494 1325 1530">
    <p class='ocr_par' dir='ltr' id='par_1_75' title="bbox 905 1494 1325 1530">
     <span class='ocr_line' id='line_1_75' title="bbox 905 1494 1325 1530; baseline -0.005 -7"><span class='ocrx_word' id='word_1_521' title='bbox 905 1495 1065 1530; x_wconf 87' lang='lat' dir='ltr'><strong>nequitiam.</strong></span> <span class='ocrx_word' id='word_1_522' title='bbox 1081 1494 1148 1522; x_wconf 79' lang='lat' dir='ltr'><strong>Nam</strong></span> <span class='ocrx_word' id='word_1_523' title='bbox 1161 1495 1256 1522; x_wconf 86' lang='lat' dir='ltr'><strong>aderat</strong></span> <span class='ocrx_word' id='word_1_524' title='bbox 1270 1494 1325 1522; x_wconf 87' lang='lat' dir='ltr'><strong>ille.</strong></span> 
     </span>
    </p>
   </div>
   <div class='ocr_carea' id='block_1_76' title="bbox 939 1583 1689 1617">
    <p class='ocr_par' dir='ltr' id='par_1_76' title="bbox 939 1583 1689 1617">
     <span class='ocr_line' id='line_1_76' title="bbox 939 1583 1689 1617; baseline -0.003 -6"><span class='ocrx_word' id='word_1_525' title='bbox 939 1583 962 1617; x_wconf 81' lang='grc' dir='ltr'><strong>ρ</strong></span> <span class='ocrx_word' id='word_1_526' title='bbox 986 1584 1031 1611; x_wconf 76' lang='grc'><strong>25.</strong></span> <span class='ocrx_word' id='word_1_527' title='bbox 1047 1593 1056 1610; x_wconf 74' lang='grc' dir='ltr'><strong>ι</strong></span> <span class='ocrx_word' id='word_1_528' title='bbox 1072 1584 1152 1612; x_wconf 84' lang='lat' dir='ltr'><strong>Unus</strong></span> <span class='ocrx_word' id='word_1_529' title='bbox 1166 1589 1286 1612; x_wconf 89' lang='lat' dir='ltr'><strong>vestrum</strong></span> <span class='ocrx_word' id='word_1_530' title='bbox 1296 1591 1338 1611; x_wconf 89' lang='lat' dir='ltr'><strong>me</strong></span> <span class='ocrx_word' id='word_1_531' title='bbox 1350 1583 1503 1611; x_wconf 89' lang='lat' dir='ltr'><strong>traditurus</strong></span> <span class='ocrx_word' id='word_1_532' title='bbox 1511 1587 1562 1611; x_wconf 85' lang='lat' dir='ltr'><strong>est.</strong></span> <span class='ocrx_word' id='word_1_533' title='bbox 1577 1593 1586 1609; x_wconf 85' lang='grc'><strong>›</strong></span> <span class='ocrx_word' id='word_1_534' title='bbox 1597 1583 1689 1616; x_wconf 86' lang='lat' dir='ltr'><strong>Quare</strong></span> 
     </span>
    </p>
   </div>
   <div class='ocr_carea' id='block_1_77' title="bbox 903 1629 1689 1663">
    <p class='ocr_par' dir='ltr' id='par_1_77' title="bbox 903 1629 1689 1663">
     <span class='ocr_line' id='line_1_77' title="bbox 903 1629 1689 1663; baseline 0.001 -6"><span class='ocrx_word' id='word_1_535' title='bbox 903 1637 958 1657; x_wconf 91' lang='lat' dir='ltr'><strong>non</strong></span> <span class='ocrx_word' id='word_1_536' title='bbox 977 1630 1046 1657; x_wconf 84' lang='lat' dir='ltr'><strong>dixit</strong></span> <span class='ocrx_word' id='word_1_537' title='bbox 1065 1629 1131 1657; x_wconf 86' lang='lat' dir='ltr'><strong>:llle</strong></span> <span class='ocrx_word' id='word_1_538' title='bbox 1147 1630 1305 1663; x_wconf 86' lang='lat' dir='ltr'><strong>me&#39;tradet;</strong></span> <span class='ocrx_word' id='word_1_539' title='bbox 1323 1630 1370 1657; x_wconf 84' lang='lat' dir='ltr'><strong>sed</strong></span> <span class='ocrx_word' id='word_1_540' title='bbox 1389 1639 1398 1656; x_wconf 80' lang='grc' dir='ltr'><strong>ι</strong></span> <span class='ocrx_word' id='word_1_541' title='bbox 1415 1629 1492 1658; x_wconf 87' lang='lat' dir='ltr'><strong>Unus</strong></span> <span class='ocrx_word' id='word_1_542' title='bbox 1505 1635 1626 1658; x_wconf 90' lang='lat' dir='ltr'><strong>vestrum</strong></span> <span class='ocrx_word' id='word_1_543' title='bbox 1645 1637 1689 1658; x_wconf 85' lang='lat' dir='ltr'><strong>me</strong></span> 
     </span>
    </p>
   </div>
   <div class='ocr_carea' id='block_1_78' title="bbox 904 1675 1443 1711">
    <p class='ocr_par' dir='ltr' id='par_1_78' title="bbox 904 1675 1443 1711">
     <span class='ocr_line' id='line_1_78' title="bbox 904 1675 1443 1711; baseline -0.002 -8"><span class='ocrx_word' id='word_1_544' title='bbox 904 1676 1009 1708; x_wconf 82' lang='lat' dir='ltr'><strong>tradet,</strong></span> <span class='ocrx_word' id='word_1_545' title='bbox 1024 1686 1033 1702; x_wconf 77' lang='grc' dir='ltr'><strong>ι</strong></span> <span class='ocrx_word' id='word_1_546' title='bbox 1051 1680 1080 1703; x_wconf 89' lang='grc' dir='ltr'>υι</span> <span class='ocrx_word' id='word_1_547' title='bbox 1093 1680 1120 1703; x_wconf 92' lang='lat' dir='ltr'><strong>et</strong></span> <span class='ocrx_word' id='word_1_548' title='bbox 1134 1676 1161 1703; x_wconf 86' lang='lat' dir='ltr'><strong>in</strong></span> <span class='ocrx_word' id='word_1_549' title='bbox 1177 1675 1229 1703; x_wconf 87' lang='lat' dir='ltr'><strong>hoc</strong></span> <span class='ocrx_word' id='word_1_550' title='bbox 1246 1676 1286 1702; x_wconf 88' lang='lat' dir='ltr'><strong>illi</strong></span> <span class='ocrx_word' id='word_1_551' title='bbox 1300 1676 1443 1711; x_wconf 84' lang='lat' dir='ltr'><strong>parceret?</strong></span> 
     </span>
    </p>
   </div>
   <div class='ocr_carea' id='block_1_79' title="bbox 939 1719 1686 1756">
    <p class='ocr_par' dir='ltr' id='par_1_79' title="bbox 939 1719 1686 1756">
     <span class='ocr_line' id='line_1_79' title="bbox 939 1719 1686 1756; baseline -0.001 -8"><span class='ocrx_word' id='word_1_552' title='bbox 939 1723 973 1749; x_wconf 79' lang='grc' dir='ltr'>ιι.</span> <span class='ocrx_word' id='word_1_553' title='bbox 988 1721 1023 1748; x_wconf 92' lang='lat' dir='ltr'><strong>Ut</strong></span> <span class='ocrx_word' id='word_1_554' title='bbox 1039 1722 1067 1748; x_wconf 92' lang='lat' dir='ltr'><strong>in</strong></span> <span class='ocrx_word' id='word_1_555' title='bbox 1083 1722 1135 1748; x_wconf 88' lang='lat' dir='ltr'><strong>hoc</strong></span> <span class='ocrx_word' id='word_1_556' title='bbox 1156 1725 1280 1756; x_wconf 86' lang='lat' dir='ltr'><strong>parceret</strong></span> <span class='ocrx_word' id='word_1_557' title='bbox 1294 1721 1436 1756; x_wconf 82' lang='lat' dir='ltr'><strong>proditori,</strong></span> <span class='ocrx_word' id='word_1_558' title='bbox 1446 1721 1577 1756; x_wconf 88' lang='lat' dir='ltr'><strong>daretque</strong></span> <span class='ocrx_word' id='word_1_559' title='bbox 1594 1720 1630 1747; x_wconf 92' lang='lat' dir='ltr'><strong>illi</strong></span> <span class='ocrx_word' id='word_1_560' title='bbox 1644 1719 1686 1747; x_wconf 88' lang='lat' dir='ltr'><strong>lo-</strong></span> 
     </span>
    </p>
   </div>
   <div class='ocr_carea' id='block_1_80' title="bbox 903 1766 1689 1802">
    <p class='ocr_par' dir='ltr' id='par_1_80' title="bbox 903 1766 1689 1802">
     <span class='ocr_line' id='line_1_80' title="bbox 903 1766 1689 1802; baseline -0.001 -8"><span class='ocrx_word' id='word_1_561' title='bbox 903 1775 965 1795; x_wconf 90' lang='lat' dir='ltr'><strong>cum</strong></span> <span class='ocrx_word' id='word_1_562' title='bbox 985 1767 1132 1802; x_wconf 83' lang='lat' dir='ltr'><strong>poenitendi</strong></span> <span class='ocrx_word' id='word_1_563' title='bbox 1147 1770 1174 1794; x_wconf 88' lang='lat' dir='ltr'><strong>et</strong></span> <span class='ocrx_word' id='word_1_564' title='bbox 1193 1767 1302 1794; x_wconf 86' lang='lat' dir='ltr'><strong>latendi.</strong></span> <span class='ocrx_word' id='word_1_565' title='bbox 1317 1766 1463 1802; x_wconf 77' lang='lat' dir='ltr'><strong>Voluitque</strong></span> <span class='ocrx_word' id='word_1_566' title='bbox 1473 1774 1570 1794; x_wconf 87' lang='lat' dir='ltr'><strong>omnes</strong></span> <span class='ocrx_word' id='word_1_567' title='bbox 1583 1770 1689 1802; x_wconf 85' lang='lat' dir='ltr'><strong>perter-</strong></span> 
     </span>
    </p>
   </div>
   <div class='ocr_carea' id='block_1_81' title="bbox 903 1812 1409 1847">
    <p class='ocr_par' dir='ltr' id='par_1_81' title="bbox 903 1812 1409 1847">
     <span class='ocr_line' id='line_1_81' title="bbox 903 1812 1409 1847; baseline -0.002 -6"><span class='ocrx_word' id='word_1_568' title='bbox 903 1813 1036 1847; x_wconf 81' lang='lat' dir='ltr'><strong>refacere,</strong></span> <span class='ocrx_word' id='word_1_569' title='bbox 1051 1819 1080 1840; x_wconf 94' lang='lat' dir='ltr'><strong>ut</strong></span> <span class='ocrx_word' id='word_1_570' title='bbox 1091 1814 1165 1840; x_wconf 87' lang='lat' dir='ltr'><strong>hunc</strong></span> <span class='ocrx_word' id='word_1_571' title='bbox 1178 1813 1284 1840; x_wconf 87' lang='lat' dir='ltr'><strong>salvum</strong></span> <span class='ocrx_word' id='word_1_572' title='bbox 1297 1812 1409 1840; x_wconf 79' lang='lat' dir='ltr'><strong>faceret.</strong></span> 
     </span>
    </p>
   </div>
   <div class='ocr_carea' id='block_1_82' title="bbox 939 1915 1690 1951">
    <p class='ocr_par' dir='ltr' id='par_1_82' title="bbox 939 1915 1690 1951">
     <span class='ocr_line' id='line_1_82' title="bbox 939 1915 1690 1951; baseline -0.001 -7"><span class='ocrx_word' id='word_1_573' title='bbox 939 1916 1029 1951; x_wconf 56' lang='grc' dir='ltr'><strong>(με.</strong></span> <span class='ocrx_word' id='word_1_574' title='bbox 1047 1926 1057 1943; x_wconf 87' lang='grc'><strong><em>‹</em></strong></span> <span class='ocrx_word' id='word_1_575' title='bbox 1082 1916 1166 1944; x_wconf 82' lang='lat' dir='ltr'><strong>Erant</strong></span> <span class='ocrx_word' id='word_1_576' title='bbox 1188 1919 1276 1943; x_wconf 86' lang='lat' dir='ltr'><strong>autem</strong></span> <span class='ocrx_word' id='word_1_577' title='bbox 1300 1919 1326 1943; x_wconf 88' lang='lat' dir='ltr'><strong>et</strong></span> <span class='ocrx_word' id='word_1_578' title='bbox 1350 1915 1478 1942; x_wconf 89' lang='lat' dir='ltr'><strong>mulieres</strong></span> <span class='ocrx_word' id='word_1_579' title='bbox 1503 1922 1564 1950; x_wconf 66' lang='lat' dir='ltr'><strong>quae</strong></span> <span class='ocrx_word' id='word_1_580' title='bbox 1588 1918 1690 1943; x_wconf 66' lang='lat' dir='ltr'><strong>secutae</strong></span> 
     </span>
    </p>
   </div>
   <div class='ocr_carea' id='block_1_83' title="bbox 904 1960 1689 1992">
    <p class='ocr_par' dir='ltr' id='par_1_83' title="bbox 904 1960 1689 1992">
     <span class='ocr_line' id='line_1_83' title="bbox 904 1960 1689 1992; baseline -0.004 -3"><span class='ocrx_word' id='word_1_581' title='bbox 904 1961 1012 1989; x_wconf 76' lang='lat' dir='ltr'><strong>fuerant</strong></span> <span class='ocrx_word' id='word_1_582' title='bbox 1036 1969 1097 1988; x_wconf 88' lang='lat' dir='ltr'><strong>eum</strong></span> <span class='ocrx_word' id='word_1_583' title='bbox 1123 1969 1137 1987; x_wconf 90' lang='lat' dir='ltr'><strong>a</strong></span> <span class='ocrx_word' id='word_1_584' title='bbox 1161 1960 1270 1988; x_wconf 68' lang='lat' dir='ltr'><strong>Galilma</strong></span> <span class='ocrx_word' id='word_1_585' title='bbox 1285 1960 1316 1986; x_wconf 70' lang='grc'><strong>³⁸.</strong></span> <span class='ocrx_word' id='word_1_586' title='bbox 1339 1969 1348 1986; x_wconf 81' lang='grc' dir='ltr'><strong>ι</strong></span> <span class='ocrx_word' id='word_1_587' title='bbox 1366 1961 1456 1992; x_wconf 77' lang='lat' dir='ltr'><strong>Quare</strong></span> <span class='ocrx_word' id='word_1_588' title='bbox 1479 1963 1612 1987; x_wconf 85' lang='lat' dir='ltr'><strong>memorat</strong></span> <span class='ocrx_word' id='word_1_589' title='bbox 1633 1968 1689 1987; x_wconf 91' lang='lat' dir='ltr'><strong>mu-</strong></span> 
     </span>
    </p>
   </div>
   <div class='ocr_carea' id='block_1_84' title="bbox 903 2006 1391 2043">
    <p class='ocr_par' dir='ltr' id='par_1_84' title="bbox 903 2006 1391 2043">
     <span class='ocr_line' id='line_1_84' title="bbox 903 2006 1391 2043; baseline -0.006 -7"><span class='ocrx_word' id='word_1_590' title='bbox 903 2010 985 2036; x_wconf 86' lang='lat' dir='ltr'><strong>lieres</strong></span> <span class='ocrx_word' id='word_1_591' title='bbox 1001 2016 1060 2043; x_wconf 70' lang='lat' dir='ltr'><strong>qua:</strong></span> <span class='ocrx_word' id='word_1_592' title='bbox 1075 2011 1175 2035; x_wconf 75' lang='lat' dir='ltr'><strong>secuta:</strong></span> <span class='ocrx_word' id='word_1_593' title='bbox 1189 2007 1297 2033; x_wconf 77' lang='lat' dir='ltr'><strong>fuerant</strong></span> <span class='ocrx_word' id='word_1_594' title='bbox 1309 2006 1391 2034; x_wconf 88' lang='lat' dir='ltr'><strong>eum?</strong></span> 
     </span>
    </p>
   </div>
   <div class='ocr_carea' id='block_1_85' title="bbox 939 2051 1685 2088">
    <p class='ocr_par' dir='ltr' id='par_1_85' title="bbox 939 2051 1685 2088">
     <span class='ocr_line' id='line_1_85' title="bbox 939 2051 1685 2088; baseline -0.004 -7"><span class='ocrx_word' id='word_1_595' title='bbox 939 2055 971 2081; x_wconf 69' lang='grc' dir='ltr'><strong>Β.</strong></span> <span class='ocrx_word' id='word_1_596' title='bbox 994 2053 1029 2081; x_wconf 93' lang='lat' dir='ltr'><strong>Ut</strong></span> <span class='ocrx_word' id='word_1_597' title='bbox 1047 2061 1171 2088; x_wconf 74' lang='lat' dir='ltr'><strong>magnam</strong></span> <span class='ocrx_word' id='word_1_598' title='bbox 1194 2052 1353 2080; x_wconf 77' lang='lat' dir='ltr'><strong>ostenderet</strong></span> <span class='ocrx_word' id='word_1_599' title='bbox 1368 2060 1462 2079; x_wconf 88' lang='lat' dir='ltr'><strong>earum</strong></span> <span class='ocrx_word' id='word_1_600' title='bbox 1485 2051 1685 2084; x_wconf 76' lang='lat' dir='ltr'><strong>assiduitatem,</strong></span> 
     </span>
    </p>
   </div>
   <div class='ocr_carea' id='block_1_86' title="bbox 903 2097 1688 2136">
    <p class='ocr_par' dir='ltr' id='par_1_86' title="bbox 903 2097 1688 2136">
     <span class='ocr_line' id='line_1_86' title="bbox 903 2097 1688 2136; baseline -0.005 -8"><span class='ocrx_word' id='word_1_601' title='bbox 903 2101 1030 2136; x_wconf 82' lang='lat' dir='ltr'><strong>quodque</strong></span> <span class='ocrx_word' id='word_1_602' title='bbox 1047 2100 1080 2127; x_wconf 87' lang='lat' dir='ltr'><strong>ad</strong></span> <span class='ocrx_word' id='word_1_603' title='bbox 1104 2099 1227 2135; x_wconf 88' lang='lat' dir='ltr'><strong>pericula</strong></span> <span class='ocrx_word' id='word_1_604' title='bbox 1245 2107 1332 2133; x_wconf 82' lang='lat' dir='ltr'><strong>usque</strong></span> <span class='ocrx_word' id='word_1_605' title='bbox 1346 2097 1507 2125; x_wconf 80' lang='lat' dir='ltr'><strong>adfuissent.</strong></span> <span class='ocrx_word' id='word_1_606' title='bbox 1523 2098 1590 2125; x_wconf 86' lang='lat' dir='ltr'><strong>Cum</strong></span> <span class='ocrx_word' id='word_1_607' title='bbox 1610 2097 1688 2132; x_wconf 77' lang='lat' dir='ltr'><strong>fuge-</strong></span> 
     </span>
    </p>
   </div>
   <div class='ocr_carea' id='block_1_87' title="bbox 903 2138 1556 2180">
    <p class='ocr_par' dir='ltr' id='par_1_87' title="bbox 903 2138 1556 2180">
     <span class='ocr_line' id='line_1_87' title="bbox 903 2138 1556 2180; baseline -0.002 -7"><span class='ocrx_word' id='word_1_608' title='bbox 903 2150 964 2174; x_wconf 87' lang='lat' dir='ltr'><strong>rent</strong></span> <span class='ocrx_word' id='word_1_609' title='bbox 980 2153 1096 2180; x_wconf 88' lang='lat' dir='ltr'><strong>namque</strong></span> <span class='ocrx_word' id='word_1_610' title='bbox 1112 2145 1246 2179; x_wconf 82' lang='lat' dir='ltr'><strong>discipuli.</strong></span> <span class='ocrx_word' id='word_1_611' title='bbox 1265 2138 1317 2171; x_wconf 56' lang='lat' dir='ltr'><strong>illic</strong></span> <span class='ocrx_word' id='word_1_612' title='bbox 1334 2144 1556 2179; x_wconf 79' lang='lat' dir='ltr'><strong>perseverabant.</strong></span> 
     </span>
    </p>
   </div>
   <div class='ocr_carea' id='block_1_88' title="bbox 99 2189 853 2228">
    <p class='ocr_par' dir='ltr' id='par_1_88' title="bbox 99 2189 852 2225">
     <span class='ocr_line' id='line_1_88' title="bbox 99 2189 852 2225; baseline 0.009 -16"><span class='ocrx_word' id='word_1_613' title='bbox 99 2189 196 2224; x_wconf 73' lang='grc' dir='ltr'>Ἐρώτ,</span> <span class='ocrx_word' id='word_1_614' title='bbox 206 2191 257 2221; x_wconf 74' lang='grc' dir='ltr'>κζ’,</span> <span class='ocrx_word' id='word_1_615' title='bbox 270 2199 278 2215; x_wconf 87' lang='grc'><em>‹</em></span> <span class='ocrx_word' id='word_1_616' title='bbox 290 2190 351 2221; x_wconf 78' lang='grc' dir='ltr'><strong>Πῶς</strong></span> <span class='ocrx_word' id='word_1_617' title='bbox 359 2191 402 2221; x_wconf 80' lang='grc' dir='ltr'>σὺ,</span> <span class='ocrx_word' id='word_1_618' title='bbox 411 2190 503 2225; x_wconf 74' lang='grc' dir='ltr'>φησιν,</span> <span class='ocrx_word' id='word_1_619' title='bbox 512 2190 635 2222; x_wconf 82' lang='grc' dir='ltr'>Ἰουδαῖος</span> <span class='ocrx_word' id='word_1_620' title='bbox 644 2189 680 2216; x_wconf 83' lang='grc' dir='ltr'>ὢν</span> <span class='ocrx_word' id='word_1_621' title='bbox 689 2191 778 2225; x_wconf 77' lang='grc' dir='ltr'>ζητεῖς</span> <span class='ocrx_word' id='word_1_622' title='bbox 788 2190 852 2225; x_wconf 80' lang='grc' dir='ltr'>παρ’</span> 
     </span>
    </p>
   </div>
   <div class='ocr_carea' id='block_1_89' title="bbox 914 2189 1688 2228">
    <p class='ocr_par' dir='ltr' id='par_1_89' title="bbox 939 2189 1688 2224">
     <span class='ocr_line' id='line_1_89' title="bbox 939 2189 1688 2224; baseline -0.004 -7"><span class='ocrx_word' id='word_1_623' title='bbox 939 2191 970 2224; x_wconf 83' lang='lat' dir='ltr'><strong>Q.</strong></span> <span class='ocrx_word' id='word_1_624' title='bbox 988 2191 1032 2217; x_wconf 77' lang='lat'><strong>‘27.</strong></span> <span class='ocrx_word' id='word_1_625' title='bbox 1053 2200 1062 2216; x_wconf 80' lang='grc' dir='ltr'><strong>ι</strong></span> <span class='ocrx_word' id='word_1_626' title='bbox 1081 2190 1171 2223; x_wconf 87' lang='lat' dir='ltr'><strong>Quare</strong></span> <span class='ocrx_word' id='word_1_627' title='bbox 1187 2194 1227 2223; x_wconf 89' lang='lat' dir='ltr'><strong>tu,</strong></span> <span class='ocrx_word' id='word_1_628' title='bbox 1242 2189 1352 2217; x_wconf 72' lang='lat' dir='ltr'><strong>Iudaeus</strong></span> <span class='ocrx_word' id='word_1_629' title='bbox 1368 2197 1429 2216; x_wconf 91' lang='lat' dir='ltr'><strong>cum</strong></span> <span class='ocrx_word' id='word_1_630' title='bbox 1445 2190 1494 2220; x_wconf 86' lang='lat' dir='ltr'><strong>sis,</strong></span> <span class='ocrx_word' id='word_1_631' title='bbox 1511 2189 1603 2215; x_wconf 87' lang='lat' dir='ltr'><strong>bibere</strong></span> <span class='ocrx_word' id='word_1_632' title='bbox 1619 2195 1632 2214; x_wconf 84' lang='lat' dir='ltr'><strong>a</strong></span> <span class='ocrx_word' id='word_1_633' title='bbox 1644 2195 1688 2215; x_wconf 79' lang='lat' dir='ltr'><strong>me</strong></span> 
     </span>
    </p>
   </div>
   <div class='ocr_carea' id='block_1_90' title="bbox 63 2234 851 2270">
    <p class='ocr_par' dir='ltr' id='par_1_90' title="bbox 63 2234 851 2270">
     <span class='ocr_line' id='line_1_90' title="bbox 63 2234 851 2270; baseline -0.001 -9"><span class='ocrx_word' id='word_1_634' title='bbox 63 2234 132 2270; x_wconf 79' lang='grc' dir='ltr'><strong>ἐμοῦ</strong></span> <span class='ocrx_word' id='word_1_635' title='bbox 149 2235 219 2260; x_wconf 67' lang='grc' dir='ltr'>πιεῖν</span> <span class='ocrx_word' id='word_1_636' title='bbox 232 2234 313 2269; x_wconf 79' lang='grc' dir='ltr'>ὕδωρ,</span> <span class='ocrx_word' id='word_1_637' title='bbox 326 2234 516 2270; x_wconf 76' lang='grc' dir='ltr'>Σαμαρείτιδος</span> <span class='ocrx_word' id='word_1_638' title='bbox 527 2234 627 2270; x_wconf 70' lang='grc' dir='ltr'>οὕσηςς</span> <span class='ocrx_word' id='word_1_639' title='bbox 648 2243 657 2260; x_wconf 73' lang='grc' dir='ltr'><strong>ι</strong></span> <span class='ocrx_word' id='word_1_640' title='bbox 670 2234 755 2261; x_wconf 82' lang='grc' dir='ltr'>Πόθεν</span> <span class='ocrx_word' id='word_1_641' title='bbox 771 2234 851 2260; x_wconf 75' lang='grc' dir='ltr'>αὐτὸν</span> 
     </span>
    </p>
   </div>
   <div class='ocr_carea' id='block_1_91' title="bbox 62 2279 850 2316">
    <p class='ocr_par' dir='ltr' id='par_1_91' title="bbox 62 2279 850 2316">
     <span class='ocr_line' id='line_1_91' title="bbox 62 2279 850 2316; baseline 0 -10"><span class='ocrx_word' id='word_1_642' title='bbox 62 2281 232 2315; x_wconf 83' lang='grc' dir='ltr'>γνωρίσασα,</span> <span class='ocrx_word' id='word_1_643' title='bbox 244 2281 368 2307; x_wconf 77' lang='grc' dir='ltr'>Ἰουδαῖον</span> <span class='ocrx_word' id='word_1_644' title='bbox 382 2279 450 2308; x_wconf 84' lang='grc' dir='ltr'>εἶναι</span> <span class='ocrx_word' id='word_1_645' title='bbox 463 2300 471 2313; x_wconf 86' lang='grc'><strong>,</strong></span> <span class='ocrx_word' id='word_1_646' title='bbox 486 2281 553 2316; x_wconf 64' lang='grc' dir='ltr'><strong>φησὶ⁴</strong></span> <span class='ocrx_word' id='word_1_647' title='bbox 571 2280 638 2316; x_wconf 82' lang='grc' dir='ltr'>πρὸς</span> <span class='ocrx_word' id='word_1_648' title='bbox 655 2281 735 2307; x_wconf 76' lang='grc' dir='ltr'>αὐτόν</span> <span class='ocrx_word' id='word_1_649' title='bbox 744 2289 750 2295; x_wconf 90' lang='grc'><strong>·</strong></span> <span class='ocrx_word' id='word_1_650' title='bbox 766 2289 775 2306; x_wconf 79' lang='grc' dir='ltr'><strong>ι</strong></span> <span class='ocrx_word' id='word_1_651' title='bbox 789 2280 850 2312; x_wconf 83' lang='grc' dir='ltr'><strong>Πῶς</strong></span> 
     </span>
    </p>
   </div>
   <div class='ocr_carea' id='block_1_92' title="bbox 64 2325 330 2359">
    <p class='ocr_par' dir='ltr' id='par_1_92' title="bbox 64 2325 330 2359">
     <span class='ocr_line' id='line_1_92' title="bbox 64 2325 330 2359; baseline 0.004 -8"><span class='ocrx_word' id='word_1_652' title='bbox 64 2326 98 2352; x_wconf 80' lang='grc' dir='ltr'>σὺ</span> <span class='ocrx_word' id='word_1_653' title='bbox 114 2325 240 2357; x_wconf 79' lang='grc' dir='ltr'>Ἰουδαῖος</span> <span class='ocrx_word' id='word_1_654' title='bbox 257 2325 294 2352; x_wconf 79' lang='grc' dir='ltr'>ὢν</span> <span class='ocrx_word' id='word_1_655' title='bbox 303 2334 309 2359; x_wconf 88' lang='grc'><strong>;</strong></span> <span class='ocrx_word' id='word_1_656' title='bbox 321 2335 330 2352; x_wconf 70' lang='grc' dir='ltr'><strong>ι</strong></span> 
     </span>
    </p>
   </div>
   <div class='ocr_carea' id='block_1_93' title="bbox 97 2377 852 2420">
    <p class='ocr_par' dir='ltr' id='par_1_93' title="bbox 97 2377 852 2420">
     <span class='ocr_line' id='line_1_93' title="bbox 97 2377 852 2420; baseline 0.001 -12"><span class='ocrx_word' id='word_1_657' title='bbox 97 2377 197 2412; x_wconf 75' lang='grc' dir='ltr'>Ἀπόκ,</span> <span class='ocrx_word' id='word_1_658' title='bbox 223 2383 289 2409; x_wconf 77' lang='grc' dir='ltr'><strong>Ἀπὸ</strong></span> <span class='ocrx_word' id='word_1_659' title='bbox 311 2382 359 2410; x_wconf 77' lang='grc' dir='ltr'>τοῦ</span> <span class='ocrx_word' id='word_1_660' title='bbox 391 2383 540 2420; x_wconf 71' lang='grc' dir='ltr'>σχήματος,</span> <span class='ocrx_word' id='word_1_661' title='bbox 570 2383 635 2415; x_wconf 73' lang='grc' dir='ltr'>ἴσως</span> <span class='ocrx_word' id='word_1_662' title='bbox 657 2382 704 2409; x_wconf 73' lang='grc' dir='ltr'>καὶ</span> <span class='ocrx_word' id='word_1_663' title='bbox 721 2383 770 2418; x_wconf 79' lang='grc' dir='ltr'>τῆς</span> <span class='ocrx_word' id='word_1_664' title='bbox 795 2383 852 2409; x_wconf 88' lang='grc' dir='ltr'>δια-</span> 
     </span>
    </p>
   </div>
   <div class='ocr_carea' id='block_1_94' title="bbox 63 2427 176 2461">
    <p class='ocr_par' dir='ltr' id='par_1_94' title="bbox 63 2427 176 2461">
     <span class='ocr_line' id='line_1_94' title="bbox 63 2427 176 2461; baseline 0.018 -7"><span class='ocrx_word' id='word_1_665' title='bbox 63 2427 176 2461; x_wconf 76' lang='grc' dir='ltr'>λέξεως.</span> 
     </span>
    </p>
   </div>
   <div class='ocr_carea' id='block_1_95' title="bbox 98 2473 854 2510">
    <p class='ocr_par' dir='ltr' id='par_1_95' title="bbox 98 2473 854 2510">
     <span class='ocr_line' id='line_1_95' title="bbox 98 2473 854 2510; baseline -0.001 -10"><span class='ocrx_word' id='word_1_666' title='bbox 98 2473 258 2510; x_wconf 83' lang='grc' dir='ltr'><strong>Ἐρώτ.κη’.</strong></span> <span class='ocrx_word' id='word_1_667' title='bbox 270 2483 280 2500; x_wconf 76' lang='grc' dir='ltr'><strong>ι</strong></span> <span class='ocrx_word' id='word_1_668' title='bbox 292 2474 346 2501; x_wconf 75' lang='grc' dir='ltr'><strong>Καὶ</strong></span> <span class='ocrx_word' id='word_1_669' title='bbox 357 2474 484 2510; x_wconf 79' lang='grc' dir='ltr'>ἐγέννησε</span> <span class='ocrx_word' id='word_1_670' title='bbox 495 2474 540 2501; x_wconf 84' lang='grc' dir='ltr'><strong>τὸν</strong></span> <span class='ocrx_word' id='word_1_671' title='bbox 549 2473 607 2501; x_wconf 82' lang='grc' dir='ltr'>υἱὸν</span> <span class='ocrx_word' id='word_1_672' title='bbox 624 2473 710 2510; x_wconf 83' lang='grc' dir='ltr'>αὐτῆς</span> <span class='ocrx_word' id='word_1_673' title='bbox 723 2473 768 2499; x_wconf 77' lang='grc' dir='ltr'>τὸν</span> <span class='ocrx_word' id='word_1_674' title='bbox 781 2481 854 2508; x_wconf 82' lang='grc' dir='ltr'>πρω-</span> 
     </span>
    </p>
   </div>
   <div class='ocr_carea' id='block_1_96' title="bbox 63 2518 854 2556">
    <p class='ocr_par' dir='ltr' id='par_1_96' title="bbox 63 2518 854 2556">
     <span class='ocr_line' id='line_1_96' title="bbox 63 2518 854 2556; baseline -0.001 -10"><span class='ocrx_word' id='word_1_675' title='bbox 63 2519 186 2548; x_wconf 79' lang='grc' dir='ltr'>τότοκον.</span> <span class='ocrx_word' id='word_1_676' title='bbox 207 2521 227 2554; x_wconf 70' lang='grc' dir='ltr'><strong>»Ι</strong></span> <span class='ocrx_word' id='word_1_677' title='bbox 241 2520 290 2547; x_wconf 83' lang='grc' dir='ltr'>Διὰ</span> <span class='ocrx_word' id='word_1_678' title='bbox 314 2519 339 2547; x_wconf 90' lang='grc' dir='ltr'><strong>τί</strong></span> <span class='ocrx_word' id='word_1_679' title='bbox 353 2519 423 2552; x_wconf 76' lang='grc' dir='ltr'>εἷπε,</span> <span class='ocrx_word' id='word_1_680' title='bbox 448 2530 458 2546; x_wconf 75' lang='grc' dir='ltr'><strong>ι</strong></span> <span class='ocrx_word' id='word_1_681' title='bbox 476 2519 668 2556; x_wconf 82' lang='grc' dir='ltr'>πρωτότοκον;</span> <span class='ocrx_word' id='word_1_682' title='bbox 688 2529 697 2545; x_wconf 79' lang='grc' dir='ltr'><strong>ι</strong></span> <span class='ocrx_word' id='word_1_683' title='bbox 715 2518 783 2545; x_wconf 79' lang='grc' dir='ltr'><strong>οὐδὲ</strong></span> <span class='ocrx_word' id='word_1_684' title='bbox 800 2519 854 2554; x_wconf 83' lang='grc' dir='ltr'><strong>γὰρ</strong></span> 
     </span>
    </p>
   </div>
   <div class='ocr_carea' id='block_1_97' title="bbox 65 2566 474 2602">
    <p class='ocr_par' dir='ltr' id='par_1_97' title="bbox 65 2566 474 2602">
     <span class='ocr_line' id='line_1_97' title="bbox 65 2566 474 2602; baseline 0 -10"><span class='ocrx_word' id='word_1_685' title='bbox 65 2566 145 2600; x_wconf 72' lang='grc' dir='ltr'>ἔσχεν</span> <span class='ocrx_word' id='word_1_686' title='bbox 158 2566 235 2593; x_wconf 74' lang='grc' dir='ltr'>ἄλλον</span> <span class='ocrx_word' id='word_1_687' title='bbox 249 2566 305 2593; x_wconf 83' lang='grc' dir='ltr'>υἱὺν</span> <span class='ocrx_word' id='word_1_688' title='bbox 318 2567 334 2602; x_wconf 81' lang='grc' dir='ltr'>ἡ</span> <span class='ocrx_word' id='word_1_689' title='bbox 350 2566 474 2601; x_wconf 88' lang='grc' dir='ltr'>Παναγία</span> 
     </span>
    </p>
   </div>
   <div class='ocr_carea' id='block_1_98' title="bbox 105 2605 856 2647">
    <p class='ocr_par' dir='ltr' id='par_1_98' title="bbox 105 2605 856 2647">
     <span class='ocr_line' id='line_1_98' title="bbox 105 2605 856 2647; baseline 0.007 -13"><span class='ocrx_word' id='word_1_690' title='bbox 105 2605 205 2634; x_wconf 54' lang='grc' dir='ltr'>’Δπόδω</span> <span class='ocrx_word' id='word_1_691' title='bbox 222 2608 331 2645; x_wconf 84' lang='grc' dir='ltr'>Ἐπειδὴ</span> <span class='ocrx_word' id='word_1_692' title='bbox 345 2610 411 2642; x_wconf 81' lang='grc' dir='ltr'>Θεὸς</span> <span class='ocrx_word' id='word_1_693' title='bbox 425 2612 555 2647; x_wconf 80' lang='grc' dir='ltr'>ὑπάρχων</span> <span class='ocrx_word' id='word_1_694' title='bbox 568 2611 691 2647; x_wconf 77' lang='grc' dir='ltr'>ἀληθινὸς</span> <span class='ocrx_word' id='word_1_695' title='bbox 703 2612 717 2638; x_wconf 84' lang='grc' dir='ltr'><strong>ὁ</strong></span> <span class='ocrx_word' id='word_1_696' title='bbox 728 2612 756 2645; x_wconf 79' lang='grc' dir='ltr'>ἐξ</span> <span class='ocrx_word' id='word_1_697' title='bbox 771 2612 856 2647; x_wconf 83' lang='grc' dir='ltr'>αὐτῆς</span> 
     </span>
    </p>
   </div>
   <div class='ocr_carea' id='block_1_99' title="bbox 63 2653 855 2694">
    <p class='ocr_par' dir='ltr' id='par_1_99' title="bbox 63 2653 855 2694">
     <span class='ocr_line' id='line_1_99' title="bbox 63 2653 855 2694; baseline 0.008 -16"><span class='ocrx_word' id='word_1_698' title='bbox 63 2653 221 2688; x_wconf 75' lang='grc' dir='ltr'>(αρκωθεὶς</span> <span class='ocrx_word' id='word_1_699' title='bbox 249 2654 352 2692; x_wconf 82' lang='grc' dir='ltr'>Κύριος</span> <span class='ocrx_word' id='word_1_700' title='bbox 370 2657 449 2692; x_wconf 81' lang='grc' dir='ltr'><strong>ἡμῶν</strong></span> <span class='ocrx_word' id='word_1_701' title='bbox 470 2657 573 2693; x_wconf 82' lang='grc' dir='ltr'>Ἰησοῦς</span> <span class='ocrx_word' id='word_1_702' title='bbox 592 2658 724 2694; x_wconf 85' lang='grc' dir='ltr'>Χριστὸς,</span> <span class='ocrx_word' id='word_1_703' title='bbox 744 2658 855 2692; x_wconf 84' lang='grc' dir='ltr'>γέγονεν</span> 
     </span>
    </p>
   </div>
   <div class='ocr_carea' id='block_1_100' title="bbox 64 2701 854 2739">
    <p class='ocr_par' dir='ltr' id='par_1_100' title="bbox 64 2701 854 2739">
     <span class='ocr_line' id='line_1_100' title="bbox 64 2701 854 2739; baseline 0 -11"><span class='ocrx_word' id='word_1_704' title='bbox 64 2701 145 2738; x_wconf 78' lang='grc' dir='ltr'><strong>ἡμῶν</strong></span> <span class='ocrx_word' id='word_1_705' title='bbox 158 2702 202 2729; x_wconf 76' lang='grc' dir='ltr'><strong>διὰ</strong></span> <span class='ocrx_word' id='word_1_706' title='bbox 215 2702 265 2738; x_wconf 79' lang='grc' dir='ltr'>τὴν</span> <span class='ocrx_word' id='word_1_707' title='bbox 287 2702 423 2739; x_wconf 74' lang='grc' dir='ltr'>σάρκωσιν</span> <span class='ocrx_word' id='word_1_708' title='bbox 439 2702 560 2738; x_wconf 81' lang='grc' dir='ltr'>ἀδελφὸς,</span> <span class='ocrx_word' id='word_1_709' title='bbox 574 2702 669 2729; x_wconf 78' lang='grc' dir='ltr'>τούτου</span> <span class='ocrx_word' id='word_1_710' title='bbox 691 2703 770 2739; x_wconf 86' lang='grc' dir='ltr'>χάριν</span> <span class='ocrx_word' id='word_1_711' title='bbox 788 2703 854 2729; x_wconf 86' lang='grc' dir='ltr'>ὠνο-</span> 
     </span>
    </p>
   </div>
   <div class='ocr_carea' id='block_1_101' title="bbox 115 2791 756 2822">
    <p class='ocr_par' dir='ltr' id='par_1_101' title="bbox 115 2791 756 2822">
     <span class='ocr_line' id='line_1_101' title="bbox 115 2791 756 2822; baseline 0.003 -4"><span class='ocrx_word' id='word_1_712' title='bbox 115 2792 138 2808; x_wconf 83' lang='grc'><strong>’¹</strong></span> <span class='ocrx_word' id='word_1_713' title='bbox 160 2791 255 2819; x_wconf 79' lang='lat' dir='ltr'><strong>Matth.</strong></span> <span class='ocrx_word' id='word_1_714' title='bbox 284 2799 362 2819; x_wconf 80' lang='lat' dir='ltr'><strong>nvt.</strong></span> <span class='ocrx_word' id='word_1_715' title='bbox 379 2791 423 2819; x_wconf 64' lang='lat'><strong>34.</strong></span> <span class='ocrx_word' id='word_1_716' title='bbox 473 2792 497 2808; x_wconf 83' lang='lat'><strong>&quot;</strong></span> <span class='ocrx_word' id='word_1_717' title='bbox 515 2792 598 2819; x_wconf 83' lang='lat' dir='ltr'><strong>Marc.</strong></span> <span class='ocrx_word' id='word_1_718' title='bbox 620 2800 676 2822; x_wconf 81' lang='lat' dir='ltr'><strong>xtv.</strong></span> <span class='ocrx_word' id='word_1_719' title='bbox 711 2792 756 2820; x_wconf 76' lang='lat'><strong>3|.</strong></span> 
     </span>
    </p>
   </div>
   <div class='ocr_carea' id='block_1_102' title="bbox 805 2790 1092 2827">
    <p class='ocr_par' dir='ltr' id='par_1_102' title="bbox 805 2790 1092 2827">
     <span class='ocr_line' id='line_1_102' title="bbox 805 2790 1092 2827; baseline 0.007 -9"><span class='ocrx_word' id='word_1_720' title='bbox 805 2792 840 2808; x_wconf 85' lang='lat'><strong>&quot;&#39;</strong></span> <span class='ocrx_word' id='word_1_721' title='bbox 860 2791 927 2820; x_wconf 87' lang='lat' dir='ltr'><strong>Luc.</strong></span> <span class='ocrx_word' id='word_1_722' title='bbox 946 2799 1020 2827; x_wconf 80' lang='lat' dir='ltr'><strong>xm,</strong></span> <span class='ocrx_word' id='word_1_723' title='bbox 1045 2790 1092 2820; x_wconf 76' lang='grc'><strong>61.</strong></span> 
     </span>
    </p>
   </div>
   <div class='ocr_carea' id='block_1_103' title="bbox 62 2826 885 2864">
    <p class='ocr_par' dir='ltr' id='par_1_103' title="bbox 62 2826 885 2864">
     <span class='ocr_line' id='line_1_103' title="bbox 62 2826 885 2864; baseline 0 -10"><span class='ocrx_word' id='word_1_724' title='bbox 62 2827 90 2864; x_wconf 29' lang='grc'><strong>’⁸⁸</strong></span> <span class='ocrx_word' id='word_1_725' title='bbox 109 2826 206 2854; x_wconf 74' lang='lat' dir='ltr'><strong>Matth.</strong></span> <span class='ocrx_word' id='word_1_726' title='bbox 227 2834 316 2860; x_wconf 75' lang='lat' dir='ltr'><strong>xxvu,</strong></span> <span class='ocrx_word' id='word_1_727' title='bbox 335 2827 376 2856; x_wconf 78' lang='lat'><strong>55.</strong></span> <span class='ocrx_word' id='word_1_728' title='bbox 417 2827 439 2843; x_wconf 88' lang='lat'>&quot;</span> <span class='ocrx_word' id='word_1_729' title='bbox 459 2826 524 2856; x_wconf 85' lang='lat' dir='ltr'><strong>Luc.</strong></span> <span class='ocrx_word' id='word_1_730' title='bbox 546 2836 582 2862; x_wconf 89' lang='grc' dir='ltr'><strong>ιι,</strong></span> <span class='ocrx_word' id='word_1_731' title='bbox 600 2827 625 2856; x_wconf 84' lang='lat'><strong>7.</strong></span> <span class='ocrx_word' id='word_1_732' title='bbox 662 2828 686 2845; x_wconf 81' lang='lat'><strong>&quot;</strong></span> <span class='ocrx_word' id='word_1_733' title='bbox 704 2827 784 2855; x_wconf 86' lang='lat' dir='ltr'><strong>Joaa.</strong></span> <span class='ocrx_word' id='word_1_734' title='bbox 804 2835 841 2862; x_wconf 81' lang='grc' dir='ltr'><strong>ιν,</strong></span> <span class='ocrx_word' id='word_1_735' title='bbox 859 2826 885 2854; x_wconf 88' lang='lat'><strong>5.</strong></span> 
     </span>
    </p>
   </div>
   <div class='ocr_carea' id='block_1_104' title="bbox 905 2232 1688 2272">
    <p class='ocr_par' dir='ltr' id='par_1_104' title="bbox 905 2232 1688 2272">
     <span class='ocr_line' id='line_1_104' title="bbox 905 2232 1688 2272; baseline -0.005 -8"><span class='ocrx_word' id='word_1_736' title='bbox 905 2237 997 2272; x_wconf 70' lang='lat' dir='ltr'><strong>poseis</strong></span> <span class='ocrx_word' id='word_1_737' title='bbox 1025 2245 1136 2272; x_wconf 85' lang='lat' dir='ltr'><strong>aquam,</strong></span> <span class='ocrx_word' id='word_1_738' title='bbox 1163 2244 1222 2271; x_wconf 73' lang='lat' dir='ltr'><strong>qua:</strong></span> <span class='ocrx_word' id='word_1_739' title='bbox 1249 2244 1310 2263; x_wconf 93' lang='lat' dir='ltr'><strong>sum</strong></span> <span class='ocrx_word' id='word_1_740' title='bbox 1341 2233 1512 2262; x_wconf 83' lang='lat' dir='ltr'><strong>Samaritana</strong></span> <span class='ocrx_word' id='word_1_741' title='bbox 1528 2232 1688 2261; x_wconf 68' lang='lat' dir='ltr'><strong>&quot;&#39;hUnde</strong></span> 
     </span>
    </p>
   </div>
   <div class='ocr_carea' id='block_1_105' title="bbox 887 2277 1688 2319">
    <p class='ocr_par' dir='ltr' id='par_1_105' title="bbox 887 2277 1688 2319">
     <span class='ocr_line' id='line_1_105' title="bbox 887 2277 1688 2319; baseline -0.009 -8"><span class='ocrx_word' id='word_1_742' title='bbox 887 2291 987 2319; x_wconf 75' lang='lat' dir='ltr'><strong>,gnara</strong></span> <span class='ocrx_word' id='word_1_743' title='bbox 997 2283 1120 2310; x_wconf 67' lang='lat' dir='ltr'><strong>Judaeum</strong></span> <span class='ocrx_word' id='word_1_744' title='bbox 1137 2282 1212 2309; x_wconf 91' lang='lat' dir='ltr'><strong>illum</strong></span> <span class='ocrx_word' id='word_1_745' title='bbox 1228 2289 1300 2314; x_wconf 88' lang='lat' dir='ltr'><strong>esse,</strong></span> <span class='ocrx_word' id='word_1_746' title='bbox 1318 2281 1355 2307; x_wconf 86' lang='lat' dir='ltr'><strong>ait</strong></span> <span class='ocrx_word' id='word_1_747' title='bbox 1370 2280 1409 2307; x_wconf 92' lang='lat' dir='ltr'><strong>illi</strong></span> <span class='ocrx_word' id='word_1_748' title='bbox 1424 2289 1430 2307; x_wconf 92' lang='lat'>:</span> <span class='ocrx_word' id='word_1_749' title='bbox 1449 2289 1458 2304; x_wconf 84' lang='grc' dir='ltr'><strong>ι</strong></span> <span class='ocrx_word' id='word_1_750' title='bbox 1477 2279 1567 2312; x_wconf 86' lang='lat' dir='ltr'><strong>Quare</strong></span> <span class='ocrx_word' id='word_1_751' title='bbox 1583 2282 1622 2311; x_wconf 92' lang='lat' dir='ltr'><strong>tu,</strong></span> <span class='ocrx_word' id='word_1_752' title='bbox 1638 2277 1688 2305; x_wconf 77' lang='lat' dir='ltr'><strong>Ju-</strong></span> 
     </span>
    </p>
   </div>
   <div class='ocr_carea' id='block_1_106' title="bbox 901 2329 1154 2358">
    <p class='ocr_par' dir='ltr' id='par_1_106' title="bbox 901 2329 1154 2358">
     <span class='ocr_line' id='line_1_106' title="bbox 901 2329 1154 2358; baseline -0.012 0"><span class='ocrx_word' id='word_1_753' title='bbox 901 2331 976 2358; x_wconf 73' lang='lat' dir='ltr'><strong>daaus</strong></span> <span class='ocrx_word' id='word_1_754' title='bbox 989 2337 1051 2357; x_wconf 91' lang='lat' dir='ltr'><strong>cum</strong></span> <span class='ocrx_word' id='word_1_755' title='bbox 1069 2329 1127 2357; x_wconf 82' lang='lat' dir='ltr'><strong>sis?</strong></span> <span class='ocrx_word' id='word_1_756' title='bbox 1144 2338 1154 2354; x_wconf 70' lang='grc' dir='ltr'><strong>ι</strong></span> 
     </span>
    </p>
   </div>
   <div class='ocr_carea' id='block_1_107' title="bbox 939 2381 1598 2422">
    <p class='ocr_par' dir='ltr' id='par_1_107' title="bbox 939 2381 1598 2422">
     <span class='ocr_line' id='line_1_107' title="bbox 939 2381 1598 2422; baseline -0.006 -10"><span class='ocrx_word' id='word_1_757' title='bbox 939 2386 1020 2422; x_wconf 73' lang='lat'><strong>256</strong></span> <span class='ocrx_word' id='word_1_758' title='bbox 1031 2384 1065 2414; x_wconf 74' lang='grc' dir='ltr'><strong>Β.</strong></span> <span class='ocrx_word' id='word_1_759' title='bbox 1078 2384 1117 2412; x_wconf 79' lang='lat' dir='ltr'><strong>Ex</strong></span> <span class='ocrx_word' id='word_1_760' title='bbox 1132 2383 1238 2415; x_wconf 87' lang='lat' dir='ltr'><strong>habitu,</strong></span> <span class='ocrx_word' id='word_1_761' title='bbox 1250 2386 1278 2410; x_wconf 91' lang='lat' dir='ltr'><strong>et</strong></span> <span class='ocrx_word' id='word_1_762' title='bbox 1294 2382 1410 2410; x_wconf 81' lang='lat' dir='ltr'><strong>fortasse</strong></span> <span class='ocrx_word' id='word_1_763' title='bbox 1425 2389 1459 2409; x_wconf 78' lang='lat' dir='ltr'><strong>ex</strong></span> <span class='ocrx_word' id='word_1_764' title='bbox 1472 2381 1598 2408; x_wconf 85' lang='lat' dir='ltr'><strong>dialecto.</strong></span> 
     </span>
    </p>
   </div>
   <div class='ocr_carea' id='block_1_108' title="bbox 919 2469 1687 2509">
    <p class='ocr_par' dir='ltr' id='par_1_108' title="bbox 919 2469 1687 2509">
     <span class='ocr_line' id='line_1_108' title="bbox 919 2469 1687 2509; baseline -0.008 -7"><span class='ocrx_word' id='word_1_765' title='bbox 919 2474 970 2508; x_wconf 34' lang='lat' dir='ltr'><strong>‘Q.</strong></span> <span class='ocrx_word' id='word_1_766' title='bbox 993 2474 1038 2502; x_wconf 77' lang='lat'><strong>28.</strong></span> <span class='ocrx_word' id='word_1_767' title='bbox 1066 2482 1076 2500; x_wconf 79' lang='grc' dir='ltr'><strong>ι</strong></span> <span class='ocrx_word' id='word_1_768' title='bbox 1103 2473 1136 2500; x_wconf 89' lang='grc' dir='ltr'><strong>Ει</strong></span> <span class='ocrx_word' id='word_1_769' title='bbox 1161 2473 1266 2509; x_wconf 86' lang='lat' dir='ltr'><strong>peperit</strong></span> <span class='ocrx_word' id='word_1_770' title='bbox 1291 2472 1375 2499; x_wconf 80' lang='lat' dir='ltr'><strong>[ilium</strong></span> <span class='ocrx_word' id='word_1_771' title='bbox 1407 2478 1487 2499; x_wconf 93' lang='lat' dir='ltr'><strong>suum</strong></span> <span class='ocrx_word' id='word_1_772' title='bbox 1518 2469 1687 2506; x_wconf 80' lang='lat' dir='ltr'><strong>primogeni-</strong></span> 
     </span>
    </p>
   </div>
   <div class='ocr_carea' id='block_1_109' title="bbox 903 2515 1687 2553">
    <p class='ocr_par' dir='ltr' id='par_1_109' title="bbox 903 2515 1687 2553">
     <span class='ocr_line' id='line_1_109' title="bbox 903 2515 1687 2553; baseline -0.006 -6"><span class='ocrx_word' id='word_1_773' title='bbox 903 2524 961 2547; x_wconf 91' lang='lat' dir='ltr'><strong>tum</strong></span> <span class='ocrx_word' id='word_1_774' title='bbox 974 2519 997 2536; x_wconf 77' lang='grc'><strong>⁸⁸</strong></span> <span class='ocrx_word' id='word_1_775' title='bbox 1014 2538 1021 2545; x_wconf 92' lang='grc'><strong>.</strong></span> <span class='ocrx_word' id='word_1_776' title='bbox 1040 2529 1049 2545; x_wconf 80' lang='grc' dir='ltr'><strong>ι</strong></span> <span class='ocrx_word' id='word_1_777' title='bbox 1065 2518 1155 2551; x_wconf 87' lang='lat' dir='ltr'><strong>Quare</strong></span> <span class='ocrx_word' id='word_1_778' title='bbox 1180 2519 1259 2550; x_wconf 86' lang='lat' dir='ltr'><strong>dixit,</strong></span> <span class='ocrx_word' id='word_1_779' title='bbox 1281 2527 1290 2543; x_wconf 77' lang='grc' dir='ltr'><strong>ι</strong></span> <span class='ocrx_word' id='word_1_780' title='bbox 1315 2516 1542 2553; x_wconf 76' lang='lat' dir='ltr'><strong>primogenitum?</strong></span> <span class='ocrx_word' id='word_1_781' title='bbox 1561 2525 1570 2542; x_wconf 74' lang='grc' dir='ltr'><strong>ι</strong></span> <span class='ocrx_word' id='word_1_782' title='bbox 1594 2515 1687 2551; x_wconf 85' lang='lat' dir='ltr'><strong>Neque</strong></span> 
     </span>
    </p>
   </div>
   <div class='ocr_carea' id='block_1_110' title="bbox 903 2560 1601 2596">
    <p class='ocr_par' dir='ltr' id='par_1_110' title="bbox 903 2560 1601 2596">
     <span class='ocr_line' id='line_1_110' title="bbox 903 2560 1601 2596; baseline -0.007 -4"><span class='ocrx_word' id='word_1_783' title='bbox 903 2565 975 2593; x_wconf 91' lang='lat' dir='ltr'><strong>enim</strong></span> <span class='ocrx_word' id='word_1_784' title='bbox 987 2565 1070 2592; x_wconf 85' lang='lat' dir='ltr'><strong>alium</strong></span> <span class='ocrx_word' id='word_1_785' title='bbox 1086 2564 1181 2591; x_wconf 85' lang='lat' dir='ltr'><strong>habuit</strong></span> <span class='ocrx_word' id='word_1_786' title='bbox 1198 2564 1282 2591; x_wconf 84' lang='lat' dir='ltr'><strong>lilium</strong></span> <span class='ocrx_word' id='word_1_787' title='bbox 1300 2563 1473 2591; x_wconf 88' lang='lat' dir='ltr'><strong>sanctissima</strong></span> <span class='ocrx_word' id='word_1_788' title='bbox 1485 2560 1601 2596; x_wconf 75' lang='lat' dir='ltr'><strong>(Virgo).</strong></span> 
     </span>
    </p>
   </div>
   <div class='ocr_carea' id='block_1_111' title="bbox 939 2606 1686 2644">
    <p class='ocr_par' dir='ltr' id='par_1_111' title="bbox 939 2606 1686 2644">
     <span class='ocr_line' id='line_1_111' title="bbox 939 2606 1686 2644; baseline -0.007 -7"><span class='ocrx_word' id='word_1_789' title='bbox 939 2610 971 2637; x_wconf 73' lang='grc' dir='ltr'><strong>Β.</strong></span> <span class='ocrx_word' id='word_1_790' title='bbox 988 2610 1057 2644; x_wconf 87' lang='lat' dir='ltr'><strong>Quia</strong></span> <span class='ocrx_word' id='word_1_791' title='bbox 1073 2609 1144 2637; x_wconf 86' lang='lat' dir='ltr'><strong>Deus</strong></span> <span class='ocrx_word' id='word_1_792' title='bbox 1159 2617 1219 2637; x_wconf 91' lang='lat' dir='ltr'><strong>eum</strong></span> <span class='ocrx_word' id='word_1_793' title='bbox 1235 2613 1307 2636; x_wconf 89' lang='lat' dir='ltr'><strong>esset</strong></span> <span class='ocrx_word' id='word_1_794' title='bbox 1320 2616 1401 2636; x_wconf 90' lang='lat' dir='ltr'><strong>verus</strong></span> <span class='ocrx_word' id='word_1_795' title='bbox 1413 2608 1460 2643; x_wconf 91' lang='lat' dir='ltr'><strong>qui</strong></span> <span class='ocrx_word' id='word_1_796' title='bbox 1476 2615 1509 2634; x_wconf 81' lang='lat' dir='ltr'><strong>ex</strong></span> <span class='ocrx_word' id='word_1_797' title='bbox 1527 2607 1571 2633; x_wconf 87' lang='lat' dir='ltr'><strong>illa</strong></span> <span class='ocrx_word' id='word_1_798' title='bbox 1593 2606 1686 2633; x_wconf 81' lang='lat' dir='ltr'><strong>incar—</strong></span> 
     </span>
    </p>
   </div>
   <div class='ocr_carea' id='block_1_112' title="bbox 903 2651 1686 2683">
    <p class='ocr_par' dir='ltr' id='par_1_112' title="bbox 903 2651 1686 2683">
     <span class='ocr_line' id='line_1_112' title="bbox 903 2651 1686 2683; baseline -0.005 0"><span class='ocrx_word' id='word_1_799' title='bbox 903 2661 984 2683; x_wconf 85' lang='lat' dir='ltr'><strong>natus</strong></span> <span class='ocrx_word' id='word_1_800' title='bbox 1010 2661 1052 2683; x_wconf 89' lang='lat' dir='ltr'><strong>est</strong></span> <span class='ocrx_word' id='word_1_801' title='bbox 1071 2655 1202 2682; x_wconf 88' lang='lat' dir='ltr'><strong>Dominus</strong></span> <span class='ocrx_word' id='word_1_802' title='bbox 1224 2657 1318 2681; x_wconf 83' lang='lat' dir='ltr'><strong>noster</strong></span> <span class='ocrx_word' id='word_1_803' title='bbox 1340 2652 1420 2681; x_wconf 81' lang='lat' dir='ltr'><strong>Jesus</strong></span> <span class='ocrx_word' id='word_1_804' title='bbox 1439 2652 1575 2682; x_wconf 81' lang='lat' dir='ltr'><strong>Christus.</strong></span> <span class='ocrx_word' id='word_1_805' title='bbox 1598 2651 1686 2679; x_wconf 80' lang='lat' dir='ltr'><strong>factus</strong></span> 
     </span>
    </p>
   </div>
   <div class='ocr_carea' id='block_1_113' title="bbox 903 2696 1687 2737">
    <p class='ocr_par' dir='ltr' id='par_1_113' title="bbox 903 2696 1687 2737">
     <span class='ocr_line' id='line_1_113' title="bbox 903 2696 1687 2737; baseline -0.009 -8"><span class='ocrx_word' id='word_1_806' title='bbox 903 2705 946 2730; x_wconf 88' lang='lat' dir='ltr'><strong>est</strong></span> <span class='ocrx_word' id='word_1_807' title='bbox 965 2709 1014 2737; x_wconf 88' lang='lat' dir='ltr'><strong>per</strong></span> <span class='ocrx_word' id='word_1_808' title='bbox 1032 2701 1248 2728; x_wconf 89' lang='lat' dir='ltr'><strong>incarnationem</strong></span> <span class='ocrx_word' id='word_1_809' title='bbox 1270 2698 1354 2726; x_wconf 78' lang='lat' dir='ltr'><strong>frater</strong></span> <span class='ocrx_word' id='word_1_810' title='bbox 1376 2701 1480 2730; x_wconf 86' lang='lat' dir='ltr'><strong>noster,</strong></span> <span class='ocrx_word' id='word_1_811' title='bbox 1508 2696 1687 2732; x_wconf 88' lang='lat' dir='ltr'><strong>quamobrem</strong></span> 
     </span>
    </p>
   </div>
   <div class='ocr_carea' id='block_1_114' title="bbox 1139 2786 1686 2822">
    <p class='ocr_par' dir='ltr' id='par_1_114' title="bbox 1139 2786 1686 2822">
     <span class='ocr_line' id='line_1_114' title="bbox 1139 2786 1686 2822; baseline -0.005 -4"><span class='ocrx_word' id='word_1_812' title='bbox 1139 2790 1163 2808; x_wconf 77' lang='grc'><strong>⁸⁸</strong></span> <span class='ocrx_word' id='word_1_813' title='bbox 1181 2789 1278 2820; x_wconf 74' lang='lat' dir='ltr'><strong>Matth.</strong></span> <span class='ocrx_word' id='word_1_814' title='bbox 1305 2796 1388 2822; x_wconf 75' lang='lat' dir='ltr'><strong>nvi,</strong></span> <span class='ocrx_word' id='word_1_815' title='bbox 1405 2788 1449 2817; x_wconf 72' lang='lat'><strong>75.</strong></span> <span class='ocrx_word' id='word_1_816' title='bbox 1498 2788 1521 2805; x_wconf 80' lang='lat'><strong>&quot;</strong></span> <span class='ocrx_word' id='word_1_817' title='bbox 1541 2787 1608 2815; x_wconf 86' lang='lat' dir='ltr'><strong>ibid.</strong></span> <span class='ocrx_word' id='word_1_818' title='bbox 1640 2786 1686 2815; x_wconf 75' lang='lat'><strong>2|.</strong></span> 
     </span>
    </p>
   </div>
  </div>
