1924 3059
244 88 294 123 701'

796 87 825 116 S.
845 83 1075 113 ATHANASIUS.
1092 97 1128 104 --
1143 81 1279 111 SPURIA.

1812 76 1902 105 708

243 156 355 180 vocatus
365 154 407 179 cst
418 149 626 186 primogenitus,
639 150 733 183 utpote
743 146 789 182 qui
802 145 903 181 primas
913 144 1025 172 haberet

1108 141 1170 178 ἱσθη
1205 139 1394 178 πρωτότοκος,
1417 138 1456 171 ὥς
1482 136 1631 174 πρωτεύων
1659 136 1688 163 ὲν
1708 136 1798 177 πᾶσιν
1819 137 1899 163 αὑ-

242 199 270 226 in
285 197 421 225 omnibus.

277 243 309 277 Q.
320 243 365 270 29.
381 252 390 268 ι
407 242 439 268 Ει
451 240 592 268 reclinavit
603 247 665 267 eum
678 239 706 266 in
718 237 849 274 praasepio
858 237 892 263 ".
912 245 922 262 ι
935 234 1024 268 Quare

242 290 270 317 in
287 289 416 324 praesepio
432 288 583 316 reclinatus
599 286 674 313 fuit?

277 334 309 360 Β.
323 333 357 361 Ut
373 341 423 360 nos
438 333 472 360 ab
483 331 720 359 irrationabilitate
731 330 872 361 liberaret,
882 328 1025 355 brutorum

242 380 336 408 relicta
358 380 430 413 vita;
446 379 632 413 tribueretque
646 376 804 404 hominibus
827 378 1026 410 congruentem

242 426 415 462 prudentiam

276 471 309 505 Q.
322 472 366 498 50.
383 480 393 497 ι
411 470 496 497 llomo
517 469 701 497 descendebat
716 468 750 495 ab
763 466 914 495 Jerusalem
936 465 965 492 in
981 464 1027 492 Je-

240 518 329 549 richo,
345 522 371 544 et
385 517 481 544 incidit
496 517 522 542 in
538 515 686 542 latrones‘.
698 523 707 540 ι
719 513 895 547 Quishomo‘.’
908 511 974 544 Quae
985 511 1028 539 Je-

243 562 380 590 rusalem?
393 561 459 594 Qua:
469 559 599 588 Iericho?
610 560 661 593 Qui
675 559 817 587 latrones?

278 646 313 674 Β.
327 646 414 674 llomo
425 650 467 674 est
479 645 564 673 Adam
577 654 585 679 ;
600 644 762 676 Jerusalem,
776 643 920 680 paradisus
935 652 943 677 ;
956 642 1026 671 Ieri-

241 692 305 724 cho,
321 692 365 719 hic
381 691 500 718 mundus
513 700 520 724 ;
542 691 674 722 latrones,
689 690 835 718 daemones.

278 778 364 812 0.5L
374 778 446 806 Casu
460 782 550 806 autem
566 777 694 805 sacerdos
707 777 816 813 quidam
829 777 925 804 videns
934 777 944 792 '
953 784 1027 810 eum,

1073 185 1131 219 τός.

1110 232 1206 269 Ἐρώτ.
1224 232 1275 260 κθ’.
1293 242 1302 258 ι
1316 232 1371 259 Καὶ
1384 231 1520 258 ἀνέκλινεν
1537 229 1618 257 αὑτὸν
1639 229 1668 256 ὲν
1683 229 1717 264 τῇ
1738 228 1851 265 φάτνῃ-
1877 237 1892 254 ι

1076 278 1126 306 Διά
1140 278 1166 305 τί
1180 280 1209 305 ἐν
1223 279 1256 314 τῇ
1271 278 1358 312 φάτνῃ
1376 275 1518 310 ἀνεκλίθης

1111 324 1205 351 ’Δτοόκ.
1218 325 1277 350 ’Ὶνα
1286 324 1360 358 ἡμᾶς
1370 323 1419 357 τῆς
1436 322 1546 356 ἀλογίας
1555 319 1734 356 ἐλευθερώσῃ,
1743 319 1791 346 τδν
1803 327 1897 354 κτη-

1077 379 1200 406 νοπρεπη
1227 369 1446 405 μεταμείψαντας
1473 367 1546 403 βίον.
1572 367 1618 394 καὶ
1639 366 1689 402 τὴν
1713 365 1896 402 ἀνθρώποις

1077 416 1235 452 πρέπουσαν
1246 415 1374 451 παράσχῃ
1387 414 1505 442 σύνεσιν.

1112 461 1208 498 Ἐρώτ.
1222 461 1253 489 λ’.
1267 471 1276 487 ι
1292 461 1450 496 Ἀνθρωπος
1460 458 1619 486 κατέϐαινεν
1627 457 1893 493 ἀπὸιἹερουσαλὴμ

1078 509 1119 540 εἰς
1139 506 1255 543 Ἰεριχὼ,
1270 507 1317 533 καὶ
1336 505 1448 541 λῃσταῖς
1465 505 1621 540 περιέπεσε.
1637 513 1646 529 ι
1664 504 1712 535 Τίς
1730 504 1744 529 ὀ
1764 503 1892 539 ἄνθρω-

1080 562 1140 585 πος,
1163 553 1210 580 καὶ
1237 552 1279 584 τίς
1300 553 1318 588 ὴ
1339 550 1526 587 Ἰερουσαλὴμ,
1540 550 1587 576 καὶ
1605 549 1676 585 τίςὴ
1693 549 1812 585 Ἰεριχὼ,
1827 548 1891 576 καὶ

1077 599 1150 631 τίνες
1162 599 1186 625 οἱ
1206 597 1302 634 λῃσταί
1313 605 1320 630 ;

1119 645 1214 671 ’Λπόκ.
1231 643 1390 679 Ἀνθρωπος
1406 642 1456 678 μὲν
1467 643 1482 669 ὁ
1494 642 1595 677 Ἀδάμ·
1615 640 1793 677 Ἰερουσαλὴμ
1812 640 1844 666 δὲ
1870 642 1890 667 ὁ

1078 690 1243 726 παράδεισος
1255 698 1261 704 ·
1282 688 1386 725 Ἱεριχὼ
1401 689 1430 716 δὲ
1447 685 1524 720 οὗτος
1543 689 1557 715 ὁ
1574 688 1675 723 κόσμος
1685 696 1692 702 ·
1709 687 1756 713 καὶ¹
1772 687 1889 724 λῃσταὶ

1078 737 1102 762 ot
1116 737 1254 771 δαίμονες.

1115 781 1211 818 Ἐρώτ.
1224 782 1273 808 λα’.
1287 779 1365 807 Κατὰ
1373 779 1521 815 συγκυρίαν
1529 779 1557 806 δὲ
1569 779 1656 815 ἱερεύς
1667 788 1708 811 τις
1718 778 1780 806 ἰδὼν
1790 777 1889 805 αὑτὸν

245 825 430 860 pertransivit.
448 823 539 851 Levita
566 823 701 850 similiter.
725 822 913 850 Samaritanus
937 827 1027 850 autem

1108 827 1280 862 μτιπαρῆλθε·
1299 826 1346 853 καὶ
1378 825 1486 861 λευΐτης
1516 825 1626 860 ὁμοίως.
1647 824 1824 861 Σαμαρείτης
1848 824 1887 851 δὲ

245 870 341 897 videns
358 877 431 900 eum,
446 867 635 895 misericordia
649 872 740 895 motus
753 872 805 899 est,
819 873 846 895 et
867 868 960 903 ligavit
975 869 1032 896 vul-

244 923 312 944 nera
334 915 403 950 ejus.
426 914 497 948 Quid
521 914 598 946 illud,
617 923 627 940 ‹
652 914 745 941 Casu?
771 923 781 940 ι
797 913 865 947 Quis
883 916 1032 943 sacerdos?

244 960 311 994 Quis
326 960 436 987 Levita?
448 959 516 992 Quis
531 959 742 987 Samaritanus?

279 1006 313 1034 Β.
338 1006 416 1037 lllud,
435 1015 444 1031 ι
464 1005 548 1037 Casu,
569 1015 579 1032 ›
597 1005 625 1032 id
645 1010 698 1037 est,
719 1012 752 1032 ex
775 1004 868 1032 divina
886 1005 1033 1040 providen-

244 1052 292 1080 tia.
314 1051 449 1078 Sacerdos
464 1054 507 1078 est
521 1051 563 1077 lux
580 1059 586 1083 ;
605 1049 710 1081 Levita,
727 1049 851 1084 magistri
867 1057 901 1077 ex
912 1049 1033 1078 Levitico

244 1096 397 1125 sacerdotio
411 1104 418 1130 ;
435 1095 636 1127 Samaritanus,
651 1094 787 1122 Christus.

278 1196 312 1230 Q.
327 1196 371 1224 32.
384 1194 474 1229 Quare
487 1194 589 1223 dicitur
599 1194 799 1227 Samaritanus,
814 1194 963 1223 Christus?

279 1283 314 1311 Β.
334 1283 402 1316 Quia
421 1271 508 1310 Judaei
530 1282 607 1309 illum
630 1281 668 1309 ita
683 1286 876 1318 nuneuparant
889 1282 1006 1310 dicendo
1023 1292 1031 1310 :

247 1337 259 1356 ‹
281 1328 472 1356 Samaritanus
487 1336 528 1360 es,
541 1333 569 1356 et
581 1328 744 1356 daemonium
759 1329 842 1357 habes
855 1329 875 1356 ³.
897 1339 907 1356 ι

282 1374 315 1408 Q.
331 1375 376 1402 55.
394 1383 403 1400 ι
421 1374 536 1401 Factum
550 1377 592 1402 est
609 1378 710 1406 autem,
723 1375 821 1409 inquit,
835 1379 864 1402 ut
883 1380 1034 1404 moreretur

247 1418 378 1450 Lazarus,
403 1423 430 1446 el.
445 1422 601 1454 portaretur
630 1419 664 1446 ab
686 1419 789 1454 angelis
809 1421 836 1448 in
854 1421 932 1448 sinus
946 1421 1034 1449 Abra-

246 1465 288 1493 hae
298 1464 319 1492 ‘.
336 1464 446 1499 (Quare
459 1464 576 1492 moritur
588 1463 708 1493 Lazarus
718 1466 878 1501 priusquam
891 1467 984 1494 dives?

283 1554 316 1582 Β.
332 1555 369 1583 Ut
383 1554 476 1582 nullus
487 1554 565 1582 diviti
580 1555 754 1583 excusationi
773 1555 850 1582 locus
866 1553 1036 1589 relinquere-

248 1606 295 1629 tur
311 1611 318 1629 :
339 1601 414 1637 quod
433 1601 539 1629 scilicet
554 1601 660 1638 aliquid
678 1607 841 1638 erogaturus
857 1605 931 1629 esset
949 1602 988 1629 itii
1001 1602 1037 1637 (si

247 1647 388 1682 vixisset.)

285 1692 319 1725 Q.
329 1693 373 1722 54,
384 1704 395 1720 ι
408 1693 524 1721 Elevans
533 1697 623 1721 autem
632 1693 708 1722 dives
715 1693 810 1721 oculos
816 1700 881 1720 suos
891 1699 954 1720 cum
963 1697 1037 1720 esset

249 1738 278 1768 in
295 1740 450 1772 tormentis,
467 1739 535 1766 vidit
549 1739 682 1766 Lazarum
698 1740 726 1766 in
739 1739 845 1767 sinibus
859 1739 975 1766 Abrahae
987 1740 1008 1765 ⁸.
1024 1748 1034 1764 ι

249 1786 341 1819 Quare
369 1794 426 1812 non
448 1785 526 1817 alibi,
554 1784 602 1812 sed
628 1785 657 1812 in
680 1785 788 1812 sinibus
816 1784 934 1812 Abrahae
964 1785 1038 1813 videt

250 1831 403 1859 Lazarum?

288 1876 319 1902 R.
343 1877 411 1908 Quia
436 1875 508 1902 sicut
525 1874 659 1901 Adamum
681 1873 753 1901 Deus
773 1873 884 1909 ejiciens
909 1881 944 1901 ex
958 1882 1038 1910 para—

251 1923 322 1955 dlSO,
343 1922 434 1957 posuit
465 1921 540 1948 illum
561 1928 577 1948 e
598 1920 708 1956 regione
721 1939 729 1952 ,
759 1923 790 1947 ut
808 1919 935 1948 assiduus
960 1928 1039 1956 aspe-

251 1974 312 1996 ctus
336 1969 395 2003 ejus
421 1975 568 1996 maerorem
593 1975 739 1999 renovans,
754 1966 886 2001 majorem
914 1967 951 1994 illi
973 1975 1039 2002 prac-

251 2015 329 2043 beret
344 2014 387 2041 sui
405 2022 419 2041 a
433 2014 515 2042 bonis
529 2013 584 2041 illis
606 2013 701 2048 lapsus
716 2020 828 2040 sensum
843 2021 850 2046 ;
867 2012 903 2040 ita
919 2017 946 2040 et
961 2012 1038 2040 illum

253 2069 268 2089 e
282 2061 391 2096 regione
406 2059 502 2087 Lazari
518 2059 672 2093 constituit,
685 2063 716 2086 ut
729 2058 918 2086 vehementius
931 2059 1039 2086 morde-

253 2111 340 2134 retur.

290 2153 322 2187 Q.
338 2153 382 2181 55.
406 2152 497 2186 Quare
524 2159 578 2179 non
599 2152 627 2179 in
652 2151 705 2178 alio
722 2151 798 2185 justo
816 2150 884 2178 vidit
905 2149 1037 2178 Lazarum
1054 2151 1076 2180 D

253 2201 329 2228 dives
342 2200 387 2226 ille
400 2208 407 2232 ;
422 2199 469 2226 sed
484 2199 512 2224 in
527 2198 632 2225 sinibus
645 2197 782 2224 Abrahae?

288 2244 321 2271 It.
337 2244 407 2277 Quia
430 2243 573 2279 hospitalis
596 2242 733 2270 Abraham
758 2241 870 2274 fuerat;
892 2246 923 2268 ut
946 2242 1040 2276 itaque

254 2294 413 2326 argueretur
433 2290 468 2317 ob
487 2297 564 2317 suam
587 2297 651 2324 erga
677 2288 797 2323 hospites
821 2288 963 2320 saevitiam,
988 2283 1056 2314 ιιι-⁸

255 2344 348 2364 zarum
370 2343 432 2362 cum
449 2335 495 2362 illo
507 2334 590 2362 videt.
613 2334 661 2362 llle
682 2342 800 2369 namque
812 2334 932 2362 viatores
957 2333 1039 2361 etiam

254 2379 407 2415 excipiebat
429 2380 459 2413 ';
485 2379 530 2407 hic
553 2387 618 2408 vero
643 2387 705 2408 eum
725 2380 772 2415 qui
798 2380 872 2407 intus
896 2382 955 2407 erat
979 2387 1043 2407 con-

255 2426 394 2454 temnebat
409 2426 430 2453 ⁷.

290 2472 322 2504 ρ.
349 2471 393 2499 56.
423 2480 433 2497 ι
468 2471 549 2499 Pater
580 2471 729 2504 Abraham,
761 2471 892 2499 miserere
919 2470 972 2498 mei
988 2470 1009 2496 ⁸.
1029 2479 1038 2495 ι

255 2518 346 2551 Quare
367 2525 422 2544 non
443 2517 546 2544 Lazaro
573 2524 730 2545 sermonem
758 2516 852 2552 dirigit
877 2516 965 2547 dives.
994 2514 1042 2542 sed

255 2563 410 2590 Abrahamo
422 2563 433 2590 ?

290 2619 321 2646 [ἰ.
347 2619 424 2653 Quod
447 2623 640 2652 erubesceret,
656 2613 703 2647 ‘et
726 2619 832 2654 pudore
867 2623 1006 2647 teneretur
1035 2627 1042 2645 :

256 2667 367 2701 putabat
378 2667 447 2694 enim
458 2673 520 2693 eum
532 2665 638 2700 injuriae
652 2665 733 2692 illatae
742 2665 902 2692 memoriam
916 2665 1043 2693 retinere.

1084 873 1145 900 ίδὼν
1156 871 1472 908 αὑτὸν,¹ὲσπλαγχνίσθη,
1482 872 1528 898 καὶ
1540 871 1670 906 κατέδησε
1681 871 1714 898 τὰ
1728 870 1888 907 τραύματα

1082 917 1175 945 αὐτοῦ.
1204 917 1237 944 Τί
1269 916 1303 953 ἦν
1331 917 1372 950 τὺ,
1393 927 1401 943 ι
1417 917 1487 944 κατὰ
1511 917 1677 952 συγκυρίαν;
1700 926 1709 943 ι
1729 917 1776 943 καὶ
1797 916 1844 948 τίς
1868 917 1887 942 ὁ

1083 964 1188 1000 ίερεύςς
1219 964 1266 990 καὶ
1296 963 1338 995 τίς
1355 964 1369 990 ὁ
1391 963 1517 998 λευῖτης;
1535 963 1582 990 καὶ
1597 963 1638 995 τίς
1653 963 1667 988 ὁ
1682 962 1886 998 Σαμαρείτης;

1127 1009 1220 1036 Ἀπόκ.
1238 1009 1275 1036 Τὸ
1299 1009 1348 1044 μὲν
1365 1019 1374 1035 ‹
1390 1008 1462 1036 κατὰ
1488 1009 1637 1044 συγκυρίαν
1656 1017 1665 1034 ›
1684 1008 1775 1044 δηλοῖ·
1795 1008 1827 1034 τὸ
1847 1009 1887 1034 ὲκ

1083 1055 1156 1087 θείας
1165 1055 1320 1090 οἰκονομίας
1331 1063 1337 1069 ·
1353 1054 1442 1091 ἱερεὺς
1452 1054 1481 1080 δέ
1495 1055 1569 1081 ἐστιν
1586 1055 1601 1080 ὁ
1616 1054 1709 1089 νόμος·
1724 1053 1836 1090 λευῖτης
1851 1053 1886 1080 δὲ

1082 1101 1107 1127 οἱ
1123 1101 1177 1127 ἀπὸ
1192 1100 1241 1135 τῆς
1262 1099 1400 1135 λευῖτικῆς
1421 1099 1570 1136 ἱερωσύνης
1590 1099 1743 1126 διδάσκαλοι
1757 1107 1763 1114 ·
1780 1099 1886 1134 Σαμα-

1086 1147 1176 1182 ρείτης
1186 1146 1215 1172 δὲ
1226 1147 1240 1173 ό
1255 1146 1354 1182 Χριστό

1126 1192 1222 1229 Ἐρώτ,
1238 1192 1288 1219 λ6¹.
1308 1192 1364 1219 Καὶ
1374 1191 1418 1219 διὰ
1432 1191 1458 1218 τι
1469 1191 1575 1226 λέγεται
1592 1191 1763 1228 Σαμαρείτης
1778 1191 1793 1217 ὀ
1806 1190 1886 1226 Χριο

1084 1247 1163 1270 στοςέ

1126 1284 1220 1311 Ἀπόκ.
1235 1284 1284 1311 Διά
1295 1283 1326 1310 τὸ
1340 1283 1402 1315 τοὺς
1417 1282 1556 1314 Ἰουδαίους
1569 1274 1755 1315 αῡτδννοῦτως
1769 1283 1886 1310 ἀποκα-

1083 1331 1139 1358 λεῖν
1155 1331 1196 1357 ὅτι
1215 1339 1224 1356 ι
1247 1329 1420 1365 Σαμαρείτης
1438 1326 1473 1361 εἴ,
1488 1329 1534 1355 καὶ
1549 1328 1684 1364 δαιμόνιον
1701 1328 1784 1364 ἔχεις.
1809 1337 1820 1355 ι

1125 1376 1220 1414 Ἐρώτ.
1234 1376 1285 1410 λγ’.
1295 1385 1304 1402 ι
1317 1376 1439 1410 Ἐγένετο
1450 1375 1490 1408 δὲ,
1504 1375 1595 1410 φησὶν,
1605 1374 1747 1401 ἀποθανεῖν
1757 1375 1804 1401 τὸν
1822 1375 1885 1402 Λά-

1085 1423 1167 1459 ζαρον
1197 1423 1243 1449 καὶ
1269 1421 1449 1457 ἀπενεχθῆναι
1471 1421 1524 1448 ὑπὸ
1545 1421 1598 1448 τῶν
1615 1419 1737 1454 ἀγγέλων
1756 1420 1797 1452 εις
1814 1422 1883 1453 τοὺς

1048 1485 1069 1514 C
1086 1468 1201 1499 κόλπους
1220 1467 1266 1494 τοῦ
1287 1467 1420 1514 ξΑϐραάμ.
1436 1476 1446 1492 ι
1467 1466 1516 1493 Διά
1529 1467 1556 1493 τί
1567 1466 1731 1501 ἀποθνήσκει
1745 1466 1883 1502 πρῶτονό

1087 1514 1212 1549 Λάζαρος
1226 1512 1300 1548 παρὰ
1313 1512 1358 1539 τὸν
1373 1512 1514 1545 πλούσιον;

1129 1559 1227 1586 Ἀπόκ.
1248 1559 1306 1586 Ἵνα
1323 1559 1456 1594 μηδεμιᾶς
1487 1558 1634 1594 ἀπολογίας
1660 1559 1794 1594 πρόφασις
1811 1559 1882 1586 ὕπο-

1087 1605 1212 1641 λείπηται
1239 1605 1285 1631 τοῦ
1302 1604 1446 1638 πλουσίου,
1466 1604 1503 1637 ὡς
1529 1605 1673 1640 μέλλοντος
1696 1605 1818 1631 εὐποιείν
1838 1606 1882 1637 εις

1087 1652 1166 1678 αὐτόν
1171 1672 1177 1678 .

1129 1697 1224 1732 Ἑρώτ.
1236 1697 1282 1724 λδ’.
1303 1707 1313 1724 r
1332 1697 1495 1732 Ἀναϐλέψας
1503 1698 1531 1724 δὲ
1541 1699 1598 1729 τοῖς
1607 1697 1754 1732 ὀφθαλμοῖς
1763 1697 1845 1724 αὐτοῦ
1865 1699 1880 1724 ό

1089 1742 1226 1774 πλούσιος,
1254 1744 1305 1778 ὁρᾷ
1335 1743 1381 1770 τὸν
1407 1743 1532 1777 Λάζαρον
1561 1743 1590 1769 ὲν
1615 1744 1672 1774 τοῖς
1691 1743 1802 1773 κόλποις
1829 1742 1879 1769 τοῦ

1096 1787 1230 1822 Ἀϐραάμ.
1248 1797 1257 1812 ι
1268 1787 1318 1813 Διά
1330 1787 1355 1813 τί
1366 1787 1415 1813 οὐκ
1429 1786 1556 1821 ἀλλαχοῦ,
1572 1785 1629 1813 ἀλλ’
1652 1787 1680 1812 ὲν
1699 1787 1756 1817 τοῖς
1768 1785 1879 1816 κόλποις

1087 1832 1135 1860 τοῦ
1153 1832 1277 1868 ’Λσραὰμ
1289 1833 1340 1868 ὁρᾷ
1355 1832 1400 1859 τὸν
1416 1832 1559 1867 Λάζαρονς

1130 1880 1225 1907 ’Δπόκ.
1244 1879 1363 1915 Ἐπειδὴ,
1379 1879 1473 1914 ὥσπερ
1488 1879 1534 1905 τὸν
1553 1878 1637 1914 Ἀδὰμ
1653 1877 1799 1905 ὲκόαλὼνό
1812 1878 1878 1910 Θεὸς

1088 1927 1121 1953 ὲκ
1145 1925 1191 1953 τοῦ
1213 1925 1388 1961 παραδείσου,
1410 1925 1576 1960 καταντικρὺ
1599 1923 1692 1951 τοῦτον
1713 1923 1876 1958 κατῴκισεν,

1088 1973 1132 2000 ἵνα
1148 1973 1166 2008 ὴ
1183 1971 1295 2012 συνεχὴς
1309 1971 1380 2006 ὄψις,
1396 1970 1561 1998 ἀνανευοῦσα
1568 1970 1597 1997 τὺ
1611 1969 1705 2003 πάθος,
1719 1970 1876 2012 ἀκριϐεστέ-

1091 2027 1140 2053 ραν
1151 2009 1225 2053 αὺτῷ
1237 2017 1366 2052 παράσχῃ
1389 2016 1439 2052 τῆς
1455 2015 1617 2048 ἐκπτώσεως
1636 2016 1690 2043 τῶν
1707 2009 1818 2050 ἀγαθῶν
1828 2016 1876 2051 τὴν

1089 2064 1214 2099 αἴσθησιν
1225 2071 1231 2078 ·
1245 2062 1316 2089 οὕτω
1323 2062 1351 2089 δὲ
1367 2063 1415 2090 κα)⁸
1430 2061 1525 2089 τοῦτον
1533 2062 1675 2089 κατέναντι
1688 2061 1735 2088 τοῦ
1751 2060 1875 2097 Λαζάρου

1089 2108 1252 2144 κατῴκισεν,
1271 2108 1314 2134 ἵνα
1326 2107 1456 2143 μειζόνως
1475 2107 1687 2142 κατατρύχηται.

1129 2154 1224 2191 Ἐρώτ.
1234 2154 1280 2180 λε’.
1293 2154 1348 2180 Καὶ
1357 2154 1400 2180 διὰ
1414 2153 1440 2179 τί
1453 2154 1502 2180 οὐκ
1510 2154 1539 2179 ὲν
1547 2153 1618 2188 ἀλλῳ
1628 2152 1723 2187 δικαίῳ
1735 2151 1781 2179 τὸν
1788 2151 1876 2183 Λάζα-

1093 2210 1139 2237 ρον
1148 2201 1198 2236 ὁρᾷ
1212 2201 1226 2227 ὁ
1239 2199 1374 2233 πλούσιος,
1385 2199 1442 2228 ἀλλ’
1454 2200 1483 2226 ἐν
1493 2201 1548 2231 τοῖς
1559 2199 1668 2230 κόλποις
1676 2199 1722 2225 τοῦ
1735 2198 1856 2234 Ἀϐραάμ
1867 2208 1873 2231 ;

1135 2246 1227 2273 ’Δπόκ.
1244 2246 1351 2281 Ἐπειδὴ
1378 2246 1513 2281 φιλόξενος
1526 2243 1560 2281 ὴν
1572 2247 1586 2273 ὁ
1608 2245 1741 2280 Ἀϐραάμ.
1757 2245 1804 2271 Ἴν¹
1829 2243 1874 2271 οὖν

1092 2292 1201 2327 ἔλεγχος
1223 2291 1305 2318 αὑτοῦ
1329 2291 1441 2327 γένηται
1464 2292 1513 2326 τῆς
1546 2291 1707 2327 μισοξενίας.
1737 2290 1780 2317 διὰ
1799 2290 1874 2316 τοῦτο

1092 2337 1173 2364 αὑτὸν
1202 2339 1260 2373 μετ’
1281 2337 1386 2364 ἐκείνου
1405 2337 1507 2373 βλέπει.
1540 2338 1657 2369 Ἐκεῖνος
1679 2337 1732 2373 γὰρ
1752 2337 1797 2364 καὶ
1814 2337 1874 2368 τοὺς

1093 2384 1240 2420 παροδίτας
1253 2383 1398 2419 ὲξενοδόχει
1408 2392 1415 2399 ο
1433 2381 1509 2416 οὗτος
1523 2384 1552 2410 δὲ
1568 2384 1614 2410 καὶ
1627 2384 1671 2410 τὸν
1687 2383 1741 2410 ἑσω
1753 2383 1873 2418 κείμενον

1093 2429 1233 2466 παρεώρα.
1882 2459 1885 2462 .

1135 2474 1231 2510 Ἐρώτ.
1243 2475 1297 2508 λς’.
1311 2484 1320 2501 ι
1339 2474 1577 2510 Πάτερίᾌϐραάμ,
1589 2474 1698 2510 ἐλέησόν
1711 2483 1756 2510 με.
1773 2484 1782 2500 ι
1794 2474 1841 2501 Διὰ
1849 2475 1872 2500 τί

1094 2521 1126 2547 οὐ
1138 2521 1205 2556 πρὸς
1218 2520 1264 2547 τὸν
1276 2521 1399 2556 Λάζαρον
1413 2521 1458 2547 τὸν
1472 2521 1551 2556 λόγον
1562 2522 1702 2548 ἀπέτεινεν
1717 2522 1731 2548 ὁ
1741 2521 1870 2553 πλούσιος,

1095 2567 1163 2595 ἀλλὰ
1179 2567 1246 2603 πρὸς
1260 2567 1304 2593 τὸν
1327 2567 1468 2602 Ἀϐραάμ;

1137 2613 1231 2640 ’Λπόκ.
1257 2612 1364 2648 Ἐπειδὴ
1391 2611 1522 2648 ᾐσχύνετο
1547 2612 1594 2638 καὶ
1615 2611 1749 2648 ἠρυθρία·
1771 2612 1870 2648 ἐνόμιζε

1096 2659 1149 2695 γὰρ
1166 2658 1246 2686 αὑτὸν
1260 2659 1436 2694 μνησικακεῖν
1451 2658 1483 2685 δι’
1501 2654 1538 2685 ὧν
1545 2657 1662 2693 ἔπραξεν
1677 2659 1717 2690 εἰς
1733 2658 1820 2685 αὐτόν.

310 2771 332 2786 οι
352 2769 418 2797 Luc.
428 2778 456 2801 ll,
467 2769 494 2797 7.
533 2768 605 2796 ‘l.uc
633 2777 660 2801 χ,
677 2769 720 2795 50.
759 2769 769 2784 ³
790 2768 856 2796 ibid.
872 2767 965 2795 31-54.
1005 2765 1102 2793 'Joan.
1121 2769 1167 2790 vlu
1180 2781 1187 2795 ,
1205 2761 1248 2789 48.
1271 2760 1354 2789 ‘Luc.
1372 2759 1500 2797 xvt.22._
1521 2760 1659 2790 ’ὠπίλᾶ
1696 2761 1782 2789 'Gen.
1797 2767 1866 2791 mu.

257 2805 316 2835 ΞΒ.
356 2806 364 2820 ⁷
387 2805 452 2832 L-uc.
470 2813 523 2838 xu,
540 2805 584 2838 Et),
603 2804 648 2831 2|.
687 2804 697 2817 ν
718 2803 782 2830 ibid.
800 2802 845 2829 24.
