1924 3059
219 101 269 129 1H

759 90 762 95 ‘
789 96 818 124 s.
839 94 1066 124 ATHANASIUS.
1086 109 1119 115 —
1140 93 1276 122 SPURIA.
1309 81 1314 87 ’

1803 87 1877 116 712

763 176 833 204 ΤΟΥ
850 177 897 205 ΕΝ
915 176 1026 203 ΑΓῙΟΙΣ
1041 176 1177 203 ΠΑΤΡοΣ
1196 174 1295 203 ΗΜΩΝ

873 235 1190 282 ΑΘΑΝΑΣΙΟΥ

454 311 587 340 ΡΗΣΈΙΣ
603 311 671 339 ΚΑΙ
688 310 890 339 ΕΡΜΗΝΕΙΑΙ
901 308 1126 336 ΠΑΡΑΒΟΛΩΝ
1143 307 1213 334 ΤΟΥ
1227 306 1340 335 ΔΙἸΟΥ
1354 305 1600 335 ΕΥΔΓΓΕΔΙΟΥ.

681 434 764 470 258
796 431 843 476 S.
882 431 935 475 P.
964 430 1022 475 N.

1064 429 1384 474 ATHANASII

466 527 588 562 EDICTA
610 527 657 555 ET
671 524 1053 554 INTERPRETATIONES
1072 523 1346 552 PARABOLARUM
1363 520 1585 551 EVANGELII.

220 663 222 666 ’
260 666 379 702 Quaestio
388 665 409 692 Ι.
428 674 438 691 ι
448 664 489 692 ite
505 664 533 692 in
544 662 698 698 oppositum
710 663 813 695 vicum,
825 667 852 691 et
862 661 1008 690 invenietis

226 714 363 742 hominem
378 713 502 747 lageuam
519 719 595 746 aqua:
614 710 781 745 bajulantem
792 710 813 736 '.
832 718 842 735 ›

261 760 389 793 Quaenam
406 759 503 785 civitas
518 757 580 785 est?
591 757 722 784 Ecclesia.
738 755 803 788 Qure
811 762 888 790 aquae
898 753 1012 789 lagena‘.’

228 806 358 833 Sanctum
382 805 525 839 baptisma.
553 803 619 836 Quis
645 803 690 829 ille
716 801 817 828 homo?
840 800 1010 828 Praecursor.

227 850 305 885 Quod
322 849 512 878 cenaculum?
525 849 647 884 Regnum
660 849 803 876 ccelorum.

262 897 295 930 Q.
309 896 341 925 ll.
361 905 370 922 ι
389 896 483 924 Simile
497 900 539 923 est
552 903 664 930 regnum
679 895 810 923 cmlorum
827 892 931 921 homini
943 894 1011 928 regi,

227 944 275 981 qui
288 944 372 971 voluit
388 943 521 970 rationem
539 949 640 978 ponere
653 949 715 969 cum
733 941 821 969 servis
832 941 934 968 suis”.
951 950 960 966 ι

264 1034 331 1068 Quis
352 1036 395 1061 est
424 1033 469 1060 ille
490 1033 559 1060 rex?
585 1031 667 1059 Deus.
691 1031 759 1064 Quis
787 1030 895 1058 debitor
919 1030 1014 1057 decem

230 1080 304 1107 mille
338 1078 521 1106 talentorum?
547 1076 654 1108 Homo,
695 1077 741 1110 qui
767 1075 860 1103 multis
894 1076 1014 1110 peccatis

228 1126 376 1156 obnoxius,
386 1125 484 1152 divinae
496 1128 585 1152 tamen
593 1127 635 1150 est
643 1121 857 1158 longanimitatis
869 1121 1013 1156 particeps.

229 1170 297 1203 Quis
313 1175 422 1198 centum
435 1168 608 1196 denariorum
633 1167 758 1195 debitor?
772 1167 904 1194 Subditus
920 1174 1016 1194 servus

230 1216 290 1251 ejus
303 1236 310 1247 ,
328 1215 375 1251 qui
392 1215 556 1242 talentorum
573 1213 667 1241 decem
683 1213 799 1241 debebat
812 1213 913 1245 millia,
930 1213 975 1248 qui
989 1216 1016 1239 et

231 1262 290 1297 ipse
301 1261 411 1296 quidem
424 1259 471 1287 Dei
485 1259 718 1294 longanimitatem
736 1263 863 1293 expertus
874 1277 880 1289 ,
897 1257 1016 1285 crudelis

231 1312 323 1334 tamen
336 1314 368 1333 ac
380 1306 466 1333 durus
478 1313 540 1341 erga
552 1311 713 1332 conservum
730 1311 809 1331 suum
827 1304 902 1331 ViSllS
915 1307 966 1330 est.

270 1353 336 1379 ΛιιΑ
359 1359 495 1380 manu“
517 1350 560 1378 lll.
584 1360 593 1376 ι
614 1350 698 1377 Homo
714 1349 825 1384 quidam
846 1349 915 1376 duos
937 1348 1016 1376 habe-

231 1399 279 1427 bat
292 1399 361 1426 lilios
374 1418 381 1430 ,
399 1403 427 1425 et
448 1398 494 1424 uni
512 1397 599 1424 dixit:
619 1396 695 1423 Vade
724 1396 751 1422 in
770 1396 890 1422 vineam.
906 1394 957 1427 Qui
974 1402 1018 1422 τοι

231 1445 343 1480 spondit
356 1454 362 1472 :
376 1444 436 1471 Non
451 1445 496 1472 ibo
508 1463 515 1476 ,
532 1447 558 1471 et
575 1441 691 1469 abiit.Et
708 1441 841 1468 accedens
854 1441 887 1468 ad
902 1441 1018 1468 alterum

233 1490 303 1518 dixit
332 1490 481 1523 similiter;
516 1488 564 1524 qui
584 1487 725 1524 respondit
747 1497 753 1514 :
783 1486 858 1514 Vado
910 1490 938 1514 et
963 1494 1018 1514 non

232 1537 300 1564 abiit
313 1537 346 1564 η.
369 1545 378 1562 ι

269 1593 337 1627 Quis
354 1594 399 1621 ille
417 1593 517 1621 homo?
531 1593 614 1620 Deus.
631 1592 698 1625 Quis
720 1592 783 1625 ille,
799 1591 845 1627 qui
861 1591 945 1623 dixit,
959 1589 1018 1623 lbo,

234 1643 262 1668 et
278 1649 332 1668 non
347 1640 425 1667 abiit?
438 1639 534 1666 Judaei.
551 1639 619 1672 Quis
634 1639 680 1666 ille
691 1639 739 1673 qui
754 1637 834 1671 dixit,
851 1636 911 1665 Non
922 1636 977 1669 ibo,
993 1640 1020 1664 et

234 1690 324 1714 tamen
339 1687 416 1714 abiit?
427 1686 557 1721 Populus,
567 1685 614 1720 qui
631 1690 672 1712 est
688 1693 720 1712 ex
735 1685 876 1720 gentibus.

271 1733 338 1759 ΑιιΑ
362 1739 497 1759 PARABOLA
521 1731 565 1758 IV.
588 1740 597 1756 ι
619 1730 744 1758 Hominis
763 1729 906 1764 cujusdam
927 1729 1020 1757 divitis

235 1785 300 1814 ager
314 1778 412 1805 uberes
426 1778 533 1805 fructus
545 1777 606 1804 tulit
617 1777 649 1803 ".
667 1787 676 1803 ›
689 1776 756 1809 Quis
767 1776 812 1804 ille
820 1775 914 1803 homo?
923 1775 1020 1808 Judas,

235 1828 263 1851 et
277 1824 324 1858 qui
336 1824 407 1851 sicut
424 1824 484 1859 ipse
499 1823 573 1851 avari
586 1826 651 1850 sunt
663 1826 690 1850 et
705 1828 827 1850 amantes
842 1822 975 1857 pecuniae.

272 1880 340 1908 Anu
354 1880 386 1907 γ.
407 1889 417 1906 ι
435 1878 474 1907 Ite
486 1880 513 1907 in
532 1880 622 1907 vicum
638 1880 684 1914 qui
698 1883 793 1906 contra
806 1886 855 1907 vos
865 1882 919 1911 est,
939 1883 965 1906 et
979 1878 1021 1905 in-

236 1926 351 1954 venietis
364 1926 468 1952 asinam
485 1925 620 1960 alligatam
635 1929 662 1952 et
679 1925 780 1960 pullum
791 1925 821 1951 ¹³.
838 1934 848 1951 ι
864 1924 916 1957 Qui
927 1924 1021 1951 vicus?

1101 657 1249 695 Ἐρώτησις
1257 660 1292 685 α’.
1303 665 1313 683 ι
1331 656 1477 683 Ἀπέλθατε
1486 656 1525 688 είς
1535 655 1722 691 τὴνῖἀπέναντι
1738 655 1865 692 κώμην,

1061 704 1107 732 καὶ
1115 704 1243 740 εὑρήσετε
1252 702 1394 738 ἄνθρωπον
1404 702 1535 737 κεράμιον
1543 701 1637 732 ὕδατος
1645 701 1836 737 βαστάζοντα..
1849 712 1861 729 ι

1096 751 1143 781 Τίς
1157 751 1172 785 ἡ
1189 748 1281 782 πόλις;
1299 747 1455 782 Ἐκκλησία.
1470 748 1503 774 Τί
1525 747 1555 774 τὸ
1569 747 1700 783 κεράμιον
1716 748 1765 774 τοῦ
1789 748 1864 775 ὕδα-

1061 804 1125 828 τοςς
1141 795 1177 821 Τδ
1197 795 1273 828 ἆγιον
1292 793 1442 829 βάπτισμα.
1465 793 1512 825 Τίς
1529 794 1543 820 6
1557 793 1713 830 ἇνθρωπος;
1734 794 1765 820 '0
1783 794 1864 830 Πρό-

1061 841 1169 877 δρομος.
1185 840 1217 866 Τί
1229 840 1259 866 τὸ
1270 839 1406 873 ἀνώγεον;
1427 839 1460 866 Ἦ
1474 839 1596 874 βασιλεία
1611 840 1821 876 τῶνρὺρανῶν.

1098 886 1194 922 Ἐρώτ.
1211 885 1242 921 β’.
1260 896 1268 911 ι
1289 885 1421 921 Ὡμοιώθη
1437 886 1453 920 ἡ
1469 885 1590 920 βασιλεία
1603 885 1656 912 τῶν
1670 886 1796 921 οὐρανῶν
1807 887 1862 914 ἀν-

1064 933 1163 970 θρώπῳ
1181 931 1293 968 βασιλεῖ,
1315 932 1390 964 ὅστις
1413 931 1529 967 ἠθέλησε
1552 932 1667 968 συνᾶραι
1685 932 1765 966 λόγον
1784 933 1860 968 μετὰ

1062 979 1117 1006 τῶν
1131 977 1231 1005 δούλων
1250 976 1343 1004 αὑτοῦ.
1365 986 1374 1002 ›

1099 1035 1147 1066 Τίς
1160 1035 1174 1061 ὁ
1192 1033 1331 1069 βασιλεύῃ
1354 1034 1382 1060 '0
1396 1033 1472 1065 θεός.
1490 1032 1537 1065 Τίς
1551 1033 1564 1059 ὁ
1576 1032 1714 1068 ὀφειλέτης
1729 1032 1787 1059 τῶν
1805 1041 1859 1068 μυ-

1067 1080 1131 1116 ρίων
1155 1080 1313 1112 ταλάντων;
1338 1080 1366 1106 '0
1387 1079 1527 1114 ἄνθρωπος
1549 1080 1563 1105 ὁ
1586 1079 1615 1105 ὲν
1637 1079 1745 1110 πολλαῖς
1762 1079 1860 1114 ἁμαρ-

1069 1127 1141 1158 τίαις
1155 1126 1202 1162 τῆς
1215 1125 1262 1152 τοῦ
1278 1124 1344 1152 Θεοῦ
1366 1124 1553 1160 μακροθυμίας
1568 1124 1719 1151 ἀπολαϐών.
1733 1125 1782 1156 Τίς
1794 1125 1809 1151 ὁ
1821 1124 1859 1151 τὰ

1068 1171 1164 1199 ἑκατὸν
1173 1171 1287 1207 δηνάρια
1296 1171 1379 1206 (80⁸.);
1393 1170 1421 1198 '0
1433 1170 1585 1206 ὑποχείριος
1593 1170 1640 1196 τοῦ
1655 1170 1860 1206 χρεωστοῦντος

1068 1219 1103 1246 τὰ
1116 1218 1199 1254 μυρία
1211 1217 1340 1245 τάλαντα’
1355 1217 1401 1244 καὶ
1412 1216 1491 1248 αὐτὸς
1504 1216 1551 1252 μὲν
1563 1216 1640 1252 ἔτυχε
1653 1216 1857 1252 μακροθυμίας,

1066 1262 1142 1296 οὗτος
1152 1264 1181 1290 δὲ
1194 1264 1279 1299 ἐφάνη
1296 1263 1373 1299 ὠμὸς
1389 1263 1436 1290 καὶ
1448 1263 1564 1299 σκληρὸς
1577 1263 1644 1298 πρὸς
1654 1263 1698 1289 τὸν
1709 1262 1858 1297 ὁμόδουλον

1033 1318 1053 1345 Β
1068 1310 1162 1338 αὑτοῦ.

1109 1353 1205 1391 Ἑτέρα
1228 1353 1369 1390 παραϐολὴ
1389 1356 1424 1388 γ’.
1451 1362 1460 1379 ι
1480 1351 1641 1389 ’Ἄνθρωπός
1664 1361 1706 1384 τις
1730 1349 1788 1387 εἶχε
1810 1352 1857 1379 δύο

1067 1401 1158 1433 τέκνα,
1176 1400 1222 1427 καὶ
1239 1398 1299 1426 εἷπε
1312 1399 1350 1435 τῷ
1365 1399 1417 1426 ἐνί·
1435 1397 1552 1425 ’Δπελθε
1568 1399 1608 1430 είς
1623 1398 1667 1424 τὸν
1688 1398 1836 1434 ἀμπελῶνα
1846 1408 1852 1414 ·

1068 1445 1113 1473 καὶ
1126 1443 1203 1472 εἶπεν
1213 1454 1219 1460 ·
1237 1445 1293 1480 Οὐχ
1307 1444 1414 1479 ὑπάγω,
1431 1444 1478 1471 καὶ
1494 1443 1609 1478 ἀπῆλθε.
1625 1445 1680 1471 Καὶ
1699 1444 1855 1480 προσελθὼν

1068 1488 1128 1517 εἶπε
1151 1491 1197 1517 καὶ
1218 1489 1257 1526 τῷ
1280 1489 1382 1525 ἑτέρῳ·
1407 1490 1454 1516 καὶ
1471 1486 1567 1516 εἶπενυ
1589 1489 1712 1525 Ὑπάγω,
1737 1490 1784 1517 καὶ
1803 1491 1854 1517 οὐκ

1068 1536 1201 1571 ἀπῆλθεν.
1215 1545 1226 1562 ι

1104 1592 1152 1624 Τίς
1168 1592 1183 1618 ὀ
1203 1591 1358 1626 ἄνθρωπος
1376 1590 1405 1617 '0
1429 1590 1505 1623 Θεός.
1521 1590 1569 1623 Τίς
1588 1591 1603 1617 ὁ
1616 1589 1712 1623 εἰπὼν,
1731 1590 1853 1625 Ὑπάγω,

1069 1639 1116 1666 καὶ
1127 1639 1177 1666 οὺκ
1192 1638 1327 1673 ἀπῆλθεν;
1340 1638 1366 1664 oi
1379 1637 1508 1664 Ἰουδαῖοι.
1526 1637 1574 1669 Τίς
1588 1638 1603 1663 ὁ
1614 1637 1708 1670 είπὼν,
1720 1637 1774 1673 οὐχ
1786 1638 1854 1666 ὑπά-

1069 1693 1122 1720 γω,
1138 1684 1186 1710 καὶ
1204 1683 1342 1718 ἁπῆλθενς
1364 1683 1393 1709 '0
1411 1682 1439 1714 ἐξ
1453 1682 1536 1709 ὲθνῶν
1549 1682 1622 1714 λαός.

1107 1730 1191 1765 ΙἈλλη
1204 1729 1306 1765 παραὸ.
1318 1728 1351 1756 ἃ.
1371 1738 1380 1754 ι
1402 1728 1557 1765 Ἀνθρώπου
1576 1729 1647 1761 τινὸς
1665 1729 1790 1757 πλουσίου
1810 1729 1854 1756 εὑ-

1070 1776 1188 1812 φόρησεν
1202 1777 1219 1811 ἡ
1233 1775 1320 1811 χώρα.
1336 1784 1346 1800 ›
1363 1774 1411 1807 Τίς
1424 1776 1439 1802 ὁ
1457 1775 1616 1810 ἆνθρωπος;
1636 1775 1664 1802 '0
1681 1775 1789 1810 Ἰούδας,
1807 1777 1853 1803 καὶ

1070 1824 1096 1850 oi.
1109 1824 1168 1850 κατ’
1185 1823 1263 1850 αὑτὸν
1280 1822 1438 1849 πλεονέκται
1455 1822 1502 1849 καὶ
1514 1822 1687 1858 φιλάργυροι.

1112 1879 1207 1915 Ἑτέρα
1226 1878 1257 1906 ε’.
1275 1887 1284 1904 ι
1308 1877 1456 1905 Ἀπέλθατε
1475 1878 1515 1910 εἰς
1531 1878 1581 1914 τὴν
1601 1878 1729 1905 ἀπέναντι
1749 1878 1850 1914 κώμην,

1071 1926 1119 1952 καὶ
1140 1917 1270 1960 εὑρήσετε
1296 1924 1356 1951 ὄνον
1378 1925 1425 1952 καὶ
1447 1924 1537 1951 πῶλον
1557 1924 1710 1960 δεδεμένην.
1738 1934 1748 1951 ι
1772 1925 1816 1957 Τίς
1835 1927 1851 1962 ή

237 1971 366 2003 Mundus;
385 1971 463 1997 asina
475 1978 550 2004 vero,
561 1970 657 2004 Judaei;
667 1971 768 2005 pullus,
779 1970 938 1998 Christiani.
951 1970 1013 2003 Qui:

1082 1971 1174 2008 ιώμη;
1197 1972 1225 1998 ’0
1248 1971 1360 2006 κόσμος.
1378 1972 1457 2003 "Ova;
1474 1971 1502 1998 δὲ
1521 1972 1545 1997 οἱ
1567 1970 1703 1998 Ἰουδαῖοι-
1725 1971 1809 2004 πῶλος
1827 1973 1850 1999 oi

236 2017 346 2052 ligavit?
362 2016 479 2044 Mosaica
497 2017 548 2044 lex.
565 2016 633 2049 Quis
655 2017 753 2044 solvit?
772 2017 910 2044 Christus.
926 2016 1021 2044 Pullus

236 2064 309 2091 enim
322 2067 364 2091 est
380 2063 460 2090 bruta
473 2063 645 2091 ethnicorum
661 2063 885 2090 irrationabilitas
900 2066 927 2090 et
945 2062 1021 2098 igno-

237 2110 339 2137 rantia.

269 2154 337 2181 ΑιιΑ
354 2153 397 2181 Vl.
417 2163 427 2178 ί
444 2153 483 2181 ite
505 2153 534 2180 in
548 2153 640 2180 vicum
666 2153 712 2188 qui
736 2156 831 2181 contra
851 2160 899 2181 vos
923 2156 965 2180 est
987 2152 1021 2180 ad

237 2198 399 2234 quemdam,
425 2201 453 2225 et
473 2198 555 2225 dicite
574 2198 598 2225 ei
614 2207 621 2225 :
643 2198 772 2233 Magister
795 2198 880 2230 dicit,
898 2197 976 2232 Apud
995 2202 1022 2225 te

237 2244 307 2271 facio
330 2243 435 2271 Pascha
459 2251 522 2270 cum
550 2243 694 2278 discipulis
717 2243 785 2270 meis
804 2243 834 2270 “.
855 2253 864 2270 ι
884 2242 951 2276 Quae
969 2243 1021 2270 ista

236 2290 346 2317 civitas?
359 2289 494 2317 infernus.
512 2289 580 2322 Quis
596 2289 642 2316 ille
651 2289 763 2324 quidam
773 2289 784 2316 ?
796 2289 894 2317 Adam.
911 2289 935 2315 A
950 2296 1022 2316 mor-

236 2335 291 2362 tuis
306 2335 378 2362 enim
396 2335 484 2369 ipsum
502 2336 672 2362 excitaturus
686 2338 754 2361 erat.

272 2380 340 2407 ALIA
359 2387 462 2412 oua-:51.
481 2379 537 2407 Vll.
557 2388 566 2406 ι
590 2379 650 2406 Jam
666 2387 730 2407 vero
749 2383 776 2408 et
800 2379 906 2408 securis
923 2381 956 2408 ad
976 2388 1022 2409 ar-

236 2426 333 2454 borum
353 2426 471 2454 radicem
488 2430 529 2454 est
544 2426 633 2461 posita
644 2426 677 2452 ι’.
700 2436 709 2452 ι

274 2472 353 2501 Resp.
368 2472 457 2500 Radix
472 2476 514 2500 est
536 2473 603 2500 ﬁdes
620 2481 626 2500 :
648 2473 749 2505 arbor,
770 2472 851 2500 homo
866 2482 873 2500 :
902 2473 1020 2506 securis,

238 2519 300 2547 linis
313 2519 444 2547 hominis.

271 2564 338 2591 ALiIt
355 2564 423 2592 Vlll.
444 2574 453 2590 ι
475 2564 562 2592 Homo
583 2564 694 2600 quidam
710 2564 822 2591 domum
841 2572 918 2592 suam
935 2565 1022 2592 aedifi—

237 2611 309 2638 cavit
326 2618 409 2646 supra
430 2614 532 2645 petram
546 2611 578 2638 “.
598 2620 607 2636 I
623 2610 691 2643 Quis
715 2611 759 2638 ille
782 2611 882 2638 homo?
904 2611 1022 2640 Sanctus

238 2655 346 2689 Petrus;
359 2661 446 2692 petra,
459 2656 595 2690 Christus;
608 2656 721 2689 domus,
738 2657 820 2690 ﬁdes;
830 2660 944 2690 ventus,
959 2657 1018 2684 dia-

1072 2017 1239 2054 Χριστιανοί.
1257 2018 1286 2044 '0
1297 2017 1397 2052 δήσας;
1415 2017 1505 2052 Νόμος
1516 2018 1531 2043 ὁ
1543 2017 1695 2048 Μωσαῐκός.
1714 2017 1742 2043 ’0
1755 2017 1848 2050 λύσαςς

1072 2064 1086 2090 ὁ
1100 2064 1227 2099 Χριστός,
1247 2063 1339 2095 Πῶλος
1353 2064 1407 2100 γάρ
1428 2065 1486 2090 ἐστι
1498 2064 1552 2091 τῶν
1569 2063 1653 2091 ἐθνῶν
1669 2065 1685 2100 ὴ
1701 2064 1791 2099 ἀλογία
1805 2066 1849 2092 καὶ

1071 2110 1088 2145 ἡ
1101 2110 1232 2144 ἀγνωσία.

1109 2155 1192 2191 Ἀλλη
1215 2158 1251 2188 ς’.
1269 2164 1279 2181 ‹
1302 2155 1449 2183 Ἀπέλθατε
1472 2155 1513 2187 είς
1534 2155 1582 2191 τὴν
1604 2157 1733 2184 ἀπέναντι
1758 2156 1848 2193 κώμην

1072 2200 1139 2235 πρὸς
1153 2199 1198 2227 τὸν
1219 2200 1301 2234 δεῖνα,
1319 2201 1366 2227 καὶ
1383 2199 1477 2227 είπατε
1490 2200 1563 2236 αὐτῷ
1575 2209 1582 2217 ·
1600 2201 1628 2228 Ὁ
1642 2202 1796 2234 Διδάσκαλος
1808 2202 1847 2228 λέ-

1071 2254 1132 2280 γει·
1150 2246 1222 2281 Πρὸς
1249 2247 1279 2273 σὲ
1302 2247 1372 2273 ποιῶ
1394 2246 1425 2273 τὸ
1446 2246 1542 2282 Πάσχα
1567 2247 1634 2282 μετὰ
1654 2247 1708 2275 τῶν
1731 2248 1847 2284 μαθητῶν

1073 2301 1136 2327 μου.
1155 2301 1165 2318 ι
1184 2293 1232 2324 Τίς
1251 2294 1268 2328 ὴ
1288 2293 1383 2326 πόλις;
1405 2293 1434 2320 '0
1455 2293 1531 2329 ᾅδης.
1551 2294 1580 2320 '0
1600 2294 1689 2326 δεῖνα;
1707 2295 1735 2321 '0
1756 2295 1844 2330 Ἀδάμ·

1071 2338 1167 2374 ἔμελλε
1184 2339 1238 2375 γὰρ
1253 2339 1357 2375 ἐγεῖραι
1371 2339 1452 2366 αὑτὸν
1465 2340 1497 2366 ὲκ
1513 2339 1628 2375 νεκρῶν.

1111 2384 1210 2419 Ἑτέρα
1232 2383 1312 2420 ὲρώτ.
1328 2384 1361 2416 ζ’.
1377 2393 1387 2410 ι
1407 2385 1475 2419 Ἤδη
1497 2385 1525 2412 δὲ
1538 2386 1585 2412 καὶ
1600 2386 1616 2420 ἡ
1634 2384 1711 2421 ἀξίνη
1726 2385 1788 2422 πρδς
1802 2387 1846 2423 τὴν

1075 2429 1153 2465 ῥίζαν
1167 2429 1220 2456 τῶν
1232 2430 1346 2466 δένδρων
1360 2432 1457 2457 κεῖται.
1477 2440 1486 2456 ι
1635 2435 1638 2438 ’

1113 2475 1207 2502 Ἀπόκ.
1226 2476 1300 2509 Ῥίζα
1321 2477 1394 2503 ἐστὶν
1407 2479 1424 2513 ὴ
1438 2477 1529 2509 πίστις
1539 2486 1546 2493 ι
1556 2477 1587 2504 τὸ
1601 2477 1719 2514 δένδρον,
1733 2479 1746 2505 ό
1758 2478 1847 2515 ἄνθρω-

1073 2529 1124 2553 πος
1133 2529 1141 2538 ⁸
1156 2522 1172 2556 ἡ
1184 2521 1273 2558 ἀξίνη,
1288 2522 1319 2549 τὸ
1333 2523 1379 2549 τοῦ
1392 2523 1535 2559 ἀνθρώπου
1545 2523 1630 2556 τέλος.

1113 2567 1211 2603 Ἑτέρα
1225 2568 1259 2603 η’.
1275 2578 1284 2594 ι
1303 2569 1461 2604 Ἄνθρωπός
1476 2577 1519 2601 τις
1534 2569 1691 2605 ᾠκοδόμησε
1705 2569 1752 2606 τὴν
1766 2570 1843 2596 οἰκίαν

1072 2613 1155 2640 αὑτοῦ
1169 2615 1215 2641 ἐπὶ
1231 2614 1280 2650 τὴν
1301 2615 1414 2650 πέτραν.
1432 2624 1442 2641 ›
1460 2616 1509 2647 Τίς
1525 2617 1540 2643 ὀ
1557 2615 1716 2651 ἄνθρωπος;
1737 2616 1762 2642 ’0
1777 2616 1841 2650 ἅγιος

1072 2659 1189 2695 Πέτρος’
1199 2660 1296 2697 πέτρα,
1320 2662 1335 2689 ὁ
1352 2661 1483 2697 Χριστόςσ
1496 2661 1578 2696 οἰκία,
1598 2662 1615 2697 ἡ
1629 2662 1719 2693 πίστις
1729 2669 1736 2678 ·
1757 2661 1842 2697 ἄνεμος

293 2713 305 2754 ζ
322 2712 406 2754 Marc.
425 2722 469 2746 xi,
487 2713 528 2754 2:“
555 2700 775 2754 'f‘Matt:li.__xw_u
792 2735 799 2746 ,
817 2715 922 2754 25.__“
943 2715 1013 2754 Μαι-ι]

1082 2725 1120 2748 ιιι,
1137 2717 1190 2746 28.
1207 2718 1253 2747 29.
1293 2720 1314 2738 υ
1334 2719 1401 2748 Luc.
1419 2727 1476 2754 xu,
1493 2719 1536 2748 16.
1577 2719 1599 2736 ¹³
1618 2719 1714 2748 Matth.
1732 2727 1783 2754 ut,
1799 2719 1840 2750 20.

239 2748 263 2764 ιδ
282 2747 376 2776 Matth.
394 2756 477 2781 nm,
497 2749 545 2781 18,
564 2749 606 2777 19.
646 2749 667 2765 ¹⁵
687 2749 783 2777 Matth.
801 2758 848 2781 tu,
868 2750 910 2777 l0.

950 2752 972 2768 “
993 2751 1087 2778 Matth.
1105 2760 1143 2779 vu
1154 2754 1222 2785 ,ιὲ4.

275 2803 344 2840 (80“)
359 2805 406 2838 Τίς
418 2807 434 2832 ό
447 2805 482 2833 τὰ
494 2805 601 2833 ἕκατον
611 2805 745 2841 δηνάρια.
768 2806 867 2843 Supple
881 2808 1004 2843 ὀφείλων.
1018 2808 1095 2837 Enn.
1113 2809 1234 2838 PATRGL.
