1924 3059
104 112 156 139 715

781 105 1009 142 QUIESTIONES
1026 106 1059 133 ΙΝ
1078 105 1110 133 N.
1133 106 1163 134 τ.

1669 109 1719 135 7H

100 171 115 197 6
132 167 265 199 διάϐολος.
282 167 312 194 '0
328 167 358 194 δέ
376 168 424 194 ἐπὶ
445 167 494 203 τὴν
515 167 606 202 ἄμμον
624 166 804 202 οἰκοδομήσας
823 166 889 192 Ἰού-

953 165 1019 193 »οιιιε
1029 168 1080 193 est.
1097 164 1149 197 Qui
1164 171 1228 192 vero
1243 171 1326 200 super
1336 171 1446 192 arenam
1464 164 1618 198 aediﬁcant,
1637 165 1721 194 Judas

101 215 166 247 δας·
185 214 276 249 ἄμμος
291 213 346 249 γάρ
363 213 437 240 ἐστιν
448 214 465 248 ὴ
477 213 610 248 ἀκαρπία.

140 259 225 294 Ἀλλη
239 259 271 286 θ’.
287 269 296 285 ι
319 258 454 294 Ὡμοιώθη
468 259 484 294 ὴ
500 258 621 294 βασιλεία
635 257 689 284 τῶν
707 257 828 293 οὐρανῶν
845 257 892 283 ἀν-

103 306 205 342 θρώπῳ
220 305 332 341 βασιλεῖ,
354 306 428 336 ὅστις
446 305 556 340 ἐποίησε
581 305 688 339 γάμους
712 303 752 338 τῷ
772 303 821 338 υἱῷ
843 303 891 329 αὑ-

102 352 162 382 τοῦ.
191 362 201 378 ι
231 352 277 384 Τίς
293 353 307 378 ὁ
328 351 453 387 βασιλεύς
466 352 496 383 ;6
511 351 585 382 Θεὸς.
604 351 651 381 Τίς
674 351 688 377 6
709 350 779 382 υἱός;
796 350 811 376 6
823 350 891 385 Χρι‹

104 398 176 430 στάς.
191 398 269 429 Τίνες
289 398 313 424 οἱ
325 396 504 432 κεκλημένοις
523 396 659 432 προφῆται
675 396 722 422 καὶ
737 395 889 422 ἀπόστολοι.

103 444 184 474 Τίνες
202 443 226 469 οἱ
250 442 467 476 ἀπαιτήσαντες;
486 442 510 467 οἱ
541 440 670 467 Ἰουδαῖοι.
696 439 773 471 Τίνες
792 440 816 466 οἱ
840 448 893 465 πα-

105 488 296 525 ραγενόμενοις
311 488 334 513 οἱ
350 486 380 519 ἐξ
402 486 496 514 ἐθνῶν.
509 486 556 517 Τίς
569 487 584 512 6
600 486 636 521 μὴ
651 486 719 520 ἔχων
730 485 829 520 ἔνδυμα
842 485 893 519 γά-

105 541 176 569 μου;
205 534 219 559 6
247 532 357 563 Ἰούδας,
372 532 420 559 καὶ
435 533 460 558 οι
480 531 539 558 κατ’
553 532 633 558 αὑτὸν
653 530 769 562 ἀναξίως
789 532 891 565 ἐπιπη-

105 578 205 610 δῶντες
219 578 259 609 εις
273 577 306 604 τὰ
320 577 396 610 ᾶγια.

141 623 225 658 Ἄλλη
251 625 276 650 ι’,
303 631 312 648 ι
327 621 410 648 Εἶπεν
437 622 452 649 6
475 621 576 657 Κύριος
603 621 671 657 πρὸς
695 621 741 648 τὸν
768 620 889 657 Πέτρον·

939 216 996 244 est;
1011 218 1093 239 arena
1110 210 1244 246 siquidem
1256 214 1299 238 est
1317 211 1459 238 sterilitas.

971 258 1040 286 ΛιιΑ
1055 256 1102 286 IX.
1125 267 1134 283 ι
1165 257 1259 285 Simile
1278 257 1378 284 factum
1399 261 1441 285 est
1459 259 1571 293 regnum
1590 265 1721 286 castorum

941 303 1043 330 homini
1062 303 1138 338 regi,
1160 303 1205 338 qui
1228 303 1338 337 nuptias
1359 303 1498 338 apparavit
1517 303 1572 330 tilio
1595 311 1646 331 suo
1663 304 1695 330 ".
1710 313 1720 329 ι

941 349 1008 382 Quis
1024 349 1069 376 ille
1083 350 1148 377 rex?
1167 349 1248 376 Deus.
1265 349 1331 382 Quis
1345 349 1436 376 titius?
1450 348 1586 377 Christus.
1605 349 1722 382 Quinam

941 399 1020 422 erant
1035 395 1145 422 vocati?
1162 395 1299 429 propheta:
1314 398 1341 422 et
1355 395 1481 430 apostoli.
1493 394 1609 428 Quinam
1622 396 1724 423 abnue.

941 441 1023 468 bant?
1037 440 1131 468 Iudaei.
1149 440 1202 474 Qui
1218 448 1282 468 vero
1301 441 1449 468 venerunt?
1473 441 1502 468 hi
1521 441 1567 476 qui
1592 445 1671 468 erant
1689 450 1723 469 ex

941 485 1079 520 gentibus.
1109 485 1176 518 Quis
1196 494 1252 513 non
1280 486 1395 513 habebat
1422 487 1570 521 nuptialem
1603 487 1725 515 vestem?

941 529 1026 557 Judas
1037 550 1045 563 ,
1061 534 1090 557 et
1111 531 1168 565 qui,
1185 530 1413 566 quemadmodum
1426 531 1500 566 ipse,
1521 531 1554 558 ad
1567 535 1662 559 sancta
1680 532 1724 559 in-

942 575 1022 611 digne
1037 576 1192 610 prosiliunt.

979 623 1045 649 ALIA
1070 622 1103 649 Χ.
1123 631 1132 648 ι
1154 622 1226 649 Dixit
1246 621 1377 649 Dominus
1395 621 1429 649 ad
1446 621 1556 650 Petrum
1573 633 1578 650 :
1602 623 1674 652 Vade
1690 624 1725 651 ad

109 668 228 695 ¹’Δπελοε
246 669 285 700 εις
302 668 350 703 ’τὴν
369 668 516 700 θάλασσαν,
532 668 579 694 καὶ
596 667 659 702 βάλε
678 667 834 703 ἄγκιστρον,
846 668 893 694 καὶ

953 676 1018 696 nare
1029 688 1036 700 ,
1053 672 1080 696 et
1095 669 1203 696 hamum
1217 669 1320 704 projice
1330 688 1337 701 .
1353 669 1527 705 primumque
1540 670 1587 704 qui
1599 677 1725 705 egressus

105 715 151 742 τὸν
171 714 308 742 ἀναϐάντα
335 714 443 749 πρῶτον
469 714 544 749 ἰχθὺν
567 711 643 749 ἆρον,
672 713 718 739 καὶ
737 712 845 746 ἀνοίξας
863 712 893 738 τὸ

953 714 1025 742 'uerit
1047 714 1147 749 piscem
1165 722 1241 749 cape,
1255 715 1314 750 ejus
1325 720 1419 750 aperto
1434 723 1491 749 ore,
1505 719 1632 743 staterem
1649 717 1725 744 inve-

106 761 194 796 στόμα
218 760 311 793 αὑτοῦ,
338 759 463 795 εὑρήσεις
491 760 621 794 στατῆρα.
644 758 743 785 Τοῦτον
764 759 808 790 δὸς
832 758 893 785 ἀντὶ⁴

955 760 1020 792 lies,
1035 760 1109 787 hunc
1126 767 1176 795 pro
1195 767 1238 788 me
1253 760 1317 788 dato
1332 766 1359 788 et
1373 769 1422 797 pro
1439 765 1466 789 te
1477 761 1508 788 “.
1529 771 1538 788 ι
1554 761 1632 794 Quod
1651 770 1726 789 mare

105 807 172 842 ἐμοῦ
192 807 239 833 καὶ
256 806 313 834 σοῦ.
331 816 341 832 ι
361 806 409 838 Τίς
433 806 450 841 ὴ
471 805 610 837 θάλασσας
637 805 651 831 6
677 804 787 840 κόσμος.
812 804 844 831 Τί
861 803 892 831 τὸ

105 837 269 888 ἄγκιστρονς
298 853 313 879 6
335 852 413 887 λόγος
436 837 483 878 τοῦ
512 851 590 878 Θεοῦ.
617 851 703 886 ’ἰχθὺς
762 850 888 885 Χριστός.
906 837 927 864 Β

105 899 213 934 Στατὴρ
227 899 241 925 6
253 898 369 933 σταυρὸς
382 897 429 924 τοῦ
442 897 551 932 Κυρίου,
570 898 598 924 ἐν
616 893 638 930 ᾧ
651 895 747 932 ἔμελλε
765 897 891 928 κάκεῖνος

107 944 305 980 σταυρωθῆναι,
322 944 368 970 καὶ
383 944 397 969 6
410 943 522 978 Πέτρος.
811 979 813 982 ι

147 991 243 1026 Ἑτέρα
267 993 311 1017 ια’.
329 999 338 1016 ι
356 990 514 1025 Ἄνθρωπός
528 997 570 1020 τις
586 986 642 1024 εἶχε
667 987 714 1014 δύο
738 988 822 1020 υἱοὺς,
845 988 892 1014 καὶ

105 1035 183 1064 εἶπεν
196 1038 210 1064 6
225 1036 355 1072 νεώτερος
365 1036 454 1071 αὐτῶν
470 1035 509 1070 τῷ
526 1034 623 1070 πατρί’
639 1034 739 1069 Πάτερ,
750 1033 793 1064 δός
811 1042 865 1069 μοι.
879 1043 888 1059 ι

107 1084 157 1114 Τις
168 1082 350 1118 ὁᾶνθρωπος;
371 1083 385 1108 6
401 1082 475 1113 Θεός.
494 1082 525 1108 Ol.
548 1080 594 1107 δύο
609 1079 677 1112 υίοί;
694 1080 719 1106 οἱ
732 1079 829 1106 δίκαιοι
846 1079 892 1105 καὶ

106 1130 132 1156 οἱ
145 1128 310 1164 ἁμαρτωλοί.
332 1128 472 1163 Νεώτερος
491 1127 547 1159 υἱὸς
562 1129 577 1154 6
591 1126 638 1162 τὴν
653 1126 765 1162 γνώμην
778 1126 892 1153 ἄστατον

107 1175 187 1211 ἔχων.
205 1174 240 1201 T6
259 1174 403 1202 ἐπιὸἀλλον
419 1174 510 1211 μέρος,
522 1173 557 1200 τὰ
571 1173 648 1208 λόγια
661 1172 707 1199 τοῦ
722 1172 788 1199 Θεοῦ
804 1172 850 1198 καὶ
864 1172 892 1198 αἱ

108 1221 214 1249 ἐντολαὶ
229 1221 322 1248 αὑτοῦ.

148 1267 232 1302 ’Ἄλλη
249 1267 292 1302 ιβ’.
306 1276 316 1293 ‹
330 1266 490 1303 Ἄνθρωπός
509 1275 551 1298 τις
568 1265 682 1301 εὐγενὴς
698 1264 832 1300 ἐπορεύθη
853 1264 893 1295 εις

110 1311 203 1348 χώραν
217 1312 334 1349 μακρὰν,
350 1311 396 1338 τοῦ
408 1311 499 1338 λαϐεῖν
511 1310 660 1346 βασιλείαν.
672 1320 681 1335 ›
694 1309 863 1345 Ἀνθρωπος,
879 1310 893 1335 6

109 1358 176 1390 Θεός
185 1367 191 1373 ’
205 1358 281 1394 χώρα
296 1358 389 1394 μακρὰ
402 1359 418 1393 ἡ
431 1359 476 1384 ἐπὶ
487 1358 539 1393 γῆς
554 1355 689 1392 παρουσία
705 1355 787 1382 αὐτοῦ
799 1364 805 1370 ·
819 1355 894 1390 βασι-

111 1403 171 1431 λεία
183 1405 200 1440 ή
218 1404 331 1440 δευτέρα
344 1404 497 1440 παρουσίαν
515 1405 539 1430 οι
555 1403 641 1429 δοῦλοι
664 1403 688 1428 οἱ
706 1402 852 1438 προφῆται,
870 1403 894 1428 οἱ

111 1450 264 1482 ἀπόστολοι,
276 1451 324 1477 καὶ
334 1451 358 1476 οἱ
376 1450 523 1486 μάρτυρες.
539 1449 571 1475 'H
583 1449 612 1475 δὲ
626 1449 679 1484 μνᾶ
689 1449 763 1474 ἐστιν
777 1448 794 1483 ἠ
805 1447 894 1483 χάρις,

111 1496 145 1531 ἣν
157 1495 253 1522 ἔλαϐεν
269 1495 380 1529 Ἰούδας,
395 1495 494 1531 ὁμοίως
505 1495 552 1522 καὶ
565 1494 595 1521 τὸ
609 1494 748 1521 τάλαντον.

149 1587 234 1622 Ἀλλη
250 1590 294 1621 ιγ’.
316 1596 326 1613 ι
339 1586 498 1622 Ἄνθρωπός
511 1594 553 1617 τις
575 1585 721 1620 ἐφύτευσεν
736 1584 894 1620 ἀμπελῶνα,

112 1635 160 1660 καὶ
172 1633 298 1668 φραγμὸν
312 1631 385 1667 αὑτῴ
401 1631 572 1666 περιέθηκεν.
584 1640 594 1656 ι
610 1630 674 1657 Ἀνθ
680 1638 770 1666 ρωπος
784 1630 798 1656 6
812 1630 877 1661 Θεός
887 1639 893 1645 ·

113 1677 243 1713 ἀμπελὼν
253 1678 267 1703 6
282 1677 382 1712 κόσμος
393 1685 400 1692 ·
417 1677 433 1711 ἡ
449 1676 528 1712 ληνὸς
543 1676 573 1701 τὸ
587 1675 743 1711 βάπτισμα·
761 1675 775 1701 6
794 1674 898 1710 πύργος

112 1725 131 1760 ἡ
144 1724 250 1754 πίστις·
267 1724 292 1749 οἱ
312 1723 429 1758 γεωργοὶ
444 1723 469 1748 οἱ
489 1722 626 1748 Ἰουδαῖοι·
643 1721 667 1747 οί
683 1721 770 1747 δοῦλοι
790 1721 896 1756 προφῆ-

111 1778 168 1802 ται,
181 1769 332 1801 ἀπόστολοι,
345 1769 392 1795 καὶ
406 1768 552 1803 μάρτυρες.
562 1767 616 1793 Καὶ
629 1766 787 1793 ἀπέστειλεν
800 1766 898 1797 αὐτοὺς

113 1816 243 1852 κηρύξαι,
259 1816 306 1842 καὶ
318 1815 481 1842 ἀπέκτειναν
502 1814 599 1846 αὐτούς
611 1822 618 1829 ·
635 1813 764 1844 ὡσαύτως
790 1813 836 1839 καὶ
854 1812 898 1839 τὸν

116 1861 250 1897 μονογενῆ
263 1861 325 1887 Υἱδν
342 1861 389 1886 καὶ
414 1860 499 1893 Λόγον
520 1859 567 1885 τοῦ
593 1858 670 1890 Θεοῦ,
687 1858 733 1885 καὶ
749 1857 855 1893 ἐπήρθη
870 1857 899 1888 ἐξ

114 1908 206 1935 αὐτῶν
221 1909 237 1943 ή
254 1907 386 1942 βασιλεία,
402 1907 448 1933 καὶ
463 1906 540 1942 ἐδόθη
555 1906 710 1941 Ῥωμαίοις,
723 1906 778 1936 τοῖς
793 1904 899 1930 ποιοῦσι

113 1955 177 1986 τοὺς
199 1954 320 1989 καρποὺς
346 1953 439 1987 αὐτῆς.
456 1953 536 1979 Αὐτοὶ
555 1952 584 1979 δὲ
606 1951 684 1978 κακοὶ
723 1950 815 1982 κακῶς
849 1950 901 1976 ἀπ-

113 2000 215 2026 ώλοντο
228 1999 272 2025 διὰ
286 1999 334 2034 τὴν
351 1998 478 2024 ἀπιστίαν
491 1997 580 2024 αὐτῶν
595 1998 642 2024 καὶ
656 1995 880 2032 σκληροκαρδίαν.

153 2046 240 2080 nam,
252 2045 292 2072 ιδ’.
309 2054 319 2070 ι
337 2044 462 2079 Ἐξῆλθεν
483 2045 497 2070 6
515 2044 633 2079 σπείρων
653 2043 700 2069 τοῦ
725 2043 835 2077 σπεῖραι
856 2041 902 2067 τὸν

115 2092 217 2127 σπόρον
231 2090 322 2117 αὑτοῦ.
336 2100 345 2115 ι
364 2090 393 2117 Ὁ
405 2090 504 2125 σπόρος
516 2090 589 2116 ἐστὶν
599 2090 613 2115 6
623 2088 702 2122 λόγος
718 2087 765 2114 τοῦ
785 2087 852 2114 Θεοῦ
864 2096 870 2103 ·
887 2088 901 2114 6

116 2136 275 2173 περιπεσὼν
288 2137 328 2167 είς
342 2137 390 2171 τὴν
407 2135 526 2162 ἄκανθαν
540 2136 554 2161 6
572 2134 687 2166 Ἰούδαςθ
704 2133 828 2160 ἀπελθὼν
847 2133 901 2169 γὰρ

945 805 1011 833 illud
1033 806 1094 834 est?
1115 805 1249 839 mundus;
1269 805 1384 840 hamus,
1404 807 1516 834 verbum
1537 806 1602 841 Dei;
1622 807 1724 843 piscis,

941 852 1081 885 Christus;
1098 856 1193 885 stater,
1210 859 1277 879 crux
1290 851 1407 886 Domini,
1421 853 1448 880 in
1460 861 1514 889 qua
1527 857 1555 881 et
1568 853 1626 888 ipse
1640 853 1726 881 cruci-

940 897 1062 933 ﬁgendus
1078 901 1147 930 erat,
1161 901 1187 925 et
1197 896 1302 925 Petrus.

976 988 1058 1023 259
1076 989 1146 1016 ALIA
1168 987 1215 1016 XI.
1233 997 1242 1014 ι
1258 987 1344 1016 Homo
1371 989 1480 1025 quidam
1506 989 1576 1017 duos
1603 989 1721 1016 habebat

941 1033 1020 1061 filios.
1045 1033 1116 1060 Dixit
1141 1034 1231 1061 minor
1255 1038 1320 1062 natu
1335 1034 1368 1061 ad
1396 1040 1498 1070 patrem
1514 1043 1593 1062 suum
1611 1034 1725 1068 :Pater,

941 1078 975 1106 da
1012 1079 1079 1106 mihi
1091 1079 1122 1105 ".
1143 1088 1152 1105 ι
1179 1079 1246 1112 Quis
1272 1080 1315 1107 ille
1345 1081 1445 1108 homo?
1464 1081 1544 1109 Deus.
1571 1081 1630 1109 Duo
1657 1082 1728 1110 ﬁlii?

939 1126 1008 1161 justi
1034 1130 1061 1154 et
1083 1131 1249 1161 peccatores.
1267 1126 1352 1156 Filius
1377 1128 1467 1156 minor
1489 1132 1565 1161 natu,
1578 1129 1623 1164 qui
1637 1132 1727 1156 mente

942 1175 984 1200 est
1006 1173 1138 1200 instabili.
1155 1173 1223 1201 Pars
1243 1173 1319 1201 illum
1337 1181 1516 1206 concernens,
1538 1179 1603 1202 sunt
1618 1173 1726 1210 eloquia

942 1221 970 1245 et
985 1217 1112 1245 mandata
1128 1217 1186 1246 Dei.

979 1263 1047 1291 Αιιλ
1063 1263 1121 1291 Xil.
1139 1274 1148 1290 ι
1163 1265 1247 1292 llomo
1257 1266 1368 1301 quidam
1388 1267 1454 1295 abiit
1471 1267 1499 1294 in
1517 1268 1654 1303 regionem
1671 1268 1728 1295 lon-

944 1310 1073 1345 ginquam
1096 1311 1129 1338 ad
1155 1311 1341 1346 accipiendum
1360 1313 1516 1348 regnum".
1537 1324 1546 1340 ι
1572 1313 1660 1341 Homo
1683 1314 1728 1341 ille

946 1356 1019 1385 Deus
1045 1361 1096 1385 est.
1125 1357 1284 1393 Longinqua
1308 1358 1383 1393 regio
1407 1363 1449 1386 est
1469 1359 1603 1386 adventus
1626 1359 1686 1394 ejus
1700 1360 1728 1386 iu

946 1407 1060 1430 terram.
1075 1403 1210 1438 Regnum,
1233 1405 1371 1432 secundus
1393 1405 1453 1440 ejus
1477 1405 1620 1433 adventus.
1650 1405 1727 1433 Servi

948 1455 1011 1478 sunt
1027 1450 1176 1486 prophetae,
1192 1451 1308 1486 apostoli
1334 1455 1361 1478 et
1386 1455 1530 1487 martyres.
1551 1451 1613 1478 Mna
1638 1457 1729 1479 autem

908 1503 929 1532 (ζ
946 1499 988 1523 est
1009 1495 1106 1530 gratia,
1121 1503 1201 1530 quam
1221 1500 1362 1531 acceperat
1383 1495 1468 1524 Judas
1482 1505 1488 1522 :
1504 1497 1629 1524 similiter
1646 1498 1728 1524 etiam

947 1541 1088 1568 talentum.

981 1585 1049 1612 ALIA
1066 1584 1136 1612 XllI.
1155 1594 1164 1610 ι
1178 1584 1265 1612 Homo
1289 1585 1400 1620 quidam
1420 1586 1555 1620 plantavit
1573 1586 1691 1620 vineam,
1703 1592 1730 1614 et

947 1638 1036 1664 sepem
1059 1630 1084 1657 ei
1109 1629 1289 1656 circumdedit
1306 1630 1339 1656 ¹¹.
1363 1639 1372 1655 ι
1393 1629 1479 1657 Homo
1501 1630 1546 1657 ille
1567 1634 1610 1658 est
1641 1630 1728 1664 Deus;

947 1677 1036 1709 vinea,
1061 1676 1189 1703 mundus.
1209 1675 1351 1707 Torcular,
1378 1679 1421 1703 est.
1446 1676 1617 1711 baptismus;
1634 1678 1729 1709 turris,

950 1722 1035 1754 iides;
1052 1722 1189 1757 agricolm,
1206 1726 1269 1749 sunt
1285 1721 1386 1754 Judaei;
1407 1722 1478 1749 servi
1504 1723 1651 1758 prophetat,
1666 1730 1731 1758 apo-

952 1767 1016 1794 stoli
1033 1770 1059 1794 et
1073 1771 1217 1801 martyres.
1239 1765 1271 1792 Et
1285 1766 1335 1793 ltos
1355 1767 1428 1794 misit
1443 1771 1474 1794 ut
1489 1768 1681 1802 praedicarent,
1705 1772 1732 1796 et

949 1812 1109 1839 occiderunt
1123 1820 1170 1840 eos
1184 1821 1191 1839 :
1206 1812 1330 1840 similiter
1341 1813 1422 1839 etiam
1438 1813 1606 1848 unigenitum
1620 1813 1730 1846 Filium,

949 1859 996 1894 qui
1011 1863 1053 1886 est
1064 1857 1182 1886 Verbum
1197 1857 1246 1886 Dei
1262 1866 1269 1885 :
1289 1864 1315 1886 et
1335 1859 1455 1886 ablatum
1477 1859 1511 1886 ab
1530 1859 1597 1894 ipsis
1620 1864 1662 1888 est
1685 1868 1731 1888 rc-

951 1911 1034 1939 gnum
1045 1909 1072 1931 et
1095 1904 1189 1931 datum
1204 1909 1247 1931 est
1271 1903 1413 1936 Romanis,
1431 1905 1477 1939 qui
1506 1904 1611 1932 faciunt
1629 1905 1734 1933 fruetus

950 1950 1020 1984 ejus.
1034 1949 1088 1984 Ipsi
1103 1957 1168 1976 vero
1181 1949 1256 1982 mali,
1279 1950 1350 1976 male
1367 1949 1516 1984 perierunt,
1537 1956 1647 1987 propter
1660 1951 1734 1987 ipso-

952 2003 1012 2022 rum
1024 1995 1240 2022 incredulitatem
1253 1999 1280 2022 et
1297 1996 1424 2022 duritiem
1439 1996 1540 2023 cordis.

987 2040 1054 2067 ALIA
1068 2040 1139 2067 XlV.
1160 2051 1169 2066 ‹
1187 2041 1287 2072 Exivit,
1304 2041 1350 2075 qui
1369 2041 1484 2068 seminat
1500 2040 1532 2067 ad
1546 2042 1733 2069 seminandum

952 2092 1044 2113 semen
1071 2094 1151 2114 suum
1164 2088 1197 2114 ²¹.
1215 2096 1224 2112 ι
1241 2087 1340 2114 Semen
1359 2091 1401 2114 est
1413 2088 1525 2114 verbum
1539 2087 1597 2114 Dei.
1617 2086 1694 2120 Quod
1707 2088 1734 2114 in

953 2135 1047 2170 spinas
1062 2132 1172 2164 cecidit,
1188 2132 1283 2163 Judas,
1299 2133 1344 2167 qui
1357 2133 1451 2160 abiens
1463 2134 1636 2168 semetipsum
1650 2137 1735 2160 stran-

115 2183 269 2218 ἀπήγξατο,
282 2182 329 2208 καὶ
345 2181 379 2208 τὰ
405 2181 515 2207 πετεινὰ
533 2180 579 2207 τοῦ
607 2180 721 2215 οὐρανοῦ
748 2179 896 2213 κατέφαγον

953 2180 1065 2216 gulavit,
1081 2182 1107 2206 et
1121 2179 1245 2206 volucres
1263 2179 1324 2206 coeli
1342 2179 1507 2206 devorarunt
1534 2187 1606 2206 eum.
1637 2179 1734 2207 Semen

116 2229 197 2255 αὐτόν
208 2237 215 2243 ’
232 2228 262 2253 τὸ
275 2227 302 2253 δὲ
318 2227 364 2253 ἐπὶ
375 2227 425 2262 τὴν
451 2226 502 2261 γῆν
516 2225 565 2261 τὴν
587 2225 692 2260 ἀγαθὴν
710 2225 735 2251 οἱ
761 2224 899 2260 προφῆται

116 2277 164 2302 καὶ
179 2274 331 2302 ἀπόστολοι.

156 2321 241 2356 Ἀλλη
258 2324 297 2347 ιε’.
310 2330 319 2346 ι
333 2318 492 2355 Ἄνθρωπός
506 2327 549 2350 τις
561 2317 718 2345 κατέϐαινεν
735 2318 789 2344 ἀπὸ
806 2317 901 2353 Ἰερου-

119 2367 210 2402 σαλὴμ
227 2368 267 2398 εἰς
283 2365 387 2401 ἰεριχὼ
397 2386 404 2398 ,
427 2365 474 2392 καὶ
490 2365 602 2400 λῃσταῖς
625 2365 796 2400 περιέπεσεν.
810 2373 820 2389 ι
836 2365 895 2390 Ἀν-

118 2413 227 2448 θρωπος
247 2413 260 2438 6
274 2411 372 2446 Ἀδάμ.-
392 2409 590 2446 Ἰερουσαλὴμὸ
602 2409 781 2445 παράδεισοςο
798 2408 904 2445 Ἰεριχὼ

118 2459 134 2485 6
149 2458 267 2493 κόσμος·
284 2457 381 2493 λῃσταὶ
401 2458 425 2483 οἱ
446 2456 558 2491 πονηροὶ
573 2455 696 2490 λογισμοὶ
720 2455 767 2482 καὶ
785 2456 800 2490 ἡ
816 2455 906 2490 παρά-

120 2504 199 2535 ϐασις
209 2512 215 2518 ·
233 2504 320 2539 ἱερεὺς
329 2503 354 2529 οἱ
371 2502 508 2538 προφῆται
520 2510 527 2517 ⁸
541 2501 656 2537 Δευῖτης
667 2501 681 2527 6
698 2500 844 2532 Μωσαῖκδς
859 2501 904 2528 v6-

122 2558 186 2585 μος·
207 2549 379 2584 Σαμαρείτης
402 2549 417 2574 6
441 2547 573 2583 Χριστός⁶
598 2546 686 2574 ἔλαιον
711 2547 757 2573 καὶ
785 2544 854 2578 οἶνος
876 2546 905 2572 τὸ

119 2597 210 2633 τίμιον
226 2595 305 2632 σῶμα
319 2595 366 2622 καὶ
377 2593 456 2630 αἷμα,
468 2594 514 2621 καὶ
525 2594 555 2621 τὸ
565 2593 641 2629 ἅγιον
664 2593 819 2629 βάπτισμα·
836 2593 867 2619 τὸ
877 2593 906 2619 δέ

122 2643 307 2677 πανδοχεῖονή
327 2641 487 2676 Ἐκκλησία·
501 2642 515 2667 6
532 2640 679 2674 πανδοκεὺς
699 2640 713 2666 6
739 2639 816 2673 ἅγιος
832 2638 906 2665 Παῦ-

121 2689 183 2720 λος·
195 2689 230 2714 τά
245 2687 291 2714 δύο
308 2686 432 2722 δηνάρια,
445 2688 461 2721 ὴ
480 2685 585 2712 Παλαιὰ
600 2686 647 2712 καὶ
664 2686 680 2720 ἡ
698 2686 754 2711 Νέα
773 2685 906 2720 Διαῦήκη.

159 2791 181 2807 ι’
202 2790 297 2818 Matth.
316 2797 388 2823 xm,
403 2790 431 2818 2.
482 2791 503 2806 ’⁸
523 2790 617 2818 Matth.
638 2799 710 2824 xvn,
725 2790 760 2818 ‘26

124 2828 147 2842 "
168 2826 263 2854 Matth.
281 2833 345 2856 xm,
362 2826 388 2852 5.
427 2825 449 2841 ¹⁸
468 2824 523 2852 Luc
551 2833 599 2853 xu.
620 2826 659 2853 19.

265 2871 400 2903 PATBOL.
417 2872 475 2902 (in.
491 2871 636 2906 XXVIII.

821 2791 841 2806 "
862 2790 926 2818 Luc.
952 2798 996 2823 xv,
1022 2789 1066 2817 12.

952 2232 1017 2252 vero
1034 2224 1106 2259 quod
1127 2224 1226 2252 cecidit
1241 2225 1268 2251 in
1286 2228 1386 2252 terram
1399 2225 1509 2258 bonam,
1521 2226 1659 2261 propheta:
1671 2231 1735 2253 sunt

953 2276 980 2299 et
997 2271 1122 2306 apostoli.

976 2311 1055 2346 'Aut
1068 2318 1126 2346 XV.
1145 2327 1153 2344 ι
1173 2317 1260 2346 Homo
1273 2318 1384 2354 quidam
1408 2319 1441 2346 ab
1453 2319 1604 2347 Jerusalem
1621 2320 1734 2347 descen-

955 2365 1035 2392 debat
1047 2364 1165 2397 Iericho,
1178 2367 1206 2392 et
1232 2364 1328 2391 incidit
1348 2365 1375 2392 in
1391 2366 1550 2393 latrones“.
1566 2375 1575 2392 ι
1589 2365 1676 2393 Homo
1689 2366 1735 2394 ille

955 2415 996 2439 est
1004 2410 1088 2438 Adam
1102 2419 1110 2444 ;
1125 2409 1438 2445 Jerusalem,paradisus
1449 2419 1456 2442 ;
1469 2410 1588 2443 Iericho,
1605 2412 1735 2445 mundus;

955 2458 1086 2488 latrones,
1102 2460 1166 2483 sunt
1185 2456 1261 2483 malae
1285 2456 1464 2491 cogitationes
1484 2460 1511 2484 et
1533 2458 1735 2492 transgressio;

956 2502 1095 2530 sacerdos.
1112 2501 1264 2536 prophetae;
1280 2501 1387 2534 levites,
1402 2501 1521 2529 Mosaica
1545 2503 1602 2535 lex;
1617 2501 1736 2530 Samari-

957 2553 1048 2580 tanus,
1065 2547 1211 2581 Christus;
1236 2547 1326 2574 oleum
1349 2553 1375 2575 et
1394 2547 1498 2580 vinum,
1514 2548 1662 2583 pretiosum
1677 2557 1738 2577 cor-

957 2602 1009 2629 pus
1024 2598 1050 2621 et
1063 2594 1185 2629 sanguis,
1198 2597 1226 2621 et
1240 2599 1365 2621 sanctum
1387 2595 1541 2629 baptisma;
1558 2595 1738 2624 diversorium

957 2643 1046 2665 autem
1071 2641 1113 2665 est
1143 2637 1282 2671 Ecclesia;
1297 2642 1324 2665 et
1352 2639 1462 2674 hospes,
1486 2645 1597 2668 sanctus
1622 2639 1738 2669 Paulus:

958 2684 1012 2711 duo
1033 2683 1138 2712 denarii
1157 2688 1222 2712 sunt
1232 2683 1318 2711 Vetus
1329 2688 1355 2711 et
1370 2683 1473 2712 Novum
1490 2684 1704 2713 Testamentum.

1117 2790 1139 2805 '°
1159 2789 1225 2818 Luc.
1251 2796 1316 2822 xu,
1342 2787 1386 2815 22.
1443 2788 1465 2804 ²¹
1485 2787 1580 2815 Matth.
1605 2797 1669 2817 xxi.
1695 2789 1732 2816 55

1595 2869 1634 2899 23
