1924 3059
212 126 263 153 ’115

247 183 315 209 ΑιιΑ
333 179 399 208 XVI.
417 189 426 206 (
443 180 529 207 IIomo
542 180 651 214 quidam
665 179 788 207 diluculo
811 186 938 214 egressus
953 183 994 206 est
1009 181 1032 207 Α

214 225 248 252 ad
261 225 469 253 conducendum
483 224 624 259 operarios
632 224 666 251 “.
679 233 688 250 ι
702 223 788 251 Homo
799 223 844 250 ille
852 229 894 251 est
907 223 993 256 Deus;

213 272 303 303 vinea,
319 270 438 298 mundus
455 275 516 301 est;
545 269 673 304 operarii.
699 269 824 304 apostoli.
850 268 902 302 Qui
931 276 994 296 vero

214 317 287 344 circa
303 316 476 344 undecimam
490 316 586 342 horam
604 315 727 346 veniunt.
750 314 876 342 Matthias
886 314 995 349 est,qu

214 369 276 389 cum
292 361 406 396 reliquis
421 360 547 388 undecim
563 361 694 395 apostolis
715 365 926 387 connumeratus
941 363 993 387 est.

249 407 317 434 ALu
331 405 411 434 XVII.
427 415 436 431 ι
455 406 549 433 Mulier
562 406 684 441 quadam
694 406 851 433 drachmam
866 405 993 435 habebat,

214 460 295 488 quam
313 451 430 487 perdidit
439 452 472 479 ".
495 461 504 476 ι
521 451 586 484 Quae
601 451 698 478 mulier
711 450 914 478 esliEcclesia.
930 450 995 483 Quae

215 497 362 525 drachma?
374 496 470 524 Adam.

250 544 317 571 ALIA
333 543 427 571 XVIII.
446 552 455 568 ι
476 542 570 569 Simile
592 541 694 568 factum
715 545 757 568 est
777 548 888 575 regnum
910 540 995 567 cmlo-

216 597 276 616 rum
301 589 442 620 thesauro,
465 587 627 615 abscondito
650 587 677 613 in
704 587 810 621 agro".
832 596 840 611 ι
863 585 930 619 Quis
950 586 995 612 ille

217 635 378 662 thesaurus?
397 633 531 660 Christus.
553 632 605 665 Qui
619 632 760 658 emerunt?
773 631 871 666 Ioseph
899 635 926 658 et
951 630 996 657 Ni-

216 681 345 708 codemus
360 690 367 707 :
384 681 439 706 imo
452 679 542 714 potius
555 683 650 706 sancta
664 678 789 712 Deipara.

250 725 360 758 ρυεετ.
376 723 446 750 XIX.
463 733 471 748 ‹
492 722 586 749 Simile
602 721 701 748 factum
719 726 761 749 est
779 728 892 755 regnum
912 720 996 748 coelo-

215 778 276 797 rum
289 769 434 801 fermento,
446 768 518 804 quod
533 771 673 801 acceptum
697 766 794 793 mulier
808 765 952 793 abscondit
968 765 994 791 in

215 818 310 845 farinae
325 821 383 845 sata
402 816 454 842 tria
462 815 495 841 ".
514 824 523 840 ι
541 814 617 847 Quod
631 813 698 840 illud
711 811 892 840 fermentum?
904 810 993 839 Fides.

787 121 815 149 S.
835 119 1067 148 ATIIANASIUS.
1088 134 1122 142 —-
1143 119 1279 149 SPURIA.

1770 120 1817 146 7l6

1081 178 1164 213 Ἄλλη
1178 181 1226 210 ις’.
1241 187 1251 203 ι
1270 177 1428 213 Ἄνθρωπός
1451 186 1492 209 τις
1514 177 1608 212 ἐξῆλθε
1633 177 1702 212 πριιιῖ
1723 178 1819 213 μισθώ-

1045 224 1142 251 σασθαι
1165 224 1300 259 ἐργάτας.
1321 233 1330 248 ι
1353 223 1510 258 Ἀνθρωπος
1524 223 1538 249 6
1561 223 1642 254 Θεός’
1663 223 1787 257 ἀμπελὼν
1805 225 1819 249 6

1044 269 1144 304 κόσμος
1154 277 1160 284 ·
1176 269 1291 304 ἐργάται
1305 269 1329 295 οἰ
1344 269 1498 295 ἀπόστολοι.
1521 268 1590 295 Οἱδέ
1606 268 1668 304 περὶ
1683 268 1732 303 τὴν
1749 269 1818 295 ἐνδε-

1044 314 1129 349 κάτην
1143 313 1216 349 ὥραν
1233 313 1355 345 ἐλθόντες
1386 314 1511 346 Ματθίας
1535 313 1619 345 ἐστὶν,
1639 313 1667 345 ὃς
1684 314 1730 340 καὶ
1755 322 1818 340 κατ-

1044 359 1178 394 εψηφίσθη
1195 358 1262 394 μετὰ
1275 358 1330 385 τῶν
1346 359 1440 385 ἕνδεκα
1451 359 1616 385 ἀποστόλων.

1083 405 1181 439 Ἑτέρα
1196 405 1238 436 ιζ’.
1254 413 1263 429 ι
1278 404 1348 440 Γυνή
1362 413 1404 436 τις
1415 403 1471 440 εἶχε
1481 405 1614 440 δραχμὴν,
1626 405 1672 432 καὶ
1686 403 1820 431 ἀπώλεσεν

1044 450 1138 484 αὐτήν.
1153 460 1163 476 ι
1182 450 1257 485 Τίςή
1274 450 1360 485 γυνή;
1385 451 1402 485 ἡ
1435 450 1591 486 Ἐκκλησία.
1608 451 1656 483 Τις
1669 452 1685 485 ἡ
1701 451 1820 486 δραχμή;

1043 497 1058 522 6
1078 495 1170 531 Ἀδάμ.

1081 542 1164 578 Ἀλλη
1185 545 1230 578 ιη’.
1254 552 1263 568 ‹
1289 541 1421 578 Ὡμοιώθη
1442 543 1459 577 ἡ
1482 542 1605 577 βασιλεία
1631 542 1684 568 τῶν
1705 542 1823 577 οὐρανῶν

1045 587 1173 624 Θησαυρῷ
1198 588 1380 623 κεκρυμμένῳ
1399 589 1427 614 ἐν
1446 588 1532 623 ἀγρῷ.
1549 597 1558 614 ι
1575 588 1623 619 Τίς
1639 588 1652 613 6
1673 587 1821 622 θησαυρόςς

1043 635 1058 660 6
1073 634 1197 670 Χριστός.
1216 633 1294 666 Τίνες
1308 635 1332 660 οἱ
1347 633 1549 669 ἁγοράσαντες;
1567 635 1581 660 6
1602 633 1699 668 Ἰωσὴφ
1716 633 1761 660 καὶ
1779 634 1824 659 Νι-

1045 679 1171 714 κόδημος,
1191 679 1290 714 μᾶλλον
1304 679 1332 705 δέ
1343 680 1360 714 ὴ
1381 679 1447 713 ἁγία
1459 678 1600 710 Θεοτόκος.

1086 724 1181 760 Ἐρώτ.
1206 724 1247 751 ιθ’.
1269 734 1278 750 ι
1299 725 1433 760 Ὡμοιώθη
1450 726 1467 760 ἡ
1494 724 1614 760 βασιλεία
1627 724 1682 751 τῶν
1706 724 1824 760 οὐρανῶν

1045 769 1127 805 ζύμῃ,
1144 770 1176 805 ἢν
1203 769 1321 796 λαϐοῦσα
1341 769 1410 804 γυνὴ
1427 769 1544 804 ἔκρυψεν
1558 770 1598 800 εἰς
1617 768 1732 804 ἀλεύρου
1757 769 1822 796 σάτα

1045 815 1138 850 τρία.»
1159 815 1206 846 Τίς
1229 814 1318 850 ζύμης
1349 816 1366 850 ἡ
1391 815 1489 845 πίστις.
1513 814 1553 840 Τὰ
1576 814 1605 840 δὲ
1627 814 1691 849 τρία
1714 814 1824 850 ἀλεύρου

217 863 321 889 Farina!
336 862 388 889 tria
404 861 482 888 sata?
497 859 645 887 Salvator-is
670 862 731 893 post
761 858 881 885 triduum
904 865 996 884 resur-

1059 848 1130 893 πατας
1143 861 1159 896 ἡ
1172 848 1319 896 τριήμερος
1334 848 1379 887 τοῦ
1395 860 1521 895 Σωτῆρος
1539 848 1700 892 ἀνάστασις.

217 908 312 935 rectio.

249 951 360 985 Quzsr.
379 950 436 978 XX.
454 950 544 983 Quare
562 949 681 984 Baptista
707 951 787 974 vocat
804 946 913 974 Iudaeos
930 955 993 982 pro-

215 998 320 1033 geniem
334 997 488 1032 viperarum
497 997 539 1022 ‘3?

250 1045 332 1072 Rssr.
343 1042 413 1076 Quia
430 1043 476 1069 illa
493 1043 578 1069 bestia
603 1048 659 1068 sum
682 1039 776 1067 matris
798 1042 919 1066 ventrem
947 1045 996 1066 ex-

215 1088 281 1120 edit.
296 1093 323 1116 et
337 1089 377 1115 sic
391 1087 500 1115 demum
510 1085 648 1122 egreditur
666 1094 672 1111 :
690 1083 763 1119 quod
784 1083 864 1110 etiam
876 1083 922 1110 isti
935 1090 996 1117 par-

217 1134 307 1161 ricida:
322 1137 508 1168 patraverunt,
526 1140 580 1167 prae
595 1130 696 1158 invidia
713 1136 778 1156 suos
802 1127 995 1155 interﬁcientcs

216 1180 342 1206 doctores
356 1183 382 1206 et
394 1179 552 1213 prophetas.
569 1176 736 1211 Lapidarunt
753 1175 825 1202 enim
850 1174 995 1205 Mosem‘“.

217 1225 312 1252 Isaiam
328 1231 392 1251 vero
405 1223 563 1258 prophetam
583 1229 644 1249 cum
672 1221 760 1256 lignea
787 1227 862 1247 serra
885 1220 912 1246 in
929 1219 997 1247 duas

217 1274 307 1305 partes
321 1269 482 1296 diviserunt.

251 1360 360 1394 Qucsr.
384 1359 453 1387 XXI.
481 1357 568 1392 Quam
597 1356 632 1386 ob
655 1364 767 1385 causam
795 1365 856 1384 cum
879 1357 997 1385 traditus

217 1410 291 1434 esset
307 1405 436 1437 Joannes,
449 1404 563 1433 secessit
581 1401 662 1431 Iesus
678 1404 705 1430 in
720 1403 857 1429 Galilaeam
869 1403 910 1430 "'3

251 1451 333 1479 Resp.
351 1451 387 1480 Ut
399 1458 448 1478 nos
463 1450 575 1477 doceret
590 1448 733 1485 fugiendas
745 1456 806 1476 esse
822 1449 996 1477 tentationcs.

1089 951 1185 986 Ἐρώτ.
1198 950 1231 978 κ’.
1248 950 1296 977 Διὰ
1313 951 1340 977 τί
1365 950 1521 986 γεννήματα
1541 949 1652 985 ἐχιδνῶν
1673 950 1737 981 τοὺς
1763 950 1824 976 Ἰουο

1046 992 1142 1026 δαίους”
1150 996 1164 1022 ὁ
1181 995 1334 1030 Βαπτιστὴς
1350 994 1428 1022 καλεῖ
1436 1003 1444 1027 ;

1093 1040 1185 1067 Ἀπόκ.
1210 1040 1318 1076 Ἐπειδὴ
1338 1041 1368 1067 τὺ
1383 1041 1476 1076 θηρίον
1493 1040 1572 1067 τοῦτο
1590 1041 1691 1077 τρώγει
1707 1041 1756 1077 τὴν
1777 1050 1825 1075 γα-

1048 1086 1129 1122 στέρα
1139 1087 1186 1121 τῆς
1198 1087 1299 1122 μητρὸς
1309 1086 1402 1118 αὑτοῦ,
1411 1086 1458 1113 καὶ
1471 1079 1556 1118 οὕτως
1565 1087 1716 1122 ἐξέρχεται·
1737 1087 1826 1122 ὥσπερ

1047 1132 1094 1158 καὶ
1107 1129 1180 1158 οὗτοι
1197 1133 1328 1167 ἐποίησαν
1338 1152 1345 1163 ,
1363 1132 1524 1167 πατραλοῖαι
1538 1132 1688 1167 γενόμενοι,
1703 1133 1750 1159 καὶ
1767 1133 1825 1163 τοὺς

1047 1175 1223 1208 διδασκάλους
1245 1176 1333 1202 αὐτῶν
1357 1175 1481 1207 καὶτοὺς
1496 1176 1639 1211 προφήτας
1660 1175 1748 1210 φθόνῳ
1766 1183 1827 1202 κατ-

1047 1221 1244 1252 αναλίσκοντες.
1265 1221 1320 1248 Καὶ
1337 1220 1390 1256 γὰρ
1405 1222 1450 1246 τὸν
1467 1220 1567 1247 Μωσέα
1583 1220 1723 1253 ἐλίθασαν,
1738 1220 1781 1246 τὸν
1800 1220 1827 1246 δὲ

1053 1265 1165 1292 Ἥσαῖαν
1194 1266 1263 1301 μετὰ
1287 1266 1390 1298 ξυλίνου
1409 1265 1517 1302 πρίονος
1543 1267 1738 1303 ἐδιχοτὸμησαν
1765 1266 1824 1302 πρί-

1049 1320 1144 1344 σαντες
1161 1313 1251 1339 αὐτόν.

1090 1358 1184 1393 Ἐρώτ.
1201 1362 1253 1385 κα’.
1268 1358 1345 1390 Τίνος
1358 1358 1448 1394 χάριν,
1464 1359 1663 1394 παραδοθέντος
1677 1359 1724 1386 τοῦ
1742 1358 1827 1386 ‘Imdv—

1047 1413 1093 1431 νου
1103 1425 1110 1436 ,
1126 1404 1298 1440 ἀνεχώρησεν
1311 1405 1326 1430 6
1346 1404 1448 1440 Ἰησοῦς
1459 1406 1498 1436 εἱς
1511 1406 1560 1440 τὴν
1572 1405 1734 1437 Γαλιλαίαν;

1090 1451 1182 1477 Ἀπόκ.
1202 1451 1288 1486 Ἡμᾶς
1306 1451 1439 1478 παιδεύων
1451 1452 1562 1485 φεύγειν
1572 1451 1636 1483 τοὺς
1654 1451 1829 1487 πειρασμοὺς.

217 1497 294 1530 Quod
310 1498 332 1525 si
349 1497 376 1524 in
392 1504 438 1524 eas
453 1495 640 1528 inciderimus,
658 1499 689 1521 ut
707 1499 817 1522 strenue
836 1502 887 1521 nos
898 1499 925 1522 et
942 1495 996 1522 for-

1059 1495 1115 1522 ιλλά
1127 1496 1188 1526 τοὺς
1200 1495 1368 1531 ἐμπεσόντας
1382 1497 1476 1531 στῆναι
1491 1496 1633 1529 γενναίως.

217 1544 281 1570 titer
292 1549 429 1578 geramus.

252 1589 363 1622 (ξοβετ.
388 1586 470 1614 XXII.
494 1584 565 1619 Quid
594 1584 716 1620 peccavit
741 1584 808 1612 ﬁcus
838 1584 910 1621 quod
938 1593 997 1613 eam

215 1634 342 1662 Christus
365 1632 684 1666 arefecerit“?quonam
716 1631 742 1658 id
761 1631 901 1666 proposito
921 1630 999 1658 fecit?

217 1686 244 1708 ct
260 1679 396 1715 quomodo
404 1678 417 1705 Ῥ

251 1725 334 1753 Resr.
350 1723 482 1757 Quoniam
498 1722 628 1750 Dominus
649 1729 781 1757 passurus
798 1721 854 1756 jam
883 1727 950 1755 erat,
966 1729 999 1748 ne

217 1771 407 1798 existimarent
419 1770 478 1803 ejus
490 1768 618 1803 discipuli
641 1768 778 1795 inﬁrmum
798 1768 896 1802 ipsum,
915 1767 1000 1794 imbe-

217 1815 366 1848 cillumque
386 1820 448 1840 esse
471 1817 553 1847 atque
567 1811 628 1839 ideo
644 1813 710 1847 pati,
730 1812 757 1838 in
779 1811 831 1838 hac
847 1812 998 1838 inanimata

219 1868 249 1888 re
271 1867 348 1888 suam
369 1858 520 1886 declaravit
544 1858 692 1892 potentiam
714 1861 766 1884 :ut
793 1858 948 1884 ostenderet
970 1865 999 1884 se

217 1913 313 1933 omnes
334 1904 505 1932 adversarios
531 1912 597 1932 suos
625 1903 751 1930 ariditate
779 1910 920 1938 percutere
947 1911 997 1939 po-

214 1952 316 1979 tuisse.
338 1949 391 1978 Sed
415 1950 489 1985 quia,
505 1949 735 1984 quemadmodum
762 1949 830 1976 dixit
858 1949 928 1984 ipse,
942 1940 997 1976 nun

217 1997 291 2025 venit
305 2001 334 2024 ut
348 1996 450 2031 judicet
463 1996 544 2031 260
558 1995 700 2026 mundum,
713 1995 778 2030 quin
795 1995 885 2030 potius
899 2000 928 2023 ut
943 1997 998 2023 sal-

217 2050 282 2070 vum
300 2042 511 2069 faciat":suam
524 2041 633 2076 quidem
649 2040 796 2076 potentiam
808 2041 836 2067 in
849 2041 999 2068 inanimata

216 2089 272 2115 ﬁcu
288 2087 417 2121 declarat,
433 2094 514 2114 suum
539 2090 628 2114 autem
656 2094 720 2121 erga
734 2086 859 2114 homines
876 2094 998 2115 amorem

218 2135 350 2161 immensa
370 2132 498 2168 patientia
515 2139 578 2166 erga
600 2131 724 2159 homines
747 2136 864 2159 exercet.
894 2132 999 2159 Dicitur

1090 1585 1184 1620 Ἐρώτ.
1200 1584 1251 1620 κβ’.
1269 1584 1301 1610 Τί
1314 1585 1436 1620 ἥμαρτεν
1451 1586 1468 1620 ἡ
1484 1585 1564 1620 συκῆ,
1581 1585 1621 1611 ὅτι
1641 1585 1771 1621 ἐξήρανεν
1786 1585 1829 1611 αὐ-

1048 1631 1096 1667 τὴν
1115 1632 1130 1658 6
1153 1631 1284 1666 Χριστόςς
1311 1631 1357 1658 καὶ
1381 1631 1424 1657 διὰ
1440 1631 1517 1658 ποίαν
1535 1631 1682 1664 ὑπόθεσιν;
1705 1632 1751 1659 καὶ
1773 1631 1830 1658 τίνα

1049 1677 1148 1712 τρόπον
1158 1685 1165 1709 ;

1090 1723 1182 1750 ’Λπόκ.
1205 1724 1280 1750 Ἐπεὶ
1295 1723 1405 1759 ἔμελλεν
1419 1724 1433 1750 6
1450 1723 1551 1760 Κύριος
1568 1724 1597 1751 τὸ
1614 1725 1702 1757 πάθος
1722 1725 1830 1760 ὑφίστα-

1050 1769 1121 1802 σθαι,
1135 1770 1178 1796 ῖνα
1194 1769 1231 1804 μὴ
1244 1770 1389 1805 νομίσωσιν
1412 1770 1436 1796 οἱ
1465 1769 1595 1805 μαθηταὶ,
1618 1771 1661 1797 ὅτι
1685 1770 1830 1805 ἀδυναμίαν

1049 1815 1104 1850 ἔχει
1129 1815 1177 1841 καὶ
1199 1814 1349 1846 ἀσθένειαν,
1374 1813 1420 1840 καὶ
1443 1813 1486 1840 διὰ
1506 1814 1585 1840 τοῦτο
1607 1815 1725 1850 πάσχει,
1741 1815 1768 1841 ὲν
1794 1814 1830 1848 τῷ

1049 1860 1145 1895 ἀψύχῳ
1161 1860 1280 1886 δείκνυσι
1296 1860 1345 1894 τὴν
1362 1859 1476 1894 δύναμιν
1495 1859 1592 1886 ἑαυτοῦ
1605 1868 1611 1874 ·
1631 1860 1677 1886 ἵνα
1693 1859 1776 1896 δείξῃ,
1792 1859 1830 1885 ὅτι

1049 1907 1163 1941 ἠδύνατο
1183 1906 1286 1937 πάντας
1312 1904 1425 1940 ξηρᾶναι
1451 1906 1513 1936 τοὺς
1535 1905 1736 1940 ἀντιλέγοντας.
1765 1904 1830 1931 Ἀλλ’

1049 1952 1142 1988 ἐπειδὴ
1156 1952 1205 1979 οὐκ
1218 1950 1282 1987 ἦλθε
1301 1953 1390 1986 κρῖναι
1404 1951 1450 1977 τὸν
1466 1952 1578 1987 κόσμον,
1594 1951 1665 1978 ἀλλὰ
1686 1951 1780 1982 σῶσαι,
1794 1950 1830 1982 ὼς

1049 1998 1130 2030 αὐτὸς
1147 1997 1241 2032 ἔφησε,
1257 1998 1306 2032 τὴν
1323 1997 1372 2032 μὲν
1399 1997 1512 2032 δύναμιν
1535 1997 1702 2024 ἐνδείκνυται
1721 1997 1766 2023 ἐπὶ
1784 1996 1830 2030 τῆς

1049 2042 1153 2078 ἀψύχου
1172 2042 1267 2077 συκῆς,
1281 2042 1329 2077 τὴν
1343 2041 1544 2077 φιλανθρωπίαν
1559 2042 1587 2068 δὲ
1606 2043 1764 2078 ταμιεύεται
1777 2042 1828 2072 τοῖς

1049 2087 1200 2123 ἀνθρώποις
1223 2087 1334 2122 ἀμέτρῳ
1355 2087 1532 2122 ἀνεξικακίᾳ.
1558 2088 1675 2122 Λέγεται
1697 2088 1725 2114 δὲ
1749 2088 1792 2114 καὶ
1812 2087 1826 2120 ἡ

1050 2134 1169 2169 ἁμαρτία
1186 2133 1266 2168 συκῆ,
1281 2133 1314 2168 ἣν
1329 2134 1502 2169 κατηράσατο
1521 2134 1566 2160 καὶ
1583 2133 1699 2169 ἐξήρανε
1717 2132 1828 2169 Χριστὸς

217 2186 325 2214 quoque
353 2179 421 2206 licus
448 2182 601 2213 peccatum,
628 2178 700 2213 quod
727 2183 886 2206 exsecratus
905 2183 947 2206 est
970 2184 997 2206 et

1059 2190 1063 2205 ι
1081 2180 1148 2211 Θεὸς
1163 2179 1250 2214 ἡμῶν.
1275 2179 1352 2204 Ἐστι
1367 2178 1395 2204 δὲ
1419 2179 1466 2205 καὶ
1487 2178 1576 2210 τοῦτο,
1595 2179 1663 2206 διότι
1679 2179 1757 2205 ἔλαθε
1782 2177 1828 2212 τῆς

217 2224 344 2251 ariditate
366 2224 502 2259 percussit
532 2221 612 2250 Iesus
636 2222 762 2251 Christus
791 2222 863 2251 Deus
889 2228 995 2252 noster.

219 2269 320 2305 Estque
346 2269 404 2297 haec
426 2269 508 2304 hujus
530 2269 570 2296 rei
587 2269 667 2301 ratio,
683 2269 746 2304 quia
762 2273 824 2304 post
843 2273 997 2304 transgres—

217 2317 321 2344 sionem
337 2314 423 2342 Adam
440 2314 543 2350 accepit
560 2313 624 2341 folia
649 2313 718 2342 licus
729 2314 762 2347 ”,
776 2314 876 2349 quibus
893 2314 996 2341 obtexit

216 2369 273 2389 sua!
286 2360 464 2395 turpitudinis
480 2364 635 2394 peccatum;
651 2367 715 2387 cum
730 2359 895 2388 destruxerit
903 2364 996 2388 trans-

217 2407 367 2443 gressionis
384 2409 538 2441 peccatum.
558 2409 585 2433 et
603 2404 746 2432 con‘llxerit
766 2405 949 2441 deleveritque
969 2406 996 2433 in

217 2459 308 2484 cruce,
322 2451 433 2479 arefecit
445 2451 603 2487 operculum
618 2451 734 2486 peccati,
749 2451 827 2486 quasi
840 2451 902 2478 folia
919 2451 995 2484 licus,

219 2497 316 2533 quibus
334 2497 418 2524 Adam
437 2497 577 2532 tegebatur
593 2500 654 2532 post
673 2497 928 2532 transgressionem.

251 2543 362 2575 Qubs'r.
378 2541 471 2569 XXIII.
490 2541 562 2575 Quid
587 2546 629 2569 est
654 2542 726 2577 quod
744 2542 891 2578 (Christus)
906 2542 973 2570 dicit
988 2551 995 2569 :

220 2599 229 2614 ι
248 2589 375 2623 Quinque
393 2589 468 2615 viros
485 2588 616 2621 habuisti,
633 2593 659 2616 et
687 2596 760 2616 nunc
790 2597 871 2624 quem
902 2589 996 2622 habes.

217 2643 270 2661 non
287 2640 330 2662 est
343 2639 411 2662 tuus
421 2634 512 2662 vir”?

252 2681 329 2708 Res».
347 2679 409 2707 Haec
430 2680 529 2707 mulier
552 2679 626 2706 viros
653 2679 732 2714 juxta
758 2678 995 2706 Samaritanorum

250 2789 273 2804 ’⁸
292 2788 386 2815 Matth.
403 2795 455 2819 xx.
475 2789 500 2815 l.
539 2790 561 2805 ”
581 2787 645 2815 an.
665 2797 709 2820 xv,
728 2788 754 2815 8.
793 2789 815 2804 ¹⁶
836 2787 930 2814 Matth.
947 2796 996 2815 xm

217 2823 240 2841 ³⁵
258 2824 353 2851 Matth.
373 2832 426 2857 xtv,
442 2825 485 2851 54.
525 2824 544 2840 ³¹
567 2823 649 2850 Marc.
667 2831 709 2855 XI,
730 2824 778 2855 l3,
800 2823 840 2850 Η.
875 2824 909 2849 -"
930 2822 1008 2850 Joan.

1052 2225 1136 2261 συκῆς
1150 2225 1184 2252 τὰ
1199 2224 1284 2259 φύλλα
1297 2225 1311 2250 6
1325 2224 1420 2259 Ἀδὰμ,
1429 2224 1476 2250 καὶ
1489 2224 1622 2250 ἐσκέπασε
1637 2224 1685 2259 τὴν
1697 2222 1828 2259 ἁμαρτίαν

1051 2271 1100 2305 τῆς
1114 2270 1243 2306 αἰσχύνης
1264 2269 1332 2305 μετὰ
1356 2269 1404 2305 τὴν
1428 2269 1600 2305 παράϐασιν·
1624 2270 1777 2300 καταλύσας
1799 2268 1827 2293 τὸ

1052 2317 1202 2352 ἁμάρτημα
1223 2317 1271 2351 τῆς
1288 2315 1488 2351 παραϐάσεως,
1517 2315 1563 2341 καὶ
1581 2314 1760 2350 προσηλώσας
1785 2313 1828 2340 καὶ

1051 2361 1193 2396 ἐξαλείψας
1205 2362 1233 2387 ἐν
1246 2360 1284 2396 τῷ
1300 2360 1423 2396 σταυρῷ,
1445 2359 1558 2396 ἐξήρανε
1574 2361 1604 2386 τὸ
1627 2360 1757 2395 κάλυμμα
1780 2357 1827 2392 τῆς

1052 2407 1197 2443 ἁμαρτίας,
1213 2407 1249 2438 ὡς
1265 2406 1299 2433 τὰ
1313 2406 1399 2441 φύλλα
1410 2406 1460 2441 τῆς
1477 2406 1562 2441 συκῆς
1577 2406 1595 2432 ὃ.
1610 2405 1801 2442 περιεϐέϐλητο
1814 2405 1828 2430 6

1057 2453 1142 2488 Ἀδὰμ
1159 2453 1226 2488 μετὰ
1240 2453 1288 2488 τὴν
1304 2454 1455 2488 παρακοήν.

1092 2541 1187 2577 Ἐρὼτ.
1199 2544 1251 2576 κγ’.
1265 2540 1298 2567 Τί
1307 2540 1390 2575 λέγει.
1403 2541 1443 2566 ὅτι
1457 2550 1466 2565 ι
1478 2540 1562 2567 Πέντε
1577 2540 1674 2575 ἄνδρας
1686 2539 1771 2574 ἔσχες,
1783 2536 1826 2564 καὶ

1051 2587 1098 2615 νῦν
1113 2587 1142 2614 ὃν
1156 2587 1228 2622 ἔχεις
1240 2587 1289 2613 οὐκ
1303 2586 1360 2613 ἔστι
1372 2595 1419 2612 σου
1433 2587 1520 2621 ἀνήρς
1540 2596 1549 2611 ι

1088 2676 1181 2704 Ἀπόκ.
1202 2677 1234 2702 Ἦ
1249 2675 1317 2712 γυνὴ
1330 2675 1408 2711 ἔσχεν
1424 2675 1522 2711 ἄνδρας
1539 2675 1608 2702 κατὰ
1622 2674 1670 2701 τὸν
1684 2675 1764 2709 νόμον
1781 2672 1831 2698 sfw

1031 2787 1074 2814 44.
1113 2786 1133 2801 ’⁷
1156 2785 1221 2812 ibid.
1238 2785 1281 2812 55.
1303 2785 1325 2801 ’⁸
1346 2785 1439 2812 Matth.
1457 2793 1502 2816 ιιι,
1521 2785 1546 2811 7.
1584 2783 1694 2811 "Num.
1716 2791 1766 2814 ειν,
1790 2782 1828 2808 10.

1029 2831 1075 2854 ιιι,
1095 2821 1138 2848 l7.
1176 2821 1198 2835 ³³
1218 2819 1284 2848 Gen.
1304 2828 1351 2853 ιιι,
1371 2821 1395 2847 7.
1433 2822 1454 2835 ³⁵
1472 2820 1551 2847 Joan.
1574 2828 1608 2852 Iv.
1630 2820 1670 2846 l8.
