1924 3059
121 126 172 156 ἳ17

799 129 1027 162 QUIESTIONES
1050 130 1081 157 IN
1102 130 1136 160 Ν.
1155 131 1186 158 Τ.

1681 134 1731 163 718

117 186 295 222 ἓαμαρειτῶν
305 194 312 201 ·
328 186 514 222 ἐτελεύτησαν,
528 189 586 222 μετ’
596 187 881 223 ὲκείνουςὲπόρνευσεν

950 190 1036 225 legem
1059 191 1161 222 habuit,
1182 191 1280 218 mortui
1304 191 1348 226 qui
1372 191 1427 226 jam
1443 196 1643 228 erant;postea
1667 204 1730 223 vero

115 232 205 264 οὐδεὶς
219 231 273 267 γὰρ
288 232 356 268 πρὸς
369 233 453 268 αὐτὴν
467 234 504 265 ὡς
517 233 632 269 νόμιμον
646 235 762 268 γυναῖκα
785 243 901 270 προσεγ-

116 278 202 312 γίζειν
220 277 358 312 ὴὸούλετθ.
380 279 484 315 Ἐκείνη
505 279 532 305 δὲ
554 279 591 314 μὴ
609 279 730 315 φέρουσα
754 279 899 314 χαλινῶσαι

115 324 166 358 τὴν
183 323 345 359 ἐπιθυμίαν,
367 323 503 359 λαθραίως
516 321 572 359 εἶχε
588 325 634 350 τὸν
658 324 821 360 πορνεύοντα.
842 325 899 360 μετ’

115 370 218 405 αὐτῆς,
242 370 288 396 καὶ
310 369 359 396 οὐκ
377 367 412 405 ἦν
436 369 497 396 οὔτε
517 370 668 405 περιφανὴς
692 369 753 396 οὔτε
772 369 896 405 νόμιμος.

115 412 180 449 Εἶχε
196 415 225 441 δὲ
240 415 320 441 αὐτὸν
333 414 416 450 ἄνδρα
429 415 568 450 κρυπτῶς.

157 504 253 540 Ἐρώτ.
276 504 324 531 κδ’,
349 504 426 536 Τίνες
449 505 518 531 εἰσὶν
547 505 667 538 ἀληθινοὶ
692 506 896 542 προσκυνηταὶ,

112 550 211 581 οἵτινες
229 551 298 586 μήτε
312 550 341 577 ὲν
364 550 403 585 τῷ
421 550 480 586 ὄρει
502 551 614 586 ἐκείνῳ,
633 551 700 586 μήτε
713 552 743 578 ὲν
765 551 898 587 Ἰερουσα-

111 593 180 629 λὴμ,
195 594 252 620 ἀλλ’
268 595 295 621 ὲν
310 594 444 630 πνεύματι
460 595 507 621 καὶ
520 595 634 631 ἀληθείᾳ.
649 596 830 630 προσκυνοῦσι
851 596 896 622 τὸν

111 639 180 667 Θεόν
189 649 197 672 ;

154 685 248 712 ’Δπόκ.
271 681 348 711 Οὗτοί
363 685 431 711 εἰσιν
447 686 471 712 οἱ
494 686 522 712 ἐν
550 686 662 722 ἐρήμοις
682 687 729 713 καὶ
744 687 833 723 ὄρεσι,
849 688 896 714 καὶ

111 731 255 765 σπηλαίοις
278 732 325 757 καὶ
350 733 410 763 ταῖς
438 732 517 764 ὀπαῖς
542 733 591 768 τῆς
615 733 668 768 γῆς
687 734 894 766 κατοικοῦντες,

109 777 219 810 οἵτινες,
243 778 327 812 χωρὶς
350 777 485 810 συνάξεως
508 778 736 815 ὲκκλησιαστικῆς
759 780 792 807 δι’
808 780 895 816 ἔργων

109 823 222 857 ἀγαθῶν
235 823 299 859 θείῳ
312 824 446 859 πνεύματι
459 824 646 860 φωτιζόμενοι,
655 827 684 852 ὲν
698 826 833 862 πνεύματι
848 827 894 854 καὶ

950 238 1143 265 scortabatur:
1179 246 1260 266 nemo
1293 239 1426 273 siquidem
1460 248 1521 268 cum
1552 248 1582 268 ea
1611 246 1642 269 ut
1666 250 1728 270 cum

950 292 1035 311 uxore
1060 283 1180 320 legitima
1204 285 1279 312 coire
1297 286 1414 313 volebat.
1441 286 1488 313 llla
1514 294 1580 314 vero
1597 288 1730 322 concupi-

949 330 1080 358 scentiam
1103 338 1180 358 suam
1207 338 1268 358 cum
1297 331 1436 358 refrenare
1457 340 1511 359 non
1538 337 1642 367 posset,
1659 334 1728 360 clam

949 375 1021 410 apud
1043 383 1072 403 se
1096 376 1183 403 virum
1203 376 1307 410 habuit,
1323 383 1385 403 cum
1400 384 1455 412 quo
1470 377 1662 410 fornicaretur,
1680 386 1728 406 ne-

948 428 1001 455 que
1012 425 1072 448 erat
1096 421 1139 448 hic
1165 422 1327 449 manifestus
1351 426 1397 449 aut
1419 423 1557 458 legitimus
1585 424 1726 451 maritus:

947 466 995 494 sed
1007 474 1069 493 eum
1085 467 1172 493 virum
1192 474 1284 494 secum
1301 468 1418 495 habebat
1432 469 1548 496 occulte.

982 511 1093 545 Quasr.
1109 512 1204 540 XXIV.
1220 513 1338 546 Quinam
1352 519 1417 542 sunt
1434 515 1471 541 illi
1487 515 1543 542 veri
1558 515 1727 548 adoratores,

947 558 995 592 qui
1019 566 1070 585 nec
1103 559 1131 585 in
1159 559 1212 586 hoc
1236 564 1337 591 monte,
1357 567 1408 587 nec
1419 559 1607 596 Jerosolymis,
1635 562 1682 589 sed
1699 564 1727 591 in

947 604 1045 638 spiritu
1061 604 1175 632 adorant
1191 604 1276 632 Deum
1292 609 1318 633 et
1329 606 1356 632 in
1367 607 1480 634 veritate
1493 607 1536 634 "‘t

983 691 1069 720 R559.
1088 692 1135 720 Isti
1151 697 1215 721 sunt
1240 694 1286 729 qui
1309 694 1336 722 in
1362 695 1477 723 desertis
1492 700 1519 723 et
1534 697 1560 724 in
1576 698 1725 729 montibus.

945 738 992 772 qui
1024 738 1051 765 in
1074 739 1213 773 speluncis
1230 744 1257 767 et
1276 740 1402 768 cavernis
1420 745 1498 769 terrae
1527 742 1661 775 habitant,
1679 745 1726 778 qui

945 784 1013 810 citra
1040 789 1205 812 conventum
1234 786 1367 820 ecclesiae,
1391 795 1439 823 per
1464 795 1546 823 opera
1574 788 1657 821 bona,
1679 789 1725 817 Dei

945 829 1044 864 spiritu
1057 830 1215 861 illuminati.
1229 831 1257 859 in
1281 833 1379 867 spiritu
1407 837 1435 861 et
1467 834 1582 862 veritate
1610 836 1726 862 adorant

108 869 225 904 ἀληθείᾳ
240 870 420 905 προσκυνοῦσι
434 870 479 897 τὸν
493 870 559 898 Θεὸν
570 871 617 898 καὶ
630 872 740 907 Πατέρα
754 872 832 908 ήμῶν
848 873 887 900 τοι

945 873 1028 902 Deum
1044 879 1072 902 et
1085 875 1192 903 Patrem
1211 882 1334 906 nostrum
1350 880 1396 914 qui
1411 884 1454 907 est
1467 880 1495 907 in
1513 881 1601 909 caelis.
1616 881 1667 915 Qui
1683 882 1727 909 in-

108 915 138 941 ὲν
155 916 211 946 τοῖς
230 915 369 951 οὐρανοῖς,
390 916 543 951 ἀμέμπτως
570 917 690 952 βιοῦντες
709 919 756 944 καὶ
773 918 812 953 τῷ
833 918 892 954 Θεῷ

108 960 312 996 εὖσεόοφρόνως
336 961 520 996 λατρεύοντες,
535 963 564 989 ἐν
589 963 663 998 πάσῃ
691 963 817 1002 εὺσεῦείᾳ
846 966 893 992 καὶ

108 1006 253 1041 σεμνότητι
268 1005 323 1032 τῶν
335 1007 440 1042 ἀρετῶν
455 1007 663 1042 διαλάμποντες,
677 1008 723 1034 καὶ
737 1009 787 1034 οὑκ
801 1007 893 1043 έχουσι

107 1051 204 1087 χρείαν
222 1051 369 1087 ἐκκλησίας
382 1052 399 1087 ἢ
413 1052 507 1084 τόπου,
518 1052 574 1078 ἀλλ’
588 1052 664 1079 αὐτοὶ
678 1052 790 1084 ἑαυτοὺς
812 1053 893 1084 ναοὺς

107 1097 312 1129 ποιοῦντεςταῖς
324 1097 439 1132 ἀγαθαῖς
453 1098 606 1134 ἐργασίαις,
623 1099 651 1124 ἐν
664 1099 746 1124 παντὶ
760 1097 833 1133 τύπῳ
846 1099 892 1124 καὶ

107 1143 245 1178 πανταχοῦ
278 1142 453 1179 εὐαρεστοῦσι
478 1144 509 1170 τὸ
538 1143 629 1174 Θεῖον,
647 1143 824 1175 ἀδιαλείπτως
845 1143 892 1170 καὶ

106 1188 259 1224 εἰλικρινῶς
271 1189 351 1217 αὑτὸν
361 1189 556 1225 θεραπεύοντες
567 1190 655 1221 πάσας
665 1189 714 1222 τὰς
726 1191 742 1225 ἡ
748 1190 833 1225 μέρας
842 1190 891 1225 τῆς

106 1235 180 1270 ζωῆς
197 1236 298 1264 αὐτῶν.

148 1280 244 1316 Ἐρώτ.
262 1284 310 1308 κε’,
322 1281 354 1307 Τί
370 1280 460 1315 λέγει·
480 1291 490 1307 ι
508 1282 571 1309 Ἐὰν
590 1282 636 1309 δύο
650 1282 726 1318 ὑμῶν
744 1281 890 1317 συμφωνή-

106 1332 190 1352 σωσιν
212 1326 258 1352 ἐπὶ
274 1327 323 1362 τῆς
338 1326 400 1362 γῆς,
417 1327 463 1354 ἐπὶ
486 1329 586 1360 παντὸς
603 1328 774 1364 πράγματος,
791 1325 821 1354 οὗ
842 1327 890 1353 ἐὰν

105 1371 281 1405 αίτήσωνται,
295 1373 438 1408 γενήσεται
454 1373 545 1405 αὐτοῖς
558 1382 565 1406 ;
580 1383 589 1399 ι
696 1367 701 1371 ’

146 1415 240 1442 Ἀπόκ.
257 1417 386 1444 Τουτέστι
401 1419 464 1454 περὶ
480 1419 580 1450 παντὸς
600 1418 772 1454 πράγματος,
789 1416 820 1446 οὗ
842 1419 889 1446 ἐὰν

105 1463 273 1498 συμφωνήσῃ
289 1464 305 1498 ή
319 1463 391 1499 ψυχὴ
408 1464 477 1499 μετὰ
490 1464 537 1490 τοῦ
550 1463 685 1500 σώματος,
700 1465 828 1496 εὐσεϐοῦς
841 1465 888 1491 καὶ

104 1508 234 1544 ἐναρέτου
247 1509 412 1545 ζητήματος,
423 1511 438 1537 ὁ
452 1511 516 1543 Θεὸς
530 1512 560 1538 ὲν
577 1511 651 1546 μέσῳ
666 1511 756 1537 αὐτῶν
772 1512 884 1545 γίνεται,

944 921 1052 955 culpate
1070 922 1175 954 vivunt,
1192 927 1218 950 et
1234 923 1318 951 Deum
1337 925 1462 960 religiose
1486 930 1514 954 et
1538 927 1582 961 pie
1603 928 1726 956 colentes

943 966 1016 993 omni
1034 967 1134 1001 pietate
1149 975 1176 996 et
1191 969 1335 997 honestate
1365 970 1495 998 virtutum
1525 972 1658 1003 relucent.
1674 979 1724 999 nec

943 1019 1012 1047 opus
1030 1013 1130 1041 habent
1151 1015 1277 1048 ecclesia,
1291 1020 1337 1043 aut
1351 1016 1410 1044 loco
1433 1017 1497 1044 huic
1512 1018 1552 1045 rei
1575 1018 1722 1050 destinato.

943 1057 991 1084 sed
1006 1057 1059 1092 ipsi
1077 1060 1239 1095 semetipsos
1255 1061 1354 1096 templa
1379 1061 1459 1090 bonis
1473 1063 1602 1097 operibus
1618 1063 1723 1091 facien-

942 1106 994 1134 tes,
1009 1104 1107 1137 quovis
1127 1105 1187 1132 loco
1203 1110 1231 1133 et
1255 1106 1357 1142 ubique
1381 1106 1437 1134 Deo
1461 1108 1570 1142 placent
1585 1118 1590 1135 :
1607 1109 1724 1144 denique

941 1148 1052 1176 assidue
1065 1154 1092 1176 et
1113 1151 1219 1178 sincere
1235 1151 1361 1179 omnibus
1375 1153 1471 1180 diebus
1493 1154 1555 1181 vita:
1585 1163 1641 1182 sua:
1665 1163 1726 1183 ser-

941 1193 1026 1221 viunt.

977 1271 1085 1305 Qumsr.
1102 1273 1187 1302 XXV.
1203 1274 1273 1307 Quid
1300 1279 1343 1303 est
1359 1277 1431 1311 quod
1459 1276 1547 1312 inquit
1564 1287 1571 1305 :
1595 1287 1604 1303 ι
1625 1278 1652 1306 Si
1668 1278 1722 1306 duo

940 1321 1060 1344 vestrum
1085 1320 1276 1347 consenserint
1298 1329 1380 1355 super
1407 1326 1516 1355 terrain,
1532 1331 1722 1359 quamcunque

940 1368 996 1388 rem
1017 1363 1153 1397 petierint,
1174 1364 1280 1391 dabitur
1295 1365 1336 1392 eis
1345 1366 1406 1392 35?:

974 1408 1057 1437 Resp.
1073 1409 1130 1438 Hoc
1142 1415 1185 1438 est
1200 1411 1233 1439 de
1250 1419 1412 1447 quacunque
1436 1421 1466 1441 re
1481 1415 1640 1442 convenerit
1661 1416 1721 1443 aui-

939 1463 982 1482 ma
1001 1463 1063 1483 cum
1088 1463 1217 1492 corpore,
1233 1457 1267 1485 de
1278 1459 1323 1493 pio
1342 1459 1470 1486 nimirum
1491 1464 1518 1488 et
1538 1462 1624 1495 probo
1639 1469 1714 1496 nego-

940 1503 989 1534 tio,
1002 1501 1074 1530 Deus
1089 1503 1141 1529 erit
1156 1503 1184 1530 in
1211 1503 1301 1531 medio
1320 1512 1426 1537 eorum,
1443 1506 1514 1533 sicut
1539 1514 1600 1534 cum
1617 1506 1673 1534 Elia
1692 1509 1720 1535 in

104 1555 197 1592 ὥσπερ
222 1556 261 1591 τῷ
282 1557 359 1592 Ἠλίᾳ
381 1559 410 1584 ὲν
436 1557 475 1593 τῷ
503 1558 572 1593 ὄρει,
591 1559 638 1584 καὶ
667 1557 766 1593 Δανιὴλ
793 1558 821 1584 ὲν
848 1557 887 1592 τῷ

945 1553 1041 1580 monte,
1057 1553 1084 1576 et
1096 1548 1122 1575 in
1139 1549 1215 1577 fovea
1227 1558 1289 1578 cum
1305 1549 1415 1578 Daniele
1433 1556 1559 1580 versatus
1575 1557 1627 1585 est,
1643 1553 1719 1588 ipso-

103 1601 198 1636 λάκκῳ
215 1602 426 1639 προσομιλήσας,
439 1602 486 1629 καὶ⁴
501 1602 535 1629 τὰ
554 1603 692 1638 αἰτήματα
708 1602 798 1629 αὐτῶν
818 1601 886 1638 πλη-

105 1647 206 1682 ρώσας.

145 1694 240 1730 Ἐρώτ.
255 1699 310 1727 κςα.
329 1696 361 1721 Τί
374 1696 446 1730 λέγει
459 1704 466 1711 '
485 1705 494 1721 ι
511 1696 578 1723 Ἴσοι
594 1696 692 1723 εὐνοῶν
705 1695 745 1731 τῷ
758 1695 886 1731 ἀντιδίκῳ

104 1748 161 1773 σου,
175 1740 226 1772 ἕως
239 1738 268 1768 οὗ
282 1739 306 1767 εἴ
322 1741 351 1767 ὲν
366 1743 399 1777 τῇ
415 1742 466 1777 ὀδῷ
482 1743 539 1777 μετ’
555 1742 673 1769 αὺτοῦῗ»

143 1829 238 1856 Ἀπόκ.
259 1830 402 1857 Ἀντίδικόν
423 1829 481 1857 ἐστι
495 1831 525 1858 τὸ
549 1831 627 1867 σῶμα
646 1833 678 1867 τῇ
693 1831 776 1867 ψυχῇ.
794 1831 886 1858 Ταῦτα

98 1875 155 1912 γὰρ
183 1876 308 1911 ἀλλήλοις
332 1877 492 1910 ἀντίκειται,
518 1876 556 1909 ὥς
580 1886 647 1912 φησι
671 1877 784 1910 Παῦλος.
820 1878 885 1904 ’Υπ-

98 1922 255 1957 ωπιάζομεν
267 1922 322 1958 γὰρ
330 1923 377 1949 καὶ
389 1922 612 1958 δουλαγωγοῦμεν
623 1923 654 1949 τὸ
667 1923 754 1958 σῶμα,
764 1923 886 1950 εὐνοοῦν-

97 1977 143 2000 τες
159 1969 203 1996 διὰ
215 1969 342 2004 νηστείας
354 1970 401 1996 καὶ
415 1971 567 2006 ἀγρυπνίας
587 1971 634 1997 καὶ
652 1970 702 2006 τῆς
715 1971 810 2006 λοιπῆς
834 1979 883 1997 κα-

97 2016 256 2048 κοπαθείας,
280 2017 322 2043 ἵνα
349 2018 447 2052 μηκέτι
469 2017 639 2050 ἐξανίσταται
663 2017 713 2052 τῆς
731 2017 819 2052 ψυχῆς
838 2017 882 2043 διὰ

96 2062 193 2089 παθῶν
205 2063 255 2097 τῆς
277 2063 399 2098 ἀτιμίας.
426 2064 500 2090 Ὀδὸν
522 2064 606 2098 λέγει,
623 2064 669 2090 τὸν
694 2064 808 2099 μάταιον
826 2063 883 2099 βίον

94 2108 190 2135 τοῦτον
206 2109 252 2135 καὶ
266 2109 380 2136 πλάνον·
396 2109 429 2136 ἂν
442 2109 496 2145 γὰρ
517 2109 584 2145 λυθῇ
603 2110 619 2145 ὴ
635 2109 708 2145 ψυχὴ
726 2108 773 2136 τοῦ
790 2109 882 2145 σώμα-

94 2161 152 2186 τος,
168 2154 215 2181 καὶ
231 2153 326 2191 ἐξέλθῃ
346 2155 392 2181 τοῦ
410 2155 467 2190 βίου
483 2155 578 2182 τούτου
595 2156 642 2182 καὶ
663 2156 713 2191 τῆς
731 2155 807 2188 ὁδοῦ,
831 2157 881 2182 οὐκ

95 2200 136 2226 ἔτι
150 2199 313 2235 ἐργάζεσθαι
324 2200 425 2235 ἀγαθὸν
435 2201 555 2228 δύναται.
564 2201 720 2237 Κοδράντης
731 2201 759 2227 δὲ
771 2201 879 2235 λέγεται
897 2218 918 2245 D

94 2246 143 2272 καὶ
157 2247 224 2273 αὐτὸ
239 2246 270 2273 τὸ
285 2247 492 2282 ἐγκατάλειμμα
502 2247 548 2274 τοῦ
565 2247 704 2282 ὲνθυμίου.
721 2247 837 2280 Λέγεται
851 2247 878 2273 δὲ

94 2293 175 2328 καὶὴ
195 2293 346 2328 συνείδησις
368 2294 520 2325 ἀντίδικος·
549 2293 655 2329 ἐλέγχει
672 2293 726 2328 γὰρ
749 2294 824 2329 ἡμᾶς
850 2295 878 2320 ὲν

92 2339 127 2374 τῇ
144 2338 243 2374 καρδίᾳ
257 2339 393 2374 κρυπτῶς,
411 2340 458 2366 καὶ
470 2339 637 2374 ἀναχαιτίζει
649 2339 703 2366 ἀπὸ
716 2339 763 2366 τοῦ
780 2339 877 2370 κακοῦ,

93 2383 141 2409 καὶ
154 2383 202 2410 ἐὰν
219 2384 257 2419 μὴ
274 2383 434 2419 ἀκούσωμεν
450 2384 543 2415 αὐτοῦ,
564 2383 677 2418 ἔσχατον
693 2384 877 2419 παραδίδωσιν

93 2430 167 2464 ἡμᾶς
179 2430 208 2456 ὲν
221 2430 260 2465 τῷ
277 2431 410 2466 κριτηρίῳ
425 2430 472 2457 τοῦ
488 2430 554 2456 Θεοῦ
571 2430 618 2456 καὶ
632 2429 752 2464 δώσομεν
763 2430 877 2462 εὐθύνας

92 2474 164 2510 ὑπέρ
175 2482 204 2500 τε
215 2474 269 2501 τῶν
282 2475 405 2509 μεγάλων
413 2475 629 2511 ἁμαρτημάτων,
638 2474 749 2502 καὶτῶν
760 2474 876 2501 εὐτελῶν

91 2520 139 2545 καὶ
155 2519 215 2547 λίαν
226 2519 385 2555 ἐλαχίστων.

134 2565 228 2600 Ἑρώτ.
243 2565 295 2598 κζ’.
311 2566 343 2592 Τί
358 2567 444 2593 ἐστιν·
462 2576 471 2592 ι
491 2566 624 2602 Ὡμοιώθη
644 2567 660 2602 ἡ
681 2566 804 2601 βασιλεία
819 2566 873 2594 τῶν

90 2610 211 2646 οὐρανῶν
225 2611 317 2647 κόκκῳ
336 2612 488 2644 σινάπεως;
505 2622 513 2638 ι

130 2655 225 2683 Ἀπόκ.
244 2656 294 2683 Διὰ
307 2657 356 2692 τὴν
366 2657 561 2693 ὰνθρωπύτητα
571 2657 655 2691 λέγει.
666 2658 706 2684 ὅτι
721 2667 730 2683 ‹
743 2658 872 2688 Πλούσιος

87 2702 125 2729 ὢν
136 2703 317 2730 ἐταπείνωσεν
337 2703 432 2730 ἑαυτὸν
448 2704 529 2740 μέχρι
552 2704 684 2736 θανάτου,
707 2703 823 2730 θανάτου
844 2704 872 2730 δὲ

124 2791 147 2807 ³⁵
164 2791 243 2819 Joan.
262 2800 306 2822 ιν,
322 2778 367 2822 23.
384 2792 430 2820 οἰδ.

87 2827 110 2844 ιο
129 2826 225 2854 Matth.
243 2835 309 2860 xm,
326 2827 371 2855 '51.

483 2793 506 2809 “
525 2792 620 2820 Matth.
638 2801 722 2826 xviii,
744 2793 786 2820 l9.

842 2793 863 2808 ³⁷
887 2792 980 2821 Matth.
997 2801 1030 2825 ν,
1047 2793 1091 2820 25.

938 1604 997 1624 rum
1014 1598 1164 1632 adimplcns
1178 1599 1335 1633 petitiones.

971 1689 1080 1722 chsr.
1111 1689 1205 1718 XXVI.
1232 1690 1303 1723 Quid
1326 1690 1392 1718 illud
1418 1691 1492 1726 quod
1519 1691 1609 1718 dicit:
1628 1701 1637 1717 ι
1654 1691 1719 1720 Esto

936 1737 1084 1764 benevolus
1096 1744 1157 1763 cum
1177 1737 1334 1765 adversario
1360 1742 1417 1770 tuo,
1435 1738 1499 1766 dum
1522 1739 1610 1766 adhuc
1632 1747 1662 1766 es
1690 1740 1718 1767 in

935 1785 978 1810 via
994 1792 1055 1811 cum
1071 1785 1117 1812 illo
1128 1785 1170 1812 '7?
1184 1795 1193 1811 ι

969 1830 1051 1858 Rssr.
1069 1830 1247 1859 Adversarius
1264 1832 1361 1859 animat
1376 1839 1475 1868 corpus
1488 1836 1531 1860 est
1550 1841 1556 1860 :
1575 1831 1632 1860 hate
1644 1831 1716 1860 enim

935 1877 987 1904 sibi
1009 1877 1189 1908 adversantur
1217 1877 1347 1910 invicem,
1377 1877 1607 1913 quemadmodum
1628 1878 1717 1913 inquit

933 1922 1036 1950 Paulus
1049 1923 1091 1956 ³⁸;
1110 1922 1277 1958 castigamus
1291 1924 1363 1950 enim
1384 1927 1412 1951 et
1429 1923 1457 1950 in
1470 1924 1628 1952 servitutem
1643 1924 1714 1952 redi-

934 1969 1025 2004 gimus
1041 1977 1141 2004 corpus
1160 1977 1210 2005 per
1223 1969 1338 2005 jejunia,
1354 1970 1462 2006 vigilias
1475 1974 1503 1998 et
1529 1978 1577 2006 per
1590 1971 1659 1999 alias
1675 1971 1714 1998 af-

932 2015 1066 2043 ﬂictiones
1085 2024 1091 2041 :
1111 2015 1192 2051 idque
1207 2016 1280 2043 bono
1295 2019 1322 2043 et
1344 2016 1476 2044 benevolo
1492 2018 1594 2049 animo,
1610 2025 1644 2044 ne
1658 2025 1716 2044 am-

933 2062 1004 2096 plius
1021 2067 1118 2089 contra
1140 2062 1258 2089 animam
1275 2070 1323 2098 per
1338 2063 1577 2098 concupiscentias
1600 2063 1716 2099 ignomi-

932 2107 1025 2134 niosas
1037 2107 1169 2142 insurgat.
1188 2107 1266 2135 Viam
1290 2108 1367 2140 dicit,
1383 2116 1480 2135 vanam
1501 2109 1571 2136 hanc
1590 2108 1714 2136 fallacem

931 2153 1013 2179 vitam
1032 2161 1040 2180 ε
1055 2160 1119 2180 nam
1134 2160 1149 2179 a
1169 2161 1284 2188 corpore
1301 2157 1446 2188 postquam
1464 2153 1554 2180 anima
1576 2157 1712 2188 separata.

931 2204 957 2226 et
973 2207 1006 2226 ex
1020 2198 1071 2226 hac
1084 2200 1139 2226 vita
1152 2199 1250 2234 viaque
1267 2199 1351 2227 fuerit
1374 2207 1496 2234 egressa,
1514 2208 1568 2227 non
1596 2200 1713 2234 amplius

932 2249 1021 2279 potest
1033 2245 1140 2280 operari
1161 2246 1273 2273 bonum.
1288 2245 1432 2279 Quadrans
1450 2249 1539 2273 autem
1563 2245 1691 2273 dicuntur
1703 2264 1711 2276 ,

935 2301 944 2316 ι
965 2291 1030 2326 ipsa;
1044 2291 1165 2326 reliquiae
1187 2291 1362 2326 cogitationis
1375 2292 1407 2319 ³ο.
1424 2301 1433 2317 ι
1450 2290 1554 2318 Dicitur
1569 2298 1635 2319 vero
1644 2298 1713 2318 con-

932 2337 1046 2365 scientia
1074 2337 1267 2365 adversarius:
1285 2345 1347 2364 nam
1376 2337 1482 2364 occulte
1509 2337 1535 2364 in
1558 2336 1641 2364 corde
1661 2344 1713 2364 no-

932 2386 990 2409 stro
1020 2382 1170 2416 redarguit,
1201 2385 1309 2409 coercet
1332 2389 1346 2408 a
1370 2382 1452 2414 malo,
1470 2386 1498 2409 et
1515 2382 1538 2409 si
1558 2382 1644 2409 simus
1669 2381 1712 2409 ina

931 2428 1100 2460 obedientes,
1131 2427 1226 2455 eadem
1252 2436 1303 2455 nos
1329 2427 1438 2466 demum
1467 2428 1500 2455 ad
1515 2427 1563 2455 Dei
1591 2427 1711 2455 tribunal

929 2473 1014 2504 sistit,
1029 2473 1073 2501 ubi
1087 2476 1115 2501 et
1129 2481 1224 2508 poenas
1245 2473 1371 2501 dabimus
1397 2476 1454 2500 tum
1480 2474 1633 2501 enormium
1647 2481 1711 2509 pec-

928 2524 1063 2551 catorum.
1082 2523 1138 2546 tum
1155 2520 1237 2547 etiam
1250 2519 1349 2547 levium
1363 2523 1390 2546 et
1406 2519 1594 2546 minimorum.

963 2566 1072 2599 Qumsr.
1086 2565 1193 2593 XXVII.
1210 2565 1281 2599 Quid
1307 2565 1373 2592 illud
1391 2567 1432 2592 est
1447 2571 1454 2590 :
1476 2573 1484 2589 ι
1502 2563 1596 2592 Simile
1608 2563 1710 2591 factum

927 2616 969 2640 est
987 2620 1098 2648 regnum
1113 2612 1245 2639 cmlorum
1256 2618 1342 2646 grano
1356 2610 1459 2645 sinapis
1467 2609 1508 2636 ‘°?
1522 2618 1531 2635 ›

962 2657 1041 2685 [ἷκεν.
1054 2657 1167 2692 Propter
1177 2657 1323 2683 humanam
1332 2663 1409 2683 suam
1424 2659 1548 2682 naturam
1562 2654 1614 2681 hoc
1624 2653 1691 2681 dicit
1702 2664 1708 2682 ε

928 2712 937 2728 ‹
952 2703 1032 2730 Dives
1050 2703 1122 2730 enim
1146 2709 1208 2729 cum
1238 2705 1322 2734 esset,
1351 2701 1505 2728 humiliavit
1533 2699 1709 2734 semetipsum

1147 2793 1170 2809 "‘
1189 2792 1248 2820 Gal.
1268 2801 1300 2824 ν,
1321 2792 1364 2819 l7.
1416 2791 1439 2808 ³⁹
1457 2791 1530 2820 Psal.
1550 2799 1638 2819 Lxxv.
1658 2791 1704 2819 Η.
