1924 3059
190 131 243 158 7I9

778 126 808 154 S.
832 124 1062 153 ATHANASIUS.
1082 140 1116 146 —
1134 125 1269 154 SPURIA.

1752 129 1812 156 720

190 195 279 224 usque
302 187 335 215 ad
355 191 480 220 mortem,
505 190 620 214 mortem
643 193 710 213 vere
732 185 867 213 crucis“.
888 195 897 210 ι
914 184 970 211 Ma-

1032 185 1148 221 τταυροῦ.
1167 196 1177 211 ι
1197 186 1276 220 Μέγα
1288 186 1316 212 δὲ
1332 186 1379 212 καὶ
1393 186 1486 221 κομῶν
1507 187 1563 218 τοῖς
1577 186 1686 221 φύλλοις
1701 186 1744 213 διὰ
1757 187 1812 224 τὴν

193 241 274 269 gnum
290 238 380 261 autem
399 237 426 261 et
438 233 510 260 foliis
529 232 672 259 luxurians
683 231 744 259 olus
761 231 838 263 dicit,
861 235 971 266 propter

191 278 370 306 divinitatem
388 277 519 305 Volucres
532 280 621 304 autem
645 276 718 309 cceli,
735 277 817 304 ramis
829 276 889 310 ejus
904 275 973 303 insi-

193 323 299 356 dentes,
313 323 471 358 prophetas,
484 322 623 358 apostolos
649 325 678 349 et
698 321 882 356 evangelistas
898 320 972 356 ipsos

192 369 327 404 intelligit.

227 415 336 448 Qussr.
352 413 470 442 XXVIII.
488 413 558 447 Quid
573 413 639 441 illud
661 413 814 448 signiﬁcat:
833 421 844 438 ι
859 411 919 440 Non
933 411 974 439 l'a-

191 462 271 490 cietis
287 461 379 488 sisoen
389 467 422 488 ex
436 467 514 487 coma
533 459 631 494 capitis
646 459 730 486 vestri
739 458 783 485 "7
798 467 807 484 ι

228 507 306 542 261
328 505 410 533 Resr.
427 505 484 541 (8i)
503 503 600 532 Sisoen
618 504 727 539 quidam
744 503 822 530 aliter
839 503 973 537 interpre-

193 553 242 580 tati
257 555 332 580 sunt.
347 551 404 586 Ego
418 551 458 578 sic
470 551 575 578 sentio:
590 550 727 585 prohiberi
747 550 798 576 hac
812 549 869 584 lege
887 549 974 583 capil-

192 599 280 626 lorum
295 602 446 625 tonsuram.
467 596 639 624 Consuevere
656 603 773 630 namque
785 594 870 622 Graeci
886 594 975 621 infan-

192 650 249 671 tum
262 644 379 671 vertices
393 651 448 670 non
468 643 589 674 tondere,
600 646 627 669 ct
640 641 754 676 capillos
773 648 892 675 servare,
905 647 975 668 eam-

191 697 245 723 que
259 689 430 725 postmodum
446 687 614 715 demonibus
633 686 767 714 dedicare.

226 735 336 768 Quzsr.
356 734 452 761 XXIX.
472 733 561 767 Quare
588 732 662 760 llavit
686 733 713 760 in
737 731 885 767 discipulos
909 738 975 758 suos

192 781 328 813 Christus,
342 780 437 808 dicens
451 790 457 807 ;
473 790 483 806 ι
498 779 620 814 Accipite
633 778 766 814 Spiritum
777 781 901 806 sanctum
912 777 951 804 “?
962 787 971 803 I

227 826 308 854 Resp.
326 825 559 859 Quemadmodum
574 832 656 860 super
670 831 742 851 εωοο
755 823 819 852 fecit
832 823 929 855 lutum,
947 826 975 850 et

1022 230 1146 266 θεότητα.
1169 230 1284 257 Πετεινὰ
1306 231 1334 257 δὲ
1359 231 1406 257 τοῦ
1430 231 1544 265 οὐρανοῦ
1570 231 1598 258 ὲν
1619 233 1675 262 τοῖς
1699 231 1812 265 κλάδοις

1022 275 1103 302 αὑτοῦ
1130 277 1270 312 προφήτας
1291 277 1338 303 καὶ
1352 277 1529 310 ἀποστόλους,
1551 277 1599 304 καὶ
1622 278 1719 310 αὐτοὺς
1742 277 1812 309 τοὺς

1023 321 1217 356 εὐαγγελιστάς
1232 322 1442 358 καθεζομένους.

1065 411 1161 447 Ἐρώτ.
1178 415 1232 447 κη’.
1246 412 1279 438 Τί
1297 412 1355 438 ἐστι
1368 411 1398 438 τό
1409 419 1416 426 θ
1431 421 1439 436 ι
1453 411 1489 438 Οὐ
1511 411 1638 447 ποιήσετε
1659 412 1751 448 σισὸην
1774 413 1811 438 ἐκ

1022 457 1072 493 τῆς
1088 458 1176 493 κόμης
1192 458 1241 493 τῆς
1254 457 1374 493 κεφαλῆς
1391 457 1485 492 ὐμῶνς
1501 467 1511 483 i

1065 504 1158 530 Ἀποκ.
1174 504 1251 535 Τινὲς
1267 503 1312 530 τὸν
1330 503 1422 538 σισόην
1442 502 1528 534 ἄλλως
1552 503 1735 539 ἡρμήνευσαν·
1750 503 1811 537 ἐγὼ

1023 550 1051 576 δὲ
1067 547 1142 584 οἶμαι
1156 549 1205 584 τὴν
1219 549 1370 584 ἁπόκαρσιν
1382 549 1427 574 τὸν
1439 548 1519 583 νόμον
1532 548 1724 583 ἀπαγορεύειν.
1737 549 1812 575 Εἰώ-

1024 595 1086 622 θασι
1101 595 1154 631 γὰρ
1175 595 1200 621 ot
1218 595 1347 629 ’Έλληνες
1361 595 1397 630 μὴ
1410 595 1566 630 ἀποκείρειν
1578 594 1631 621 τῶν
1643 594 1742 621 παίδων
1758 595 1812 627 τὰς

1024 641 1156 676 κορυφὰς,
1173 641 1221 667 καὶ
1242 641 1306 672 τοὺς
1333 641 1435 676 μαλοὺς
1456 641 1513 676 ὲᾷν,
1540 641 1588 667 καὶ
1602 640 1713 672 τούτους
1738 641 1812 676 μετὰ

1024 688 1119 724 χρόνον
1132 686 1286 714 ἀνατιθέναι
1300 688 1356 718 τοῖς
1371 687 1504 722 δαίμοσιν.

1066 731 1162 768 Ἑρώτ.
1194 731 1244 759 κθ’.
1272 732 1322 759 Διὰ
1345 733 1371 758 τί
1396 733 1560 769 ἐνεφύσησεν
1578 734 1592 760 ὁ
1613 733 1730 769 Χριστὸς
1752 735 1813 766 τοῖς

1025 777 1160 813 μαθηταῖς
1179 777 1260 804 αὑτοῦ
1274 778 1360 812 λέγων
1372 786 1380 793 ·
1404 787 1413 803 ι
1433 779 1537 805 Λάῦετε
1554 779 1666 814 Πνεῦμα
1682 781 1778 814 ἂγιον;
1797 791 1808 806 ι

1065 823 1157 850 ’Δπόκ.
1176 823 1279 860 Ὥσπερ
1293 824 1339 850 ἐπὶ
1352 823 1399 850 τοῦ
1411 825 1510 858 τυφλοῦ
1528 826 1638 860 ἐποίησε
1650 826 1744 861 πηλὸν,
1761 826 1812 853 καὶ

191 870 253 906 ejus
273 871 369 899 oculos
390 870 507 904 illinivit,
530 872 561 897 ut
581 868 735 897 ostenderet
752 867 824 903 quod
846 867 905 902 ipse
927 867 973 898 sit,

1032 870 1154 906 ‘méxptce
1169 871 1233 902 τοὺς
1247 869 1401 906 ὀφθαλμοὺς
1424 871 1516 903 αὐτοῦ,
1534 871 1578 898 ἵνα
1599 871 1684 907 δείξῃ.
1699 872 1739 899 ὅτι
1758 873 1810 899 αὺ-

191 917 239 951 qui
262 917 296 944 ab
318 916 396 944 initio
413 915 540 944 formavit
554 915 692 943 hominem
706 922 740 942 ex
753 914 811 941 luto
823 923 829 940 :
841 912 874 940 ad
896 919 974 940 eum-

191 961 254 989 dem
274 962 384 990 modum
402 962 549 990 insuﬂlavit
567 961 648 988 etiam
670 961 697 988 in
714 960 874 995 discipulos,
885 959 975 987 decla-

191 1015 258 1035 rans
274 1015 304 1035 se
316 1014 389 1040 esse,
402 1007 450 1043 qui
467 1007 592 1042 spiritum
607 1006 653 1034 det
671 1009 698 1033 et
711 1005 794 1033 vitam
807 1005 974 1036 hominibus,

192 1061 241 1088 per
255 1053 418 1089 primitivam
435 1053 509 1080 illam
519 1052 736 1087 inspirationem,
753 1059 833 1086 quam
846 1051 874 1078 in
888 1050 974 1078 Adam

193 1100 346 1135 inspiravit.
363 1099 441 1133 Quod
464 1103 554 1126 autem
577 1098 666 1133 inquit
690 1107 724 1126 τι
742 1097 865 1132 Accipite
888 1097 975 1132 Spiri-

194 1151 251 1173 tum
276 1149 414 1178 sanctum,
437 1154 446 1171 ›
464 1144 540 1172 dedit
563 1145 632 1179 ipsis
651 1151 699 1179 per
716 1145 797 1171 istam
819 1143 976 1177 inspiratio-

193 1200 269 1225 nem,
293 1195 457 1227 potestatem
481 1195 509 1219 et
531 1191 646 1226 gratiam
670 1189 824 1218 remittendi
851 1194 974 1224 peccata.

193 1237 316 1265 Adventu
327 1241 417 1264 autem
434 1236 534 1272 (sancti
547 1235 677 1271 Spiritus)
690 1235 718 1262 in
734 1239 828 1262 sancta
843 1233 976 1261 Penteco-

193 1287 247 1314 ste,
270 1281 400 1316 baptismi
427 1285 454 1308 et
475 1281 616 1316 signorum
645 1280 771 1308 virtutem
790 1279 895 1306 tribuit.
913 1278 975 1306 Ideo

194 1326 301 1361 inquit:
319 1335 328 1350 ι
344 1324 399 1353 Vos
422 1324 627 1360 baptizabimini
653 1324 680 1351 in
706 1323 810 1359 Spiritu
831 1327 928 1351 sancto
948 1327 976 1350 et

195 1371 336 1406 accipietis
358 1370 485 1398 virtutem
502 1369 719 1404 supervenientis
735 1369 764 1396 in
786 1376 835 1396 vos
856 1368 976 1404 Spiritus

193 1416 327 1445 sancti“.
346 1426 354 1442 ι
373 1416 440 1443 Nam
456 1420 517 1443 ante
530 1415 685 1451 passionem
701 1415 770 1450 ejus,
786 1415 901 1450 apostoli
919 1422 975 1442 non

193 1463 328 1492 sanabant
345 1466 461 1498 mgrotos
479 1470 527 1497 per
547 1461 676 1497 Spiritum
693 1465 819 1489 sanctum
836 1471 843 1489 :
859 1461 906 1489 sed
927 1469 975 1496 per

195 1512 356 1545 potestatem
378 1512 405 1536 et
426 1507 586 1535 mandatum
606 1507 657 1535 sibi
677 1515 693 1534 a
709 1506 819 1535 Christo
833 1506 972 1534 traditum.

196 1564 206 1580 ι
222 1554 347 1582 Nondum
366 1554 438 1582 enim
458 1557 517 1581 erat
536 1552 654 1588 Spiritus
676 1556 798 1585 sanctus,
814 1553 878 1588 quia
893 1553 973 1581 Jesus

193 1598 314 1626 nondum
341 1598 429 1626 fuerat
452 1598 620 1633 gloriﬁcatus
630 1598 662 1625 “.
680 1609 689 1624 ι
712 1597 736 1625 Α
763 1599 879 1625 mortuis
909 1606 974 1626 vero

193 1649 336 1680 postquam
350 1644 500 1672 resurrexit
518 1644 686 1679 gloriticatus
707 1647 758 1671 est.
778 1643 910 1678 Spiritum
925 1651 974 1670 au-

193 1695 247 1718 tem
261 1695 385 1719 sanctum
406 1698 468 1717 cum
487 1694 575 1721 vocat,
591 1698 646 1717 non
662 1690 749 1717 sancti
769 1689 887 1725 Spiritus
907 1690 975 1717 indi-

193 1739 238 1762 cat
253 1736 413 1771 liypostasin
427 1745 434 1762 :
450 1735 507 1762 hac
518 1736 590 1762 enim
603 1739 661 1762 erat
675 1739 748 1767 ante,
764 1739 791 1762 et
802 1740 855 1766 est.
872 1741 898 1763 et
912 1737 972 1767 erit,

142 1778 145 1780 ’
192 1781 241 1808 sed
263 1781 381 1816 Spiritus
401 1782 489 1808 sancti
513 1781 625 1813 donum,
654 1782 726 1816 quod
750 1786 812 1816 post
837 1783 975 1809 ascensio-

191 1834 265 1858 Lem,
288 1826 404 1859 decimo.
424 1831 486 1862 post
501 1829 729 1855 resurrectionem
742 1835 817 1860 vero,
840 1828 976 1863 quinqua-

191 1873 296 1908 gesimo
310 1873 354 1900 die
370 1873 443 1900 venit
460 1881 543 1908 super
553 1873 704 1908 discipulos
719 1874 832 1901 Christi.

226 1917 335 1951 Qincsr.
350 1918 434 1945 XXX.
454 1919 521 1952 Quis
535 1925 577 1947 est
589 1919 728 1954 illcjudex
745 1919 909 1954 iniquitatis,
926 1920 973 1955 qui

191 1970 279 1998 neque
293 1962 376 1991 Deum
393 1964 479 1996 timet,
493 1971 544 1991 nec
556 1964 694 1992 hominem
709 1965 834 1992 veretur?

227 2061 307 2090 Rssr.
328 2061 399 2090 Deus
415 2071 422 2089 :
439 2069 489 2090 nec
517 2062 590 2089 enim
615 2062 658 2090 vel
677 2061 761 2090 Deum
783 2062 875 2096 habet,
892 2071 973 2098 quem

190 2107 301 2141 timeat;
317 2108 359 2135 vel
373 2107 519 2139 hominem,
537 2115 617 2142 quem
632 2113 800 2135 revereatur.
819 2118 828 2133 ι
842 2109 987 2135 Erat-au-'

190 2158 244 2181 tem
260 2154 288 2180 in
305 2161 336 2181 ea
352 2154 461 2181 civitate
477 2154 558 2181 vidua
572 2154 697 2189 quaedam
709 2154 741 2180 “.
756 2164 764 2180 ι
784 2153 850 2187 Quae
865 2154 912 2181 illa
932 2156 974 2182 vi-

1024 917 1070 948 τός
1082 917 1155 943 ἐστιν
1168 917 1181 942 ὁ
1195 916 1300 948 πλάσας
1316 917 1376 943 κατ’
1393 917 1480 953 ἀρχὰς
1494 917 1539 944 τὸν
1553 917 1696 953 ἄνθρωπον
1712 919 1744 945 ὲκ
1760 918 1810 945 τοῦ

1024 962 1127 998 πηλοῦ·
1147 963 1194 989 τὸν
1208 962 1290 990 αὑτὸν
1301 963 1333 998 δὴ
1346 963 1446 999 τρόπον
1467 964 1514 990 καὶ
1529 965 1587 996 τοῖς
1618 964 1751 1000 μαθηταῖς
1764 967 1810 991 ὲν-

1024 1009 1154 1045 εφύσησε,
1167 1009 1284 1042 δεικνὺς,
1307 1010 1348 1036 ὃτι
1368 1010 1448 1042 αὐτὸς
1470 1011 1543 1037 ὲστιν
1557 1011 1572 1037 ὁ
1586 1010 1649 1042 δοὺς
1663 1011 1747 1046 πνοὴν
1761 1012 1811 1038 καὶ

1025 1054 1097 1091 ζωὴν
1112 1056 1169 1087 τοῖς
1185 1055 1337 1090 ἀνθρώποις
1352 1055 1396 1082 διὰ
1415 1055 1462 1082 τοῦ
1478 1056 1592 1082 παλαιοῦ
1611 1056 1810 1091 ὲμφυσήματος

1024 1101 1071 1129 τοῦ
1089 1101 1158 1138 πρὸς
1183 1102 1229 1128 τὸν
1250 1102 1345 1138 ’Δδάμ.
1373 1102 1465 1129 Εἰπὼν
1488 1102 1515 1129 δὲ
1540 1103 1647 1134 αὐτοῖς·
1668 1111 1677 1127 ι
1704 1102 1809 1129 Λάΰετε

1025 1145 1137 1181 Πνεῦμα
1153 1147 1245 1180 ἅγιον·
1265 1156 1275 1172 ι
1296 1146 1395 1173 ἔδωκεν
1412 1147 1502 1178 αὐτοῖς
1525 1147 1648 1179 ἐξουσίαν
1667 1148 1713 1174 καὶ
1729 1147 1810 1182 χάριν

1024 1190 1068 1218 διὰ
1081 1191 1128 1217 τοῦ
1143 1191 1338 1227 ὲμφυσήματος
1354 1192 1422 1227 πρὸς
1431 1192 1460 1218 τὸ
1473 1191 1581 1226 ἀφιέναι
1596 1193 1739 1227 ἁμαρτίας.
1758 1192 1809 1218 Διὰ

1024 1237 1075 1271 τῆς
1092 1237 1289 1272 ὲπιφοιτήσεως
1315 1237 1343 1262 ὲν
1360 1238 1392 1272 τῇ
1416 1237 1481 1272 ἁγίᾳ.
1495 1238 1666 1273 Πεντηκοστῇ
1691 1238 1739 1274 τὴν
1760 1237 1809 1264 τοῦ

1026 1281 1213 1317 βαπτίσματος
1234 1283 1282 1309 καὶ
1302 1281 1350 1317 τὴν
1367 1283 1420 1308 τῶν
1441 1283 1560 1318 σημείων
1579 1283 1720 1319 ἐνέργειαν
1737 1291 1806 1318 παρΔ

1025 1329 1091 1363 εἶχε.
1117 1327 1162 1354 Διό
1188 1336 1291 1363 φησιν·
1321 1338 1330 1354 ι
1363 1328 1456 1363 Ὑμεῖς
1480 1328 1507 1354 δὲ
1534 1327 1749 1363 βαπτισθήσεσθε
1778 1331 1808 1355 ἐν

1026 1374 1163 1409 Πνεύματι
1175 1374 1255 1409 ἁγίῳ,
1270 1375 1316 1401 καὶ
1329 1374 1446 1410 λήψεσθε
1462 1374 1575 1409 δύναμιν
1588 1375 1744 1406 ἐπελθόντος
1759 1374 1807 1401 τοῦ

1026 1420 1104 1454 ἁγίου
1129 1420 1286 1455 Πνεύματος
1307 1421 1350 1455 ἐφ’
1368 1421 1449 1456 ὑμᾶς.
1466 1430 1475 1446 ι
1498 1421 1554 1456 Πρὸ
1566 1421 1620 1456 γὰρ
1639 1421 1687 1448 τοῦ
1704 1422 1806 1453 πάθους

1025 1466 1074 1492 οὐκ
1094 1466 1123 1493 ὲν
1141 1465 1277 1500 Πνεύματι
1300 1466 1369 1501 ἁγίῳ
1391 1466 1440 1498 τὰς
1459 1466 1545 1498 ίάσεις
1569 1467 1675 1494 ἐποίουν
1690 1468 1714 1494 οἱ
1740 1467 1807 1494 ἁπό-

1026 1511 1129 1544 στολοι,
1159 1511 1225 1538 ἀλλὰ
1249 1513 1281 1548 τῇ
1307 1511 1382 1547 παρὰ
1407 1511 1453 1538 τοῦ
1478 1513 1594 1548 Χριστοῦ
1623 1513 1730 1549 ἐξουσίᾳ
1759 1515 1807 1541 καὶ

1027 1557 1183 1593 προστάξει.
1201 1567 1210 1583 ι
1230 1558 1313 1584 Οὔπω
1333 1558 1387 1594 γὰρ
1402 1556 1435 1594 ἦν
1455 1559 1567 1594 Πνεῦμα
1585 1560 1671 1593 ἅγιον,
1690 1561 1730 1586 ὃτι
1755 1561 1807 1596 Ἰη-

1027 1603 1089 1634 σοῦς
1103 1603 1207 1629 οὐδέπω
1224 1603 1363 1639 ἐδοξάσθη.
1385 1614 1394 1630 ι
1416 1604 1576 1636 Δεδόξασται
1592 1605 1619 1631 δὲ
1641 1606 1760 1641 ἐγερθεὶς
1774 1608 1806 1633 ἐκ

1025 1649 1140 1684 νεκρῶν.
1169 1649 1280 1684 Πνεῦμα
1295 1650 1323 1676 δὲ
1347 1650 1424 1685 ἅγιον
1441 1651 1579 1686 ὀνομάζων
1596 1652 1627 1678 οὐ
1655 1652 1700 1678 τοῦ
1729 1653 1806 1686 ἁγίου

1026 1694 1183 1730 Πνεὺματος
1199 1696 1248 1730 τὴν
1272 1696 1433 1722 ὑπόστασιν
1453 1697 1518 1723 αὐτὸ
1532 1698 1586 1733 γὰρ
1605 1696 1638 1733 ἦν
1652 1707 1680 1725 τε
1702 1699 1745 1725 ἀεὶ
1759 1701 1806 1726 καὶ

1026 1740 1082 1766 ἐστι
1107 1741 1153 1767 καὶ
1176 1741 1261 1772 ἔσται,
1288 1741 1355 1767 ἀλλὰ
1368 1741 1397 1768 τὸ
1414 1741 1461 1768 τοῦ
1477 1742 1554 1776 ἁγίου
1576 1743 1734 1778 Πνεύματος
1758 1744 1807 1779 χά-

1026 1795 1121 1822 ρισμα,
1143 1787 1211 1822 ὅπερ
1225 1787 1296 1814 κατὰ
1315 1788 1364 1822 τὴν
1380 1788 1495 1823 δεκάτην
1514 1789 1620 1824 ἡμέραν
1638 1790 1687 1824 τῆς
1708 1790 1806 1826 ἀναλή-

1024 1832 1112 1867 ψεως,
1132 1833 1318 1868 πεντηκοστὴν
1341 1833 1369 1859 δὲ
1391 1833 1442 1869 τῆς
1465 1835 1655 1866 ἀναστάσεως,
1675 1836 1721 1862 ἐπὶ
1743 1837 1806 1868 τοὺς

1025 1879 1142 1915 Χριστοῦ
1159 1879 1281 1914 μαθητὰς
1295 1880 1498 1915 κατεφοίτησεν.

1066 1923 1160 1959 Ἐρώτ.
1184 1924 1215 1950 λ’.
1242 1925 1289 1955 Τίς
1315 1925 1387 1951 ἐστιν
1410 1925 1424 1950 ὁ
1446 1925 1541 1961 κριτὴς
1565 1925 1615 1961 τῆς
1644 1926 1767 1958 ἀδικίας,
1791 1927 1806 1953 ὁ

1026 1971 1094 2006 μήτε
1109 1970 1153 1997 τὸν
1163 1970 1227 1996 Θεὸν
1243 1970 1418 2006 φοϐούμενος,
1439 1971 1507 2006 μήτε
1524 1971 1666 2006 ἄνθρωπον
1682 1972 1806 2007 ἐντρεπό-

1026 2025 1105 2052 μενος
1117 2025 1124 2049 ;

1066 2062 1159 2089 ’Λπόκ.
1178 2062 1207 2089 'O
1221 2062 1300 2093 Θεός·
1320 2061 1381 2088 οὗτε
1395 2061 1449 2098 γὰρ
1469 2061 1535 2088 Θεὸν
1556 2062 1622 2097 ἔχει,
1638 2062 1667 2088 ὃν
1687 2062 1806 2098 φοϐηθή-

1025 2117 1110 2140 σεται,
1132 2107 1192 2134 οὕτε
1206 2108 1347 2143 ἄνθρωπον
1363 2108 1572 2144 ἐντραπήσεται.
1596 2117 1605 2133 ‹
1625 2109 1703 2143 Χήρα
1720 2108 1748 2134 δέ
1765 2116 1806 2139 τις

1023 2153 1057 2191 ἦν
1068 2157 1095 2181 ἐν
1109 2156 1141 2190 τῇ
1166 2155 1253 2181 πόλει.
1273 2163 1282 2180 ι
1307 2154 1354 2185 Τίς
1368 2154 1396 2180 δὲ
1416 2154 1433 2189 ή
1450 2154 1523 2188 χήρα
1540 2153 1650 2188 ἐκείνης
1672 2154 1688 2188 ἡ
1706 2153 1805 2185 παντὸς

190 2199 244 2227 dua
258 2200 318 2228 est?
332 2200 422 2227 anima
446 2200 581 2235 cujusque
600 2200 729 2231 hominis.
757 2208 817 2235 quae
835 2201 971 2227 diabolum

1032 2201 1168 2236 ῑινθρὼπου
1179 2200 1262 2236 ψυχὴ.
1279 2200 1295 2235 ἥ
1311 2208 1375 2226 ποτε
1391 2199 1437 2226 τὸν
1458 2200 1579 2226 διάϐολον
1595 2199 1678 2234 ἄνδρα
1695 2200 1802 2234 ἔχουσα,

190 2246 336 2281 aliquando
360 2247 488 2273 maritum
509 2247 620 2273 habuit:
636 2254 690 2282 quo
714 2247 866 2281 repudiato,
892 2247 972 2274 Chri-

190 2296 262 2320 stum
282 2300 314 2319 ex
331 2293 422 2319 animo
441 2293 650 2327 complectitur:
667 2293 747 2320 vidua
770 2298 822 2325 est,
843 2301 873 2320 ac
888 2301 971 2321 orans

190 2341 270 2365 nocte
293 2338 391 2373 dieque
408 2338 528 2373 judiccm
543 2338 716 2374 deprecatur,
732 2344 756 2366 et
773 2340 868 2374 lugens
881 2339 947 2366 dicit
962 2349 968 2367 :

193 2393 202 2409 ι
215 2383 330 2411 Vindica
344 2392 387 2412 me
401 2384 436 2413 de
449 2384 606 2412 adversario
622 2393 683 2412 meo
691 2385 724 2412 ⁵⁷.
739 2395 749 2411 ι

222 2471 334 2507 ροεετ.
351 2471 449 2502 XXXI.
469 2473 536 2506 Quis
548 2476 639 2501 autem
654 2477 696 2500 est
711 2473 905 2502 adversarius?

223 2517 304 2547 Βεερ.
324 2517 464 2551 Diabolus,
484 2519 531 2554 qui
555 2528 565 2544 ι
579 2521 710 2553 tanquam
728 2519 770 2547 leo
788 2519 900 2555 rugiens
913 2521 969 2548 cir-

187 2565 254 2597 cuit,
265 2572 391 2600 quaarens
405 2572 487 2599 quem
503 2564 615 2592 devoret
623 2565 657 2593 ".
675 2575 684 2592 ι

221 2610 332 2644 ρυιεετ.
367 2609 474 2637 XXXII.
509 2610 581 2644 Quid
620 2615 711 2639 autem
748 2612 818 2640 dixit
851 2615 934 2650 jndex
963 2626 970 2644 :

188 2655 323 2684 «Etiamsi
344 2664 400 2684 non
421 2657 532 2684 timeam
547 2657 643 2691 Deum,
669 2665 720 2685 nec
737 2659 874 2687 hominem
895 2670 972 2690 reve—

221 2713 426 2767 ames

185 2757 269 2783 “tu,
286 2751 312 2778 5.
351 2751 372 2767 ⁸⁷
391 2751 457 2779 ibid.
494 2752 518 2768 ⁸⁸
536 2752 546 2779 I
561 2752 632 2780 Petr.
651 2761 676 2785 v,
694 2753 720 2779 8.

396 2716 477 2755 l.l_,_8.
496 2716 640 2755 ,ξ’-Πενία
658 2726 722 2755 xui.
741 2718 783 2746 l7.
822 2721 844 2736 ³⁸³
862 2720 940 2750 Joan.
955 2730 1008 2755 ιχ,
1033 2721 1078 2749 22.

1025 2248 1072 2274 καὶ
1083 2247 1256 2283 ἀπορρίψασα
1279 2247 1369 2277 αὐτὸν,
1386 2246 1431 2272 τὸν
1450 2246 1478 2272 δὲ
1500 2246 1614 2281 Χριστὸν
1633 2247 1803 2281 ὲνστερνισα-

1026 2293 1103 2329 μένη,
1118 2294 1190 2328 χήρα
1204 2293 1341 2327 τυγχάνει,
1360 2292 1406 2318 καὶ
1426 2292 1513 2318 δέεται
1532 2291 1592 2318 καθ’
1607 2291 1723 2325 ἑκάστην
1737 2291 1803 2326 ὴμέ-

1025 2348 1074 2375 ραν
1088 2340 1135 2365 καὶ
1150 2338 1244 2369 νύκτα,
1263 2338 1308 2364 τὸν
1327 2338 1422 2373 κριτὴν
1439 2337 1634 2373 παρακαλοῦσα
1656 2336 1802 2371 καὶόδυρο-

1025 2386 1093 2421 μένη
1107 2387 1153 2412 καὶ
1169 2385 1299 2419 λέγουσα·
1319 2394 1328 2410 ι
1352 2384 1510 2420 Ἐκδίκησόν
1525 2393 1558 2420 με
1578 2384 1632 2411 ἀπὸ
1646 2384 1691 2411 τοῦ
1708 2384 1803 2411 ἀντιδί-

1023 2440 1072 2458 κου
1087 2439 1147 2466 μου.
1166 2440 1175 2456 ι

1064 2477 1158 2512 Ἐρώτ.
1171 2477 1222 2504 λα’.
1240 2476 1287 2508 Τίς
1300 2476 1329 2503 δέ
1345 2477 1419 2503 ἐστιν
1432 2477 1446 2502 ὀ
1462 2475 1613 2507 ἁντίδικος;

1063 2525 1157 2552 Ἀπόκ.
1176 2524 1205 2551 '0
1216 2523 1348 2555 διάϐολος,
1360 2524 1374 2550 ὁ
1400 2533 1409 2548 ι
1424 2523 1462 2554 ὠς
1476 2522 1543 2549 λέων
1556 2522 1711 2558 ὼρυόμενος
1726 2530 1802 2558 περι‹

1021 2571 1126 2603 πατῶν,
1145 2569 1234 2606 ζητῶν
1252 2569 1312 2595 τινα
1327 2567 1459 2604 καταπίῃ.
1478 2577 1487 2593 ι

1062 2615 1157 2652 Ἐρώτ.
1175 2615 1224 2651 λβ’.
1248 2614 1281 2641 Τί
1301 2614 1330 2641 δὲ
1348 2612 1424 2640 εἶπεν
1443 2615 1457 2640 ὁ
1476 2613 1591 2648 κριτής·
1611 2621 1620 2638 ι
1641 2612 1672 2638 Et
1692 2611 1738 2638 καὶ
1759 2612 1802 2638 τὸν

1019 2662 1085 2689 Θεὸν
1107 2662 1138 2688 οὐ
1162 2660 1308 2696 φοϐοῦμαι,
1326 2660 1373 2688 καὶ
1386 2659 1529 2696 ἄνθρωπον
1553 2659 1602 2685 οὐκ
1627 2658 1800 2694 ἐντρέπομαι,

1130 2720 1154 2736 ⁸⁵
1173 2720 1232 2747 Act.
1253 2729 1278 2754 I,
1296 2720 1324 2748 8.
1373 2721 1396 2735 λ’
1416 2718 1495 2747 Joan.
1523 2725 1580 2750 vn,
1607 2717 1651 2744 59.
1696 2716 1720 2732 ⁸⁸
1738 2715 1801 2744 Luc.

219 2829 274 2865 (8!)
293 2829 354 2856 llaec
365 2833 407 2858 est
423 2829 537 2865 quaestio
549 2829 584 2856 9.8
598 2829 759 2859 Theodoreti
774 2831 798 2857 in
816 2830 897 2858 Levii.
913 2831 1007 2858 iisdem
1024 2831 1087 2859 fere
1094 2831 1194 2858 verbis.
