  <div class='ocr_page' id='page_1' title='image "/cluster/home/n/w/nwhite01/storage/ocr_20150623/28/njp.32101007506148/372.png"; bbox 0 0 1924 3059; ppageno 0'>
   <div class='ocr_carea' id='block_1_1' title="bbox 117 176 169 206">
    <p class='ocr_par' dir='ltr' id='par_1_1' title="bbox 117 176 169 206">
     <span class='ocr_line' id='line_1_1' title="bbox 117 176 169 206; baseline -0.019 0"><span class='ocrx_word' id='word_1_1' title='bbox 117 176 169 206; x_wconf 70' lang='lat'><strong>72!</strong></span> 
     </span>
    </p>
   </div>
   <div class='ocr_carea' id='block_1_2' title="bbox 805 180 1194 215">
    <p class='ocr_par' dir='ltr' id='par_1_2' title="bbox 805 180 1194 215">
     <span class='ocr_line' id='line_1_2' title="bbox 805 180 1194 215; baseline 0 -6"><span class='ocrx_word' id='word_1_2' title='bbox 805 181 1034 215; x_wconf 65' lang='lat' dir='ltr'><strong>QUIESTIONES</strong></span> <span class='ocrx_word' id='word_1_3' title='bbox 1054 181 1089 208; x_wconf 83' lang='lat' dir='ltr'><strong>IN</strong></span> <span class='ocrx_word' id='word_1_4' title='bbox 1108 180 1142 208; x_wconf 82' lang='lat' dir='ltr'><strong>N.</strong></span> <span class='ocrx_word' id='word_1_5' title='bbox 1162 180 1194 209; x_wconf 88' lang='grc' dir='ltr'><strong>Τ.</strong></span> 
     </span>
    </p>
   </div>
   <div class='ocr_carea' id='block_1_3' title="bbox 1684 180 1736 207">
    <p class='ocr_par' dir='ltr' id='par_1_3' title="bbox 1684 180 1736 207">
     <span class='ocr_line' id='line_1_3' title="bbox 1684 180 1736 207; baseline 0 0"><span class='ocrx_word' id='word_1_6' title='bbox 1684 180 1736 207; x_wconf 76' lang='grc'><strong>722</strong></span> 
     </span>
    </p>
   </div>
   <div class='ocr_carea' id='block_1_4' title="bbox 117 233 907 274">
    <p class='ocr_par' dir='ltr' id='par_1_4' title="bbox 117 233 903 274">
     <span class='ocr_line' id='line_1_4' title="bbox 117 233 903 274; baseline 0.004 -12"><span class='ocrx_word' id='word_1_7' title='bbox 117 236 178 263; x_wconf 75' lang='grc' dir='ltr'><strong>ἀλλ’</strong></span> <span class='ocrx_word' id='word_1_8' title='bbox 200 233 248 262; x_wconf 85' lang='grc' dir='ltr'>οὖν</span> <span class='ocrx_word' id='word_1_9' title='bbox 266 236 402 272; x_wconf 80' lang='grc' dir='ltr'><strong>ἐκδικήσω</strong></span> <span class='ocrx_word' id='word_1_10' title='bbox 423 237 507 273; x_wconf 73' lang='grc' dir='ltr'>αὐτὴν</span> <span class='ocrx_word' id='word_1_11' title='bbox 520 258 528 271; x_wconf 89' lang='grc'><strong>,</strong></span> <span class='ocrx_word' id='word_1_12' title='bbox 554 237 598 265; x_wconf 72' lang='grc' dir='ltr'><strong>ἵνα</strong></span> <span class='ocrx_word' id='word_1_13' title='bbox 630 238 667 274; x_wconf 82' lang='grc' dir='ltr'>μὴ</span> <span class='ocrx_word' id='word_1_14' title='bbox 695 237 828 274; x_wconf 73' lang='grc' dir='ltr'><strong>ἐρχομένη</strong></span> <span class='ocrx_word' id='word_1_15' title='bbox 851 239 903 265; x_wconf 80' lang='grc' dir='ltr'><strong>ὑπ-</strong></span> 
     </span>
    </p>
   </div>
   <div class='ocr_carea' id='block_1_5' title="bbox 964 233 1738 274">
    <p class='ocr_par' dir='ltr' id='par_1_5' title="bbox 964 237 1738 273">
     <span class='ocr_line' id='line_1_5' title="bbox 964 237 1738 273; baseline 0 -9"><span class='ocrx_word' id='word_1_16' title='bbox 964 245 1027 270; x_wconf 81' lang='lat' dir='ltr'><strong>&#39;ear,</strong></span> <span class='ocrx_word' id='word_1_17' title='bbox 1042 237 1187 265; x_wconf 84' lang='lat' dir='ltr'><strong>vindicabo</strong></span> <span class='ocrx_word' id='word_1_18' title='bbox 1201 241 1291 265; x_wconf 82' lang='lat' dir='ltr'><strong>tamen</strong></span> <span class='ocrx_word' id='word_1_19' title='bbox 1307 244 1378 271; x_wconf 78' lang='lat' dir='ltr'><strong>eam,</strong></span> <span class='ocrx_word' id='word_1_20' title='bbox 1405 245 1440 266; x_wconf 90' lang='lat' dir='ltr'><strong>ne</strong></span> <span class='ocrx_word' id='word_1_21' title='bbox 1458 237 1570 266; x_wconf 87' lang='lat' dir='ltr'><strong>veniens</strong></span> <span class='ocrx_word' id='word_1_22' title='bbox 1589 244 1633 265; x_wconf 89' lang='lat' dir='ltr'><strong>me</strong></span> <span class='ocrx_word' id='word_1_23' title='bbox 1655 238 1738 273; x_wconf 60' lang='lat' dir='ltr'><strong>sugil.</strong></span> 
     </span>
    </p>
   </div>
   <div class='ocr_carea' id='block_1_6' title="bbox 116 281 904 320">
    <p class='ocr_par' dir='ltr' id='par_1_6' title="bbox 116 281 904 320">
     <span class='ocr_line' id='line_1_6' title="bbox 116 281 904 320; baseline 0.003 -11"><span class='ocrx_word' id='word_1_24' title='bbox 116 281 228 318; x_wconf 74' lang='grc' dir='ltr'>ωπιάζῃ</span> <span class='ocrx_word' id='word_1_25' title='bbox 245 290 289 317; x_wconf 84' lang='grc' dir='ltr'>με.</span> <span class='ocrx_word' id='word_1_26' title='bbox 303 292 311 308; x_wconf 84' lang='grc' dir='ltr'><strong>ι</strong></span> <span class='ocrx_word' id='word_1_27' title='bbox 323 283 377 309; x_wconf 79' lang='grc' dir='ltr'><strong>Καὶ</strong></span> <span class='ocrx_word' id='word_1_28' title='bbox 393 284 518 319; x_wconf 79' lang='grc' dir='ltr'>ἐπιφέρει</span> <span class='ocrx_word' id='word_1_29' title='bbox 529 285 543 310; x_wconf 99' lang='lat'><strong>6</strong></span> <span class='ocrx_word' id='word_1_30' title='bbox 554 283 657 320; x_wconf 81' lang='grc' dir='ltr'>Κύριος</span> <span class='ocrx_word' id='word_1_31' title='bbox 668 284 765 319; x_wconf 87' lang='grc' dir='ltr'>λέγων·</span> <span class='ocrx_word' id='word_1_32' title='bbox 782 295 791 310; x_wconf 74' lang='grc' dir='ltr'><strong>ι</strong></span> <span class='ocrx_word' id='word_1_33' title='bbox 809 285 904 311; x_wconf 80' lang='grc' dir='ltr'>Ἀκού-</span> 
     </span>
    </p>
   </div>
   <div class='ocr_carea' id='block_1_7' title="bbox 119 328 904 367">
    <p class='ocr_par' dir='ltr' id='par_1_7' title="bbox 119 328 904 367">
     <span class='ocr_line' id='line_1_7' title="bbox 119 328 904 367; baseline 0.004 -13"><span class='ocrx_word' id='word_1_34' title='bbox 119 336 196 358; x_wconf 86' lang='grc' dir='ltr'>σατε,</span> <span class='ocrx_word' id='word_1_35' title='bbox 207 328 234 354; x_wconf 89' lang='grc' dir='ltr'><strong>τί</strong></span> <span class='ocrx_word' id='word_1_36' title='bbox 244 328 316 362; x_wconf 80' lang='grc' dir='ltr'>λέγει</span> <span class='ocrx_word' id='word_1_37' title='bbox 329 329 343 355; x_wconf 87' lang='grc' dir='ltr'>ὁ</span> <span class='ocrx_word' id='word_1_38' title='bbox 360 329 456 365; x_wconf 81' lang='grc' dir='ltr'>κριτὴς</span> <span class='ocrx_word' id='word_1_39' title='bbox 469 330 517 365; x_wconf 85' lang='grc' dir='ltr'>τῆς</span> <span class='ocrx_word' id='word_1_40' title='bbox 527 330 643 362; x_wconf 79' lang='grc' dir='ltr'>ἀδικίας,</span> <span class='ocrx_word' id='word_1_41' title='bbox 662 341 671 356; x_wconf 82' lang='grc' dir='ltr'><strong>ι</strong></span> <span class='ocrx_word' id='word_1_42' title='bbox 686 332 699 357; x_wconf 89' lang='lat'><strong>6</strong></span> <span class='ocrx_word' id='word_1_43' title='bbox 710 331 774 363; x_wconf 83' lang='grc' dir='ltr'>Θεός</span> <span class='ocrx_word' id='word_1_44' title='bbox 786 340 793 346; x_wconf 88' lang='grc'><strong>·</strong></span> <span class='ocrx_word' id='word_1_45' title='bbox 812 331 904 367; x_wconf 72' lang='grc' dir='ltr'>ἐπειδὴ</span> 
     </span>
    </p>
   </div>
   <div class='ocr_carea' id='block_1_8' title="bbox 117 375 904 412">
    <p class='ocr_par' dir='ltr' id='par_1_8' title="bbox 117 375 904 412">
     <span class='ocr_line' id='line_1_8' title="bbox 117 375 904 412; baseline 0.003 -11"><span class='ocrx_word' id='word_1_46' title='bbox 117 375 206 410; x_wconf 82' lang='grc' dir='ltr'>κρίνει</span> <span class='ocrx_word' id='word_1_47' title='bbox 224 376 270 402; x_wconf 78' lang='grc' dir='ltr'>καὶ</span> <span class='ocrx_word' id='word_1_48' title='bbox 288 376 445 411; x_wconf 86' lang='grc' dir='ltr'>κατακρίνει</span> <span class='ocrx_word' id='word_1_49' title='bbox 466 377 528 408; x_wconf 83' lang='grc' dir='ltr'>τοὺς</span> <span class='ocrx_word' id='word_1_50' title='bbox 555 376 675 408; x_wconf 83' lang='grc' dir='ltr'>ἀδίκους.</span> <span class='ocrx_word' id='word_1_51' title='bbox 697 386 706 402; x_wconf 73' lang='grc' dir='ltr'><strong>ι</strong></span> <span class='ocrx_word' id='word_1_52' title='bbox 724 376 825 412; x_wconf 84' lang='grc' dir='ltr'>Δικαίῳ</span> <span class='ocrx_word' id='word_1_53' title='bbox 850 376 904 412; x_wconf 74' lang='grc' dir='ltr'>γὰρ</span> 
     </span>
    </p>
   </div>
   <div class='ocr_carea' id='block_1_9' title="bbox 118 421 387 457">
    <p class='ocr_par' dir='ltr' id='par_1_9' title="bbox 118 421 387 457">
     <span class='ocr_line' id='line_1_9' title="bbox 118 421 387 457; baseline 0 -9"><span class='ocrx_word' id='word_1_54' title='bbox 118 421 201 457; x_wconf 82' lang='grc' dir='ltr'>νόμος</span> <span class='ocrx_word' id='word_1_55' title='bbox 216 423 245 448; x_wconf 84' lang='grc' dir='ltr'>οὐ</span> <span class='ocrx_word' id='word_1_56' title='bbox 263 423 359 449; x_wconf 83' lang='grc' dir='ltr'>κεῖται.</span> <span class='ocrx_word' id='word_1_57' title='bbox 378 432 387 448; x_wconf 77' lang='grc' dir='ltr'><strong>ι</strong></span> 
     </span>
    </p>
   </div>
   <div class='ocr_carea' id='block_1_10' title="bbox 161 466 904 505">
    <p class='ocr_par' dir='ltr' id='par_1_10' title="bbox 161 466 904 505">
     <span class='ocr_line' id='line_1_10' title="bbox 161 466 904 505; baseline 0.004 -12"><span class='ocrx_word' id='word_1_58' title='bbox 161 466 256 502; x_wconf 75' lang='grc' dir='ltr'><strong>Ἐρὼτ.</strong></span> <span class='ocrx_word' id='word_1_59' title='bbox 276 468 327 502; x_wconf 65' lang='grc' dir='ltr'><strong>λγθ.</strong></span> <span class='ocrx_word' id='word_1_60' title='bbox 346 468 407 500; x_wconf 87' lang='grc' dir='ltr'><strong>Πῶς</strong></span> <span class='ocrx_word' id='word_1_61' title='bbox 421 469 539 504; x_wconf 87' lang='grc' dir='ltr'>νοητέον,</span> <span class='ocrx_word' id='word_1_62' title='bbox 558 469 599 496; x_wconf 81' lang='grc' dir='ltr'>ὅτι</span> <span class='ocrx_word' id='word_1_63' title='bbox 618 478 627 495; x_wconf 79' lang='grc' dir='ltr'><strong>ι</strong></span> <span class='ocrx_word' id='word_1_64' title='bbox 655 468 684 496; x_wconf 87' lang='grc' dir='ltr'>Ὁ</span> <span class='ocrx_word' id='word_1_65' title='bbox 702 469 770 504; x_wconf 78' lang='grc' dir='ltr'>ἔχων</span> <span class='ocrx_word' id='word_1_66' title='bbox 787 469 904 505; x_wconf 78' lang='grc' dir='ltr'>ἱμάτιον,</span> 
     </span>
    </p>
   </div>
   <div class='ocr_carea' id='block_1_11' title="bbox 118 511 798 550">
    <p class='ocr_par' dir='ltr' id='par_1_11' title="bbox 118 511 798 550">
     <span class='ocr_line' id='line_1_11' title="bbox 118 511 798 550; baseline 0.004 -13"><span class='ocrx_word' id='word_1_67' title='bbox 118 511 272 546; x_wconf 77' lang='grc' dir='ltr'><strong>πωλησάτω</strong></span> <span class='ocrx_word' id='word_1_68' title='bbox 286 512 361 544; x_wconf 75' lang='grc' dir='ltr'>αὐτὸ,</span> <span class='ocrx_word' id='word_1_69' title='bbox 376 513 423 540; x_wconf 74' lang='grc' dir='ltr'>καὶ</span> <span class='ocrx_word' id='word_1_70' title='bbox 436 514 598 549; x_wconf 75' lang='grc' dir='ltr'><strong>ἀγορασάτω</strong></span> <span class='ocrx_word' id='word_1_71' title='bbox 616 515 767 550; x_wconf 84' lang='grc' dir='ltr'>μάχαιραν;</span> <span class='ocrx_word' id='word_1_72' title='bbox 789 525 798 541; x_wconf 77' lang='grc' dir='ltr'><strong>ι</strong></span> 
     </span>
    </p>
   </div>
   <div class='ocr_carea' id='block_1_12' title="bbox 161 597 906 638">
    <p class='ocr_par' dir='ltr' id='par_1_12' title="bbox 161 597 906 638">
     <span class='ocr_line' id='line_1_12' title="bbox 161 597 906 638; baseline 0.007 -13"><span class='ocrx_word' id='word_1_73' title='bbox 161 598 255 626; x_wconf 62' lang='grc' dir='ltr'>’Δπόιι</span> <span class='ocrx_word' id='word_1_74' title='bbox 275 598 359 626; x_wconf 83' lang='grc' dir='ltr'>Τοῦτο</span> <span class='ocrx_word' id='word_1_75' title='bbox 374 597 434 627; x_wconf 74' lang='grc' dir='ltr'>εἷπε</span> <span class='ocrx_word' id='word_1_76' title='bbox 449 601 581 636; x_wconf 78' lang='grc' dir='ltr'>γνωρίσαι</span> <span class='ocrx_word' id='word_1_77' title='bbox 597 600 680 628; x_wconf 80' lang='grc' dir='ltr'>θέλων</span> <span class='ocrx_word' id='word_1_78' title='bbox 697 603 711 629; x_wconf 92' lang='lat'><strong>6</strong></span> <span class='ocrx_word' id='word_1_79' title='bbox 733 602 834 638; x_wconf 84' lang='grc' dir='ltr'>Κύριος</span> <span class='ocrx_word' id='word_1_80' title='bbox 850 604 906 635; x_wconf 82' lang='grc' dir='ltr'>τοῖς</span> 
     </span>
    </p>
   </div>
   <div class='ocr_carea' id='block_1_13' title="bbox 118 643 905 682">
    <p class='ocr_par' dir='ltr' id='par_1_13' title="bbox 118 643 905 682">
     <span class='ocr_line' id='line_1_13' title="bbox 118 643 905 682; baseline 0.006 -13"><span class='ocrx_word' id='word_1_81' title='bbox 118 643 280 675; x_wconf 80' lang='grc' dir='ltr'><strong>ἀποστόλοις</strong></span> <span class='ocrx_word' id='word_1_82' title='bbox 295 644 345 679; x_wconf 81' lang='grc' dir='ltr'>τὴν</span> <span class='ocrx_word' id='word_1_83' title='bbox 362 645 506 680; x_wconf 80' lang='grc' dir='ltr'><strong>προδοσίαν</strong></span> <span class='ocrx_word' id='word_1_84' title='bbox 518 645 611 677; x_wconf 74' lang='grc' dir='ltr'>αὐτοῦ,</span> <span class='ocrx_word' id='word_1_85' title='bbox 628 647 674 673; x_wconf 75' lang='grc' dir='ltr'><strong>καὶ</strong></span> <span class='ocrx_word' id='word_1_86' title='bbox 685 647 734 682; x_wconf 80' lang='grc' dir='ltr'>τὴν</span> <span class='ocrx_word' id='word_1_87' title='bbox 746 646 839 681; x_wconf 74' lang='grc' dir='ltr'>ἔφοδον</span> <span class='ocrx_word' id='word_1_88' title='bbox 852 647 905 674; x_wconf 83' lang='grc' dir='ltr'><strong>τῶν</strong></span> 
     </span>
    </p>
   </div>
   <div class='ocr_carea' id='block_1_14' title="bbox 125 688 905 730">
    <p class='ocr_par' dir='ltr' id='par_1_14' title="bbox 125 688 905 730">
     <span class='ocr_line' id='line_1_14' title="bbox 125 688 905 730; baseline 0.009 -16"><span class='ocrx_word' id='word_1_89' title='bbox 125 688 270 716; x_wconf 82' lang='grc' dir='ltr'><strong>Ἰουδαίων.</strong></span> <span class='ocrx_word' id='word_1_90' title='bbox 288 689 356 716; x_wconf 71' lang='grc' dir='ltr'>Οὔτε</span> <span class='ocrx_word' id='word_1_91' title='bbox 370 688 416 717; x_wconf 76' lang='grc' dir='ltr'>οὖν</span> <span class='ocrx_word' id='word_1_92' title='bbox 431 691 541 723; x_wconf 80' lang='grc' dir='ltr'>τελείως</span> <span class='ocrx_word' id='word_1_93' title='bbox 564 693 784 728; x_wconf 80' lang='grc' dir='ltr'>παρεσιώπησεν,</span> <span class='ocrx_word' id='word_1_94' title='bbox 811 694 854 721; x_wconf 72' lang='grc' dir='ltr'>ἵνα</span> <span class='ocrx_word' id='word_1_95' title='bbox 868 695 905 730; x_wconf 86' lang='grc' dir='ltr'>μὴ</span> 
     </span>
    </p>
   </div>
   <div class='ocr_carea' id='block_1_15' title="bbox 118 734 906 772">
    <p class='ocr_par' dir='ltr' id='par_1_15' title="bbox 118 734 906 772">
     <span class='ocr_line' id='line_1_15' title="bbox 118 734 906 772; baseline 0.009 -12"><span class='ocrx_word' id='word_1_96' title='bbox 118 735 152 770; x_wconf 79' lang='grc' dir='ltr'><strong>τῇ</strong></span> <span class='ocrx_word' id='word_1_97' title='bbox 174 734 260 770; x_wconf 69' lang='grc' dir='ltr'>ἀθρόᾳ</span> <span class='ocrx_word' id='word_1_98' title='bbox 273 735 360 771; x_wconf 81' lang='grc' dir='ltr'><strong>ἐφόδῳ</strong></span> <span class='ocrx_word' id='word_1_99' title='bbox 372 737 552 772; x_wconf 81' lang='grc' dir='ltr'><strong>ταραχθῶσιν,</strong></span> <span class='ocrx_word' id='word_1_100' title='bbox 570 737 630 764; x_wconf 71' lang='grc' dir='ltr'>οὔτε</span> <span class='ocrx_word' id='word_1_101' title='bbox 646 739 725 765; x_wconf 85' lang='grc' dir='ltr'>πάλιν</span> <span class='ocrx_word' id='word_1_102' title='bbox 747 739 855 772; x_wconf 82' lang='grc' dir='ltr'><strong>τελείως</strong></span> <span class='ocrx_word' id='word_1_103' title='bbox 879 742 906 767; x_wconf 81' lang='grc' dir='ltr'><strong>ὲ-</strong></span> 
     </span>
    </p>
   </div>
   <div class='ocr_carea' id='block_1_16' title="bbox 119 779 770 820">
    <p class='ocr_par' dir='ltr' id='par_1_16' title="bbox 119 779 770 820">
     <span class='ocr_line' id='line_1_16' title="bbox 119 779 770 820; baseline 0.009 -14"><span class='ocrx_word' id='word_1_104' title='bbox 119 779 263 816; x_wconf 80' lang='grc' dir='ltr'>γνώρισεν,</span> <span class='ocrx_word' id='word_1_105' title='bbox 282 781 324 808; x_wconf 83' lang='grc' dir='ltr'>ἵνα</span> <span class='ocrx_word' id='word_1_106' title='bbox 338 782 376 817; x_wconf 82' lang='grc' dir='ltr'>μὴ</span> <span class='ocrx_word' id='word_1_107' title='bbox 393 782 479 818; x_wconf 80' lang='grc' dir='ltr'>δειλίᾳ</span> <span class='ocrx_word' id='word_1_108' title='bbox 493 784 546 810; x_wconf 80' lang='grc' dir='ltr'>τινὶ</span> <span class='ocrx_word' id='word_1_109' title='bbox 560 784 770 820; x_wconf 58' lang='grc' dir='ltr'>καταηεθῶσιν.</span> 
     </span>
    </p>
   </div>
   <div class='ocr_carea' id='block_1_17' title="bbox 161 866 906 907">
    <p class='ocr_par' dir='ltr' id='par_1_17' title="bbox 161 866 906 907">
     <span class='ocr_line' id='line_1_17' title="bbox 161 866 906 907; baseline 0.012 -14"><span class='ocrx_word' id='word_1_110' title='bbox 161 866 256 903; x_wconf 80' lang='grc' dir='ltr'>Ἐρώτ.</span> <span class='ocrx_word' id='word_1_111' title='bbox 271 868 317 895; x_wconf 88' lang='grc' dir='ltr'>λδ’·</span> <span class='ocrx_word' id='word_1_112' title='bbox 332 869 394 902; x_wconf 84' lang='grc' dir='ltr'>Πῶς</span> <span class='ocrx_word' id='word_1_113' title='bbox 409 871 425 897; x_wconf 85' lang='grc' dir='ltr'><strong>ό</strong></span> <span class='ocrx_word' id='word_1_114' title='bbox 435 871 532 905; x_wconf 71' lang='grc' dir='ltr'>φιλῶν</span> <span class='ocrx_word' id='word_1_115' title='bbox 544 871 600 906; x_wconf 84' lang='grc' dir='ltr'><strong>τὴν</strong></span> <span class='ocrx_word' id='word_1_116' title='bbox 617 872 724 907; x_wconf 73' lang='grc' dir='ltr'><strong>ψυχὴν</strong></span> <span class='ocrx_word' id='word_1_117' title='bbox 740 874 833 902; x_wconf 82' lang='grc' dir='ltr'>αὑτοῦ</span> <span class='ocrx_word' id='word_1_118' title='bbox 850 875 906 902; x_wconf 84' lang='grc' dir='ltr'><strong>ἀπ-</strong></span> 
     </span>
    </p>
   </div>
   <div class='ocr_carea' id='block_1_18' title="bbox 118 913 352 948">
    <p class='ocr_par' dir='ltr' id='par_1_18' title="bbox 118 913 352 948">
     <span class='ocr_line' id='line_1_18' title="bbox 118 913 352 948; baseline -0.004 -6"><span class='ocrx_word' id='word_1_119' title='bbox 118 913 222 942; x_wconf 73' lang='grc' dir='ltr'>ολέσει</span> <span class='ocrx_word' id='word_1_120' title='bbox 236 914 352 948; x_wconf 82' lang='grc' dir='ltr'><strong>αὑτήν;</strong></span> 
     </span>
    </p>
   </div>
   <div class='ocr_carea' id='block_1_19' title="bbox 163 960 905 999">
    <p class='ocr_par' dir='ltr' id='par_1_19' title="bbox 163 960 905 999">
     <span class='ocr_line' id='line_1_19' title="bbox 163 960 905 999; baseline 0.009 -13"><span class='ocrx_word' id='word_1_121' title='bbox 163 960 256 987; x_wconf 81' lang='grc' dir='ltr'>Ἀπόκ.</span> <span class='ocrx_word' id='word_1_122' title='bbox 277 961 306 987; x_wconf 91' lang='lat'><strong>&#39;0</strong></span> <span class='ocrx_word' id='word_1_123' title='bbox 321 961 370 996; x_wconf 81' lang='grc' dir='ltr'>μὲν</span> <span class='ocrx_word' id='word_1_124' title='bbox 383 961 467 996; x_wconf 84' lang='grc' dir='ltr'>φιλῶν</span> <span class='ocrx_word' id='word_1_125' title='bbox 478 963 526 998; x_wconf 82' lang='grc' dir='ltr'>τὴν</span> <span class='ocrx_word' id='word_1_126' title='bbox 538 963 625 999; x_wconf 80' lang='grc' dir='ltr'>ψυχὴν</span> <span class='ocrx_word' id='word_1_127' title='bbox 639 964 722 990; x_wconf 79' lang='grc' dir='ltr'>αὐτοῦ</span> <span class='ocrx_word' id='word_1_128' title='bbox 738 965 811 992; x_wconf 80' lang='grc' dir='ltr'>ἐστιν</span> <span class='ocrx_word' id='word_1_129' title='bbox 828 966 841 992; x_wconf 89' lang='lat'><strong>6</strong></span> <span class='ocrx_word' id='word_1_130' title='bbox 855 965 905 998; x_wconf 80' lang='grc' dir='ltr'><strong>τὰς</strong></span> 
     </span>
    </p>
   </div>
   <div class='ocr_carea' id='block_1_20' title="bbox 119 1005 904 1048">
    <p class='ocr_par' dir='ltr' id='par_1_20' title="bbox 119 1005 904 1048">
     <span class='ocr_line' id='line_1_20' title="bbox 119 1005 904 1048; baseline 0.01 -17"><span class='ocrx_word' id='word_1_131' title='bbox 119 1005 239 1038; x_wconf 78' lang='grc' dir='ltr'><strong>ἀτόπους</strong></span> <span class='ocrx_word' id='word_1_132' title='bbox 253 1006 401 1042; x_wconf 80' lang='grc' dir='ltr'>ἐπιθυμίας</span> <span class='ocrx_word' id='word_1_133' title='bbox 421 1008 504 1034; x_wconf 81' lang='grc' dir='ltr'>αὐτοῦ</span> <span class='ocrx_word' id='word_1_134' title='bbox 525 1009 624 1035; x_wconf 87' lang='grc' dir='ltr'>ποιῶν·</span> <span class='ocrx_word' id='word_1_135' title='bbox 641 1011 655 1036; x_wconf 93' lang='lat'><strong>6</strong></span> <span class='ocrx_word' id='word_1_136' title='bbox 674 1010 702 1036; x_wconf 83' lang='grc' dir='ltr'>δὲ</span> <span class='ocrx_word' id='word_1_137' title='bbox 718 1011 802 1045; x_wconf 81' lang='grc' dir='ltr'>μισῶν</span> <span class='ocrx_word' id='word_1_138' title='bbox 819 1012 904 1048; x_wconf 82' lang='grc' dir='ltr'>αὑτήν</span> 
     </span>
    </p>
   </div>
   <div class='ocr_carea' id='block_1_21' title="bbox 119 1051 906 1094">
    <p class='ocr_par' dir='ltr' id='par_1_21' title="bbox 119 1051 906 1094">
     <span class='ocr_line' id='line_1_21' title="bbox 119 1051 906 1094; baseline 0.009 -17"><span class='ocrx_word' id='word_1_139' title='bbox 119 1051 194 1078; x_wconf 78' lang='grc' dir='ltr'>ἐστιν</span> <span class='ocrx_word' id='word_1_140' title='bbox 211 1053 225 1078; x_wconf 98' lang='lat'><strong>6</strong></span> <span class='ocrx_word' id='word_1_141' title='bbox 239 1052 276 1088; x_wconf 86' lang='grc' dir='ltr'>μὴ</span> <span class='ocrx_word' id='word_1_142' title='bbox 291 1052 372 1079; x_wconf 79' lang='grc' dir='ltr'>είκων</span> <span class='ocrx_word' id='word_1_143' title='bbox 388 1054 456 1089; x_wconf 75' lang='grc' dir='ltr'>αὐτῇ</span> <span class='ocrx_word' id='word_1_144' title='bbox 476 1054 509 1081; x_wconf 80' lang='grc' dir='ltr'>τὰ</span> <span class='ocrx_word' id='word_1_145' title='bbox 534 1055 687 1089; x_wconf 74' lang='grc' dir='ltr'>βλάπτοντα</span> <span class='ocrx_word' id='word_1_146' title='bbox 708 1057 857 1094; x_wconf 84' lang='grc' dir='ltr'>κελενοὺσῃ</span> <span class='ocrx_word' id='word_1_147' title='bbox 869 1066 875 1072; x_wconf 90' lang='grc'><strong>·</strong></span> <span class='ocrx_word' id='word_1_148' title='bbox 891 1058 906 1084; x_wconf 88' lang='lat'><strong>6</strong></span> 
     </span>
    </p>
   </div>
   <div class='ocr_carea' id='block_1_22' title="bbox 119 1096 905 1135">
    <p class='ocr_par' dir='ltr' id='par_1_22' title="bbox 119 1096 905 1135">
     <span class='ocr_line' id='line_1_22' title="bbox 119 1096 905 1135; baseline 0.006 -13"><span class='ocrx_word' id='word_1_149' title='bbox 119 1096 149 1122; x_wconf 79' lang='grc' dir='ltr'>δὲ</span> <span class='ocrx_word' id='word_1_150' title='bbox 166 1096 251 1123; x_wconf 84' lang='grc' dir='ltr'>θέλων</span> <span class='ocrx_word' id='word_1_151' title='bbox 278 1097 362 1132; x_wconf 80' lang='grc' dir='ltr'>αὐτὴν</span> <span class='ocrx_word' id='word_1_152' title='bbox 376 1098 507 1125; x_wconf 77' lang='grc' dir='ltr'>ἀπολέσαι</span> <span class='ocrx_word' id='word_1_153' title='bbox 522 1099 580 1125; x_wconf 78' lang='grc' dir='ltr'>ἐστὶ</span> <span class='ocrx_word' id='word_1_154' title='bbox 595 1099 670 1135; x_wconf 78' lang='grc' dir='ltr'>παρὰ</span> <span class='ocrx_word' id='word_1_155' title='bbox 684 1100 715 1126; x_wconf 82' lang='grc' dir='ltr'>τὸ</span> <span class='ocrx_word' id='word_1_156' title='bbox 728 1100 786 1127; x_wconf 85' lang='grc' dir='ltr'>δέον</span> <span class='ocrx_word' id='word_1_157' title='bbox 801 1102 833 1127; x_wconf 82' lang='grc' dir='ltr'>ἐκ</span> <span class='ocrx_word' id='word_1_158' title='bbox 851 1100 905 1127; x_wconf 84' lang='grc' dir='ltr'><strong>τῶν</strong></span> 
     </span>
    </p>
   </div>
   <div class='ocr_carea' id='block_1_23' title="bbox 121 1143 905 1180">
    <p class='ocr_par' dir='ltr' id='par_1_23' title="bbox 121 1143 905 1180">
     <span class='ocr_line' id='line_1_23' title="bbox 121 1143 905 1180; baseline 0.006 -12"><span class='ocrx_word' id='word_1_159' title='bbox 121 1143 312 1179; x_wconf 73' lang='grc' dir='ltr'><strong>ἐπερχομένων</strong></span> <span class='ocrx_word' id='word_1_160' title='bbox 327 1143 396 1178; x_wconf 78' lang='grc' dir='ltr'>αὐτῇ</span> <span class='ocrx_word' id='word_1_161' title='bbox 422 1144 551 1171; x_wconf 83' lang='grc' dir='ltr'>κινδύνων</span> <span class='ocrx_word' id='word_1_162' title='bbox 576 1145 623 1172; x_wconf 79' lang='grc' dir='ltr'>καὶ</span> <span class='ocrx_word' id='word_1_163' title='bbox 646 1145 761 1180; x_wconf 75' lang='grc' dir='ltr'>θλίψεων</span> <span class='ocrx_word' id='word_1_164' title='bbox 782 1147 828 1173; x_wconf 78' lang='grc' dir='ltr'>καὶ</span> <span class='ocrx_word' id='word_1_165' title='bbox 844 1156 905 1173; x_wconf 83' lang='grc' dir='ltr'>πει-</span> 
     </span>
    </p>
   </div>
   <div class='ocr_carea' id='block_1_24' title="bbox 122 1188 905 1229">
    <p class='ocr_par' dir='ltr' id='par_1_24' title="bbox 122 1188 905 1229">
     <span class='ocr_line' id='line_1_24' title="bbox 122 1188 905 1229; baseline 0.009 -16"><span class='ocrx_word' id='word_1_166' title='bbox 122 1188 235 1223; x_wconf 84' lang='grc' dir='ltr'>ρασμῶν</span> <span class='ocrx_word' id='word_1_167' title='bbox 255 1188 396 1222; x_wconf 77' lang='grc' dir='ltr'>διαφυγεῖν</span> <span class='ocrx_word' id='word_1_168' title='bbox 418 1189 569 1225; x_wconf 81' lang='grc' dir='ltr'>ἐφιέμενος.</span> <span class='ocrx_word' id='word_1_169' title='bbox 597 1191 702 1228; x_wconf 85' lang='grc' dir='ltr'>Ὥσπερ</span> <span class='ocrx_word' id='word_1_170' title='bbox 721 1190 768 1219; x_wconf 85' lang='grc' dir='ltr'>οὖν</span> <span class='ocrx_word' id='word_1_171' title='bbox 788 1193 835 1220; x_wconf 76' lang='grc' dir='ltr'>καὶ</span> <span class='ocrx_word' id='word_1_172' title='bbox 855 1193 905 1229; x_wconf 83' lang='grc' dir='ltr'>τὴν</span> 
     </span>
    </p>
   </div>
   <div class='ocr_carea' id='block_1_25' title="bbox 121 1234 906 1273">
    <p class='ocr_par' dir='ltr' id='par_1_25' title="bbox 121 1234 906 1273">
     <span class='ocr_line' id='line_1_25' title="bbox 121 1234 906 1273; baseline 0.008 -13"><span class='ocrx_word' id='word_1_173' title='bbox 121 1234 193 1270; x_wconf 81' lang='grc' dir='ltr'>ὑπὲρ</span> <span class='ocrx_word' id='word_1_174' title='bbox 208 1234 290 1261; x_wconf 86' lang='grc' dir='ltr'><strong>αὐτοῦ</strong></span> <span class='ocrx_word' id='word_1_175' title='bbox 316 1236 344 1262; x_wconf 83' lang='grc' dir='ltr'>ὲν</span> <span class='ocrx_word' id='word_1_176' title='bbox 366 1237 422 1267; x_wconf 86' lang='grc' dir='ltr'>τοῖς</span> <span class='ocrx_word' id='word_1_177' title='bbox 445 1235 577 1268; x_wconf 78' lang='grc' dir='ltr'>κινδύνοις</span> <span class='ocrx_word' id='word_1_178' title='bbox 602 1237 747 1273; x_wconf 81' lang='grc' dir='ltr'>γινομένην</span> <span class='ocrx_word' id='word_1_179' title='bbox 769 1238 906 1266; x_wconf 80' lang='grc' dir='ltr'>ἀπώλειαν</span> 
     </span>
    </p>
   </div>
   <div class='ocr_carea' id='block_1_26' title="bbox 123 1280 905 1321">
    <p class='ocr_par' dir='ltr' id='par_1_26' title="bbox 123 1280 905 1321">
     <span class='ocr_line' id='line_1_26' title="bbox 123 1280 905 1321; baseline 0.009 -15"><span class='ocrx_word' id='word_1_180' title='bbox 123 1280 258 1316; x_wconf 77' lang='grc' dir='ltr'><strong>σωτηρίαν</strong></span> <span class='ocrx_word' id='word_1_181' title='bbox 274 1281 430 1316; x_wconf 73' lang='grc' dir='ltr'>ὠνόμασεν*</span> <span class='ocrx_word' id='word_1_182' title='bbox 450 1282 536 1314; x_wconf 75' lang='grc' dir='ltr'>οὕτως</span> <span class='ocrx_word' id='word_1_183' title='bbox 551 1283 661 1318; x_wconf 81' lang='grc' dir='ltr'>εὑρήσει</span> <span class='ocrx_word' id='word_1_184' title='bbox 678 1284 762 1320; x_wconf 78' lang='grc' dir='ltr'>αὐτὴν</span> <span class='ocrx_word' id='word_1_185' title='bbox 777 1285 817 1317; x_wconf 87' lang='grc' dir='ltr'><strong>είς</strong></span> <span class='ocrx_word' id='word_1_186' title='bbox 833 1285 905 1321; x_wconf 83' lang='grc' dir='ltr'>ζωὴν</span> 
     </span>
    </p>
   </div>
   <div class='ocr_carea' id='block_1_27' title="bbox 121 1325 309 1362">
    <p class='ocr_par' dir='ltr' id='par_1_27' title="bbox 121 1325 309 1362">
     <span class='ocr_line' id='line_1_27' title="bbox 121 1325 309 1362; baseline 0.005 -10"><span class='ocrx_word' id='word_1_187' title='bbox 121 1326 171 1362; x_wconf 82' lang='grc' dir='ltr'>τὴν</span> <span class='ocrx_word' id='word_1_188' title='bbox 193 1325 309 1354; x_wconf 81' lang='grc' dir='ltr'>αἰώνιον.</span> 
     </span>
    </p>
   </div>
   <div class='ocr_carea' id='block_1_28' title="bbox 163 1371 905 1410">
    <p class='ocr_par' dir='ltr' id='par_1_28' title="bbox 163 1371 905 1410">
     <span class='ocr_line' id='line_1_28' title="bbox 163 1371 905 1410; baseline 0.008 -13"><span class='ocrx_word' id='word_1_189' title='bbox 163 1371 258 1406; x_wconf 83' lang='grc' dir='ltr'>Ἐρώτ.</span> <span class='ocrx_word' id='word_1_190' title='bbox 279 1371 325 1398; x_wconf 87' lang='grc' dir='ltr'>λε’.</span> <span class='ocrx_word' id='word_1_191' title='bbox 344 1372 376 1398; x_wconf 92' lang='grc' dir='ltr'><strong>Τί</strong></span> <span class='ocrx_word' id='word_1_192' title='bbox 392 1373 483 1399; x_wconf 72' lang='grc' dir='ltr'>ἐστιν*</span> <span class='ocrx_word' id='word_1_193' title='bbox 504 1381 514 1398; x_wconf 76' lang='grc' dir='ltr'><strong>ι</strong></span> <span class='ocrx_word' id='word_1_194' title='bbox 538 1373 600 1401; x_wconf 72' lang='grc' dir='ltr'>Ἐὰν</span> <span class='ocrx_word' id='word_1_195' title='bbox 616 1375 630 1401; x_wconf 89' lang='lat'><strong>6</strong></span> <span class='ocrx_word' id='word_1_196' title='bbox 647 1373 732 1407; x_wconf 82' lang='grc' dir='ltr'>δεξιός</span> <span class='ocrx_word' id='word_1_197' title='bbox 745 1383 790 1402; x_wconf 85' lang='grc' dir='ltr'><strong>σου</strong></span> <span class='ocrx_word' id='word_1_198' title='bbox 804 1375 905 1410; x_wconf 81' lang='grc' dir='ltr'>ὀφθαλ-</span> 
     </span>
    </p>
   </div>
   <div class='ocr_carea' id='block_1_29' title="bbox 123 1417 905 1457">
    <p class='ocr_par' dir='ltr' id='par_1_29' title="bbox 123 1417 905 1457">
     <span class='ocr_line' id='line_1_29' title="bbox 123 1417 905 1457; baseline 0.008 -14"><span class='ocrx_word' id='word_1_199' title='bbox 123 1417 183 1452; x_wconf 71' lang='grc' dir='ltr'>μὸς,</span> <span class='ocrx_word' id='word_1_200' title='bbox 199 1417 215 1453; x_wconf 82' lang='grc' dir='ltr'>ἢ</span> <span class='ocrx_word' id='word_1_201' title='bbox 234 1419 247 1453; x_wconf 69' lang='grc' dir='ltr'>ἡ</span> <span class='ocrx_word' id='word_1_202' title='bbox 264 1418 325 1454; x_wconf 80' lang='grc' dir='ltr'>χείρ</span> <span class='ocrx_word' id='word_1_203' title='bbox 340 1426 387 1444; x_wconf 78' lang='grc' dir='ltr'><strong>σου</strong></span> <span class='ocrx_word' id='word_1_204' title='bbox 401 1418 570 1452; x_wconf 80' lang='grc' dir='ltr'>σκανδαλίζει</span> <span class='ocrx_word' id='word_1_205' title='bbox 585 1428 624 1452; x_wconf 84' lang='grc' dir='ltr'><strong>σε,</strong></span> <span class='ocrx_word' id='word_1_206' title='bbox 641 1420 766 1456; x_wconf 75' lang='grc' dir='ltr'>ἔκκοψον,</span> <span class='ocrx_word' id='word_1_207' title='bbox 780 1422 826 1448; x_wconf 71' lang='lat' dir='ltr'><strong>xui.</strong></span> <span class='ocrx_word' id='word_1_208' title='bbox 842 1422 905 1457; x_wconf 78' lang='grc' dir='ltr'><strong>βάλε</strong></span> 
     </span>
    </p>
   </div>
   <div class='ocr_carea' id='block_1_30' title="bbox 121 1463 284 1497">
    <p class='ocr_par' dir='ltr' id='par_1_30' title="bbox 121 1463 284 1497">
     <span class='ocr_line' id='line_1_30' title="bbox 121 1463 284 1497; baseline 0.006 -8"><span class='ocrx_word' id='word_1_209' title='bbox 121 1463 175 1490; x_wconf 74' lang='grc' dir='ltr'><strong>ἀπὸ</strong></span> <span class='ocrx_word' id='word_1_210' title='bbox 190 1463 253 1497; x_wconf 82' lang='grc' dir='ltr'><strong>σοῦ;</strong></span> <span class='ocrx_word' id='word_1_211' title='bbox 275 1473 284 1490; x_wconf 75' lang='grc' dir='ltr'><strong>ι</strong></span> 
     </span>
    </p>
   </div>
   <div class='ocr_carea' id='block_1_31' title="bbox 165 1510 907 1550">
    <p class='ocr_par' dir='ltr' id='par_1_31' title="bbox 165 1510 907 1550">
     <span class='ocr_line' id='line_1_31' title="bbox 165 1510 907 1550; baseline 0.007 -13"><span class='ocrx_word' id='word_1_212' title='bbox 165 1510 259 1538; x_wconf 84' lang='grc' dir='ltr'><strong>’Δπὸκ.</strong></span> <span class='ocrx_word' id='word_1_213' title='bbox 281 1512 319 1538; x_wconf 84' lang='grc' dir='ltr'><strong>Οὐ</strong></span> <span class='ocrx_word' id='word_1_214' title='bbox 340 1512 404 1548; x_wconf 79' lang='grc' dir='ltr'>περὶ</span> <span class='ocrx_word' id='word_1_215' title='bbox 425 1511 479 1539; x_wconf 75' lang='grc' dir='ltr'><strong>τῶν</strong></span> <span class='ocrx_word' id='word_1_216' title='bbox 498 1512 585 1549; x_wconf 86' lang='grc' dir='ltr'>μελῶν</span> <span class='ocrx_word' id='word_1_217' title='bbox 603 1512 649 1539; x_wconf 81' lang='grc' dir='ltr'>τοῦ</span> <span class='ocrx_word' id='word_1_218' title='bbox 675 1513 799 1550; x_wconf 86' lang='grc' dir='ltr'>σώματος</span> <span class='ocrx_word' id='word_1_219' title='bbox 828 1514 907 1542; x_wconf 80' lang='grc' dir='ltr'>τοῦτο</span> 
     </span>
    </p>
   </div>
   <div class='ocr_carea' id='block_1_32' title="bbox 122 1555 906 1596">
    <p class='ocr_par' dir='ltr' id='par_1_32' title="bbox 122 1555 906 1596">
     <span class='ocr_line' id='line_1_32' title="bbox 122 1555 906 1596; baseline 0.008 -14"><span class='ocrx_word' id='word_1_220' title='bbox 122 1555 232 1591; x_wconf 76' lang='grc' dir='ltr'>εἴρηκεν</span> <span class='ocrx_word' id='word_1_221' title='bbox 259 1558 273 1583; x_wconf 95' lang='lat'><strong>6</strong></span> <span class='ocrx_word' id='word_1_222' title='bbox 295 1557 414 1593; x_wconf 83' lang='grc' dir='ltr'>Κύριος·</span> <span class='ocrx_word' id='word_1_223' title='bbox 432 1558 541 1593; x_wconf 74' lang='grc' dir='ltr'>ἄπαγεῑ</span> <span class='ocrx_word' id='word_1_224' title='bbox 573 1559 642 1586; x_wconf 84' lang='grc' dir='ltr'>ἀλλὰ</span> <span class='ocrx_word' id='word_1_225' title='bbox 665 1561 728 1596; x_wconf 77' lang='grc' dir='ltr'>περὶ</span> <span class='ocrx_word' id='word_1_226' title='bbox 751 1560 834 1595; x_wconf 84' lang='grc' dir='ltr'>φίλων</span> <span class='ocrx_word' id='word_1_227' title='bbox 860 1562 906 1588; x_wconf 75' lang='grc' dir='ltr'>καὶ</span> 
     </span>
    </p>
   </div>
   <div class='ocr_carea' id='block_1_33' title="bbox 124 1601 906 1642">
    <p class='ocr_par' dir='ltr' id='par_1_33' title="bbox 124 1601 906 1642">
     <span class='ocr_line' id='line_1_33' title="bbox 124 1601 906 1642; baseline 0.009 -15"><span class='ocrx_word' id='word_1_228' title='bbox 124 1601 279 1636; x_wconf 80' lang='grc' dir='ltr'>συγγενῶν·</span> <span class='ocrx_word' id='word_1_229' title='bbox 296 1603 364 1638; x_wconf 86' lang='grc' dir='ltr'><strong>μέλη</strong></span> <span class='ocrx_word' id='word_1_230' title='bbox 380 1603 433 1639; x_wconf 76' lang='grc' dir='ltr'>γὰρ</span> <span class='ocrx_word' id='word_1_231' title='bbox 449 1603 570 1639; x_wconf 86' lang='grc' dir='ltr'>ἀλλήλων</span> <span class='ocrx_word' id='word_1_232' title='bbox 591 1604 683 1640; x_wconf 74' lang='grc' dir='ltr'>ἐσμέν.</span> <span class='ocrx_word' id='word_1_233' title='bbox 704 1605 765 1632; x_wconf 78' lang='grc' dir='ltr'><strong>Ἐὰν</strong></span> <span class='ocrx_word' id='word_1_234' title='bbox 777 1604 834 1638; x_wconf 79' lang='grc' dir='ltr'>οὖν,</span> <span class='ocrx_word' id='word_1_235' title='bbox 853 1615 906 1642; x_wconf 86' lang='grc' dir='ltr'>φη-</span> 
     </span>
    </p>
   </div>
   <div class='ocr_carea' id='block_1_34' title="bbox 124 1647 909 1686">
    <p class='ocr_par' dir='ltr' id='par_1_34' title="bbox 124 1647 909 1686">
     <span class='ocr_line' id='line_1_34' title="bbox 124 1647 909 1686; baseline 0.009 -13"><span class='ocrx_word' id='word_1_236' title='bbox 124 1647 177 1679; x_wconf 81' lang='grc' dir='ltr'>σὶν,</span> <span class='ocrx_word' id='word_1_237' title='bbox 193 1647 259 1683; x_wconf 76' lang='grc' dir='ltr'><strong>ἔχῃς</strong></span> <span class='ocrx_word' id='word_1_238' title='bbox 276 1649 352 1683; x_wconf 78' lang='grc' dir='ltr'>φίλον</span> <span class='ocrx_word' id='word_1_239' title='bbox 365 1650 412 1676; x_wconf 76' lang='grc' dir='ltr'>καὶ</span> <span class='ocrx_word' id='word_1_240' title='bbox 430 1650 546 1685; x_wconf 82' lang='grc' dir='ltr'>συγγενῆ</span> <span class='ocrx_word' id='word_1_241' title='bbox 559 1651 705 1686; x_wconf 84' lang='grc' dir='ltr'>ἀναγκαῖόν</span> <span class='ocrx_word' id='word_1_242' title='bbox 725 1660 766 1678; x_wconf 88' lang='grc' dir='ltr'><strong>σοι</strong></span> <span class='ocrx_word' id='word_1_243' title='bbox 780 1652 854 1685; x_wconf 66' lang='grc' dir='ltr'>ὅντα,</span> <span class='ocrx_word' id='word_1_244' title='bbox 870 1653 909 1685; x_wconf 87' lang='grc' dir='ltr'><strong>ὡς</strong></span> 
     </span>
    </p>
   </div>
   <div class='ocr_carea' id='block_1_35' title="bbox 123 1693 908 1733">
    <p class='ocr_par' dir='ltr' id='par_1_35' title="bbox 123 1693 908 1733">
     <span class='ocr_line' id='line_1_35' title="bbox 123 1693 908 1733; baseline 0.008 -14"><span class='ocrx_word' id='word_1_245' title='bbox 123 1693 209 1727; x_wconf 55' lang='grc' dir='ltr'>διξῶν</span> <span class='ocrx_word' id='word_1_246' title='bbox 222 1694 360 1730; x_wconf 78' lang='grc' dir='ltr'>ὀφθαλμὸν</span> <span class='ocrx_word' id='word_1_247' title='bbox 377 1695 393 1731; x_wconf 81' lang='grc' dir='ltr'>ἢ</span> <span class='ocrx_word' id='word_1_248' title='bbox 406 1698 484 1732; x_wconf 86' lang='grc' dir='ltr'>χεῖρα</span> <span class='ocrx_word' id='word_1_249' title='bbox 494 1705 500 1712; x_wconf 90' lang='grc'><strong>·</strong></span> <span class='ocrx_word' id='word_1_250' title='bbox 519 1697 588 1724; x_wconf 79' lang='grc' dir='ltr'>κατὰ.</span> <span class='ocrx_word' id='word_1_251' title='bbox 601 1697 631 1724; x_wconf 82' lang='grc' dir='ltr'>τὸ</span> <span class='ocrx_word' id='word_1_252' title='bbox 643 1698 786 1733; x_wconf 82' lang='grc' dir='ltr'>εἰρημένον</span> <span class='ocrx_word' id='word_1_253' title='bbox 799 1698 851 1725; x_wconf 76' lang='grc' dir='ltr'><strong>ὑπὸ</strong></span> <span class='ocrx_word' id='word_1_254' title='bbox 862 1698 908 1726; x_wconf 80' lang='grc' dir='ltr'>τοῦ</span> 
     </span>
    </p>
   </div>
   <div class='ocr_carea' id='block_1_36' title="bbox 130 1739 911 1781">
    <p class='ocr_par' dir='ltr' id='par_1_36' title="bbox 130 1739 911 1781">
     <span class='ocr_line' id='line_1_36' title="bbox 130 1739 911 1781; baseline 0.008 -15"><span class='ocrx_word' id='word_1_255' title='bbox 130 1739 202 1772; x_wconf 78' lang='grc' dir='ltr'><strong>Ἰὼϐ,</strong></span> <span class='ocrx_word' id='word_1_256' title='bbox 216 1741 256 1767; x_wconf 86' lang='grc' dir='ltr'>ὃτι</span> <span class='ocrx_word' id='word_1_257' title='bbox 281 1750 290 1766; x_wconf 76' lang='grc' dir='ltr'>σ</span> <span class='ocrx_word' id='word_1_258' title='bbox 316 1741 468 1777; x_wconf 84' lang='grc' dir='ltr'>Ὸφθαλμὺς</span> <span class='ocrx_word' id='word_1_259' title='bbox 482 1743 556 1778; x_wconf 79' lang='grc' dir='ltr'>ἥμην</span> <span class='ocrx_word' id='word_1_260' title='bbox 577 1743 694 1777; x_wconf 80' lang='grc' dir='ltr'>τυφλῶν,</span> <span class='ocrx_word' id='word_1_261' title='bbox 721 1744 788 1776; x_wconf 80' lang='grc' dir='ltr'>ποῦς</span> <span class='ocrx_word' id='word_1_262' title='bbox 808 1745 837 1771; x_wconf 80' lang='grc' dir='ltr'>δὲ</span> <span class='ocrx_word' id='word_1_263' title='bbox 856 1755 911 1781; x_wconf 84' lang='grc' dir='ltr'><strong>χω-</strong></span> 
     </span>
    </p>
   </div>
   <div class='ocr_carea' id='block_1_37' title="bbox 122 1784 908 1826">
    <p class='ocr_par' dir='ltr' id='par_1_37' title="bbox 122 1784 908 1826">
     <span class='ocr_line' id='line_1_37' title="bbox 122 1784 908 1826; baseline 0.009 -15"><span class='ocrx_word' id='word_1_264' title='bbox 122 1784 176 1811; x_wconf 85' lang='grc' dir='ltr'>λῶν</span> <span class='ocrx_word' id='word_1_265' title='bbox 186 1794 192 1800; x_wconf 89' lang='grc'>·</span> <span class='ocrx_word' id='word_1_266' title='bbox 211 1795 220 1811; x_wconf 77' lang='grc' dir='ltr'><strong>ι</strong></span> <span class='ocrx_word' id='word_1_267' title='bbox 239 1786 285 1813; x_wconf 76' lang='grc' dir='ltr'><strong>καὶ</strong></span> <span class='ocrx_word' id='word_1_268' title='bbox 300 1786 365 1819; x_wconf 72' lang='grc' dir='ltr'>ἴδοις</span> <span class='ocrx_word' id='word_1_269' title='bbox 381 1788 476 1814; x_wconf 78' lang='grc' dir='ltr'>ἑαυτὸν</span> <span class='ocrx_word' id='word_1_270' title='bbox 493 1788 677 1824; x_wconf 74' lang='grc' dir='ltr'>βλαπτόμενον</span> <span class='ocrx_word' id='word_1_271' title='bbox 693 1789 743 1826; x_wconf 83' lang='grc' dir='ltr'>τὴν</span> <span class='ocrx_word' id='word_1_272' title='bbox 757 1790 845 1826; x_wconf 72' lang='grc' dir='ltr'>ψυχὴν</span> <span class='ocrx_word' id='word_1_273' title='bbox 862 1791 908 1819; x_wconf 81' lang='grc' dir='ltr'><strong>ὑπ’</strong></span> 
     </span>
    </p>
   </div>
   <div class='ocr_carea' id='block_1_38' title="bbox 123 1832 911 1871">
    <p class='ocr_par' dir='ltr' id='par_1_38' title="bbox 123 1832 911 1871">
     <span class='ocr_line' id='line_1_38' title="bbox 123 1832 911 1871; baseline 0.008 -13"><span class='ocrx_word' id='word_1_274' title='bbox 123 1832 217 1865; x_wconf 75' lang='grc' dir='ltr'>αὐτοῦ,</span> <span class='ocrx_word' id='word_1_275' title='bbox 231 1833 347 1868; x_wconf 76' lang='grc' dir='ltr'>ἔκκοψον</span> <span class='ocrx_word' id='word_1_276' title='bbox 367 1834 446 1861; x_wconf 80' lang='grc' dir='ltr'>αὑτὸν</span> <span class='ocrx_word' id='word_1_277' title='bbox 460 1835 515 1862; x_wconf 77' lang='grc' dir='ltr'>ἀπὸ</span> <span class='ocrx_word' id='word_1_278' title='bbox 532 1834 594 1861; x_wconf 80' lang='grc' dir='ltr'>σοῦ·</span> <span class='ocrx_word' id='word_1_279' title='bbox 611 1836 722 1871; x_wconf 82' lang='grc' dir='ltr'>οὐδεμία</span> <span class='ocrx_word' id='word_1_280' title='bbox 742 1837 797 1871; x_wconf 84' lang='grc' dir='ltr'><strong>γὰρ</strong></span> <span class='ocrx_word' id='word_1_281' title='bbox 815 1846 911 1864; x_wconf 80' lang='grc' dir='ltr'>κοινω-</span> 
     </span>
    </p>
   </div>
   <div class='ocr_carea' id='block_1_39' title="bbox 123 1877 910 1918">
    <p class='ocr_par' dir='ltr' id='par_1_39' title="bbox 123 1877 910 1918">
     <span class='ocr_line' id='line_1_39' title="bbox 123 1877 910 1918; baseline 0.009 -15"><span class='ocrx_word' id='word_1_282' title='bbox 123 1877 168 1904; x_wconf 82' lang='grc' dir='ltr'><strong>νία</strong></span> <span class='ocrx_word' id='word_1_283' title='bbox 184 1879 253 1912; x_wconf 79' lang='grc' dir='ltr'>φωτὶ</span> <span class='ocrx_word' id='word_1_284' title='bbox 269 1879 335 1915; x_wconf 80' lang='grc' dir='ltr'>πρὸς</span> <span class='ocrx_word' id='word_1_285' title='bbox 347 1879 451 1912; x_wconf 80' lang='grc' dir='ltr'>σκότος,</span> <span class='ocrx_word' id='word_1_286' title='bbox 468 1881 583 1916; x_wconf 86' lang='grc' dir='ltr'>μάλιστα</span> <span class='ocrx_word' id='word_1_287' title='bbox 596 1881 644 1908; x_wconf 84' lang='grc' dir='ltr'><strong>ἐὰν</strong></span> <span class='ocrx_word' id='word_1_288' title='bbox 660 1882 829 1918; x_wconf 81' lang='grc' dir='ltr'>ὑποκρίσεώς</span> <span class='ocrx_word' id='word_1_289' title='bbox 839 1891 910 1915; x_wconf 88' lang='grc' dir='ltr'>τινος</span> 
     </span>
    </p>
   </div>
   <div class='ocr_carea' id='block_1_40' title="bbox 122 1924 435 1960">
    <p class='ocr_par' dir='ltr' id='par_1_40' title="bbox 122 1924 435 1960">
     <span class='ocr_line' id='line_1_40' title="bbox 122 1924 435 1960; baseline 0.006 -10"><span class='ocrx_word' id='word_1_290' title='bbox 122 1924 171 1951; x_wconf 79' lang='grc' dir='ltr'>καὶ</span> <span class='ocrx_word' id='word_1_291' title='bbox 183 1924 258 1951; x_wconf 88' lang='grc' dir='ltr'>δόλου</span> <span class='ocrx_word' id='word_1_292' title='bbox 276 1925 435 1960; x_wconf 83' lang='grc' dir='ltr'>μετέχωσιν.</span> 
     </span>
    </p>
   </div>
   <div class='ocr_carea' id='block_1_41' title="bbox 159 1969 910 2011">
    <p class='ocr_par' dir='ltr' id='par_1_41' title="bbox 159 1969 910 2011">
     <span class='ocr_line' id='line_1_41' title="bbox 159 1969 910 2011; baseline 0.009 -15"><span class='ocrx_word' id='word_1_293' title='bbox 159 1969 211 1996; x_wconf 77' lang='grc' dir='ltr'><strong>Τοῦ</strong></span> <span class='ocrx_word' id='word_1_294' title='bbox 226 1971 417 2006; x_wconf 81' lang='grc' dir='ltr'>Χρυσοστόμου</span> <span class='ocrx_word' id='word_1_295' title='bbox 431 1971 483 2004; x_wconf 83' lang='grc' dir='ltr'>λς’.</span> <span class='ocrx_word' id='word_1_296' title='bbox 499 1972 588 2007; x_wconf 79' lang='grc' dir='ltr'>Συκῆν</span> <span class='ocrx_word' id='word_1_297' title='bbox 602 1970 659 2008; x_wconf 80' lang='grc' dir='ltr'>εἶχέ</span> <span class='ocrx_word' id='word_1_298' title='bbox 671 1983 714 2006; x_wconf 90' lang='grc' dir='ltr'><strong>τις</strong></span> <span class='ocrx_word' id='word_1_299' title='bbox 727 1975 755 2001; x_wconf 84' lang='grc' dir='ltr'>ὲν</span> <span class='ocrx_word' id='word_1_300' title='bbox 767 1975 806 2011; x_wconf 83' lang='grc' dir='ltr'><strong>τῷ</strong></span> <span class='ocrx_word' id='word_1_301' title='bbox 821 1976 910 2011; x_wconf 85' lang='grc' dir='ltr'>ἀμπε-</span> 
     </span>
    </p>
   </div>
   <div class='ocr_carea' id='block_1_42' title="bbox 122 2015 910 2057">
    <p class='ocr_par' dir='ltr' id='par_1_42' title="bbox 122 2015 910 2057">
     <span class='ocr_line' id='line_1_42' title="bbox 122 2015 910 2057; baseline 0.01 -16"><span class='ocrx_word' id='word_1_302' title='bbox 122 2015 188 2042; x_wconf 85' lang='grc' dir='ltr'>λῶνι</span> <span class='ocrx_word' id='word_1_303' title='bbox 205 2015 297 2048; x_wconf 79' lang='grc' dir='ltr'>αὐτοῦ,</span> <span class='ocrx_word' id='word_1_304' title='bbox 324 2018 370 2043; x_wconf 76' lang='grc' dir='ltr'>καὶ</span> <span class='ocrx_word' id='word_1_305' title='bbox 386 2015 452 2053; x_wconf 80' lang='grc' dir='ltr'>ἦλθε</span> <span class='ocrx_word' id='word_1_306' title='bbox 477 2017 565 2054; x_wconf 81' lang='grc' dir='ltr'>ζητῶν</span> <span class='ocrx_word' id='word_1_307' title='bbox 583 2019 613 2046; x_wconf 83' lang='grc' dir='ltr'>ὲν</span> <span class='ocrx_word' id='word_1_308' title='bbox 633 2020 700 2056; x_wconf 83' lang='grc' dir='ltr'>αὐτῇ</span> <span class='ocrx_word' id='word_1_309' title='bbox 725 2022 846 2057; x_wconf 82' lang='grc' dir='ltr'>καρπὸν,</span> <span class='ocrx_word' id='word_1_310' title='bbox 863 2023 910 2049; x_wconf 80' lang='grc' dir='ltr'>καὶ</span> 
     </span>
    </p>
   </div>
   <div class='ocr_carea' id='block_1_43' title="bbox 122 2058 273 2098">
    <p class='ocr_par' dir='ltr' id='par_1_43' title="bbox 122 2058 273 2098">
     <span class='ocr_line' id='line_1_43' title="bbox 122 2058 273 2098; baseline 0.013 -10"><span class='ocrx_word' id='word_1_311' title='bbox 122 2062 172 2098; x_wconf 86' lang='grc' dir='ltr'><strong>οὐχ</strong></span> <span class='ocrx_word' id='word_1_312' title='bbox 185 2058 273 2097; x_wconf 76' lang='grc' dir='ltr'>εὗρεν.</span> 
     </span>
    </p>
   </div>
   <div class='ocr_carea' id='block_1_44' title="bbox 164 2108 911 2149">
    <p class='ocr_par' dir='ltr' id='par_1_44' title="bbox 164 2108 911 2149">
     <span class='ocr_line' id='line_1_44' title="bbox 164 2108 911 2149; baseline 0.008 -15"><span class='ocrx_word' id='word_1_313' title='bbox 164 2108 258 2134; x_wconf 82' lang='grc' dir='ltr'>Ἀπόκ.</span> <span class='ocrx_word' id='word_1_314' title='bbox 275 2109 365 2144; x_wconf 81' lang='grc' dir='ltr'>Συκῆν</span> <span class='ocrx_word' id='word_1_315' title='bbox 377 2108 438 2141; x_wconf 73' lang='grc' dir='ltr'>ἔθος</span> <span class='ocrx_word' id='word_1_316' title='bbox 451 2110 484 2145; x_wconf 86' lang='grc' dir='ltr'>τῇ</span> <span class='ocrx_word' id='word_1_317' title='bbox 499 2109 594 2146; x_wconf 76' lang='grc' dir='ltr'>Γραφῇ</span> <span class='ocrx_word' id='word_1_318' title='bbox 612 2110 705 2138; x_wconf 84' lang='grc' dir='ltr'>καλεῖν</span> <span class='ocrx_word' id='word_1_319' title='bbox 715 2112 766 2148; x_wconf 80' lang='grc' dir='ltr'>τὴν</span> <span class='ocrx_word' id='word_1_320' title='bbox 779 2113 808 2139; x_wconf 79' lang='grc' dir='ltr'>ἐν</span> <span class='ocrx_word' id='word_1_321' title='bbox 820 2113 911 2149; x_wconf 85' lang='grc' dir='ltr'>ἁμαρ-</span> 
     </span>
    </p>
   </div>
   <div class='ocr_carea' id='block_1_45' title="bbox 122 2154 911 2195">
    <p class='ocr_par' dir='ltr' id='par_1_45' title="bbox 122 2154 911 2195">
     <span class='ocr_line' id='line_1_45' title="bbox 122 2154 911 2195; baseline 0.006 -14"><span class='ocrx_word' id='word_1_322' title='bbox 122 2154 196 2186; x_wconf 84' lang='grc' dir='ltr'>τίαις</span> <span class='ocrx_word' id='word_1_323' title='bbox 209 2154 312 2191; x_wconf 79' lang='grc' dir='ltr'>ψυχήν·</span> <span class='ocrx_word' id='word_1_324' title='bbox 328 2155 477 2190; x_wconf 83' lang='grc' dir='ltr'>ἀμπελῶνα</span> <span class='ocrx_word' id='word_1_325' title='bbox 488 2156 516 2182; x_wconf 80' lang='grc' dir='ltr'>δὲ</span> <span class='ocrx_word' id='word_1_326' title='bbox 531 2156 580 2192; x_wconf 80' lang='grc' dir='ltr'>τὴν</span> <span class='ocrx_word' id='word_1_327' title='bbox 598 2157 654 2183; x_wconf 78' lang='grc' dir='ltr'><strong>τῶν</strong></span> <span class='ocrx_word' id='word_1_328' title='bbox 674 2158 777 2185; x_wconf 84' lang='grc' dir='ltr'>πιστῶν</span> <span class='ocrx_word' id='word_1_329' title='bbox 797 2159 911 2195; x_wconf 78' lang='grc' dir='ltr'>Ἐκκλη-</span> 
     </span>
    </p>
   </div>
   <div class='ocr_carea' id='block_1_46' title="bbox 124 2199 911 2236">
    <p class='ocr_par' dir='ltr' id='par_1_46' title="bbox 124 2199 911 2236">
     <span class='ocr_line' id='line_1_46' title="bbox 124 2199 911 2236; baseline 0.008 -11"><span class='ocrx_word' id='word_1_330' title='bbox 124 2199 202 2226; x_wconf 86' lang='grc' dir='ltr'>σίαν·</span> <span class='ocrx_word' id='word_1_331' title='bbox 220 2200 427 2236; x_wconf 86' lang='grc' dir='ltr'>ἀμπελουργοὺς</span> <span class='ocrx_word' id='word_1_332' title='bbox 443 2200 471 2227; x_wconf 79' lang='grc' dir='ltr'>δὲ</span> <span class='ocrx_word' id='word_1_333' title='bbox 482 2201 545 2233; x_wconf 85' lang='grc' dir='ltr'>τοὺς</span> <span class='ocrx_word' id='word_1_334' title='bbox 561 2202 704 2235; x_wconf 77' lang='grc' dir='ltr'>ἀγγέλους.</span> <span class='ocrx_word' id='word_1_335' title='bbox 726 2203 801 2230; x_wconf 79' lang='grc' dir='ltr'>Ἐπεὶ</span> <span class='ocrx_word' id='word_1_336' title='bbox 816 2201 863 2230; x_wconf 79' lang='grc' dir='ltr'><strong>οὗν</strong></span> <span class='ocrx_word' id='word_1_337' title='bbox 882 2206 911 2231; x_wconf 84' lang='grc' dir='ltr'>ὲν</span> 
     </span>
    </p>
   </div>
   <div class='ocr_carea' id='block_1_47' title="bbox 955 281 1737 318">
    <p class='ocr_par' dir='ltr' id='par_1_47' title="bbox 955 281 1737 318">
     <span class='ocr_line' id='line_1_47' title="bbox 955 281 1737 318; baseline -0.001 -7"><span class='ocrx_word' id='word_1_338' title='bbox 955 284 992 311; x_wconf 90' lang='lat' dir='ltr'><strong>let</strong></span> <span class='ocrx_word' id='word_1_339' title='bbox 1003 283 1037 311; x_wconf 79' lang='lat'><strong>&quot;.</strong></span> <span class='ocrx_word' id='word_1_340' title='bbox 1051 293 1060 309; x_wconf 84' lang='grc' dir='ltr'><strong>ι</strong></span> <span class='ocrx_word' id='word_1_341' title='bbox 1076 283 1111 310; x_wconf 88' lang='lat' dir='ltr'><strong>Et</strong></span> <span class='ocrx_word' id='word_1_342' title='bbox 1126 282 1219 310; x_wconf 88' lang='lat' dir='ltr'><strong>subdit</strong></span> <span class='ocrx_word' id='word_1_343' title='bbox 1231 281 1373 315; x_wconf 84' lang='lat' dir='ltr'><strong>Dominus,</strong></span> <span class='ocrx_word' id='word_1_344' title='bbox 1389 282 1502 310; x_wconf 88' lang='lat' dir='ltr'><strong>dicens:</strong></span> <span class='ocrx_word' id='word_1_345' title='bbox 1521 291 1531 308; x_wconf 87' lang='grc'><strong><em>‹</em></strong></span> <span class='ocrx_word' id='word_1_346' title='bbox 1544 282 1652 315; x_wconf 82' lang='lat' dir='ltr'><strong>Audite,</strong></span> <span class='ocrx_word' id='word_1_347' title='bbox 1671 283 1737 318; x_wconf 89' lang='lat' dir='ltr'><strong>quid</strong></span> 
     </span>
    </p>
   </div>
   <div class='ocr_carea' id='block_1_48' title="bbox 954 328 1737 364">
    <p class='ocr_par' dir='ltr' id='par_1_48' title="bbox 954 328 1737 364">
     <span class='ocr_line' id='line_1_48' title="bbox 954 328 1737 364; baseline 0 -7"><span class='ocrx_word' id='word_1_348' title='bbox 954 330 1029 357; x_wconf 88' lang='lat' dir='ltr'><strong>dicat</strong></span> <span class='ocrx_word' id='word_1_349' title='bbox 1047 330 1130 364; x_wconf 74' lang='lat' dir='ltr'><strong>judex</strong></span> <span class='ocrx_word' id='word_1_350' title='bbox 1149 329 1302 364; x_wconf 75' lang='lat' dir='ltr'><strong>iniquitatis</strong></span> <span class='ocrx_word' id='word_1_351' title='bbox 1313 329 1347 361; x_wconf 76' lang='grc' dir='ltr'><strong>⁵ο,</strong></span> <span class='ocrx_word' id='word_1_352' title='bbox 1365 337 1374 354; x_wconf 80' lang='grc' dir='ltr'><strong>ι</strong></span> <span class='ocrx_word' id='word_1_353' title='bbox 1397 328 1467 356; x_wconf 86' lang='lat' dir='ltr'><strong>Deus</strong></span> <span class='ocrx_word' id='word_1_354' title='bbox 1490 328 1611 362; x_wconf 80' lang='lat' dir='ltr'><strong>scilicet;</strong></span> <span class='ocrx_word' id='word_1_355' title='bbox 1628 329 1737 364; x_wconf 86' lang='lat' dir='ltr'><strong>iniquos</strong></span> 
     </span>
    </p>
   </div>
   <div class='ocr_carea' id='block_1_49' title="bbox 955 373 1738 410">
    <p class='ocr_par' dir='ltr' id='par_1_49' title="bbox 955 373 1738 410">
     <span class='ocr_line' id='line_1_49' title="bbox 955 373 1738 410; baseline -0.001 -7"><span class='ocrx_word' id='word_1_356' title='bbox 955 376 1026 403; x_wconf 88' lang='lat' dir='ltr'><strong>enim</strong></span> <span class='ocrx_word' id='word_1_357' title='bbox 1052 376 1157 410; x_wconf 85' lang='lat' dir='ltr'><strong>judicat</strong></span> <span class='ocrx_word' id='word_1_358' title='bbox 1180 379 1207 402; x_wconf 89' lang='lat' dir='ltr'><strong>et</strong></span> <span class='ocrx_word' id='word_1_359' title='bbox 1230 374 1406 402; x_wconf 89' lang='lat' dir='ltr'><strong>condemnat.</strong></span> <span class='ocrx_word' id='word_1_360' title='bbox 1433 383 1442 400; x_wconf 78' lang='grc' dir='ltr'><strong>ι</strong></span> <span class='ocrx_word' id='word_1_361' title='bbox 1456 373 1535 402; x_wconf 84' lang='lat' dir='ltr'><strong>Justo</strong></span> <span class='ocrx_word' id='word_1_362' title='bbox 1561 382 1679 409; x_wconf 83' lang='lat' dir='ltr'><strong>namque</strong></span> <span class='ocrx_word' id='word_1_363' title='bbox 1693 375 1738 402; x_wconf 83' lang='lat' dir='ltr'><strong>lex</strong></span> 
     </span>
    </p>
   </div>
   <div class='ocr_carea' id='block_1_50' title="bbox 955 420 1229 455">
    <p class='ocr_par' dir='ltr' id='par_1_50' title="bbox 955 420 1229 455">
     <span class='ocr_line' id='line_1_50' title="bbox 955 420 1229 455; baseline -0.007 -7"><span class='ocrx_word' id='word_1_364' title='bbox 955 429 1009 448; x_wconf 88' lang='lat' dir='ltr'><strong>non</strong></span> <span class='ocrx_word' id='word_1_365' title='bbox 1024 424 1066 448; x_wconf 85' lang='lat' dir='ltr'><strong>est</strong></span> <span class='ocrx_word' id='word_1_366' title='bbox 1080 420 1229 455; x_wconf 63' lang='lat' dir='ltr'><strong>posita&quot;.v</strong></span> 
     </span>
    </p>
   </div>
   <div class='ocr_carea' id='block_1_51' title="bbox 992 464 1736 500">
    <p class='ocr_par' dir='ltr' id='par_1_51' title="bbox 992 464 1736 500">
     <span class='ocr_line' id='line_1_51' title="bbox 992 464 1736 500; baseline -0.003 -6"><span class='ocrx_word' id='word_1_367' title='bbox 992 467 1104 500; x_wconf 53' lang='lat' dir='ltr'><strong>Quaes-r.</strong></span> <span class='ocrx_word' id='word_1_368' title='bbox 1126 465 1245 493; x_wconf 75' lang='lat' dir='ltr'><strong>XXXIII.</strong></span> <span class='ocrx_word' id='word_1_369' title='bbox 1274 465 1416 499; x_wconf 85' lang='lat' dir='ltr'><strong>Quomodo</strong></span> <span class='ocrx_word' id='word_1_370' title='bbox 1441 465 1507 493; x_wconf 90' lang='lat' dir='ltr'><strong>illud</strong></span> <span class='ocrx_word' id='word_1_371' title='bbox 1531 464 1736 500; x_wconf 78' lang='lat' dir='ltr'><strong>intelligendum</strong></span> 
     </span>
    </p>
   </div>
   <div class='ocr_carea' id='block_1_52' title="bbox 955 511 1737 548">
    <p class='ocr_par' dir='ltr' id='par_1_52' title="bbox 955 511 1737 548">
     <span class='ocr_line' id='line_1_52' title="bbox 955 511 1737 548; baseline -0.005 -7"><span class='ocrx_word' id='word_1_372' title='bbox 955 517 1017 541; x_wconf 88' lang='lat' dir='ltr'><strong>est:</strong></span> <span class='ocrx_word' id='word_1_373' title='bbox 1037 523 1046 538; x_wconf 87' lang='grc'><strong>‹</strong></span> <span class='ocrx_word' id='word_1_374' title='bbox 1062 513 1114 546; x_wconf 88' lang='lat' dir='ltr'><strong>Qui</strong></span> <span class='ocrx_word' id='word_1_375' title='bbox 1139 512 1250 548; x_wconf 84' lang='lat' dir='ltr'><strong>pallium</strong></span> <span class='ocrx_word' id='word_1_376' title='bbox 1274 512 1371 546; x_wconf 84' lang='lat' dir='ltr'><strong>habet,</strong></span> <span class='ocrx_word' id='word_1_377' title='bbox 1401 511 1501 540; x_wconf 80' lang='lat' dir='ltr'><strong>vendat</strong></span> <span class='ocrx_word' id='word_1_378' title='bbox 1527 515 1556 540; x_wconf 92' lang='lat' dir='ltr'><strong>et</strong></span> <span class='ocrx_word' id='word_1_379' title='bbox 1585 515 1658 539; x_wconf 87' lang='lat' dir='ltr'><strong>emat</strong></span> <span class='ocrx_word' id='word_1_380' title='bbox 1679 511 1737 547; x_wconf 72' lang='lat' dir='ltr'><strong>gla-</strong></span> 
     </span>
    </p>
   </div>
   <div class='ocr_carea' id='block_1_53' title="bbox 954 560 1109 587">
    <p class='ocr_par' dir='ltr' id='par_1_53' title="bbox 954 560 1109 587">
     <span class='ocr_line' id='line_1_53' title="bbox 954 560 1109 587; baseline -0.006 0"><span class='ocrx_word' id='word_1_381' title='bbox 954 561 1029 587; x_wconf 88' lang='lat' dir='ltr'><strong>dium</strong></span> <span class='ocrx_word' id='word_1_382' title='bbox 1038 560 1083 586; x_wconf 66' lang='lat'><strong>5‘?</strong></span> <span class='ocrx_word' id='word_1_383' title='bbox 1099 569 1109 586; x_wconf 80' lang='grc'><strong>›</strong></span> 
     </span>
    </p>
   </div>
   <div class='ocr_carea' id='block_1_54' title="bbox 992 601 1737 637">
    <p class='ocr_par' dir='ltr' id='par_1_54' title="bbox 992 601 1737 637">
     <span class='ocr_line' id='line_1_54' title="bbox 992 601 1737 637; baseline -0.005 -5"><span class='ocrx_word' id='word_1_384' title='bbox 992 604 1075 632; x_wconf 75' lang='lat' dir='ltr'><strong>Rssr.</strong></span> <span class='ocrx_word' id='word_1_385' title='bbox 1095 604 1153 631; x_wconf 84' lang='lat' dir='ltr'><strong>lloc</strong></span> <span class='ocrx_word' id='word_1_386' title='bbox 1169 604 1230 631; x_wconf 89' lang='lat' dir='ltr'><strong>ideo</strong></span> <span class='ocrx_word' id='word_1_387' title='bbox 1244 603 1312 630; x_wconf 81' lang='lat' dir='ltr'><strong>dixit</strong></span> <span class='ocrx_word' id='word_1_388' title='bbox 1324 602 1466 634; x_wconf 86' lang='lat' dir='ltr'><strong>Dominus,</strong></span> <span class='ocrx_word' id='word_1_389' title='bbox 1482 605 1511 629; x_wconf 86' lang='lat' dir='ltr'><strong>ut</strong></span> <span class='ocrx_word' id='word_1_390' title='bbox 1529 601 1661 637; x_wconf 83' lang='lat' dir='ltr'><strong>apostolis</strong></span> <span class='ocrx_word' id='word_1_391' title='bbox 1672 608 1737 636; x_wconf 86' lang='lat' dir='ltr'><strong>pro—</strong></span> 
     </span>
    </p>
   </div>
   <div class='ocr_carea' id='block_1_55' title="bbox 955 647 1738 681">
    <p class='ocr_par' dir='ltr' id='par_1_55' title="bbox 955 647 1738 681">
     <span class='ocr_line' id='line_1_55' title="bbox 955 647 1738 681; baseline -0.005 -3"><span class='ocrx_word' id='word_1_392' title='bbox 955 651 1086 678; x_wconf 86' lang='lat' dir='ltr'><strong>ditionem</strong></span> <span class='ocrx_word' id='word_1_393' title='bbox 1102 650 1153 678; x_wconf 88' lang='lat' dir='ltr'><strong>sibi</strong></span> <span class='ocrx_word' id='word_1_394' title='bbox 1169 650 1342 681; x_wconf 81' lang='lat' dir='ltr'><strong>intentatam,</strong></span> <span class='ocrx_word' id='word_1_395' title='bbox 1362 654 1454 676; x_wconf 89' lang='lat' dir='ltr'><strong>notam</strong></span> <span class='ocrx_word' id='word_1_396' title='bbox 1470 648 1581 680; x_wconf 81' lang='lat' dir='ltr'><strong>faceret,</strong></span> <span class='ocrx_word' id='word_1_397' title='bbox 1598 652 1625 675; x_wconf 88' lang='lat' dir='ltr'><strong>et</strong></span> <span class='ocrx_word' id='word_1_398' title='bbox 1638 647 1738 675; x_wconf 84' lang='lat' dir='ltr'><strong>adven-</strong></span> 
     </span>
    </p>
   </div>
   <div class='ocr_carea' id='block_1_56' title="bbox 955 693 1736 730">
    <p class='ocr_par' dir='ltr' id='par_1_56' title="bbox 955 693 1736 730">
     <span class='ocr_line' id='line_1_56' title="bbox 955 693 1736 730; baseline -0.008 -6"><span class='ocrx_word' id='word_1_399' title='bbox 955 701 1012 724; x_wconf 86' lang='lat' dir='ltr'><strong>tum</strong></span> <span class='ocrx_word' id='word_1_400' title='bbox 1028 696 1195 724; x_wconf 85' lang='lat' dir='ltr'><strong>Judaeorum.</strong></span> <span class='ocrx_word' id='word_1_401' title='bbox 1221 695 1292 730; x_wconf 81' lang='lat' dir='ltr'><strong>Ergo</strong></span> <span class='ocrx_word' id='word_1_402' title='bbox 1311 695 1378 722; x_wconf 90' lang='lat' dir='ltr'><strong>illud</strong></span> <span class='ocrx_word' id='word_1_403' title='bbox 1402 702 1452 722; x_wconf 89' lang='lat' dir='ltr'><strong>nec</strong></span> <span class='ocrx_word' id='word_1_404' title='bbox 1466 694 1578 720; x_wconf 90' lang='lat' dir='ltr'><strong>omnino</strong></span> <span class='ocrx_word' id='word_1_405' title='bbox 1595 693 1736 724; x_wconf 85' lang='lat' dir='ltr'><strong>sublicuit,</strong></span> 
     </span>
    </p>
   </div>
   <div class='ocr_carea' id='block_1_57' title="bbox 955 739 1737 778">
    <p class='ocr_par' dir='ltr' id='par_1_57' title="bbox 955 739 1737 778">
     <span class='ocr_line' id='line_1_57' title="bbox 955 739 1737 778; baseline -0.006 -8"><span class='ocrx_word' id='word_1_406' title='bbox 955 751 990 770; x_wconf 90' lang='lat' dir='ltr'><strong>ne</strong></span> <span class='ocrx_word' id='word_1_407' title='bbox 1001 743 1146 778; x_wconf 86' lang='lat' dir='ltr'><strong>repentino</strong></span> <span class='ocrx_word' id='word_1_408' title='bbox 1159 742 1246 770; x_wconf 79' lang='lat' dir='ltr'><strong>turbae</strong></span> <span class='ocrx_word' id='word_1_409' title='bbox 1259 741 1377 769; x_wconf 83' lang='lat' dir='ltr'><strong>adventu</strong></span> <span class='ocrx_word' id='word_1_410' title='bbox 1395 744 1574 771; x_wconf 87' lang='lat' dir='ltr'><strong>terrerentur,</strong></span> <span class='ocrx_word' id='word_1_411' title='bbox 1589 746 1640 766; x_wconf 86' lang='lat' dir='ltr'><strong>nec</strong></span> <span class='ocrx_word' id='word_1_412' title='bbox 1655 739 1737 766; x_wconf 88' lang='lat' dir='ltr'><strong>etiam</strong></span> 
     </span>
    </p>
   </div>
   <div class='ocr_carea' id='block_1_58' title="bbox 957 783 1738 824">
    <p class='ocr_par' dir='ltr' id='par_1_58' title="bbox 957 783 1738 824">
     <span class='ocr_line' id='line_1_58' title="bbox 957 783 1738 824; baseline -0.008 -8"><span class='ocrx_word' id='word_1_413' title='bbox 957 789 1066 824; x_wconf 83' lang='lat' dir='ltr'><strong>penitus</strong></span> <span class='ocrx_word' id='word_1_414' title='bbox 1080 788 1136 815; x_wconf 87' lang='lat' dir='ltr'><strong>illis</strong></span> <span class='ocrx_word' id='word_1_415' title='bbox 1157 787 1288 815; x_wconf 87' lang='lat' dir='ltr'><strong>iudicavit</strong></span> <span class='ocrx_word' id='word_1_416' title='bbox 1299 788 1402 819; x_wconf 87' lang='lat' dir='ltr'><strong>omnia,</strong></span> <span class='ocrx_word' id='word_1_417' title='bbox 1417 793 1451 814; x_wconf 91' lang='lat' dir='ltr'><strong>ne</strong></span> <span class='ocrx_word' id='word_1_418' title='bbox 1464 786 1668 821; x_wconf 88' lang='lat' dir='ltr'><strong>corriperentur</strong></span> <span class='ocrx_word' id='word_1_419' title='bbox 1688 783 1738 811; x_wconf 82' lang='lat' dir='ltr'><strong>ali-</strong></span> 
     </span>
    </p>
   </div>
   <div class='ocr_carea' id='block_1_59' title="bbox 956 837 1109 869">
    <p class='ocr_par' dir='ltr' id='par_1_59' title="bbox 956 837 1109 869">
     <span class='ocr_line' id='line_1_59' title="bbox 956 837 1109 869; baseline -0.013 -8"><span class='ocrx_word' id='word_1_420' title='bbox 956 841 1011 869; x_wconf 92' lang='lat' dir='ltr'><strong>quo</strong></span> <span class='ocrx_word' id='word_1_421' title='bbox 1026 837 1109 860; x_wconf 87' lang='lat' dir='ltr'><strong>metu.</strong></span> 
     </span>
    </p>
   </div>
   <div class='ocr_carea' id='block_1_60' title="bbox 993 874 1738 912">
    <p class='ocr_par' dir='ltr' id='par_1_60' title="bbox 993 874 1738 912">
     <span class='ocr_line' id='line_1_60' title="bbox 993 874 1738 912; baseline -0.008 -5"><span class='ocrx_word' id='word_1_422' title='bbox 993 879 1103 912; x_wconf 69' lang='lat' dir='ltr'><strong>Qusr.</strong></span> <span class='ocrx_word' id='word_1_423' title='bbox 1126 877 1245 906; x_wconf 71' lang='lat' dir='ltr'><strong>XXXIV.</strong></span> <span class='ocrx_word' id='word_1_424' title='bbox 1265 876 1407 910; x_wconf 83' lang='lat' dir='ltr'><strong>Quomodo</strong></span> <span class='ocrx_word' id='word_1_425' title='bbox 1427 885 1436 902; x_wconf 79' lang='grc' dir='ltr'><strong>ι</strong></span> <span class='ocrx_word' id='word_1_426' title='bbox 1451 875 1498 912; x_wconf 89' lang='lat' dir='ltr'><strong>qui</strong></span> <span class='ocrx_word' id='word_1_427' title='bbox 1524 879 1597 902; x_wconf 85' lang='lat' dir='ltr'><strong>amat</strong></span> <span class='ocrx_word' id='word_1_428' title='bbox 1620 874 1738 902; x_wconf 82' lang='lat' dir='ltr'><strong>animam</strong></span> 
     </span>
    </p>
   </div>
   <div class='ocr_carea' id='block_1_61' title="bbox 957 923 1312 959">
    <p class='ocr_par' dir='ltr' id='par_1_61' title="bbox 957 923 1312 959">
     <span class='ocr_line' id='line_1_61' title="bbox 957 923 1312 959; baseline -0.006 -8"><span class='ocrx_word' id='word_1_429' title='bbox 957 932 1047 957; x_wconf 89' lang='lat' dir='ltr'><strong>suam,</strong></span> <span class='ocrx_word' id='word_1_430' title='bbox 1068 924 1163 959; x_wconf 78' lang='lat' dir='ltr'><strong>perdet</strong></span> <span class='ocrx_word' id='word_1_431' title='bbox 1179 930 1238 950; x_wconf 89' lang='lat' dir='ltr'><strong>eam</strong></span> <span class='ocrx_word' id='word_1_432' title='bbox 1248 923 1290 950; x_wconf 61' lang='lat'><strong>&#39;3?</strong></span> <span class='ocrx_word' id='word_1_433' title='bbox 1303 933 1312 949; x_wconf 74' lang='grc' dir='ltr'><strong>ι</strong></span> 
     </span>
    </p>
   </div>
   <div class='ocr_carea' id='block_1_62' title="bbox 994 967 1738 1005">
    <p class='ocr_par' dir='ltr' id='par_1_62' title="bbox 994 967 1738 1005">
     <span class='ocr_line' id='line_1_62' title="bbox 994 967 1738 1005; baseline -0.005 -9"><span class='ocrx_word' id='word_1_434' title='bbox 994 969 1077 998; x_wconf 74' lang='lat' dir='ltr'><strong>Esse.</strong></span> <span class='ocrx_word' id='word_1_435' title='bbox 1103 970 1128 998; x_wconf 90' lang='lat' dir='ltr'><strong>Is</strong></span> <span class='ocrx_word' id='word_1_436' title='bbox 1144 969 1265 1005; x_wconf 87' lang='lat' dir='ltr'><strong>quidem,</strong></span> <span class='ocrx_word' id='word_1_437' title='bbox 1279 968 1325 1004; x_wconf 92' lang='lat' dir='ltr'><strong>qui</strong></span> <span class='ocrx_word' id='word_1_438' title='bbox 1350 976 1427 996; x_wconf 89' lang='lat' dir='ltr'><strong>suam</strong></span> <span class='ocrx_word' id='word_1_439' title='bbox 1450 971 1523 996; x_wconf 85' lang='lat' dir='ltr'><strong>amat</strong></span> <span class='ocrx_word' id='word_1_440' title='bbox 1549 967 1679 998; x_wconf 87' lang='lat' dir='ltr'><strong>animam,</strong></span> <span class='ocrx_word' id='word_1_441' title='bbox 1696 969 1738 993; x_wconf 84' lang='lat' dir='ltr'><strong>est</strong></span> 
     </span>
    </p>
   </div>
   <div class='ocr_carea' id='block_1_63' title="bbox 957 1010 1738 1052">
    <p class='ocr_par' dir='ltr' id='par_1_63' title="bbox 957 1010 1738 1052">
     <span class='ocr_line' id='line_1_63' title="bbox 957 1010 1738 1052; baseline -0.005 -10"><span class='ocrx_word' id='word_1_442' title='bbox 957 1016 1005 1052; x_wconf 90' lang='lat' dir='ltr'><strong>qui</strong></span> <span class='ocrx_word' id='word_1_443' title='bbox 1029 1016 1164 1043; x_wconf 89' lang='lat' dir='ltr'><strong>absurdas</strong></span> <span class='ocrx_word' id='word_1_444' title='bbox 1183 1014 1421 1049; x_wconf 87' lang='lat' dir='ltr'><strong>concupiscentias</strong></span> <span class='ocrx_word' id='word_1_445' title='bbox 1438 1021 1503 1041; x_wconf 85' lang='lat' dir='ltr'><strong>suas</strong></span> <span class='ocrx_word' id='word_1_446' title='bbox 1520 1015 1667 1048; x_wconf 83' lang='lat' dir='ltr'><strong>perpetrat.</strong></span> <span class='ocrx_word' id='word_1_447' title='bbox 1686 1010 1738 1045; x_wconf 86' lang='lat' dir='ltr'><strong>Qui</strong></span> 
     </span>
    </p>
   </div>
   <div class='ocr_carea' id='block_1_64' title="bbox 957 1057 1738 1095">
    <p class='ocr_par' dir='ltr' id='par_1_64' title="bbox 957 1057 1738 1095">
     <span class='ocr_line' id='line_1_64' title="bbox 957 1057 1738 1095; baseline -0.006 -6"><span class='ocrx_word' id='word_1_448' title='bbox 957 1069 1022 1089; x_wconf 83' lang='lat' dir='ltr'><strong>vero</strong></span> <span class='ocrx_word' id='word_1_449' title='bbox 1037 1061 1094 1089; x_wconf 85' lang='lat' dir='ltr'><strong>odit</strong></span> <span class='ocrx_word' id='word_1_450' title='bbox 1110 1069 1182 1093; x_wconf 85' lang='lat' dir='ltr'><strong>eam,</strong></span> <span class='ocrx_word' id='word_1_451' title='bbox 1203 1063 1245 1088; x_wconf 83' lang='lat' dir='ltr'><strong>est</strong></span> <span class='ocrx_word' id='word_1_452' title='bbox 1271 1060 1318 1095; x_wconf 91' lang='lat' dir='ltr'><strong>qui</strong></span> <span class='ocrx_word' id='word_1_453' title='bbox 1335 1059 1387 1095; x_wconf 81' lang='lat' dir='ltr'><strong>ipsi</strong></span> <span class='ocrx_word' id='word_1_454' title='bbox 1408 1059 1490 1086; x_wconf 89' lang='lat' dir='ltr'><strong>noxia</strong></span> <span class='ocrx_word' id='word_1_455' title='bbox 1502 1058 1609 1093; x_wconf 74' lang='lat' dir='ltr'><strong>iubenti</strong></span> <span class='ocrx_word' id='word_1_456' title='bbox 1628 1057 1738 1085; x_wconf 89' lang='lat' dir='ltr'><strong>minime</strong></span> 
     </span>
    </p>
   </div>
   <div class='ocr_carea' id='block_1_65' title="bbox 958 1104 1737 1141">
    <p class='ocr_par' dir='ltr' id='par_1_65' title="bbox 958 1104 1737 1141">
     <span class='ocr_line' id='line_1_65' title="bbox 958 1104 1737 1141; baseline -0.009 -5"><span class='ocrx_word' id='word_1_457' title='bbox 958 1108 1040 1136; x_wconf 87' lang='lat' dir='ltr'><strong>cedit.</strong></span> <span class='ocrx_word' id='word_1_458' title='bbox 1057 1107 1110 1141; x_wconf 84' lang='lat' dir='ltr'><strong>Qui</strong></span> <span class='ocrx_word' id='word_1_459' title='bbox 1131 1111 1221 1134; x_wconf 89' lang='lat' dir='ltr'><strong>autem</strong></span> <span class='ocrx_word' id='word_1_460' title='bbox 1243 1107 1361 1133; x_wconf 89' lang='lat' dir='ltr'><strong>animam</strong></span> <span class='ocrx_word' id='word_1_461' title='bbox 1378 1113 1456 1133; x_wconf 88' lang='lat' dir='ltr'><strong>suam</strong></span> <span class='ocrx_word' id='word_1_462' title='bbox 1470 1104 1528 1132; x_wconf 85' lang='lat' dir='ltr'><strong>vult</strong></span> <span class='ocrx_word' id='word_1_463' title='bbox 1543 1104 1668 1140; x_wconf 79' lang='lat' dir='ltr'><strong>perdere,</strong></span> <span class='ocrx_word' id='word_1_464' title='bbox 1697 1107 1737 1132; x_wconf 85' lang='lat' dir='ltr'><strong>est</strong></span> 
     </span>
    </p>
   </div>
   <div class='ocr_carea' id='block_1_66' title="bbox 958 1149 1738 1189">
    <p class='ocr_par' dir='ltr' id='par_1_66' title="bbox 958 1149 1738 1189">
     <span class='ocr_line' id='line_1_66' title="bbox 958 1149 1738 1189; baseline -0.005 -9"><span class='ocrx_word' id='word_1_465' title='bbox 958 1154 1005 1189; x_wconf 89' lang='lat' dir='ltr'><strong>qui</strong></span> <span class='ocrx_word' id='word_1_466' title='bbox 1023 1153 1192 1181; x_wconf 89' lang='lat' dir='ltr'><strong>imminentia</strong></span> <span class='ocrx_word' id='word_1_467' title='bbox 1208 1151 1341 1187; x_wconf 85' lang='lat' dir='ltr'><strong>pericula,</strong></span> <span class='ocrx_word' id='word_1_468' title='bbox 1358 1150 1518 1178; x_wconf 80' lang='lat' dir='ltr'><strong>alllictiones</strong></span> <span class='ocrx_word' id='word_1_469' title='bbox 1531 1153 1559 1177; x_wconf 86' lang='lat' dir='ltr'><strong>et</strong></span> <span class='ocrx_word' id='word_1_470' title='bbox 1575 1149 1738 1177; x_wconf 75' lang='lat' dir='ltr'><strong>tentationes</strong></span> 
     </span>
    </p>
   </div>
   <div class='ocr_carea' id='block_1_67' title="bbox 958 1193 1738 1234">
    <p class='ocr_par' dir='ltr' id='par_1_67' title="bbox 958 1193 1738 1234">
     <span class='ocr_line' id='line_1_67' title="bbox 958 1193 1738 1234; baseline -0.004 -8"><span class='ocrx_word' id='word_1_471' title='bbox 958 1199 1012 1226; x_wconf 88' lang='lat' dir='ltr'><strong>alio</strong></span> <span class='ocrx_word' id='word_1_472' title='bbox 1027 1206 1108 1234; x_wconf 88' lang='lat' dir='ltr'><strong>quam</strong></span> <span class='ocrx_word' id='word_1_473' title='bbox 1124 1205 1173 1233; x_wconf 89' lang='lat' dir='ltr'><strong>par</strong></span> <span class='ocrx_word' id='word_1_474' title='bbox 1197 1197 1234 1225; x_wconf 85' lang='lat' dir='ltr'><strong>sit</strong></span> <span class='ocrx_word' id='word_1_475' title='bbox 1256 1196 1337 1224; x_wconf 90' lang='lat' dir='ltr'><strong>modo</strong></span> <span class='ocrx_word' id='word_1_476' title='bbox 1354 1195 1474 1231; x_wconf 78' lang='lat' dir='ltr'><strong>eﬂ&#39;ugere</strong></span> <span class='ocrx_word' id='word_1_477' title='bbox 1498 1194 1584 1230; x_wconf 91' lang='lat' dir='ltr'><strong>cupit.</strong></span> <span class='ocrx_word' id='word_1_478' title='bbox 1601 1193 1637 1221; x_wconf 91' lang='lat' dir='ltr'><strong>Ut</strong></span> <span class='ocrx_word' id='word_1_479' title='bbox 1657 1193 1738 1229; x_wconf 68' lang='lat' dir='ltr'><strong>igit‘t:</strong></span> 
     </span>
    </p>
   </div>
   <div class='ocr_carea' id='block_1_68' title="bbox 957 1240 1738 1278">
    <p class='ocr_par' dir='ltr' id='par_1_68' title="bbox 957 1240 1738 1278">
     <span class='ocr_line' id='line_1_68' title="bbox 957 1240 1738 1278; baseline -0.006 -7"><span class='ocrx_word' id='word_1_480' title='bbox 957 1248 1073 1272; x_wconf 89' lang='lat' dir='ltr'><strong>mortem</strong></span> <span class='ocrx_word' id='word_1_481' title='bbox 1084 1244 1111 1271; x_wconf 91' lang='lat' dir='ltr'><strong>in</strong></span> <span class='ocrx_word' id='word_1_482' title='bbox 1127 1243 1257 1278; x_wconf 85' lang='lat' dir='ltr'><strong>periculis</strong></span> <span class='ocrx_word' id='word_1_483' title='bbox 1272 1242 1316 1270; x_wconf 86' lang='lat' dir='ltr'><strong>sui</strong></span> <span class='ocrx_word' id='word_1_484' title='bbox 1330 1249 1413 1269; x_wconf 86' lang='lat' dir='ltr'><strong>causa</strong></span> <span class='ocrx_word' id='word_1_485' title='bbox 1435 1245 1603 1276; x_wconf 85' lang='lat' dir='ltr'><strong>susceptam,</strong></span> <span class='ocrx_word' id='word_1_486' title='bbox 1624 1240 1738 1268; x_wconf 82' lang='lat' dir='ltr'><strong>salutem</strong></span> 
     </span>
    </p>
   </div>
   <div class='ocr_carea' id='block_1_69' title="bbox 958 1285 1738 1321">
    <p class='ocr_par' dir='ltr' id='par_1_69' title="bbox 958 1285 1738 1321">
     <span class='ocr_line' id='line_1_69' title="bbox 958 1285 1738 1321; baseline -0.006 -5"><span class='ocrx_word' id='word_1_487' title='bbox 958 1288 1081 1321; x_wconf 87' lang='lat' dir='ltr'><strong>vocavit;</strong></span> <span class='ocrx_word' id='word_1_488' title='bbox 1103 1288 1141 1315; x_wconf 89' lang='lat' dir='ltr'><strong>ita</strong></span> <span class='ocrx_word' id='word_1_489' title='bbox 1163 1291 1268 1314; x_wconf 85' lang='lat' dir='ltr'><strong>certum</strong></span> <span class='ocrx_word' id='word_1_490' title='bbox 1291 1290 1333 1314; x_wconf 85' lang='lat' dir='ltr'><strong>est</strong></span> <span class='ocrx_word' id='word_1_491' title='bbox 1346 1293 1408 1313; x_wconf 87' lang='lat' dir='ltr'><strong>eum</strong></span> <span class='ocrx_word' id='word_1_492' title='bbox 1427 1285 1501 1313; x_wconf 88' lang='lat' dir='ltr'><strong>illam</strong></span> <span class='ocrx_word' id='word_1_493' title='bbox 1522 1285 1549 1312; x_wconf 91' lang='lat' dir='ltr'><strong>in</strong></span> <span class='ocrx_word' id='word_1_494' title='bbox 1565 1285 1619 1311; x_wconf 85' lang='lat' dir='ltr'><strong>vita</strong></span> <span class='ocrx_word' id='word_1_495' title='bbox 1640 1288 1738 1312; x_wconf 65' lang='lat' dir='ltr'><strong>reterns</strong></span> 
     </span>
    </p>
   </div>
   <div class='ocr_carea' id='block_1_70' title="bbox 957 1333 1141 1361">
    <p class='ocr_par' dir='ltr' id='par_1_70' title="bbox 957 1333 1141 1361">
     <span class='ocr_line' id='line_1_70' title="bbox 957 1333 1141 1361; baseline 0 -1"><span class='ocrx_word' id='word_1_496' title='bbox 957 1333 1141 1361; x_wconf 88' lang='lat' dir='ltr'><strong>inventurum.</strong></span> 
     </span>
    </p>
   </div>
   <div class='ocr_carea' id='block_1_71' title="bbox 990 1375 1738 1412">
    <p class='ocr_par' dir='ltr' id='par_1_71' title="bbox 990 1375 1738 1412">
     <span class='ocr_line' id='line_1_71' title="bbox 990 1375 1738 1412; baseline -0.005 -6"><span class='ocrx_word' id='word_1_497' title='bbox 990 1378 1102 1412; x_wconf 60' lang='lat' dir='ltr'><strong>Qumsx.</strong></span> <span class='ocrx_word' id='word_1_498' title='bbox 1118 1377 1227 1406; x_wconf 79' lang='lat' dir='ltr'><strong>XXXV.</strong></span> <span class='ocrx_word' id='word_1_499' title='bbox 1248 1377 1383 1411; x_wconf 87' lang='lat' dir='ltr'><strong>Quidnam</strong></span> <span class='ocrx_word' id='word_1_500' title='bbox 1405 1381 1448 1405; x_wconf 88' lang='lat' dir='ltr'><strong>est</strong></span> <span class='ocrx_word' id='word_1_501' title='bbox 1467 1377 1533 1404; x_wconf 93' lang='lat' dir='ltr'><strong>illud</strong></span> <span class='ocrx_word' id='word_1_502' title='bbox 1548 1386 1554 1403; x_wconf 89' lang='lat'>:</span> <span class='ocrx_word' id='word_1_503' title='bbox 1569 1385 1580 1402; x_wconf 72' lang='grc' dir='ltr'><strong>ι</strong></span> <span class='ocrx_word' id='word_1_504' title='bbox 1597 1375 1626 1403; x_wconf 86' lang='lat' dir='ltr'><strong>Si</strong></span> <span class='ocrx_word' id='word_1_505' title='bbox 1645 1376 1738 1403; x_wconf 84' lang='lat' dir='ltr'><strong>oculus</strong></span> 
     </span>
    </p>
   </div>
   <div class='ocr_carea' id='block_1_72' title="bbox 957 1421 1736 1456">
    <p class='ocr_par' dir='ltr' id='par_1_72' title="bbox 957 1421 1736 1456">
     <span class='ocr_line' id='line_1_72' title="bbox 957 1421 1736 1456; baseline -0.005 -4"><span class='ocrx_word' id='word_1_506' title='bbox 957 1428 1022 1452; x_wconf 88' lang='lat' dir='ltr'><strong>tuus</strong></span> <span class='ocrx_word' id='word_1_507' title='bbox 1043 1424 1148 1456; x_wconf 79' lang='lat' dir='ltr'><strong>dexter,</strong></span> <span class='ocrx_word' id='word_1_508' title='bbox 1175 1429 1222 1451; x_wconf 88' lang='lat' dir='ltr'><strong>aut</strong></span> <span class='ocrx_word' id='word_1_509' title='bbox 1246 1430 1344 1450; x_wconf 88' lang='lat' dir='ltr'><strong>manus</strong></span> <span class='ocrx_word' id='word_1_510' title='bbox 1368 1426 1414 1449; x_wconf 93' lang='lat' dir='ltr'><strong>tua</strong></span> <span class='ocrx_word' id='word_1_511' title='bbox 1443 1422 1613 1450; x_wconf 86' lang='lat' dir='ltr'><strong>scandalizat</strong></span> <span class='ocrx_word' id='word_1_512' title='bbox 1631 1426 1669 1454; x_wconf 89' lang='lat' dir='ltr'><strong>te,</strong></span> <span class='ocrx_word' id='word_1_513' title='bbox 1690 1421 1736 1449; x_wconf 88' lang='lat' dir='ltr'><strong>ab-</strong></span> 
     </span>
    </p>
   </div>
   <div class='ocr_carea' id='block_1_73' title="bbox 958 1468 1404 1507">
    <p class='ocr_par' dir='ltr' id='par_1_73' title="bbox 958 1468 1404 1507">
     <span class='ocr_line' id='line_1_73' title="bbox 958 1468 1404 1507; baseline -0.007 -9"><span class='ocrx_word' id='word_1_514' title='bbox 958 1471 1064 1504; x_wconf 85' lang='lat' dir='ltr'><strong>scinde,</strong></span> <span class='ocrx_word' id='word_1_515' title='bbox 1079 1475 1106 1498; x_wconf 87' lang='lat' dir='ltr'><strong>et</strong></span> <span class='ocrx_word' id='word_1_516' title='bbox 1119 1470 1222 1506; x_wconf 88' lang='lat' dir='ltr'><strong>projice</strong></span> <span class='ocrx_word' id='word_1_517' title='bbox 1238 1470 1286 1498; x_wconf 89' lang='lat' dir='ltr'><strong>abs</strong></span> <span class='ocrx_word' id='word_1_518' title='bbox 1302 1468 1380 1507; x_wconf 61' lang='lat' dir='ltr'><strong>te&#39;f?</strong></span> <span class='ocrx_word' id='word_1_519' title='bbox 1394 1478 1404 1495; x_wconf 75' lang='grc' dir='ltr'><strong>ι</strong></span> 
     </span>
    </p>
   </div>
   <div class='ocr_carea' id='block_1_74' title="bbox 997 1513 1739 1549">
    <p class='ocr_par' dir='ltr' id='par_1_74' title="bbox 997 1513 1739 1549">
     <span class='ocr_line' id='line_1_74' title="bbox 997 1513 1739 1549; baseline 0.001 -7"><span class='ocrx_word' id='word_1_520' title='bbox 997 1515 1078 1543; x_wconf 71' lang='lat' dir='ltr'><strong>Esse.</strong></span> <span class='ocrx_word' id='word_1_521' title='bbox 1101 1515 1162 1542; x_wconf 84' lang='lat' dir='ltr'><strong>Non</strong></span> <span class='ocrx_word' id='word_1_522' title='bbox 1179 1515 1213 1542; x_wconf 87' lang='lat' dir='ltr'><strong>de</strong></span> <span class='ocrx_word' id='word_1_523' title='bbox 1237 1514 1367 1542; x_wconf 81' lang='lat' dir='ltr'><strong>membris</strong></span> <span class='ocrx_word' id='word_1_524' title='bbox 1390 1514 1515 1549; x_wconf 89' lang='lat' dir='ltr'><strong>corporis</strong></span> <span class='ocrx_word' id='word_1_525' title='bbox 1538 1513 1590 1541; x_wconf 88' lang='lat' dir='ltr'><strong>hoc</strong></span> <span class='ocrx_word' id='word_1_526' title='bbox 1606 1515 1674 1543; x_wconf 80' lang='lat' dir='ltr'><strong>dixit</strong></span> <span class='ocrx_word' id='word_1_527' title='bbox 1688 1515 1739 1543; x_wconf 83' lang='lat' dir='ltr'><strong>Do-</strong></span> 
     </span>
    </p>
   </div>
   <div class='ocr_carea' id='block_1_75' title="bbox 959 1559 1739 1594">
    <p class='ocr_par' dir='ltr' id='par_1_75' title="bbox 959 1559 1739 1594">
     <span class='ocr_line' id='line_1_75' title="bbox 959 1559 1739 1594; baseline 0 -6"><span class='ocrx_word' id='word_1_528' title='bbox 959 1562 1062 1593; x_wconf 86' lang='lat' dir='ltr'><strong>minus,</strong></span> <span class='ocrx_word' id='word_1_529' title='bbox 1077 1561 1161 1588; x_wconf 86' lang='lat' dir='ltr'><strong>absit!</strong></span> <span class='ocrx_word' id='word_1_530' title='bbox 1186 1559 1234 1588; x_wconf 87' lang='lat' dir='ltr'><strong>sed</strong></span> <span class='ocrx_word' id='word_1_531' title='bbox 1249 1561 1284 1587; x_wconf 90' lang='lat' dir='ltr'><strong>de</strong></span> <span class='ocrx_word' id='word_1_532' title='bbox 1304 1560 1400 1587; x_wconf 86' lang='lat' dir='ltr'><strong>amicis</strong></span> <span class='ocrx_word' id='word_1_533' title='bbox 1416 1562 1444 1587; x_wconf 90' lang='lat' dir='ltr'><strong>et</strong></span> <span class='ocrx_word' id='word_1_534' title='bbox 1459 1560 1583 1594; x_wconf 75' lang='lat' dir='ltr'><strong>cognatis</strong></span> <span class='ocrx_word' id='word_1_535' title='bbox 1596 1569 1602 1587; x_wconf 92' lang='lat'>:</span> <span class='ocrx_word' id='word_1_536' title='bbox 1618 1559 1739 1588; x_wconf 83' lang='lat' dir='ltr'><strong>membra</strong></span> 
     </span>
    </p>
   </div>
   <div class='ocr_carea' id='block_1_76' title="bbox 959 1604 1741 1640">
    <p class='ocr_par' dir='ltr' id='par_1_76' title="bbox 959 1604 1741 1640">
     <span class='ocr_line' id='line_1_76' title="bbox 959 1604 1741 1640; baseline -0.001 -7"><span class='ocrx_word' id='word_1_537' title='bbox 959 1612 1075 1640; x_wconf 86' lang='lat' dir='ltr'><strong>namque</strong></span> <span class='ocrx_word' id='word_1_538' title='bbox 1099 1613 1194 1633; x_wconf 88' lang='lat' dir='ltr'><strong>sumus</strong></span> <span class='ocrx_word' id='word_1_539' title='bbox 1219 1605 1347 1632; x_wconf 87' lang='lat' dir='ltr'><strong>invicem.</strong></span> <span class='ocrx_word' id='word_1_540' title='bbox 1375 1604 1404 1631; x_wconf 89' lang='lat' dir='ltr'><strong>Si</strong></span> <span class='ocrx_word' id='word_1_541' title='bbox 1425 1604 1518 1639; x_wconf 81' lang='lat' dir='ltr'><strong>igitur,</strong></span> <span class='ocrx_word' id='word_1_542' title='bbox 1536 1605 1634 1639; x_wconf 87' lang='lat' dir='ltr'><strong>inquit,</strong></span> <span class='ocrx_word' id='word_1_543' title='bbox 1656 1605 1741 1632; x_wconf 85' lang='lat' dir='ltr'><strong>babes</strong></span> 
     </span>
    </p>
   </div>
   <div class='ocr_carea' id='block_1_77' title="bbox 959 1649 1732 1686">
    <p class='ocr_par' dir='ltr' id='par_1_77' title="bbox 959 1649 1732 1686">
     <span class='ocr_line' id='line_1_77' title="bbox 959 1649 1732 1686; baseline -0.001 -7"><span class='ocrx_word' id='word_1_544' title='bbox 959 1651 1076 1679; x_wconf 91' lang='lat' dir='ltr'><strong>amicum</strong></span> <span class='ocrx_word' id='word_1_545' title='bbox 1098 1654 1147 1678; x_wconf 83' lang='lat' dir='ltr'><strong>aut</strong></span> <span class='ocrx_word' id='word_1_546' title='bbox 1166 1653 1322 1686; x_wconf 74' lang='lat' dir='ltr'><strong>cognatum,</strong></span> <span class='ocrx_word' id='word_1_547' title='bbox 1337 1649 1417 1684; x_wconf 85' lang='lat' dir='ltr'><strong>cujus</strong></span> <span class='ocrx_word' id='word_1_548' title='bbox 1431 1653 1506 1677; x_wconf 84' lang='lat' dir='ltr'><strong>tanta</strong></span> <span class='ocrx_word' id='word_1_549' title='bbox 1521 1649 1570 1678; x_wconf 89' lang='lat' dir='ltr'><strong>tibi</strong></span> <span class='ocrx_word' id='word_1_550' title='bbox 1595 1651 1631 1678; x_wconf 88' lang='lat' dir='ltr'><strong>sit</strong></span> <span class='ocrx_word' id='word_1_551' title='bbox 1647 1658 1732 1678; x_wconf 77' lang='lat' dir='ltr'><strong>neces</strong></span> 
     </span>
    </p>
   </div>
   <div class='ocr_carea' id='block_1_78' title="bbox 959 1695 1740 1732">
    <p class='ocr_par' dir='ltr' id='par_1_78' title="bbox 959 1695 1740 1732">
     <span class='ocr_line' id='line_1_78' title="bbox 959 1695 1740 1732; baseline -0.001 -7"><span class='ocrx_word' id='word_1_552' title='bbox 959 1697 1037 1731; x_wconf 85' lang='lat' dir='ltr'><strong>sitas,</strong></span> <span class='ocrx_word' id='word_1_553' title='bbox 1052 1700 1155 1732; x_wconf 85' lang='lat' dir='ltr'><strong>quanta</strong></span> <span class='ocrx_word' id='word_1_554' title='bbox 1168 1696 1210 1724; x_wconf 89' lang='lat' dir='ltr'><strong>vel</strong></span> <span class='ocrx_word' id='word_1_555' title='bbox 1225 1696 1329 1725; x_wconf 75' lang='lat' dir='ltr'><strong>dexteri</strong></span> <span class='ocrx_word' id='word_1_556' title='bbox 1343 1695 1382 1722; x_wconf 93' lang='lat' dir='ltr'><strong>tui</strong></span> <span class='ocrx_word' id='word_1_557' title='bbox 1393 1695 1473 1731; x_wconf 71' lang='lat'><strong>262</strong></span> <span class='ocrx_word' id='word_1_558' title='bbox 1481 1696 1554 1723; x_wconf 92' lang='lat' dir='ltr'><strong>oculi</strong></span> <span class='ocrx_word' id='word_1_559' title='bbox 1570 1696 1613 1724; x_wconf 90' lang='lat' dir='ltr'><strong>vel</strong></span> <span class='ocrx_word' id='word_1_560' title='bbox 1627 1703 1740 1730; x_wconf 86' lang='lat' dir='ltr'><strong>manus,</strong></span> 
     </span>
    </p>
   </div>
   <div class='ocr_carea' id='block_1_79' title="bbox 957 1741 1740 1779">
    <p class='ocr_par' dir='ltr' id='par_1_79' title="bbox 957 1741 1740 1779">
     <span class='ocr_line' id='line_1_79' title="bbox 957 1741 1740 1779; baseline 0.001 -9"><span class='ocrx_word' id='word_1_561' title='bbox 957 1744 1035 1779; x_wconf 83' lang='lat' dir='ltr'><strong>juxta</strong></span> <span class='ocrx_word' id='word_1_562' title='bbox 1051 1743 1153 1770; x_wconf 91' lang='lat' dir='ltr'><strong>dictum</strong></span> <span class='ocrx_word' id='word_1_563' title='bbox 1167 1742 1227 1769; x_wconf 88' lang='lat' dir='ltr'><strong>Jobi</strong></span> <span class='ocrx_word' id='word_1_564' title='bbox 1240 1751 1246 1769; x_wconf 90' lang='lat'><em>:</em></span> <span class='ocrx_word' id='word_1_565' title='bbox 1263 1750 1272 1767; x_wconf 74' lang='grc' dir='ltr'><strong>ε</strong></span> <span class='ocrx_word' id='word_1_566' title='bbox 1287 1741 1390 1769; x_wconf 90' lang='lat' dir='ltr'><strong>Oculus</strong></span> <span class='ocrx_word' id='word_1_567' title='bbox 1405 1749 1479 1769; x_wconf 89' lang='lat' dir='ltr'><strong>eram</strong></span> <span class='ocrx_word' id='word_1_568' title='bbox 1503 1747 1684 1776; x_wconf 66' lang='lat' dir='ltr'><strong>caecorum,et</strong></span> <span class='ocrx_word' id='word_1_569' title='bbox 1694 1750 1740 1778; x_wconf 88' lang='lat' dir='ltr'><strong>pes</strong></span> 
     </span>
    </p>
   </div>
   <div class='ocr_carea' id='block_1_80' title="bbox 959 1786 1741 1821">
    <p class='ocr_par' dir='ltr' id='par_1_80' title="bbox 959 1786 1741 1821">
     <span class='ocr_line' id='line_1_80' title="bbox 959 1786 1741 1821; baseline 0 -6"><span class='ocrx_word' id='word_1_570' title='bbox 959 1787 1167 1821; x_wconf 82' lang='lat' dir='ltr'><strong>claudorum&quot;;</strong></span> <span class='ocrx_word' id='word_1_571' title='bbox 1186 1796 1195 1813; x_wconf 82' lang='grc' dir='ltr'><strong>ι</strong></span> <span class='ocrx_word' id='word_1_572' title='bbox 1209 1790 1237 1814; x_wconf 84' lang='lat' dir='ltr'><strong>et</strong></span> <span class='ocrx_word' id='word_1_573' title='bbox 1250 1786 1352 1814; x_wconf 87' lang='lat' dir='ltr'><strong>videris</strong></span> <span class='ocrx_word' id='word_1_574' title='bbox 1372 1786 1408 1814; x_wconf 89' lang='lat' dir='ltr'><strong>ab</strong></span> <span class='ocrx_word' id='word_1_575' title='bbox 1424 1787 1484 1821; x_wconf 89' lang='lat' dir='ltr'><strong>ipso</strong></span> <span class='ocrx_word' id='word_1_576' title='bbox 1495 1786 1624 1815; x_wconf 89' lang='lat' dir='ltr'><strong>damnum</strong></span> <span class='ocrx_word' id='word_1_577' title='bbox 1646 1787 1741 1815; x_wconf 81' lang='lat' dir='ltr'><strong>inferri</strong></span> 
     </span>
    </p>
   </div>
   <div class='ocr_carea' id='block_1_81' title="bbox 959 1833 1729 1870">
    <p class='ocr_par' dir='ltr' id='par_1_81' title="bbox 959 1833 1729 1870">
     <span class='ocr_line' id='line_1_81' title="bbox 959 1833 1729 1870; baseline 0.003 -9"><span class='ocrx_word' id='word_1_578' title='bbox 959 1835 1057 1861; x_wconf 74' lang='lat' dir='ltr'><strong>animae</strong></span> <span class='ocrx_word' id='word_1_579' title='bbox 1071 1838 1133 1866; x_wconf 66' lang='lat' dir='ltr'><strong>tum,</strong></span> <span class='ocrx_word' id='word_1_580' title='bbox 1157 1833 1288 1861; x_wconf 83' lang='lat' dir='ltr'><strong>abscinde</strong></span> <span class='ocrx_word' id='word_1_581' title='bbox 1306 1841 1369 1860; x_wconf 91' lang='lat' dir='ltr'><strong>eum</strong></span> <span class='ocrx_word' id='word_1_582' title='bbox 1384 1833 1478 1860; x_wconf 89' lang='lat' dir='ltr'><strong>:nulla</strong></span> <span class='ocrx_word' id='word_1_583' title='bbox 1493 1841 1612 1870; x_wconf 83' lang='lat' dir='ltr'><strong>namque</strong></span> <span class='ocrx_word' id='word_1_584' title='bbox 1626 1835 1681 1862; x_wconf 89' lang='lat' dir='ltr'><strong>luci</strong></span> <span class='ocrx_word' id='word_1_585' title='bbox 1698 1843 1729 1863; x_wconf 89' lang='lat' dir='ltr'><strong>so</strong></span> 
     </span>
    </p>
   </div>
   <div class='ocr_carea' id='block_1_82' title="bbox 959 1878 1740 1914">
    <p class='ocr_par' dir='ltr' id='par_1_82' title="bbox 959 1878 1740 1914">
     <span class='ocr_line' id='line_1_82' title="bbox 959 1878 1740 1914; baseline -0.001 -8"><span class='ocrx_word' id='word_1_586' title='bbox 959 1879 1043 1906; x_wconf 86' lang='lat' dir='ltr'><strong>cietas</strong></span> <span class='ocrx_word' id='word_1_587' title='bbox 1059 1886 1121 1906; x_wconf 88' lang='lat' dir='ltr'><strong>cum</strong></span> <span class='ocrx_word' id='word_1_588' title='bbox 1136 1878 1256 1906; x_wconf 85' lang='lat' dir='ltr'><strong>tenebris</strong></span> <span class='ocrx_word' id='word_1_589' title='bbox 1269 1887 1276 1912; x_wconf 88' lang='lat'><strong>;</strong></span> <span class='ocrx_word' id='word_1_590' title='bbox 1300 1878 1419 1906; x_wconf 88' lang='lat' dir='ltr'><strong>maxime</strong></span> <span class='ocrx_word' id='word_1_591' title='bbox 1432 1878 1454 1906; x_wconf 87' lang='lat' dir='ltr'><strong>si</strong></span> <span class='ocrx_word' id='word_1_592' title='bbox 1474 1879 1540 1914; x_wconf 91' lang='lat' dir='ltr'><strong>quid</strong></span> <span class='ocrx_word' id='word_1_593' title='bbox 1557 1880 1686 1908; x_wconf 90' lang='lat' dir='ltr'><strong>simulent</strong></span> <span class='ocrx_word' id='word_1_594' title='bbox 1700 1880 1740 1908; x_wconf 75' lang='lat' dir='ltr'><strong>vel</strong></span> 
     </span>
    </p>
   </div>
   <div class='ocr_carea' id='block_1_83' title="bbox 958 1924 1251 1960">
    <p class='ocr_par' dir='ltr' id='par_1_83' title="bbox 958 1924 1251 1960">
     <span class='ocr_line' id='line_1_83' title="bbox 958 1924 1251 1960; baseline -0.003 -8"><span class='ocrx_word' id='word_1_595' title='bbox 958 1924 1147 1952; x_wconf 82' lang='lat' dir='ltr'><strong>fraudulenter</strong></span> <span class='ocrx_word' id='word_1_596' title='bbox 1160 1927 1251 1960; x_wconf 75' lang='lat' dir='ltr'><strong>agant.</strong></span> 
     </span>
    </p>
   </div>
   <div class='ocr_carea' id='block_1_84' title="bbox 993 1969 1741 2006">
    <p class='ocr_par' dir='ltr' id='par_1_84' title="bbox 993 1969 1741 2006">
     <span class='ocr_line' id='line_1_84' title="bbox 993 1969 1741 2006; baseline 0.003 -9"><span class='ocrx_word' id='word_1_597' title='bbox 993 1970 1184 1998; x_wconf 74' lang='lat' dir='ltr'><strong>Cnavsosroui</strong></span> <span class='ocrx_word' id='word_1_598' title='bbox 1200 1969 1318 1997; x_wconf 74' lang='lat' dir='ltr'><strong>XXXVI.</strong></span> <span class='ocrx_word' id='word_1_599' title='bbox 1330 1969 1424 1997; x_wconf 85' lang='lat' dir='ltr'><strong>Ficum</strong></span> <span class='ocrx_word' id='word_1_600' title='bbox 1449 1970 1566 1998; x_wconf 88' lang='lat' dir='ltr'><strong>habebat</strong></span> <span class='ocrx_word' id='word_1_601' title='bbox 1581 1970 1692 2006; x_wconf 88' lang='lat' dir='ltr'><strong>quidam</strong></span> <span class='ocrx_word' id='word_1_602' title='bbox 1713 1972 1741 1999; x_wconf 90' lang='lat' dir='ltr'><strong>in</strong></span> 
     </span>
    </p>
   </div>
   <div class='ocr_carea' id='block_1_85' title="bbox 959 2015 1740 2051">
    <p class='ocr_par' dir='ltr' id='par_1_85' title="bbox 959 2015 1740 2051">
     <span class='ocr_line' id='line_1_85' title="bbox 959 2015 1740 2051; baseline 0.001 -8"><span class='ocrx_word' id='word_1_603' title='bbox 959 2017 1039 2043; x_wconf 88' lang='lat' dir='ltr'><strong>vinea</strong></span> <span class='ocrx_word' id='word_1_604' title='bbox 1054 2023 1114 2050; x_wconf 82' lang='lat' dir='ltr'><strong>sua,</strong></span> <span class='ocrx_word' id='word_1_605' title='bbox 1131 2019 1158 2043; x_wconf 88' lang='lat' dir='ltr'><strong>et</strong></span> <span class='ocrx_word' id='word_1_606' title='bbox 1174 2015 1248 2044; x_wconf 87' lang='lat' dir='ltr'><strong>venit</strong></span> <span class='ocrx_word' id='word_1_607' title='bbox 1261 2023 1387 2051; x_wconf 69' lang='lat' dir='ltr'><strong>quaerens</strong></span> <span class='ocrx_word' id='word_1_608' title='bbox 1405 2016 1433 2043; x_wconf 89' lang='lat' dir='ltr'><strong>in</strong></span> <span class='ocrx_word' id='word_1_609' title='bbox 1448 2023 1480 2043; x_wconf 86' lang='lat' dir='ltr'><strong>ea</strong></span> <span class='ocrx_word' id='word_1_610' title='bbox 1494 2015 1628 2049; x_wconf 80' lang='lat' dir='ltr'><strong>fructum,</strong></span> <span class='ocrx_word' id='word_1_611' title='bbox 1645 2020 1671 2044; x_wconf 87' lang='lat' dir='ltr'><strong>et</strong></span> <span class='ocrx_word' id='word_1_612' title='bbox 1687 2023 1740 2044; x_wconf 87' lang='lat' dir='ltr'><strong>non</strong></span> 
     </span>
    </p>
   </div>
   <div class='ocr_carea' id='block_1_86' title="bbox 960 2062 1105 2090">
    <p class='ocr_par' dir='ltr' id='par_1_86' title="bbox 960 2062 1105 2090">
     <span class='ocr_line' id='line_1_86' title="bbox 960 2062 1105 2090; baseline 0.007 -1"><span class='ocrx_word' id='word_1_613' title='bbox 960 2062 1062 2090; x_wconf 86' lang='lat' dir='ltr'><strong>invenit</strong></span> <span class='ocrx_word' id='word_1_614' title='bbox 1071 2062 1105 2090; x_wconf 85' lang='lat'><strong>&quot;.</strong></span> 
     </span>
    </p>
   </div>
   <div class='ocr_carea' id='block_1_87' title="bbox 1001 2107 1740 2144">
    <p class='ocr_par' dir='ltr' id='par_1_87' title="bbox 1001 2107 1740 2144">
     <span class='ocr_line' id='line_1_87' title="bbox 1001 2107 1740 2144; baseline 0.003 -10"><span class='ocrx_word' id='word_1_615' title='bbox 1001 2107 1082 2136; x_wconf 68' lang='lat' dir='ltr'><strong>lisse.</strong></span> <span class='ocrx_word' id='word_1_616' title='bbox 1110 2107 1204 2137; x_wconf 82' lang='lat' dir='ltr'><strong>Ficum</strong></span> <span class='ocrx_word' id='word_1_617' title='bbox 1243 2108 1386 2144; x_wconf 84' lang='lat' dir='ltr'><strong>Scriptura</strong></span> <span class='ocrx_word' id='word_1_618' title='bbox 1410 2116 1508 2136; x_wconf 87' lang='lat' dir='ltr'><strong>vocare</strong></span> <span class='ocrx_word' id='word_1_619' title='bbox 1529 2109 1598 2136; x_wconf 87' lang='lat' dir='ltr'><strong>solet</strong></span> <span class='ocrx_word' id='word_1_620' title='bbox 1621 2109 1740 2144; x_wconf 70' lang='lat' dir='ltr'><strong>peccatis</strong></span> 
     </span>
    </p>
   </div>
   <div class='ocr_carea' id='block_1_88' title="bbox 960 2154 1740 2188">
    <p class='ocr_par' dir='ltr' id='par_1_88' title="bbox 960 2154 1740 2188">
     <span class='ocr_line' id='line_1_88' title="bbox 960 2154 1740 2188; baseline 0.003 -7"><span class='ocrx_word' id='word_1_621' title='bbox 960 2154 1105 2181; x_wconf 82' lang='lat' dir='ltr'><strong>obnoxiam</strong></span> <span class='ocrx_word' id='word_1_622' title='bbox 1132 2155 1269 2188; x_wconf 86' lang='lat' dir='ltr'><strong>animam;</strong></span> <span class='ocrx_word' id='word_1_623' title='bbox 1288 2155 1396 2183; x_wconf 84' lang='lat' dir='ltr'><strong>vineam</strong></span> <span class='ocrx_word' id='word_1_624' title='bbox 1421 2162 1486 2182; x_wconf 84' lang='lat' dir='ltr'><strong>vero</strong></span> <span class='ocrx_word' id='word_1_625' title='bbox 1511 2155 1629 2183; x_wconf 85' lang='lat' dir='ltr'><strong>ﬁdelium</strong></span> <span class='ocrx_word' id='word_1_626' title='bbox 1647 2155 1740 2183; x_wconf 86' lang='lat' dir='ltr'><strong>Eccle-</strong></span> 
     </span>
    </p>
   </div>
   <div class='ocr_carea' id='block_1_89' title="bbox 962 2198 1740 2235">
    <p class='ocr_par' dir='ltr' id='par_1_89' title="bbox 962 2198 1740 2235">
     <span class='ocr_line' id='line_1_89' title="bbox 962 2198 1740 2235; baseline 0.003 -10"><span class='ocrx_word' id='word_1_627' title='bbox 962 2199 1046 2232; x_wconf 70' lang='lat' dir='ltr'><strong>sium;</strong></span> <span class='ocrx_word' id='word_1_628' title='bbox 1062 2198 1192 2227; x_wconf 87' lang='lat' dir='ltr'><strong>vinitores</strong></span> <span class='ocrx_word' id='word_1_629' title='bbox 1209 2203 1311 2230; x_wconf 90' lang='lat' dir='ltr'><strong>autem,</strong></span> <span class='ocrx_word' id='word_1_630' title='bbox 1326 2199 1448 2234; x_wconf 79' lang='lat' dir='ltr'><strong>angelos.</strong></span> <span class='ocrx_word' id='word_1_631' title='bbox 1471 2198 1586 2232; x_wconf 86' lang='lat' dir='ltr'><strong>Quando</strong></span> <span class='ocrx_word' id='word_1_632' title='bbox 1610 2199 1694 2235; x_wconf 79' lang='lat' dir='ltr'><strong>igitur</strong></span> <span class='ocrx_word' id='word_1_633' title='bbox 1713 2200 1740 2230; x_wconf 95' lang='lat' dir='ltr'><strong>in</strong></span> 
     </span>
    </p>
   </div>
   <div class='ocr_carea' id='block_1_90' title="bbox 123 2243 907 2284">
    <p class='ocr_par' dir='ltr' id='par_1_90' title="bbox 123 2245 907 2284">
     <span class='ocr_line' id='line_1_90' title="bbox 123 2245 907 2284; baseline 0.008 -13"><span class='ocrx_word' id='word_1_634' title='bbox 123 2247 156 2281; x_wconf 83' lang='grc' dir='ltr'><strong>τῇ</strong></span> <span class='ocrx_word' id='word_1_635' title='bbox 165 2245 312 2281; x_wconf 72' lang='grc' dir='ltr'>Ἐκκλησία</span> <span class='ocrx_word' id='word_1_636' title='bbox 323 2246 445 2278; x_wconf 78' lang='grc' dir='ltr'>ἀναξίαις</span> <span class='ocrx_word' id='word_1_637' title='bbox 457 2246 577 2281; x_wconf 83' lang='grc' dir='ltr'>βιοῦντες</span> <span class='ocrx_word' id='word_1_638' title='bbox 589 2248 656 2284; x_wconf 81' lang='grc'><strong>(81⁵)</strong></span> <span class='ocrx_word' id='word_1_639' title='bbox 664 2248 716 2283; x_wconf 83' lang='grc' dir='ltr'>τῆς</span> <span class='ocrx_word' id='word_1_640' title='bbox 724 2249 849 2282; x_wconf 81' lang='grc' dir='ltr'>πίστεως,</span> <span class='ocrx_word' id='word_1_641' title='bbox 859 2250 907 2277; x_wconf 80' lang='grc' dir='ltr'>οὐκ</span> 
     </span>
    </p>
   </div>
   <div class='ocr_carea' id='block_1_91' title="bbox 964 2243 1742 2284">
    <p class='ocr_par' dir='ltr' id='par_1_91' title="bbox 964 2243 1742 2279">
     <span class='ocr_line' id='line_1_91' title="bbox 964 2243 1742 2279; baseline 0.001 -8"><span class='ocrx_word' id='word_1_642' title='bbox 964 2243 1084 2271; x_wconf 85' lang='lat' dir='ltr'><strong>Ecclesia</strong></span> <span class='ocrx_word' id='word_1_643' title='bbox 1098 2245 1180 2271; x_wconf 89' lang='lat' dir='ltr'><strong>vitam</strong></span> <span class='ocrx_word' id='word_1_644' title='bbox 1198 2243 1302 2271; x_wconf 92' lang='lat' dir='ltr'><strong>ducunt</strong></span> <span class='ocrx_word' id='word_1_645' title='bbox 1316 2244 1369 2271; x_wconf 84' lang='lat' dir='ltr'><strong>ﬁde</strong></span> <span class='ocrx_word' id='word_1_646' title='bbox 1387 2251 1437 2271; x_wconf 92' lang='lat' dir='ltr'><strong>sua</strong></span> <span class='ocrx_word' id='word_1_647' title='bbox 1453 2243 1612 2279; x_wconf 76' lang='lat' dir='ltr'><strong>indignant;</strong></span> <span class='ocrx_word' id='word_1_648' title='bbox 1632 2251 1688 2271; x_wconf 89' lang='lat' dir='ltr'><strong>non</strong></span> <span class='ocrx_word' id='word_1_649' title='bbox 1704 2245 1742 2272; x_wconf 91' lang='lat' dir='ltr'><strong>vi-</strong></span> 
     </span>
    </p>
   </div>
   <div class='ocr_carea' id='block_1_92' title="bbox 124 2290 910 2331">
    <p class='ocr_par' dir='ltr' id='par_1_92' title="bbox 124 2290 910 2331">
     <span class='ocr_line' id='line_1_92' title="bbox 124 2290 910 2331; baseline 0.008 -15"><span class='ocrx_word' id='word_1_650' title='bbox 124 2290 264 2325; x_wconf 84' lang='grc' dir='ltr'>ἁμπελὼν,</span> <span class='ocrx_word' id='word_1_651' title='bbox 292 2291 361 2318; x_wconf 85' lang='grc' dir='ltr'>ἀλλὰ</span> <span class='ocrx_word' id='word_1_652' title='bbox 388 2292 457 2325; x_wconf 82' lang='grc' dir='ltr'>συκῆ</span> <span class='ocrx_word' id='word_1_653' title='bbox 483 2292 670 2328; x_wconf 80' lang='grc' dir='ltr'>ὀνομάζονται.</span> <span class='ocrx_word' id='word_1_654' title='bbox 703 2294 749 2321; x_wconf 87' lang='grc' dir='ltr'>Ἐκ</span> <span class='ocrx_word' id='word_1_655' title='bbox 775 2295 836 2327; x_wconf 86' lang='grc' dir='ltr'>νέας</span> <span class='ocrx_word' id='word_1_656' title='bbox 861 2296 910 2331; x_wconf 83' lang='grc' dir='ltr'>μὲν</span> 
     </span>
    </p>
   </div>
   <div class='ocr_carea' id='block_1_93' title="bbox 125 2335 911 2377">
    <p class='ocr_par' dir='ltr' id='par_1_93' title="bbox 125 2335 911 2377">
     <span class='ocr_line' id='line_1_93' title="bbox 125 2335 911 2377; baseline 0.009 -16"><span class='ocrx_word' id='word_1_657' title='bbox 125 2335 242 2370; x_wconf 78' lang='grc' dir='ltr'>ἡλικίας,</span> <span class='ocrx_word' id='word_1_658' title='bbox 260 2336 298 2368; x_wconf 84' lang='grc' dir='ltr'><strong>ὡς</strong></span> <span class='ocrx_word' id='word_1_659' title='bbox 313 2337 396 2369; x_wconf 77' lang='grc' dir='ltr'>εἰκὸς,</span> <span class='ocrx_word' id='word_1_660' title='bbox 410 2338 439 2363; x_wconf 81' lang='grc' dir='ltr'>ἐν</span> <span class='ocrx_word' id='word_1_661' title='bbox 455 2338 523 2374; x_wconf 79' lang='grc' dir='ltr'>αὐτῇ</span> <span class='ocrx_word' id='word_1_662' title='bbox 545 2339 723 2373; x_wconf 79' lang='grc' dir='ltr'>φυτευθέντες</span> <span class='ocrx_word' id='word_1_663' title='bbox 740 2340 785 2367; x_wconf 83' lang='grc' dir='ltr'><strong>διὰ</strong></span> <span class='ocrx_word' id='word_1_664' title='bbox 803 2340 849 2367; x_wconf 75' lang='grc' dir='ltr'>τοῦ</span> <span class='ocrx_word' id='word_1_665' title='bbox 862 2341 911 2377; x_wconf 83' lang='grc' dir='ltr'>βα-</span> 
     </span>
    </p>
   </div>
   <div class='ocr_carea' id='block_1_94' title="bbox 126 2381 909 2421">
    <p class='ocr_par' dir='ltr' id='par_1_94' title="bbox 126 2381 909 2421">
     <span class='ocr_line' id='line_1_94' title="bbox 126 2381 909 2421; baseline 0.008 -14"><span class='ocrx_word' id='word_1_666' title='bbox 126 2381 285 2416; x_wconf 75' lang='grc' dir='ltr'>πτίσματος.</span> <span class='ocrx_word' id='word_1_667' title='bbox 313 2382 394 2417; x_wconf 83' lang='grc' dir='ltr'>μέχρι</span> <span class='ocrx_word' id='word_1_668' title='bbox 407 2382 434 2409; x_wconf 78' lang='grc' dir='ltr'>δὲ</span> <span class='ocrx_word' id='word_1_669' title='bbox 452 2383 552 2419; x_wconf 79' lang='grc' dir='ltr'>γήρους</span> <span class='ocrx_word' id='word_1_670' title='bbox 569 2384 614 2410; x_wconf 79' lang='grc' dir='ltr'>τὸν</span> <span class='ocrx_word' id='word_1_671' title='bbox 630 2385 729 2420; x_wconf 86' lang='grc' dir='ltr'>τρόπον</span> <span class='ocrx_word' id='word_1_672' title='bbox 744 2386 909 2421; x_wconf 67' lang='grc' dir='ltr'>μεταϐαλλό-</span> 
     </span>
    </p>
   </div>
   <div class='ocr_carea' id='block_1_95' title="bbox 127 2426 909 2466">
    <p class='ocr_par' dir='ltr' id='par_1_95' title="bbox 127 2426 909 2466">
     <span class='ocr_line' id='line_1_95' title="bbox 127 2426 909 2466; baseline 0.008 -14"><span class='ocrx_word' id='word_1_673' title='bbox 127 2434 216 2461; x_wconf 72' lang='grc' dir='ltr'>μενοιο</span> <span class='ocrx_word' id='word_1_674' title='bbox 234 2426 346 2458; x_wconf 81' lang='grc' dir='ltr'>εἰκότως</span> <span class='ocrx_word' id='word_1_675' title='bbox 368 2427 543 2463; x_wconf 81' lang='grc' dir='ltr'>μακρόθυμος</span> <span class='ocrx_word' id='word_1_676' title='bbox 557 2429 571 2455; x_wconf 94' lang='lat'><strong>6</strong></span> <span class='ocrx_word' id='word_1_677' title='bbox 584 2429 650 2461; x_wconf 78' lang='grc' dir='ltr'>Θεὸς</span> <span class='ocrx_word' id='word_1_678' title='bbox 664 2430 737 2464; x_wconf 82' lang='grc' dir='ltr'>λέγει</span> <span class='ocrx_word' id='word_1_679' title='bbox 753 2430 792 2466; x_wconf 83' lang='grc' dir='ltr'>τῷ</span> <span class='ocrx_word' id='word_1_680' title='bbox 802 2432 909 2466; x_wconf 82' lang='grc' dir='ltr'>ἀμπελ-</span> 
     </span>
    </p>
   </div>
   <div class='ocr_carea' id='block_1_96' title="bbox 126 2471 908 2511">
    <p class='ocr_par' dir='ltr' id='par_1_96' title="bbox 126 2471 908 2511">
     <span class='ocr_line' id='line_1_96' title="bbox 126 2471 908 2511; baseline -0.022 10"><span class='ocrx_word' id='word_1_681' title='bbox 126 2471 226 2507; x_wconf 71' lang='grc' dir='ltr'><strong>⁰⁹⁹τῷ’</strong></span> <span class='ocrx_word' id='word_1_682' title='bbox 251 2473 309 2508; x_wconf 65' lang='grc' dir='ltr'>ἦτοι</span> <span class='ocrx_word' id='word_1_683' title='bbox 333 2472 371 2508; x_wconf 75' lang='grc' dir='ltr'><strong>τῷ</strong></span> <span class='ocrx_word' id='word_1_684' title='bbox 393 2473 501 2508; x_wconf 71' lang='grc' dir='ltr'>ἀγγέλῳ</span> <span class='ocrx_word' id='word_1_685' title='bbox 523 2475 572 2510; x_wconf 79' lang='grc' dir='ltr'><strong>τῆς</strong></span> <span class='ocrx_word' id='word_1_686' title='bbox 592 2475 778 2511; x_wconf 83' lang='grc' dir='ltr'>Ἐκκλησίας-</span> <span class='ocrx_word' id='word_1_687' title='bbox 800 2486 809 2502; x_wconf 78' lang='grc' dir='ltr'><strong>ι</strong></span> <span class='ocrx_word' id='word_1_688' title='bbox 843 2477 908 2504; x_wconf 88' lang='grc' dir='ltr'>Ἰδοὺ</span> 
     </span>
    </p>
   </div>
   <div class='ocr_carea' id='block_1_97' title="bbox 126 2518 908 2559">
    <p class='ocr_par' dir='ltr' id='par_1_97' title="bbox 126 2518 908 2559">
     <span class='ocr_line' id='line_1_97' title="bbox 126 2518 908 2559; baseline 0.009 -16"><span class='ocrx_word' id='word_1_689' title='bbox 126 2518 188 2554; x_wconf 88' lang='grc' dir='ltr'>τρία</span> <span class='ocrx_word' id='word_1_690' title='bbox 202 2518 250 2553; x_wconf 76' lang='grc' dir='ltr'><strong>ἐτη</strong></span> <span class='ocrx_word' id='word_1_691' title='bbox 262 2518 378 2554; x_wconf 74' lang='grc' dir='ltr'>ἔρχομαι</span> <span class='ocrx_word' id='word_1_692' title='bbox 391 2519 478 2554; x_wconf 80' lang='grc' dir='ltr'>ζητῶν</span> <span class='ocrx_word' id='word_1_693' title='bbox 492 2521 596 2556; x_wconf 83' lang='grc' dir='ltr'>καρπὸν</span> <span class='ocrx_word' id='word_1_694' title='bbox 610 2521 639 2548; x_wconf 82' lang='grc' dir='ltr'>ἐν</span> <span class='ocrx_word' id='word_1_695' title='bbox 652 2523 684 2557; x_wconf 85' lang='grc' dir='ltr'><strong>τῇ</strong></span> <span class='ocrx_word' id='word_1_696' title='bbox 699 2523 778 2558; x_wconf 86' lang='grc' dir='ltr'>συκῇ,</span> <span class='ocrx_word' id='word_1_697' title='bbox 797 2523 845 2550; x_wconf 78' lang='grc' dir='ltr'>καὶ</span> <span class='ocrx_word' id='word_1_698' title='bbox 859 2524 908 2559; x_wconf 79' lang='grc' dir='ltr'><strong>οὐχ</strong></span> 
     </span>
    </p>
   </div>
   <div class='ocr_carea' id='block_1_98' title="bbox 126 2564 909 2604">
    <p class='ocr_par' dir='ltr' id='par_1_98' title="bbox 126 2564 909 2604">
     <span class='ocr_line' id='line_1_98' title="bbox 126 2564 909 2604; baseline 0.009 -14"><span class='ocrx_word' id='word_1_699' title='bbox 126 2564 254 2600; x_wconf 79' lang='grc' dir='ltr'>εὑρίσκω.</span> <span class='ocrx_word' id='word_1_700' title='bbox 276 2565 411 2600; x_wconf 75' lang='grc' dir='ltr'>Ἐκκοψον</span> <span class='ocrx_word' id='word_1_701' title='bbox 426 2566 524 2602; x_wconf 77' lang='grc' dir='ltr'>αὑτήν·</span> <span class='ocrx_word' id='word_1_702' title='bbox 541 2567 583 2594; x_wconf 86' lang='grc' dir='ltr'>ἶνα</span> <span class='ocrx_word' id='word_1_703' title='bbox 599 2567 626 2594; x_wconf 83' lang='grc' dir='ltr'><strong>τί</strong></span> <span class='ocrx_word' id='word_1_704' title='bbox 648 2568 695 2595; x_wconf 74' lang='grc' dir='ltr'>καὶ</span> <span class='ocrx_word' id='word_1_705' title='bbox 711 2568 761 2604; x_wconf 80' lang='grc' dir='ltr'><strong>τὴν</strong></span> <span class='ocrx_word' id='word_1_706' title='bbox 773 2569 825 2604; x_wconf 83' lang='grc' dir='ltr'>γῆν</span> <span class='ocrx_word' id='word_1_707' title='bbox 844 2578 909 2597; x_wconf 86' lang='grc' dir='ltr'>κατ-</span> 
     </span>
    </p>
   </div>
   <div class='ocr_carea' id='block_1_99' title="bbox 127 2611 911 2649">
    <p class='ocr_par' dir='ltr' id='par_1_99' title="bbox 127 2611 911 2649">
     <span class='ocr_line' id='line_1_99' title="bbox 127 2611 911 2649; baseline 0.008 -13"><span class='ocrx_word' id='word_1_708' title='bbox 127 2611 221 2646; x_wconf 88' lang='grc' dir='ltr'>αργεῖ;</span> <span class='ocrx_word' id='word_1_709' title='bbox 240 2611 268 2637; x_wconf 91' lang='grc'><strong>’0</strong></span> <span class='ocrx_word' id='word_1_710' title='bbox 283 2611 311 2637; x_wconf 84' lang='grc' dir='ltr'><strong>δέ</strong></span> <span class='ocrx_word' id='word_1_711' title='bbox 331 2620 413 2647; x_wconf 84' lang='grc' dir='ltr'>φησι·</span> <span class='ocrx_word' id='word_1_712' title='bbox 431 2611 526 2647; x_wconf 85' lang='grc' dir='ltr'>Κύριε,</span> <span class='ocrx_word' id='word_1_713' title='bbox 541 2613 608 2647; x_wconf 80' lang='grc' dir='ltr'>ἄφες</span> <span class='ocrx_word' id='word_1_714' title='bbox 628 2613 713 2649; x_wconf 83' lang='grc' dir='ltr'>αὐτὴν</span> <span class='ocrx_word' id='word_1_715' title='bbox 728 2615 774 2641; x_wconf 75' lang='grc' dir='ltr'>καὶ</span> <span class='ocrx_word' id='word_1_716' title='bbox 788 2614 866 2642; x_wconf 83' lang='grc' dir='ltr'>τοῦτο</span> <span class='ocrx_word' id='word_1_717' title='bbox 880 2616 911 2643; x_wconf 81' lang='grc' dir='ltr'><strong>τδ</strong></span> 
     </span>
    </p>
   </div>
   <div class='ocr_carea' id='block_1_100' title="bbox 126 2654 907 2696">
    <p class='ocr_par' dir='ltr' id='par_1_100' title="bbox 126 2654 907 2696">
     <span class='ocr_line' id='line_1_100' title="bbox 126 2654 907 2696; baseline 0.006 -14"><span class='ocrx_word' id='word_1_718' title='bbox 126 2656 194 2688; x_wconf 76' lang='grc' dir='ltr'>ἔτος,</span> <span class='ocrx_word' id='word_1_719' title='bbox 214 2656 266 2688; x_wconf 80' lang='grc' dir='ltr'>ἓως</span> <span class='ocrx_word' id='word_1_720' title='bbox 278 2654 308 2684; x_wconf 76' lang='grc' dir='ltr'><strong>οὗ</strong></span> <span class='ocrx_word' id='word_1_721' title='bbox 322 2657 418 2692; x_wconf 79' lang='grc' dir='ltr'>σκάψω</span> <span class='ocrx_word' id='word_1_722' title='bbox 433 2658 497 2693; x_wconf 87' lang='grc' dir='ltr'>περὶ</span> <span class='ocrx_word' id='word_1_723' title='bbox 512 2658 597 2694; x_wconf 78' lang='grc' dir='ltr'>αὐτὴν</span> <span class='ocrx_word' id='word_1_724' title='bbox 613 2659 660 2686; x_wconf 79' lang='grc' dir='ltr'>καὶ</span> <span class='ocrx_word' id='word_1_725' title='bbox 675 2659 748 2695; x_wconf 81' lang='grc' dir='ltr'>βάλω</span> <span class='ocrx_word' id='word_1_726' title='bbox 768 2660 878 2696; x_wconf 85' lang='grc' dir='ltr'>κόπρια.</span> <span class='ocrx_word' id='word_1_727' title='bbox 898 2671 907 2688; x_wconf 75' lang='grc' dir='ltr'><strong>ι</strong></span> 
     </span>
    </p>
   </div>
   <div class='ocr_carea' id='block_1_101' title="bbox 126 2699 910 2744">
    <p class='ocr_par' dir='ltr' id='par_1_101' title="bbox 126 2699 910 2744">
     <span class='ocr_line' id='line_1_101' title="bbox 126 2699 910 2744; baseline 0.01 -18"><span class='ocrx_word' id='word_1_728' title='bbox 126 2701 195 2736; x_wconf 86' lang='grc' dir='ltr'>Τρία</span> <span class='ocrx_word' id='word_1_729' title='bbox 207 2699 253 2728; x_wconf 75' lang='grc' dir='ltr'>οὖν</span> <span class='ocrx_word' id='word_1_730' title='bbox 272 2702 319 2737; x_wconf 72' lang='grc' dir='ltr'>ἔτη</span> <span class='ocrx_word' id='word_1_731' title='bbox 331 2703 400 2729; x_wconf 71' lang='grc' dir='ltr'>εἰσὶν</span> <span class='ocrx_word' id='word_1_732' title='bbox 415 2704 444 2729; x_wconf 83' lang='grc' dir='ltr'>ὲν</span> <span class='ocrx_word' id='word_1_733' title='bbox 457 2703 620 2740; x_wconf 79' lang='grc' dir='ltr'>ἀνθρώποις,</span> <span class='ocrx_word' id='word_1_734' title='bbox 640 2706 670 2732; x_wconf 85' lang='grc' dir='ltr'>ὲν</span> <span class='ocrx_word' id='word_1_735' title='bbox 685 2703 724 2737; x_wconf 75' lang='grc' dir='ltr'>οἷς</span> <span class='ocrx_word' id='word_1_736' title='bbox 736 2706 843 2741; x_wconf 79' lang='grc' dir='ltr'>ἔρχεται</span> <span class='ocrx_word' id='word_1_737' title='bbox 862 2706 910 2744; x_wconf 81' lang='grc' dir='ltr'><strong>ζη-</strong></span> 
     </span>
    </p>
   </div>
   <div class='ocr_carea' id='block_1_102' title="bbox 126 2745 910 2783">
    <p class='ocr_par' dir='ltr' id='par_1_102' title="bbox 126 2745 910 2783">
     <span class='ocr_line' id='line_1_102' title="bbox 126 2745 910 2783; baseline 0.006 -12"><span class='ocrx_word' id='word_1_738' title='bbox 126 2745 180 2771; x_wconf 74' lang='grc' dir='ltr'><strong>τῶν</strong></span> <span class='ocrx_word' id='word_1_739' title='bbox 194 2746 299 2782; x_wconf 73' lang='grc' dir='ltr'>καρπὸν</span> <span class='ocrx_word' id='word_1_740' title='bbox 319 2747 333 2772; x_wconf 89' lang='lat'><strong>6</strong></span> <span class='ocrx_word' id='word_1_741' title='bbox 348 2746 423 2780; x_wconf 84' lang='grc' dir='ltr'>Θεὸς,</span> <span class='ocrx_word' id='word_1_742' title='bbox 437 2747 464 2773; x_wconf 77' lang='grc' dir='ltr'>αἱ</span> <span class='ocrx_word' id='word_1_743' title='bbox 480 2749 554 2783; x_wconf 84' lang='grc' dir='ltr'>τρεῖς</span> <span class='ocrx_word' id='word_1_744' title='bbox 572 2747 777 2783; x_wconf 84' lang='grc' dir='ltr'>μεοηλικιώσεις</span> <span class='ocrx_word' id='word_1_745' title='bbox 800 2749 847 2776; x_wconf 81' lang='grc' dir='ltr'>τοῦ</span> <span class='ocrx_word' id='word_1_746' title='bbox 864 2750 910 2777; x_wconf 83' lang='grc' dir='ltr'><strong>ἁν-</strong></span> 
     </span>
    </p>
   </div>
   <div class='ocr_carea' id='block_1_103' title="bbox 180 2812 692 2847">
    <p class='ocr_par' dir='ltr' id='par_1_103' title="bbox 180 2812 692 2847">
     <span class='ocr_line' id='line_1_103' title="bbox 180 2812 692 2847; baseline 0.012 -9"><span class='ocrx_word' id='word_1_747' title='bbox 180 2813 202 2829; x_wconf 78' lang='grc'><strong>⁵³</strong></span> <span class='ocrx_word' id='word_1_748' title='bbox 222 2812 288 2840; x_wconf 91' lang='lat' dir='ltr'><strong>Luc.</strong></span> <span class='ocrx_word' id='word_1_749' title='bbox 306 2821 387 2843; x_wconf 80' lang='lat' dir='ltr'><strong>xvm,</strong></span> <span class='ocrx_word' id='word_1_750' title='bbox 405 2813 436 2847; x_wconf 72' lang='grc'>4,</span> <span class='ocrx_word' id='word_1_751' title='bbox 457 2813 482 2841; x_wconf 84' lang='lat'><strong>5.</strong></span> <span class='ocrx_word' id='word_1_752' title='bbox 538 2815 561 2830; x_wconf 85' lang='lat'>&quot;</span> <span class='ocrx_word' id='word_1_753' title='bbox 581 2815 646 2843; x_wconf 89' lang='lat' dir='ltr'><strong>ibid.</strong></span> <span class='ocrx_word' id='word_1_754' title='bbox 664 2815 692 2844; x_wconf 88' lang='lat'><em>6.</em></span> 
     </span>
    </p>
   </div>
   <div class='ocr_carea' id='block_1_104' title="bbox 960 2290 1741 2325">
    <p class='ocr_par' dir='ltr' id='par_1_104' title="bbox 960 2290 1741 2325">
     <span class='ocr_line' id='line_1_104' title="bbox 960 2290 1741 2325; baseline -0.001 -7"><span class='ocrx_word' id='word_1_755' title='bbox 960 2298 1012 2318; x_wconf 89' lang='lat' dir='ltr'><strong>nea</strong></span> <span class='ocrx_word' id='word_1_756' title='bbox 1032 2294 1184 2323; x_wconf 85' lang='lat' dir='ltr'><strong>vocantur,</strong></span> <span class='ocrx_word' id='word_1_757' title='bbox 1208 2290 1256 2318; x_wconf 90' lang='lat' dir='ltr'><strong>sed</strong></span> <span class='ocrx_word' id='word_1_758' title='bbox 1278 2290 1357 2317; x_wconf 82' lang='lat' dir='ltr'><strong>licus.</strong></span> <span class='ocrx_word' id='word_1_759' title='bbox 1383 2290 1452 2323; x_wconf 87' lang='lat' dir='ltr'><strong>Quia</strong></span> <span class='ocrx_word' id='word_1_760' title='bbox 1477 2297 1493 2317; x_wconf 88' lang='lat' dir='ltr'><strong>a</strong></span> <span class='ocrx_word' id='word_1_761' title='bbox 1517 2295 1610 2317; x_wconf 89' lang='lat' dir='ltr'><strong>tenera</strong></span> <span class='ocrx_word' id='word_1_762' title='bbox 1631 2290 1741 2325; x_wconf 87' lang='lat' dir='ltr'><strong>quidem</strong></span> 
     </span>
    </p>
   </div>
   <div class='ocr_carea' id='block_1_105' title="bbox 960 2337 1741 2372">
    <p class='ocr_par' dir='ltr' id='par_1_105' title="bbox 960 2337 1741 2372">
     <span class='ocr_line' id='line_1_105' title="bbox 960 2337 1741 2372; baseline 0 -7"><span class='ocrx_word' id='word_1_763' title='bbox 960 2341 1050 2370; x_wconf 74' lang='lat' dir='ltr'><strong>aetate,</strong></span> <span class='ocrx_word' id='word_1_764' title='bbox 1067 2341 1096 2364; x_wconf 91' lang='lat' dir='ltr'><strong>ut</strong></span> <span class='ocrx_word' id='word_1_765' title='bbox 1110 2345 1160 2371; x_wconf 89' lang='lat' dir='ltr'><strong>par</strong></span> <span class='ocrx_word' id='word_1_766' title='bbox 1177 2340 1230 2369; x_wconf 85' lang='lat' dir='ltr'><strong>est,</strong></span> <span class='ocrx_word' id='word_1_767' title='bbox 1243 2337 1270 2364; x_wconf 91' lang='lat' dir='ltr'><strong>in</strong></span> <span class='ocrx_word' id='word_1_768' title='bbox 1288 2344 1319 2364; x_wconf 88' lang='lat' dir='ltr'><strong>ea</strong></span> <span class='ocrx_word' id='word_1_769' title='bbox 1330 2345 1378 2372; x_wconf 89' lang='lat' dir='ltr'><strong>per</strong></span> <span class='ocrx_word' id='word_1_770' title='bbox 1395 2337 1561 2372; x_wconf 87' lang='lat' dir='ltr'><strong>baptismum</strong></span> <span class='ocrx_word' id='word_1_771' title='bbox 1574 2337 1699 2372; x_wconf 89' lang='lat' dir='ltr'><strong>plantati,</strong></span> <span class='ocrx_word' id='word_1_772' title='bbox 1716 2343 1741 2365; x_wconf 88' lang='lat' dir='ltr'><strong>et</strong></span> 
     </span>
    </p>
   </div>
   <div class='ocr_carea' id='block_1_106' title="bbox 961 2375 1742 2417">
    <p class='ocr_par' dir='ltr' id='par_1_106' title="bbox 961 2375 1742 2417">
     <span class='ocr_line' id='line_1_106' title="bbox 961 2375 1742 2417; baseline 0 -7"><span class='ocrx_word' id='word_1_773' title='bbox 961 2383 995 2410; x_wconf 87' lang='lat' dir='ltr'><strong>ad</strong></span> <span class='ocrx_word' id='word_1_774' title='bbox 1008 2375 1176 2410; x_wconf 86' lang='lat' dir='ltr'><strong>senectutem</strong></span> <span class='ocrx_word' id='word_1_775' title='bbox 1187 2390 1275 2417; x_wconf 90' lang='lat' dir='ltr'><strong>usque</strong></span> <span class='ocrx_word' id='word_1_776' title='bbox 1289 2382 1323 2410; x_wconf 89' lang='lat' dir='ltr'><strong>ad</strong></span> <span class='ocrx_word' id='word_1_777' title='bbox 1334 2383 1408 2410; x_wconf 86' lang='lat' dir='ltr'><strong>hunc</strong></span> <span class='ocrx_word' id='word_1_778' title='bbox 1415 2383 1525 2410; x_wconf 86' lang='lat' dir='ltr'><strong>modum</strong></span> <span class='ocrx_word' id='word_1_779' title='bbox 1537 2383 1671 2411; x_wconf 90' lang='lat' dir='ltr'><strong>immutati</strong></span> <span class='ocrx_word' id='word_1_780' title='bbox 1680 2391 1742 2411; x_wconf 89' lang='lat' dir='ltr'><strong>cum</strong></span> 
     </span>
    </p>
   </div>
   <div class='ocr_carea' id='block_1_107' title="bbox 961 2427 1742 2462">
    <p class='ocr_par' dir='ltr' id='par_1_107' title="bbox 961 2427 1742 2462">
     <span class='ocr_line' id='line_1_107' title="bbox 961 2427 1742 2462; baseline -0.001 -7"><span class='ocrx_word' id='word_1_781' title='bbox 961 2427 1027 2459; x_wconf 86' lang='lat' dir='ltr'><strong>sint,</strong></span> <span class='ocrx_word' id='word_1_782' title='bbox 1042 2427 1139 2454; x_wconf 81' lang='lat' dir='ltr'><strong>merito</strong></span> <span class='ocrx_word' id='word_1_783' title='bbox 1156 2427 1227 2455; x_wconf 88' lang='lat' dir='ltr'><strong>Deus</strong></span> <span class='ocrx_word' id='word_1_784' title='bbox 1240 2427 1415 2462; x_wconf 86' lang='lat' dir='ltr'><strong>quantumvis</strong></span> <span class='ocrx_word' id='word_1_785' title='bbox 1437 2427 1608 2462; x_wconf 78' lang='lat' dir='ltr'><strong>aequanimis,</strong></span> <span class='ocrx_word' id='word_1_786' title='bbox 1625 2427 1690 2455; x_wconf 90' lang='lat' dir='ltr'><strong>dicit</strong></span> <span class='ocrx_word' id='word_1_787' title='bbox 1709 2427 1742 2455; x_wconf 88' lang='lat' dir='ltr'><strong>ad</strong></span> 
     </span>
    </p>
   </div>
   <div class='ocr_carea' id='block_1_108' title="bbox 961 2472 1742 2508">
    <p class='ocr_par' dir='ltr' id='par_1_108' title="bbox 961 2472 1742 2508">
     <span class='ocr_line' id='line_1_108' title="bbox 961 2472 1742 2508; baseline 0 -8"><span class='ocrx_word' id='word_1_788' title='bbox 961 2474 1106 2501; x_wconf 84' lang='lat' dir='ltr'><strong>vinitorem</strong></span> <span class='ocrx_word' id='word_1_789' title='bbox 1121 2473 1163 2500; x_wconf 86' lang='lat' dir='ltr'><strong>vel</strong></span> <span class='ocrx_word' id='word_1_790' title='bbox 1176 2473 1300 2507; x_wconf 75' lang='lat' dir='ltr'><strong>angelum</strong></span> <span class='ocrx_word' id='word_1_791' title='bbox 1318 2472 1465 2501; x_wconf 59' lang='lat' dir='ltr'><strong>Ecclesia:</strong></span> <span class='ocrx_word' id='word_1_792' title='bbox 1482 2482 1491 2499; x_wconf 78' lang='grc' dir='ltr'><strong>ι</strong></span> <span class='ocrx_word' id='word_1_793' title='bbox 1505 2473 1573 2501; x_wconf 88' lang='lat' dir='ltr'><strong>Ecce</strong></span> <span class='ocrx_word' id='word_1_794' title='bbox 1587 2473 1674 2501; x_wconf 84' lang='lat' dir='ltr'><strong>tribus</strong></span> <span class='ocrx_word' id='word_1_795' title='bbox 1686 2473 1742 2508; x_wconf 85' lang='lat' dir='ltr'><strong>jam</strong></span> 
     </span>
    </p>
   </div>
   <div class='ocr_carea' id='block_1_109' title="bbox 961 2517 1742 2554">
    <p class='ocr_par' dir='ltr' id='par_1_109' title="bbox 961 2517 1742 2554">
     <span class='ocr_line' id='line_1_109' title="bbox 961 2517 1742 2554; baseline 0 -8"><span class='ocrx_word' id='word_1_796' title='bbox 961 2519 1042 2546; x_wconf 82' lang='lat' dir='ltr'><strong>annis</strong></span> <span class='ocrx_word' id='word_1_797' title='bbox 1059 2518 1147 2552; x_wconf 86' lang='lat' dir='ltr'><strong>venio,</strong></span> <span class='ocrx_word' id='word_1_798' title='bbox 1163 2517 1281 2546; x_wconf 83' lang='lat' dir='ltr'><strong>fructum</strong></span> <span class='ocrx_word' id='word_1_799' title='bbox 1302 2526 1426 2554; x_wconf 63' lang='lat' dir='ltr'><strong>quaerens</strong></span> <span class='ocrx_word' id='word_1_800' title='bbox 1437 2519 1469 2549; x_wconf 81' lang='lat' dir='ltr'><strong>in</strong></span> <span class='ocrx_word' id='word_1_801' title='bbox 1491 2519 1541 2547; x_wconf 86' lang='lat' dir='ltr'><strong>ista</strong></span> <span class='ocrx_word' id='word_1_802' title='bbox 1558 2519 1622 2552; x_wconf 82' lang='lat' dir='ltr'><strong>ﬁcu,</strong></span> <span class='ocrx_word' id='word_1_803' title='bbox 1636 2526 1687 2547; x_wconf 87' lang='lat' dir='ltr'><strong>nec</strong></span> <span class='ocrx_word' id='word_1_804' title='bbox 1703 2523 1742 2546; x_wconf 85' lang='lat' dir='ltr'><strong>ta-</strong></span> 
     </span>
    </p>
   </div>
   <div class='ocr_carea' id='block_1_110' title="bbox 964 2563 1742 2600">
    <p class='ocr_par' dir='ltr' id='par_1_110' title="bbox 964 2563 1742 2600">
     <span class='ocr_line' id='line_1_110' title="bbox 964 2563 1742 2600; baseline 0.001 -9"><span class='ocrx_word' id='word_1_805' title='bbox 964 2572 1025 2592; x_wconf 89' lang='lat' dir='ltr'><strong>men</strong></span> <span class='ocrx_word' id='word_1_806' title='bbox 1040 2564 1157 2591; x_wconf 89' lang='lat' dir='ltr'><strong>invenio.</strong></span> <span class='ocrx_word' id='word_1_807' title='bbox 1180 2563 1315 2592; x_wconf 86' lang='lat' dir='ltr'><strong>Exscinde</strong></span> <span class='ocrx_word' id='word_1_808' title='bbox 1330 2571 1407 2598; x_wconf 88' lang='lat' dir='ltr'><strong>eam;</strong></span> <span class='ocrx_word' id='word_1_809' title='bbox 1426 2572 1510 2600; x_wconf 85' lang='lat' dir='ltr'><strong>quare</strong></span> <span class='ocrx_word' id='word_1_810' title='bbox 1522 2569 1622 2593; x_wconf 86' lang='lat' dir='ltr'><strong>terram</strong></span> <span class='ocrx_word' id='word_1_811' title='bbox 1645 2565 1742 2592; x_wconf 83' lang='lat' dir='ltr'><strong>inutili-</strong></span> 
     </span>
    </p>
   </div>
   <div class='ocr_carea' id='block_1_111' title="bbox 963 2609 1741 2646">
    <p class='ocr_par' dir='ltr' id='par_1_111' title="bbox 963 2609 1741 2646">
     <span class='ocr_line' id='line_1_111' title="bbox 963 2609 1741 2646; baseline 0 -8"><span class='ocrx_word' id='word_1_812' title='bbox 963 2613 1004 2638; x_wconf 88' lang='lat' dir='ltr'><strong>ter</strong></span> <span class='ocrx_word' id='word_1_813' title='bbox 1015 2610 1147 2646; x_wconf 79' lang='lat' dir='ltr'><strong>Occupat?</strong></span> <span class='ocrx_word' id='word_1_814' title='bbox 1159 2611 1206 2638; x_wconf 89' lang='lat' dir='ltr'><strong>Ille</strong></span> <span class='ocrx_word' id='word_1_815' title='bbox 1219 2617 1284 2638; x_wconf 91' lang='lat' dir='ltr'><strong>vero</strong></span> <span class='ocrx_word' id='word_1_816' title='bbox 1306 2609 1473 2645; x_wconf 88' lang='lat' dir='ltr'><strong>respondet:</strong></span> <span class='ocrx_word' id='word_1_817' title='bbox 1488 2610 1612 2643; x_wconf 90' lang='lat' dir='ltr'><strong>Domine,</strong></span> <span class='ocrx_word' id='word_1_818' title='bbox 1636 2611 1695 2639; x_wconf 89' lang='lat' dir='ltr'><strong>sine</strong></span> <span class='ocrx_word' id='word_1_819' title='bbox 1711 2611 1741 2638; x_wconf 95' lang='lat' dir='ltr'><strong>il-</strong></span> 
     </span>
    </p>
   </div>
   <div class='ocr_carea' id='block_1_112' title="bbox 962 2656 1742 2688">
    <p class='ocr_par' dir='ltr' id='par_1_112' title="bbox 962 2656 1742 2688">
     <span class='ocr_line' id='line_1_112' title="bbox 962 2656 1742 2688; baseline 0 -4"><span class='ocrx_word' id='word_1_820' title='bbox 962 2657 1016 2684; x_wconf 92' lang='lat' dir='ltr'><strong>lam</strong></span> <span class='ocrx_word' id='word_1_821' title='bbox 1034 2656 1123 2684; x_wconf 81' lang='lat' dir='ltr'><strong>adliuc</strong></span> <span class='ocrx_word' id='word_1_822' title='bbox 1143 2657 1196 2684; x_wconf 90' lang='lat' dir='ltr'><strong>boc</strong></span> <span class='ocrx_word' id='word_1_823' title='bbox 1215 2660 1318 2684; x_wconf 89' lang='lat' dir='ltr'><strong>tantum</strong></span> <span class='ocrx_word' id='word_1_824' title='bbox 1341 2663 1424 2688; x_wconf 86' lang='lat' dir='ltr'><strong>anno,</strong></span> <span class='ocrx_word' id='word_1_825' title='bbox 1441 2657 1528 2684; x_wconf 88' lang='lat' dir='ltr'><strong>donec</strong></span> <span class='ocrx_word' id='word_1_826' title='bbox 1548 2656 1625 2684; x_wconf 85' lang='lat' dir='ltr'><strong>fovea</strong></span> <span class='ocrx_word' id='word_1_827' title='bbox 1640 2657 1742 2685; x_wconf 89' lang='lat' dir='ltr'><strong>circum</strong></span> 
     </span>
    </p>
   </div>
   <div class='ocr_carea' id='block_1_113' title="bbox 962 2701 1741 2738">
    <p class='ocr_par' dir='ltr' id='par_1_113' title="bbox 962 2701 1741 2738">
     <span class='ocr_line' id='line_1_113' title="bbox 962 2701 1741 2738; baseline -0.001 -7"><span class='ocrx_word' id='word_1_828' title='bbox 962 2711 1022 2731; x_wconf 89' lang='lat' dir='ltr'><strong>eam</strong></span> <span class='ocrx_word' id='word_1_829' title='bbox 1036 2702 1107 2730; x_wconf 77' lang='lat' dir='ltr'><strong>facta</strong></span> <span class='ocrx_word' id='word_1_830' title='bbox 1118 2702 1218 2730; x_wconf 82' lang='lat' dir='ltr'><strong>misero</strong></span> <span class='ocrx_word' id='word_1_831' title='bbox 1230 2707 1337 2730; x_wconf 87' lang='lat' dir='ltr'><strong>stercus</strong></span> <span class='ocrx_word' id='word_1_832' title='bbox 1347 2702 1391 2729; x_wconf 74' lang='lat'><strong>&#39;7?</strong></span> <span class='ocrx_word' id='word_1_833' title='bbox 1405 2712 1414 2728; x_wconf 77' lang='grc' dir='ltr'><strong>ι</strong></span> <span class='ocrx_word' id='word_1_834' title='bbox 1430 2701 1497 2730; x_wconf 87' lang='lat' dir='ltr'><strong>Tres</strong></span> <span class='ocrx_word' id='word_1_835' title='bbox 1509 2702 1592 2738; x_wconf 80' lang='lat' dir='ltr'><strong>igitur</strong></span> <span class='ocrx_word' id='word_1_836' title='bbox 1602 2707 1666 2731; x_wconf 89' lang='lat' dir='ltr'><strong>sunt</strong></span> <span class='ocrx_word' id='word_1_837' title='bbox 1678 2704 1741 2731; x_wconf 87' lang='lat' dir='ltr'><strong>anni</strong></span> 
     </span>
    </p>
   </div>
   <div class='ocr_carea' id='block_1_114' title="bbox 963 2746 1742 2783">
    <p class='ocr_par' dir='ltr' id='par_1_114' title="bbox 963 2746 1742 2783">
     <span class='ocr_line' id='line_1_114' title="bbox 963 2746 1742 2783; baseline -0.003 -7"><span class='ocrx_word' id='word_1_838' title='bbox 963 2748 1114 2782; x_wconf 86' lang='lat' dir='ltr'><strong>hominum,</strong></span> <span class='ocrx_word' id='word_1_839' title='bbox 1130 2748 1158 2775; x_wconf 91' lang='lat' dir='ltr'><strong>in</strong></span> <span class='ocrx_word' id='word_1_840' title='bbox 1177 2748 1276 2783; x_wconf 89' lang='lat' dir='ltr'><strong>quibus</strong></span> <span class='ocrx_word' id='word_1_841' title='bbox 1292 2747 1369 2776; x_wconf 84' lang='lat' dir='ltr'><strong>venit</strong></span> <span class='ocrx_word' id='word_1_842' title='bbox 1387 2746 1460 2776; x_wconf 89' lang='lat' dir='ltr'><strong>Deus</strong></span> <span class='ocrx_word' id='word_1_843' title='bbox 1471 2755 1596 2783; x_wconf 75' lang='lat' dir='ltr'><strong>quaerens</strong></span> <span class='ocrx_word' id='word_1_844' title='bbox 1611 2747 1742 2780; x_wconf 78' lang='lat' dir='ltr'><strong>fructum,</strong></span> 
     </span>
    </p>
   </div>
   <div class='ocr_carea' id='block_1_115' title="bbox 748 2814 1743 2850">
    <p class='ocr_par' dir='ltr' id='par_1_115' title="bbox 748 2814 1743 2850">
     <span class='ocr_line' id='line_1_115' title="bbox 748 2814 1743 2850; baseline 0 -7"><span class='ocrx_word' id='word_1_845' title='bbox 748 2817 770 2833; x_wconf 71' lang='grc' dir='ltr'>ει</span> <span class='ocrx_word' id='word_1_846' title='bbox 790 2816 800 2843; x_wconf 91' lang='lat' dir='ltr'><strong>l</strong></span> <span class='ocrx_word' id='word_1_847' title='bbox 816 2817 886 2845; x_wconf 86' lang='lat' dir='ltr'><strong>Tim.</strong></span> <span class='ocrx_word' id='word_1_848' title='bbox 903 2826 928 2850; x_wconf 90' lang='grc' dir='ltr'><strong>ι,</strong></span> <span class='ocrx_word' id='word_1_849' title='bbox 944 2818 971 2846; x_wconf 89' lang='lat'><strong>9.</strong></span> <span class='ocrx_word' id='word_1_850' title='bbox 1017 2817 1039 2834; x_wconf 84' lang='lat'>&quot;</span> <span class='ocrx_word' id='word_1_851' title='bbox 1059 2816 1125 2845; x_wconf 87' lang='lat' dir='ltr'><strong>Luc.</strong></span> <span class='ocrx_word' id='word_1_852' title='bbox 1144 2823 1218 2850; x_wconf 81' lang='lat' dir='ltr'><strong>xxii,</strong></span> <span class='ocrx_word' id='word_1_853' title='bbox 1235 2815 1280 2844; x_wconf 85' lang='lat'><strong>56.</strong></span> <span class='ocrx_word' id='word_1_854' title='bbox 1318 2815 1342 2832; x_wconf 80' lang='lat'>&quot;</span> <span class='ocrx_word' id='word_1_855' title='bbox 1357 2814 1436 2844; x_wconf 78' lang='lat' dir='ltr'><strong>Joan.</strong></span> <span class='ocrx_word' id='word_1_856' title='bbox 1453 2822 1506 2849; x_wconf 86' lang='lat' dir='ltr'><strong>xu,</strong></span> <span class='ocrx_word' id='word_1_857' title='bbox 1522 2814 1568 2845; x_wconf 69' lang='lat'><strong>25.</strong></span> <span class='ocrx_word' id='word_1_858' title='bbox 1604 2815 1627 2831; x_wconf 64' lang='grc' dir='ltr'><strong>ἰ</strong></span> <span class='ocrx_word' id='word_1_859' title='bbox 1646 2815 1743 2844; x_wconf 72' lang='lat' dir='ltr'><strong>Matth.</strong></span> 
     </span>
    </p>
   </div>
   <div class='ocr_carea' id='block_1_116' title="bbox 128 2847 996 2887">
    <p class='ocr_par' dir='ltr' id='par_1_116' title="bbox 128 2847 996 2887">
     <span class='ocr_line' id='line_1_116' title="bbox 128 2847 996 2887; baseline 0.009 -13"><span class='ocrx_word' id='word_1_860' title='bbox 128 2856 154 2879; x_wconf 77' lang='grc' dir='ltr'>ν,</span> <span class='ocrx_word' id='word_1_861' title='bbox 169 2848 215 2875; x_wconf 72' lang='lat'><strong>&#39;29.</strong></span> <span class='ocrx_word' id='word_1_862' title='bbox 253 2848 276 2864; x_wconf 88' lang='lat'><strong>&quot;</strong></span> <span class='ocrx_word' id='word_1_863' title='bbox 294 2847 345 2875; x_wconf 77' lang='lat' dir='ltr'><strong>Job</strong></span> <span class='ocrx_word' id='word_1_864' title='bbox 360 2856 423 2878; x_wconf 84' lang='lat' dir='ltr'><strong>xxv.</strong></span> <span class='ocrx_word' id='word_1_865' title='bbox 443 2849 485 2875; x_wconf 81' lang='grc'><strong>15.</strong></span> <span class='ocrx_word' id='word_1_866' title='bbox 524 2849 546 2866; x_wconf 85' lang='grc'><strong>⁸⁸</strong></span> <span class='ocrx_word' id='word_1_867' title='bbox 565 2849 631 2879; x_wconf 91' lang='lat' dir='ltr'><strong>Luc.</strong></span> <span class='ocrx_word' id='word_1_868' title='bbox 650 2859 718 2885; x_wconf 89' lang='lat' dir='ltr'><strong>xm,</strong></span> <span class='ocrx_word' id='word_1_869' title='bbox 735 2851 764 2881; x_wconf 88' lang='lat'><em>6.</em></span> <span class='ocrx_word' id='word_1_870' title='bbox 802 2852 824 2868; x_wconf 88' lang='lat'><strong>&quot;</strong></span> <span class='ocrx_word' id='word_1_871' title='bbox 842 2853 907 2882; x_wconf 90' lang='lat' dir='ltr'><strong>ibid.</strong></span> <span class='ocrx_word' id='word_1_872' title='bbox 923 2847 952 2887; x_wconf 73' lang='grc'><strong>’7,</strong></span> <span class='ocrx_word' id='word_1_873' title='bbox 969 2853 996 2882; x_wconf 83' lang='grc'><strong>8.</strong></span> 
     </span>
    </p>
   </div>
   <div class='ocr_carea' id='block_1_117' title="bbox 164 2892 503 2928">
    <p class='ocr_par' dir='ltr' id='par_1_117' title="bbox 164 2892 503 2928">
     <span class='ocr_line' id='line_1_117' title="bbox 164 2892 503 2928; baseline 0.009 -10"><span class='ocrx_word' id='word_1_874' title='bbox 164 2893 230 2928; x_wconf 76' lang='grc'><strong>(81⁸)</strong></span> <span class='ocrx_word' id='word_1_875' title='bbox 248 2892 363 2926; x_wconf 80' lang='grc' dir='ltr'>ἀναξίως</span> <span class='ocrx_word' id='word_1_876' title='bbox 374 2892 503 2928; x_wconf 82' lang='grc' dir='ltr'>βιοῦνται.</span> 
     </span>
    </p>
   </div>
  </div>
