1940 3068
207 176 261 205 7‘23

815 174 843 202 S.
865 174 1095 203 ATHANASIUS.
1115 190 1150 196 —
1169 174 1305 203 SPURIA.

1777 177 1832 205 724

207 241 270 269 quae
297 236 362 261 sunt
385 231 504 259 hominis
520 235 578 259 tres
598 232 681 259 variat
699 235 804 264 aetates,
830 235 925 267 utpote
946 233 993 268 qui

1055 231 1166 268 Ιρώπου,
1180 232 1197 267 ἢ
1212 232 1250 264 ὡς
1273 231 1366 259 παιδία
1377 253 1384 265 ,
1407 233 1552 269 νεώτεροι,
1579 235 1625 261 καὶ
1642 235 1831 272 πρεσϐύτεροι.

208 279 286 314 pueri
308 279 437 314 primum,
463 277 562 305 deinde
587 278 712 312 juvenes,
735 282 873 313 postremo
899 286 994 307 sumus

208 333 298 354 senes.
315 325 392 352 Multi
407 324 480 352 enim
505 324 533 351 in
557 324 617 360 ipsa
637 327 778 352 senectute
797 324 906 352 demum
923 325 993 352 resi-

209 380 303 408 puere.
320 371 367 408 qui
382 379 432 406 per
444 371 603 398 alIlictiones
622 360 700 404 fossl,
724 374 752 398 et
762 378 811 406 per
830 371 994 398 tentationes

1048 277 1145 304 Πολλοὶ
1164 276 1228 312 γὰρ,
1254 278 1282 304 ὲν
1304 277 1379 314 αὑτῷ
1400 279 1438 314 τῷ
1453 279 1527 315 γήρᾳ
1548 281 1771 316 μετανοήσαντες,
1789 281 1835 309 διὰ

1047 323 1163 358 θλίψεων
1181 332 1212 350 τε
1237 323 1396 358 σκαφέντες,
1414 325 1461 351 καὶ
1483 325 1527 352 διὰ
1543 326 1702 361 πειρασμῶν
1720 327 1835 363 δεξάμε-

1046 377 1086 396 νοι
1103 369 1214 405 κόπρια,
1230 369 1279 405 τὴν
1293 370 1391 406 ἀρετὴν
1400 371 1638 407 ἒκαρποφόρησαν.

209 422 317 453 recepto
342 421 473 449 stercore,
492 417 611 444 fructum
622 425 714 450 suum,
735 417 863 444 virtutem
880 417 995 448 scilicet,
1015 416 1165 450 protulere.

243 475 356 502 Cum.”
379 473 515 502 XXXV".
540 474 630 507 Quare
657 475 781 502 Ecclesia
809 477 924 501 vocatur
949 473 997 501 Ec-

209 521 303 554 clesia,
317 524 344 549 et
356 529 441 557 quare
458 521 560 548 dicitur
577 521 734 548 catholica?

248 579 328 608 Bcsr.
351 579 473 607 Ecclesia
493 579 602 615 quidem
624 579 736 611 dicitur,
761 583 902 614 propterea
921 579 995 614 quod

208 630 360 652 evocantur
376 632 487 658 omnes;
508 625 644 652 catholica
671 633 745 658 vero,
764 629 908 660 propterea
921 625 994 662 quod

208 676 257 704 per
268 673 355 697 totum
371 669 503 697 mundum
521 671 620 699 dilTusa
633 671 678 698 sit.

249 725 362 758 Quazsr.
378 725 522 758 XXXVIII.
546 726 623 754 Unde
637 727 739 754 dicitur
755 727 885 754 haeresis?

245 784 327 812 lisse.
354 785 396 812 Ab
415 792 448 812 eo
460 785 531 820 quod
545 785 607 820 quis
621 784 702 820 eligat
715 789 742 812 et
759 789 925 820 exsequatur
937 792 996 812 sen-

209 831 323 858 tentiam
339 838 417 858 suam
432 831 583 865 propriam.

244 875 409 904 Pnorosrrio
429 875 550 904 XXXIX.
575 886 584 902 ι
599 877 680 905 Orate
704 885 739 905 ne
759 876 822 912 fuga
843 881 933 905 vestra
949 877 994 904 [lat

209 922 237 949 in
253 922 353 955 hieme,
369 921 412 949 vel
425 922 453 949 in
468 923 581 950 sabbato
591 923 626 950 ".
642 933 652 950 ι

245 969 420 998 Ειιιιιολτιο.
443 969 597 998 Notandum
613 971 686 1006 quod
711 971 825 999 hiemem
844 971 916 999 Deus
938 979 994 998 non

209 1016 316 1044 fecerit.
337 1016 475 1052 Scriptum
498 1022 540 1045 est
561 1018 654 1045 enim:
671 1028 679 1043 ι
694 1017 827 1046 Estateni
850 1022 877 1044 et
898 1026 945 1045 ver
965 1023 994 1045 tu

209 1061 352 1096 plasmasti
365 1070 396 1090 ea
407 1063 441 1090 ".
460 1072 469 1088 ι
487 1061 591 1097 Fugere
604 1071 668 1090 vero
679 1063 745 1090 dicit
763 1071 824 1091 cum
843 1063 932 1090 anima
948 1071 993 1090 se-

208 1111 323 1141 paratur
345 1117 361 1134 a
380 1116 506 1143 corpore.
524 1107 646 1136 Hiemem
670 1113 760 1135 autem
775 1113 887 1144 peccata
903 1113 992 1140 vocat,

207 1156 236 1180 et
251 1151 400 1180 Sabbatum
424 1154 577 1188 incuriam;
597 1162 637 1181 va}
659 1158 750 1182 autem
769 1155 866 1182 anima:
887 1155 914 1182 in
929 1163 993 1190 pec-

209 1202 282 1231 cato,
296 1199 423 1226 socordia
439 1203 467 1226 et
482 1199 647 1234 negligentia
661 1201 825 1227 constitutae.

244 1243 312 1270 At.“
330 1252 486 1272 rnorosmo
499 1244 554 1272 XL.
578 1254 588 1271 ι
604 1244 750 1280 Lapidem,
769 1253 848 1280 quem
864 1246 995 1281 reproba-

209 1294 275 1316 runt
289 1289 456 1318 aediﬁcantes
464 1290 497 1317 ‘°.
515 1301 524 1316 ι

245 1333 423 1362 Exrucnlo.
447 1335 530 1370 Lapis
551 1335 596 1363 ille
612 1335 738 1364 Christus
753 1341 807 1367 est,
822 1344 903 1371 quem
919 1337 994 1364 Scri-

209 1380 261 1413 bat,
278 1379 408 1408 Pharisaei
426 1385 454 1408 et
479 1381 603 1409 seniores
624 1381 731 1409 Judaici
750 1382 841 1418 populi
864 1383 994 1417 reproba-

210 1430 285 1459 runt,
306 1431 333 1454 et
345 1427 433 1454 factus
449 1431 492 1454 est
514 1432 595 1462 caput
614 1427 742 1456 Ecclesia:
767 1428 898 1463 gentium.
916 1428 993 1461 Quod

209 1475 322 1507 propter
339 1472 467 1500 unionem
488 1476 514 1500 et
529 1480 693 1500 consensum
713 1473 786 1505 ﬁdei,
807 1473 853 1508 qui
865 1476 907 1500 est
923 1473 993 1500 inter

208 1522 316 1553 gentes,
336 1519 449 1547 dicitur.
465 1518 534 1552 Quia
558 1527 675 1554 namque
697 1519 799 1555 posteri
819 1527 881 1546 cum
905 1519 994 1554 genti-

209 1565 287 1595 lium.
307 1568 364 1592 tum
387 1565 470 1591 etiam
491 1563 647 1592 Iudaeorum
667 1564 842 1592 crediderunt
863 1565 890 1592 in
912 1564 993 1592 Chri-

209 1615 295 1643 stum,
310 1610 405 1646 anguli
419 1610 629 1638 similitudinem
644 1610 728 1638 refert
745 1611 884 1644 Christus,
903 1611 950 1646 qui
963 1611 996 1638 il-

209 1657 299 1685 lorum
314 1661 439 1692 posteros
449 1657 588 1692 copulavit
600 1657 627 1684 in
640 1657 702 1685 ﬁde.
717 1656 822 1685 Dicitur
833 1665 898 1685 vero
913 1658 994 1685 etiam

208 1703 263 1731 alio
272 1703 354 1731 modo
361 1703 487 1731 Christus
498 1703 567 1738 lapis
578 1703 726 1737 angularis.
738 1702 877 1738 Siquidem
885 1703 995 1738 quando

209 1750 379 1778 construitur
402 1750 500 1778 domus
519 1751 621 1786 aliqua,
646 1754 751 1785 ponunt
773 1750 940 1777 aediﬁcantes
966 1750 994 1777 in

210 1797 311 1831 angulo
323 1797 394 1823 muri
410 1796 527 1831 lapidem
539 1797 656 1832 aliquem
670 1803 806 1823 summum
825 1796 992 1831 angularem,

210 1841 257 1878 qui
279 1842 408 1876 angulum
432 1841 460 1868 in
483 1841 640 1869 summitate
658 1840 806 1868 contineat.
833 1840 908 1867 Talis
930 1848 995 1868 vero

211 1888 280 1922 lapis
298 1887 325 1914 in
339 1895 447 1915 summo
463 1888 523 1915 loco
541 1888 612 1914 muri
629 1887 804 1918 constitutus,
821 1893 873 1913 una
886 1885 995 1920 copulat

210 1936 239 1960 et
256 1933 378 1961 continet
398 1933 467 1961 duos
483 1933 612 1969 parietes.
632 1932 689 1960 Hoc
714 1932 796 1967 igitur
819 1931 899 1959 modo
914 1931 994 1959 Chri-

211 1985 272 2009 stus
291 1987 400 2015 quoque
415 1988 540 2007 summus
557 1980 626 2015 lapis
649 1977 789 2014 angularis
802 1978 913 2010 dicitur,
931 1979 995 2014 quia

212 2027 239 2053 in
267 2033 351 2055 unum
373 2025 483 2060 copulat
510 2025 580 2053 duos
602 2026 672 2053 istos
692 2025 994 2060 populosﬂudaeorum

212 2071 338 2099 videlicet
350 2074 378 2098 et
393 2071 534 2106 gentilium
551 2071 691 2106 populum,
711 2075 792 2107 atque
805 2079 864 2099 eam
876 2073 911 2100 ob
927 2080 994 2100 cau-

212 2124 272 2145 sam
287 2116 427 2152 angularis
442 2116 510 2150 lapis
525 2116 615 2144 dictus
629 2121 680 2144 est.

245 2204 356 2239 Qunsr.
373 2204 443 2238 Quid
458 2209 500 2234 est
514 2208 587 2240 quod
604 2204 674 2232 dixit
689 2204 814 2248 Christus
825 2205 959 2234 Petro...?

1083 473 1217 510 Κυρίλλου
1231 474 1280 506 λζ’.
1294 473 1343 500 Διὰ
1354 475 1407 509 τίή
1425 475 1571 510 Ἐκκλησία
1581 475 1702 502 καλεῖται
1719 475 1836 511 Ἐκκλη-

1049 519 1104 552 σία,
1121 521 1167 547 καὶ
1183 520 1228 547 διὰ
1242 521 1268 547 τι
1279 521 1428 556 mecum];
1766 528 1770 533 '

1090 578 1184 606 Ἀπόκ.
1217 578 1364 613 Ἐκκλησία
1385 579 1444 613 μὲν,
1457 578 1501 605 διὰ.
1526 579 1558 605 τὸ
1582 579 1686 610 πάντας
1708 579 1835 606 ἐκκαλεῖ-

1049 625 1128 651 σθαι·
1153 624 1284 662 καθολικῂ
1298 625 1337 657 δὲ,
1352 625 1420 652 διότι
1435 624 1551 652 καθόλου
1566 625 1612 652 τοῦ
1635 625 1737 662 κόσμου
1754 634 1836 660 κεχυ-

1049 670 1116 705 μένη
1130 670 1257 706 ὑπάρχει.

1088 727 1238 763 Ἐρώτησις
1254 728 1306 763 λη’.
1322 727 1408 754 Πόθεν
1421 727 1530 762 λέγεται
1543 728 1662 763 αἴρεσις;

1086 785 1180 811 Ἀπόκ.
1205 785 1271 811 Ἀπὸ
1286 784 1334 811 τοῦ
1349 784 1486 820 αἱρεῖσθαί
1496 793 1522 811 τι
1537 784 1602 811 ῐδιον
1618 784 1665 811 καὶ
1690 784 1768 811 τοῦτο
1791 784 1835 817 ἐξ·

1045 830 1211 858 ακολουθεῖν.

1080 876 1216 912 Κείμενον
1234 877 1282 904 λθι.
1309 887 1318 903 ‹
1335 877 1465 912 Εὗχεσθε,
1487 878 1529 904 ἵνα
1545 876 1582 913 μὴ
1603 885 1714 912 γενηται
1728 877 1745 912 ἡ
1760 876 1834 912 φυγὴ

1045 923 1120 960 ὑμῶν
1133 924 1161 950 ὲν
1172 923 1295 959 χειμῶνι,
1307 924 1324 959 ἢ
1336 925 1364 950 ὲν
1380 923 1516 958 σαϐϐάτῳ.
1532 933 1541 949 ι

1087 970 1244 1005 Ἐρμηνεία.
1269 970 1452 1005 Σημειωτέον,
1471 970 1512 996 ὅτι
1534 970 1548 996 6
1561 968 1627 1000 Θεὸς
1650 968 1770 1004 χειμῶνα
1783 968 1833 995 οὐκ

1045 1016 1167 1052 ἐποίησε.
1184 1016 1339 1051 Γέγραπται
1357 1016 1426 1051 γάρ·
1449 1025 1457 1041 ι
1474 1015 1558 1050 Θέρος
1576 1016 1624 1042 καὶ
1637 1015 1686 1052 ἔαρ
1702 1016 1733 1042 σὺ
1754 1015 1833 1042 ἐπλα-

1046 1071 1095 1094 σας
1108 1062 1189 1089 αὑτά.
1202 1072 1212 1088 ι
1238 1063 1335 1097 Φυγεῖν
1354 1062 1383 1089 δὲ
1397 1061 1482 1096 λέγει,
1504 1062 1603 1088 όπόταν
1616 1063 1632 1097 ἡ
1654 1061 1726 1097 ψυχὴ
1740 1063 1771 1088 ὲκ
1786 1061 1832 1089 τοῦ

1047 1107 1173 1144 σώματος
1188 1108 1344 1144 χωρίζεται.
1366 1108 1495 1143 Χειμῶνα
1512 1108 1540 1134 δὲ
1560 1107 1610 1140 τὰς
1628 1107 1764 1143 ἁμαρτίας
1784 1117 1833 1134 κα-

1045 1153 1102 1180 λεῖ·
1130 1153 1264 1181 σάϐϐατον
1290 1153 1318 1180 δὲ
1342 1154 1391 1189 τὴν
1416 1153 1557 1188 ἀμέλειαν·
1583 1153 1629 1180 καὶ
1645 1153 1705 1180 οὐαὶ
1728 1153 1779 1189 τὴν
1803 1153 1833 1180 ἐν

1046 1200 1168 1236 ἁμαρτίᾳ
1181 1200 1228 1226 καὶ
1240 1199 1343 1234 ἀθυμίᾳ.
1360 1200 1406 1225 καὶ
1423 1199 1536 1234 ἀμελείᾳ
1547 1198 1646 1234 ψυχήν.

1082 1246 1194 1280 Ἕτερον
1215 1245 1340 1280 κείμενον
1358 1247 1395 1280 μ’.
1417 1254 1426 1270 ε
1444 1244 1524 1271 Λίθον
1545 1244 1574 1271 ὃν
1590 1239 1794 1279 ἀπεδοκίμασαν
1806 1244 1831 1270 oi

1045 1290 1257 1326 οἰκοδομοῦντες.
1276 1301 1285 1316 ι

1088 1337 1246 1373 Ἐρμηνεία.
1262 1337 1342 1369 Λίθος
1356 1339 1370 1364 6
1386 1337 1514 1372 Χριστὸς,
1535 1338 1609 1370 ὅστις
1626 1338 1830 1374 ἀπεδοκιμάσθη

1047 1382 1100 1408 ὑπὸ
1121 1382 1174 1409 τῶν
1199 1382 1386 1417 γραμματέων
1409 1383 1456 1409 καὶ
1471 1383 1625 1421 Φαρισαίων
1646 1384 1692 1410 καὶ
1713 1383 1832 1419 πρεσϐυ-

1047 1427 1132 1463 τέρων
1146 1427 1193 1454 τοῦ
1207 1427 1272 1454 λαοῦ
1287 1428 1341 1454 τῶν
1362 1427 1504 1459 Ἰουδαίων,
1532 1429 1579 1455 καὶ
1600 1429 1708 1462 ἐγένετο
1727 1429 1830 1464 κεφαλὴ

1046 1472 1095 1507 τῆς
1113 1472 1274 1507 Ἐκκλησίας
1284 1472 1338 1500 τῶν
1350 1472 1443 1499 ὲθνῶν.
1460 1474 1492 1500 Ὃ
1502 1473 1610 1507 λέγεται
1620 1473 1663 1500 διὰ
1675 1473 1705 1500 τὸ
1717 1482 1832 1510 συγκρα-

1046 1520 1102 1544 τεῖν
1116 1519 1144 1545 ὲν
1158 1519 1191 1554 τῇ
1208 1518 1297 1545 πίστει
1309 1519 1349 1550 εἰς
1361 1519 1424 1553 μίαν
1438 1519 1564 1554 ὁμόνοιαν
1577 1519 1611 1546 τὰ
1627 1519 1701 1554 ἔθνη.
1723 1520 1830 1556 Ἐπειδὴ

1009 1580 1029 1610 C
1047 1564 1101 1601 γὰρ
1112 1565 1146 1591 τὰ
1156 1565 1275 1599 ἀπόγονα
1289 1565 1342 1591 τῶν
1359 1565 1491 1600 Ἐλλήνων
1508 1565 1620 1592 καὶτῶν
1640 1566 1772 1593 Ἰουδαίων
1787 1575 1831 1593 πε-

1048 1610 1208 1637 πιστεύκασι
1223 1610 1262 1646 τῷ
1280 1610 1400 1646 Χριστῷ,
1419 1610 1559 1637 διὰ.τοῦτο
1573 1611 1660 1647 γωνίᾳ
1677 1611 1830 1647 ἀπεικάσθη

1046 1658 1093 1684 καὶ
1109 1659 1123 1684 6
1139 1657 1265 1693 Χριστὸς,
1286 1657 1327 1683 ὅτι
1346 1658 1409 1688 τοὺς
1429 1657 1524 1692 γόνους
1539 1657 1652 1684 ἐκείνων
1672 1658 1789 1694 συνῆψεν
1802 1659 1831 1684 ὲν

1044 1705 1077 1739 τῇ
1096 1703 1194 1730 πίστει.
1210 1703 1326 1738 Λέγεται
1339 1704 1368 1730 δὲ
1385 1705 1430 1730 καὶ
1447 1703 1518 1730 κατὰ
1532 1704 1611 1731 ἄλλον
1627 1704 1688 1730 τινὰ
1703 1705 1803 1740 τρόπον
1817 1705 1832 1731 ὁ

1045 1749 1161 1785 Χριστὸς
1179 1741 1252 1780 λίθος
1279 1749 1492 1784 ἁκρογωνιαίος,
1512 1750 1623 1785 ἐπειδὴ,
1645 1750 1689 1776 ὅτε
1710 1750 1830 1781 κτίζεται

1044 1795 1127 1826 οίκία,
1141 1794 1331 1830 προστιθέασιν
1341 1796 1365 1821 οἱ
1382 1795 1585 1830 οἰκοδομοῦντες
1596 1797 1624 1822 ὲν
1637 1797 1670 1830 τῇ
1686 1796 1772 1832 γωνίᾳ
1784 1796 1830 1822 τοῦ

1044 1841 1150 1876 τοίχους
1166 1840 1238 1867 λίθον
1252 1841 1459 1877 ἀκρογωνιαῖον,
1480 1842 1539 1877 ἦτοι
1553 1842 1599 1869 τὸν
1617 1841 1713 1877 ἔχοντα
1730 1842 1831 1876 γωνίαν

1045 1887 1074 1913 ὲν
1087 1887 1120 1922 τῇ
1135 1885 1208 1922 ἄκρᾳ
1224 1886 1316 1914 αὑτοῦ,
1335 1887 1429 1913 Πεσὼν
1449 1887 1477 1914 δὲ
1501 1889 1515 1914 6
1535 1887 1654 1919 τοιοῦτος
1671 1889 1699 1915 ὲν
1712 1889 1744 1924 τῇ
1760 1888 1832 1924 ἄκρᾳ

1045 1931 1091 1959 τοῦ
1110 1932 1226 1967 τοίχους,
1242 1933 1371 1959 συνάπτει
1384 1934 1430 1960 καὶ
1448 1935 1543 1968 κρατεῖ
1556 1934 1591 1960 τὰ
1605 1934 1651 1960 δύο
1660 1934 1735 1969 τοίχη
1753 1935 1781 1960 ἑν
1793 1933 1831 1968 τῷ

1046 1979 1113 2013 ἅμα.
1130 1978 1208 2005 Κατὰ
1221 1976 1267 2005 οὖν
1285 1978 1405 2006 τοιοῦτον
1422 1978 1523 2014 τρόπον
1539 1978 1647 2013 λέγεται
1667 1978 1714 2006 καὶ
1737 1980 1751 2004 ὁ
1769 1979 1831 2014 Χρι-

1046 2016 1107 2055 στὸς
1121 2024 1192 2056 λίθος
1205 2015 1411 2059 ἀκρογωνιαίος,
1427 2025 1469 2051 ὅτι
1489 2024 1590 2060 συνῆψε
1612 2025 1674 2056 τοὺς
1692 2024 1738 2051 δύο
1752 2023 1830 2056 λαοὺς

1045 2070 1073 2095 ὲν
1088 2068 1127 2104 τῷ
1144 2069 1212 2104 ἅμα,
1233 2069 1278 2095 τὸν
1295 2077 1325 2095 τε
1345 2069 1408 2096 λαὸν
1428 2069 1482 2096 τῶν
1514 2069 1648 2096 Ἰουδαίων
1669 2069 1715 2096 καὶ
1737 2069 1783 2095 τὸν
1802 2069 1832 2101 ἐξ

1045 2115 1148 2142 ὲθνῶν⁸
1177 2115 1224 2142 καὶ
1247 2114 1292 2142 διὰ
1316 2114 1395 2142 τοῦτο
1419 2115 1492 2147 λίθος
1514 2116 1709 2151 ἁκρογωνιαῖος
1725 2114 1832 2150 ὠνόμα-

1047 2169 1116 2186 σται.

1086 2206 1181 2242 Ἐρώτ.
1202 2207 1234 2233 Τί
1246 2207 1319 2234 ἐστιν
1336 2206 1350 2233 ὃ
1362 2207 1472 2242 εἴρηκεν
1483 2208 1496 2234 ὁ
1506 2207 1621 2242 Χριστὸς
1634 2207 1672 2242 τῷ
1683 2206 1809 2242 Πέτρῳ...
1821 2214 1829 2237 ;

862 2275 914 2302 llic
930 2275 1023 2303 desunt
1037 2275 1168 2310 quedam.

209 2344 308 2376 turbat,
323 2347 351 2371 et
366 2347 490 2371 tenentes
505 2343 646 2371 Christum
661 2344 689 2371 in
705 2345 795 2371 meoio
813 2344 868 2376 sui,
883 2344 993 2379 incipie-

1055 2345 1155 2376 τοῦντες
1169 2345 1194 2370 οἰ
1210 2344 1294 2379 ὄχλοι,
1316 2344 1362 2370 καὶ
1380 2344 1461 2379 μέσον
1478 2343 1567 2370 αὐτῶν
1585 2344 1691 2379 ἔχοντες
1703 2344 1747 2370 τὸν
1764 2345 1830 2380 Χρι-

209 2390 275 2418 bant
288 2390 405 2417 latenter
415 2397 430 2416 a
445 2394 521 2425 tergo
532 2390 592 2424 ejus
608 2390 702 2426 aliqui,
719 2395 746 2418 et
757 2391 901 2425 pulsabant
919 2399 992 2425 eum,

209 2440 257 2462 aut
283 2436 488 2471 interrogabant
502 2444 574 2468 eum.
598 2437 642 2464 alii
665 2437 877 2464 tentanteszDic
901 2437 991 2470 nobis,

209 2489 300 2509 nonne
309 2482 408 2516 aliquis
415 2482 448 2510 de
457 2482 558 2517 populo
567 2483 636 2509 clam
646 2486 672 2509 te
682 2483 817 2516 percussit
825 2483 867 2510 ?et
878 2483 901 2510 si
909 2483 992 2515 nosti,

209 2527 378 2563 prophetiza,
391 2531 418 2555 et
430 2528 556 2563 loquere:
569 2533 690 2555 monstra
703 2528 783 2556 nobis
794 2537 854 2556 eum
865 2537 897 2556 ex
913 2529 992 2556 turba

209 2574 255 2608 qui
278 2577 306 2602 te
325 2574 488 2605 verberavit,
513 2578 540 2602 et
559 2582 759 2610 cognoscemus
787 2575 914 2610 quoniam
931 2583 994 2610 pro-

209 2618 290 2653 pheta
302 2625 332 2646 es
348 2623 386 2645 tu.

243 2665 324 2700 263
340 2665 451 2698 Quassr.
474 2664 542 2693 XLI.
559 2665 693 2698 Quidnam
709 2669 752 2693 est
767 2665 834 2693 illud
851 2675 858 2693 :
878 2676 887 2692 ι
907 2665 938 2692 Et
952 2666 994 2692 in-

208 2711 309 2738 clinato
332 2712 419 2746 capite
435 2711 546 2738 tradidit
570 2712 695 2746 spiritum
709 2712 754 2738 “Et
769 2722 778 2738 ι
808 2711 874 2738 Nam
899 2720 993 2740 omnes

209 2756 376 2788 moribundi,
387 2757 543 2784 moriuntur
553 2757 680 2792 primum,
692 2762 719 2785 et
727 2762 782 2785 tum
794 2758 903 2785 demum
916 2758 993 2784 incli-

209 2805 275 2829 nant
285 2802 384 2837 capita.
560 2804 563 2805 ⁷

245 2881 268 2907 t'
289 2881 382 2917 Matth.
401 2889 474 2915 xxxv,
493 2882 537 2909 20.
578 2883 600 2899 ”
620 2882 693 2911 Psal.
711 2890 812 2916 uxul,
832 2883 874 2909 Π.
915 2882 936 2898 ⁸ο
956 2881 1026 2909 Psal.
1045 2889 1132 2913 cxrn,
1150 2881 1194 2908 22.

1047 2391 1107 2417 στὸν
1134 2391 1248 2426 ἡρχοντο
1277 2389 1407 2425 κρυπτῶς
1435 2390 1547 2417 ὄπισθεν
1572 2390 1655 2416 αὑτοῦ
1675 2399 1758 2422 τινες,
1784 2391 1830 2417 καὶ

1045 2437 1157 2473 ἐκρουον
1173 2437 1264 2470 αὑτὸν,
1284 2437 1300 2472 ἦ
1320 2436 1435 2474 ἠρώτων
1449 2437 1528 2463 αὐτὸν
1545 2437 1618 2463 ἄλλοι
1628 2436 1829 2472 δοκιμάζοντες,

1046 2483 1113 2509 Εἰπὲ
1128 2483 1205 2518 ἡμῖν,
1220 2480 1274 2517 ἄρα
1289 2481 1330 2513 τίς
1347 2481 1427 2517 ἔτυψέ
1447 2490 1476 2508 σε
1491 2483 1522 2508 ὲκ
1542 2481 1587 2507 τοῦ
1611 2481 1675 2508 λαοῦ
1691 2482 1828 2517 κρυφίωςς

1047 2528 1093 2555 καὶ
1109 2523 1157 2554 ἐὰν
1176 2525 1259 2560 οἶδας,
1282 2527 1471 2563 προφήτευσον
1495 2527 1542 2553 καὶ
1561 2527 1637 2553 εἰπέ·
1658 2527 1743 2560 δεῖξον
1765 2528 1830 2563 ἡμῖν

1046 2574 1078 2600 ὲκ
1095 2574 1141 2600 τοῦ
1163 2573 1241 2609 ὅχλου
1261 2573 1306 2599 τὸν
1322 2572 1444 2607 τύψαντά
1462 2581 1508 2605 σε,
1530 2573 1577 2599 κα)⁸
1598 2573 1767 2612 γνωσόμεθα,
1790 2574 1829 2600 ὃτι

1046 2621 1189 2655 προφήτης
1204 2617 1229 2646 εἴ
1245 2619 1288 2646 σύ.

1088 2665 1184 2700 Ἐρὼτ.
1203 2665 1258 2700 μα’.
1286 2665 1319 2692 Τί
1343 2667 1417 2692 ἐστι·
1433 2674 1442 2689 ι
1457 2665 1511 2691 Καὶ
1528 2664 1620 2697 κλίνας
1638 2665 1687 2700 τὴν
1711 2664 1830 2701 κεραλὴν

1046 2712 1190 2749 παρέδωκε
1203 2712 1233 2738 τὺ
1250 2712 1375 2747 mam-ipa;
1392 2722 1400 2738 ι
1417 2712 1471 2738 Καὶ
1485 2710 1538 2747 γὰρ
1552 2711 1651 2743 πάντες
1662 2713 1685 2738 οί
1702 2712 1831 2747 θνήσκον-

1045 2766 1091 2790 τες
1108 2757 1216 2794 πρῶτον
1236 2757 1391 2791 τελευτῶσι,
1407 2757 1454 2784 καὶ
1474 2757 1545 2784 οὕτω
1565 2756 1613 2789 τὰς
1628 2758 1731 2784 ἑαυτῶν
1745 2765 1830 2793 κεφα-

1046 2804 1095 2836 λὰς
1112 2803 1255 2831 κλίνωσιν.

1236 2882 1255 2896 “
1278 2881 1354 2911 Joan.
1373 2890 1433 2914 xix,
1453 2882 1495 2912 50.
