1940 3068
129 165 183 195 725

173 225 268 252 Ἀπόκ.
287 225 394 261 Ἐπειδὴ
411 217 501 253 πάντα
519 217 641 253 ἐτέλεσεν
657 227 672 252 ὁ
694 226 796 262 Κύριος
818 226 852 252 τὰ
872 233 916 260 γε-

130 271 288 307 γραμμένα,
299 271 351 307 τὴν
370 272 519 307 σάρκωσιν,
538 272 588 308 τὴν
605 272 741 308 γέννησιν,
754 272 803 307 τὴν
819 272 914 306 βάπτι-

132 324 186 347 σιν,
202 316 252 351 τὴν
263 316 317 342 τῶν
333 317 453 352 σημείων
468 317 607 350 ἐπίδειξιν,
619 319 668 353 τῆς
682 318 855 349 διδασκαλίας
866 318 914 352 τὴν

131 362 283 398 ἐνέργειαν,
297 362 351 389 τῶν
365 363 492 399 μαθητῶν
502 364 551 400 τὴν
561 364 704 396 οίκείωσιν,
714 363 746 390 τά
759 363 915 399 ἀνθρώπινα

131 407 231 440 πάντα,
245 407 276 434 τὸ
291 408 386 440 πάθος,
405 409 455 444 τὴν
472 410 634 446 σταύρωσιν,
649 411 713 442 τοὺς
728 410 912 445 ὲμπαιγμοὺς,

129 453 180 486 τὰς
195 454 311 489 τρώσεις
330 454 384 481 τῶν
405 455 494 490 ἥλων,
510 456 580 491 μετὰ
595 456 626 483 τὺ
651 455 792 491 πληρῶσαι
816 456 912 487 ταῦτα,

131 499 203 534 ἅπερ
224 499 278 526 ἔδει
300 501 410 528 παθεῖν·
438 501 561 528 ἐλείπετο
578 502 657 537 μόνον
680 503 694 528 ὁ
715 502 837 533 θάνατος.
859 502 914 528 Καὶ

131 544 298 580 φοόοὑμενος
313 546 362 572 οὐκ
375 546 478 582 ὲτόλμα
488 547 667 582 προσεγγίσαι
679 547 753 582 αὑτῷ
762 556 768 562 ·
781 547 826 573 διὰ
836 547 914 573 τοῦτο

130 590 236 617 ἔκλινεν
251 592 265 618 ὁ
276 592 392 628 Χριστὸς
402 592 451 628 τὴν
464 593 594 629 κεφαλὴν,
612 593 720 629 κράζων
736 593 826 621 αὐτόν.
844 593 914 625 Ἕως

131 637 187 672 γάρ
203 637 240 673 μὴ
254 637 342 665 ἑκλινε
356 639 407 674 τὴν
421 639 550 673 κεφαλὴν,
563 640 613 666 οὐκ
624 640 723 674 ἐτόλμα
735 640 914 676 προσεγγίσαι

131 682 215 718 αὐτῷ.
231 683 281 710 Διὰ
297 684 374 711 τοῦτό
389 693 470 719 φησιν
481 686 494 711 ὁ
510 686 719 721 εὐαγγελιστής’
732 694 742 711 ι
754 686 809 712 Καὶ
823 686 915 717 κλίνας

130 729 181 764 τὴν
196 724 315 765 κεφαλὴν
327 731 465 766 παρέδωκε
477 731 507 758 τὸ
520 731 638 766 πνεῦμα.
651 740 660 757 ι

173 774 268 810 Ἑρώτ.
292 775 346 810 μβν.
372 776 449 808 Τίνος
474 777 553 812 χάριν
573 776 743 813 ἐκραύγασεν
762 778 776 804 6
799 776 915 813 Χριστός

130 821 177 847 ἐπὶ
193 821 241 848 τοῦ
257 822 374 858 σταυροῦ
388 824 462 858 φωνῇ
480 824 600 861 μεγάλης

173 867 269 895 Ἀπόκ.
285 869 344 895 Ἵνα
364 869 437 906 δείξῃ
454 869 503 905 τὴν
523 869 638 905 δύναμιν
652 870 745 903 αὐτοῦ,
768 871 813 897 καὶ
833 871 916 904 ἐκφο-

131 912 204 949 6ήσῃ
217 913 279 944 τοὺς
294 914 446 946 Ἰουδαίους,
461 915 585 950 καὶπρὸς
598 916 688 942 πίστιν
704 916 849 953 εἰσαγάγῃ.
863 915 916 942 Καὶ

130 958 186 993 γὰρ
202 959 219 993 ἡ
236 958 311 994 φωνὴ
324 959 392 994 αὕτη
409 960 458 991 τὰς
473 959 575 995 πέτρας
592 960 719 996 διέσχισε,
731 962 778 988 καὶ
792 962 822 988 τὸ
835 971 918 989 κατα-

132 1003 264 1038 πέτασμα
282 1004 329 1031 τοῦ
346 1004 410 1031 ναοῦ
435 1005 480 1031 καὶ
499 1005 609 1041 ἔρρηξε,
629 1007 678 1042 τὴν
694 1007 746 1042 γῆν
763 1016 793 1033 τε
817 1007 916 1040 ἔσεισε,

133 1049 180 1076 καὶ
199 1049 234 1076 τὰ
249 1051 367 1085 μνημεῖα
382 1050 492 1086 ἀνέῳξε.
513 1051 565 1077 Καὶ
579 1051 637 1078 οὐδὲ
650 1051 737 1084 οὕτως
756 1053 874 1088 συνῆκαν
892 1053 917 1080 οί

130 1094 291 1130 ἀγνώμονες
311 1096 443 1124 Ἰουδαῖοι.

174 1140 270 1176 Ἐρώτ.
289 1145 343 1176 μγ¹.
371 1142 433 1173 Πῶς
453 1140 522 1168 εἶδεν
535 1143 551 1178 ἡ
565 1143 657 1178 Μαρία
676 1143 721 1170 τὸν
743 1144 854 1180 Κύριον,
870 1146 918 1172 καὶ

132 1187 201 1222 ποίῳ
215 1187 325 1222 τρόπῳ;
344 1188 398 1214 Καὶ
413 1189 466 1223 γὰρ
485 1189 577 1215 ἵστατο
595 1189 725 1217 κλαίουσα
741 1191 770 1217 ἐν
784 1191 823 1226 τῷ
850 1200 917 1227 μνη-

133 1233 203 1268 μείῳ
225 1233 378 1268 ἔμπροσθεν
393 1234 447 1261 τῶν
467 1234 589 1268 ἀγγέλων
614 1235 768 1271 σκυθρωπῷ
791 1236 830 1272 τῷ
846 1237 915 1272 ἤθει,

133 1278 181 1304 καὶ
201 1279 317 1313 κατηφεῖ
337 1280 370 1313 τῇ
392 1278 449 1314 θέᾳ,
466 1279 527 1310 Πῶς
541 1277 587 1306 οὖν
613 1278 682 1306 εἶδεν
705 1280 786 1308 αὑτὸν
807 1281 917 1309 ὄπισθεν

133 1323 218 1358 αὐτῆς
233 1324 433 1360 περιπατοῦντα
446 1325 492 1352 καὶ
508 1326 670 1361 ὲρχόμενον;

174 1370 268 1397 Ἀπόκ.
284 1371 360 1406 Ἔχει
374 1371 402 1398 δὲ
416 1371 511 1403 οὕτως,
532 1372 572 1398 ὃτι
593 1373 752 1406 ἐκαθέζοντο
768 1375 792 1400 οἱ
808 1374 918 1409 ἄγγελοι

130 1415 285 1452 ἔμπροσθεν
298 1417 393 1451 αὐτῆς,
402 1418 449 1444 καὶ
467 1417 578 1444 ἔϐλεπον
590 1418 635 1445 τὸν
647 1419 762 1454 Χριστὸν
773 1420 918 1456 ἐρχόμενον

130 1462 219 1488 ὀπίσω
231 1462 332 1497 αὐτῆςο
351 1463 440 1499 ἐκείνη
465 1463 494 1490 δὲ
510 1464 597 1491 ὀπίσω
617 1465 701 1500 αὐτῆς
727 1466 775 1501 οὐχ
791 1466 879 1502 ἐώρα·
894 1468 917 1493 οἱ

132 1508 160 1536 δὲ
175 1509 284 1543 ἄγγελοι
313 1509 487 1545 καθεζόμενοι
509 1510 663 1543 ἐξεναντίας
677 1512 761 1548 αὐτῆς
785 1512 917 1548 ἐθεώρουν

807 165 1036 202 ρυΑΕδτιοΝΕδ
1053 165 1084 192 IN
1103 165 1135 193 N.
1157 165 1190 191 Τ.

1695 160 1745 189 ’ῖὲϐ

931 227 952 255 Α
1001 223 1082 252 Resp.
1098 223 1230 257 Quoniam
1245 230 1340 250 omnes
1357 222 1512 257 Scriptura;
1523 221 1649 250 Christus
1661 222 1746 249 adim-

965 269 1094 305 pleverat,
1116 269 1341 301 incarnationem,
1365 269 1544 301 nativitatem,
1569 268 1746 303 baptismum,

965 315 1104 349 signorum
1143 315 1408 346 manifestationem,
1445 315 1582 342 efficacem
1617 314 1748 342 doctrinae

964 360 1192 396 praedicationem,
1212 361 1423 388 familiaritatem
1442 368 1504 388 cum
1526 361 1677 396 discipulis,
1697 362 1748 388 hu—

965 414 1044 433 mana
1055 406 1170 441 denique
1178 407 1278 438 omnia,
1289 406 1454 441 passionem,
1463 413 1584 438 crucem,
1596 406 1746 438 illusiones,

964 452 1075 479 vulnera
1091 453 1242 486 clavorum;
1257 452 1327 485 istis,
1348 452 1468 487 inquam,
1481 452 1606 480 omnibus
1620 452 1747 487 impletis.

964 505 1025 533 quae
1039 499 1093 533 pali
1107 498 1247 531 debuerat,
1259 499 1317 526 sola
1330 506 1404 526 mors
1415 498 1536 526 restabat
1550 497 1648 525 adhuc.
1661 498 1748 533 Atque

965 544 1021 571 haec
1037 544 1147 579 quidem
1161 544 1213 572 sibi
1234 548 1368 576 metuens,
1390 544 1608 579 appropinquare
1624 551 1679 571 non
1699 551 1749 570 au~

964 590 1055 624 debat,
1069 590 1130 618 ideo
1143 590 1270 618 Christus
1284 590 1416 618 inclinato
1429 590 1517 625 capite
1528 591 1636 617 vocavit
1647 590 1745 625 ipsam.

965 635 1032 664 Nam
1043 641 1188 672 antequam
1199 640 1281 672 caput
1293 636 1470 668 inclinasset,
1484 634 1625 664 verebatur
1636 636 1748 670 propius

966 682 1106 710 accedere.
1122 683 1194 715 Ideo,
1219 683 1307 718 inquit
1326 682 1492 718 evangelista
1507 692 1515 710 ε
1533 690 1542 707 ι
1560 681 1594 708 Et
1617 682 1748 709 inclinato

965 728 1054 762 capite
1069 728 1180 756 tradidit
1195 729 1332 763 spiritum.
1350 738 1358 755 ι

1001 772 1111 805 Qusr.
1127 772 1208 801 XLII.
1226 774 1315 806 Quare
1333 780 1431 809 magna
1447 780 1514 800 voce
1530 772 1657 800 clamavit
1669 772 1748 799 Chri-

967 823 1025 846 stus
1040 818 1067 845 in
1082 820 1184 846 cruce?

1001 864 1081 891 Ilzsr.
1099 865 1132 892 Ut
1142 872 1220 892 suam
1233 865 1383 894 declararet
1398 865 1557 900 potentiam,
1568 864 1676 892 Judmos
1688 872 1750 899 per-

968 908 1154 940 terrefaceret,
1172 914 1199 937 et
1216 910 1249 937 ad
1265 909 1344 937 ﬁdem
1358 910 1512 938 adduceret.
1530 908 1592 936 Haec
1608 909 1682 937 enim
1698 916 1749 936 vox

967 959 1058 990 petras
1071 955 1192 988 discidit.
1207 956 1296 984 velum
1312 956 1404 991 templi
1419 956 1547 990 disrupit,
1564 960 1665 983 terram
1687 963 1750 983 suc-

966 1000 1064 1033 cussit,
1079 1004 1107 1028 et
1126 1006 1294 1028 mortuorum
1308 1002 1434 1036 sepulcra
1449 1001 1563 1036 aperuit.
1590 1002 1629 1029 Ac
1651 1009 1686 1029 ne
1710 1001 1750 1029 sic

967 1043 1076 1079 quidem
1091 1045 1284 1073 intellexerunt
1297 1046 1398 1081 ingrati
1413 1044 1509 1073 Judaei.

931 893 953 920 B

1003 1132 1113 1166 Qumsr.
1132 1133 1222 1162 XLIII.
1240 1133 1380 1167 Quomodo
1395 1135 1462 1162 vidit
1483 1134 1568 1162 Maria
1585 1134 1751 1162 Dominum?

968 1179 1049 1208 Flens
1069 1179 1140 1207 enim
1157 1180 1185 1207 in
1209 1185 1385 1209 monumento
1411 1181 1501 1209 stabat
1523 1188 1616 1208 coram
1635 1181 1748 1216 angelis.

969 1226 1041 1254 tristi
1056 1226 1132 1253 vultu
1149 1229 1176 1253 et
1202 1231 1314 1261 aspectu
1338 1227 1468 1256 demisso.
1497 1226 1640 1261 Quomodo
1667 1228 1750 1264 igitur

968 1272 1035 1299 vidit
1049 1279 1122 1306 eum,
1134 1273 1181 1307 qui
1198 1280 1213 1300 a
1228 1277 1304 1308 tergo
1317 1273 1442 1301 veniebat
1455 1273 1654 1301 obambulans?

1004 1373 1085 1401 Rssr.
1104 1373 1149 1401 Sic
1166 1382 1210 1401 res
1225 1374 1316 1403 habet.
1335 1375 1404 1402 Cum
1416 1376 1504 1411 angeli
1519 1376 1645 1404 sederent
1658 1375 1749 1404 Maria:

968 1427 1001 1447 ex
1015 1419 1139 1452 adverso,
1159 1420 1336 1456 viderentque
1349 1420 1487 1449 Christum
1507 1428 1520 1448 ο
1542 1425 1617 1457 tergo
1632 1422 1691 1456 ejus
1704 1429 1750 1449 ac-

968 1465 1108 1492 cedentem
1122 1475 1128 1492 :
1142 1465 1188 1492 illa
1204 1465 1313 1500 quidem
1330 1469 1479 1494 retrorsum
1497 1473 1551 1493 non
1565 1466 1725 1501 respiciebat
1741 1477 1748 1494 :

971 1511 1057 1546 angeli
1081 1518 1145 1538 vero
1166 1511 1292 1538 sedentes
1306 1519 1321 1538 e
1333 1511 1451 1546 regione,
1469 1512 1596 1540 viderunt
1610 1513 1749 1540 Christum

131 1555 178 1581 τὸν
193 1555 311 1590 Χριστὸν
338 1556 484 1591 ἐρχόμενον
512 1557 599 1583 ὀπίσω
614 1558 718 1594 αὐτῆς,
746 1559 793 1585 καὶ
818 1558 917 1591 εὐθέως

972 1563 985 1582 a
1002 1560 1077 1591 tergo
1093 1556 1256 1589 venientem,
1274 1556 1420 1592 statimque
1443 1562 1633 1586 surrexerunt.
1650 1558 1750 1586 Videns

132 1600 294 1636 ἀνέστησαν.
314 1601 414 1628 Ἰδοῦσα
426 1602 454 1628 δὲ
472 1603 488 1638 ἠ
503 1603 571 1638 γυνὴ
582 1604 645 1635 τοὺς
662 1603 793 1638 ἀγγέλους
812 1605 919 1641 ἀποπη-

131 1645 266 1680 δήσαντας
279 1647 426 1683 ἐξεπλάγη.
441 1649 488 1674 καὶ
503 1646 581 1680 αὖθις
595 1649 717 1685 ἐστράφη
734 1650 774 1682 εἰς
785 1650 818 1677 τά
831 1651 918 1678 ὀπίσω

133 1691 199 1719 ἰδεῖν
216 1693 243 1718 τί
260 1692 406 1720 ἐθεάσαντο
424 1695 448 1720 οἰ
465 1693 586 1728 ἄγγελοι,
611 1695 658 1721 καὶ
681 1693 750 1722 εἶδεν
773 1696 918 1732 ἐρχόμενον

131 1738 177 1765 τὸν
196 1738 308 1774 Ἰησοῦν.
326 1739 399 1775 Αὕτη
422 1741 495 1766 ἐστὶν
512 1740 586 1767 αίτία
601 1741 648 1767 τοῦ
667 1741 729 1768 ἰδεῖν
745 1741 794 1777 τὴν
810 1743 918 1778 Μαρίαν

132 1783 178 1811 τὸν
191 1783 294 1820 Κύριον
308 1786 476 1820 στραφεῖσα-θ
491 1786 530 1816 εἰς
543 1785 577 1811 τὰ
591 1785 688 1813 ὀπίσω.

174 1829 270 1865 Ἐρώτ.
288 1830 338 1866 μδ’.
360 1830 408 1857 Διὰ
425 1830 451 1856 τί
468 1831 482 1857 ό
492 1831 609 1866 Χριστὸς
622 1833 679 1864 τοῖς
690 1831 824 1868 μαθηταῖς
835 1834 918 1861 αὑτοῦ

133 1875 251 1911 ἐζήτησε
266 1876 336 1911 μετὰ
349 1876 398 1912 τὴν
420 1878 567 1905 ἀνάστασιν
583 1879 690 1912 φαγεῖν,
706 1879 755 1914 οὐχ
772 1879 870 1915 εὑρέθη
890 1880 919 1914 cie

131 1921 226 1956 ἕτερον
243 1921 334 1957 μέρος,
349 1922 406 1949 ἀλλ’
419 1923 436 1958 ἣ
459 1923 538 1958 μόνον
551 1923 641 1959 ἰχθύος
664 1924 747 1951 ὀπτοῦ
763 1925 855 1960 μέρος,
871 1927 919 1953 καὶ

131 1968 187 1994 ἀπὸ
203 1968 341 2003 μελισσίου
356 1969 451 2004 κηρίον
464 1978 471 2002 ;
810 1962 813 1965 Δ

174 2014 270 2040 Ἀπόκ.
284 2014 363 2046 Τινὲς
379 2015 408 2041 τὸ
420 2016 474 2042 ἀπὸ
489 2016 627 2051 μελισσίου
643 2017 738 2053 κηρίον
753 2017 819 2050 ἅλας
830 2018 920 2054 ἡρμή-

132 2067 230 2086 νευσαν
246 2057 330 2086 εἶναι·
348 2060 474 2096 φλυάρων
486 2061 631 2096 μυθολογία
648 2061 734 2089 ταῦτα
749 2062 784 2089 τὰ
799 2063 917 2098 ῥήματα.

132 2105 170 2132 Τὸ
180 2105 235 2141 γὰρ
249 2106 303 2132 ἀπὸ
317 2105 454 2141 μελισσίου
471 2107 566 2143 κηρίον
577 2109 625 2134 καὶ
643 2108 732 2144 ίχθύος
742 2108 824 2135 ὀπτοῦ
838 2108 919 2145 μέρος

131 2151 219 2178 ταῦτά
233 2152 302 2178 εἰσιν
315 2149 359 2178 οἷα
376 2151 448 2186 λέγει
465 2154 481 2188 ἡ
503 2153 608 2189 Γραφή.
624 2154 699 2189 Ἔχει
723 2154 752 2180 δὲ
770 2154 920 2190 παράδοξόν

133 2206 194 2224 τινα
210 2197 357 2233 ἑρμηνείαν
376 2199 422 2225 κα¹ι
440 2199 594 2234 βαθυτάτην
611 2200 657 2226 καὶ
670 2200 920 2235 ἁναγωγικωτάτην

132 2243 287 2279 ὰκρίόειαν.
308 2245 338 2270 '0
365 2244 427 2276 νοῦς
453 2245 503 2280 τῆς
521 2244 700 2279 ἀναγνώσεως
731 2246 816 2281 ταύτῃ
843 2246 918 2274 ἐστὶν

133 2286 224 2320 οὔτας’
246 2290 260 2315 ὁ
289 2290 338 2325 μὲν
362 2289 438 2324 ἰχθὺς
458 2290 652 2326 παρεικάζεται
669 2292 710 2323 είς
733 2292 782 2327 τὴν
798 2291 918 2327 σκληρὰν

132 2333 271 2369 διαγωγὴν
285 2335 340 2362 τῶν
353 2335 489 2370 ἀσκητῶν,
503 2335 557 2362 τῶν
575 2335 752 2371 δαμασάντων
764 2336 813 2371 τὴν
830 2337 919 2372 σάρκα

133 2381 271 2415 νηστείαις
287 2381 334 2407 καὶ
352 2381 515 2417 ἀγρυπνίαις
532 2382 579 2408 καὶ
598 2383 656 2413 ταῖς
678 2382 783 2414 λοιπαῖς
797 2391 919 2416 κακοπατ

134 2425 231 2458 Θείαις,
256 2427 301 2453 καὶ
327 2427 540 2463 σταυρωσάντων
557 2428 669 2459 ἑαυτοὺς
690 2427 728 2463 τῷ
755 2429 849 2464 κόσμῳ
871 2429 918 2456 καὶ

134 2474 193 2504 ταῖς
208 2473 324 2508 ἡδοναῖς,
340 2474 386 2500 καὶ
399 2474 527 2510 ὑγῴτησι
539 2475 585 2501 καὶ
599 2476 660 2506 ταῖς
673 2476 786 2510 τροφαῖς
801 2474 848 2501 τοῦ
861 2475 917 2510 βίου

134 2519 358 2554 ἁποσαξαμένων,
382 2521 429 2547 καὶ
446 2522 478 2556 τῇ
502 2520 629 2556 ξηρότητι
654 2521 766 2552 ἑαυτοὺς
782 2521 919 2556 δαμασάν-

133 2574 198 2597 των,
215 2566 262 2592 καὶ
277 2567 309 2601 τῇ
325 2566 462 2601 ἀσκητικῇ
540 2566 742 2602 πορευομένων,
768 2566 858 2598 καθὼς
877 2567 920 2595 ἐντ

134 2611 253 2638 ετείλατο
274 2613 287 2638 ό
310 2611 446 2647 Χριστός’
472 2621 483 2638 ι
501 2612 530 2638 Ὀ
544 2612 628 2638 θέλων
644 2611 693 2647 τὴν
719 2612 808 2648 ψυχὴν
836 2612 918 2639 αὑτοῦ

135 2659 220 2684 σῶσαι
234 2658 362 2685 ἀπολέσει
388 2658 484 2694 αὐτὴν,
504 2667 513 2684 ›
529 2658 557 2685 ὲν
583 2658 721 2693 νηστείαις
735 2657 856 2693 δηλονότι
872 2659 920 2684 καὶ

133 2706 309 2741 ἀγρυπνίαις,
324 2705 372 2731 καὶ
393 2706 453 2737 ταῖς
467 2705 574 2736 λοιπαῖς
589 2704 794 2736 κακοπαθείαις.
816 2705 878 2737 Πῶς
891 2704 919 2731 δὲ

134 2751 330 2788 παρεικάζεται
346 2752 360 2778 ό
383 2751 458 2787 ἰχθὺς
474 2752 513 2783 είς
527 2751 575 2786 τὴν
592 2750 717 2787 ἄσκησιν,
736 2751 752 2787 ἢ
770 2751 819 2787 τὴν
838 2759 920 2778 κακο-

135 2799 260 2831 πάθειαν,
271 2799 397 2826 ἄκουσον.
407 2797 567 2834 Ἀνθρωπος
578 2798 668 2833 ὅμοιός
680 2799 737 2825 ἐστι
748 2798 794 2825 τοῦ
813 2798 916 2834 ίχθύος·

168 2890 190 2911 ‘3
212 2889 305 2918 Matth.
324 2897 365 2916 ιγι
378 2909 384 2920 ,
403 2889 446 2916 :13.

966 1609 1032 1629 vero
1049 1602 1148 1630 mulier
1165 1603 1275 1637 angelos
1287 1603 1429 1636 resiliisse,
1444 1604 1534 1631 animo
1548 1605 1683 1640 perculsa,
1696 1609 1748 1633 sta-

967 1648 1016 1675 tim
1033 1652 1106 1676 retro
1130 1649 1264 1676 convertit
1288 1657 1318 1677 se
1334 1649 1368 1677 ad
1393 1650 1549 1682 videndum,
1574 1652 1639 1686 quid
1663 1652 1750 1687 angeli

967 1698 1121 1727 cernerent,
1150 1699 1177 1723 et
1203 1695 1271 1722 vidit
1297 1697 1449 1724 venientem
1478 1695 1582 1725 Jesum.
1616 1696 1678 1725 Haec
1709 1702 1751 1726 est

968 1747 1051 1768 causa
1076 1740 1149 1776 quod
1173 1741 1267 1774 Maria,
1296 1746 1370 1770 retro
1393 1750 1535 1776 conversa,
1567 1743 1634 1771 vidit
1660 1743 1751 1770 Domi-

968 1794 1004 1813 nu
1007 1795 1032 1814 m
1037 1807 1044 1814 .

1004 1832 1114 1866 Quassr.
1131 1833 1222 1860 XLIV.
1241 1833 1331 1867 Quare
1345 1841 1406 1861 cum
1424 1835 1565 1871 discipulis
1584 1840 1644 1871 post
1660 1843 1752 1864 resur~

968 1879 1115 1906 rectionem
1139 1887 1216 1907 suam
1238 1879 1366 1908 Christus
1391 1880 1471 1908 edere
1500 1882 1594 1913 voluit,
1625 1890 1676 1909 nec
1699 1881 1751 1908 alia

968 1923 1057 1959 portio
1078 1928 1120 1952 est
1135 1925 1254 1957 inventa,
1270 1927 1325 1954 assi
1343 1927 1437 1962 piscis,
1453 1931 1480 1955 et
1498 1927 1531 1955 de
1548 1928 1608 1955 favo
1624 1928 1735 1955 mellis?

1005 2013 1087 2042 Resp.
1102 2014 1217 2047 Quidam
1234 2014 1300 2043 illud
1316 2015 1350 2044 de
1368 2015 1428 2043 favo
1450 2017 1548 2050 mellis,
1565 2017 1649 2045 salem
1668 2017 1752 2044 inter-

969 2061 1068 2094 pretati
1091 2066 1166 2093 sunt.
1193 2069 1252 2096 qua:
1275 2062 1357 2089 verba
1383 2063 1528 2098 nugacium
1552 2066 1615 2091 sunt
1642 2063 1750 2092 fabulae.

968 2104 1036 2131 Nam
1052 2105 1130 2133 favus
1149 2106 1236 2134 mellis
1260 2111 1287 2134 et
1310 2115 1388 2135 assus
1413 2107 1496 2143 piscis
1519 2107 1653 2142 ejusmodi
1677 2114 1750 2136 sunt.

969 2151 1060 2185 qualia
1081 2151 1148 2179 dicit
1166 2151 1318 2187 Scriptura.
1339 2151 1425 2180 Habet
1444 2157 1534 2181 autem
1556 2161 1599 2181 res
1614 2153 1753 2181 admiran-

970 2196 1032 2224 dam
1052 2198 1320 2232 interpretationem,
1344 2202 1371 2226 et
1387 2198 1548 2233 profundam
1572 2203 1653 2234 atque
1674 2200 1752 2227 valdo

935 2236 1103 2270 Dremolam
1130 2243 1396 2278 pervestigationem.
1424 2242 1528 2271 Sensus
1558 2247 1647 2271 autem
1674 2244 1752 2272 istius

971 2289 1096 2317 lectionis
1112 2288 1156 2316 hic
1170 2293 1212 2316 est
1229 2298 1235 2315 :
1251 2288 1339 2316 Piscis
1354 2288 1557 2316 similitudinem
1573 2288 1655 2317 habet
1675 2297 1753 2325 aspe-

973 2343 1010 2363 rae
1027 2335 1244 2363 conversationis
1259 2340 1422 2367 ascetarum,
1436 2335 1483 2370 qui
1500 2335 1623 2370 jejuniis,
1639 2335 1751 2371 vigiliis,

973 2385 1000 2408 et
1024 2381 1084 2408 aliis
1109 2380 1333 2416 castigationibus
1362 2387 1472 2408 carnem
1500 2380 1665 2407 domuerunt
1682 2388 1688 2406 :
1705 2381 1752 2416 qui

974 2429 1079 2462 seipsos
1093 2426 1195 2453 mundo
1207 2429 1234 2453 ct
1249 2426 1432 2461 voluptatibus
1447 2426 1653 2458 crucifixerunt,
1665 2431 1692 2454 et
1706 2427 1753 2462 qui

971 2473 1091 2501 humidis
1108 2472 1177 2500 cibis
1193 2472 1416 2507 voluptuosisque
1429 2472 1636 2504 renuntiarunt,
1653 2472 1751 2500 aridis-

970 2527 1023 2555 que
1038 2520 1141 2554 seipsos
1164 2518 1316 2549 domantes.
1337 2519 1484 2546 asceticam
1503 2519 1574 2546 viam
1596 2519 1753 2554 ingrediun-

970 2570 1025 2598 tur,
1041 2565 1268 2601 quemadmodum
1289 2565 1416 2600 praecepit
1435 2565 1559 2593 Christus
1574 2574 1581 2591 :
1599 2574 1607 2590 ι
1623 2565 1674 2597 Qui
1696 2565 1754 2592 vult

970 2613 1088 2640 animam
1116 2620 1192 2640 suam
1217 2619 1335 2644 servare,
1367 2611 1459 2646 perdet
1483 2619 1543 2638 eam
1559 2611 1597 2645 ";
1615 2620 1624 2636 ι
1640 2610 1753 2646 jejuniis

971 2659 1074 2695 utique,
1085 2659 1186 2694 vigiliis
1199 2664 1226 2686 et
1242 2659 1303 2687 aliis
1318 2657 1519 2687 afﬂictionibus.
1532 2656 1674 2690 Quomodo
1689 2665 1753 2684 vero

969 2705 1052 2741 piscis
1068 2705 1234 2733 assimiletur
1254 2704 1352 2735 ascesi‘.
1368 2704 1410 2732 vel
1427 2703 1665 2736 macerationibus,
1681 2709 1753 2730 nunc

970 2752 1088 2779 attende.
1104 2751 1177 2779 Pisci
1198 2750 1295 2778 similis
1315 2753 1355 2778 cst
1371 2749 1450 2778 homo
1471 2758 1478 2777 :
1498 2757 1560 2776 nam
1582 2749 1653 2777 sicut
1669 2748 1752 2784 piscis

970 2798 1034 2825 dum
1048 2797 1136 2825 adhuc
1151 2800 1193 2825 est
1207 2797 1234 2825 in
1250 2796 1317 2824 mari
1335 2804 1441 2824 onmem
1459 2796 1539 2824 habet
1554 2795 1752 2826 humiditatem,
