  <div class='ocr_page' id='page_1' title='image "/cluster/home/n/w/nwhite01/storage/ocr_20150623/28/njp.32101007506148/375.png"; bbox 0 0 1940 3068; ppageno 0'>
   <div class='ocr_carea' id='block_1_1' title="bbox 205 146 255 173">
    <p class='ocr_par' dir='ltr' id='par_1_1' title="bbox 205 146 255 173">
     <span class='ocr_line' id='line_1_1' title="bbox 205 146 255 173; baseline -0.02 0"><span class='ocrx_word' id='word_1_1' title='bbox 205 146 255 173; x_wconf 76' lang='grc'><strong>727</strong></span> 
     </span>
    </p>
   </div>
   <div class='ocr_carea' id='block_1_2' title="bbox 755 144 1246 174">
    <p class='ocr_par' dir='ltr' id='par_1_2' title="bbox 755 144 1246 174">
     <span class='ocr_line' id='line_1_2' title="bbox 755 144 1246 174; baseline 0.004 -2"><span class='ocrx_word' id='word_1_2' title='bbox 805 145 1036 173; x_wconf 71' lang='grc' dir='ltr'><strong>ΑτιιΑΝΑδιυε.</strong></span> <span class='ocrx_word' id='word_1_3' title='bbox 1057 160 1091 165; x_wconf 91' lang='grc'><strong>--</strong></span> <span class='ocrx_word' id='word_1_4' title='bbox 1111 144 1246 174; x_wconf 81' lang='lat' dir='ltr'><strong>SPURIA.</strong></span> 
     </span>
    </p>
   </div>
   <div class='ocr_carea' id='block_1_3' title="bbox 1764 149 1820 176">
    <p class='ocr_par' dir='ltr' id='par_1_3' title="bbox 1764 149 1820 176">
     <span class='ocr_line' id='line_1_3' title="bbox 1764 149 1820 176; baseline 0.018 -1"><span class='ocrx_word' id='word_1_5' title='bbox 1764 149 1820 176; x_wconf 81' lang='lat'><strong>728</strong></span> 
     </span>
    </p>
   </div>
   <div class='ocr_carea' id='block_1_4' title="bbox 176 190 983 244">
    <p class='ocr_par' dir='ltr' id='par_1_4' title="bbox 176 190 983 239">
     <span class='ocr_line' id='line_1_4' title="bbox 176 190 983 239; baseline -0.001 -7"><span class='ocrx_word' id='word_1_6' title='bbox 176 190 182 195; x_wconf 56' lang='grc'><strong>”</strong></span> <span class='ocrx_word' id='word_1_7' title='bbox 203 209 231 232; x_wconf 76' lang='lat' dir='ltr'><strong>et</strong></span> <span class='ocrx_word' id='word_1_8' title='bbox 246 211 308 231; x_wconf 90' lang='lat' dir='ltr'><strong>cum</strong></span> <span class='ocrx_word' id='word_1_9' title='bbox 326 211 376 232; x_wconf 77' lang='lat' dir='ltr'><strong>suo</strong></span> <span class='ocrx_word' id='word_1_10' title='bbox 393 204 525 239; x_wconf 74' lang='lat' dir='ltr'><strong>sanguine</strong></span> <span class='ocrx_word' id='word_1_11' title='bbox 549 204 577 231; x_wconf 95' lang='lat' dir='ltr'><strong>in</strong></span> <span class='ocrx_word' id='word_1_12' title='bbox 600 208 678 232; x_wconf 84' lang='lat' dir='ltr'><strong>vasto</strong></span> <span class='ocrx_word' id='word_1_13' title='bbox 692 205 758 232; x_wconf 86' lang='lat' dir='ltr'><strong>vivit</strong></span> <span class='ocrx_word' id='word_1_14' title='bbox 781 205 839 232; x_wconf 84' lang='lat' dir='ltr'><strong>luto</strong></span> <span class='ocrx_word' id='word_1_15' title='bbox 855 214 861 231; x_wconf 93' lang='lat'>:</span> <span class='ocrx_word' id='word_1_16' title='bbox 877 204 983 239; x_wconf 85' lang='lat' dir='ltr'><strong>quando</strong></span> 
     </span>
    </p>
   </div>
   <div class='ocr_carea' id='block_1_5' title="bbox 1036 190 1821 244">
    <p class='ocr_par' dir='ltr' id='par_1_5' title="bbox 1036 204 1821 244">
     <span class='ocr_line' id='line_1_5' title="bbox 1036 204 1821 244; baseline 0.005 -14"><span class='ocrx_word' id='word_1_17' title='bbox 1036 205 1130 240; x_wconf 80' lang='grc' dir='ltr'>ὥσπερ</span> <span class='ocrx_word' id='word_1_18' title='bbox 1144 204 1199 240; x_wconf 84' lang='grc' dir='ltr'><strong>γὰρ</strong></span> <span class='ocrx_word' id='word_1_19' title='bbox 1215 206 1229 231; x_wconf 99' lang='lat'><strong>6</strong></span> <span class='ocrx_word' id='word_1_20' title='bbox 1247 204 1333 240; x_wconf 76' lang='grc' dir='ltr'>ίχθὺς,</span> <span class='ocrx_word' id='word_1_21' title='bbox 1347 205 1400 237; x_wconf 64' lang='grc' dir='ltr'><strong>ἕως</strong></span> <span class='ocrx_word' id='word_1_22' title='bbox 1413 205 1486 232; x_wconf 71' lang='grc' dir='ltr'>ἐστὶν</span> <span class='ocrx_word' id='word_1_23' title='bbox 1503 207 1532 233; x_wconf 77' lang='grc' dir='ltr'>ὲν</span> <span class='ocrx_word' id='word_1_24' title='bbox 1546 208 1578 243; x_wconf 82' lang='grc' dir='ltr'>τῇ</span> <span class='ocrx_word' id='word_1_25' title='bbox 1600 207 1733 244; x_wconf 71' lang='grc' dir='ltr'>θαλάσσῃ,</span> <span class='ocrx_word' id='word_1_26' title='bbox 1758 208 1821 243; x_wconf 76' lang='grc' dir='ltr'>ἔχει</span> 
     </span>
    </p>
   </div>
   <div class='ocr_carea' id='block_1_6' title="bbox 205 250 983 285">
    <p class='ocr_par' dir='ltr' id='par_1_6' title="bbox 205 250 983 285">
     <span class='ocr_line' id='line_1_6' title="bbox 205 250 983 285; baseline 0.001 -9"><span class='ocrx_word' id='word_1_27' title='bbox 205 257 270 278; x_wconf 84' lang='lat' dir='ltr'><strong>vero</strong></span> <span class='ocrx_word' id='word_1_28' title='bbox 277 255 372 285; x_wconf 86' lang='lat' dir='ltr'><strong>captus</strong></span> <span class='ocrx_word' id='word_1_29' title='bbox 383 254 459 278; x_wconf 73' lang='lat' dir='ltr'><strong>extra</strong></span> <span class='ocrx_word' id='word_1_30' title='bbox 470 257 567 284; x_wconf 87' lang='lat' dir='ltr'><strong>aquam</strong></span> <span class='ocrx_word' id='word_1_31' title='bbox 578 251 693 283; x_wconf 89' lang='lat' dir='ltr'><strong>venerit,</strong></span> <span class='ocrx_word' id='word_1_32' title='bbox 710 250 841 278; x_wconf 90' lang='lat' dir='ltr'><strong>moritur:</strong></span> <span class='ocrx_word' id='word_1_33' title='bbox 852 250 884 277; x_wconf 88' lang='lat' dir='ltr'><strong>ad</strong></span> <span class='ocrx_word' id='word_1_34' title='bbox 894 251 983 285; x_wconf 81' lang='lat' dir='ltr'><strong>ignem</strong></span> 
     </span>
    </p>
   </div>
   <div class='ocr_carea' id='block_1_7' title="bbox 203 296 983 332">
    <p class='ocr_par' dir='ltr' id='par_1_7' title="bbox 203 296 983 332">
     <span class='ocr_line' id='line_1_7' title="bbox 203 296 983 332; baseline 0.001 -10"><span class='ocrx_word' id='word_1_35' title='bbox 203 303 269 324; x_wconf 79' lang='lat' dir='ltr'><strong>vero</strong></span> <span class='ocrx_word' id='word_1_36' title='bbox 292 296 397 332; x_wconf 89' lang='lat' dir='ltr'><strong>positus</strong></span> <span class='ocrx_word' id='word_1_37' title='bbox 423 301 532 324; x_wconf 86' lang='lat' dir='ltr'><strong>assatur</strong></span> <span class='ocrx_word' id='word_1_38' title='bbox 559 300 585 324; x_wconf 86' lang='lat' dir='ltr'><strong>et</strong></span> <span class='ocrx_word' id='word_1_39' title='bbox 610 296 703 330; x_wconf 81' lang='lat' dir='ltr'><strong>areﬁt,</strong></span> <span class='ocrx_word' id='word_1_40' title='bbox 732 297 874 332; x_wconf 78' lang='lat' dir='ltr'><strong>perditque</strong></span> <span class='ocrx_word' id='word_1_41' title='bbox 907 304 983 324; x_wconf 85' lang='lat' dir='ltr'><strong>suam</strong></span> 
     </span>
    </p>
   </div>
   <div class='ocr_carea' id='block_1_8' title="bbox 203 341 984 370">
    <p class='ocr_par' dir='ltr' id='par_1_8' title="bbox 203 341 984 370">
     <span class='ocr_line' id='line_1_8' title="bbox 203 341 984 370; baseline 0 -2"><span class='ocrx_word' id='word_1_42' title='bbox 203 348 312 368; x_wconf 89' lang='lat' dir='ltr'><strong>omnem</strong></span> <span class='ocrx_word' id='word_1_43' title='bbox 327 341 537 369; x_wconf 87' lang='lat' dir='ltr'><strong>immunditiem.</strong></span> <span class='ocrx_word' id='word_1_44' title='bbox 552 341 626 369; x_wconf 84' lang='lat' dir='ltr'><strong>Talis</strong></span> <span class='ocrx_word' id='word_1_45' title='bbox 640 343 720 370; x_wconf 88' lang='lat' dir='ltr'><strong>etiam</strong></span> <span class='ocrx_word' id='word_1_46' title='bbox 740 346 782 370; x_wconf 85' lang='lat' dir='ltr'><strong>est</strong></span> <span class='ocrx_word' id='word_1_47' title='bbox 799 342 880 368; x_wconf 89' lang='lat' dir='ltr'><strong>homo</strong></span> <span class='ocrx_word' id='word_1_48' title='bbox 896 352 903 369; x_wconf 88' lang='lat'><strong><em>:</em></strong></span> <span class='ocrx_word' id='word_1_49' title='bbox 919 341 984 368; x_wconf 89' lang='lat' dir='ltr'><strong>dum</strong></span> 
     </span>
    </p>
   </div>
   <div class='ocr_carea' id='block_1_9' title="bbox 203 387 985 422">
    <p class='ocr_par' dir='ltr' id='par_1_9' title="bbox 203 387 985 422">
     <span class='ocr_line' id='line_1_9' title="bbox 203 387 985 422; baseline 0.001 -9"><span class='ocrx_word' id='word_1_50' title='bbox 203 387 293 414; x_wconf 88' lang='lat' dir='ltr'><strong>adhuc</strong></span> <span class='ocrx_word' id='word_1_51' title='bbox 309 391 352 415; x_wconf 88' lang='lat' dir='ltr'><strong>est</strong></span> <span class='ocrx_word' id='word_1_52' title='bbox 369 387 396 414; x_wconf 90' lang='lat' dir='ltr'><strong>in</strong></span> <span class='ocrx_word' id='word_1_53' title='bbox 412 389 500 415; x_wconf 89' lang='lat' dir='ltr'><strong>medio</strong></span> <span class='ocrx_word' id='word_1_54' title='bbox 517 389 578 415; x_wconf 67' lang='lat' dir='ltr'><strong>vita:</strong></span> <span class='ocrx_word' id='word_1_55' title='bbox 599 396 655 416; x_wconf 75' lang='lat' dir='ltr'><strong>suae</strong></span> <span class='ocrx_word' id='word_1_56' title='bbox 674 389 821 420; x_wconf 89' lang='lat' dir='ltr'><strong>curriculo,</strong></span> <span class='ocrx_word' id='word_1_57' title='bbox 839 388 985 422; x_wconf 85' lang='lat' dir='ltr'><strong>voluptati-</strong></span> 
     </span>
    </p>
   </div>
   <div class='ocr_carea' id='block_1_10' title="bbox 201 433 984 469">
    <p class='ocr_par' dir='ltr' id='par_1_10' title="bbox 201 433 984 469">
     <span class='ocr_line' id='line_1_10' title="bbox 201 433 984 469; baseline 0 -9"><span class='ocrx_word' id='word_1_58' title='bbox 201 433 252 461; x_wconf 86' lang='lat' dir='ltr'><strong>bus</strong></span> <span class='ocrx_word' id='word_1_59' title='bbox 266 433 386 469; x_wconf 76' lang='lat' dir='ltr'><strong>indulget</strong></span> <span class='ocrx_word' id='word_1_60' title='bbox 395 439 421 461; x_wconf 90' lang='lat' dir='ltr'><strong>ct</strong></span> <span class='ocrx_word' id='word_1_61' title='bbox 432 435 615 462; x_wconf 88' lang='lat' dir='ltr'><strong>immoderatis</strong></span> <span class='ocrx_word' id='word_1_62' title='bbox 641 434 878 469; x_wconf 74' lang='lat' dir='ltr'><strong>concupiscentiis.</strong></span> <span class='ocrx_word' id='word_1_63' title='bbox 891 434 984 466; x_wconf 86' lang='lat' dir='ltr'><strong>Quan-</strong></span> 
     </span>
    </p>
   </div>
   <div class='ocr_carea' id='block_1_11' title="bbox 202 480 983 515">
    <p class='ocr_par' dir='ltr' id='par_1_11' title="bbox 202 480 983 515">
     <span class='ocr_line' id='line_1_11' title="bbox 202 480 983 515; baseline 0.001 -9"><span class='ocrx_word' id='word_1_64' title='bbox 202 480 237 507; x_wconf 88' lang='lat' dir='ltr'><strong>do</strong></span> <span class='ocrx_word' id='word_1_65' title='bbox 253 488 318 508; x_wconf 89' lang='lat' dir='ltr'><strong>vero</strong></span> <span class='ocrx_word' id='word_1_66' title='bbox 332 481 426 508; x_wconf 87' lang='lat' dir='ltr'><strong>relicto</strong></span> <span class='ocrx_word' id='word_1_67' title='bbox 448 481 558 512; x_wconf 89' lang='lat' dir='ltr'><strong>mundo,</strong></span> <span class='ocrx_word' id='word_1_68' title='bbox 576 481 662 508; x_wconf 88' lang='lat' dir='ltr'><strong>ascesi</strong></span> <span class='ocrx_word' id='word_1_69' title='bbox 680 484 706 508; x_wconf 89' lang='lat' dir='ltr'><strong>ct</strong></span> <span class='ocrx_word' id='word_1_70' title='bbox 723 480 855 515; x_wconf 85' lang='lat' dir='ltr'><strong>asperiori</strong></span> <span class='ocrx_word' id='word_1_71' title='bbox 875 481 937 507; x_wconf 67' lang='lat' dir='ltr'><strong>vitae</strong></span> <span class='ocrx_word' id='word_1_72' title='bbox 954 480 983 507; x_wconf 92' lang='lat' dir='ltr'><strong>in</strong></span> 
     </span>
    </p>
   </div>
   <div class='ocr_carea' id='block_1_12' title="bbox 203 526 982 561">
    <p class='ocr_par' dir='ltr' id='par_1_12' title="bbox 203 526 982 561">
     <span class='ocr_line' id='line_1_12' title="bbox 203 526 982 561; baseline 0 -9"><span class='ocrx_word' id='word_1_73' title='bbox 203 526 310 553; x_wconf 83' lang='lat' dir='ltr'><strong>deserto</strong></span> <span class='ocrx_word' id='word_1_74' title='bbox 325 534 435 561; x_wconf 87' lang='lat' dir='ltr'><strong>operam</strong></span> <span class='ocrx_word' id='word_1_75' title='bbox 451 527 564 559; x_wconf 88' lang='lat' dir='ltr'><strong>dederit,</strong></span> <span class='ocrx_word' id='word_1_76' title='bbox 582 527 670 554; x_wconf 84' lang='lat' dir='ltr'><strong>sancti</strong></span> <span class='ocrx_word' id='word_1_77' title='bbox 697 527 816 561; x_wconf 76' lang='lat' dir='ltr'><strong>Spiritus</strong></span> <span class='ocrx_word' id='word_1_78' title='bbox 834 527 894 561; x_wconf 79' lang='lat' dir='ltr'><strong>igne</strong></span> <span class='ocrx_word' id='word_1_79' title='bbox 908 526 982 553; x_wconf 88' lang='lat' dir='ltr'><strong>cale-</strong></span> 
     </span>
    </p>
   </div>
   <div class='ocr_carea' id='block_1_13' title="bbox 202 570 984 606">
    <p class='ocr_par' dir='ltr' id='par_1_13' title="bbox 202 570 984 606">
     <span class='ocr_line' id='line_1_13' title="bbox 202 570 984 606; baseline -0.001 -7"><span class='ocrx_word' id='word_1_80' title='bbox 202 570 304 603; x_wconf 71' lang='lat' dir='ltr'><strong>factus,</strong></span> <span class='ocrx_word' id='word_1_81' title='bbox 321 579 336 598; x_wconf 88' lang='lat' dir='ltr'><strong>a</strong></span> <span class='ocrx_word' id='word_1_82' title='bbox 350 573 408 600; x_wconf 84' lang='lat' dir='ltr'><strong>suis</strong></span> <span class='ocrx_word' id='word_1_83' title='bbox 422 572 563 600; x_wconf 79' lang='lat' dir='ltr'><strong>aﬁectibus</strong></span> <span class='ocrx_word' id='word_1_84' title='bbox 583 572 692 602; x_wconf 81' lang='lat' dir='ltr'><strong>arescit.</strong></span> <span class='ocrx_word' id='word_1_85' title='bbox 709 576 736 599; x_wconf 89' lang='lat' dir='ltr'><strong>et</strong></span> <span class='ocrx_word' id='word_1_86' title='bbox 752 573 784 599; x_wconf 89' lang='lat' dir='ltr'><strong>ab</strong></span> <span class='ocrx_word' id='word_1_87' title='bbox 797 572 871 599; x_wconf 90' lang='lat' dir='ltr'><strong>omni</strong></span> <span class='ocrx_word' id='word_1_88' title='bbox 889 579 984 606; x_wconf 92' lang='lat' dir='ltr'><strong>repur-</strong></span> 
     </span>
    </p>
   </div>
   <div class='ocr_carea' id='block_1_14' title="bbox 202 616 982 653">
    <p class='ocr_par' dir='ltr' id='par_1_14' title="bbox 202 616 982 653">
     <span class='ocr_line' id='line_1_14' title="bbox 202 616 982 653; baseline 0 -9"><span class='ocrx_word' id='word_1_89' title='bbox 202 617 281 652; x_wconf 70' lang='lat' dir='ltr'><strong>ga’tur</strong></span> <span class='ocrx_word' id='word_1_90' title='bbox 302 618 484 649; x_wconf 87' lang='lat' dir='ltr'><strong>immunditia,</strong></span> <span class='ocrx_word' id='word_1_91' title='bbox 504 622 585 653; x_wconf 88' lang='lat' dir='ltr'><strong>atque</strong></span> <span class='ocrx_word' id='word_1_92' title='bbox 605 626 654 653; x_wconf 91' lang='lat' dir='ltr'><strong>per</strong></span> <span class='ocrx_word' id='word_1_93' title='bbox 668 618 783 645; x_wconf 84' lang='lat' dir='ltr'><strong>virtutes</strong></span> <span class='ocrx_word' id='word_1_94' title='bbox 800 621 909 652; x_wconf 85' lang='lat' dir='ltr'><strong>accepta</strong></span> <span class='ocrx_word' id='word_1_95' title='bbox 927 616 982 644; x_wconf 81' lang='lat' dir='ltr'><strong>Deo</strong></span> 
     </span>
    </p>
   </div>
   <div class='ocr_carea' id='block_1_15' title="bbox 201 662 982 697">
    <p class='ocr_par' dir='ltr' id='par_1_15' title="bbox 201 662 982 697">
     <span class='ocr_line' id='line_1_15' title="bbox 201 662 982 697; baseline -0.001 -8"><span class='ocrx_word' id='word_1_96' title='bbox 201 662 321 690; x_wconf 86' lang='lat' dir='ltr'><strong>efﬁcitur</strong></span> <span class='ocrx_word' id='word_1_97' title='bbox 334 663 433 691; x_wconf 88' lang='lat' dir='ltr'><strong>hostia.</strong></span> <span class='ocrx_word' id='word_1_98' title='bbox 451 663 518 690; x_wconf 88' lang='lat' dir='ltr'><strong>Nam</strong></span> <span class='ocrx_word' id='word_1_99' title='bbox 541 664 611 691; x_wconf 84' lang='lat' dir='ltr'><strong>sicut</strong></span> <span class='ocrx_word' id='word_1_100' title='bbox 627 663 711 697; x_wconf 87' lang='lat' dir='ltr'><strong>piscis</strong></span> <span class='ocrx_word' id='word_1_101' title='bbox 728 663 761 690; x_wconf 86' lang='lat' dir='ltr'><strong>ad</strong></span> <span class='ocrx_word' id='word_1_102' title='bbox 782 663 915 690; x_wconf 78' lang='lat' dir='ltr'><strong>carbones</strong></span> <span class='ocrx_word' id='word_1_103' title='bbox 935 669 982 689; x_wconf 54' lang='lat' dir='ltr'><strong>as-</strong></span> 
     </span>
    </p>
   </div>
   <div class='ocr_carea' id='block_1_16' title="bbox 203 707 984 740">
    <p class='ocr_par' dir='ltr' id='par_1_16' title="bbox 203 707 984 740">
     <span class='ocr_line' id='line_1_16' title="bbox 203 707 984 740; baseline -0.003 -6"><span class='ocrx_word' id='word_1_104' title='bbox 203 711 290 739; x_wconf 88' lang='lat' dir='ltr'><strong>satus,</strong></span> <span class='ocrx_word' id='word_1_105' title='bbox 310 708 339 734; x_wconf 82' lang='lat' dir='ltr'><strong>fit</strong></span> <span class='ocrx_word' id='word_1_106' title='bbox 357 709 516 736; x_wconf 86' lang='lat' dir='ltr'><strong>commodus</strong></span> <span class='ocrx_word' id='word_1_107' title='bbox 527 712 554 736; x_wconf 90' lang='lat' dir='ltr'><strong>et</strong></span> <span class='ocrx_word' id='word_1_108' title='bbox 569 709 643 735; x_wconf 88' lang='lat' dir='ltr'><strong>utilis</strong></span> <span class='ocrx_word' id='word_1_109' title='bbox 664 708 742 735; x_wconf 91' lang='lat' dir='ltr'><strong>cibus</strong></span> <span class='ocrx_word' id='word_1_110' title='bbox 756 717 762 734; x_wconf 87' lang='lat'><strong>:</strong></span> <span class='ocrx_word' id='word_1_111' title='bbox 777 707 817 735; x_wconf 92' lang='lat' dir='ltr'><strong>sic</strong></span> <span class='ocrx_word' id='word_1_112' title='bbox 837 707 919 734; x_wconf 88' lang='lat' dir='ltr'><strong>homo</strong></span> <span class='ocrx_word' id='word_1_113' title='bbox 936 713 984 740; x_wconf 89' lang='lat' dir='ltr'><strong>per</strong></span> 
     </span>
    </p>
   </div>
   <div class='ocr_carea' id='block_1_17' title="bbox 203 751 983 790">
    <p class='ocr_par' dir='ltr' id='par_1_17' title="bbox 203 751 983 790">
     <span class='ocr_line' id='line_1_17' title="bbox 203 751 983 790; baseline -0.004 -10"><span class='ocrx_word' id='word_1_114' title='bbox 203 754 319 780; x_wconf 90' lang='lat' dir='ltr'><strong>calorem</strong></span> <span class='ocrx_word' id='word_1_115' title='bbox 337 753 454 786; x_wconf 89' lang='lat' dir='ltr'><strong>Spiritus</strong></span> <span class='ocrx_word' id='word_1_116' title='bbox 467 755 552 782; x_wconf 80' lang='lat' dir='ltr'><strong>sancti</strong></span> <span class='ocrx_word' id='word_1_117' title='bbox 571 758 741 790; x_wconf 80' lang='lat' dir='ltr'><strong>repurgatus,</strong></span> <span class='ocrx_word' id='word_1_118' title='bbox 757 753 847 781; x_wconf 87' lang='lat' dir='ltr'><strong>hostia</strong></span> <span class='ocrx_word' id='word_1_119' title='bbox 869 751 983 779; x_wconf 81' lang='lat' dir='ltr'><strong>Domino</strong></span> 
     </span>
    </p>
   </div>
   <div class='ocr_carea' id='block_1_18' title="bbox 204 801 453 835">
    <p class='ocr_par' dir='ltr' id='par_1_18' title="bbox 204 801 453 835">
     <span class='ocr_line' id='line_1_18' title="bbox 204 801 453 835; baseline 0.008 -9"><span class='ocrx_word' id='word_1_120' title='bbox 204 805 314 835; x_wconf 88' lang='lat' dir='ltr'><strong>accepta</strong></span> <span class='ocrx_word' id='word_1_121' title='bbox 327 801 453 829; x_wconf 91' lang='lat' dir='ltr'><strong>efﬁcitur.</strong></span> 
     </span>
    </p>
   </div>
   <div class='ocr_carea' id='block_1_19' title="bbox 1035 251 1819 288">
    <p class='ocr_par' dir='ltr' id='par_1_19' title="bbox 1035 251 1819 288">
     <span class='ocr_line' id='line_1_19' title="bbox 1035 251 1819 288; baseline 0.005 -12"><span class='ocrx_word' id='word_1_122' title='bbox 1035 251 1125 277; x_wconf 83' lang='grc' dir='ltr'>πᾶσαν</span> <span class='ocrx_word' id='word_1_123' title='bbox 1140 251 1190 286; x_wconf 82' lang='grc' dir='ltr'>τὴν</span> <span class='ocrx_word' id='word_1_124' title='bbox 1204 251 1349 287; x_wconf 82' lang='grc' dir='ltr'><strong>ὑγρότητα,</strong></span> <span class='ocrx_word' id='word_1_125' title='bbox 1359 252 1405 278; x_wconf 77' lang='grc' dir='ltr'>καὶ</span> <span class='ocrx_word' id='word_1_126' title='bbox 1416 251 1448 288; x_wconf 82' lang='grc' dir='ltr'><strong>ζῇ</strong></span> <span class='ocrx_word' id='word_1_127' title='bbox 1465 252 1533 287; x_wconf 83' lang='grc' dir='ltr'><strong>μετά</strong></span> <span class='ocrx_word' id='word_1_128' title='bbox 1545 252 1592 279; x_wconf 82' lang='grc' dir='ltr'><strong>τοῦ</strong></span> <span class='ocrx_word' id='word_1_129' title='bbox 1605 253 1719 288; x_wconf 81' lang='grc' dir='ltr'>αἵματος</span> <span class='ocrx_word' id='word_1_130' title='bbox 1733 253 1819 280; x_wconf 80' lang='grc' dir='ltr'>αὑτοῦ</span> 
     </span>
    </p>
   </div>
   <div class='ocr_carea' id='block_1_20' title="bbox 1035 296 1818 334">
    <p class='ocr_par' dir='ltr' id='par_1_20' title="bbox 1035 296 1818 334">
     <span class='ocr_line' id='line_1_20' title="bbox 1035 296 1818 334; baseline 0.005 -12"><span class='ocrx_word' id='word_1_131' title='bbox 1035 297 1082 323; x_wconf 80' lang='grc' dir='ltr'>καὶ</span> <span class='ocrx_word' id='word_1_132' title='bbox 1099 297 1189 332; x_wconf 81' lang='grc' dir='ltr'>πάσης</span> <span class='ocrx_word' id='word_1_133' title='bbox 1206 296 1289 329; x_wconf 82' lang='grc' dir='ltr'>ίλύος’</span> <span class='ocrx_word' id='word_1_134' title='bbox 1305 298 1367 324; x_wconf 56' lang='lat' dir='ltr'><strong>6cm</strong></span> <span class='ocrx_word' id='word_1_135' title='bbox 1381 298 1409 324; x_wconf 81' lang='grc' dir='ltr'><strong>δὲ</strong></span> <span class='ocrx_word' id='word_1_136' title='bbox 1428 299 1551 334; x_wconf 81' lang='grc' dir='ltr'>κρατηθῇ</span> <span class='ocrx_word' id='word_1_137' title='bbox 1571 299 1623 331; x_wconf 79' lang='grc' dir='ltr'><strong>ἔξω</strong></span> <span class='ocrx_word' id='word_1_138' title='bbox 1645 299 1691 326; x_wconf 72' lang='grc' dir='ltr'><strong>τοῦ</strong></span> <span class='ocrx_word' id='word_1_139' title='bbox 1709 300 1818 332; x_wconf 56' lang='grc' dir='ltr'>Ματος,</span> 
     </span>
    </p>
   </div>
   <div class='ocr_carea' id='block_1_21' title="bbox 1035 343 1820 382">
    <p class='ocr_par' dir='ltr' id='par_1_21' title="bbox 1035 343 1820 382">
     <span class='ocr_line' id='line_1_21' title="bbox 1035 343 1820 382; baseline 0.006 -14"><span class='ocrx_word' id='word_1_140' title='bbox 1035 343 1195 378; x_wconf 83' lang='grc' dir='ltr'>νεκροῦται·</span> <span class='ocrx_word' id='word_1_141' title='bbox 1213 343 1353 379; x_wconf 80' lang='grc' dir='ltr'><strong>τιθέμενος</strong></span> <span class='ocrx_word' id='word_1_142' title='bbox 1377 345 1405 371; x_wconf 87' lang='grc' dir='ltr'><strong>δὲ</strong></span> <span class='ocrx_word' id='word_1_143' title='bbox 1422 347 1450 372; x_wconf 84' lang='grc' dir='ltr'>ὲν</span> <span class='ocrx_word' id='word_1_144' title='bbox 1472 345 1511 381; x_wconf 84' lang='grc' dir='ltr'>τῷ</span> <span class='ocrx_word' id='word_1_145' title='bbox 1535 347 1601 382; x_wconf 75' lang='grc' dir='ltr'>πυρὶ</span> <span class='ocrx_word' id='word_1_146' title='bbox 1618 347 1746 373; x_wconf 83' lang='grc' dir='ltr'>όπτοῦται</span> <span class='ocrx_word' id='word_1_147' title='bbox 1768 348 1820 374; x_wconf 71' lang='grc' dir='ltr'>καὶ</span> 
     </span>
    </p>
   </div>
   <div class='ocr_carea' id='block_1_22' title="bbox 1036 388 1819 427">
    <p class='ocr_par' dir='ltr' id='par_1_22' title="bbox 1036 388 1819 427">
     <span class='ocr_line' id='line_1_22' title="bbox 1036 388 1819 427; baseline 0.006 -14"><span class='ocrx_word' id='word_1_148' title='bbox 1036 388 1201 423; x_wconf 83' lang='grc' dir='ltr'><strong>ξηραίνεται,</strong></span> <span class='ocrx_word' id='word_1_149' title='bbox 1214 390 1261 415; x_wconf 70' lang='grc' dir='ltr'>καὶ</span> <span class='ocrx_word' id='word_1_150' title='bbox 1278 390 1407 416; x_wconf 82' lang='grc' dir='ltr'>ἀπόλλυσι</span> <span class='ocrx_word' id='word_1_151' title='bbox 1428 392 1517 418; x_wconf 78' lang='grc' dir='ltr'>πᾶσαν</span> <span class='ocrx_word' id='word_1_152' title='bbox 1528 391 1610 418; x_wconf 69' lang='grc' dir='ltr'>αὐτοῦ</span> <span class='ocrx_word' id='word_1_153' title='bbox 1629 392 1679 427; x_wconf 80' lang='grc' dir='ltr'>τὴν</span> <span class='ocrx_word' id='word_1_154' title='bbox 1693 392 1819 427; x_wconf 80' lang='grc' dir='ltr'>ἀκαθαρ-</span> 
     </span>
    </p>
   </div>
   <div class='ocr_carea' id='block_1_23' title="bbox 1037 433 1820 473">
    <p class='ocr_par' dir='ltr' id='par_1_23' title="bbox 1037 433 1820 473">
     <span class='ocr_line' id='line_1_23' title="bbox 1037 433 1820 473; baseline 0.008 -14"><span class='ocrx_word' id='word_1_155' title='bbox 1037 433 1097 460; x_wconf 87' lang='grc' dir='ltr'>σίαν</span> <span class='ocrx_word' id='word_1_156' title='bbox 1107 441 1113 449; x_wconf 92' lang='grc'>·</span> <span class='ocrx_word' id='word_1_157' title='bbox 1127 434 1238 470; x_wconf 82' lang='grc' dir='ltr'><strong>τοιούτῳ</strong></span> <span class='ocrx_word' id='word_1_158' title='bbox 1251 435 1343 470; x_wconf 83' lang='grc' dir='ltr'>τρόπῳ</span> <span class='ocrx_word' id='word_1_159' title='bbox 1356 435 1413 462; x_wconf 74' lang='grc' dir='ltr'>ἐστὶ</span> <span class='ocrx_word' id='word_1_160' title='bbox 1431 437 1477 462; x_wconf 84' lang='grc' dir='ltr'>καὶ</span> <span class='ocrx_word' id='word_1_161' title='bbox 1490 437 1504 463; x_wconf 87' lang='lat'><strong>6</strong></span> <span class='ocrx_word' id='word_1_162' title='bbox 1517 437 1657 473; x_wconf 75' lang='grc' dir='ltr'>ἄνθρωπος</span> <span class='ocrx_word' id='word_1_163' title='bbox 1666 446 1672 452; x_wconf 91' lang='grc'><strong>·</strong></span> <span class='ocrx_word' id='word_1_164' title='bbox 1688 437 1741 469; x_wconf 72' lang='grc' dir='ltr'><strong>ἕως</strong></span> <span class='ocrx_word' id='word_1_165' title='bbox 1758 439 1820 465; x_wconf 72' lang='grc' dir='ltr'>ἐστὶ</span> 
     </span>
    </p>
   </div>
   <div class='ocr_carea' id='block_1_24' title="bbox 1037 481 1820 520">
    <p class='ocr_par' dir='ltr' id='par_1_24' title="bbox 1037 481 1820 520">
     <span class='ocr_line' id='line_1_24' title="bbox 1037 481 1820 520; baseline 0.005 -12"><span class='ocrx_word' id='word_1_166' title='bbox 1037 481 1118 516; x_wconf 81' lang='grc' dir='ltr'>μέσον</span> <span class='ocrx_word' id='word_1_167' title='bbox 1133 483 1179 510; x_wconf 84' lang='grc' dir='ltr'>τοῦ</span> <span class='ocrx_word' id='word_1_168' title='bbox 1197 482 1322 518; x_wconf 72' lang='grc' dir='ltr'>βίου,’ζῇ</span> <span class='ocrx_word' id='word_1_169' title='bbox 1345 483 1475 518; x_wconf 78' lang='grc' dir='ltr'><strong>ἐμπαθῶς</strong></span> <span class='ocrx_word' id='word_1_170' title='bbox 1491 484 1559 520; x_wconf 81' lang='grc' dir='ltr'>πρὸς</span> <span class='ocrx_word' id='word_1_171' title='bbox 1578 484 1628 517; x_wconf 88' lang='grc' dir='ltr'><strong>τὰς</strong></span> <span class='ocrx_word' id='word_1_172' title='bbox 1650 485 1745 520; x_wconf 77' lang='grc' dir='ltr'>ἡδονὰς</span> <span class='ocrx_word' id='word_1_173' title='bbox 1770 485 1820 512; x_wconf 73' lang='grc' dir='ltr'><strong>καὶ</strong></span> 
     </span>
    </p>
   </div>
   <div class='ocr_carea' id='block_1_25' title="bbox 1036 527 1818 566">
    <p class='ocr_par' dir='ltr' id='par_1_25' title="bbox 1036 527 1818 566">
     <span class='ocr_line' id='line_1_25' title="bbox 1036 527 1818 566; baseline 0.006 -13"><span class='ocrx_word' id='word_1_174' title='bbox 1036 527 1201 560; x_wconf 72' lang='grc' dir='ltr'><strong>ἀκολάστους</strong></span> <span class='ocrx_word' id='word_1_175' title='bbox 1214 528 1370 564; x_wconf 81' lang='grc' dir='ltr'>ἐπιθυμίας.</span> <span class='ocrx_word' id='word_1_176' title='bbox 1384 529 1465 557; x_wconf 78' lang='grc' dir='ltr'>ὐταν</span> <span class='ocrx_word' id='word_1_177' title='bbox 1477 530 1505 557; x_wconf 81' lang='grc' dir='ltr'><strong>δὲ</strong></span> <span class='ocrx_word' id='word_1_178' title='bbox 1520 531 1622 566; x_wconf 85' lang='grc' dir='ltr'><strong>ἀποστῇ</strong></span> <span class='ocrx_word' id='word_1_179' title='bbox 1637 531 1684 558; x_wconf 79' lang='grc' dir='ltr'>τοῦ</span> <span class='ocrx_word' id='word_1_180' title='bbox 1701 532 1818 566; x_wconf 78' lang='grc' dir='ltr'>κόσμου,</span> 
     </span>
    </p>
   </div>
   <div class='ocr_carea' id='block_1_26' title="bbox 1037 573 1818 613">
    <p class='ocr_par' dir='ltr' id='par_1_26' title="bbox 1037 573 1818 613">
     <span class='ocr_line' id='line_1_26' title="bbox 1037 573 1818 613; baseline 0.005 -14"><span class='ocrx_word' id='word_1_181' title='bbox 1037 574 1084 600; x_wconf 65' lang='grc' dir='ltr'>καὶ</span> <span class='ocrx_word' id='word_1_182' title='bbox 1095 573 1178 609; x_wconf 85' lang='grc' dir='ltr'>βιώσῃ</span> <span class='ocrx_word' id='word_1_183' title='bbox 1196 574 1224 600; x_wconf 81' lang='grc' dir='ltr'>ὲν</span> <span class='ocrx_word' id='word_1_184' title='bbox 1239 575 1353 610; x_wconf 78' lang='grc' dir='ltr'><strong>ἀσκήσει</strong></span> <span class='ocrx_word' id='word_1_185' title='bbox 1364 575 1410 602; x_wconf 75' lang='grc' dir='ltr'>καὶ</span> <span class='ocrx_word' id='word_1_186' title='bbox 1424 575 1615 612; x_wconf 83' lang='grc' dir='ltr'>σκληραγωγίᾳ</span> <span class='ocrx_word' id='word_1_187' title='bbox 1626 577 1655 603; x_wconf 84' lang='grc' dir='ltr'>ἑν</span> <span class='ocrx_word' id='word_1_188' title='bbox 1665 578 1696 613; x_wconf 83' lang='grc' dir='ltr'><strong>τῇ</strong></span> <span class='ocrx_word' id='word_1_189' title='bbox 1709 577 1818 612; x_wconf 72' lang='grc' dir='ltr'><strong>ἐρήμῳ,</strong></span> 
     </span>
    </p>
   </div>
   <div class='ocr_carea' id='block_1_27' title="bbox 1037 618 1819 658">
    <p class='ocr_par' dir='ltr' id='par_1_27' title="bbox 1037 618 1819 658">
     <span class='ocr_line' id='line_1_27' title="bbox 1037 618 1819 658; baseline 0.008 -14"><span class='ocrx_word' id='word_1_190' title='bbox 1037 618 1089 645; x_wconf 79' lang='grc' dir='ltr'>ὑπὸ</span> <span class='ocrx_word' id='word_1_191' title='bbox 1102 619 1187 654; x_wconf 74' lang='grc' dir='ltr'>πυρὸς</span> <span class='ocrx_word' id='word_1_192' title='bbox 1200 619 1246 646; x_wconf 79' lang='grc' dir='ltr'><strong>τοῦ</strong></span> <span class='ocrx_word' id='word_1_193' title='bbox 1263 620 1341 654; x_wconf 80' lang='grc' dir='ltr'>ἁγίου</span> <span class='ocrx_word' id='word_1_194' title='bbox 1353 621 1508 656; x_wconf 84' lang='grc' dir='ltr'>Πνεύματος</span> <span class='ocrx_word' id='word_1_195' title='bbox 1524 622 1743 658; x_wconf 78' lang='grc' dir='ltr'>θερμαινόμενος.</span> <span class='ocrx_word' id='word_1_196' title='bbox 1756 623 1819 649; x_wconf 78' lang='grc' dir='ltr'>τότε</span> 
     </span>
    </p>
   </div>
   <div class='ocr_carea' id='block_1_28' title="bbox 1035 663 1819 704">
    <p class='ocr_par' dir='ltr' id='par_1_28' title="bbox 1035 663 1819 704">
     <span class='ocr_line' id='line_1_28' title="bbox 1035 663 1819 704; baseline 0.006 -13"><span class='ocrx_word' id='word_1_197' title='bbox 1035 663 1190 700; x_wconf 80' lang='grc' dir='ltr'><strong>ξηραίνεται</strong></span> <span class='ocrx_word' id='word_1_198' title='bbox 1202 666 1234 692; x_wconf 76' lang='grc' dir='ltr'>ἐκ</span> <span class='ocrx_word' id='word_1_199' title='bbox 1249 666 1303 692; x_wconf 84' lang='grc' dir='ltr'>τῶν</span> <span class='ocrx_word' id='word_1_200' title='bbox 1314 666 1417 697; x_wconf 79' lang='grc' dir='ltr'>παθῶν,</span> <span class='ocrx_word' id='word_1_201' title='bbox 1431 668 1477 694; x_wconf 79' lang='grc' dir='ltr'><strong>καὶ</strong></span> <span class='ocrx_word' id='word_1_202' title='bbox 1492 667 1650 703; x_wconf 79' lang='grc' dir='ltr'>καθαίρεται</span> <span class='ocrx_word' id='word_1_203' title='bbox 1661 669 1713 696; x_wconf 74' lang='grc' dir='ltr'>ἀπὸ</span> <span class='ocrx_word' id='word_1_204' title='bbox 1727 669 1819 704; x_wconf 88' lang='grc' dir='ltr'>πάσης</span> 
     </span>
    </p>
   </div>
   <div class='ocr_carea' id='block_1_29' title="bbox 1035 711 1819 750">
    <p class='ocr_par' dir='ltr' id='par_1_29' title="bbox 1035 711 1819 750">
     <span class='ocr_line' id='line_1_29' title="bbox 1035 711 1819 750; baseline 0.005 -12"><span class='ocrx_word' id='word_1_205' title='bbox 1035 711 1218 747; x_wconf 78' lang='grc' dir='ltr'><strong>ἀκαθαρσίας,</strong></span> <span class='ocrx_word' id='word_1_206' title='bbox 1236 713 1282 739; x_wconf 74' lang='grc' dir='ltr'>καὶ</span> <span class='ocrx_word' id='word_1_207' title='bbox 1299 713 1402 747; x_wconf 80' lang='grc' dir='ltr'>γίνεται</span> <span class='ocrx_word' id='word_1_208' title='bbox 1422 714 1461 749; x_wconf 87' lang='grc' dir='ltr'>τῷ</span> <span class='ocrx_word' id='word_1_209' title='bbox 1485 714 1544 750; x_wconf 87' lang='grc' dir='ltr'><strong>Θεῷ</strong></span> <span class='ocrx_word' id='word_1_210' title='bbox 1567 714 1646 741; x_wconf 90' lang='grc' dir='ltr'>θυσία</span> <span class='ocrx_word' id='word_1_211' title='bbox 1672 715 1819 750; x_wconf 73' lang='grc' dir='ltr'>εὐάρεστος</span> 
     </span>
    </p>
   </div>
   <div class='ocr_carea' id='block_1_30' title="bbox 1034 755 1819 795">
    <p class='ocr_par' dir='ltr' id='par_1_30' title="bbox 1034 755 1819 795">
     <span class='ocr_line' id='line_1_30' title="bbox 1034 755 1819 795; baseline 0.005 -14"><span class='ocrx_word' id='word_1_212' title='bbox 1034 755 1079 782; x_wconf 87' lang='grc' dir='ltr'>διὰ</span> <span class='ocrx_word' id='word_1_213' title='bbox 1092 756 1146 783; x_wconf 85' lang='grc' dir='ltr'>τῶν</span> <span class='ocrx_word' id='word_1_214' title='bbox 1163 757 1411 794; x_wconf 78' lang='grc' dir='ltr'>ἀρετῶν.Ὢσπερὸ</span> <span class='ocrx_word' id='word_1_215' title='bbox 1436 759 1510 794; x_wconf 75' lang='grc' dir='ltr'>ἰχθὺς</span> <span class='ocrx_word' id='word_1_216' title='bbox 1538 759 1640 793; x_wconf 86' lang='grc' dir='ltr'>γίνεται</span> <span class='ocrx_word' id='word_1_217' title='bbox 1667 759 1819 795; x_wconf 76' lang='grc' dir='ltr'>ἐπιτήδειος</span> 
     </span>
    </p>
   </div>
   <div class='ocr_carea' id='block_1_31' title="bbox 1034 801 1819 840">
    <p class='ocr_par' dir='ltr' id='par_1_31' title="bbox 1034 801 1819 840">
     <span class='ocr_line' id='line_1_31' title="bbox 1034 801 1819 840; baseline 0.008 -14"><span class='ocrx_word' id='word_1_218' title='bbox 1034 801 1074 832; x_wconf 85' lang='grc' dir='ltr'><strong>είς</strong></span> <span class='ocrx_word' id='word_1_219' title='bbox 1098 802 1199 836; x_wconf 61' lang='grc' dir='ltr'>τροφὴν</span> <span class='ocrx_word' id='word_1_220' title='bbox 1221 804 1349 839; x_wconf 68' lang='grc' dir='ltr'>ὀπτηθεὶς</span> <span class='ocrx_word' id='word_1_221' title='bbox 1378 805 1420 830; x_wconf 79' lang='grc' dir='ltr'><strong>ἐπ’</strong></span> <span class='ocrx_word' id='word_1_222' title='bbox 1442 805 1601 840; x_wconf 83' lang='grc' dir='ltr'>ἀνθράκων·</span> <span class='ocrx_word' id='word_1_223' title='bbox 1627 805 1712 837; x_wconf 71' lang='grc' dir='ltr'>οὕτως</span> <span class='ocrx_word' id='word_1_224' title='bbox 1735 805 1782 832; x_wconf 83' lang='grc' dir='ltr'>καὶ</span> <span class='ocrx_word' id='word_1_225' title='bbox 1803 806 1819 832; x_wconf 84' lang='lat'><strong>6</strong></span> 
     </span>
    </p>
   </div>
   <div class='ocr_carea' id='block_1_32' title="bbox 202 846 1757 888">
    <p class='ocr_par' dir='ltr' id='par_1_32' title="bbox 202 846 1757 888">
     <span class='ocr_line' id='line_1_32' title="bbox 202 846 1757 888; baseline 0.003 -15"><span class='ocrx_word' id='word_1_226' title='bbox 202 847 359 882; x_wconf 77' lang='grc' dir='ltr'>ἄνθρωπος,</span> <span class='ocrx_word' id='word_1_227' title='bbox 385 847 430 874; x_wconf 78' lang='grc' dir='ltr'><strong>διὰ</strong></span> <span class='ocrx_word' id='word_1_228' title='bbox 453 848 502 883; x_wconf 85' lang='grc' dir='ltr'>τῆς</span> <span class='ocrx_word' id='word_1_229' title='bbox 517 848 619 884; x_wconf 79' lang='grc' dir='ltr'>θέρμης</span> <span class='ocrx_word' id='word_1_230' title='bbox 646 849 692 875; x_wconf 76' lang='grc' dir='ltr'>τοῦ</span> <span class='ocrx_word' id='word_1_231' title='bbox 719 849 796 882; x_wconf 77' lang='grc' dir='ltr'>ἁγίου</span> <span class='ocrx_word' id='word_1_232' title='bbox 821 847 978 882; x_wconf 69' lang='grc' dir='ltr'>Πνεῦματος</span> <span class='ocrx_word' id='word_1_233' title='bbox 996 846 1152 883; x_wconf 73' lang='grc' dir='ltr'>καθαρθεὶς,</span> <span class='ocrx_word' id='word_1_234' title='bbox 1170 850 1272 884; x_wconf 86' lang='grc' dir='ltr'>γίνεται</span> <span class='ocrx_word' id='word_1_235' title='bbox 1288 851 1367 878; x_wconf 82' lang='grc' dir='ltr'>θυσία</span> <span class='ocrx_word' id='word_1_236' title='bbox 1387 852 1581 888; x_wconf 75' lang='grc' dir='ltr'><strong>εὐπρόσδεκτος</strong></span> <span class='ocrx_word' id='word_1_237' title='bbox 1596 852 1634 888; x_wconf 84' lang='grc' dir='ltr'>τῷ</span> <span class='ocrx_word' id='word_1_238' title='bbox 1654 853 1757 887; x_wconf 83' lang='grc' dir='ltr'>Κυρίῳ.</span> 
     </span>
    </p>
   </div>
   <div class='ocr_carea' id='block_1_33' title="bbox 242 892 983 931">
    <p class='ocr_par' dir='ltr' id='par_1_33' title="bbox 242 892 983 928">
     <span class='ocr_line' id='line_1_33' title="bbox 242 892 983 928; baseline -0.005 -8"><span class='ocrx_word' id='word_1_239' title='bbox 242 892 323 928; x_wconf 67' lang='grc'><strong>264</strong></span> <span class='ocrx_word' id='word_1_240' title='bbox 336 892 412 920; x_wconf 86' lang='lat' dir='ltr'><strong>Nunc</strong></span> <span class='ocrx_word' id='word_1_241' title='bbox 429 893 501 928; x_wconf 89' lang='lat' dir='ltr'><strong>quod</strong></span> <span class='ocrx_word' id='word_1_242' title='bbox 517 893 548 920; x_wconf 88' lang='lat' dir='ltr'><strong>ad</strong></span> <span class='ocrx_word' id='word_1_243' title='bbox 568 893 657 920; x_wconf 76' lang='lat' dir='ltr'><strong>favum</strong></span> <span class='ocrx_word' id='word_1_244' title='bbox 674 894 762 921; x_wconf 87' lang='lat' dir='ltr'><strong>mellis</strong></span> <span class='ocrx_word' id='word_1_245' title='bbox 777 893 883 924; x_wconf 80' lang='lat' dir='ltr'><strong>attinet,</strong></span> <span class='ocrx_word' id='word_1_246' title='bbox 902 892 983 918; x_wconf 87' lang='lat' dir='ltr'><strong>talem</strong></span> 
     </span>
    </p>
   </div>
   <div class='ocr_carea' id='block_1_34' title="bbox 1036 892 1819 931">
    <p class='ocr_par' dir='ltr' id='par_1_34' title="bbox 1070 893 1819 931">
     <span class='ocr_line' id='line_1_34' title="bbox 1070 893 1819 931; baseline 0.004 -11"><span class='ocrx_word' id='word_1_247' title='bbox 1070 893 1107 919; x_wconf 80' lang='grc' dir='ltr'>Τὸ</span> <span class='ocrx_word' id='word_1_248' title='bbox 1127 894 1157 920; x_wconf 83' lang='grc' dir='ltr'><strong>δὲ</strong></span> <span class='ocrx_word' id='word_1_249' title='bbox 1176 895 1230 921; x_wconf 81' lang='grc' dir='ltr'>ἀπὸ</span> <span class='ocrx_word' id='word_1_250' title='bbox 1247 895 1385 930; x_wconf 85' lang='grc' dir='ltr'><strong>μελισσίου</strong></span> <span class='ocrx_word' id='word_1_251' title='bbox 1407 896 1502 931; x_wconf 83' lang='grc' dir='ltr'>κηρίον</span> <span class='ocrx_word' id='word_1_252' title='bbox 1518 896 1575 922; x_wconf 77' lang='grc' dir='ltr'>ἐστὶ</span> <span class='ocrx_word' id='word_1_253' title='bbox 1591 896 1671 923; x_wconf 81' lang='grc' dir='ltr'>πάλιν</span> <span class='ocrx_word' id='word_1_254' title='bbox 1691 896 1819 931; x_wconf 80' lang='grc' dir='ltr'><strong>τοιαύτην</strong></span> 
     </span>
    </p>
   </div>
   <div class='ocr_carea' id='block_1_35' title="bbox 204 938 985 973">
    <p class='ocr_par' dir='ltr' id='par_1_35' title="bbox 204 938 985 973">
     <span class='ocr_line' id='line_1_35' title="bbox 204 938 985 973; baseline 0 -9"><span class='ocrx_word' id='word_1_255' title='bbox 204 938 285 965; x_wconf 81' lang='lat' dir='ltr'><strong>habet</strong></span> <span class='ocrx_word' id='word_1_256' title='bbox 303 939 564 972; x_wconf 87' lang='lat' dir='ltr'><strong>interpretationem.</strong></span> <span class='ocrx_word' id='word_1_257' title='bbox 592 939 771 972; x_wconf 68' lang='lat' dir='ltr'><strong>Qumrendum</strong></span> <span class='ocrx_word' id='word_1_258' title='bbox 801 939 893 973; x_wconf 83' lang='lat' dir='ltr'><strong>itaque</strong></span> <span class='ocrx_word' id='word_1_259' title='bbox 918 945 985 972; x_wconf 87' lang='lat' dir='ltr'><strong>quo-</strong></span> 
     </span>
    </p>
   </div>
   <div class='ocr_carea' id='block_1_36' title="bbox 204 983 984 1018">
    <p class='ocr_par' dir='ltr' id='par_1_36' title="bbox 204 983 984 1018">
     <span class='ocr_line' id='line_1_36' title="bbox 204 983 984 1018; baseline 0.003 -9"><span class='ocrx_word' id='word_1_260' title='bbox 204 983 285 1010; x_wconf 87' lang='lat' dir='ltr'><strong>modo</strong></span> <span class='ocrx_word' id='word_1_261' title='bbox 300 990 354 1009; x_wconf 91' lang='lat' dir='ltr'><strong>non</strong></span> <span class='ocrx_word' id='word_1_262' title='bbox 373 983 454 1010; x_wconf 89' lang='lat' dir='ltr'><strong>fuerit</strong></span> <span class='ocrx_word' id='word_1_263' title='bbox 471 984 522 1010; x_wconf 86' lang='lat' dir='ltr'><strong>mel</strong></span> <span class='ocrx_word' id='word_1_264' title='bbox 537 984 596 1011; x_wconf 88' lang='lat' dir='ltr'><strong>sine</strong></span> <span class='ocrx_word' id='word_1_265' title='bbox 616 984 686 1011; x_wconf 82' lang='lat' dir='ltr'><strong>favo.</strong></span> <span class='ocrx_word' id='word_1_266' title='bbox 716 983 764 1012; x_wconf 87' lang='lat' dir='ltr'><strong>Est</strong></span> <span class='ocrx_word' id='word_1_267' title='bbox 780 984 889 1018; x_wconf 86' lang='lat' dir='ltr'><strong>quidem</strong></span> <span class='ocrx_word' id='word_1_268' title='bbox 908 983 984 1011; x_wconf 83' lang='lat' dir='ltr'><strong>favus</strong></span> 
     </span>
    </p>
   </div>
   <div class='ocr_carea' id='block_1_37' title="bbox 204 1029 985 1065">
    <p class='ocr_par' dir='ltr' id='par_1_37' title="bbox 204 1029 985 1065">
     <span class='ocr_line' id='line_1_37' title="bbox 204 1029 985 1065; baseline 0 -9"><span class='ocrx_word' id='word_1_269' title='bbox 204 1029 265 1056; x_wconf 83' lang='lat' dir='ltr'><strong>sine</strong></span> <span class='ocrx_word' id='word_1_270' title='bbox 285 1029 374 1062; x_wconf 89' lang='lat' dir='ltr'><strong>melle,</strong></span> <span class='ocrx_word' id='word_1_271' title='bbox 391 1033 418 1057; x_wconf 87' lang='lat' dir='ltr'><strong>et</strong></span> <span class='ocrx_word' id='word_1_272' title='bbox 439 1030 587 1065; x_wconf 83' lang='lat' dir='ltr'><strong>aliquando</strong></span> <span class='ocrx_word' id='word_1_273' title='bbox 613 1031 665 1057; x_wconf 91' lang='lat' dir='ltr'><strong>mel</strong></span> <span class='ocrx_word' id='word_1_274' title='bbox 689 1034 731 1057; x_wconf 90' lang='lat' dir='ltr'><strong>cst</strong></span> <span class='ocrx_word' id='word_1_275' title='bbox 756 1030 814 1058; x_wconf 92' lang='lat' dir='ltr'><strong>sine</strong></span> <span class='ocrx_word' id='word_1_276' title='bbox 841 1029 902 1056; x_wconf 87' lang='lat' dir='ltr'><strong>favo</strong></span> <span class='ocrx_word' id='word_1_277' title='bbox 919 1039 925 1056; x_wconf 88' lang='lat'>:</span> <span class='ocrx_word' id='word_1_278' title='bbox 940 1030 985 1056; x_wconf 89' lang='lat' dir='ltr'><strong>hic</strong></span> 
     </span>
    </p>
   </div>
   <div class='ocr_carea' id='block_1_38' title="bbox 203 1075 984 1110">
    <p class='ocr_par' dir='ltr' id='par_1_38' title="bbox 203 1075 984 1110">
     <span class='ocr_line' id='line_1_38' title="bbox 203 1075 984 1110; baseline 0.001 -9"><span class='ocrx_word' id='word_1_279' title='bbox 203 1082 268 1102; x_wconf 86' lang='lat' dir='ltr'><strong>vero</strong></span> <span class='ocrx_word' id='word_1_280' title='bbox 279 1079 414 1110; x_wconf 82' lang='lat' dir='ltr'><strong>repertum</strong></span> <span class='ocrx_word' id='word_1_281' title='bbox 433 1079 476 1102; x_wconf 87' lang='lat' dir='ltr'><strong>est</strong></span> <span class='ocrx_word' id='word_1_282' title='bbox 490 1080 652 1110; x_wconf 84' lang='lat' dir='ltr'><strong>utrumque;</strong></span> <span class='ocrx_word' id='word_1_283' title='bbox 665 1083 719 1110; x_wconf 89' lang='lat' dir='ltr'><strong>quo</strong></span> <span class='ocrx_word' id='word_1_284' title='bbox 734 1083 797 1102; x_wconf 87' lang='lat' dir='ltr'><strong>vero</strong></span> <span class='ocrx_word' id='word_1_285' title='bbox 814 1079 894 1110; x_wconf 86' lang='lat' dir='ltr'><strong>pacto</strong></span> <span class='ocrx_word' id='word_1_286' title='bbox 910 1075 984 1102; x_wconf 84' lang='lat' dir='ltr'><strong>audi.</strong></span> 
     </span>
    </p>
   </div>
   <div class='ocr_carea' id='block_1_39' title="bbox 203 1119 985 1156">
    <p class='ocr_par' dir='ltr' id='par_1_39' title="bbox 203 1119 985 1156">
     <span class='ocr_line' id='line_1_39' title="bbox 203 1119 985 1156; baseline 0 -8"><span class='ocrx_word' id='word_1_287' title='bbox 203 1119 255 1148; x_wconf 68' lang='lat' dir='ltr'><strong>Mel</strong></span> <span class='ocrx_word' id='word_1_288' title='bbox 278 1122 388 1156; x_wconf 86' lang='lat' dir='ltr'><strong>quidem</strong></span> <span class='ocrx_word' id='word_1_289' title='bbox 413 1126 522 1156; x_wconf 81' lang='lat' dir='ltr'><strong>propter</strong></span> <span class='ocrx_word' id='word_1_290' title='bbox 547 1123 633 1148; x_wconf 87' lang='lat' dir='ltr'><strong>sancti</strong></span> <span class='ocrx_word' id='word_1_291' title='bbox 662 1120 781 1156; x_wconf 87' lang='lat' dir='ltr'><strong>Spiritus</strong></span> <span class='ocrx_word' id='word_1_292' title='bbox 803 1121 985 1154; x_wconf 87' lang='lat' dir='ltr'><strong>dulcedinem,</strong></span> 
     </span>
    </p>
   </div>
   <div class='ocr_carea' id='block_1_40' title="bbox 202 1167 984 1202">
    <p class='ocr_par' dir='ltr' id='par_1_40' title="bbox 202 1167 984 1202">
     <span class='ocr_line' id='line_1_40' title="bbox 202 1167 984 1202; baseline 0.003 -10"><span class='ocrx_word' id='word_1_293' title='bbox 202 1174 285 1200; x_wconf 83' lang='lat' dir='ltr'><strong>quam</strong></span> <span class='ocrx_word' id='word_1_294' title='bbox 299 1174 381 1201; x_wconf 92' lang='lat' dir='ltr'><strong>super</strong></span> <span class='ocrx_word' id='word_1_295' title='bbox 394 1168 532 1202; x_wconf 83' lang='lat' dir='ltr'><strong>apostolos</strong></span> <span class='ocrx_word' id='word_1_296' title='bbox 541 1170 567 1194; x_wconf 87' lang='lat' dir='ltr'><strong>et</strong></span> <span class='ocrx_word' id='word_1_297' title='bbox 574 1175 668 1195; x_wconf 87' lang='lat' dir='ltr'><strong>omnes</strong></span> <span class='ocrx_word' id='word_1_298' title='bbox 676 1167 769 1195; x_wconf 88' lang='lat' dir='ltr'><strong>ﬁdeles</strong></span> <span class='ocrx_word' id='word_1_299' title='bbox 775 1167 910 1195; x_wconf 81' lang='lat' dir='ltr'><strong>eﬂ&#39;usurus</strong></span> <span class='ocrx_word' id='word_1_300' title='bbox 916 1171 984 1195; x_wconf 84' lang='lat' dir='ltr'><strong>erat.</strong></span> 
     </span>
    </p>
   </div>
   <div class='ocr_carea' id='block_1_41' title="bbox 202 1212 987 1248">
    <p class='ocr_par' dir='ltr' id='par_1_41' title="bbox 202 1212 987 1248">
     <span class='ocr_line' id='line_1_41' title="bbox 202 1212 987 1248; baseline 0.001 -9"><span class='ocrx_word' id='word_1_301' title='bbox 202 1212 306 1240; x_wconf 83' lang='lat' dir='ltr'><strong>Favum</strong></span> <span class='ocrx_word' id='word_1_302' title='bbox 324 1220 388 1240; x_wconf 88' lang='lat' dir='ltr'><strong>vero</strong></span> <span class='ocrx_word' id='word_1_303' title='bbox 404 1212 509 1244; x_wconf 81' lang='lat' dir='ltr'><strong>habuit.</strong></span> <span class='ocrx_word' id='word_1_304' title='bbox 534 1217 645 1248; x_wconf 86' lang='lat' dir='ltr'><strong>propter</strong></span> <span class='ocrx_word' id='word_1_305' title='bbox 664 1213 846 1248; x_wconf 78' lang='lat' dir='ltr'><strong>signaculum,</strong></span> <span class='ocrx_word' id='word_1_306' title='bbox 861 1221 916 1248; x_wconf 88' lang='lat' dir='ltr'><strong>quo</strong></span> <span class='ocrx_word' id='word_1_307' title='bbox 938 1221 987 1248; x_wconf 89' lang='lat' dir='ltr'><strong>per</strong></span> 
     </span>
    </p>
   </div>
   <div class='ocr_carea' id='block_1_42' title="bbox 203 1257 987 1293">
    <p class='ocr_par' dir='ltr' id='par_1_42' title="bbox 203 1257 987 1293">
     <span class='ocr_line' id='line_1_42' title="bbox 203 1257 987 1293; baseline -0.001 -7"><span class='ocrx_word' id='word_1_308' title='bbox 203 1258 369 1293; x_wconf 76' lang='lat' dir='ltr'><strong>baptismum</strong></span> <span class='ocrx_word' id='word_1_309' title='bbox 385 1266 480 1286; x_wconf 86' lang='lat' dir='ltr'><strong>omnes</strong></span> <span class='ocrx_word' id='word_1_310' title='bbox 496 1257 588 1286; x_wconf 89' lang='lat' dir='ltr'><strong>ﬁdeles</strong></span> <span class='ocrx_word' id='word_1_311' title='bbox 604 1258 769 1293; x_wconf 80' lang='lat' dir='ltr'><strong>obsignavit.</strong></span> <span class='ocrx_word' id='word_1_312' title='bbox 799 1258 903 1286; x_wconf 83' lang='lat' dir='ltr'><strong>Etenim</strong></span> <span class='ocrx_word' id='word_1_313' title='bbox 923 1259 987 1286; x_wconf 89' lang='lat' dir='ltr'><strong>the-</strong></span> 
     </span>
    </p>
   </div>
   <div class='ocr_carea' id='block_1_43' title="bbox 203 1305 986 1340">
    <p class='ocr_par' dir='ltr' id='par_1_43' title="bbox 203 1305 986 1340">
     <span class='ocr_line' id='line_1_43' title="bbox 203 1305 986 1340; baseline 0.001 -8"><span class='ocrx_word' id='word_1_314' title='bbox 203 1312 302 1332; x_wconf 81' lang='lat' dir='ltr'><strong>saurus</strong></span> <span class='ocrx_word' id='word_1_315' title='bbox 316 1308 419 1339; x_wconf 87' lang='lat' dir='ltr'><strong>quanto</strong></span> <span class='ocrx_word' id='word_1_316' title='bbox 435 1305 521 1340; x_wconf 83' lang='lat' dir='ltr'><strong>magis</strong></span> <span class='ocrx_word' id='word_1_317' title='bbox 535 1305 658 1332; x_wconf 88' lang='lat' dir='ltr'><strong>inclusus</strong></span> <span class='ocrx_word' id='word_1_318' title='bbox 670 1308 711 1332; x_wconf 85' lang='lat' dir='ltr'><strong>est</strong></span> <span class='ocrx_word' id='word_1_319' title='bbox 723 1305 750 1332; x_wconf 92' lang='lat' dir='ltr'><strong>in</strong></span> <span class='ocrx_word' id='word_1_320' title='bbox 768 1305 839 1337; x_wconf 82' lang='lat' dir='ltr'><strong>favo,</strong></span> <span class='ocrx_word' id='word_1_321' title='bbox 856 1309 933 1332; x_wconf 86' lang='lat' dir='ltr'><strong>tanto</strong></span> <span class='ocrx_word' id='word_1_322' title='bbox 945 1310 986 1333; x_wconf 87' lang='lat' dir='ltr'><strong>est</strong></span> 
     </span>
    </p>
   </div>
   <div class='ocr_carea' id='block_1_44' title="bbox 203 1349 986 1386">
    <p class='ocr_par' dir='ltr' id='par_1_44' title="bbox 203 1349 986 1386">
     <span class='ocr_line' id='line_1_44' title="bbox 203 1349 986 1386; baseline 0 -9"><span class='ocrx_word' id='word_1_323' title='bbox 203 1350 296 1377; x_wconf 89' lang='lat' dir='ltr'><strong>tutior.</strong></span> <span class='ocrx_word' id='word_1_324' title='bbox 312 1349 452 1377; x_wconf 88' lang='lat' dir='ltr'><strong>Consimili</strong></span> <span class='ocrx_word' id='word_1_325' title='bbox 475 1350 555 1377; x_wconf 92' lang='lat' dir='ltr'><strong>modo</strong></span> <span class='ocrx_word' id='word_1_326' title='bbox 576 1355 603 1377; x_wconf 84' lang='lat' dir='ltr'><strong>et</strong></span> <span class='ocrx_word' id='word_1_327' title='bbox 618 1353 712 1386; x_wconf 65' lang='lat' dir='ltr'><strong>gratiae</strong></span> <span class='ocrx_word' id='word_1_328' title='bbox 725 1351 824 1378; x_wconf 68' lang='lat' dir='ltr'><strong>divinae</strong></span> <span class='ocrx_word' id='word_1_329' title='bbox 843 1354 907 1378; x_wconf 70' lang='lat' dir='ltr'><strong>tntte</strong></span> <span class='ocrx_word' id='word_1_330' title='bbox 922 1355 986 1379; x_wconf 81' lang='lat' dir='ltr'><strong>sunt</strong></span> 
     </span>
    </p>
   </div>
   <div class='ocr_carea' id='block_1_45' title="bbox 203 1395 986 1431">
    <p class='ocr_par' dir='ltr' id='par_1_45' title="bbox 203 1395 986 1431">
     <span class='ocr_line' id='line_1_45' title="bbox 203 1395 986 1431; baseline 0 -8"><span class='ocrx_word' id='word_1_331' title='bbox 203 1396 231 1423; x_wconf 90' lang='lat' dir='ltr'><strong>in</strong></span> <span class='ocrx_word' id='word_1_332' title='bbox 246 1395 364 1427; x_wconf 84' lang='lat' dir='ltr'><strong>homine,</strong></span> <span class='ocrx_word' id='word_1_333' title='bbox 378 1396 425 1430; x_wconf 84' lang='lat' dir='ltr'><strong>qui</strong></span> <span class='ocrx_word' id='word_1_334' title='bbox 440 1395 568 1431; x_wconf 84' lang='lat' dir='ltr'><strong>baptismi</strong></span> <span class='ocrx_word' id='word_1_335' title='bbox 581 1396 750 1431; x_wconf 76' lang='lat' dir='ltr'><strong>signaculum</strong></span> <span class='ocrx_word' id='word_1_336' title='bbox 763 1399 790 1424; x_wconf 91' lang='lat' dir='ltr'><strong>et</strong></span> <span class='ocrx_word' id='word_1_337' title='bbox 802 1397 909 1431; x_wconf 83' lang='lat' dir='ltr'><strong>signum</strong></span> <span class='ocrx_word' id='word_1_338' title='bbox 921 1404 986 1424; x_wconf 83' lang='lat' dir='ltr'><strong>cru-</strong></span> 
     </span>
    </p>
   </div>
   <div class='ocr_carea' id='block_1_46' title="bbox 202 1441 986 1478">
    <p class='ocr_par' dir='ltr' id='par_1_46' title="bbox 202 1441 986 1478">
     <span class='ocr_line' id='line_1_46' title="bbox 202 1441 986 1478; baseline 0.003 -10"><span class='ocrx_word' id='word_1_339' title='bbox 202 1441 253 1475; x_wconf 86' lang='lat' dir='ltr'><strong>cis,</strong></span> <span class='ocrx_word' id='word_1_340' title='bbox 270 1441 386 1477; x_wconf 86' lang='lat' dir='ltr'><strong>denique</strong></span> <span class='ocrx_word' id='word_1_341' title='bbox 397 1441 475 1469; x_wconf 83' lang='lat' dir='ltr'><strong>ﬁdem</strong></span> <span class='ocrx_word' id='word_1_342' title='bbox 491 1449 600 1477; x_wconf 83' lang='lat' dir='ltr'><strong>quoque</strong></span> <span class='ocrx_word' id='word_1_343' title='bbox 619 1450 680 1478; x_wconf 72' lang='lat' dir='ltr'><strong>quae</strong></span> <span class='ocrx_word' id='word_1_344' title='bbox 692 1447 734 1470; x_wconf 88' lang='lat' dir='ltr'><strong>est</strong></span> <span class='ocrx_word' id='word_1_345' title='bbox 750 1442 777 1470; x_wconf 92' lang='lat' dir='ltr'><strong>in</strong></span> <span class='ocrx_word' id='word_1_346' title='bbox 789 1442 927 1470; x_wconf 88' lang='lat' dir='ltr'><strong>Christum</strong></span> <span class='ocrx_word' id='word_1_347' title='bbox 939 1441 986 1470; x_wconf 80' lang='lat' dir='ltr'><strong>ba-</strong></span> 
     </span>
    </p>
   </div>
   <div class='ocr_carea' id='block_1_47' title="bbox 203 1487 256 1514">
    <p class='ocr_par' dir='ltr' id='par_1_47' title="bbox 203 1487 256 1514">
     <span class='ocr_line' id='line_1_47' title="bbox 203 1487 256 1514; baseline -0.019 -1"><span class='ocrx_word' id='word_1_348' title='bbox 203 1487 256 1514; x_wconf 87' lang='lat' dir='ltr'><strong>bet.</strong></span> 
     </span>
    </p>
   </div>
   <div class='ocr_carea' id='block_1_48' title="bbox 444 1607 745 1644">
    <p class='ocr_par' dir='ltr' id='par_1_48' title="bbox 444 1607 745 1644">
     <span class='ocr_line' id='line_1_48' title="bbox 444 1607 745 1644; baseline 0.007 -10"><span class='ocrx_word' id='word_1_349' title='bbox 444 1607 482 1635; x_wconf 82' lang='lat' dir='ltr'><strong>De</strong></span> <span class='ocrx_word' id='word_1_350' title='bbox 495 1608 582 1644; x_wconf 84' lang='lat' dir='ltr'><strong>gloria</strong></span> <span class='ocrx_word' id='word_1_351' title='bbox 594 1608 604 1644; x_wconf 92' lang='lat'>(</span> <span class='ocrx_word' id='word_1_352' title='bbox 615 1607 745 1644; x_wconf 77' lang='lat' dir='ltr'><strong>Christi.)</strong></span> 
     </span>
    </p>
   </div>
   <div class='ocr_carea' id='block_1_49' title="bbox 237 1675 986 1712">
    <p class='ocr_par' dir='ltr' id='par_1_49' title="bbox 237 1675 986 1712">
     <span class='ocr_line' id='line_1_49' title="bbox 237 1675 986 1712; baseline 0.004 -9"><span class='ocrx_word' id='word_1_353' title='bbox 237 1675 347 1708; x_wconf 60' lang='lat' dir='ltr'><strong>Quzsr.</strong></span> <span class='ocrx_word' id='word_1_354' title='bbox 363 1675 444 1704; x_wconf 80' lang='lat' dir='ltr'><strong>XLV.</strong></span> <span class='ocrx_word' id='word_1_355' title='bbox 463 1675 610 1703; x_wconf 87' lang='lat' dir='ltr'><strong>Sciendum</strong></span> <span class='ocrx_word' id='word_1_356' title='bbox 624 1684 689 1704; x_wconf 88' lang='lat' dir='ltr'><strong>vero</strong></span> <span class='ocrx_word' id='word_1_357' title='bbox 702 1677 775 1712; x_wconf 90' lang='lat' dir='ltr'><strong>quod</strong></span> <span class='ocrx_word' id='word_1_358' title='bbox 791 1676 922 1706; x_wconf 87' lang='lat' dir='ltr'><strong>Dominus</strong></span> <span class='ocrx_word' id='word_1_359' title='bbox 937 1685 986 1705; x_wconf 91' lang='lat' dir='ltr'><strong>no-</strong></span> 
     </span>
    </p>
   </div>
   <div class='ocr_carea' id='block_1_50' title="bbox 202 1721 986 1757">
    <p class='ocr_par' dir='ltr' id='par_1_50' title="bbox 202 1721 986 1757">
     <span class='ocr_line' id='line_1_50' title="bbox 202 1721 986 1757; baseline 0.003 -9"><span class='ocrx_word' id='word_1_360' title='bbox 202 1726 258 1749; x_wconf 79' lang='lat' dir='ltr'><strong>ster</strong></span> <span class='ocrx_word' id='word_1_361' title='bbox 269 1721 350 1750; x_wconf 68' lang='lat' dir='ltr'><strong>Iesus</strong></span> <span class='ocrx_word' id='word_1_362' title='bbox 363 1722 491 1749; x_wconf 88' lang='lat' dir='ltr'><strong>Christus</strong></span> <span class='ocrx_word' id='word_1_363' title='bbox 514 1726 657 1757; x_wconf 88' lang='lat' dir='ltr'><strong>postquam</strong></span> <span class='ocrx_word' id='word_1_364' title='bbox 672 1729 706 1749; x_wconf 75' lang='lat' dir='ltr'><strong>ex</strong></span> <span class='ocrx_word' id='word_1_365' title='bbox 721 1721 825 1757; x_wconf 88' lang='lat' dir='ltr'><strong>Spiritu</strong></span> <span class='ocrx_word' id='word_1_366' title='bbox 850 1727 946 1750; x_wconf 86' lang='lat' dir='ltr'><strong>sancto</strong></span> <span class='ocrx_word' id='word_1_367' title='bbox 959 1727 986 1751; x_wconf 90' lang='lat' dir='ltr'><strong>et</strong></span> 
     </span>
    </p>
   </div>
   <div class='ocr_carea' id='block_1_51' title="bbox 202 1766 987 1804">
    <p class='ocr_par' dir='ltr' id='par_1_51' title="bbox 202 1766 987 1804">
     <span class='ocr_line' id='line_1_51' title="bbox 202 1766 987 1804; baseline 0.003 -10"><span class='ocrx_word' id='word_1_368' title='bbox 202 1775 234 1794; x_wconf 79' lang='lat' dir='ltr'><strong>ex</strong></span> <span class='ocrx_word' id='word_1_369' title='bbox 251 1766 334 1794; x_wconf 81' lang='lat' dir='ltr'><strong>Maria</strong></span> <span class='ocrx_word' id='word_1_370' title='bbox 354 1771 482 1802; x_wconf 90' lang='lat' dir='ltr'><strong>perpetua</strong></span> <span class='ocrx_word' id='word_1_371' title='bbox 498 1767 610 1803; x_wconf 82' lang='lat' dir='ltr'><strong>Virgine</strong></span> <span class='ocrx_word' id='word_1_372' title='bbox 626 1769 798 1804; x_wconf 83' lang='lat' dir='ltr'><strong>sumpsisset,</strong></span> <span class='ocrx_word' id='word_1_373' title='bbox 818 1772 844 1796; x_wconf 90' lang='lat' dir='ltr'><strong>et</strong></span> <span class='ocrx_word' id='word_1_374' title='bbox 860 1769 987 1796; x_wconf 82' lang='lat' dir='ltr'><strong>incama-</strong></span> 
     </span>
    </p>
   </div>
   <div class='ocr_carea' id='block_1_52' title="bbox 202 1812 986 1850">
    <p class='ocr_par' dir='ltr' id='par_1_52' title="bbox 202 1812 986 1850">
     <span class='ocr_line' id='line_1_52' title="bbox 202 1812 986 1850; baseline 0.004 -11"><span class='ocrx_word' id='word_1_375' title='bbox 202 1817 247 1840; x_wconf 91' lang='lat' dir='ltr'><strong>tus</strong></span> <span class='ocrx_word' id='word_1_376' title='bbox 264 1812 377 1846; x_wconf 80' lang='lat' dir='ltr'><strong>fuisset;</strong></span> <span class='ocrx_word' id='word_1_377' title='bbox 401 1818 545 1848; x_wconf 89' lang='lat' dir='ltr'><strong>postquam</strong></span> <span class='ocrx_word' id='word_1_378' title='bbox 569 1814 686 1841; x_wconf 89' lang='lat' dir='ltr'><strong>humana</strong></span> <span class='ocrx_word' id='word_1_379' title='bbox 703 1815 795 1841; x_wconf 86' lang='lat' dir='ltr'><strong>omnia</strong></span> <span class='ocrx_word' id='word_1_380' title='bbox 819 1815 986 1850; x_wconf 86' lang='lat' dir='ltr'><strong>suscepisset</strong></span> 
     </span>
    </p>
   </div>
   <div class='ocr_carea' id='block_1_53' title="bbox 203 1859 985 1895">
    <p class='ocr_par' dir='ltr' id='par_1_53' title="bbox 203 1859 985 1895">
     <span class='ocr_line' id='line_1_53' title="bbox 203 1859 985 1895; baseline 0.005 -12"><span class='ocrx_word' id='word_1_381' title='bbox 203 1861 298 1892; x_wconf 72' lang='lat' dir='ltr'><strong>praeter</strong></span> <span class='ocrx_word' id='word_1_382' title='bbox 321 1863 461 1893; x_wconf 85' lang='lat' dir='ltr'><strong>peccatum</strong></span> <span class='ocrx_word' id='word_1_383' title='bbox 478 1862 504 1886; x_wconf 89' lang='lat' dir='ltr'><strong>et</strong></span> <span class='ocrx_word' id='word_1_384' title='bbox 529 1859 724 1891; x_wconf 84' lang='lat' dir='ltr'><strong>infirmitatem,</strong></span> <span class='ocrx_word' id='word_1_385' title='bbox 740 1864 885 1895; x_wconf 86' lang='lat' dir='ltr'><strong>postquam</strong></span> <span class='ocrx_word' id='word_1_386' title='bbox 910 1864 985 1887; x_wconf 87' lang='lat' dir='ltr'><strong>tanta</strong></span> 
     </span>
    </p>
   </div>
   <div class='ocr_carea' id='block_1_54' title="bbox 202 1903 985 1939">
    <p class='ocr_par' dir='ltr' id='par_1_54' title="bbox 202 1903 985 1939">
     <span class='ocr_line' id='line_1_54' title="bbox 202 1903 985 1939; baseline 0.003 -9"><span class='ocrx_word' id='word_1_387' title='bbox 202 1903 330 1931; x_wconf 83' lang='lat' dir='ltr'><strong>edidisset</strong></span> <span class='ocrx_word' id='word_1_388' title='bbox 342 1904 482 1936; x_wconf 85' lang='lat' dir='ltr'><strong>miracula.</strong></span> <span class='ocrx_word' id='word_1_389' title='bbox 498 1910 625 1939; x_wconf 85' lang='lat' dir='ltr'><strong>essetque</strong></span> <span class='ocrx_word' id='word_1_390' title='bbox 636 1905 793 1937; x_wconf 80' lang='lat' dir='ltr'><strong>cruciﬁxus,</strong></span> <span class='ocrx_word' id='word_1_391' title='bbox 810 1910 837 1932; x_wconf 89' lang='lat' dir='ltr'><strong>et</strong></span> <span class='ocrx_word' id='word_1_392' title='bbox 850 1906 928 1933; x_wconf 86' lang='lat' dir='ltr'><strong>tertia</strong></span> <span class='ocrx_word' id='word_1_393' title='bbox 941 1906 985 1932; x_wconf 90' lang='lat' dir='ltr'><strong>die</strong></span> 
     </span>
    </p>
   </div>
   <div class='ocr_carea' id='block_1_55' title="bbox 202 1950 986 1986">
    <p class='ocr_par' dir='ltr' id='par_1_55' title="bbox 202 1950 986 1986">
     <span class='ocr_line' id='line_1_55' title="bbox 202 1950 986 1986; baseline 0.004 -10"><span class='ocrx_word' id='word_1_394' title='bbox 202 1950 397 1977; x_wconf 74' lang='lat' dir='ltr'><strong>resurrelisset</strong></span> <span class='ocrx_word' id='word_1_395' title='bbox 411 1950 560 1977; x_wconf 87' lang='lat' dir='ltr'><strong>secundum</strong></span> <span class='ocrx_word' id='word_1_396' title='bbox 574 1950 740 1986; x_wconf 72' lang='lat' dir='ltr'><strong>Seripturas.</strong></span> <span class='ocrx_word' id='word_1_397' title='bbox 757 1952 928 1986; x_wconf 83' lang='lat' dir='ltr'><strong>postmodum</strong></span> <span class='ocrx_word' id='word_1_398' title='bbox 940 1959 986 1979; x_wconf 83' lang='lat' dir='ltr'><strong>as-</strong></span> 
     </span>
    </p>
   </div>
   <div class='ocr_carea' id='block_1_56' title="bbox 202 1996 985 2030">
    <p class='ocr_par' dir='ltr' id='par_1_56' title="bbox 202 1996 985 2030">
     <span class='ocr_line' id='line_1_56' title="bbox 202 1996 985 2030; baseline 0.003 -8"><span class='ocrx_word' id='word_1_399' title='bbox 202 1998 326 2030; x_wconf 80' lang='lat' dir='ltr'><strong>sumptus</strong></span> <span class='ocrx_word' id='word_1_400' title='bbox 339 1999 391 2026; x_wconf 89' lang='lat' dir='ltr'><strong>est,</strong></span> <span class='ocrx_word' id='word_1_401' title='bbox 414 1999 441 2023; x_wconf 82' lang='lat' dir='ltr'><strong>et</strong></span> <span class='ocrx_word' id='word_1_402' title='bbox 464 1996 586 2023; x_wconf 86' lang='lat' dir='ltr'><strong>consedit</strong></span> <span class='ocrx_word' id='word_1_403' title='bbox 600 1997 633 2024; x_wconf 88' lang='lat' dir='ltr'><strong>ad</strong></span> <span class='ocrx_word' id='word_1_404' title='bbox 651 1996 791 2025; x_wconf 82' lang='lat' dir='ltr'><strong>dexteram</strong></span> <span class='ocrx_word' id='word_1_405' title='bbox 809 1997 866 2025; x_wconf 93' lang='lat' dir='ltr'><strong>Dei.</strong></span> <span class='ocrx_word' id='word_1_406' title='bbox 887 1997 985 2025; x_wconf 81' lang='lat' dir='ltr'><strong>Dexte-</strong></span> 
     </span>
    </p>
   </div>
   <div class='ocr_carea' id='block_1_57' title="bbox 201 2041 985 2079">
    <p class='ocr_par' dir='ltr' id='par_1_57' title="bbox 201 2041 985 2079">
     <span class='ocr_line' id='line_1_57' title="bbox 201 2041 985 2079; baseline 0.004 -11"><span class='ocrx_word' id='word_1_407' title='bbox 201 2049 260 2068; x_wconf 88' lang='lat' dir='ltr'><strong>ram</strong></span> <span class='ocrx_word' id='word_1_408' title='bbox 279 2048 344 2069; x_wconf 87' lang='lat' dir='ltr'><strong>vero</strong></span> <span class='ocrx_word' id='word_1_409' title='bbox 361 2041 406 2068; x_wconf 88' lang='lat' dir='ltr'><strong>Dei</strong></span> <span class='ocrx_word' id='word_1_410' title='bbox 421 2049 483 2068; x_wconf 88' lang='lat' dir='ltr'><strong>cum</strong></span> <span class='ocrx_word' id='word_1_411' title='bbox 499 2042 588 2074; x_wconf 85' lang='lat' dir='ltr'><strong>audis,</strong></span> <span class='ocrx_word' id='word_1_412' title='bbox 606 2051 639 2070; x_wconf 89' lang='lat' dir='ltr'><strong>ne</strong></span> <span class='ocrx_word' id='word_1_413' title='bbox 655 2043 730 2070; x_wconf 82' lang='lat' dir='ltr'><strong>locos</strong></span> <span class='ocrx_word' id='word_1_414' title='bbox 746 2043 787 2071; x_wconf 92' lang='lat' dir='ltr'><strong>vel</strong></span> <span class='ocrx_word' id='word_1_415' title='bbox 812 2043 912 2079; x_wconf 85' lang='lat' dir='ltr'><strong>ﬁguras</strong></span> <span class='ocrx_word' id='word_1_416' title='bbox 926 2044 985 2079; x_wconf 86' lang='lat' dir='ltr'><strong>glo-</strong></span> 
     </span>
    </p>
   </div>
   <div class='ocr_carea' id='block_1_58' title="bbox 201 2087 983 2117">
    <p class='ocr_par' dir='ltr' id='par_1_58' title="bbox 201 2087 983 2117">
     <span class='ocr_line' id='line_1_58' title="bbox 201 2087 983 2117; baseline 0.004 -3"><span class='ocrx_word' id='word_1_417' title='bbox 201 2088 249 2115; x_wconf 59' lang='lat' dir='ltr'><strong>rize</strong></span> <span class='ocrx_word' id='word_1_418' title='bbox 275 2087 479 2116; x_wconf 85' lang='lat' dir='ltr'><strong>circumscribe.</strong></span> <span class='ocrx_word' id='word_1_419' title='bbox 507 2087 637 2116; x_wconf 74' lang='lat' dir='ltr'><strong>Dextrum</strong></span> <span class='ocrx_word' id='word_1_420' title='bbox 659 2089 759 2117; x_wconf 88' lang='lat' dir='ltr'><strong>ctenim</strong></span> <span class='ocrx_word' id='word_1_421' title='bbox 787 2093 814 2117; x_wconf 90' lang='lat' dir='ltr'><strong>ct</strong></span> <span class='ocrx_word' id='word_1_422' title='bbox 841 2090 983 2117; x_wconf 89' lang='lat' dir='ltr'><strong>sinistrum</strong></span> 
     </span>
    </p>
   </div>
   <div class='ocr_carea' id='block_1_59' title="bbox 201 2133 985 2169">
    <p class='ocr_par' dir='ltr' id='par_1_59' title="bbox 201 2133 985 2169">
     <span class='ocr_line' id='line_1_59' title="bbox 201 2133 985 2169; baseline 0.001 -7"><span class='ocrx_word' id='word_1_423' title='bbox 201 2137 265 2162; x_wconf 89' lang='lat' dir='ltr'><strong>sunt</strong></span> <span class='ocrx_word' id='word_1_424' title='bbox 285 2133 586 2169; x_wconf 88' lang='lat' dir='ltr'><strong>circumscripturarum</strong></span> <span class='ocrx_word' id='word_1_425' title='bbox 611 2143 722 2163; x_wconf 89' lang='lat' dir='ltr'><strong>rerum:</strong></span> <span class='ocrx_word' id='word_1_426' title='bbox 740 2135 810 2164; x_wconf 86' lang='lat' dir='ltr'><strong>Deus</strong></span> <span class='ocrx_word' id='word_1_427' title='bbox 834 2139 924 2163; x_wconf 90' lang='lat' dir='ltr'><strong>autem</strong></span> <span class='ocrx_word' id='word_1_428' title='bbox 946 2136 985 2163; x_wconf 93' lang='lat' dir='ltr'><strong>in-</strong></span> 
     </span>
    </p>
   </div>
   <div class='ocr_carea' id='block_1_60' title="bbox 200 2181 984 2213">
    <p class='ocr_par' dir='ltr' id='par_1_60' title="bbox 200 2181 984 2213">
     <span class='ocr_line' id='line_1_60' title="bbox 200 2181 984 2213; baseline 0 -5"><span class='ocrx_word' id='word_1_429' title='bbox 200 2184 310 2209; x_wconf 85' lang='lat' dir='ltr'><strong>creatus</strong></span> <span class='ocrx_word' id='word_1_430' title='bbox 328 2186 370 2209; x_wconf 82' lang='lat' dir='ltr'><strong>est</strong></span> <span class='ocrx_word' id='word_1_431' title='bbox 385 2185 412 2209; x_wconf 92' lang='lat' dir='ltr'><strong>et</strong></span> <span class='ocrx_word' id='word_1_432' title='bbox 426 2181 558 2213; x_wconf 80' lang='lat' dir='ltr'><strong>inﬁnitus,</strong></span> <span class='ocrx_word' id='word_1_433' title='bbox 573 2181 616 2208; x_wconf 86' lang='lat' dir='ltr'><strong>cui</strong></span> <span class='ocrx_word' id='word_1_434' title='bbox 633 2181 707 2208; x_wconf 83' lang='lat' dir='ltr'><strong>nulla</strong></span> <span class='ocrx_word' id='word_1_435' title='bbox 728 2181 827 2208; x_wconf 88' lang='lat' dir='ltr'><strong>ascribi</strong></span> <span class='ocrx_word' id='word_1_436' title='bbox 844 2181 940 2211; x_wconf 85' lang='lat' dir='ltr'><strong>forma,</strong></span> <span class='ocrx_word' id='word_1_437' title='bbox 956 2185 984 2208; x_wconf 86' lang='lat' dir='ltr'><strong>et</strong></span> 
     </span>
    </p>
   </div>
   <div class='ocr_carea' id='block_1_61' title="bbox 1035 939 1820 977">
    <p class='ocr_par' dir='ltr' id='par_1_61' title="bbox 1035 939 1820 977">
     <span class='ocr_line' id='line_1_61' title="bbox 1035 939 1820 977; baseline 0.004 -12"><span class='ocrx_word' id='word_1_438' title='bbox 1035 939 1095 974; x_wconf 79' lang='grc' dir='ltr'>ἔχον</span> <span class='ocrx_word' id='word_1_439' title='bbox 1115 940 1164 975; x_wconf 87' lang='grc' dir='ltr'>τὴν</span> <span class='ocrx_word' id='word_1_440' title='bbox 1181 940 1338 976; x_wconf 80' lang='grc' dir='ltr'>ἑρμηνείαν.</span> <span class='ocrx_word' id='word_1_441' title='bbox 1354 942 1487 976; x_wconf 78' lang='grc' dir='ltr'>Ζητητέον</span> <span class='ocrx_word' id='word_1_442' title='bbox 1498 942 1586 968; x_wconf 85' lang='grc' dir='ltr'>τοίνυν</span> <span class='ocrx_word' id='word_1_443' title='bbox 1605 942 1663 973; x_wconf 84' lang='grc' dir='ltr'>πῶς</span> <span class='ocrx_word' id='word_1_444' title='bbox 1673 943 1723 968; x_wconf 81' lang='grc' dir='ltr'><strong>οὐκ</strong></span> <span class='ocrx_word' id='word_1_445' title='bbox 1737 939 1772 977; x_wconf 81' lang='grc' dir='ltr'>ἦν</span> <span class='ocrx_word' id='word_1_446' title='bbox 1787 943 1820 968; x_wconf 75' lang='grc' dir='ltr'>τὸ</span> 
     </span>
    </p>
   </div>
   <div class='ocr_carea' id='block_1_62' title="bbox 1037 985 1818 1023">
    <p class='ocr_par' dir='ltr' id='par_1_62' title="bbox 1037 985 1818 1023">
     <span class='ocr_line' id='line_1_62' title="bbox 1037 985 1818 1023; baseline 0.005 -13"><span class='ocrx_word' id='word_1_447' title='bbox 1037 985 1098 1019; x_wconf 80' lang='grc' dir='ltr'>μέλι</span> <span class='ocrx_word' id='word_1_448' title='bbox 1112 987 1196 1020; x_wconf 79' lang='grc' dir='ltr'>χωρὶς</span> <span class='ocrx_word' id='word_1_449' title='bbox 1216 986 1324 1022; x_wconf 87' lang='grc' dir='ltr'>κηρίου.</span> <span class='ocrx_word' id='word_1_450' title='bbox 1341 986 1419 1012; x_wconf 83' lang='grc' dir='ltr'>Ἔστι</span> <span class='ocrx_word' id='word_1_451' title='bbox 1434 986 1462 1013; x_wconf 77' lang='grc' dir='ltr'><strong>δὲ</strong></span> <span class='ocrx_word' id='word_1_452' title='bbox 1484 987 1531 1013; x_wconf 73' lang='grc' dir='ltr'>καὶ</span> <span class='ocrx_word' id='word_1_453' title='bbox 1547 987 1642 1023; x_wconf 81' lang='grc' dir='ltr'>κηρίον</span> <span class='ocrx_word' id='word_1_454' title='bbox 1664 988 1748 1022; x_wconf 78' lang='grc' dir='ltr'>χωρὶς</span> <span class='ocrx_word' id='word_1_455' title='bbox 1767 987 1818 1023; x_wconf 80' lang='grc' dir='ltr'><strong>μὲ-</strong></span> 
     </span>
    </p>
   </div>
   <div class='ocr_carea' id='block_1_63' title="bbox 1034 1030 1820 1069">
    <p class='ocr_par' dir='ltr' id='par_1_63' title="bbox 1034 1030 1820 1069">
     <span class='ocr_line' id='line_1_63' title="bbox 1034 1030 1820 1069; baseline 0.003 -12"><span class='ocrx_word' id='word_1_456' title='bbox 1034 1030 1107 1063; x_wconf 83' lang='grc' dir='ltr'>λιτος</span> <span class='ocrx_word' id='word_1_457' title='bbox 1117 1039 1123 1046; x_wconf 84' lang='grc'><em>’</em></span> <span class='ocrx_word' id='word_1_458' title='bbox 1141 1032 1187 1058; x_wconf 72' lang='grc' dir='ltr'>καὶ</span> <span class='ocrx_word' id='word_1_459' title='bbox 1201 1031 1258 1058; x_wconf 75' lang='grc' dir='ltr'>ἔστι</span> <span class='ocrx_word' id='word_1_460' title='bbox 1274 1032 1321 1058; x_wconf 78' lang='grc' dir='ltr'>καὶ</span> <span class='ocrx_word' id='word_1_461' title='bbox 1332 1032 1393 1067; x_wconf 80' lang='grc' dir='ltr'>μέλι</span> <span class='ocrx_word' id='word_1_462' title='bbox 1409 1032 1492 1069; x_wconf 72' lang='grc' dir='ltr'>χωρὶς</span> <span class='ocrx_word' id='word_1_463' title='bbox 1506 1032 1613 1067; x_wconf 82' lang='grc' dir='ltr'>κηρίου-</span> <span class='ocrx_word' id='word_1_464' title='bbox 1627 1033 1684 1059; x_wconf 77' lang='grc' dir='ltr'>ἐκεῖ</span> <span class='ocrx_word' id='word_1_465' title='bbox 1699 1033 1727 1059; x_wconf 85' lang='grc' dir='ltr'><strong>δὲ</strong></span> <span class='ocrx_word' id='word_1_466' title='bbox 1741 1033 1820 1068; x_wconf 81' lang='grc' dir='ltr'>εὐρέ-</span> 
     </span>
    </p>
   </div>
   <div class='ocr_carea' id='block_1_64' title="bbox 1036 1077 1817 1116">
    <p class='ocr_par' dir='ltr' id='par_1_64' title="bbox 1036 1077 1817 1116">
     <span class='ocr_line' id='line_1_64' title="bbox 1036 1077 1817 1116; baseline 0.001 -13"><span class='ocrx_word' id='word_1_467' title='bbox 1036 1077 1121 1111; x_wconf 89' lang='grc' dir='ltr'>θησαν</span> <span class='ocrx_word' id='word_1_468' title='bbox 1139 1077 1173 1104; x_wconf 86' lang='grc' dir='ltr'>τὰ</span> <span class='ocrx_word' id='word_1_469' title='bbox 1189 1078 1346 1114; x_wconf 77' lang='grc' dir='ltr'>ἀμφότερα·</span> <span class='ocrx_word' id='word_1_470' title='bbox 1363 1078 1432 1105; x_wconf 78' lang='grc' dir='ltr'>κατὰ</span> <span class='ocrx_word' id='word_1_471' title='bbox 1450 1078 1510 1105; x_wconf 82' lang='grc' dir='ltr'>τίνα</span> <span class='ocrx_word' id='word_1_472' title='bbox 1523 1078 1551 1105; x_wconf 80' lang='grc' dir='ltr'><em>δὲ</em></span> <span class='ocrx_word' id='word_1_473' title='bbox 1567 1079 1677 1116; x_wconf 80' lang='grc' dir='ltr'>τρόπον,</span> <span class='ocrx_word' id='word_1_474' title='bbox 1691 1079 1817 1105; x_wconf 82' lang='grc' dir='ltr'>ἄκουσον.</span> 
     </span>
    </p>
   </div>
   <div class='ocr_carea' id='block_1_65' title="bbox 1036 1123 1817 1160">
    <p class='ocr_par' dir='ltr' id='par_1_65' title="bbox 1036 1123 1817 1160">
     <span class='ocr_line' id='line_1_65' title="bbox 1036 1123 1817 1160; baseline 0.003 -12"><span class='ocrx_word' id='word_1_475' title='bbox 1036 1123 1072 1149; x_wconf 84' lang='grc' dir='ltr'><strong>Τὸ</strong></span> <span class='ocrx_word' id='word_1_476' title='bbox 1087 1123 1135 1158; x_wconf 77' lang='grc' dir='ltr'><strong>μὲν</strong></span> <span class='ocrx_word' id='word_1_477' title='bbox 1149 1123 1208 1158; x_wconf 79' lang='grc' dir='ltr'>μέλι</span> <span class='ocrx_word' id='word_1_478' title='bbox 1222 1123 1265 1150; x_wconf 79' lang='grc' dir='ltr'><strong>διὰ</strong></span> <span class='ocrx_word' id='word_1_479' title='bbox 1277 1124 1325 1160; x_wconf 83' lang='grc' dir='ltr'>τὴν</span> <span class='ocrx_word' id='word_1_480' title='bbox 1339 1124 1493 1159; x_wconf 80' lang='grc' dir='ltr'><strong>γλυκύτητα</strong></span> <span class='ocrx_word' id='word_1_481' title='bbox 1505 1124 1551 1150; x_wconf 74' lang='grc' dir='ltr'>τοῦ</span> <span class='ocrx_word' id='word_1_482' title='bbox 1558 1124 1634 1158; x_wconf 80' lang='grc' dir='ltr'>ἁγίου</span> <span class='ocrx_word' id='word_1_483' title='bbox 1649 1124 1817 1159; x_wconf 79' lang='grc' dir='ltr'>Πνεύματος,</span> 
     </span>
    </p>
   </div>
   <div class='ocr_carea' id='block_1_66' title="bbox 1035 1167 1819 1205">
    <p class='ocr_par' dir='ltr' id='par_1_66' title="bbox 1035 1167 1819 1205">
     <span class='ocr_line' id='line_1_66' title="bbox 1035 1167 1819 1205; baseline 0.004 -12"><span class='ocrx_word' id='word_1_484' title='bbox 1035 1168 1068 1202; x_wconf 84' lang='grc' dir='ltr'>ἢν</span> <span class='ocrx_word' id='word_1_485' title='bbox 1085 1167 1195 1203; x_wconf 81' lang='grc' dir='ltr'>ἔμελλεν</span> <span class='ocrx_word' id='word_1_486' title='bbox 1210 1169 1314 1204; x_wconf 79' lang='grc' dir='ltr'>ὲκχὲειν</span> <span class='ocrx_word' id='word_1_487' title='bbox 1327 1169 1394 1205; x_wconf 79' lang='grc' dir='ltr'>πρὸς</span> <span class='ocrx_word' id='word_1_488' title='bbox 1405 1170 1467 1201; x_wconf 79' lang='grc' dir='ltr'>τοὺς</span> <span class='ocrx_word' id='word_1_489' title='bbox 1478 1169 1639 1201; x_wconf 79' lang='grc' dir='ltr'><strong>ἀποστόλους</strong></span> <span class='ocrx_word' id='word_1_490' title='bbox 1653 1170 1698 1196; x_wconf 72' lang='grc' dir='ltr'><strong>καὶ</strong></span> <span class='ocrx_word' id='word_1_491' title='bbox 1714 1169 1819 1201; x_wconf 77' lang='grc' dir='ltr'>πάντας</span> 
     </span>
    </p>
   </div>
   <div class='ocr_carea' id='block_1_67' title="bbox 1035 1215 1818 1252">
    <p class='ocr_par' dir='ltr' id='par_1_67' title="bbox 1035 1215 1818 1252">
     <span class='ocr_line' id='line_1_67' title="bbox 1035 1215 1818 1252; baseline 0.003 -12"><span class='ocrx_word' id='word_1_492' title='bbox 1035 1215 1098 1246; x_wconf 83' lang='grc' dir='ltr'>τοὺς</span> <span class='ocrx_word' id='word_1_493' title='bbox 1121 1215 1246 1246; x_wconf 80' lang='grc' dir='ltr'>πιστούς·</span> <span class='ocrx_word' id='word_1_494' title='bbox 1274 1215 1345 1241; x_wconf 78' lang='grc' dir='ltr'><strong>τὸδὲ</strong></span> <span class='ocrx_word' id='word_1_495' title='bbox 1371 1216 1465 1251; x_wconf 79' lang='grc' dir='ltr'>κηρίον</span> <span class='ocrx_word' id='word_1_496' title='bbox 1479 1215 1522 1242; x_wconf 78' lang='grc' dir='ltr'><strong>διὰ</strong></span> <span class='ocrx_word' id='word_1_497' title='bbox 1545 1217 1594 1251; x_wconf 81' lang='grc' dir='ltr'>τὴν</span> <span class='ocrx_word' id='word_1_498' title='bbox 1623 1216 1765 1251; x_wconf 77' lang='grc' dir='ltr'>σφραγῖδα,</span> <span class='ocrx_word' id='word_1_499' title='bbox 1784 1217 1818 1252; x_wconf 82' lang='grc' dir='ltr'>ἣν</span> 
     </span>
    </p>
   </div>
   <div class='ocr_carea' id='block_1_68' title="bbox 1035 1260 1818 1296">
    <p class='ocr_par' dir='ltr' id='par_1_68' title="bbox 1035 1260 1818 1296">
     <span class='ocr_line' id='line_1_68' title="bbox 1035 1260 1818 1296; baseline 0.001 -10"><span class='ocrx_word' id='word_1_500' title='bbox 1035 1260 1150 1296; x_wconf 83' lang='grc' dir='ltr'>παρέχει</span> <span class='ocrx_word' id='word_1_501' title='bbox 1167 1262 1222 1292; x_wconf 87' lang='grc' dir='ltr'>τοῖς</span> <span class='ocrx_word' id='word_1_502' title='bbox 1235 1262 1340 1292; x_wconf 81' lang='grc' dir='ltr'><strong>πιστοῖς</strong></span> <span class='ocrx_word' id='word_1_503' title='bbox 1355 1262 1420 1287; x_wconf 82' lang='grc' dir='ltr'>πᾶσι</span> <span class='ocrx_word' id='word_1_504' title='bbox 1432 1261 1476 1287; x_wconf 85' lang='grc' dir='ltr'>διὰ</span> <span class='ocrx_word' id='word_1_505' title='bbox 1492 1261 1538 1288; x_wconf 79' lang='grc' dir='ltr'>τοῦ</span> <span class='ocrx_word' id='word_1_506' title='bbox 1557 1261 1750 1296; x_wconf 84' lang='grc' dir='ltr'>βαπτίσματος.</span> <span class='ocrx_word' id='word_1_507' title='bbox 1763 1261 1818 1287; x_wconf 78' lang='grc' dir='ltr'><strong>Καὶ</strong></span> 
     </span>
    </p>
   </div>
   <div class='ocr_carea' id='block_1_69' title="bbox 1035 1305 1816 1342">
    <p class='ocr_par' dir='ltr' id='par_1_69' title="bbox 1035 1305 1816 1342">
     <span class='ocr_line' id='line_1_69' title="bbox 1035 1305 1816 1342; baseline 0.001 -10"><span class='ocrx_word' id='word_1_508' title='bbox 1035 1305 1090 1341; x_wconf 81' lang='grc' dir='ltr'><strong>γὰρ</strong></span> <span class='ocrx_word' id='word_1_509' title='bbox 1101 1306 1115 1332; x_wconf 89' lang='grc' dir='ltr'><strong>ὀ</strong></span> <span class='ocrx_word' id='word_1_510' title='bbox 1131 1305 1281 1341; x_wconf 75' lang='grc' dir='ltr'>θησαυρὸς,</span> <span class='ocrx_word' id='word_1_511' title='bbox 1303 1307 1365 1333; x_wconf 81' lang='grc' dir='ltr'>ὅσον</span> <span class='ocrx_word' id='word_1_512' title='bbox 1380 1307 1438 1332; x_wconf 79' lang='grc' dir='ltr'>ἐστὶ</span> <span class='ocrx_word' id='word_1_513' title='bbox 1453 1306 1617 1342; x_wconf 75' lang='grc' dir='ltr'>βεόυσμένος</span> <span class='ocrx_word' id='word_1_514' title='bbox 1640 1307 1682 1334; x_wconf 77' lang='grc' dir='ltr'><strong>διὰ</strong></span> <span class='ocrx_word' id='word_1_515' title='bbox 1708 1307 1816 1342; x_wconf 89' lang='grc' dir='ltr'>κηρίου,</span> 
     </span>
    </p>
   </div>
   <div class='ocr_carea' id='block_1_70' title="bbox 1034 1350 1817 1387">
    <p class='ocr_par' dir='ltr' id='par_1_70' title="bbox 1034 1350 1817 1387">
     <span class='ocr_line' id='line_1_70' title="bbox 1034 1350 1817 1387; baseline 0.003 -11"><span class='ocrx_word' id='word_1_516' title='bbox 1034 1350 1160 1376; x_wconf 78' lang='grc' dir='ltr'>τοσοῦτόν</span> <span class='ocrx_word' id='word_1_517' title='bbox 1171 1351 1243 1377; x_wconf 75' lang='grc' dir='ltr'>ἐστιν</span> <span class='ocrx_word' id='word_1_518' title='bbox 1256 1351 1467 1387; x_wconf 78' lang='grc' dir='ltr'>ἀσφαλέστερος.</span> <span class='ocrx_word' id='word_1_519' title='bbox 1477 1352 1595 1387; x_wconf 84' lang='grc' dir='ltr'>Τοιούτῳ</span> <span class='ocrx_word' id='word_1_520' title='bbox 1607 1352 1698 1387; x_wconf 88' lang='grc' dir='ltr'>τρόπῳ</span> <span class='ocrx_word' id='word_1_521' title='bbox 1710 1350 1756 1378; x_wconf 77' lang='grc' dir='ltr'>οὖν</span> <span class='ocrx_word' id='word_1_522' title='bbox 1770 1352 1817 1379; x_wconf 74' lang='grc' dir='ltr'>καὶ</span> 
     </span>
    </p>
   </div>
   <div class='ocr_carea' id='block_1_71' title="bbox 1033 1395 1816 1433">
    <p class='ocr_par' dir='ltr' id='par_1_71' title="bbox 1033 1395 1816 1433">
     <span class='ocr_line' id='line_1_71' title="bbox 1033 1395 1816 1433; baseline 0.003 -11"><span class='ocrx_word' id='word_1_523' title='bbox 1033 1396 1048 1422; x_wconf 83' lang='grc' dir='ltr'>ὁ</span> <span class='ocrx_word' id='word_1_524' title='bbox 1064 1397 1113 1430; x_wconf 83' lang='grc' dir='ltr'>τῆς</span> <span class='ocrx_word' id='word_1_525' title='bbox 1127 1395 1202 1428; x_wconf 83' lang='grc' dir='ltr'>θείας</span> <span class='ocrx_word' id='word_1_526' title='bbox 1213 1396 1321 1432; x_wconf 84' lang='grc' dir='ltr'>χάριτος</span> <span class='ocrx_word' id='word_1_527' title='bbox 1332 1397 1446 1429; x_wconf 76' lang='grc' dir='ltr'>πλοῦτος</span> <span class='ocrx_word' id='word_1_528' title='bbox 1462 1398 1490 1423; x_wconf 84' lang='grc' dir='ltr'>ὲν</span> <span class='ocrx_word' id='word_1_529' title='bbox 1501 1397 1540 1433; x_wconf 83' lang='grc' dir='ltr'>τῷ</span> <span class='ocrx_word' id='word_1_530' title='bbox 1554 1397 1687 1433; x_wconf 81' lang='grc' dir='ltr'>ἀνθρώπῳ</span> <span class='ocrx_word' id='word_1_531' title='bbox 1700 1398 1816 1433; x_wconf 79' lang='grc' dir='ltr'>ὑπάρχει</span> 
     </span>
    </p>
   </div>
   <div class='ocr_carea' id='block_1_72' title="bbox 1033 1441 1817 1479">
    <p class='ocr_par' dir='ltr' id='par_1_72' title="bbox 1033 1441 1817 1479">
     <span class='ocr_line' id='line_1_72' title="bbox 1033 1441 1817 1479; baseline 0.004 -11"><span class='ocrx_word' id='word_1_532' title='bbox 1033 1441 1142 1473; x_wconf 82' lang='grc' dir='ltr'>ἄσυλος,</span> <span class='ocrx_word' id='word_1_533' title='bbox 1158 1442 1226 1477; x_wconf 72' lang='grc' dir='ltr'>ἔχων</span> <span class='ocrx_word' id='word_1_534' title='bbox 1245 1442 1294 1478; x_wconf 80' lang='grc' dir='ltr'>τὴν</span> <span class='ocrx_word' id='word_1_535' title='bbox 1309 1443 1441 1479; x_wconf 74' lang='grc' dir='ltr'>σφραγῖδα</span> <span class='ocrx_word' id='word_1_536' title='bbox 1456 1443 1502 1470; x_wconf 81' lang='grc' dir='ltr'><strong>τοῦ</strong></span> <span class='ocrx_word' id='word_1_537' title='bbox 1525 1444 1601 1478; x_wconf 83' lang='grc' dir='ltr'>ἁγίου</span> <span class='ocrx_word' id='word_1_538' title='bbox 1619 1443 1817 1479; x_wconf 77' lang='grc' dir='ltr'>βαπτίσματος,</span> 
     </span>
    </p>
   </div>
   <div class='ocr_carea' id='block_1_73' title="bbox 1033 1487 1816 1526">
    <p class='ocr_par' dir='ltr' id='par_1_73' title="bbox 1033 1487 1816 1526">
     <span class='ocr_line' id='line_1_73' title="bbox 1033 1487 1816 1526; baseline 0.004 -13"><span class='ocrx_word' id='word_1_539' title='bbox 1033 1487 1080 1513; x_wconf 78' lang='grc' dir='ltr'>καὶ</span> <span class='ocrx_word' id='word_1_540' title='bbox 1102 1487 1133 1514; x_wconf 83' lang='grc' dir='ltr'>τὸ</span> <span class='ocrx_word' id='word_1_541' title='bbox 1157 1489 1267 1524; x_wconf 80' lang='grc' dir='ltr'>σημεῖον</span> <span class='ocrx_word' id='word_1_542' title='bbox 1289 1489 1334 1516; x_wconf 76' lang='grc' dir='ltr'><strong>τοῦ</strong></span> <span class='ocrx_word' id='word_1_543' title='bbox 1351 1489 1486 1526; x_wconf 79' lang='grc' dir='ltr'>σταυροῦ,</span> <span class='ocrx_word' id='word_1_544' title='bbox 1509 1489 1556 1516; x_wconf 75' lang='grc' dir='ltr'>καὶ</span> <span class='ocrx_word' id='word_1_545' title='bbox 1585 1489 1634 1526; x_wconf 83' lang='grc' dir='ltr'>τὴν</span> <span class='ocrx_word' id='word_1_546' title='bbox 1662 1490 1752 1517; x_wconf 85' lang='grc' dir='ltr'>πίστιν</span> <span class='ocrx_word' id='word_1_547' title='bbox 1776 1490 1816 1521; x_wconf 82' lang='grc' dir='ltr'><strong>είς</strong></span> 
     </span>
    </p>
   </div>
   <div class='ocr_carea' id='block_1_74' title="bbox 1036 1534 1162 1570">
    <p class='ocr_par' dir='ltr' id='par_1_74' title="bbox 1036 1534 1162 1570">
     <span class='ocr_line' id='line_1_74' title="bbox 1036 1534 1162 1570; baseline 0 -9"><span class='ocrx_word' id='word_1_548' title='bbox 1036 1534 1058 1561; x_wconf 86' lang='grc' dir='ltr'>Χ</span> <span class='ocrx_word' id='word_1_549' title='bbox 1063 1534 1150 1570; x_wconf 81' lang='grc' dir='ltr'>ριστὸν</span> <span class='ocrx_word' id='word_1_550' title='bbox 1155 1555 1162 1562; x_wconf 94' lang='grc'><strong>.</strong></span> 
     </span>
    </p>
   </div>
   <div class='ocr_carea' id='block_1_75' title="bbox 1332 1615 1523 1650">
    <p class='ocr_par' dir='ltr' id='par_1_75' title="bbox 1332 1615 1523 1650">
     <span class='ocr_line' id='line_1_75' title="bbox 1332 1615 1523 1650; baseline 0 -8"><span class='ocrx_word' id='word_1_551' title='bbox 1332 1616 1403 1650; x_wconf 79' lang='grc' dir='ltr'>Περὶ</span> <span class='ocrx_word' id='word_1_552' title='bbox 1419 1615 1523 1650; x_wconf 77' lang='grc' dir='ltr'>δόξης.</span> 
     </span>
    </p>
   </div>
   <div class='ocr_carea' id='block_1_76' title="bbox 1077 1684 1817 1723">
    <p class='ocr_par' dir='ltr' id='par_1_76' title="bbox 1077 1684 1817 1723">
     <span class='ocr_line' id='line_1_76' title="bbox 1077 1684 1817 1723; baseline -0.001 -12"><span class='ocrx_word' id='word_1_553' title='bbox 1077 1684 1172 1720; x_wconf 80' lang='grc' dir='ltr'><strong>Ἐρώτ.</strong></span> <span class='ocrx_word' id='word_1_554' title='bbox 1191 1688 1246 1723; x_wconf 66' lang='grc' dir='ltr'><strong>με’.Δ</strong></span> <span class='ocrx_word' id='word_1_555' title='bbox 1267 1685 1388 1712; x_wconf 83' lang='grc' dir='ltr'>Γίνωσκε</span> <span class='ocrx_word' id='word_1_556' title='bbox 1413 1685 1453 1717; x_wconf 83' lang='grc' dir='ltr'><strong>δὲ,</strong></span> <span class='ocrx_word' id='word_1_557' title='bbox 1465 1687 1505 1713; x_wconf 85' lang='grc' dir='ltr'>ὅτι</span> <span class='ocrx_word' id='word_1_558' title='bbox 1520 1687 1534 1712; x_wconf 87' lang='grc' dir='ltr'><strong>ό</strong></span> <span class='ocrx_word' id='word_1_559' title='bbox 1553 1685 1654 1720; x_wconf 80' lang='grc' dir='ltr'>Κύριος</span> <span class='ocrx_word' id='word_1_560' title='bbox 1672 1684 1750 1720; x_wconf 83' lang='grc' dir='ltr'>ήμῶν</span> <span class='ocrx_word' id='word_1_561' title='bbox 1770 1684 1817 1711; x_wconf 73' lang='grc' dir='ltr'>καὶ</span> 
     </span>
    </p>
   </div>
   <div class='ocr_carea' id='block_1_77' title="bbox 1034 1729 1818 1767">
    <p class='ocr_par' dir='ltr' id='par_1_77' title="bbox 1034 1729 1818 1767">
     <span class='ocr_line' id='line_1_77' title="bbox 1034 1729 1818 1767; baseline -0.001 -11"><span class='ocrx_word' id='word_1_562' title='bbox 1034 1729 1101 1762; x_wconf 81' lang='grc' dir='ltr'>Θεὸς</span> <span class='ocrx_word' id='word_1_563' title='bbox 1116 1730 1219 1766; x_wconf 80' lang='grc' dir='ltr'>Ἰησοῦς</span> <span class='ocrx_word' id='word_1_564' title='bbox 1231 1730 1357 1764; x_wconf 75' lang='grc' dir='ltr'>Χριστὸς.</span> <span class='ocrx_word' id='word_1_565' title='bbox 1370 1731 1438 1766; x_wconf 80' lang='grc' dir='ltr'>μετά</span> <span class='ocrx_word' id='word_1_566' title='bbox 1450 1731 1480 1758; x_wconf 86' lang='grc' dir='ltr'>τδ</span> <span class='ocrx_word' id='word_1_567' title='bbox 1496 1730 1667 1767; x_wconf 85' lang='grc' dir='ltr'>σαρκωθῆναι</span> <span class='ocrx_word' id='word_1_568' title='bbox 1684 1731 1715 1756; x_wconf 71' lang='grc' dir='ltr'>ἐκ</span> <span class='ocrx_word' id='word_1_569' title='bbox 1730 1729 1818 1756; x_wconf 80' lang='grc' dir='ltr'>Πνεῦ-</span> 
     </span>
    </p>
   </div>
   <div class='ocr_carea' id='block_1_78' title="bbox 1036 1774 1818 1812">
    <p class='ocr_par' dir='ltr' id='par_1_78' title="bbox 1036 1774 1818 1812">
     <span class='ocr_line' id='line_1_78' title="bbox 1036 1774 1818 1812; baseline 0 -11"><span class='ocrx_word' id='word_1_570' title='bbox 1036 1784 1120 1810; x_wconf 86' lang='grc' dir='ltr'>ματος</span> <span class='ocrx_word' id='word_1_571' title='bbox 1137 1776 1213 1810; x_wconf 80' lang='grc' dir='ltr'>ἁγίου</span> <span class='ocrx_word' id='word_1_572' title='bbox 1243 1776 1289 1802; x_wconf 79' lang='grc' dir='ltr'>καὶ</span> <span class='ocrx_word' id='word_1_573' title='bbox 1306 1776 1338 1802; x_wconf 81' lang='grc' dir='ltr'>ὲκ</span> <span class='ocrx_word' id='word_1_574' title='bbox 1352 1776 1402 1810; x_wconf 79' lang='grc' dir='ltr'>τῆς</span> <span class='ocrx_word' id='word_1_575' title='bbox 1422 1776 1465 1802; x_wconf 81' lang='grc' dir='ltr'>ἀεὶ</span> <span class='ocrx_word' id='word_1_576' title='bbox 1484 1775 1617 1812; x_wconf 76' lang='grc' dir='ltr'>παρθένου</span> <span class='ocrx_word' id='word_1_577' title='bbox 1632 1774 1750 1810; x_wconf 78' lang='grc' dir='ltr'>Μαρίας,</span> <span class='ocrx_word' id='word_1_578' title='bbox 1771 1775 1818 1801; x_wconf 66' lang='grc' dir='ltr'><strong>κα.)⁵</strong></span> 
     </span>
    </p>
   </div>
   <div class='ocr_carea' id='block_1_79' title="bbox 1034 1821 1818 1858">
    <p class='ocr_par' dir='ltr' id='par_1_79' title="bbox 1034 1821 1818 1858">
     <span class='ocr_line' id='line_1_79' title="bbox 1034 1821 1818 1858; baseline -0.001 -10"><span class='ocrx_word' id='word_1_579' title='bbox 1034 1821 1258 1857; x_wconf 85' lang='grc' dir='ltr'>ἐνανθρωπῆσαι,</span> <span class='ocrx_word' id='word_1_580' title='bbox 1280 1822 1328 1849; x_wconf 69' lang='grc' dir='ltr'><strong>καὶ</strong></span> <span class='ocrx_word' id='word_1_581' title='bbox 1354 1822 1442 1849; x_wconf 85' lang='grc' dir='ltr'>πάντα</span> <span class='ocrx_word' id='word_1_582' title='bbox 1458 1822 1613 1858; x_wconf 81' lang='grc' dir='ltr'>ἀνθρώπινα</span> <span class='ocrx_word' id='word_1_583' title='bbox 1637 1821 1818 1848; x_wconf 76' lang='grc' dir='ltr'>ἀναλαϐέσθαι</span> 
     </span>
    </p>
   </div>
   <div class='ocr_carea' id='block_1_80' title="bbox 1035 1868 1816 1905">
    <p class='ocr_par' dir='ltr' id='par_1_80' title="bbox 1035 1868 1816 1905">
     <span class='ocr_line' id='line_1_80' title="bbox 1035 1868 1816 1905; baseline 0 -11"><span class='ocrx_word' id='word_1_584' title='bbox 1035 1868 1118 1903; x_wconf 67' lang='grc' dir='ltr'>χωρὶς</span> <span class='ocrx_word' id='word_1_585' title='bbox 1141 1868 1275 1905; x_wconf 81' lang='grc' dir='ltr'>ἁμαρτίας</span> <span class='ocrx_word' id='word_1_586' title='bbox 1291 1869 1338 1896; x_wconf 82' lang='grc' dir='ltr'>καὶ</span> <span class='ocrx_word' id='word_1_587' title='bbox 1353 1869 1504 1901; x_wconf 83' lang='grc' dir='ltr'>ἀσθενείας,</span> <span class='ocrx_word' id='word_1_588' title='bbox 1523 1869 1570 1896; x_wconf 72' lang='grc' dir='ltr'>καὶ</span> <span class='ocrx_word' id='word_1_589' title='bbox 1588 1868 1655 1904; x_wconf 84' lang='grc' dir='ltr'>μετὰ</span> <span class='ocrx_word' id='word_1_590' title='bbox 1666 1869 1695 1895; x_wconf 84' lang='grc' dir='ltr'>τὸ</span> <span class='ocrx_word' id='word_1_591' title='bbox 1712 1868 1816 1903; x_wconf 82' lang='grc' dir='ltr'>θαυμα-</span> 
     </span>
    </p>
   </div>
   <div class='ocr_carea' id='block_1_81' title="bbox 1035 1913 1816 1949">
    <p class='ocr_par' dir='ltr' id='par_1_81' title="bbox 1035 1913 1816 1949">
     <span class='ocr_line' id='line_1_81' title="bbox 1035 1913 1816 1949; baseline 0.001 -10"><span class='ocrx_word' id='word_1_592' title='bbox 1035 1913 1184 1948; x_wconf 84' lang='grc' dir='ltr'>τουργῆσαι</span> <span class='ocrx_word' id='word_1_593' title='bbox 1209 1913 1256 1939; x_wconf 81' lang='grc' dir='ltr'>καὶ</span> <span class='ocrx_word' id='word_1_594' title='bbox 1273 1914 1469 1949; x_wconf 76' lang='grc' dir='ltr'>σταυρωθῆναι,</span> <span class='ocrx_word' id='word_1_595' title='bbox 1490 1914 1536 1940; x_wconf 80' lang='grc' dir='ltr'><strong>καὶ</strong></span> <span class='ocrx_word' id='word_1_596' title='bbox 1561 1915 1594 1948; x_wconf 88' lang='grc' dir='ltr'>τῇ</span> <span class='ocrx_word' id='word_1_597' title='bbox 1617 1914 1695 1949; x_wconf 79' lang='grc' dir='ltr'>τρίτῃ</span> <span class='ocrx_word' id='word_1_598' title='bbox 1728 1913 1816 1949; x_wconf 76' lang='grc' dir='ltr'>ἡμέρᾳ</span> 
     </span>
    </p>
   </div>
   <div class='ocr_carea' id='block_1_82' title="bbox 1035 1957 1817 1994">
    <p class='ocr_par' dir='ltr' id='par_1_82' title="bbox 1035 1957 1817 1994">
     <span class='ocr_line' id='line_1_82' title="bbox 1035 1957 1817 1994; baseline -0.001 -10"><span class='ocrx_word' id='word_1_599' title='bbox 1035 1959 1182 1993; x_wconf 77' lang='grc' dir='ltr'>ἀναστῆναι</span> <span class='ocrx_word' id='word_1_600' title='bbox 1197 1963 1267 1985; x_wconf 83' lang='grc' dir='ltr'><strong>κατά</strong></span> <span class='ocrx_word' id='word_1_601' title='bbox 1282 1958 1330 1990; x_wconf 79' lang='grc' dir='ltr'>τὰς</span> <span class='ocrx_word' id='word_1_602' title='bbox 1342 1959 1461 1994; x_wconf 76' lang='grc' dir='ltr'>Γραφὰς,</span> <span class='ocrx_word' id='word_1_603' title='bbox 1477 1957 1588 1994; x_wconf 77' lang='grc' dir='ltr'>ὕστερον</span> <span class='ocrx_word' id='word_1_604' title='bbox 1606 1957 1753 1993; x_wconf 71' lang='grc' dir='ltr'>ἀνελήφθη,</span> <span class='ocrx_word' id='word_1_605' title='bbox 1772 1958 1817 1983; x_wconf 81' lang='grc' dir='ltr'>καὶ</span> 
     </span>
    </p>
   </div>
   <div class='ocr_carea' id='block_1_83' title="bbox 1035 2003 1816 2040">
    <p class='ocr_par' dir='ltr' id='par_1_83' title="bbox 1035 2003 1816 2040">
     <span class='ocr_line' id='line_1_83' title="bbox 1035 2003 1816 2040; baseline -0.001 -9"><span class='ocrx_word' id='word_1_606' title='bbox 1035 2004 1159 2031; x_wconf 73' lang='grc' dir='ltr'>ἐκάθισεν</span> <span class='ocrx_word' id='word_1_607' title='bbox 1176 2006 1204 2031; x_wconf 82' lang='grc' dir='ltr'>ὲν</span> <span class='ocrx_word' id='word_1_608' title='bbox 1221 2005 1295 2040; x_wconf 79' lang='grc' dir='ltr'>δεξιᾷ</span> <span class='ocrx_word' id='word_1_609' title='bbox 1311 2004 1357 2032; x_wconf 79' lang='grc' dir='ltr'><strong>τοῦ</strong></span> <span class='ocrx_word' id='word_1_610' title='bbox 1377 2004 1458 2031; x_wconf 66' lang='grc' dir='ltr'>Θεοῦ,</span> <span class='ocrx_word' id='word_1_611' title='bbox 1477 2004 1571 2037; x_wconf 78' lang='grc' dir='ltr'>Δεξιὰν</span> <span class='ocrx_word' id='word_1_612' title='bbox 1594 2004 1621 2031; x_wconf 82' lang='grc' dir='ltr'><strong>δὲ</strong></span> <span class='ocrx_word' id='word_1_613' title='bbox 1645 2004 1750 2031; x_wconf 74' lang='grc' dir='ltr'>ἀκούων</span> <span class='ocrx_word' id='word_1_614' title='bbox 1770 2003 1816 2030; x_wconf 76' lang='grc' dir='ltr'>τοῦ</span> 
     </span>
    </p>
   </div>
   <div class='ocr_carea' id='block_1_84' title="bbox 1034 2050 1818 2086">
    <p class='ocr_par' dir='ltr' id='par_1_84' title="bbox 1034 2050 1818 2086">
     <span class='ocr_line' id='line_1_84' title="bbox 1034 2050 1818 2086; baseline -0.003 -9"><span class='ocrx_word' id='word_1_615' title='bbox 1034 2050 1114 2082; x_wconf 80' lang='grc' dir='ltr'>Θεοῦ,</span> <span class='ocrx_word' id='word_1_616' title='bbox 1128 2050 1165 2086; x_wconf 83' lang='grc' dir='ltr'><strong>μὴ</strong></span> <span class='ocrx_word' id='word_1_617' title='bbox 1181 2051 1280 2082; x_wconf 85' lang='grc' dir='ltr'>τόπους</span> <span class='ocrx_word' id='word_1_618' title='bbox 1293 2051 1340 2077; x_wconf 70' lang='grc' dir='ltr'>καὶ</span> <span class='ocrx_word' id='word_1_619' title='bbox 1354 2052 1479 2086; x_wconf 75' lang='grc' dir='ltr'>σχήματα</span> <span class='ocrx_word' id='word_1_620' title='bbox 1498 2050 1576 2085; x_wconf 75' lang='grc' dir='ltr'>δόξης</span> <span class='ocrx_word' id='word_1_621' title='bbox 1590 2050 1754 2085; x_wconf 72' lang='grc' dir='ltr'>περίγραφε.</span> <span class='ocrx_word' id='word_1_622' title='bbox 1770 2050 1818 2075; x_wconf 83' lang='grc' dir='ltr'><strong>Δε-</strong></span> 
     </span>
    </p>
   </div>
   <div class='ocr_carea' id='block_1_85' title="bbox 1034 2096 1816 2133">
    <p class='ocr_par' dir='ltr' id='par_1_85' title="bbox 1034 2096 1816 2133">
     <span class='ocr_line' id='line_1_85' title="bbox 1034 2096 1816 2133; baseline -0.001 -10"><span class='ocrx_word' id='word_1_623' title='bbox 1034 2096 1080 2129; x_wconf 83' lang='grc' dir='ltr'><strong>ξιά</strong></span> <span class='ocrx_word' id='word_1_624' title='bbox 1095 2097 1148 2132; x_wconf 87' lang='grc' dir='ltr'><strong>γὰρ</strong></span> <span class='ocrx_word' id='word_1_625' title='bbox 1164 2097 1212 2124; x_wconf 79' lang='grc' dir='ltr'>καὶ</span> <span class='ocrx_word' id='word_1_626' title='bbox 1225 2096 1356 2132; x_wconf 74' lang='grc' dir='ltr'>ἀριστερὰ</span> <span class='ocrx_word' id='word_1_627' title='bbox 1371 2097 1424 2122; x_wconf 86' lang='grc' dir='ltr'>τῶν</span> <span class='ocrx_word' id='word_1_628' title='bbox 1438 2097 1682 2133; x_wconf 78' lang='grc' dir='ltr'>περιγραφομένων</span> <span class='ocrx_word' id='word_1_629' title='bbox 1698 2096 1770 2122; x_wconf 81' lang='grc' dir='ltr'>ἐστίν</span> <span class='ocrx_word' id='word_1_630' title='bbox 1780 2103 1787 2110; x_wconf 92' lang='grc'><strong>·</strong></span> <span class='ocrx_word' id='word_1_631' title='bbox 1802 2096 1816 2122; x_wconf 87' lang='lat'><strong>6</strong></span> 
     </span>
    </p>
   </div>
   <div class='ocr_carea' id='block_1_86' title="bbox 1034 2142 1814 2178">
    <p class='ocr_par' dir='ltr' id='par_1_86' title="bbox 1034 2142 1814 2178">
     <span class='ocr_line' id='line_1_86' title="bbox 1034 2142 1814 2178; baseline -0.001 -9"><span class='ocrx_word' id='word_1_632' title='bbox 1034 2143 1063 2169; x_wconf 78' lang='grc' dir='ltr'><strong>δὲ</strong></span> <span class='ocrx_word' id='word_1_633' title='bbox 1077 2142 1143 2174; x_wconf 76' lang='grc' dir='ltr'>Θεὸς</span> <span class='ocrx_word' id='word_1_634' title='bbox 1164 2143 1300 2174; x_wconf 81' lang='grc' dir='ltr'>ἄπλαστος</span> <span class='ocrx_word' id='word_1_635' title='bbox 1317 2143 1364 2169; x_wconf 78' lang='grc' dir='ltr'>καὶ</span> <span class='ocrx_word' id='word_1_636' title='bbox 1388 2143 1513 2178; x_wconf 81' lang='grc' dir='ltr'>ἀόριστος</span> <span class='ocrx_word' id='word_1_637' title='bbox 1535 2143 1582 2169; x_wconf 73' lang='grc' dir='ltr'>καὶ</span> <span class='ocrx_word' id='word_1_638' title='bbox 1599 2142 1814 2178; x_wconf 82' lang='grc' dir='ltr'>ἀσχημάτιστος,</span> 
     </span>
    </p>
   </div>
   <div class='ocr_carea' id='block_1_87' title="bbox 1035 2187 1816 2224">
    <p class='ocr_par' dir='ltr' id='par_1_87' title="bbox 1035 2187 1816 2224">
     <span class='ocr_line' id='line_1_87' title="bbox 1035 2187 1816 2224; baseline -0.001 -10"><span class='ocrx_word' id='word_1_639' title='bbox 1035 2189 1082 2215; x_wconf 77' lang='grc' dir='ltr'>καὶ</span> <span class='ocrx_word' id='word_1_640' title='bbox 1109 2188 1313 2224; x_wconf 64' lang='grc' dir='ltr'>ἀπερίγραπός</span> <span class='ocrx_word' id='word_1_641' title='bbox 1343 2189 1411 2214; x_wconf 80' lang='grc' dir='ltr'>ἐστι.</span> <span class='ocrx_word' id='word_1_642' title='bbox 1436 2188 1530 2220; x_wconf 81' lang='grc' dir='ltr'>Δεξιάν</span> <span class='ocrx_word' id='word_1_643' title='bbox 1554 2188 1582 2215; x_wconf 79' lang='grc' dir='ltr'><strong>δὲ</strong></span> <span class='ocrx_word' id='word_1_644' title='bbox 1602 2188 1648 2214; x_wconf 85' lang='grc' dir='ltr'>τοῦ</span> <span class='ocrx_word' id='word_1_645' title='bbox 1671 2187 1736 2214; x_wconf 83' lang='grc' dir='ltr'><strong>Θεοῦ</strong></span> <span class='ocrx_word' id='word_1_646' title='bbox 1754 2188 1816 2214; x_wconf 84' lang='grc' dir='ltr'>ὅταν</span> 
     </span>
    </p>
   </div>
   <div class='ocr_carea' id='block_1_88' title="bbox 200 2226 983 2270">
    <p class='ocr_par' dir='ltr' id='par_1_88' title="bbox 200 2226 983 2262">
     <span class='ocr_line' id='line_1_88' title="bbox 200 2226 983 2262; baseline 0 -8"><span class='ocrx_word' id='word_1_647' title='bbox 200 2227 246 2262; x_wconf 88' lang='lat' dir='ltr'><strong>qui</strong></span> <span class='ocrx_word' id='word_1_648' title='bbox 263 2235 313 2255; x_wconf 90' lang='lat' dir='ltr'><strong>nec</strong></span> <span class='ocrx_word' id='word_1_649' title='bbox 327 2227 386 2262; x_wconf 91' lang='lat' dir='ltr'><strong>ipse</strong></span> <span class='ocrx_word' id='word_1_650' title='bbox 397 2227 586 2254; x_wconf 89' lang='lat' dir='ltr'><strong>circumscribi</strong></span> <span class='ocrx_word' id='word_1_651' title='bbox 596 2230 687 2261; x_wconf 80' lang='lat' dir='ltr'><strong>queat.</strong></span> <span class='ocrx_word' id='word_1_652' title='bbox 701 2226 842 2254; x_wconf 81' lang='lat' dir='ltr'><strong>Dexteram</strong></span> <span class='ocrx_word' id='word_1_653' title='bbox 856 2234 921 2254; x_wconf 88' lang='lat' dir='ltr'><strong>vero</strong></span> <span class='ocrx_word' id='word_1_654' title='bbox 937 2226 983 2254; x_wconf 88' lang='lat' dir='ltr'><strong>Dei</strong></span> 
     </span>
    </p>
   </div>
   <div class='ocr_carea' id='block_1_89' title="bbox 1036 2226 1815 2270">
    <p class='ocr_par' dir='ltr' id='par_1_89' title="bbox 1036 2231 1815 2270">
     <span class='ocr_line' id='line_1_89' title="bbox 1036 2231 1815 2270; baseline 0 -10"><span class='ocrx_word' id='word_1_655' title='bbox 1036 2234 1173 2270; x_wconf 83' lang='grc' dir='ltr'>ἀκούσῃς,</span> <span class='ocrx_word' id='word_1_656' title='bbox 1190 2234 1239 2269; x_wconf 86' lang='grc' dir='ltr'>τὴν</span> <span class='ocrx_word' id='word_1_657' title='bbox 1254 2233 1332 2265; x_wconf 80' lang='grc' dir='ltr'>δόξαν</span> <span class='ocrx_word' id='word_1_658' title='bbox 1354 2234 1402 2261; x_wconf 78' lang='grc' dir='ltr'>καὶ</span> <span class='ocrx_word' id='word_1_659' title='bbox 1426 2233 1474 2269; x_wconf 88' lang='grc' dir='ltr'>τὴν</span> <span class='ocrx_word' id='word_1_660' title='bbox 1490 2234 1571 2270; x_wconf 83' lang='grc' dir='ltr'>τιμὴν</span> <span class='ocrx_word' id='word_1_661' title='bbox 1594 2233 1640 2260; x_wconf 80' lang='grc' dir='ltr'>τοῦ</span> <span class='ocrx_word' id='word_1_662' title='bbox 1661 2233 1728 2260; x_wconf 83' lang='grc' dir='ltr'><strong>Θεοῦ</strong></span> <span class='ocrx_word' id='word_1_663' title='bbox 1748 2231 1815 2260; x_wconf 77' lang='grc' dir='ltr'>εἶναι</span> 
     </span>
    </p>
   </div>
   <div class='ocr_carea' id='block_1_90' title="bbox 199 2273 980 2308">
    <p class='ocr_par' dir='ltr' id='par_1_90' title="bbox 199 2273 980 2308">
     <span class='ocr_line' id='line_1_90' title="bbox 199 2273 980 2308; baseline 0.001 -8"><span class='ocrx_word' id='word_1_664' title='bbox 199 2273 310 2308; x_wconf 75' lang='lat' dir='ltr'><strong>quando</strong></span> <span class='ocrx_word' id='word_1_665' title='bbox 324 2273 454 2304; x_wconf 84' lang='lat' dir='ltr'><strong>audieris.</strong></span> <span class='ocrx_word' id='word_1_666' title='bbox 471 2273 518 2300; x_wconf 91' lang='lat' dir='ltr'><strong>Dei</strong></span> <span class='ocrx_word' id='word_1_667' title='bbox 540 2273 652 2308; x_wconf 81' lang='lat' dir='ltr'><strong>gloriam</strong></span> <span class='ocrx_word' id='word_1_668' title='bbox 666 2277 693 2300; x_wconf 87' lang='lat' dir='ltr'><strong>et</strong></span> <span class='ocrx_word' id='word_1_669' title='bbox 707 2273 836 2300; x_wconf 90' lang='lat' dir='ltr'><strong>honorem</strong></span> <span class='ocrx_word' id='word_1_670' title='bbox 851 2273 980 2308; x_wconf 73' lang='lat' dir='ltr'><strong>intelligo.</strong></span> 
     </span>
    </p>
   </div>
   <div class='ocr_carea' id='block_1_91' title="bbox 202 2318 981 2356">
    <p class='ocr_par' dir='ltr' id='par_1_91' title="bbox 202 2318 981 2356">
     <span class='ocr_line' id='line_1_91' title="bbox 202 2318 981 2356; baseline -0.003 -9"><span class='ocrx_word' id='word_1_671' title='bbox 202 2320 234 2348; x_wconf 75' lang='lat' dir='ltr'><strong>Et</strong></span> <span class='ocrx_word' id='word_1_672' title='bbox 249 2320 297 2348; x_wconf 87' lang='lat' dir='ltr'><strong>Dei</strong></span> <span class='ocrx_word' id='word_1_673' title='bbox 313 2320 421 2356; x_wconf 88' lang='lat' dir='ltr'><strong>quidem</strong></span> <span class='ocrx_word' id='word_1_674' title='bbox 442 2319 527 2347; x_wconf 81' lang='lat' dir='ltr'><strong>Filius</strong></span> <span class='ocrx_word' id='word_1_675' title='bbox 553 2324 580 2348; x_wconf 90' lang='lat' dir='ltr'><strong>et</strong></span> <span class='ocrx_word' id='word_1_676' title='bbox 604 2319 686 2351; x_wconf 88' lang='lat' dir='ltr'><strong>Deus,</strong></span> <span class='ocrx_word' id='word_1_677' title='bbox 704 2319 784 2347; x_wconf 87' lang='lat' dir='ltr'><strong>sicuti</strong></span> <span class='ocrx_word' id='word_1_678' title='bbox 806 2318 908 2346; x_wconf 88' lang='lat' dir='ltr'><strong>dictum</strong></span> <span class='ocrx_word' id='word_1_679' title='bbox 930 2323 981 2351; x_wconf 81' lang='lat' dir='ltr'><strong>est,</strong></span> 
     </span>
    </p>
   </div>
   <div class='ocr_carea' id='block_1_92' title="bbox 199 2364 982 2400">
    <p class='ocr_par' dir='ltr' id='par_1_92' title="bbox 199 2364 982 2400">
     <span class='ocr_line' id='line_1_92' title="bbox 199 2364 982 2400; baseline -0.001 -8"><span class='ocrx_word' id='word_1_680' title='bbox 199 2370 260 2400; x_wconf 90' lang='lat' dir='ltr'><strong>post</strong></span> <span class='ocrx_word' id='word_1_681' title='bbox 285 2365 458 2400; x_wconf 86' lang='lat' dir='ltr'><strong>adimpletam</strong></span> <span class='ocrx_word' id='word_1_682' title='bbox 485 2369 568 2392; x_wconf 88' lang='lat' dir='ltr'><strong>totam</strong></span> <span class='ocrx_word' id='word_1_683' title='bbox 594 2365 841 2400; x_wconf 84' lang='lat' dir='ltr'><strong>dispensationem,</strong></span> <span class='ocrx_word' id='word_1_684' title='bbox 872 2364 982 2392; x_wconf 83' lang='lat' dir='ltr'><strong>tandem</strong></span> 
     </span>
    </p>
   </div>
   <div class='ocr_carea' id='block_1_93' title="bbox 199 2409 982 2450">
    <p class='ocr_par' dir='ltr' id='par_1_93' title="bbox 199 2409 982 2450">
     <span class='ocr_line' id='line_1_93' title="bbox 199 2409 982 2450; baseline 0.001 -14"><span class='ocrx_word' id='word_1_685' title='bbox 199 2413 357 2445; x_wconf 83' lang='lat' dir='ltr'><strong>assumptus</strong></span> <span class='ocrx_word' id='word_1_686' title='bbox 367 2414 418 2438; x_wconf 87' lang='lat' dir='ltr'><strong>est.</strong></span> <span class='ocrx_word' id='word_1_687' title='bbox 434 2409 553 2445; x_wconf 90' lang='lat' dir='ltr'><strong>Spiritus</strong></span> <span class='ocrx_word' id='word_1_688' title='bbox 563 2417 628 2437; x_wconf 88' lang='lat' dir='ltr'><strong>vero</strong></span> <span class='ocrx_word' id='word_1_689' title='bbox 642 2415 753 2437; x_wconf 88' lang='lat' dir='ltr'><strong>sanctus</strong></span> <span class='ocrx_word' id='word_1_690' title='bbox 765 2410 791 2436; x_wconf 93' lang='lat' dir='ltr'><strong>in</strong></span> <span class='ocrx_word' id='word_1_691' title='bbox 804 2414 901 2450; x_wconf 82' lang='lat' dir='ltr'><strong>sancto</strong></span> <span class='ocrx_word' id='word_1_692' title='bbox 912 2409 982 2438; x_wconf 87' lang='lat' dir='ltr'><strong>festo</strong></span> 
     </span>
    </p>
   </div>
   <div class='ocr_carea' id='block_1_94' title="bbox 199 2455 981 2490">
    <p class='ocr_par' dir='ltr' id='par_1_94' title="bbox 199 2455 981 2490">
     <span class='ocr_line' id='line_1_94' title="bbox 199 2455 981 2490; baseline 0.001 -9"><span class='ocrx_word' id='word_1_693' title='bbox 199 2455 374 2483; x_wconf 78' lang='lat' dir='ltr'><strong>Pentecostes</strong></span> <span class='ocrx_word' id='word_1_694' title='bbox 389 2463 471 2490; x_wconf 89' lang='lat' dir='ltr'><strong>super</strong></span> <span class='ocrx_word' id='word_1_695' title='bbox 481 2459 591 2483; x_wconf 86' lang='lat' dir='ltr'><strong>sanctos</strong></span> <span class='ocrx_word' id='word_1_696' title='bbox 605 2455 743 2489; x_wconf 86' lang='lat' dir='ltr'><strong>apostolos</strong></span> <span class='ocrx_word' id='word_1_697' title='bbox 758 2455 879 2486; x_wconf 86' lang='lat' dir='ltr'><strong>veniens,</strong></span> <span class='ocrx_word' id='word_1_698' title='bbox 896 2458 923 2482; x_wconf 89' lang='lat' dir='ltr'><strong>et</strong></span> <span class='ocrx_word' id='word_1_699' title='bbox 937 2463 981 2483; x_wconf 89' lang='lat' dir='ltr'><strong>su-</strong></span> 
     </span>
    </p>
   </div>
   <div class='ocr_carea' id='block_1_95' title="bbox 199 2500 981 2535">
    <p class='ocr_par' dir='ltr' id='par_1_95' title="bbox 199 2500 981 2535">
     <span class='ocr_line' id='line_1_95' title="bbox 199 2500 981 2535; baseline 0 -7"><span class='ocrx_word' id='word_1_700' title='bbox 199 2508 247 2535; x_wconf 88' lang='lat' dir='ltr'><strong>per</strong></span> <span class='ocrx_word' id='word_1_701' title='bbox 260 2508 368 2529; x_wconf 84' lang='lat' dir='ltr'><strong>omnem</strong></span> <span class='ocrx_word' id='word_1_702' title='bbox 385 2508 494 2528; x_wconf 90' lang='lat' dir='ltr'><strong>carnem</strong></span> <span class='ocrx_word' id='word_1_703' title='bbox 509 2500 622 2532; x_wconf 78' lang='lat' dir='ltr'><strong>eﬁusus,</strong></span> <span class='ocrx_word' id='word_1_704' title='bbox 638 2508 692 2527; x_wconf 89' lang='lat' dir='ltr'><strong>non</strong></span> <span class='ocrx_word' id='word_1_705' title='bbox 707 2504 748 2528; x_wconf 72' lang='lat' dir='ltr'><strong>85f-</strong></span> <span class='ocrx_word' id='word_1_706' title='bbox 761 2508 858 2528; x_wconf 80' lang='lat' dir='ltr'><strong>l&#39;lll‘SllS</strong></span> <span class='ocrx_word' id='word_1_707' title='bbox 874 2509 981 2529; x_wconf 86' lang='lat' dir='ltr'><strong>assum-</strong></span> 
     </span>
    </p>
   </div>
   <div class='ocr_carea' id='block_1_96' title="bbox 200 2547 981 2582">
    <p class='ocr_par' dir='ltr' id='par_1_96' title="bbox 200 2547 981 2582">
     <span class='ocr_line' id='line_1_96' title="bbox 200 2547 981 2582; baseline 0 -8"><span class='ocrx_word' id='word_1_708' title='bbox 200 2552 271 2582; x_wconf 89' lang='lat' dir='ltr'><strong>ptus,</strong></span> <span class='ocrx_word' id='word_1_709' title='bbox 288 2547 334 2574; x_wconf 84' lang='lat' dir='ltr'><strong>sed</strong></span> <span class='ocrx_word' id='word_1_710' title='bbox 349 2547 377 2574; x_wconf 94' lang='lat' dir='ltr'><strong>in</strong></span> <span class='ocrx_word' id='word_1_711' title='bbox 394 2547 596 2582; x_wconf 75' lang='lat' dir='ltr'><strong>generationem</strong></span> <span class='ocrx_word' id='word_1_712' title='bbox 612 2550 639 2573; x_wconf 87' lang='lat' dir='ltr'><strong>et</strong></span> <span class='ocrx_word' id='word_1_713' title='bbox 657 2547 861 2582; x_wconf 87' lang='lat' dir='ltr'><strong>generationem</strong></span> <span class='ocrx_word' id='word_1_714' title='bbox 882 2547 981 2574; x_wconf 83' lang='lat' dir='ltr'><strong>transit</strong></span> 
     </span>
    </p>
   </div>
   <div class='ocr_carea' id='block_1_97' title="bbox 199 2593 978 2629">
    <p class='ocr_par' dir='ltr' id='par_1_97' title="bbox 199 2593 978 2629">
     <span class='ocr_line' id='line_1_97' title="bbox 199 2593 978 2629; baseline 0 -9"><span class='ocrx_word' id='word_1_715' title='bbox 199 2595 226 2621; x_wconf 88' lang='lat' dir='ltr'><strong>in</strong></span> <span class='ocrx_word' id='word_1_716' title='bbox 250 2601 357 2626; x_wconf 82' lang='lat' dir='ltr'><strong>omnes,</strong></span> <span class='ocrx_word' id='word_1_717' title='bbox 375 2598 403 2621; x_wconf 84' lang='lat' dir='ltr'><strong>et</strong></span> <span class='ocrx_word' id='word_1_718' title='bbox 421 2594 502 2622; x_wconf 87' lang='lat' dir='ltr'><strong>sicuti</strong></span> <span class='ocrx_word' id='word_1_719' title='bbox 521 2593 669 2629; x_wconf 86' lang='lat' dir='ltr'><strong>quemlibet</strong></span> <span class='ocrx_word' id='word_1_720' title='bbox 696 2593 837 2620; x_wconf 91' lang='lat' dir='ltr'><strong>hominum</strong></span> <span class='ocrx_word' id='word_1_721' title='bbox 866 2593 978 2624; x_wconf 84' lang='lat' dir='ltr'><strong>invenit.</strong></span> 
     </span>
    </p>
   </div>
   <div class='ocr_carea' id='block_1_98' title="bbox 198 2639 979 2675">
    <p class='ocr_par' dir='ltr' id='par_1_98' title="bbox 198 2639 979 2675">
     <span class='ocr_line' id='line_1_98' title="bbox 198 2639 979 2675; baseline -0.001 -8"><span class='ocrx_word' id='word_1_722' title='bbox 198 2640 302 2668; x_wconf 85' lang='lat' dir='ltr'><strong>habitat</strong></span> <span class='ocrx_word' id='word_1_723' title='bbox 317 2640 344 2667; x_wconf 92' lang='lat' dir='ltr'><strong>in</strong></span> <span class='ocrx_word' id='word_1_724' title='bbox 361 2648 394 2668; x_wconf 90' lang='lat' dir='ltr'><strong>eo</strong></span> <span class='ocrx_word' id='word_1_725' title='bbox 408 2648 459 2675; x_wconf 91' lang='lat' dir='ltr'><strong>pro</strong></span> <span class='ocrx_word' id='word_1_726' title='bbox 476 2640 583 2668; x_wconf 89' lang='lat' dir='ltr'><strong>ratione</strong></span> <span class='ocrx_word' id='word_1_727' title='bbox 596 2640 722 2675; x_wconf 90' lang='lat' dir='ltr'><strong>puritatis</strong></span> <span class='ocrx_word' id='word_1_728' title='bbox 741 2639 875 2674; x_wconf 86' lang='lat' dir='ltr'><strong>cujusque</strong></span> <span class='ocrx_word' id='word_1_729' title='bbox 890 2639 979 2666; x_wconf 88' lang='lat' dir='ltr'><strong>bomi-</strong></span> 
     </span>
    </p>
   </div>
   <div class='ocr_carea' id='block_1_99' title="bbox 197 2685 979 2721">
    <p class='ocr_par' dir='ltr' id='par_1_99' title="bbox 197 2685 979 2721">
     <span class='ocr_line' id='line_1_99' title="bbox 197 2685 979 2721; baseline 0 -9"><span class='ocrx_word' id='word_1_730' title='bbox 197 2687 250 2717; x_wconf 85' lang='lat' dir='ltr'><strong>nis.</strong></span> <span class='ocrx_word' id='word_1_731' title='bbox 271 2687 385 2714; x_wconf 90' lang='lat' dir='ltr'><strong>multum</strong></span> <span class='ocrx_word' id='word_1_732' title='bbox 401 2686 427 2713; x_wconf 89' lang='lat' dir='ltr'><strong>in</strong></span> <span class='ocrx_word' id='word_1_733' title='bbox 443 2686 533 2714; x_wconf 87' lang='lat' dir='ltr'><strong>anima</strong></span> <span class='ocrx_word' id='word_1_734' title='bbox 548 2693 682 2721; x_wconf 87' lang='lat' dir='ltr'><strong>superans</strong></span> <span class='ocrx_word' id='word_1_735' title='bbox 694 2685 865 2713; x_wconf 87' lang='lat' dir='ltr'><strong>dulcedinem</strong></span> <span class='ocrx_word' id='word_1_736' title='bbox 879 2685 979 2713; x_wconf 85' lang='lat' dir='ltr'><strong>mellis.</strong></span> 
     </span>
    </p>
   </div>
   <div class='ocr_carea' id='block_1_100' title="bbox 230 2776 979 2812">
    <p class='ocr_par' dir='ltr' id='par_1_100' title="bbox 230 2776 979 2812">
     <span class='ocr_line' id='line_1_100' title="bbox 230 2776 979 2812; baseline -0.003 -6"><span class='ocrx_word' id='word_1_737' title='bbox 230 2777 340 2811; x_wconf 52' lang='lat' dir='ltr'><strong>Quiesr.</strong></span> <span class='ocrx_word' id='word_1_738' title='bbox 356 2777 449 2806; x_wconf 70' lang='lat' dir='ltr'><strong>XLVI.</strong></span> <span class='ocrx_word' id='word_1_739' title='bbox 466 2777 536 2811; x_wconf 85' lang='lat' dir='ltr'><strong>Quid</strong></span> <span class='ocrx_word' id='word_1_740' title='bbox 548 2780 589 2805; x_wconf 86' lang='lat' dir='ltr'><strong>est</strong></span> <span class='ocrx_word' id='word_1_741' title='bbox 601 2777 673 2812; x_wconf 88' lang='lat' dir='ltr'><strong>quod</strong></span> <span class='ocrx_word' id='word_1_742' title='bbox 687 2776 752 2804; x_wconf 86' lang='lat' dir='ltr'><strong>dicit</strong></span> <span class='ocrx_word' id='word_1_743' title='bbox 766 2776 907 2805; x_wconf 87' lang='lat' dir='ltr'><strong>Christus:</strong></span> <span class='ocrx_word' id='word_1_744' title='bbox 921 2786 930 2802; x_wconf 79' lang='grc' dir='ltr'><strong>ι</strong></span> <span class='ocrx_word' id='word_1_745' title='bbox 950 2776 979 2804; x_wconf 90' lang='lat' dir='ltr'><strong>Si</strong></span> 
     </span>
    </p>
   </div>
   <div class='ocr_carea' id='block_1_101' title="bbox 195 2822 977 2859">
    <p class='ocr_par' dir='ltr' id='par_1_101' title="bbox 195 2822 977 2859">
     <span class='ocr_line' id='line_1_101' title="bbox 195 2822 977 2859; baseline 0 -9"><span class='ocrx_word' id='word_1_746' title='bbox 195 2824 257 2858; x_wconf 82' lang='lat' dir='ltr'><strong>quis</strong></span> <span class='ocrx_word' id='word_1_747' title='bbox 272 2824 380 2852; x_wconf 86' lang='lat' dir='ltr'><strong>locutus</strong></span> <span class='ocrx_word' id='word_1_748' title='bbox 398 2823 479 2852; x_wconf 85' lang='lat' dir='ltr'><strong>fuerit</strong></span> <span class='ocrx_word' id='word_1_749' title='bbox 497 2823 602 2859; x_wconf 89' lang='lat' dir='ltr'><strong>aliquid</strong></span> <span class='ocrx_word' id='word_1_750' title='bbox 616 2827 712 2850; x_wconf 89' lang='lat' dir='ltr'><strong>contra</strong></span> <span class='ocrx_word' id='word_1_751' title='bbox 731 2822 830 2850; x_wconf 85' lang='lat' dir='ltr'><strong>Filium</strong></span> <span class='ocrx_word' id='word_1_752' title='bbox 847 2823 977 2855; x_wconf 84' lang='lat' dir='ltr'><strong>hominis,</strong></span> 
     </span>
    </p>
   </div>
   <div class='ocr_carea' id='block_1_102' title="bbox 197 2868 978 2905">
    <p class='ocr_par' dir='ltr' id='par_1_102' title="bbox 197 2868 978 2905">
     <span class='ocr_line' id='line_1_102' title="bbox 197 2868 978 2905; baseline -0.001 -8"><span class='ocrx_word' id='word_1_753' title='bbox 197 2870 348 2898; x_wconf 77' lang='lat' dir='ltr'><strong>remittetur</strong></span> <span class='ocrx_word' id='word_1_754' title='bbox 363 2870 388 2899; x_wconf 79' lang='lat' dir='ltr'><strong>ei</strong></span> <span class='ocrx_word' id='word_1_755' title='bbox 407 2880 412 2896; x_wconf 94' lang='lat'><strong>:</strong></span> <span class='ocrx_word' id='word_1_756' title='bbox 431 2875 458 2898; x_wconf 82' lang='lat' dir='ltr'><strong>at</strong></span> <span class='ocrx_word' id='word_1_757' title='bbox 473 2871 496 2898; x_wconf 90' lang='lat' dir='ltr'><strong>si</strong></span> <span class='ocrx_word' id='word_1_758' title='bbox 512 2870 573 2905; x_wconf 84' lang='lat' dir='ltr'><strong>quis</strong></span> <span class='ocrx_word' id='word_1_759' title='bbox 590 2869 696 2898; x_wconf 87' lang='lat' dir='ltr'><strong>locutus</strong></span> <span class='ocrx_word' id='word_1_760' title='bbox 711 2869 791 2897; x_wconf 87' lang='lat' dir='ltr'><strong>fuerit</strong></span> <span class='ocrx_word' id='word_1_761' title='bbox 806 2873 900 2897; x_wconf 88' lang='lat' dir='ltr'><strong>contra</strong></span> <span class='ocrx_word' id='word_1_762' title='bbox 917 2868 978 2904; x_wconf 90' lang='lat' dir='ltr'><strong>Spi-</strong></span> 
     </span>
    </p>
   </div>
   <div class='ocr_carea' id='block_1_103' title="bbox 1033 2276 1815 2313">
    <p class='ocr_par' dir='ltr' id='par_1_103' title="bbox 1033 2276 1815 2313">
     <span class='ocr_line' id='line_1_103' title="bbox 1033 2276 1815 2313; baseline -0.004 -8"><span class='ocrx_word' id='word_1_763' title='bbox 1033 2279 1100 2305; x_wconf 81' lang='grc' dir='ltr'>νόει.</span> <span class='ocrx_word' id='word_1_764' title='bbox 1131 2279 1186 2305; x_wconf 78' lang='grc' dir='ltr'>Καὶ</span> <span class='ocrx_word' id='word_1_765' title='bbox 1204 2280 1218 2305; x_wconf 91' lang='lat'><strong>6</strong></span> <span class='ocrx_word' id='word_1_766' title='bbox 1246 2279 1295 2313; x_wconf 82' lang='grc' dir='ltr'><strong>μὲν</strong></span> <span class='ocrx_word' id='word_1_767' title='bbox 1316 2278 1379 2310; x_wconf 80' lang='grc' dir='ltr'>Υἱὸς</span> <span class='ocrx_word' id='word_1_768' title='bbox 1394 2277 1441 2305; x_wconf 85' lang='grc' dir='ltr'>τοῦ</span> <span class='ocrx_word' id='word_1_769' title='bbox 1467 2277 1534 2304; x_wconf 86' lang='grc' dir='ltr'><strong>Θεοῦ</strong></span> <span class='ocrx_word' id='word_1_770' title='bbox 1563 2278 1609 2304; x_wconf 74' lang='grc' dir='ltr'>καὶ</span> <span class='ocrx_word' id='word_1_771' title='bbox 1627 2276 1701 2309; x_wconf 79' lang='grc' dir='ltr'>Θεὸς,</span> <span class='ocrx_word' id='word_1_772' title='bbox 1728 2276 1815 2308; x_wconf 84' lang='grc' dir='ltr'>καθὼς</span> 
     </span>
    </p>
   </div>
   <div class='ocr_carea' id='block_1_104' title="bbox 1033 2322 1815 2359">
    <p class='ocr_par' dir='ltr' id='par_1_104' title="bbox 1033 2322 1815 2359">
     <span class='ocr_line' id='line_1_104' title="bbox 1033 2322 1815 2359; baseline -0.003 -9"><span class='ocrx_word' id='word_1_773' title='bbox 1033 2323 1151 2359; x_wconf 79' lang='grc' dir='ltr'>εἴρηται,</span> <span class='ocrx_word' id='word_1_774' title='bbox 1171 2323 1241 2358; x_wconf 80' lang='grc' dir='ltr'>μετά</span> <span class='ocrx_word' id='word_1_775' title='bbox 1255 2324 1286 2350; x_wconf 81' lang='grc' dir='ltr'><strong>τὺ</strong></span> <span class='ocrx_word' id='word_1_776' title='bbox 1300 2323 1442 2359; x_wconf 85' lang='grc' dir='ltr'>πληρῶσαι</span> <span class='ocrx_word' id='word_1_777' title='bbox 1462 2324 1549 2350; x_wconf 83' lang='grc' dir='ltr'>πᾶσαν</span> <span class='ocrx_word' id='word_1_778' title='bbox 1563 2322 1726 2358; x_wconf 83' lang='grc' dir='ltr'>οἰκονομίαν,</span> <span class='ocrx_word' id='word_1_779' title='bbox 1740 2322 1815 2348; x_wconf 80' lang='grc' dir='ltr'>ὓστε-</span> 
     </span>
    </p>
   </div>
   <div class='ocr_carea' id='block_1_105' title="bbox 1035 2369 1814 2407">
    <p class='ocr_par' dir='ltr' id='par_1_105' title="bbox 1035 2369 1814 2407">
     <span class='ocr_line' id='line_1_105' title="bbox 1035 2369 1814 2407; baseline -0.001 -10"><span class='ocrx_word' id='word_1_780' title='bbox 1035 2380 1080 2406; x_wconf 88' lang='grc' dir='ltr'><strong>ρον</strong></span> <span class='ocrx_word' id='word_1_781' title='bbox 1095 2371 1230 2407; x_wconf 80' lang='grc' dir='ltr'>ἀνελήφθη</span> <span class='ocrx_word' id='word_1_782' title='bbox 1242 2379 1249 2386; x_wconf 87' lang='grc'>·</span> <span class='ocrx_word' id='word_1_783' title='bbox 1266 2371 1296 2397; x_wconf 78' lang='grc' dir='ltr'>τὸ</span> <span class='ocrx_word' id='word_1_784' title='bbox 1310 2371 1338 2397; x_wconf 76' lang='grc' dir='ltr'><strong>δὲ</strong></span> <span class='ocrx_word' id='word_1_785' title='bbox 1365 2371 1477 2406; x_wconf 78' lang='grc' dir='ltr'><strong>Πνεῦμα</strong></span> <span class='ocrx_word' id='word_1_786' title='bbox 1505 2371 1536 2397; x_wconf 83' lang='grc' dir='ltr'>τὸ</span> <span class='ocrx_word' id='word_1_787' title='bbox 1564 2370 1641 2404; x_wconf 81' lang='grc' dir='ltr'>ἅγιον</span> <span class='ocrx_word' id='word_1_788' title='bbox 1652 2391 1660 2402; x_wconf 88' lang='grc'><strong>,</strong></span> <span class='ocrx_word' id='word_1_789' title='bbox 1687 2369 1814 2396; x_wconf 76' lang='grc' dir='ltr'>κατελθὸν</span> 
     </span>
    </p>
   </div>
   <div class='ocr_carea' id='block_1_106' title="bbox 1033 2416 1814 2452">
    <p class='ocr_par' dir='ltr' id='par_1_106' title="bbox 1033 2416 1814 2452">
     <span class='ocr_line' id='line_1_106' title="bbox 1033 2416 1814 2452; baseline -0.003 -9"><span class='ocrx_word' id='word_1_790' title='bbox 1033 2417 1079 2443; x_wconf 75' lang='grc' dir='ltr'><strong>ἐπὶ</strong></span> <span class='ocrx_word' id='word_1_791' title='bbox 1091 2417 1153 2449; x_wconf 82' lang='grc' dir='ltr'>τοὺς</span> <span class='ocrx_word' id='word_1_792' title='bbox 1168 2417 1262 2451; x_wconf 85' lang='grc' dir='ltr'>ἁγίους</span> <span class='ocrx_word' id='word_1_793' title='bbox 1276 2416 1399 2452; x_wconf 84' lang='grc' dir='ltr'>μαθητὰς</span> <span class='ocrx_word' id='word_1_794' title='bbox 1422 2418 1455 2452; x_wconf 86' lang='grc' dir='ltr'><strong>τῇ</strong></span> <span class='ocrx_word' id='word_1_795' title='bbox 1481 2416 1546 2452; x_wconf 79' lang='grc' dir='ltr'>ἁγίᾳ</span> <span class='ocrx_word' id='word_1_796' title='bbox 1569 2417 1752 2451; x_wconf 82' lang='grc' dir='ltr'>Πεντηκοστῇ,</span> <span class='ocrx_word' id='word_1_797' title='bbox 1769 2416 1814 2442; x_wconf 72' lang='grc' dir='ltr'>καὶ</span> 
     </span>
    </p>
   </div>
   <div class='ocr_carea' id='block_1_107' title="bbox 1032 2460 1814 2499">
    <p class='ocr_par' dir='ltr' id='par_1_107' title="bbox 1032 2460 1814 2499">
     <span class='ocr_line' id='line_1_107' title="bbox 1032 2460 1814 2499; baseline -0.005 -9"><span class='ocrx_word' id='word_1_798' title='bbox 1032 2463 1146 2498; x_wconf 72' lang='grc' dir='ltr'>ἐκχυθὲν</span> <span class='ocrx_word' id='word_1_799' title='bbox 1161 2464 1207 2490; x_wconf 72' lang='grc' dir='ltr'><strong>ἐπὶ</strong></span> <span class='ocrx_word' id='word_1_800' title='bbox 1219 2464 1309 2489; x_wconf 82' lang='grc' dir='ltr'>πᾶσαν</span> <span class='ocrx_word' id='word_1_801' title='bbox 1327 2463 1424 2499; x_wconf 84' lang='grc' dir='ltr'>σάρκα,</span> <span class='ocrx_word' id='word_1_802' title='bbox 1442 2463 1492 2489; x_wconf 81' lang='grc' dir='ltr'><strong>οὐκ</strong></span> <span class='ocrx_word' id='word_1_803' title='bbox 1507 2461 1656 2497; x_wconf 78' lang='grc' dir='ltr'>ἀνελήφθη,</span> <span class='ocrx_word' id='word_1_804' title='bbox 1668 2461 1734 2488; x_wconf 88' lang='grc' dir='ltr'><strong>ἀλλά</strong></span> <span class='ocrx_word' id='word_1_805' title='bbox 1746 2460 1814 2487; x_wconf 72' lang='grc' dir='ltr'>κατὰ</span> 
     </span>
    </p>
   </div>
   <div class='ocr_carea' id='block_1_108' title="bbox 1032 2505 1813 2543">
    <p class='ocr_par' dir='ltr' id='par_1_108' title="bbox 1032 2505 1813 2543">
     <span class='ocr_line' id='line_1_108' title="bbox 1032 2505 1813 2543; baseline -0.006 -7"><span class='ocrx_word' id='word_1_806' title='bbox 1032 2509 1130 2543; x_wconf 81' lang='grc' dir='ltr'>γενεὰν</span> <span class='ocrx_word' id='word_1_807' title='bbox 1148 2509 1195 2536; x_wconf 73' lang='grc' dir='ltr'>καὶ</span> <span class='ocrx_word' id='word_1_808' title='bbox 1212 2509 1308 2543; x_wconf 84' lang='grc' dir='ltr'>γενεὰν</span> <span class='ocrx_word' id='word_1_809' title='bbox 1321 2508 1456 2543; x_wconf 75' lang='grc' dir='ltr'>διέρχεται</span> <span class='ocrx_word' id='word_1_810' title='bbox 1471 2509 1511 2540; x_wconf 87' lang='grc' dir='ltr'><strong>είς</strong></span> <span class='ocrx_word' id='word_1_811' title='bbox 1527 2507 1640 2539; x_wconf 80' lang='grc' dir='ltr'>πάντας,</span> <span class='ocrx_word' id='word_1_812' title='bbox 1660 2506 1707 2533; x_wconf 76' lang='grc' dir='ltr'>καὶ</span> <span class='ocrx_word' id='word_1_813' title='bbox 1725 2505 1813 2537; x_wconf 82' lang='grc' dir='ltr'>καθὼς</span> 
     </span>
    </p>
   </div>
   <div class='ocr_carea' id='block_1_109' title="bbox 1032 2552 1812 2589">
    <p class='ocr_par' dir='ltr' id='par_1_109' title="bbox 1032 2552 1812 2589">
     <span class='ocr_line' id='line_1_109' title="bbox 1032 2552 1812 2589; baseline -0.004 -9"><span class='ocrx_word' id='word_1_814' title='bbox 1032 2554 1079 2581; x_wconf 66' lang='grc' dir='ltr'>ἕνα</span> <span class='ocrx_word' id='word_1_815' title='bbox 1102 2554 1216 2581; x_wconf 74' lang='grc' dir='ltr'>ἕκαστον</span> <span class='ocrx_word' id='word_1_816' title='bbox 1243 2553 1317 2589; x_wconf 81' lang='grc' dir='ltr'>εὕροι</span> <span class='ocrx_word' id='word_1_817' title='bbox 1331 2553 1386 2579; x_wconf 82' lang='grc' dir='ltr'>τῶν</span> <span class='ocrx_word' id='word_1_818' title='bbox 1397 2552 1558 2589; x_wconf 81' lang='grc' dir='ltr'>ἀνθρώπων,</span> <span class='ocrx_word' id='word_1_819' title='bbox 1583 2553 1750 2587; x_wconf 86' lang='grc' dir='ltr'>κατασκηνοῖ</span> <span class='ocrx_word' id='word_1_820' title='bbox 1771 2552 1812 2577; x_wconf 78' lang='grc' dir='ltr'><strong>ἐπ’</strong></span> 
     </span>
    </p>
   </div>
   <div class='ocr_carea' id='block_1_110' title="bbox 1032 2597 1810 2635">
    <p class='ocr_par' dir='ltr' id='par_1_110' title="bbox 1032 2597 1810 2635">
     <span class='ocr_line' id='line_1_110' title="bbox 1032 2597 1810 2635; baseline -0.004 -9"><span class='ocrx_word' id='word_1_821' title='bbox 1032 2600 1114 2626; x_wconf 82' lang='grc' dir='ltr'>αὐτὸν</span> <span class='ocrx_word' id='word_1_822' title='bbox 1129 2599 1199 2626; x_wconf 84' lang='grc' dir='ltr'><strong>κατά</strong></span> <span class='ocrx_word' id='word_1_823' title='bbox 1212 2599 1261 2635; x_wconf 86' lang='grc' dir='ltr'>τὴν</span> <span class='ocrx_word' id='word_1_824' title='bbox 1279 2598 1423 2633; x_wconf 69' lang='grc' dir='ltr'>ἀνα-λογίαν</span> <span class='ocrx_word' id='word_1_825' title='bbox 1441 2599 1490 2633; x_wconf 83' lang='grc' dir='ltr'>τῆς</span> <span class='ocrx_word' id='word_1_826' title='bbox 1506 2598 1621 2625; x_wconf 80' lang='grc' dir='ltr'>ἑκάστου</span> <span class='ocrx_word' id='word_1_827' title='bbox 1645 2597 1810 2632; x_wconf 81' lang='grc' dir='ltr'>καθάρσεως,</span> 
     </span>
    </p>
   </div>
   <div class='ocr_carea' id='block_1_111' title="bbox 1033 2645 1514 2681">
    <p class='ocr_par' dir='ltr' id='par_1_111' title="bbox 1033 2645 1514 2681">
     <span class='ocr_line' id='line_1_111' title="bbox 1033 2645 1514 2681; baseline -0.002 -9"><span class='ocrx_word' id='word_1_828' title='bbox 1033 2646 1104 2681; x_wconf 80' lang='grc' dir='ltr'>ὑπὲρ</span> <span class='ocrx_word' id='word_1_829' title='bbox 1118 2646 1178 2681; x_wconf 81' lang='grc' dir='ltr'>μέλι</span> <span class='ocrx_word' id='word_1_830' title='bbox 1191 2645 1325 2680; x_wconf 83' lang='grc' dir='ltr'>γλυκάζον</span> <span class='ocrx_word' id='word_1_831' title='bbox 1339 2646 1368 2671; x_wconf 82' lang='grc' dir='ltr'>ὲν</span> <span class='ocrx_word' id='word_1_832' title='bbox 1383 2647 1416 2680; x_wconf 82' lang='grc' dir='ltr'><strong>τῇ</strong></span> <span class='ocrx_word' id='word_1_833' title='bbox 1431 2645 1514 2680; x_wconf 78' lang='grc' dir='ltr'>ψυχῇ.</span> 
     </span>
    </p>
   </div>
   <div class='ocr_carea' id='block_1_112' title="bbox 1072 2775 1810 2813">
    <p class='ocr_par' dir='ltr' id='par_1_112' title="bbox 1072 2775 1810 2813">
     <span class='ocr_line' id='line_1_112' title="bbox 1072 2775 1810 2813; baseline -0.004 -9"><span class='ocrx_word' id='word_1_834' title='bbox 1072 2778 1166 2813; x_wconf 82' lang='grc' dir='ltr'>Ἑρώτ.</span> <span class='ocrx_word' id='word_1_835' title='bbox 1183 2780 1241 2812; x_wconf 87' lang='grc' dir='ltr'><strong>μς’.</strong></span> <span class='ocrx_word' id='word_1_836' title='bbox 1259 2777 1292 2804; x_wconf 90' lang='grc' dir='ltr'>Τί</span> <span class='ocrx_word' id='word_1_837' title='bbox 1303 2777 1376 2804; x_wconf 68' lang='grc' dir='ltr'>ἐστιν</span> <span class='ocrx_word' id='word_1_838' title='bbox 1390 2777 1404 2803; x_wconf 80' lang='grc' dir='ltr'><strong>ὃ</strong></span> <span class='ocrx_word' id='word_1_839' title='bbox 1420 2775 1496 2803; x_wconf 76' lang='grc' dir='ltr'>εἶπεν</span> <span class='ocrx_word' id='word_1_840' title='bbox 1510 2777 1524 2803; x_wconf 83' lang='grc' dir='ltr'><strong><em>ὁ</em></strong></span> <span class='ocrx_word' id='word_1_841' title='bbox 1542 2775 1668 2812; x_wconf 81' lang='grc' dir='ltr'>Χριστὸς,</span> <span class='ocrx_word' id='word_1_842' title='bbox 1685 2776 1726 2802; x_wconf 84' lang='grc' dir='ltr'><strong>ὅτι</strong></span> <span class='ocrx_word' id='word_1_843' title='bbox 1743 2786 1752 2801; x_wconf 76' lang='grc' dir='ltr'><strong>ε</strong></span> <span class='ocrx_word' id='word_1_844' title='bbox 1767 2777 1810 2807; x_wconf 81' lang='grc' dir='ltr'>’ος</span> 
     </span>
    </p>
   </div>
   <div class='ocr_carea' id='block_1_113' title="bbox 1031 2821 1809 2859">
    <p class='ocr_par' dir='ltr' id='par_1_113' title="bbox 1031 2821 1809 2859">
     <span class='ocr_line' id='line_1_113' title="bbox 1031 2821 1809 2859; baseline -0.003 -10"><span class='ocrx_word' id='word_1_845' title='bbox 1031 2823 1063 2849; x_wconf 80' lang='grc' dir='ltr'>ἂν</span> <span class='ocrx_word' id='word_1_846' title='bbox 1076 2823 1140 2859; x_wconf 68' lang='grc' dir='ltr'>εἴπῃ</span> <span class='ocrx_word' id='word_1_847' title='bbox 1155 2823 1232 2856; x_wconf 64' lang='grc' dir='ltr'>λόγον</span> <span class='ocrx_word' id='word_1_848' title='bbox 1247 2822 1317 2850; x_wconf 82' lang='grc' dir='ltr'><strong>κατά</strong></span> <span class='ocrx_word' id='word_1_849' title='bbox 1334 2822 1380 2849; x_wconf 87' lang='grc' dir='ltr'>τοῦ</span> <span class='ocrx_word' id='word_1_850' title='bbox 1392 2821 1457 2849; x_wconf 81' lang='grc' dir='ltr'>Υἱοῦ</span> <span class='ocrx_word' id='word_1_851' title='bbox 1478 2821 1632 2857; x_wconf 84' lang='grc' dir='ltr'>ἀνθρώπου,</span> <span class='ocrx_word' id='word_1_852' title='bbox 1647 2821 1809 2856; x_wconf 78' lang='grc' dir='ltr'>ἀφεθήσεται</span> 
     </span>
    </p>
   </div>
   <div class='ocr_carea' id='block_1_114' title="bbox 1033 2867 1808 2905">
    <p class='ocr_par' dir='ltr' id='par_1_114' title="bbox 1033 2867 1808 2905">
     <span class='ocr_line' id='line_1_114' title="bbox 1033 2867 1808 2905; baseline -0.004 -9"><span class='ocrx_word' id='word_1_853' title='bbox 1033 2869 1121 2904; x_wconf 75' lang='grc' dir='ltr'>αὐτῷ·</span> <span class='ocrx_word' id='word_1_854' title='bbox 1139 2869 1167 2901; x_wconf 82' lang='grc' dir='ltr'>ὃς</span> <span class='ocrx_word' id='word_1_855' title='bbox 1179 2869 1201 2895; x_wconf 82' lang='grc' dir='ltr'><strong>δ’</strong></span> <span class='ocrx_word' id='word_1_856' title='bbox 1216 2870 1248 2898; x_wconf 75' lang='grc' dir='ltr'>ἂν</span> <span class='ocrx_word' id='word_1_857' title='bbox 1261 2870 1325 2905; x_wconf 72' lang='grc' dir='ltr'>εἴπῃ</span> <span class='ocrx_word' id='word_1_858' title='bbox 1345 2869 1414 2896; x_wconf 75' lang='grc' dir='ltr'><strong>κατά</strong></span> <span class='ocrx_word' id='word_1_859' title='bbox 1430 2867 1478 2895; x_wconf 75' lang='grc' dir='ltr'>τοῦ</span> <span class='ocrx_word' id='word_1_860' title='bbox 1491 2867 1566 2902; x_wconf 79' lang='grc' dir='ltr'>ἁγίου</span> <span class='ocrx_word' id='word_1_861' title='bbox 1579 2867 1746 2902; x_wconf 77' lang='grc' dir='ltr'>Πνεῦματος,</span> <span class='ocrx_word' id='word_1_862' title='bbox 1763 2868 1808 2894; x_wconf 65' lang='grc' dir='ltr'>οὐκ</span> 
     </span>
    </p>
   </div>
  </div>
