1940 3068
112 155 165 182 729

688 153 1035 183 lNTERPllETATlONES
1051 155 1097 182 EX
1117 154 1149 182 ν.
1170 154 1200 181 Τ.

1681 157 1732 185 7'50

111 211 278 247 ἀφεθήσεται
297 210 359 238 οὔτε
376 212 405 239 ἔν
426 211 465 247 τῷ
481 212 528 239 νῦν
548 212 625 239 αῐῶνι
648 210 709 238 οὔτε
728 212 756 237 ὲν
774 211 812 246 τῷ
836 211 893 246 μέλ-

951 210 1032 237 ritum
1048 207 1182 242 sanctum,
1199 218 1253 238 non
1266 211 1421 238 remittetur
1445 211 1482 244 ei,
1499 219 1549 239 nec
1571 210 1598 239 in
1615 211 1666 238 hoc
1685 219 1735 240 52-

111 257 184 284 λοντι
195 265 202 290 ;
215 267 225 283 ο

155 303 314 339 Ἐρμηνεία.
339 303 424 330 Τοῦτο
447 303 556 340 εἴρηκεν
570 303 584 330 ὁ
604 303 735 339 Χριστὸς,
756 302 848 338 ἐπειδὴ
860 303 900 329 δι-

113 349 198 382 πλοῦς
221 351 280 377 κατ’
296 350 400 380 οὐσίαν.
424 349 489 382 Θεὸς
505 350 549 376 καὶ
576 349 733 385 ἄνθρωπος,
750 350 804 381 πᾶς
825 349 899 380 ὅστις

112 394 242 429 ἀθετήσει
268 394 435 430 βλασφημῶν
449 395 489 426 είς
502 395 551 430 τὴν
577 395 666 429 σάρκα
691 393 784 425 αὑτοῦ,
797 393 898 428 ἀφεθή-

114 449 191 467 σεται
207 440 280 476 αὑτῷ
297 441 502 476 μετανοήσαντι,
519 440 558 476 τῷ
572 441 600 467 δὲ
617 439 842 476 βλασφημήσαντι
857 440 897 471 εῐς

111 487 210 523 dph...

952 257 1024 287 culo,
1041 264 1090 283 nec
1104 258 1130 282 in
1147 257 1237 283 futuro
1250 257 1272 272 "
1291 257 1365 292 (82)?

987 301 1115 329 lxrsnpn.
1132 302 1189 329 Hoc
1205 303 1265 330 ideo
1280 303 1348 330 dixit
1361 302 1498 336 Christus,
1515 303 1586 338 quod
1606 311 1667 331 cum
1682 303 1734 331 du-

951 348 1031 382 plicis
1051 348 1087 376 sit
1109 349 1244 380 essentiaa,
1263 348 1334 377 Deus
1355 349 1483 376 nimirum
1507 353 1533 377 et
1551 349 1641 382 homo,
1658 350 1732 377 omni

950 392 1146 427 blasphemiam
1165 399 1258 421 contra
1275 402 1385 421 carnem
1406 394 1492 429 ipsius
1518 395 1648 429 loquenti.
1669 402 1733 429 pec-

950 442 1039 464 catum
1058 438 1222 468 remittatur.
1243 439 1265 466 si
1285 439 1344 473 ejus
1361 439 1449 474 ipsum
1467 440 1598 474 paeniteat
1612 449 1619 466 :
1635 439 1673 467 illi
1687 447 1733 467 ve-

949 491 990 516 ro,
1006 483 1051 518 qui
1066 483 1259 518 blasphemiam
1276 483 1419 512 dixerit....

765 533 866 561 Cretera
884 532 1074 560 desiderantur.

111 579 302 615 ...μφαῖνοντὺ
313 580 403 615 τρίτον
424 580 570 615 πρόσωπον
582 579 675 614 ὅμοιον
692 578 828 614 ἀνθρώπῳ
851 578 896 605 τὸν

112 624 183 651 κατὰ
200 624 340 660 ἄνθρωπον
357 623 440 650 αὑτοῦ
462 623 612 659 παρουσίαν
629 623 806 658 φανερώτατα
827 622 896 657 γρά-

111 678 161 704 φον
170 677 176 684 ·
192 669 223 695 τὸ
242 669 270 695 δὲ
283 669 411 704 τέταρτον
424 669 514 704 ὅμοιον
533 668 603 703 ἀετῷ
617 667 768 703 πετομένῳ,
782 667 831 702 τὴν
848 666 896 693 τοῦ

111 714 269 749 Πνεὺματος
287 713 333 740 ἐπὶ
355 713 404 749 τὴν
429 713 589 749 Ἐκκλησίαν
606 712 804 747 ὲφιπταμένην,
823 712 896 739 δόσιν

112 759 271 795 σαφηνίζον,
288 759 334 785 καὶ
347 759 383 785 τὰ
401 758 553 792 Εὐαγγέλια
575 757 678 789 τούτοις
703 757 851 792 σύμφωνα,
867 757 896 783 ὲν

111 802 153 837 οἷς
182 805 378 839 συγκαθέζεται
406 805 420 831 ὁ
446 804 571 839 Χριστός.
605 803 641 830 Τὸ
673 803 723 838 μὲν
745 802 799 838 γὰρ
825 802 896 829 κατὰ

116 851 243 886 Ἰωάννην
259 851 306 885 τὴν
321 850 374 876 ἀπὸ
387 849 433 876 τοῦ
449 849 555 884 lia-.196;
568 848 650 875 αὑτοῦ
666 848 832 884 ἡγεμονικὴν
847 848 895 874 καὶ

949 577 1062 604 ...tertia
1095 583 1210 610 persona
1229 576 1328 604 similis
1352 576 1466 609 homini,
1484 577 1629 605 humanam
1656 578 1731 606 illius

950 621 1132 656 praesentiam,
1147 630 1156 647 σ
1176 621 1232 648 sive
1258 621 1414 653 adventum,
1435 631 1445 648 ›
1464 623 1616 650 clarissime
1628 623 1734 651 descri-

950 667 990 694 bit
1007 676 1013 694 2
1032 671 1129 701 quarta
1141 667 1258 701 denique
1269 668 1419 694 assimilata
1435 669 1531 703 aquilae
1543 669 1654 700 volanti,
1670 669 1733 704 Spi~

949 714 1018 740 ritus
1026 714 1112 740 sancti
1125 713 1268 748 gratuitam
1281 714 1354 740 illam
1363 714 1533 742 donationem
1547 715 1572 742 in
1583 715 1731 743 Eccleaiam

949 759 1113 786 involantem
1134 760 1266 786 declarat.
1291 759 1323 786 Et
1338 761 1515 788 consentiunt
1528 769 1590 788 cum
1611 761 1653 789 his
1673 762 1731 797 ipsa

948 806 1026 832 etiam
1049 805 1203 840 Evangelia.
1221 807 1247 832 in
1264 806 1363 840 quibus
1380 805 1508 834 Christus
1528 815 1580 834 una
1597 807 1731 835 considet.

947 850 1015 877 Illud
1041 851 1112 878 enim
1134 850 1206 885 quod
1221 855 1263 878 est
1282 852 1431 879 secundum
1454 851 1597 883 Joannem,
1621 853 1731 887 exponit

110 896 215 929 ἔνδοξον
233 896 314 923 αὐτοῦ
327 896 423 930 γενεὰν
443 895 607 930 ἐκδιηγεῖται
622 894 723 928 λέγων·
738 903 746 919 ι
768 895 811 920 Ἐν
823 894 893 929 ἀρχῇ

950 895 1025 923 nobis
1041 896 1243 930 imperatoriam
1258 897 1329 923 illam
1345 901 1372 924 et
1389 897 1521 924 illustrem
1535 897 1621 932 ipsius
1632 907 1664 925 ex
1679 898 1732 925 Pa-

110 939 145 976 ἦν
160 940 175 965 6
189 940 290 974 Λόγος⁹
307 949 316 966 ι
339 940 379 966 διδ
397 939 444 965 καὶ
469 938 548 970 ἀετὸς
565 937 781 973 μετωνόμασται,
802 936 839 967 ὡς
861 935 896 962 τὰ

111 987 167 1022 ὕψη
189 1006 196 1013 .
219 1006 226 1013 .
251 1006 256 1012 .
279 1005 286 1012 .
309 1006 316 1013 .
339 1006 346 1012 .
369 1004 375 1011 .
398 1004 405 1010 .
425 1003 433 1012 .
457 1004 463 1011 .
483 983 706 1018 κενεμῦατήσας,
720 981 845 1008 κάκεῖθεν
861 980 894 1007 τὶ

109 1031 254 1067 ἀπόρρητα
279 1029 402 1066 μυηθεὶς,
429 1029 476 1055 καὶ
496 1028 530 1054 τὰ
558 1027 665 1063 κρυπτὰ
688 1027 738 1062 τῆς
758 1026 895 1059 θεολογίας

110 1097 118 1104 .
141 1096 148 1103 .
171 1097 178 1104 .
202 1096 208 1102 .
230 1095 236 1102 .
258 1095 266 1102 .
288 1096 294 1102 .
318 1096 325 1104 ,
347 1074 565 1110 ἀνιμησάμενος,
582 1073 629 1100 καὶ
647 1073 696 1108 τὴν
713 1072 830 1108 ἄρρητον
848 1071 895 1097 καὶ

108 1122 302 1158 ἀκατάληπτον
328 1121 453 1156 γέννησιν
474 1120 520 1146 τοῦ
540 1118 605 1146 Υἱοῦ
627 1118 672 1145 τοῦ
690 1117 756 1144 Θεοῦ
775 1125 894 1152 συγγρα-

107 1167 244 1202 ψάμενος.
268 1166 304 1192 Τὺ
315 1165 342 1191 δὲ
355 1165 425 1192 κατὰ
439 1165 544 1191 Λουκᾶν
554 1164 666 1200 ἄρχεται
682 1163 735 1189 ἀπὸ
749 1162 796 1188 τοῦ
807 1162 895 1196 Ζαχα-

110 1213 169 1249 ρίου
200 1211 247 1238 τοῦ
274 1212 382 1247 ἱερέως·
400 1211 431 1237 τὸ
452 1211 480 1237 δὲ
504 1210 573 1236 κατὰ
601 1209 737 1236 Ματθαῖον
760 1207 807 1243 τὴν
825 1206 895 1234 κατὰ

107 1258 252 1294 ἄνθρωπον
277 1257 358 1284 αὐτοῦ
389 1257 514 1290 γέννησιν
541 1255 656 1291 γράιρειο
676 1264 685 1280 ‹
700 1254 792 1285 Βίϐλος
818 1253 894 1287 γενέ-

109 1311 190 1334 σεως.
207 1312 215 1328 ι
241 1302 277 1328 Τὸ
295 1302 323 1328 δὲ
343 1301 413 1328 κατὰ
430 1301 543 1336 Μάρκον
554 1308 560 1314 ·
575 1309 584 1325 ‹
602 1299 685 1334 Ἀρχὴ
707 1299 753 1325 τοῦ
773 1298 895 1331 Εὑαγγε-

107 1347 177 1374 λίου.
193 1357 202 1371 δ
218 1347 267 1374 Διὰ
286 1347 365 1374 τοῦτο
385 1346 432 1373 καὶ
449 1347 580 1382 τέσσαρες
605 1345 747 1372 καθολικαὶ
766 1343 894 1379 διαθῆκαι

106 1395 163 1425 τοῖς
175 1392 328 1428 ἀνθρώποις
339 1392 467 1428 ἐδόθησαν
477 1400 483 1407 ⁵
497 1391 545 1427 μία
560 1391 608 1427 μὲν
622 1390 691 1418 κατὰ
701 1390 746 1417 τὸν
761 1389 894 1416 κατακλυ-

108 1439 177 1474 σμὸν
188 1438 235 1465 τοῦ
246 1438 305 1465 Νῶε
315 1438 361 1465 ἐπὶ
369 1438 415 1465 τοῦ
426 1437 503 1470 τόξου
513 1446 520 1452 ·
528 1437 640 1474 δευτέρα
654 1437 700 1463 ἐπὶ
711 1436 757 1462 τοῦ
769 1435 894 1470 ’Δὸραὰμ

107 1485 154 1512 ἐπὶ
176 1484 223 1511 τοῦ
242 1484 354 1520 σημείου
381 1484 431 1519 τῆς
455 1484 616 1519 περιτομῆς
642 1482 720 1517 τρίτη
747 1483 763 1517 ἡ
787 1481 831 1508 διὰ
846 1479 893 1507 τοῦ

105 1531 229 1563 Μωσέως
243 1531 272 1559 ἐν
286 1532 318 1567 τῇ
342 1530 487 1566 νομοθεσίᾳ
497 1539 503 1545 -
519 1530 635 1565 τετάρτη
649 1529 665 1564 ἡ
680 1528 724 1556 διὰ
748 1527 793 1554 τοῦ
817 1527 893 1561 ἁγίου

106 1577 285 1612 Εὖαγγελίου,
300 1576 346 1604 τοῦ
362 1576 465 1611 Κυρίου
479 1575 558 1612 ἡμῶν
575 1573 661 1611 Ἰησοῦ
678 1572 796 1610 Χριστοῦ
813 1572 892 1608 χάρις

108 1623 157 1650 καὶ
170 1622 270 1663 δῳρεά.

947 945 986 968 tre
999 941 1179 973 nativitatem,
1200 949 1261 968 cum
1280 942 1338 969 ait:
1355 952 1364 968 ε
1384 941 1411 969 in
1429 943 1565 977 principio
1582 948 1641 970 erat
1662 943 1730 972 Ver-

945 986 1008 1013 bum
1023 986 1055 1013 “.
1072 995 1081 1012 ι
1113 986 1294 1019 Quamobrem
1321 988 1402 1013 etiam
1431 997 1440 1012 ι
1458 986 1578 1015 Joannes
1594 998 1603 1013 ι
1634 989 1732 1023 aquilas

947 1039 1045 1058 nomen
1060 1032 1164 1066 accepit
1175 1039 1208 1058 eo
1221 1032 1292 1066 quod
1307 1032 1438 1059 altissima
1448 1041 1562 1068 qumque
1577 1035 1730 1069 pervolans,

947 1077 1011 1104 inde
1025 1077 1254 1112 inexplicabilium
1279 1078 1420 1106 scientiam
1437 1079 1561 1111 edoctus.
1577 1084 1604 1108 et
1623 1081 1731 1108 occulta

945 1121 1043 1149 divina:
1062 1121 1193 1149 doctrinm
1211 1122 1351 1155 deserens,
1373 1123 1445 1149 illam
1463 1131 1523 1158 quae
1542 1125 1624 1152 nullis
1641 1125 1730 1153 verbis

945 1167 1054 1202 exponi,
1077 1168 1207 1202 nulloque
1232 1168 1346 1195 rationis
1371 1168 1510 1195 intellectu
1536 1169 1730 1203 comprehendi

946 1217 1045 1248 pctest,
1058 1211 1118 1239 Filii
1135 1213 1338 1246 generationem
1355 1214 1558 1248 conscripserit.
1574 1214 1651 1247 Quod
1667 1223 1731 1243 vero

946 1257 1095 1285 secundum
1124 1257 1225 1284 Lucam
1244 1265 1259 1284 a
1285 1259 1425 1285 sacerdote
1447 1258 1578 1286 Zacharia
1598 1260 1703 1287 orditur
1722 1269 1730 1287 :

946 1306 973 1330 et
986 1302 1056 1338 quod
1074 1306 1116 1330 est
1132 1303 1280 1330 secundum
1300 1303 1465 1334 ltlatthzeum.
1485 1305 1555 1338 ejus,
1576 1313 1628 1339 qua
1649 1305 1731 1332 homo

944 1353 1007 1380 est,
1033 1349 1234 1384 generationem
1264 1350 1397 1383 exponit:
1418 1359 1427 1375 ‹
1451 1349 1541 1381 Liber,
1569 1350 1666 1385 inquit.
1689 1359 1732 1386 ge-

944 1393 1094 1421 nerationis
1115 1392 1148 1420 “.
1166 1403 1176 1419 ι
1192 1394 1227 1420 At
1248 1394 1320 1428 quod
1345 1398 1387 1422 est
1410 1395 1560 1422 secundum
1582 1395 1703 1423 Marcum
1722 1405 1729 1424 :

947 1447 957 1464 ‹
977 1439 1162 1474 Principium,
1193 1440 1248 1471 ait,
1280 1439 1418 1475 Evangelii
1436 1441 1469 1468 “.
1491 1451 1500 1467 I
1526 1441 1559 1468 Et
1590 1441 1655 1469 hinc
1688 1446 1731 1469 est

944 1484 1016 1519 quod
1047 1484 1120 1512 Deus
1144 1491 1205 1510 cum
1233 1484 1389 1512 hominibus
1421 1490 1539 1520 quatuor
1566 1487 1730 1514 universalia

948 1529 1051 1557 fmdcra
1080 1531 1200 1558 sanxerit
1221 1540 1228 1558 :
1249 1531 1364 1565 primum
1381 1531 1490 1566 quidem
1517 1535 1577 1566 post
1599 1533 1730 1559 diluvium

908 1560 930 1589 (ἶ
946 1581 1008 1600 cum
1028 1573 1094 1606 Noe,
1113 1582 1161 1609 per
1173 1581 1265 1601 arcum
1281 1584 1287 1601 :
1304 1576 1455 1602 secundum
1473 1583 1539 1603 vero
1561 1584 1621 1603 cum
1643 1576 1731 1603 Abra-

947 1618 1037 1652 hamo,
1060 1618 1110 1649 sub
1135 1619 1274 1656 signaculo
1291 1620 1508 1651 circumcisionis
1527 1629 1534 1651 :
1552 1621 1660 1651 tertium
1682 1628 1731 1655 per

107 1667 221 1699 Mosem,
238 1675 300 1694 cum
314 1667 387 1702 leges
406 1665 488 1694 terret
504 1675 512 1693 :
528 1669 655 1701 quartum
669 1663 797 1699 denique,
819 1664 892 1700 quod
910 1668 952 1693 est
969 1666 1055 1701 gratia
1071 1671 1097 1694 ct
1112 1667 1224 1701 donum,
1237 1675 1284 1703 per
1294 1676 1402 1696 sacrum
1422 1669 1598 1704 Evangelium
1619 1669 1726 1696 Domini

107 1716 194 1743 nostri
209 1714 274 1742 Jesu
291 1714 403 1742 Christi.

151 1773 203 1799 EK
233 1773 298 1799 ΤΟΥ
337 1771 500 1800 ΗΑΔΑῘΟΥ
531 1771 702 1798 ΔΙΑΦΟΡΟῙ
721 1771 840 1798 ΕΡΜΗ-

449 1807 565 1833 ΝΕΙΑΙ.

139 1864 228 1901 Ερώτ.
243 1864 294 1900 μετ’.
304 1863 336 1890 Τί
345 1864 418 1890 ἐστιν
427 1871 434 1877 ·
454 1872 463 1888 ι
475 1862 544 1889 Ἡδὲ
556 1862 592 1898 γῆ
601 1859 634 1898 ἦν
645 1861 757 1898 ἀόρατος
768 1861 815 1888 καὶ
825 1861 890 1888 ἀκα-

103 1911 289 1942 τασκεύαστος
303 1918 310 1942 ;
327 1919 336 1936 ι

146 1956 241 1982 Ἀπόκ.
255 1956 314 1982 ’Ὁτι
332 1955 381 1980 οὐκ
395 1951 428 1989 ἦν
442 1953 532 1990 ἀκμὴν
543 1952 720 1988 κοσμηθεῖσα.
735 1952 892 1987 Ἐπιχειμέ-

103 2010 150 2027 you
175 2001 230 2035 γὰρ
245 1999 292 2027 τοῦ
314 1999 409 2031 ὕδατος
432 1999 523 2026 ἐπάνω
539 1998 634 2033 αὐτῆς,
651 1997 764 2033 ἀόρατος
786 1995 819 2032 ἦν
833 1998 891 2032 ἤτοι

103 2047 261 2083 ἀθεώρητος
285 2046 331 2073 καὶ
360 2046 483 2081 ἀφανής·
511 2044 749 2076 ἀκατασκεύαστος
776 2044 804 2071 δὲ
833 2044 892 2079 ἦτοι

103 2093 324 2124 ἀκαλλώπιστος,
349 2091 525 2123 ἀτελείωτος·
547 2090 638 2126 ἀκμὴν
664 2090 718 2126 γὰρ
746 2090 795 2117 οὐκ
820 2088 892 2125 εἶχεν

103 2138 165 2166 οὒτε
180 2139 260 2174 ἄνθη,
276 2137 338 2165 οὔτε
349 2137 494 2173 λειμῶνας,
511 2136 573 2164 οὔτε
591 2136 671 2171 φυτὰ,
684 2136 745 2162 οὒτε
763 2136 890 2172 βλάστην.

145 2228 242 2264 Ἐρώτ.
256 2227 313 2263 μη’.
330 2227 410 2254 Ποῖον
432 2226 541 2262 πνεῦμα
566 2225 713 2262 ἐπεφέρετο
731 2225 823 2252 ἐπάνω
843 2224 889 2252 τοῦ

105 2275 200 2307 ὓδατος
207 2283 214 2307 ;

146 2321 241 2348 Ἀπόκ.
254 2321 315 2347 Τισὶ
331 2320 379 2355 μὲν
397 2319 510 2346 δοκεῖτὸ
522 2318 652 2352 πανάγιον
665 2316 777 2353 Πνεῦμα
788 2317 887 2351 ζωογο-

104 2365 167 2393 νοῦν
185 2366 234 2401 τὴν
249 2366 303 2392 τῶν
316 2365 418 2392 ὑδάτων
440 2364 533 2399 φύσιν·
559 2363 614 2397 ἐγὼ
635 2363 664 2389 δὲ
688 2363 823 2399 ἁρμοδίως
845 2362 886 2394 τὸ,

107 2419 116 2434 ε
132 2408 292 2445 ἐπεφέρετο,
308 2418 317 2434 r
334 2408 382 2443 τὴν
399 2407 538 2443 κινητικὴν
549 2406 596 2434 τοῦ
612 2407 690 2442 ἀέρος
706 2407 797 2433 οὐσίαν
816 2406 887 2441 φημὶ

105 2454 288 2491 παραδηλοῦν,
308 2455 379 2481 καθὰ
406 2454 453 2481 καὶ
480 2453 562 2480 Δαϐὶδ
585 2454 648 2489 περὶ
669 2452 715 2479 τοῦ
741 2452 808 2479 Θεοῦ
834 2453 886 2479 τῶν

104 2500 177 2528 ὅλων
185 2501 250 2537 φησι
285 2509 294 2526 ι
308 2500 421 2527 Πνεὺσει
434 2499 464 2526 τὺ
476 2499 583 2535 πνεῦμα
597 2499 688 2533 αὐτοῦ,
701 2499 748 2527 καὶ
760 2499 888 2536 ρυήσεται

106 2546 199 2574 ὕδατα.
213 2555 222 2572 ι

147 2592 244 2627 Ἐρώτ.
259 2591 311 2627 μθ’.
327 2591 375 2618 Διὰ
390 2592 427 2624 τί,
440 2591 504 2627 μίαν
517 2591 566 2628 τὴν
580 2591 739 2628 cava-{erm
759 2590 812 2618 τῶν
826 2590 889 2617 ὑδά-

158 2680 181 2696 ⁶⁸
200 2679 264 2707 Luc.
283 2688 337 2713 xu,
355 2681 399 2709 I0.

105 2723 194 2744 cmu
207 2735 214 2748 ,
232 2715 276 2744 18.

449 2680 472 2696 “
489 2679 566 2708 Joan.
587 2689 610 2712 ι,
630 2680 654 2707 I.

141 2792 196 2827 (82)
211 2772 261 2819 His
274 2791 374 2819 similia
399 2791 533 2819 habentur
554 2799 637 2827 supra
664 2791 765 2824 Quatst.
784 2792 818 2818 ad
833 2791 888 2819 An-

108 2827 223 2854 tiochum
237 2827 280 2854 72.

143 2862 198 2897 I85)
219 2861 286 2890 Vide
303 2861 404 2896 Qumst.
427 2861 443 2888 8
461 2861 621 2890 Theodoreti
640 2862 666 2889 in
680 2861 772 2889 Cena.

703 2681 726 2696 “
745 2679 840 2707 Matth.
859 2688 883 2712 I,
903 2680 928 2707 i.

942 1769 1023 1806 265
1055 1769 1104 1797 ex
1152 1769 1286 1806 varam
1310 1770 1560 1799 resraumro
1597 1771 1730 1800 INTER-

1205 1805 1477 1834 I’RETATIONES.

978 1862 1087 1896 QUIEST.
1108 1861 1210 1895 XLVII.
1234 1862 1367 1895 Quidnam
1386 1867 1427 1891 est
1442 1863 1507 1890 illud
1524 1873 1531 1891 :
1549 1873 1559 1890 ε
1577 1864 1662 1892 Terra
1682 1872 1730 1892 au-

940 1910 995 1934 tem
1012 1910 1070 1934 erat
1085 1907 1228 1934 invisibilis
1242 1911 1270 1934 et
1283 1907 1462 1942 incomposita
1476 1908 1521 1935 ‘1?
1541 1918 1551 1935 ι

980 1952 1062 1980 Resp.
1090 1953 1159 1986 Quia
1184 1953 1305 1980 nondum
1331 1957 1389 1980 erat
1414 1959 1556 1981 exornata.
1593 1955 1730 1984 insidente

943 2005 1061 2032 namque
1073 2005 1155 2031 super
1167 2001 1267 2025 terram
1283 2005 1364 2033 aqua,
1380 1998 1465 2026 videri
1484 2007 1537 2026 non
1553 2004 1669 2035 poterat,
1687 2001 1730 2028 in-

943 2043 1060 2071 visibilis
1082 2044 1207 2071 videlicet
1227 2050 1253 2071 et
1273 2045 1398 2072 occulta:
1417 2045 1556 2072 incondita
1581 2054 1647 2073 vero
1665 2054 1730 2074 nec-

945 2089 1009 2116 dum
1032 2093 1173 2122 exoruata,
1203 2097 1254 2117 nec
1275 2090 1406 2124 perfecta.
1425 2090 1521 2119 Nullus
1543 2092 1614 2118 enim
1630 2092 1667 2119 illi
1681 2092 1729 2119 ad-

943 2134 996 2161 huc
1011 2134 1087 2169 vigor
1099 2138 1169 2166 erat,
1185 2134 1252 2161 nulli
1269 2135 1351 2163 Ilores
1365 2136 1404 2163 vel
1420 2140 1508 2171 prata,
1525 2143 1614 2170 neque
1628 2137 1727 2172 plantx

942 2181 984 2208 vel
998 2188 1108 2214 germen
1124 2181 1245 2215 aliquod.

974 2225 1085 2259 Qua-:51.
1102 2225 1217 2253 XLVIII.
1233 2226 1329 2259 Qualis
1350 2231 1408 2254 erat
1431 2227 1476 2254 ille
1490 2226 1611 2262 spiritus,
1627 2226 1673 2262 qui
1688 2226 1728 2255 I'e-

904 2273 925 2300 D
940 2270 1049 2297 rebatur
1063 2278 1144 2303 super
1159 2270 1262 2304 aquas?

973 2314 1054 2343 Resr.
1071 2315 1186 2343 Videtur
1200 2316 1309 2350 quidem
1327 2316 1490 2351 quibusdam
1510 2316 1582 2351 quod
1605 2317 1649 2344 ille
1664 2324 1727 2344 san-

940 2367 1001 2389 ctus
1016 2362 1052 2390 sit
1067 2362 1195 2397 Spiritus,
1211 2362 1351 2390 vivificans
1367 2370 1499 2397 aquarum
1518 2368 1642 2390 naturam
1658 2363 1726 2398 (85).

939 2407 995 2443 Ego
1021 2416 1085 2436 vero
1106 2408 1177 2436 haud
1202 2408 1410 2443 incongruenter
1439 2417 1486 2444 per
1513 2409 1578 2436 illud
1603 2410 1727 2442 verbum,

944 2464 953 2480 ι
967 2454 1102 2482 ferebatur
1111 2454 1143 2486 ⁸⁸,
1158 2464 1168 2480 ι
1179 2454 1240 2481 dico
1253 2454 1400 2490 signiﬁcari
1413 2453 1620 2482 motivam’aeris
1632 2462 1728 2482 essen-

941 2501 1027 2528 tiam:
1046 2501 1129 2528 etiam
1144 2501 1222 2536 juxta
1251 2500 1335 2528 David
1352 2501 1386 2529 de
1411 2501 1466 2529 Deo
1481 2501 1669 2529 universorum
1684 2501 1726 2528 di-

941 2550 1061 2574 centem:
1091 2555 1100 2572 ι
1117 2546 1206 2574 Flabit
1220 2547 1333 2582 spiritus
1355 2545 1416 2581 ejus
1429 2551 1456 2574 et
1471 2547 1554 2574 Iluent
1575 2555 1652 2582 aqua:
1664 2547 1696 2574 ".
1710 2557 1721 2574 ι

976 2591 1087 2624 Quaest.
1104 2591 1198 2620 XLIX.
1209 2592 1430 2627 Quare(8t)cum
1445 2601 1526 2620 unam
1540 2594 1726 2629 congregatio-

1449 2682 1471 2698 “
1491 2681 1556 2709 ibid.

966 2680 987 2696 ⁸⁸⁵
1007 2680 1090 2708 Marc.
1109 2689 1133 2714 ι,
1152 2681 1177 2708 1.
1216 2682 1238 2697 ’⁷
1257 2681 1324 2710 Gen.
1341 2689 1366 2716 I,
1382 2683 1408 2709 Ξ.
1449 2682 1471 2698 ⁸⁸
1491 2681 1556 2709 ibid.
1610 2681 1631 2699 ⁸³
1650 2681 1725 2711 Psal.

945 2827 950 2832 _
978 2791 1033 2853 (ἑά)
1049 2790 1110 2819 Haec
1123 2792 1180 2827 ipsa
1192 2796 1233 2820 est
1250 2792 1320 2827 apud
1339 2791 1538 2820 'l'heodoretmn
1559 2792 1662 2825 Qumst.
1692 2793 1727 2819 I3

945 2835 969 2853 III
1007 2835 1076 2853 eirea.

942 2835 969 2854 III
984 2835 1003 2853 ιι
1007 2835 1065 2854 8112⁸
1070 2847 1076 2854 ι
