1940 3068
126 135 184 163 735

125 247 174 265 σου
187 236 222 274 ἦν
235 237 266 264 τὸ
281 237 361 273 χῶμα
380 238 394 264 ὃ
410 238 511 265 ἔπλασε
524 238 570 265 τὸν
590 239 686 274 Ἀδὰμ,
707 240 754 266 καὶ
766 239 796 272 ἐξ
811 240 915 266 ἐκείνου

122 282 197 310 εἰσὶν
216 283 241 309 οἱ
257 282 334 310 καλοὶ
355 283 403 309 καὶ
429 283 550 318 ὲνάρετοι
573 282 726 319 ἄνθρωποι·
752 284 805 310 ἀπὸ
819 284 847 310 δὲ
865 284 915 319 τῆς

123 328 200 365 Ebur;
216 329 286 355 εἰσιν
301 329 324 355 οι
350 329 429 356 κακοὶ
445 330 491 356 καὶ
507 330 629 365 πονηροὶ,
645 330 692 356 καὶ
713 332 737 356 ot
755 330 855 357 σκολιοὶ
869 330 915 357 ἆν-

128 376 242 410 ’ρωποι⁸
251 374 388 401 Διὰτοῦτο
400 374 516 402 ἔπλασεν
529 376 627 407 αὐτοὺς
637 377 651 403 6
661 376 726 407 Θεὸς
743 376 773 409 ἐξ
788 376 846 408 ἑνὸς
862 375 914 411 χώ-

126 429 222 456 ματος.

166 465 263 501 Ἐρώτ.
276 466 321 493 νδ’.
335 466 384 493 Διὰ
401 467 436 499 τί,
447 466 484 498 ὡς
502 466 559 493 ἐστι
575 468 700 502 κρεῖσσον
725 467 770 494 καὶ
796 467 913 503 παραδο-

124 511 234 547 ξότερον
250 512 356 547 ποίημα
368 511 415 538 τοῦ
431 512 498 538 Θεοῦ
519 513 533 539 6
548 512 689 548 ἄνθρωπος
712 512 836 548 (βασιλέα
858 513 912 548 γὰρ

123 558 206 585 αὑτὸν
221 558 368 593 πεποίηκεν
387 558 433 584 ἐπὶ
446 558 497 593 τῆς
518 559 580 593 γῆς,
602 558 650 585 καὶ
670 559 731 585 κατ’
747 559 838 586 εἰκόνα
865 559 911 585 καὶ

123 604 186 631 καθ’
198 604 328 639 ὁμοίωσιν
346 603 428 631 αὐτοῦ
445 604 572 640 ἐποίησεν
591 605 702 640 αὐτὸν),
719 604 778 637 πῶς
796 605 911 632 ἔπλασεν

122 650 206 677 αὑτὸν
221 651 235 677 6
255 650 321 682 θεὸς
337 649 450 686 ὕστερον
466 650 589 684 πάντων;

162 696 259 722 Ἀπόκ.
270 694 377 731 Ἐπειδὴ
393 694 487 731 ὥσπερ
500 695 635 730 βασιλεὺς,
649 696 713 723 ὅταν
727 696 816 732 μέλλει
827 696 911 723 ἀπελ-

120 740 180 767 θεῖν
194 741 224 767 ὲν
245 740 321 766 πόλει
335 740 398 774 τινὶ,
419 741 528 776 πρῶτον
542 742 745 777 εὑτρεπίζουσιν
763 743 845 769 αὑτοῦ
861 743 910 779 τὴν

119 785 293 820 ἑτοιμασίαν,
319 784 366 811 καὶ
389 784 642 818 κατασκευάζοντες
661 785 742 812 αὑτοῦ
760 786 810 821 τὴν
826 787 909 820 δωρο-

119 830 232 866 φορίαν,
248 829 296 856 καὶ
312 830 401 857 πᾶσαν
417 830 499 857 αὐτοῦ
526 831 574 865 τὴν
600 830 751 866 ὑπηρεσίαν
774 831 820 857 καὶ
845 832 910 858 ἀνά-

118 885 232 907 παυσιν,
247 876 315 911 μετὰ
329 875 407 902 τοῦτο
421 876 448 902 δὲ
460 876 640 912 παραγίνεται
654 878 668 903 6
683 876 808 911 βασιλεὺς
818 897 825 909 ,
839 877 909 904 οὕτω

118 922 215 956 γέγονε
223 922 269 948 καὶ
276 922 322 948 ἐπὶ
329 921 376 948 τοῦ
383 921 430 949 ἀνθ
435 921 535 958 ρώπου.
544 922 654 957 Πρῶτον
661 924 693 956 ἐφ
698 923 815 957 ρόντισεν
825 924 838 949 6
843 923 908 954 Θεὸς

117 968 155 995 τὰ
171 969 221 1004 τῆς
236 968 416 1000 ἀναπαύσεως
431 968 523 1001 αὑτοῦ,
547 969 594 995 καὶ
609 968 755 1003 ειργάσατο
775 968 824 1004 τὴν
841 977 907 995 κατ-

116 1014 206 1040 οικίαν
230 1013 313 1040 αὑτοῦ
337 1013 384 1041 καὶ
400 1015 490 1041 πᾶσαν
512 1013 560 1049 τὴν
581 1014 675 1050 χρείαν
694 1014 741 1041 καὶ
755 1015 907 1042 ἀνάπαυσιν

116 1059 215 1091 αὐτοῦ,
231 1061 277 1086 καὶ
294 1059 363 1095 μετὰ
378 1059 463 1088 ταῦτα
475 1060 591 1087 ἔπλασεν
603 1061 694 1088 αὐτόν.

159 1106 256 1141 Ἐρώτ.
266 1109 311 1133 νε¹.
320 1106 353 1132 Τί
364 1107 422 1132 ἐστι
434 1106 465 1133 τό
474 1115 480 1121 ·
493 1116 503 1133 ι
517 1107 677 1143 Ποιήσωμεν
689 1107 830 1142 ἄνθρωπον
846 1109 906 1135 κατ’

115 1152 210 1178 εἰκόνα
228 1152 372 1188 ἡμετέραν,
392 1154 439 1179 καὶ
453 1153 514 1180 καθ’
529 1153 675 1188 ὸμοίωσινς
695 1164 704 1180 ι
722 1155 754 1180 Τί
769 1154 799 1180 τὸ
818 1163 826 1180 ι
845 1154 904 1181 κατ’

71 1218 79 1222 .
115 1197 227 1229 εἰκόνας
245 1207 256 1223 ›
275 1198 322 1224 καὶ
336 1197 364 1224 τι
380 1197 410 1224 τὸ
429 1206 439 1224 ι
453 1198 514 1225 καθ’
532 1198 676 1234 όμοίωσιν;
690 1209 699 1225 ι

159 1285 251 1312 Ἀπόκ.
267 1285 323 1321 Οὐχ
339 1285 434 1322 ὥσπερ
451 1288 474 1313 οἱ
490 1286 637 1322 ἄνθρωποι,
649 1288 734 1320 οὕτως
749 1289 795 1315 καὶ
811 1291 825 1316 6
838 1290 903 1321 Θεός

115 1331 190 1357 ἐστιν
208 1331 454 1368 άνθρωπόμορφος·
468 1332 576 1367 ἄπαγει
597 1333 676 1360 Ἀλλὰ
692 1335 722 1361 τὸ
735 1344 744 1360 ι
759 1336 820 1362 κατ’
833 1336 904 1362 εἰκό-

114 1384 148 1402 να
167 1385 176 1401 ι
192 1375 271 1403 τοῦτό
295 1377 369 1404 ἐστιν
381 1386 387 1392 ·
413 1377 506 1413 ὥσπερ
522 1378 578 1414 γὰρ
604 1381 618 1406 6
633 1379 699 1411 Θεὸς
724 1380 859 1415 βασιλεύει
875 1383 903 1408 ἐν

114 1422 196 1447 παντὶ
208 1422 313 1458 κόσμῳ,
325 1423 372 1449 καὶ
386 1423 474 1458 ἄρχει,
490 1425 537 1451 καὶ
552 1424 702 1457 ἐξουσιάζει
717 1426 824 1453 πάντων
848 1426 902 1453 τῶν

113 1467 143 1493 ἐν
154 1467 262 1503 οὐρανῷ
289 1469 336 1495 καὶ
349 1471 382 1505 τῇ
397 1471 431 1505 γῇ
442 1478 449 1484 ·
465 1470 536 1497 οὕτω
560 1471 606 1497 καὶ
622 1472 637 1498 6
654 1471 796 1507 ἄνθρωπος
812 1473 902 1508 ἄρχων

757 135 1107 165 INTERPRETATIONES
1124 136 1167 163 EX
1191 136 1221 163 ν.
1244 136 1275 164 Τ.

124 192 210 230 χῶμά
224 193 281 218 ἐστι
294 192 341 223 τοῦ
359 192 507 228 ¹Δδὰμ,καὶ
522 193 586 220 ἄλλο
599 193 649 228 τῆς
661 178 748 224 εςαςυ
762 194 810 220 καὶ
827 195 903 229 κρεῖσ

969 195 1054 222 lutum
1079 194 1153 226 Adae,
1175 197 1202 221 et
1224 193 1297 220 aliud
1317 192 1380 220 Eva:

1703 135 1756 162 754

1404 201 1410 218 :
1436 196 1463 220 et
1483 192 1568 219 lutum
1594 192 1675 227 266
1690 192 1755 220 Adae

967 241 1142 276 prmstantius
1163 248 1234 272 esse,
1257 239 1384 275 quodque
1408 247 1440 266 ex
1467 239 1519 265 hoc
1538 239 1602 266 boni
1625 242 1652 265 et
1676 240 1753 273 probi

967 287 1106 319 homines,
1136 294 1169 314 ex
1193 286 1247 313 Eva
1273 293 1338 313 vero
1374 285 1430 312 sint
1459 284 1542 316 mali,
1580 285 1699 319 perversi
1727 289 1753 311 et

966 333 1053 368 pravi.
1080 332 1143 361 ideo
1165 332 1230 360 fecit
1251 339 1299 359 eos
1314 330 1386 358 Deus
1402 339 1435 358 ex
1451 338 1504 358 uno
1526 329 1675 364 eodemque
1696 330 1752 357 luto

966 384 1053 408 ICI'I‘ZE.

1000 468 1111 502 Qua-:51.
1125 467 1193 495 LIV.
1209 467 1276 495 Cum
1293 466 1467 502 praestantius
1481 468 1508 492 et
1523 464 1675 492 mirabilius
1689 464 1750 498 opi-

963 513 1054 540 ﬁcium
1072 513 1119 540 Dei
1133 513 1168 540 sil.
1187 512 1269 539 homo
1284 512 1385 547 (regem
1406 511 1478 538 enim
1491 510 1578 544 ipsum
1593 513 1671 537 terrae
1685 517 1751 537 (ou-

963 559 1051 587 stituit
1089 561 1116 586 et
1142 557 1293 586 secundum
1321 557 1466 592 imaginem
1493 555 1750 590 similitudinemque

962 611 1038 632 suam
1053 603 1155 631 creavit
1168 602 1277 638 ipsum),
1292 610 1342 630 cur
1360 602 1480 629 omnium
1494 605 1659 637 postremum
1670 608 1747 628 crea-

961 651 1001 677 vit
1015 658 1077 678 eum
1093 649 1184 677 Deus?

997 695 1077 723 Raso.
1106 695 1340 728 Quemadmodum
1367 702 1415 722 rex
1445 693 1554 729 quando
1579 693 1606 720 in
1628 693 1746 728 aliquam

961 741 1056 769 urbem
1082 741 1249 769 adventurus
1269 741 1381 772 dicitur,
1406 740 1524 775 primum
1549 746 1657 767 omnem
1685 739 1746 772 ejus

961 791 1119 823 apparatum
1148 787 1298 818 instruunt,
1321 790 1447 821 parantes
1475 785 1546 812 dona
1572 793 1632 820 qua:
1656 784 1747 812 confe-

960 837 1033 865 rant,
1065 837 1091 860 et
1118 835 1204 859 totum
1235 832 1393 859 satellitium
1416 835 1444 859 et
1460 831 1624 866 hospitium,
1638 838 1670 858 ac
1687 834 1744 857 tum

959 878 1067 905 demum
1098 876 1207 904 advenit
1230 884 1301 903 rex:
1332 876 1365 904 ad
1391 876 1516 904 eumdem
1542 875 1653 902 modum
1681 882 1744 901 cum

960 924 1069 952 homine
1083 930 1192 958 quoque
1214 923 1314 949 laetum
1331 925 1384 949 est.
1405 921 1497 949 Primo
1517 921 1702 948 habitaculum
1718 920 1743 948 ei

958 969 1115 1005 procura-vit
1136 969 1218 1002 Deus,
1243 968 1360 1003 fecitque
1386 967 1476 995 sedem
1499 967 1687 998 habitationis,
1711 974 1744 994 ac

957 1016 990 1043 de
1005 1015 1131 1042 omnibus
1150 1013 1315 1042 necessariis
1335 1013 1359 1040 ei
1378 1013 1528 1045 orosoexit,
1543 1016 1637 1049 postea
1654 1013 1742 1047 ipsum

956 1063 1069 1089 creavit.

992 1107 1047 1142 (b7)
1057 1107 1166 1140 Quiesr.
1177 1106 1231 1134 LV.
1245 1106 1314 1139 Quid
1324 1106 1389 1133 illud
1398 1111 1439 1134 est
1452 1115 1459 1133 :
1478 1115 1487 1131 ι
1499 1105 1643 1133 Faciamus
1654 1105 1742 1132 homi-

957 1161 1018 1180 nem
1040 1153 1073 1180 ad
1092 1153 1235 1187 imaginem
1252 1155 1279 1179 ct
1295 1151 1500 1179 similitudinem
1522 1155 1643 1178 nostram
1665 1150 1707 1177 7‘?
1729 1160 1738 1176 ι

956 1199 1024 1232 Quid
1038 1202 1079 1226 est
1093 1208 1102 1224 ‹
1119 1198 1153 1225 ad
1170 1198 1334 1233 imaginem?
1350 1208 1358 1224 )
1376 1197 1408 1224 Et
1421 1197 1484 1232 quid
1501 1196 1577 1229 illud,
1591 1206 1601 1223 ι
1617 1196 1651 1224 ad
1664 1196 1741 1224 simi-

956 1243 1116 1271 litudinem?
1133 1252 1141 1268 ι

990 1289 1072 1317 Rnsr.
1101 1288 1162 1316 Non
1181 1293 1223 1316 est
1238 1288 1319 1321 Deus,
1340 1289 1420 1316 sicuti
1445 1292 1510 1317 sunt
1533 1289 1666 1320 homines,
1689 1288 1741 1314 hu-

954 1342 1062 1362 manam
1076 1334 1179 1362 habens
1192 1335 1322 1369 ﬁguram;
1338 1335 1425 1362 absit!
1452 1335 1503 1362 Sed
1513 1335 1585 1370 quod
1593 1334 1668 1365 dicit.
1681 1343 1691 1360 ‹
1705 1334 1740 1361 ad

953 1380 1097 1415 imaginem
1117 1387 1123 1405 :
1148 1389 1158 1405 ›
1183 1379 1235 1407 hoc
1255 1383 1307 1411 est,
1323 1379 1394 1406 sicut
1417 1380 1443 1407 in
1466 1383 1523 1407 toto
1544 1380 1646 1407 mundo
1668 1380 1739 1407 Deus

953 1430 1056 1461 regnat,
1078 1426 1204 1461 imperat,
1222 1430 1248 1453 et
1274 1429 1434 1460 potestatem
1458 1431 1567 1453 exercet
1588 1428 1614 1452 iu
1637 1427 1737 1459 omnia,

952 1480 1012 1507 qua:
1025 1473 1052 1499 in
1066 1472 1136 1499 cmlo
1154 1475 1216 1499 sunt
1231 1475 1257 1498 et
1270 1479 1330 1506 qua:
1343 1472 1371 1498 in
1387 1475 1459 1498 terra
1477 1480 1483 1505 ;
1499 1472 1539 1499 sic
1552 1472 1632 1499 etiam
1645 1472 1737 1504 homo,

114 1513 163 1540 καὶ
181 1512 308 1547 βασιλεὺς
320 1514 471 1551 καθέστηκε
486 1516 594 1543 πάντων
609 1517 663 1543 τῶν
679 1518 808 1552 ἐπιγείων
830 1527 900 1554 πρα-

957 1519 1078 1553 princeps
1100 1521 1128 1545 et
1146 1525 1195 1544 rex
1218 1517 1385 1545 conslitulus
1409 1520 1451 1544 est
1476 1524 1559 1551 super
1578 1524 1672 1544 omnes
1695 1525 1738 1544 res

113 1559 237 1593 γμάτων,
255 1560 301 1586 καὶ
320 1560 501 1593 αὐτεξουσίως
525 1561 538 1588 ὃ
559 1561 680 1597 βούλεται
696 1564 818 1599 πράττει,
837 1564 903 1591 καθ-

957 1568 1115 1595 terrcstres,
1131 1567 1158 1590 et
1179 1563 1265 1589 libera
1283 1570 1332 1590 sua
1345 1563 1484 1589 voluntate
1503 1562 1568 1589 facit
1584 1562 1657 1598 quod
1679 1563 1737 1589 vult

113 1604 186 1640 άπερ
205 1606 253 1632 καὶ
277 1606 291 1631 6
306 1607 372 1638 Θεός
382 1616 389 1622 ·
404 1608 451 1634 καὶ
467 1608 545 1635 τοῦτό
559 1609 616 1635 ἐστι
631 1609 662 1635 τὸ
679 1619 688 1635 ι
705 1611 765 1636 κατ’
779 1610 879 1637 εἰκόνα.
890 1619 899 1635 ι

113 1651 150 1677 Τὸ
160 1651 189 1677 δὲ
206 1660 215 1676 ι
228 1652 289 1678 καθ’
305 1653 433 1686 ὁμοίωσίν
445 1664 455 1680 ›
474 1655 531 1681 ἐστι
545 1655 574 1681 τὸ
590 1655 691 1689 ἀγαθὸν
706 1656 751 1682 καὶ
766 1657 900 1692 ἐνάρετον.

115 1696 219 1732 Ὠσπερ
234 1697 288 1733 γὰρ
300 1699 313 1724 6
326 1699 392 1731 Θεὺς
408 1700 508 1734 ἀγαθός
523 1702 580 1727 ἐστι
594 1702 640 1728 καὶ
650 1701 780 1737 ἐλεήμων,
798 1703 845 1729 καὶ
859 1702 903 1728 εὕ-

113 1742 282 1778 σπὶαγχνος,
300 1745 346 1772 καὶ
367 1745 480 1779 δίκαιος,
505 1747 678 1782 μακρόϐυμός
700 1756 728 1774 τε
745 1748 790 1775 καὶ
805 1749 900 1784 πρᾶος,

112 1789 284 1825 ἀγαπητικός
300 1800 330 1817 τε
344 1792 392 1818 καὶ
409 1793 564 1829 συμπαθὴς,
588 1794 724 1829 εἰρηνικός
740 1803 770 1821 τε
786 1795 832 1821 καὶ
846 1796 903 1821 ἐπι-

111 1834 198 1870 εικὴς,
216 1835 299 1862 ὲλειῖιν
315 1837 363 1864 καὶ
375 1838 482 1872 τρέφων
499 1839 603 1871 πάντας
616 1839 784 1875 ἀνθρώπους,
799 1841 845 1866 καὶ
856 1841 902 1866 ἐπὶ

111 1881 178 1907 πᾶσι
193 1881 224 1907 τὺ
240 1882 341 1915 ἀγαθὸν
363 1883 566 1919 ἐνδεικνύμενος
577 1893 583 1900 ·
606 1885 718 1921 τοιούτῳ
735 1886 828 1921 τρόπῳ
846 1888 902 1922 εἱρ-

112 1928 216 1962 γάσατο
233 1929 279 1954 καὶ
301 1929 402 1955 ἔπλασε
414 1950 421 1962 ,
448 1931 495 1956 καὶ
515 1930 584 1957 θέλει
601 1928 670 1958 εἶναι
688 1932 733 1958 τὸν
748 1931 899 1968 ἄνθρωπον,

111 1973 154 2001 ἵνα
181 1973 255 2008 πάσῃ
281 1974 364 2009 ἀρετῇ
395 1975 503 2011 ὑπάρχῃ
533 1976 823 2011 κατακεκοσμημένος,
855 1978 901 2003 καὶ

112 2020 296 2054 .....μιμεῖται
306 2019 365 2055 Θεῷ
377 2021 447 2047 κατὰ
456 2022 487 2048 τὸ
502 2022 613 2049 δυνατὸν
625 2022 762 2058 ἀνθρώπῳ
780 2023 807 2050 ὲν
825 2022 898 2058 πάσῃ

111 2065 279 2101 ἀγαθοεργίᾳ
292 2066 339 2093 καὶ
352 2067 508 2103 σεμνότητι.

150 2153 246 2190 Ἐρὼτ.
261 2159 315 2187 νς¹.
332 2155 390 2182 Τίνι
405 2157 419 2182 6
433 2155 498 2187 Θεὸς
518 2156 626 2193 εῐρηκεε
653 2166 662 2183 ι
674 2158 835 2193 Ποιήσωμεν
849 2156 897 2184 ἄνη

953 1610 1023 1636 sicut
1042 1609 1101 1644 ipse
1118 1608 1199 1635 Deus.
1217 1608 1249 1634 Et
1266 1608 1317 1635 hoc
1329 1612 1370 1635 est
1381 1608 1453 1643 quod
1465 1608 1575 1640 dicitur,
1595 1617 1605 1634 ι
1624 1607 1656 1635 ad
1671 1608 1738 1634 iiua-

952 1655 1052 1689 ginem.
1078 1663 1088 1680 ›
1109 1654 1186 1687 Quod
1203 1661 1267 1681 vero
1290 1663 1299 1679 ι
1320 1654 1353 1681 ad
1368 1654 1571 1682 similitudinem
1589 1664 1598 1680 ι
1625 1653 1736 1686 dicitur,

951 1705 993 1728 est
1010 1701 1054 1729 illa
1070 1701 1176 1728 bonitas
1191 1703 1218 1727 et
1230 1699 1348 1734 iustitia.
1371 1699 1447 1727 Sicut
1461 1700 1532 1727 enim
1558 1699 1629 1727 Deus
1648 1701 1737 1727 bonus

951 1749 1013 1778 est,
1044 1746 1200 1778 miseratur,
1224 1745 1403 1778 misericors,
1423 1745 1533 1780 justus,
1561 1746 1735 1780 mquanimis,

952 1797 1119 1825 mansuetus,
1139 1796 1166 1820 et
1178 1793 1224 1827 qui
1238 1800 1288 1820 nos
1303 1796 1386 1824 amat,
1402 1796 1428 1819 et
1442 1793 1521 1819 nobis
1536 1793 1669 1824 condolet,
1686 1801 1736 1828 pa-

951 1838 1056 1871 ciﬁcus,
1076 1842 1103 1865 et
1130 1838 1263 1872 placidus,
1283 1837 1329 1872 qui
1356 1837 1442 1864 nostri
1457 1837 1613 1869 miseretur,
1640 1841 1667 1865 et
1689 1838 1737 1865 alit

951 1892 1046 1912 omnes
1067 1884 1201 1917 homines,
1231 1888 1313 1919 atque
1336 1883 1406 1911 hanc
1430 1884 1577 1910 bonitatem
1605 1884 1734 1911 omnibus

950 1931 1059 1957 exhibet
1076 1938 1082 1955 ε
1099 1929 1133 1957 ad
1156 1929 1281 1957 eumdem
1304 1929 1415 1956 modum
1433 1929 1497 1956 fecit
1515 1933 1542 1956 et
1557 1928 1694 1961 formavit,
1709 1932 1737 1956 et

951 1976 1030 2002 talem
1054 1975 1112 2002 vult
1134 1983 1195 2002 esse
1213 1975 1361 2007 hominem,
1385 1978 1414 2001 ut
1435 1974 1561 2002 omnibus
1587 1974 1736 2002 virtutibus

949 2025 1097 2049 exornatus
1116 2022 1161 2054 sit,
1182 2024 1208 2048 et
1227 2021 1347 2048 imitetur
1363 2019 1458 2050 Deum,
1474 2024 1604 2055 quantum
1625 2020 1735 2055 quidem

949 2067 1130 2094 humanarum
1145 2070 1187 2094 est
1203 2066 1312 2098 virium,
1329 2066 1357 2093 in
1369 2065 1442 2093 omni
1454 2065 1525 2093 bono
1539 2072 1620 2100 opere
1638 2069 1666 2092 et
1686 2065 1736 2092 ho-

949 2117 1163 2193 neigggeQU£sr.
1178 2156 1245 2184 LVl.
1257 2157 1297 2184 Ad
1312 2164 1393 2192 quem
1417 2156 1485 2183 dixit
1498 2155 1589 2183 Deus:
1609 2165 1618 2181 ι
1641 2155 1734 2183 Facia-

111 2201 216 2237 θρωπον
233 2202 292 2228 κατ’
307 2202 400 2229 εἰκόνα
416 2203 563 2239 ἡμετέραν,
579 2204 627 2231 καὶ
643 2204 703 2231 καθ’
720 2204 865 2240 ὁμοίωσιν;
882 2214 891 2230 ι

957 2211 1009 2230 nus
1028 2203 1165 2231 hominem
1184 2203 1219 2230 ad
1241 2203 1385 2238 imaginem
1408 2206 1434 2229 et
1455 2201 1661 2229 similitudinem
1687 2209 1734 2228 no-

150 2291 244 2318 ’Λπόχ.
257 2292 335 2323 Τινὲς
350 2291 403 2319 τῶν
415 2292 582 2328 δυσωνύμων
595 2292 740 2327 αἰρετικῶν
755 2292 823 2328 πρὸς
832 2293 895 2324 τοὺς

110 2337 240 2372 ἀγγέλους
254 2339 320 2365 αὐτὸ
332 2339 469 2374 εἰρηκέναι
484 2339 530 2367 καὶ
546 2340 608 2371 τοὺς
623 2341 757 2375 πονηροὺς
766 2340 895 2375 δαίμονας

110 2383 244 2418 ἔφθασανι
263 2385 293 2410 οὐ
316 2385 451 2417 συνιέντες
467 2387 490 2412 οἱ
508 2385 696 2422 ἐμϐρόντητοι,
725 2387 765 2413 ὅτι
789 2387 819 2413 οὐ
834 2388 894 2413 κατ’

110 2430 214 2462 εἰκόνας
230 2431 368 2466 ἡμετέρας
390 2431 452 2466 ἔφη,
478 2431 544 2458 ἀλλὰ
561 2433 620 2458 κατ’
639 2432 730 2458 εἰκόνα
745 2432 894 2468 ἡμετέραν.

110 2474 173 2500 Θεοῦ
189 2475 217 2501 δὲ
234 2475 282 2501 καὶ
298 2476 418 2509 ἀγγέλων
439 2476 485 2502 καὶ
507 2476 642 2511 δαιμόνων
656 2476 717 2503 οὔτε
734 2477 812 2504 οὐσία
832 2477 893 2504 οὗτε

110 2520 214 2556 εξκὼνή
228 2521 307 2556 αὐτή.
322 2520 391 2555 Ἐγὼ
403 2521 431 2548 δέ
447 2530 527 2557 φημι,
542 2523 592 2554 ὅτι,
606 2523 768 2558 προοεωρῶν
782 2522 833 2559 τὴν
846 2523 892 2550 τοῦ

110 2565 275 2599 Μονογενοῦς
293 2565 430 2601 σάρκωσίν
450 2575 479 2593 τε
494 2567 541 2593 καὶ
567 2567 781 2603 ἐνανορώπησιν,
793 2568 840 2594 καὶ
855 2568 892 2600 ὡς

108 2610 207 2645 ταύτην
223 2611 270 2646 τὴν
288 2611 367 2645 φύσιν
385 2612 417 2638 ὲκ
442 2612 581 2648 Παρθένου
597 2613 719 2648 λήψεται,
744 2613 792 2640 καὶ
807 2614 892 2646 οὕτως

110 2655 196 2690 ἑαυτῷ
210 2655 239 2682 ἓν
255 2656 305 2691 μὲν
321 2657 465 2693 πρόσωπον
481 2657 547 2684 Θεοῦ
563 2658 609 2684 καὶ
631 2657 773 2693 ἀνθρώπου
785 2659 892 2694 νοήσας,

111 2703 154 2728 καὶ
170 2703 234 2737 μίαν
249 2703 323 2738 αὐτῷ
340 2703 524 2739 προσκύνησιν
542 2704 617 2740 παρὰ
629 2704 677 2740 τῆς
690 2705 804 2737 κτίσεως
821 2705 893 2733 ἁπά-

143 2778 166 2794 “
185 2778 252 2806 Gen.
271 2787 296 2814 ι,
314 2779 360 2815 26.

146 2856 199 2891 (S7)
215 2856 280 2885 Vide
292 2857 394 2891 Qumst.
418 2858 453 2885 20
472 2858 575 2887 Thco'l.
591 2860 615 2886 in
631 2858 721 2887 ςεηω.

947 2249 1053 2277 stram?
1067 2260 1076 2275 1

983 2295 1064 2322 lisse.
1081 2294 1198 2322 infames
1215 2293 1326 2329 quidam
1348 2293 1468 2320 haeretici
1488 2293 1522 2320 ad
1536 2288 1687 2327 angelos'et
1700 2294 1732 2321 ad

949 2340 1034 2367 malos
1061 2339 1199 2367 daemones
1223 2339 1326 2366 dictum
1357 2346 1417 2365 esse
1444 2338 1653 2365 contenderunt.
1678 2337 1732 2366 Nec

948 2386 1103 2421 intelligunt
1128 2385 1168 2412 illi
1194 2385 1309 2420 stupidi,
1327 2393 1388 2411 eum
1405 2392 1460 2412 non
1478 2384 1593 2416 dixisse,
1615 2384 1649 2410 ad
1666 2384 1732 2411 ima-

947 2432 1023 2466 gines
1038 2435 1157 2463 nostras,
1175 2431 1221 2458 sed
1236 2430 1268 2457 ad
1283 2430 1427 2465 imaginem
1445 2433 1580 2457 nostram.
1598 2429 1645 2457 Dei
1660 2430 1732 2457 enim

946 2483 975 2505 et-
990 2478 1147 2512 angelorum
1166 2485 1197 2504 ac
1216 2477 1381 2509 daemonum,
1403 2484 1490 2511 neque
1505 2476 1624 2503 essentia
1645 2484 1732 2511 neque

946 2524 1034 2558 imago
1049 2527 1090 2551 est
1101 2523 1208 2550 eadem.
1221 2522 1275 2558 Ego
1290 2526 1380 2550 autem
1395 2521 1474 2554 dico,
1488 2523 1560 2557 quod
1574 2521 1725 2555 pratvidens

942 2570 1072 2604 unigeniti
1095 2569 1155 2596 Filii
1182 2569 1408 2601 incarnationem,
1430 2572 1457 2595 et
1480 2568 1604 2595 humana:
1628 2571 1731 2595 naturae

942 2615 1255 2650 assumptionem,quam
1265 2622 1298 2642 ex
1309 2613 1420 2649 Virgine
1430 2616 1557 2640 naturam
1572 2618 1731 2648 assumptu.

942 2669 990 2688 rus
1006 2665 1090 2692 esset,
1108 2669 1170 2688 cum
1186 2661 1226 2689 sic
1239 2669 1320 2689 unam
1336 2665 1364 2688 et
1376 2661 1498 2688 eamdem
1511 2660 1558 2688 Dei
1575 2665 1601 2687 et
1614 2659 1731 2687 hominis

944 2714 1099 2742 personam,
1119 2715 1151 2734 ac
1170 2715 1251 2735 unam
1277 2711 1303 2736 et
1323 2707 1446 2735 eamdem
1469 2707 1522 2742 ipsi
1541 2706 1731 2738 adoratiouem

981 2860 1036 2895 (88)
1053 2859 1100 2889 Est
1115 2859 1216 2897 Quaest.
1237 2859 1267 2888 if)
1282 2859 1384 2887 Tlteod.
1399 2859 1425 2886 iu
1441 2858 1533 2888 Genu.
