  <div class='ocr_page' id='page_1' title='image "/cluster/home/n/w/nwhite01/storage/ocr_20150623/28/njp.32101007506148/379.png"; bbox 0 0 1940 3068; ppageno 0'>
   <div class='ocr_carea' id='block_1_1' title="bbox 224 131 276 158">
    <p class='ocr_par' dir='ltr' id='par_1_1' title="bbox 224 131 276 158">
     <span class='ocr_line' id='line_1_1' title="bbox 224 131 276 158; baseline 0 0"><span class='ocrx_word' id='word_1_1' title='bbox 224 131 276 158; x_wconf 75' lang='grc'><strong>’135</strong></span> 
     </span>
    </p>
   </div>
   <div class='ocr_carea' id='block_1_2' title="bbox 788 130 1274 160">
    <p class='ocr_par' dir='ltr' id='par_1_2' title="bbox 788 130 1274 160">
     <span class='ocr_line' id='line_1_2' title="bbox 788 130 1274 160; baseline 0 -2"><span class='ocrx_word' id='word_1_2' title='bbox 788 130 817 159; x_wconf 83' lang='lat' dir='ltr'><strong>S.</strong></span> <span class='ocrx_word' id='word_1_3' title='bbox 837 131 1067 160; x_wconf 78' lang='lat' dir='ltr'><strong>ATHANASIUS.</strong></span> <span class='ocrx_word' id='word_1_4' title='bbox 1086 147 1121 152; x_wconf 96' lang='lat'><strong>—</strong></span> <span class='ocrx_word' id='word_1_5' title='bbox 1139 131 1274 159; x_wconf 79' lang='lat' dir='ltr'><strong>SPURIA.</strong></span> 
     </span>
    </p>
   </div>
   <div class='ocr_carea' id='block_1_3' title="bbox 1786 131 1853 160">
    <p class='ocr_par' dir='ltr' id='par_1_3' title="bbox 1786 131 1853 160">
     <span class='ocr_line' id='line_1_3' title="bbox 1786 131 1853 160; baseline 0.03 -2"><span class='ocrx_word' id='word_1_6' title='bbox 1786 131 1853 160; x_wconf 76' lang='lat' dir='ltr'><strong>73G</strong></span> 
     </span>
    </p>
   </div>
   <div class='ocr_carea' id='block_1_4' title="bbox 223 189 1007 227">
    <p class='ocr_par' dir='ltr' id='par_1_4' title="bbox 223 190 1004 227">
     <span class='ocr_line' id='line_1_4' title="bbox 223 190 1004 227; baseline 0.004 -11"><span class='ocrx_word' id='word_1_7' title='bbox 223 190 257 217; x_wconf 86' lang='lat' dir='ltr'><strong>ab</strong></span> <span class='ocrx_word' id='word_1_8' title='bbox 271 190 345 217; x_wconf 91' lang='lat' dir='ltr'><strong>omni</strong></span> <span class='ocrx_word' id='word_1_9' title='bbox 359 194 484 218; x_wconf 77' lang='lat' dir='ltr'><strong>creatura</strong></span> <span class='ocrx_word' id='word_1_10' title='bbox 498 190 619 218; x_wconf 86' lang='lat' dir='ltr'><strong>oblatum</strong></span> <span class='ocrx_word' id='word_1_11' title='bbox 637 190 671 217; x_wconf 92' lang='lat' dir='ltr'><strong>iri</strong></span> <span class='ocrx_word' id='word_1_12' title='bbox 687 190 860 226; x_wconf 73' lang='lat' dir='ltr'><strong>intelligeret,</strong></span> <span class='ocrx_word' id='word_1_13' title='bbox 871 191 906 219; x_wconf 83' lang='lat' dir='ltr'><strong>ad</strong></span> <span class='ocrx_word' id='word_1_14' title='bbox 917 192 1004 227; x_wconf 89' lang='lat' dir='ltr'><strong>ipsum</strong></span> 
     </span>
    </p>
   </div>
   <div class='ocr_carea' id='block_1_5' title="bbox 1061 189 1855 227">
    <p class='ocr_par' dir='ltr' id='par_1_5' title="bbox 1061 189 1855 226">
     <span class='ocr_line' id='line_1_5' title="bbox 1061 189 1855 226; baseline 0.004 -10"><span class='ocrx_word' id='word_1_15' title='bbox 1061 199 1107 226; x_wconf 68' lang='lat' dir='ltr'><strong>mg</strong></span> <span class='ocrx_word' id='word_1_16' title='bbox 1131 189 1345 226; x_wconf 77' lang='grc' dir='ltr'><strong>προσφέρεσθαι,</strong></span> <span class='ocrx_word' id='word_1_17' title='bbox 1373 189 1441 226; x_wconf 79' lang='grc' dir='ltr'>πρὸς</span> <span class='ocrx_word' id='word_1_18' title='bbox 1465 189 1544 216; x_wconf 69' lang='grc' dir='ltr'>αὑτὸν</span> <span class='ocrx_word' id='word_1_19' title='bbox 1560 190 1606 217; x_wconf 80' lang='grc' dir='ltr'><strong>τὸν</strong></span> <span class='ocrx_word' id='word_1_20' title='bbox 1623 190 1752 226; x_wconf 84' lang='grc' dir='ltr'><strong>μονογενῆ</strong></span> <span class='ocrx_word' id='word_1_21' title='bbox 1775 191 1855 219; x_wconf 72' lang='grc' dir='ltr'>Υιδν</span> 
     </span>
    </p>
   </div>
   <div class='ocr_carea' id='block_1_6' title="bbox 222 235 858 270">
    <p class='ocr_par' dir='ltr' id='par_1_6' title="bbox 222 235 858 270">
     <span class='ocr_line' id='line_1_6' title="bbox 222 235 858 270; baseline 0.005 -9"><span class='ocrx_word' id='word_1_22' title='bbox 222 236 390 270; x_wconf 77' lang='lat' dir='ltr'><strong>unigenitum</strong></span> <span class='ocrx_word' id='word_1_23' title='bbox 407 235 504 262; x_wconf 84' lang='lat' dir='ltr'><strong>Filium</strong></span> <span class='ocrx_word' id='word_1_24' title='bbox 523 236 594 263; x_wconf 92' lang='lat' dir='ltr'><strong>hunc</strong></span> <span class='ocrx_word' id='word_1_25' title='bbox 611 236 680 263; x_wconf 82' lang='lat' dir='ltr'><strong>dixit</strong></span> <span class='ocrx_word' id='word_1_26' title='bbox 695 243 858 265; x_wconf 80' lang='lat' dir='ltr'><strong>sermonem.</strong></span> 
     </span>
    </p>
   </div>
   <div class='ocr_carea' id='block_1_7' title="bbox 258 280 1005 318">
    <p class='ocr_par' dir='ltr' id='par_1_7' title="bbox 258 280 1005 318">
     <span class='ocr_line' id='line_1_7' title="bbox 258 280 1005 318; baseline 0.004 -11"><span class='ocrx_word' id='word_1_27' title='bbox 258 281 313 312; x_wconf 78' lang='grc'><strong>(89)</strong></span> <span class='ocrx_word' id='word_1_28' title='bbox 327 281 437 313; x_wconf 62' lang='grc' dir='ltr'><strong>ρης-ι’.</strong></span> <span class='ocrx_word' id='word_1_29' title='bbox 453 280 529 308; x_wconf 87' lang='lat' dir='ltr'><strong>LVII.</strong></span> <span class='ocrx_word' id='word_1_30' title='bbox 543 281 610 309; x_wconf 85' lang='lat' dir='ltr'><strong>Utra</strong></span> <span class='ocrx_word' id='word_1_31' title='bbox 629 285 672 310; x_wconf 86' lang='lat' dir='ltr'><strong>est</strong></span> <span class='ocrx_word' id='word_1_32' title='bbox 686 282 850 317; x_wconf 85' lang='lat' dir='ltr'><strong>principium</strong></span> <span class='ocrx_word' id='word_1_33' title='bbox 863 285 891 310; x_wconf 85' lang='lat' dir='ltr'><strong>et</strong></span> <span class='ocrx_word' id='word_1_34' title='bbox 903 283 1005 318; x_wconf 89' lang='lat' dir='ltr'><strong>primas</strong></span> 
     </span>
    </p>
   </div>
   <div class='ocr_carea' id='block_1_8' title="bbox 223 326 532 356">
    <p class='ocr_par' dir='ltr' id='par_1_8' title="bbox 223 326 532 356">
     <span class='ocr_line' id='line_1_8' title="bbox 223 326 532 356; baseline -0.003 -2"><span class='ocrx_word' id='word_1_35' title='bbox 223 326 313 356; x_wconf 81' lang='lat' dir='ltr'><strong>habet.</strong></span> <span class='ocrx_word' id='word_1_36' title='bbox 331 334 384 353; x_wconf 80' lang='lat' dir='ltr'><strong>nox</strong></span> <span class='ocrx_word' id='word_1_37' title='bbox 399 327 440 353; x_wconf 88' lang='lat' dir='ltr'><strong>vel</strong></span> <span class='ocrx_word' id='word_1_38' title='bbox 452 327 532 354; x_wconf 80' lang='lat' dir='ltr'><strong>dies?</strong></span> 
     </span>
    </p>
   </div>
   <div class='ocr_carea' id='block_1_9' title="bbox 260 371 1006 407">
    <p class='ocr_par' dir='ltr' id='par_1_9' title="bbox 260 371 1006 407">
     <span class='ocr_line' id='line_1_9' title="bbox 260 371 1006 407; baseline 0.004 -9"><span class='ocrx_word' id='word_1_39' title='bbox 260 371 339 399; x_wconf 76' lang='lat' dir='ltr'><strong>Resp.</strong></span> <span class='ocrx_word' id='word_1_40' title='bbox 357 373 375 398; x_wconf 76' lang='grc' dir='ltr'><strong>Α</strong></span> <span class='ocrx_word' id='word_1_41' title='bbox 393 373 528 406; x_wconf 85' lang='lat' dir='ltr'><strong>primitiva</strong></span> <span class='ocrx_word' id='word_1_42' title='bbox 550 372 659 407; x_wconf 82' lang='lat' dir='ltr'><strong>quidem</strong></span> <span class='ocrx_word' id='word_1_43' title='bbox 683 373 776 400; x_wconf 83' lang='lat' dir='ltr'><strong>mundi</strong></span> <span class='ocrx_word' id='word_1_44' title='bbox 798 374 948 405; x_wconf 73' lang='lat' dir='ltr'><strong>creatione,</strong></span> <span class='ocrx_word' id='word_1_45' title='bbox 971 374 1006 401; x_wconf 83' lang='lat' dir='ltr'><strong>ab</strong></span> 
     </span>
    </p>
   </div>
   <div class='ocr_carea' id='block_1_10' title="bbox 222 418 1005 454">
    <p class='ocr_par' dir='ltr' id='par_1_10' title="bbox 222 418 1005 454">
     <span class='ocr_line' id='line_1_10' title="bbox 222 418 1005 454; baseline 0.004 -11"><span class='ocrx_word' id='word_1_46' title='bbox 222 425 254 444; x_wconf 91' lang='lat' dir='ltr'><strong>eo</strong></span> <span class='ocrx_word' id='word_1_47' title='bbox 270 422 390 452; x_wconf 70' lang='lat' dir='ltr'><strong>tempore</strong></span> <span class='ocrx_word' id='word_1_48' title='bbox 403 418 526 445; x_wconf 72' lang='lat' dir='ltr'><strong>videlicet</strong></span> <span class='ocrx_word' id='word_1_49' title='bbox 538 426 593 453; x_wconf 92' lang='lat' dir='ltr'><strong>quo</strong></span> <span class='ocrx_word' id='word_1_50' title='bbox 610 418 698 446; x_wconf 79' lang='lat' dir='ltr'><strong>factus</strong></span> <span class='ocrx_word' id='word_1_51' title='bbox 711 423 752 446; x_wconf 91' lang='lat' dir='ltr'><strong>est</strong></span> <span class='ocrx_word' id='word_1_52' title='bbox 768 419 853 446; x_wconf 82' lang='lat' dir='ltr'><strong>Adam</strong></span> <span class='ocrx_word' id='word_1_53' title='bbox 873 427 959 454; x_wconf 88' lang='lat' dir='ltr'><strong>usque</strong></span> <span class='ocrx_word' id='word_1_54' title='bbox 971 419 1005 446; x_wconf 83' lang='lat' dir='ltr'><strong>ad</strong></span> 
     </span>
    </p>
   </div>
   <div class='ocr_carea' id='block_1_11' title="bbox 223 463 1006 499">
    <p class='ocr_par' dir='ltr' id='par_1_11' title="bbox 223 463 1006 499">
     <span class='ocr_line' id='line_1_11' title="bbox 223 463 1006 499; baseline 0.003 -9"><span class='ocrx_word' id='word_1_55' title='bbox 223 463 488 495; x_wconf 79' lang='lat' dir='ltr'><strong>adventumChristi,</strong></span> <span class='ocrx_word' id='word_1_56' title='bbox 506 465 579 499; x_wconf 91' lang='lat' dir='ltr'><strong>prior</strong></span> <span class='ocrx_word' id='word_1_57' title='bbox 592 464 643 491; x_wconf 81' lang='lat' dir='ltr'><strong>fuit</strong></span> <span class='ocrx_word' id='word_1_58' title='bbox 657 465 716 492; x_wconf 87' lang='lat' dir='ltr'><strong>dies</strong></span> <span class='ocrx_word' id='word_1_59' title='bbox 731 465 803 492; x_wconf 87' lang='lat' dir='ltr'><strong>sicut</strong></span> <span class='ocrx_word' id='word_1_60' title='bbox 817 465 900 492; x_wconf 85' lang='lat' dir='ltr'><strong>etiam</strong></span> <span class='ocrx_word' id='word_1_61' title='bbox 914 466 1006 493; x_wconf 83' lang='lat' dir='ltr'><strong>divina</strong></span> 
     </span>
    </p>
   </div>
   <div class='ocr_carea' id='block_1_12' title="bbox 223 509 1004 545">
    <p class='ocr_par' dir='ltr' id='par_1_12' title="bbox 223 509 1004 545">
     <span class='ocr_line' id='line_1_12' title="bbox 223 509 1004 545; baseline 0.001 -8"><span class='ocrx_word' id='word_1_62' title='bbox 223 509 364 544; x_wconf 76' lang='lat' dir='ltr'><strong>Scriptura</strong></span> <span class='ocrx_word' id='word_1_63' title='bbox 391 510 512 545; x_wconf 88' lang='lat' dir='ltr'><strong>loquitur</strong></span> <span class='ocrx_word' id='word_1_64' title='bbox 537 510 640 538; x_wconf 84' lang='lat' dir='ltr'><strong>dixisse</strong></span> <span class='ocrx_word' id='word_1_65' title='bbox 669 510 753 538; x_wconf 88' lang='lat' dir='ltr'><strong>Deum</strong></span> <span class='ocrx_word' id='word_1_66' title='bbox 782 520 789 539; x_wconf 83' lang='lat'><strong>:</strong></span> <span class='ocrx_word' id='word_1_67' title='bbox 819 521 829 537; x_wconf 85' lang='grc'><strong><em>‹</em></strong></span> <span class='ocrx_word' id='word_1_68' title='bbox 858 511 917 538; x_wconf 83' lang='lat' dir='ltr'><strong>Fiat</strong></span> <span class='ocrx_word' id='word_1_69' title='bbox 943 511 1004 544; x_wconf 84' lang='lat' dir='ltr'><strong>lux,</strong></span> 
     </span>
    </p>
   </div>
   <div class='ocr_carea' id='block_1_13' title="bbox 221 556 1006 591">
    <p class='ocr_par' dir='ltr' id='par_1_13' title="bbox 221 556 1006 591">
     <span class='ocr_line' id='line_1_13' title="bbox 221 556 1006 591; baseline 0.001 -9"><span class='ocrx_word' id='word_1_70' title='bbox 221 561 249 583; x_wconf 87' lang='lat' dir='ltr'><strong>et</strong></span> <span class='ocrx_word' id='word_1_71' title='bbox 262 556 331 583; x_wconf 74' lang='lat' dir='ltr'><strong>facta</strong></span> <span class='ocrx_word' id='word_1_72' title='bbox 344 560 385 583; x_wconf 87' lang='lat' dir='ltr'><strong>est</strong></span> <span class='ocrx_word' id='word_1_73' title='bbox 400 557 463 588; x_wconf 81' lang='lat' dir='ltr'><strong>lux,</strong></span> <span class='ocrx_word' id='word_1_74' title='bbox 480 566 489 582; x_wconf 74' lang='grc' dir='ltr'><strong>ι</strong></span> <span class='ocrx_word' id='word_1_75' title='bbox 506 560 533 583; x_wconf 88' lang='lat' dir='ltr'><strong>et</strong></span> <span class='ocrx_word' id='word_1_76' title='bbox 555 557 625 591; x_wconf 90' lang='lat' dir='ltr'><strong>quod</strong></span> <span class='ocrx_word' id='word_1_77' title='bbox 638 565 647 581; x_wconf 77' lang='grc' dir='ltr'><strong>ι</strong></span> <span class='ocrx_word' id='word_1_78' title='bbox 666 556 753 584; x_wconf 73' lang='lat' dir='ltr'><strong>lui-em</strong></span> <span class='ocrx_word' id='word_1_79' title='bbox 774 556 846 585; x_wconf 84' lang='lat' dir='ltr'><strong>Deus</strong></span> <span class='ocrx_word' id='word_1_80' title='bbox 869 557 1006 584; x_wconf 83' lang='lat' dir='ltr'><strong>vocaverit</strong></span> 
     </span>
    </p>
   </div>
   <div class='ocr_carea' id='block_1_14' title="bbox 223 600 1005 631">
    <p class='ocr_par' dir='ltr' id='par_1_14' title="bbox 223 600 1005 631">
     <span class='ocr_line' id='line_1_14' title="bbox 223 600 1005 631; baseline 0.003 -4"><span class='ocrx_word' id='word_1_81' title='bbox 223 600 305 631; x_wconf 82' lang='lat' dir='ltr'><strong>diem.</strong></span> <span class='ocrx_word' id='word_1_82' title='bbox 330 601 458 628; x_wconf 78' lang='lat' dir='ltr'><strong>tenebras</strong></span> <span class='ocrx_word' id='word_1_83' title='bbox 484 609 547 628; x_wconf 89' lang='lat' dir='ltr'><strong>vero</strong></span> <span class='ocrx_word' id='word_1_84' title='bbox 570 601 708 628; x_wconf 85' lang='lat' dir='ltr'><strong>vocaverit</strong></span> <span class='ocrx_word' id='word_1_85' title='bbox 734 606 842 629; x_wconf 87' lang='lat' dir='ltr'><strong>noctem</strong></span> <span class='ocrx_word' id='word_1_86' title='bbox 870 603 902 628; x_wconf 80' lang='grc'><strong>⁷⁵.</strong></span> <span class='ocrx_word' id='word_1_87' title='bbox 925 611 934 628; x_wconf 79' lang='grc' dir='ltr'><strong>ι</strong></span> <span class='ocrx_word' id='word_1_88' title='bbox 953 601 1005 629; x_wconf 87' lang='lat' dir='ltr'><strong>Ubi</strong></span> 
     </span>
    </p>
   </div>
   <div class='ocr_carea' id='block_1_15' title="bbox 223 646 1006 682">
    <p class='ocr_par' dir='ltr' id='par_1_15' title="bbox 223 646 1006 682">
     <span class='ocr_line' id='line_1_15' title="bbox 223 646 1006 682; baseline 0.004 -10"><span class='ocrx_word' id='word_1_89' title='bbox 223 646 340 681; x_wconf 83' lang='lat' dir='ltr'><strong>primunt</strong></span> <span class='ocrx_word' id='word_1_90' title='bbox 356 647 466 680; x_wconf 88' lang='lat' dir='ltr'><strong>ponitur</strong></span> <span class='ocrx_word' id='word_1_91' title='bbox 479 646 536 677; x_wconf 81' lang='lat' dir='ltr'><strong>lux.</strong></span> <span class='ocrx_word' id='word_1_92' title='bbox 553 654 601 681; x_wconf 88' lang='lat' dir='ltr'><strong>per</strong></span> <span class='ocrx_word' id='word_1_93' title='bbox 613 647 683 674; x_wconf 88' lang='lat' dir='ltr'><strong>hanc</strong></span> <span class='ocrx_word' id='word_1_94' title='bbox 697 648 770 674; x_wconf 90' lang='lat' dir='ltr'><strong>enim</strong></span> <span class='ocrx_word' id='word_1_95' title='bbox 785 647 891 675; x_wconf 89' lang='lat' dir='ltr'><strong>exstitit</strong></span> <span class='ocrx_word' id='word_1_96' title='bbox 903 648 1006 682; x_wconf 86' lang='lat' dir='ltr'><strong>primus</strong></span> 
     </span>
    </p>
   </div>
   <div class='ocr_carea' id='block_1_16' title="bbox 222 692 1006 728">
    <p class='ocr_par' dir='ltr' id='par_1_16' title="bbox 222 692 1006 728">
     <span class='ocr_line' id='line_1_16' title="bbox 222 692 1006 728; baseline 0.001 -8"><span class='ocrx_word' id='word_1_97' title='bbox 222 693 292 721; x_wconf 80' lang='lat' dir='ltr'><strong>dies.</strong></span> <span class='ocrx_word' id='word_1_98' title='bbox 312 693 379 720; x_wconf 85' lang='lat' dir='ltr'><strong>Nam</strong></span> <span class='ocrx_word' id='word_1_99' title='bbox 400 701 414 719; x_wconf 71' lang='grc' dir='ltr'><strong>α</strong></span> <span class='ocrx_word' id='word_1_100' title='bbox 434 693 494 719; x_wconf 90' lang='lat' dir='ltr'><strong>luce</strong></span> <span class='ocrx_word' id='word_1_101' title='bbox 515 692 634 728; x_wconf 91' lang='lat' dir='ltr'><strong>primum</strong></span> <span class='ocrx_word' id='word_1_102' title='bbox 657 694 812 725; x_wconf 81' lang='lat' dir='ltr'><strong>inchoante,</strong></span> <span class='ocrx_word' id='word_1_103' title='bbox 833 694 860 720; x_wconf 93' lang='lat' dir='ltr'><strong>in</strong></span> <span class='ocrx_word' id='word_1_104' title='bbox 882 694 1006 722; x_wconf 84' lang='lat' dir='ltr'><strong>tenebras</strong></span> 
     </span>
    </p>
   </div>
   <div class='ocr_carea' id='block_1_17' title="bbox 222 739 1005 774">
    <p class='ocr_par' dir='ltr' id='par_1_17' title="bbox 222 739 1005 774">
     <span class='ocr_line' id='line_1_17' title="bbox 222 739 1005 774; baseline 0 -7"><span class='ocrx_word' id='word_1_105' title='bbox 222 745 316 774; x_wconf 85' lang='lat' dir='ltr'><strong>postea</strong></span> <span class='ocrx_word' id='word_1_106' title='bbox 331 739 503 767; x_wconf 74' lang='lat' dir='ltr'><strong>devenimus.</strong></span> <span class='ocrx_word' id='word_1_107' title='bbox 519 740 540 766; x_wconf 83' lang='lat' dir='ltr'><strong>A</strong></span> <span class='ocrx_word' id='word_1_108' title='bbox 558 744 630 767; x_wconf 82' lang='lat' dir='ltr'><strong>recta</strong></span> <span class='ocrx_word' id='word_1_109' title='bbox 647 747 765 774; x_wconf 82' lang='lat' dir='ltr'><strong>namque</strong></span> <span class='ocrx_word' id='word_1_110' title='bbox 775 741 817 767; x_wconf 89' lang='lat' dir='ltr'><strong>via</strong></span> <span class='ocrx_word' id='word_1_111' title='bbox 835 741 1005 773; x_wconf 80' lang='lat' dir='ltr'><strong>aberrantes,</strong></span> 
     </span>
    </p>
   </div>
   <div class='ocr_carea' id='block_1_18' title="bbox 222 785 1007 814">
    <p class='ocr_par' dir='ltr' id='par_1_18' title="bbox 222 785 1007 814">
     <span class='ocr_line' id='line_1_18' title="bbox 222 785 1007 814; baseline 0.001 -2"><span class='ocrx_word' id='word_1_112' title='bbox 222 785 256 812; x_wconf 85' lang='lat' dir='ltr'><strong>ad</strong></span> <span class='ocrx_word' id='word_1_113' title='bbox 282 785 353 812; x_wconf 87' lang='lat' dir='ltr'><strong>idola</strong></span> <span class='ocrx_word' id='word_1_114' title='bbox 371 789 398 812; x_wconf 83' lang='lat' dir='ltr'><strong>ct</strong></span> <span class='ocrx_word' id='word_1_115' title='bbox 420 785 454 812; x_wconf 83' lang='lat' dir='ltr'><strong>ad</strong></span> <span class='ocrx_word' id='word_1_116' title='bbox 475 785 584 812; x_wconf 73' lang='lat' dir='ltr'><strong>fallaces</strong></span> <span class='ocrx_word' id='word_1_117' title='bbox 607 786 735 813; x_wconf 85' lang='lat' dir='ltr'><strong>tenebras</strong></span> <span class='ocrx_word' id='word_1_118' title='bbox 757 786 838 813; x_wconf 77' lang='lat' dir='ltr'><strong>delati</strong></span> <span class='ocrx_word' id='word_1_119' title='bbox 861 794 967 814; x_wconf 88' lang='lat' dir='ltr'><strong>sumus.</strong></span> <span class='ocrx_word' id='word_1_120' title='bbox 984 786 1007 813; x_wconf 82' lang='lat' dir='ltr'><strong>A</strong></span> 
     </span>
    </p>
   </div>
   <div class='ocr_carea' id='block_1_19' title="bbox 221 830 1007 867">
    <p class='ocr_par' dir='ltr' id='par_1_19' title="bbox 221 830 1007 867">
     <span class='ocr_line' id='line_1_19' title="bbox 221 830 1007 867; baseline 0.004 -11"><span class='ocrx_word' id='word_1_121' title='bbox 221 830 324 857; x_wconf 86' lang='lat' dir='ltr'><strong>Christi</strong></span> <span class='ocrx_word' id='word_1_122' title='bbox 341 838 404 858; x_wconf 83' lang='lat' dir='ltr'><strong>vero</strong></span> <span class='ocrx_word' id='word_1_123' title='bbox 419 831 534 857; x_wconf 77' lang='lat' dir='ltr'><strong>adventu</strong></span> <span class='ocrx_word' id='word_1_124' title='bbox 551 831 646 865; x_wconf 83' lang='lat' dir='ltr'><strong>incipit</strong></span> <span class='ocrx_word' id='word_1_125' title='bbox 663 839 758 859; x_wconf 88' lang='lat' dir='ltr'><strong>rursus</strong></span> <span class='ocrx_word' id='word_1_126' title='bbox 776 836 804 858; x_wconf 91' lang='lat' dir='ltr'><strong>ct</strong></span> <span class='ocrx_word' id='word_1_127' title='bbox 817 832 888 859; x_wconf 88' lang='lat' dir='ltr'><strong>diem</strong></span> <span class='ocrx_word' id='word_1_128' title='bbox 906 839 1007 867; x_wconf 64' lang='lat' dir='ltr'><strong>praece-</strong></span> 
     </span>
    </p>
   </div>
   <div class='ocr_carea' id='block_1_20' title="bbox 1055 235 1330 269">
    <p class='ocr_par' dir='ltr' id='par_1_20' title="bbox 1055 235 1330 269">
     <span class='ocr_line' id='line_1_20' title="bbox 1055 235 1330 269; baseline -0.004 -7"><span class='ocrx_word' id='word_1_129' title='bbox 1055 237 1170 262; x_wconf 81' lang='grc' dir='ltr'>ποιεῖται</span> <span class='ocrx_word' id='word_1_130' title='bbox 1181 235 1227 262; x_wconf 83' lang='grc' dir='ltr'>τὸν</span> <span class='ocrx_word' id='word_1_131' title='bbox 1243 235 1330 269; x_wconf 84' lang='grc' dir='ltr'>λόγον,</span> 
     </span>
    </p>
   </div>
   <div class='ocr_carea' id='block_1_21' title="bbox 1096 281 1852 318">
    <p class='ocr_par' dir='ltr' id='par_1_21' title="bbox 1096 281 1852 318">
     <span class='ocr_line' id='line_1_21' title="bbox 1096 281 1852 318; baseline 0.001 -10"><span class='ocrx_word' id='word_1_132' title='bbox 1096 281 1191 317; x_wconf 82' lang='grc' dir='ltr'><strong>Ἐρὼτ.</strong></span> <span class='ocrx_word' id='word_1_133' title='bbox 1203 281 1251 314; x_wconf 80' lang='grc' dir='ltr'><strong>νζ’.</strong></span> <span class='ocrx_word' id='word_1_134' title='bbox 1265 281 1333 308; x_wconf 81' lang='grc' dir='ltr'>Ποία</span> <span class='ocrx_word' id='word_1_135' title='bbox 1347 281 1421 309; x_wconf 72' lang='grc' dir='ltr'>ἐστὶν</span> <span class='ocrx_word' id='word_1_136' title='bbox 1434 281 1505 318; x_wconf 82' lang='grc' dir='ltr'><strong>ἀρχὴ</strong></span> <span class='ocrx_word' id='word_1_137' title='bbox 1516 282 1562 308; x_wconf 83' lang='grc' dir='ltr'>καὶ</span> <span class='ocrx_word' id='word_1_138' title='bbox 1576 281 1744 317; x_wconf 67' lang='grc' dir='ltr'>πρπερεὺει,</span> <span class='ocrx_word' id='word_1_139' title='bbox 1759 283 1778 318; x_wconf 82' lang='grc' dir='ltr'><strong>ή</strong></span> <span class='ocrx_word' id='word_1_140' title='bbox 1794 282 1852 316; x_wconf 77' lang='grc' dir='ltr'><strong>νὺξ</strong></span> 
     </span>
    </p>
   </div>
   <div class='ocr_carea' id='block_1_22' title="bbox 1054 327 1232 363">
    <p class='ocr_par' dir='ltr' id='par_1_22' title="bbox 1054 327 1232 363">
     <span class='ocr_line' id='line_1_22' title="bbox 1054 327 1232 363; baseline -0.011 0"><span class='ocrx_word' id='word_1_141' title='bbox 1054 327 1071 363; x_wconf 77' lang='grc' dir='ltr'><strong>ἢ</strong></span> <span class='ocrx_word' id='word_1_142' title='bbox 1091 328 1108 363; x_wconf 77' lang='grc' dir='ltr'>ἡ</span> <span class='ocrx_word' id='word_1_143' title='bbox 1125 327 1232 363; x_wconf 81' lang='grc' dir='ltr'>ἡμέρα;</span> 
     </span>
    </p>
   </div>
   <div class='ocr_carea' id='block_1_23' title="bbox 1097 373 1851 410">
    <p class='ocr_par' dir='ltr' id='par_1_23' title="bbox 1097 373 1851 410">
     <span class='ocr_line' id='line_1_23' title="bbox 1097 373 1851 410; baseline 0.001 -10"><span class='ocrx_word' id='word_1_144' title='bbox 1097 374 1190 400; x_wconf 83' lang='grc' dir='ltr'>’Λπόκ.</span> <span class='ocrx_word' id='word_1_145' title='bbox 1203 373 1268 400; x_wconf 81' lang='grc' dir='ltr'><strong>Ἀπὸ</strong></span> <span class='ocrx_word' id='word_1_146' title='bbox 1280 373 1329 409; x_wconf 83' lang='grc' dir='ltr'>μὲν</span> <span class='ocrx_word' id='word_1_147' title='bbox 1336 373 1385 408; x_wconf 82' lang='grc' dir='ltr'>τῆς</span> <span class='ocrx_word' id='word_1_148' title='bbox 1399 374 1515 410; x_wconf 80' lang='grc' dir='ltr'><strong>ἀρχῆθεν</strong></span> <span class='ocrx_word' id='word_1_149' title='bbox 1524 375 1710 410; x_wconf 81' lang='grc' dir='ltr'>κοσμοποιίας,</span> <span class='ocrx_word' id='word_1_150' title='bbox 1719 375 1781 410; x_wconf 72' lang='grc' dir='ltr'>ἦτοι</span> <span class='ocrx_word' id='word_1_151' title='bbox 1793 375 1851 410; x_wconf 74' lang='grc' dir='ltr'>τῆς</span> 
     </span>
    </p>
   </div>
   <div class='ocr_carea' id='block_1_24' title="bbox 1055 417 1852 455">
    <p class='ocr_par' dir='ltr' id='par_1_24' title="bbox 1055 417 1852 455">
     <span class='ocr_line' id='line_1_24' title="bbox 1055 417 1852 455; baseline 0.005 -12"><span class='ocrx_word' id='word_1_152' title='bbox 1055 417 1181 449; x_wconf 80' lang='grc' dir='ltr'>πλάσεως</span> <span class='ocrx_word' id='word_1_153' title='bbox 1204 418 1250 444; x_wconf 80' lang='grc' dir='ltr'>τοῦ</span> <span class='ocrx_word' id='word_1_154' title='bbox 1272 418 1366 454; x_wconf 69' lang='grc' dir='ltr'>Ἀδὰμ,</span> <span class='ocrx_word' id='word_1_155' title='bbox 1396 419 1448 451; x_wconf 76' lang='grc' dir='ltr'>ἓως</span> <span class='ocrx_word' id='word_1_156' title='bbox 1469 419 1518 454; x_wconf 82' lang='grc' dir='ltr'><strong>τῆς</strong></span> <span class='ocrx_word' id='word_1_157' title='bbox 1547 420 1663 455; x_wconf 82' lang='grc' dir='ltr'><strong>Χριστοῦ</strong></span> <span class='ocrx_word' id='word_1_158' title='bbox 1691 421 1852 455; x_wconf 78' lang='grc' dir='ltr'><strong>παρουσίας</strong></span> 
     </span>
    </p>
   </div>
   <div class='ocr_carea' id='block_1_25' title="bbox 1056 463 1851 502">
    <p class='ocr_par' dir='ltr' id='par_1_25' title="bbox 1056 463 1851 502">
     <span class='ocr_line' id='line_1_25' title="bbox 1056 463 1851 502; baseline 0.004 -12"><span class='ocrx_word' id='word_1_159' title='bbox 1056 463 1151 499; x_wconf 79' lang='grc' dir='ltr'>πρώτη</span> <span class='ocrx_word' id='word_1_160' title='bbox 1170 464 1291 499; x_wconf 82' lang='grc' dir='ltr'><strong>ὑπῆρχεν</strong></span> <span class='ocrx_word' id='word_1_161' title='bbox 1318 465 1334 499; x_wconf 80' lang='grc' dir='ltr'>ἡ</span> <span class='ocrx_word' id='word_1_162' title='bbox 1352 465 1452 500; x_wconf 75' lang='grc' dir='ltr'>ἡμέρα,</span> <span class='ocrx_word' id='word_1_163' title='bbox 1480 464 1570 497; x_wconf 77' lang='grc' dir='ltr'>καθὼς</span> <span class='ocrx_word' id='word_1_164' title='bbox 1594 465 1668 499; x_wconf 83' lang='grc' dir='ltr'>λέγει</span> <span class='ocrx_word' id='word_1_165' title='bbox 1691 467 1736 492; x_wconf 75' lang='grc' dir='ltr'>καὶ</span> <span class='ocrx_word' id='word_1_166' title='bbox 1749 467 1766 502; x_wconf 80' lang='grc' dir='ltr'><strong>ἡ</strong></span> <span class='ocrx_word' id='word_1_167' title='bbox 1783 467 1851 494; x_wconf 80' lang='grc' dir='ltr'>θεία</span> 
     </span>
    </p>
   </div>
   <div class='ocr_carea' id='block_1_26' title="bbox 1056 508 1852 547">
    <p class='ocr_par' dir='ltr' id='par_1_26' title="bbox 1056 508 1852 547">
     <span class='ocr_line' id='line_1_26' title="bbox 1056 508 1852 547; baseline 0.004 -11"><span class='ocrx_word' id='word_1_168' title='bbox 1056 510 1150 545; x_wconf 83' lang='grc' dir='ltr'>Γραφή</span> <span class='ocrx_word' id='word_1_169' title='bbox 1162 518 1168 524; x_wconf 93' lang='grc'><strong>·</strong></span> <span class='ocrx_word' id='word_1_170' title='bbox 1186 510 1233 536; x_wconf 80' lang='grc' dir='ltr'>καὶ</span> <span class='ocrx_word' id='word_1_171' title='bbox 1248 511 1289 537; x_wconf 80' lang='grc' dir='ltr'>ὅτι</span> <span class='ocrx_word' id='word_1_172' title='bbox 1305 508 1381 536; x_wconf 82' lang='grc' dir='ltr'>εἶπεν</span> <span class='ocrx_word' id='word_1_173' title='bbox 1397 511 1411 536; x_wconf 89' lang='grc' dir='ltr'>ὁ</span> <span class='ocrx_word' id='word_1_174' title='bbox 1424 510 1505 542; x_wconf 84' lang='grc' dir='ltr'>Θεός·</span> <span class='ocrx_word' id='word_1_175' title='bbox 1523 520 1533 536; x_wconf 83' lang='grc'><strong><em>‹</em></strong></span> <span class='ocrx_word' id='word_1_176' title='bbox 1552 511 1696 547; x_wconf 82' lang='grc' dir='ltr'><strong>Γενηθήτω</strong></span> <span class='ocrx_word' id='word_1_177' title='bbox 1712 512 1781 547; x_wconf 85' lang='grc' dir='ltr'>φῶς,</span> <span class='ocrx_word' id='word_1_178' title='bbox 1796 513 1852 540; x_wconf 77' lang='grc' dir='ltr'>καὶ</span> 
     </span>
    </p>
   </div>
   <div class='ocr_carea' id='block_1_27' title="bbox 1056 556 1850 593">
    <p class='ocr_par' dir='ltr' id='par_1_27' title="bbox 1056 556 1850 593">
     <span class='ocr_line' id='line_1_27' title="bbox 1056 556 1850 593; baseline 0.004 -11"><span class='ocrx_word' id='word_1_179' title='bbox 1056 556 1164 590; x_wconf 73' lang='grc' dir='ltr'>ἐγένετο</span> <span class='ocrx_word' id='word_1_180' title='bbox 1174 556 1242 591; x_wconf 80' lang='grc' dir='ltr'>φῶς,</span> <span class='ocrx_word' id='word_1_181' title='bbox 1257 567 1266 583; x_wconf 80' lang='grc'>›</span> <span class='ocrx_word' id='word_1_182' title='bbox 1285 557 1331 583; x_wconf 79' lang='grc' dir='ltr'>καὶ</span> <span class='ocrx_word' id='word_1_183' title='bbox 1347 557 1387 583; x_wconf 82' lang='grc' dir='ltr'>ὅτι</span> <span class='ocrx_word' id='word_1_184' title='bbox 1407 565 1416 582; x_wconf 74' lang='grc' dir='ltr'><strong>ε</strong></span> <span class='ocrx_word' id='word_1_185' title='bbox 1429 557 1558 584; x_wconf 79' lang='grc' dir='ltr'><strong>ἐκάλεσεν</strong></span> <span class='ocrx_word' id='word_1_186' title='bbox 1569 559 1583 584; x_wconf 84' lang='grc' dir='ltr'>ὁ</span> <span class='ocrx_word' id='word_1_187' title='bbox 1596 557 1661 589; x_wconf 85' lang='grc' dir='ltr'><strong>Θεὸς</strong></span> <span class='ocrx_word' id='word_1_188' title='bbox 1669 557 1699 584; x_wconf 85' lang='grc' dir='ltr'>τὸ</span> <span class='ocrx_word' id='word_1_189' title='bbox 1707 558 1850 593; x_wconf 77' lang='grc' dir='ltr'><strong>φῶςὴμέ-</strong></span> 
     </span>
    </p>
   </div>
   <div class='ocr_carea' id='block_1_28' title="bbox 1057 602 1850 639">
    <p class='ocr_par' dir='ltr' id='par_1_28' title="bbox 1057 602 1850 639">
     <span class='ocr_line' id='line_1_28' title="bbox 1057 602 1850 639; baseline 0.003 -11"><span class='ocrx_word' id='word_1_190' title='bbox 1057 610 1117 636; x_wconf 90' lang='grc' dir='ltr'>ραν,</span> <span class='ocrx_word' id='word_1_191' title='bbox 1137 603 1184 629; x_wconf 72' lang='grc' dir='ltr'><strong>καὶ</strong></span> <span class='ocrx_word' id='word_1_192' title='bbox 1195 602 1225 628; x_wconf 79' lang='grc' dir='ltr'>τὸ</span> <span class='ocrx_word' id='word_1_193' title='bbox 1239 603 1333 635; x_wconf 77' lang='grc' dir='ltr'><strong>σκότος</strong></span> <span class='ocrx_word' id='word_1_194' title='bbox 1351 603 1464 630; x_wconf 78' lang='grc' dir='ltr'>ἐκάλεσε</span> <span class='ocrx_word' id='word_1_195' title='bbox 1476 603 1574 630; x_wconf 82' lang='grc' dir='ltr'><strong>νύκτα·</strong></span> <span class='ocrx_word' id='word_1_196' title='bbox 1593 613 1602 630; x_wconf 76' lang='grc' dir='ltr'><strong>ι</strong></span> <span class='ocrx_word' id='word_1_197' title='bbox 1615 603 1721 639; x_wconf 84' lang='grc' dir='ltr'>πρῶτον</span> <span class='ocrx_word' id='word_1_198' title='bbox 1736 604 1850 630; x_wconf 75' lang='grc' dir='ltr'><strong>τιθεῖσα</strong></span> 
     </span>
    </p>
   </div>
   <div class='ocr_carea' id='block_1_29' title="bbox 1056 646 1848 684">
    <p class='ocr_par' dir='ltr' id='par_1_29' title="bbox 1056 646 1848 684">
     <span class='ocr_line' id='line_1_29' title="bbox 1056 646 1848 684; baseline 0.001 -11"><span class='ocrx_word' id='word_1_199' title='bbox 1056 646 1086 673; x_wconf 79' lang='grc' dir='ltr'>τὸ</span> <span class='ocrx_word' id='word_1_200' title='bbox 1101 647 1174 681; x_wconf 81' lang='grc' dir='ltr'>φῶς·</span> <span class='ocrx_word' id='word_1_201' title='bbox 1200 648 1248 674; x_wconf 77' lang='grc' dir='ltr'><strong>καὶ</strong></span> <span class='ocrx_word' id='word_1_202' title='bbox 1269 647 1323 684; x_wconf 84' lang='grc' dir='ltr'><strong>γὰρ</strong></span> <span class='ocrx_word' id='word_1_203' title='bbox 1340 648 1384 675; x_wconf 81' lang='grc' dir='ltr'>διὰ</span> <span class='ocrx_word' id='word_1_204' title='bbox 1404 648 1481 675; x_wconf 82' lang='grc' dir='ltr'>τοῦτο</span> <span class='ocrx_word' id='word_1_205' title='bbox 1501 648 1608 684; x_wconf 83' lang='grc' dir='ltr'>ὑπῆρχε</span> <span class='ocrx_word' id='word_1_206' title='bbox 1624 648 1718 683; x_wconf 84' lang='grc' dir='ltr'><strong>πρώτη</strong></span> <span class='ocrx_word' id='word_1_207' title='bbox 1733 649 1848 684; x_wconf 79' lang='grc' dir='ltr'>ἡμέρα.</span> 
     </span>
    </p>
   </div>
   <div class='ocr_carea' id='block_1_30' title="bbox 1062 693 1849 730">
    <p class='ocr_par' dir='ltr' id='par_1_30' title="bbox 1062 693 1849 730">
     <span class='ocr_line' id='line_1_30' title="bbox 1062 693 1849 730; baseline 0 -10"><span class='ocrx_word' id='word_1_208' title='bbox 1062 693 1170 728; x_wconf 82' lang='grc' dir='ltr'><strong>Ἐπειδὴ</strong></span> <span class='ocrx_word' id='word_1_209' title='bbox 1183 694 1236 720; x_wconf 80' lang='grc' dir='ltr'><strong>ἀπὸ</strong></span> <span class='ocrx_word' id='word_1_210' title='bbox 1249 693 1295 720; x_wconf 77' lang='grc' dir='ltr'>τοῦ</span> <span class='ocrx_word' id='word_1_211' title='bbox 1313 694 1400 729; x_wconf 67' lang='grc' dir='ltr'>φωτὸς</span> <span class='ocrx_word' id='word_1_212' title='bbox 1414 694 1567 730; x_wconf 71' lang='grc' dir='ltr'>ἠρξάμεθα,</span> <span class='ocrx_word' id='word_1_213' title='bbox 1578 695 1625 721; x_wconf 75' lang='grc' dir='ltr'>καὶ</span> <span class='ocrx_word' id='word_1_214' title='bbox 1635 696 1674 726; x_wconf 76' lang='grc' dir='ltr'>εἰς</span> <span class='ocrx_word' id='word_1_215' title='bbox 1690 694 1849 730; x_wconf 83' lang='grc' dir='ltr'>σκοτασμὺν</span> 
     </span>
    </p>
   </div>
   <div class='ocr_carea' id='block_1_31' title="bbox 1056 739 1850 776">
    <p class='ocr_par' dir='ltr' id='par_1_31' title="bbox 1056 739 1850 776">
     <span class='ocr_line' id='line_1_31' title="bbox 1056 739 1850 776; baseline 0 -10"><span class='ocrx_word' id='word_1_216' title='bbox 1056 740 1261 775; x_wconf 81' lang='grc' dir='ltr'>κατηνέχθημεν</span> <span class='ocrx_word' id='word_1_217' title='bbox 1272 739 1334 767; x_wconf 79' lang='grc' dir='ltr'>ὕστε</span> <span class='ocrx_word' id='word_1_218' title='bbox 1340 748 1395 776; x_wconf 88' lang='grc' dir='ltr'>ρον.</span> <span class='ocrx_word' id='word_1_219' title='bbox 1407 740 1591 776; x_wconf 83' lang='grc' dir='ltr'>Πλανηοέντες</span> <span class='ocrx_word' id='word_1_220' title='bbox 1601 740 1655 776; x_wconf 76' lang='grc' dir='ltr'>γὰρ</span> <span class='ocrx_word' id='word_1_221' title='bbox 1670 740 1724 766; x_wconf 85' lang='grc' dir='ltr'><strong>ἀπὸ</strong></span> <span class='ocrx_word' id='word_1_222' title='bbox 1735 740 1787 775; x_wconf 84' lang='grc' dir='ltr'>τῆς</span> <span class='ocrx_word' id='word_1_223' title='bbox 1798 741 1850 767; x_wconf 80' lang='grc' dir='ltr'><strong>εὑ-</strong></span> 
     </span>
    </p>
   </div>
   <div class='ocr_carea' id='block_1_32' title="bbox 1057 784 1834 821">
    <p class='ocr_par' dir='ltr' id='par_1_32' title="bbox 1057 784 1834 821">
     <span class='ocr_line' id='line_1_32' title="bbox 1057 784 1834 821; baseline 0.001 -10"><span class='ocrx_word' id='word_1_224' title='bbox 1057 784 1131 816; x_wconf 77' lang='grc' dir='ltr'>Θείας</span> <span class='ocrx_word' id='word_1_225' title='bbox 1144 785 1203 812; x_wconf 76' lang='grc' dir='ltr'><strong>ὁδοῦ</strong></span> <span class='ocrx_word' id='word_1_226' title='bbox 1218 786 1257 817; x_wconf 73' lang='grc' dir='ltr'>εἰς</span> <span class='ocrx_word' id='word_1_227' title='bbox 1274 786 1370 812; x_wconf 81' lang='grc' dir='ltr'>εἴδωλα</span> <span class='ocrx_word' id='word_1_228' title='bbox 1395 787 1443 813; x_wconf 80' lang='grc' dir='ltr'>καὶ</span> <span class='ocrx_word' id='word_1_229' title='bbox 1459 786 1611 821; x_wconf 75' lang='grc' dir='ltr'>σκοτασμὺν</span> <span class='ocrx_word' id='word_1_230' title='bbox 1627 786 1735 820; x_wconf 77' lang='grc' dir='ltr'>ἀπάτης</span> <span class='ocrx_word' id='word_1_231' title='bbox 1748 786 1834 812; x_wconf 78' lang='grc' dir='ltr'>ὲνεπέ</span> 
     </span>
    </p>
   </div>
   <div class='ocr_carea' id='block_1_33' title="bbox 1058 829 1848 866">
    <p class='ocr_par' dir='ltr' id='par_1_33' title="bbox 1058 829 1848 866">
     <span class='ocr_line' id='line_1_33' title="bbox 1058 829 1848 866; baseline 0.001 -10"><span class='ocrx_word' id='word_1_232' title='bbox 1058 838 1155 864; x_wconf 85' lang='grc' dir='ltr'>σαμεν.</span> <span class='ocrx_word' id='word_1_233' title='bbox 1173 830 1239 856; x_wconf 80' lang='grc' dir='ltr'><strong>Ἀπὸ</strong></span> <span class='ocrx_word' id='word_1_234' title='bbox 1255 829 1283 856; x_wconf 85' lang='grc' dir='ltr'><strong>δὲ</strong></span> <span class='ocrx_word' id='word_1_235' title='bbox 1297 831 1347 865; x_wconf 83' lang='grc' dir='ltr'>τῆς</span> <span class='ocrx_word' id='word_1_236' title='bbox 1360 830 1479 866; x_wconf 81' lang='grc' dir='ltr'><strong>Χριστοῦ</strong></span> <span class='ocrx_word' id='word_1_237' title='bbox 1497 830 1648 866; x_wconf 75' lang='grc' dir='ltr'>παρουσίας</span> <span class='ocrx_word' id='word_1_238' title='bbox 1662 831 1775 866; x_wconf 83' lang='grc' dir='ltr'>ἄρχεται</span> <span class='ocrx_word' id='word_1_239' title='bbox 1789 831 1848 857; x_wconf 84' lang='grc' dir='ltr'><strong>πά-</strong></span> 
     </span>
    </p>
   </div>
   <div class='ocr_carea' id='block_1_34' title="bbox 222 874 1007 912">
    <p class='ocr_par' dir='ltr' id='par_1_34' title="bbox 222 875 1007 912">
     <span class='ocr_line' id='line_1_34' title="bbox 222 875 1007 912; baseline 0.003 -10"><span class='ocrx_word' id='word_1_240' title='bbox 222 875 260 903; x_wconf 94' lang='lat' dir='ltr'><strong>dil</strong></span> <span class='ocrx_word' id='word_1_241' title='bbox 279 884 341 904; x_wconf 85' lang='lat' dir='ltr'><strong>nox.</strong></span> <span class='ocrx_word' id='word_1_242' title='bbox 352 876 414 904; x_wconf 78' lang='lat' dir='ltr'><strong>ltleo</strong></span> <span class='ocrx_word' id='word_1_243' title='bbox 426 885 440 903; x_wconf 91' lang='lat' dir='ltr'><strong>a</strong></span> <span class='ocrx_word' id='word_1_244' title='bbox 455 884 567 912; x_wconf 84' lang='lat' dir='ltr'><strong>vespera</strong></span> <span class='ocrx_word' id='word_1_245' title='bbox 580 877 751 912; x_wconf 82' lang='lat' dir='ltr'><strong>incipientes,</strong></span> <span class='ocrx_word' id='word_1_246' title='bbox 764 877 923 904; x_wconf 89' lang='lat' dir='ltr'><strong>solemniter</strong></span> <span class='ocrx_word' id='word_1_247' title='bbox 937 877 1007 904; x_wconf 87' lang='lat' dir='ltr'><strong>cele-</strong></span> 
     </span>
    </p>
   </div>
   <div class='ocr_carea' id='block_1_35' title="bbox 1061 874 1848 912">
    <p class='ocr_par' dir='ltr' id='par_1_35' title="bbox 1061 875 1848 912">
     <span class='ocr_line' id='line_1_35' title="bbox 1061 875 1848 912; baseline 0.001 -11"><span class='ocrx_word' id='word_1_248' title='bbox 1061 875 1098 901; x_wconf 81' lang='grc' dir='ltr'><strong>λιν</strong></span> <span class='ocrx_word' id='word_1_249' title='bbox 1113 875 1160 902; x_wconf 73' lang='grc' dir='ltr'>καὶ</span> <span class='ocrx_word' id='word_1_250' title='bbox 1175 875 1310 911; x_wconf 83' lang='grc' dir='ltr'><strong>πρωτεύει</strong></span> <span class='ocrx_word' id='word_1_251' title='bbox 1325 877 1341 911; x_wconf 84' lang='grc' dir='ltr'>ὴ</span> <span class='ocrx_word' id='word_1_252' title='bbox 1356 876 1403 909; x_wconf 74' lang='grc' dir='ltr'><strong>νὺξ</strong></span> <span class='ocrx_word' id='word_1_253' title='bbox 1425 877 1472 911; x_wconf 83' lang='grc' dir='ltr'>τῆς</span> <span class='ocrx_word' id='word_1_254' title='bbox 1494 877 1609 912; x_wconf 76' lang='grc' dir='ltr'>ἡμέρας.</span> <span class='ocrx_word' id='word_1_255' title='bbox 1633 876 1682 902; x_wconf 88' lang='grc' dir='ltr'>Διὰ</span> <span class='ocrx_word' id='word_1_256' title='bbox 1695 875 1773 902; x_wconf 79' lang='grc' dir='ltr'>τοῦτο</span> <span class='ocrx_word' id='word_1_257' title='bbox 1796 876 1848 902; x_wconf 66' lang='grc' dir='ltr'>καὶ</span> 
     </span>
    </p>
   </div>
   <div class='ocr_carea' id='block_1_36' title="bbox 222 922 1004 958">
    <p class='ocr_par' dir='ltr' id='par_1_36' title="bbox 222 922 1004 958">
     <span class='ocr_line' id='line_1_36' title="bbox 222 922 1004 958; baseline -0.001 -9"><span class='ocrx_word' id='word_1_258' title='bbox 222 922 334 950; x_wconf 81' lang='lat' dir='ltr'><strong>bramus</strong></span> <span class='ocrx_word' id='word_1_259' title='bbox 363 922 422 949; x_wconf 86' lang='lat' dir='ltr'><strong>dies</strong></span> <span class='ocrx_word' id='word_1_260' title='bbox 446 928 602 957; x_wconf 85' lang='lat' dir='ltr'><strong>sequentes.</strong></span> <span class='ocrx_word' id='word_1_261' title='bbox 630 922 658 949; x_wconf 95' lang='lat' dir='ltr'><strong>ld</strong></span> <span class='ocrx_word' id='word_1_262' title='bbox 679 924 815 958; x_wconf 90' lang='lat' dir='ltr'><strong>quomodo</strong></span> <span class='ocrx_word' id='word_1_263' title='bbox 837 923 936 950; x_wconf 81' lang='lat' dir='ltr'><strong>factum</strong></span> <span class='ocrx_word' id='word_1_264' title='bbox 959 924 1004 956; x_wconf 86' lang='lat' dir='ltr'><strong>sit,</strong></span> 
     </span>
    </p>
   </div>
   <div class='ocr_carea' id='block_1_37' title="bbox 222 967 1006 1003">
    <p class='ocr_par' dir='ltr' id='par_1_37' title="bbox 222 967 1006 1003">
     <span class='ocr_line' id='line_1_37' title="bbox 222 967 1006 1003; baseline 0.005 -10"><span class='ocrx_word' id='word_1_265' title='bbox 222 968 327 995; x_wconf 85' lang='lat' dir='ltr'><strong>audias.</strong></span> <span class='ocrx_word' id='word_1_266' title='bbox 348 967 572 1003; x_wconf 82' lang='lat' dir='ltr'><strong>Quandoquidem</strong></span> <span class='ocrx_word' id='word_1_267' title='bbox 589 969 676 1003; x_wconf 89' lang='lat' dir='ltr'><strong>primo</strong></span> <span class='ocrx_word' id='word_1_268' title='bbox 691 977 705 996; x_wconf 91' lang='lat' dir='ltr'><strong>a</strong></span> <span class='ocrx_word' id='word_1_269' title='bbox 723 969 783 996; x_wconf 87' lang='lat' dir='ltr'><strong>luce</strong></span> <span class='ocrx_word' id='word_1_270' title='bbox 795 968 898 1003; x_wconf 82' lang='lat' dir='ltr'><strong>delapsi</strong></span> <span class='ocrx_word' id='word_1_271' title='bbox 910 977 1006 997; x_wconf 88' lang='lat' dir='ltr'><strong>sumus</strong></span> 
     </span>
    </p>
   </div>
   <div class='ocr_carea' id='block_1_38' title="bbox 223 1013 1006 1048">
    <p class='ocr_par' dir='ltr' id='par_1_38' title="bbox 223 1013 1006 1048">
     <span class='ocr_line' id='line_1_38' title="bbox 223 1013 1006 1048; baseline 0.001 -8"><span class='ocrx_word' id='word_1_272' title='bbox 223 1013 256 1040; x_wconf 82' lang='lat' dir='ltr'><strong>ad</strong></span> <span class='ocrx_word' id='word_1_273' title='bbox 270 1014 395 1040; x_wconf 87' lang='lat' dir='ltr'><strong>tenebras</strong></span> <span class='ocrx_word' id='word_1_274' title='bbox 408 1023 415 1046; x_wconf 89' lang='lat'><strong>;</strong></span> <span class='ocrx_word' id='word_1_275' title='bbox 430 1015 464 1040; x_wconf 89' lang='lat' dir='ltr'><strong>ab</strong></span> <span class='ocrx_word' id='word_1_276' title='bbox 480 1015 558 1041; x_wconf 87' lang='lat' dir='ltr'><strong>initio</strong></span> <span class='ocrx_word' id='word_1_277' title='bbox 569 1015 675 1048; x_wconf 85' lang='lat' dir='ltr'><strong>quidem</strong></span> <span class='ocrx_word' id='word_1_278' title='bbox 686 1013 737 1041; x_wconf 75' lang='lat' dir='ltr'><strong>fuit</strong></span> <span class='ocrx_word' id='word_1_279' title='bbox 751 1015 932 1045; x_wconf 77' lang='lat' dir='ltr'><strong>qu,tenebra:</strong></span> <span class='ocrx_word' id='word_1_280' title='bbox 942 1023 1006 1041; x_wconf 81' lang='lat' dir='ltr'><strong>vero</strong></span> 
     </span>
    </p>
   </div>
   <div class='ocr_carea' id='block_1_39' title="bbox 223 1060 1006 1095">
    <p class='ocr_par' dir='ltr' id='par_1_39' title="bbox 223 1060 1006 1095">
     <span class='ocr_line' id='line_1_39' title="bbox 223 1060 1006 1095; baseline 0 -9"><span class='ocrx_word' id='word_1_281' title='bbox 223 1064 286 1086; x_wconf 86' lang='lat' dir='ltr'><strong>sunt</strong></span> <span class='ocrx_word' id='word_1_282' title='bbox 305 1060 442 1086; x_wconf 59' lang='lat' dir='ltr'><strong>insecutae.</strong></span> <span class='ocrx_word' id='word_1_283' title='bbox 461 1060 498 1086; x_wconf 71' lang='lat' dir='ltr'><strong>lix</strong></span> <span class='ocrx_word' id='word_1_284' title='bbox 511 1068 544 1087; x_wconf 91' lang='lat' dir='ltr'><strong>eo</strong></span> <span class='ocrx_word' id='word_1_285' title='bbox 561 1064 651 1087; x_wconf 85' lang='lat' dir='ltr'><strong>autem</strong></span> <span class='ocrx_word' id='word_1_286' title='bbox 667 1065 787 1094; x_wconf 86' lang='lat' dir='ltr'><strong>tempore</strong></span> <span class='ocrx_word' id='word_1_287' title='bbox 801 1068 854 1095; x_wconf 89' lang='lat' dir='ltr'><strong>quo</strong></span> <span class='ocrx_word' id='word_1_288' title='bbox 870 1061 910 1088; x_wconf 85' lang='lat' dir='ltr'><strong>sol</strong></span> <span class='ocrx_word' id='word_1_289' title='bbox 923 1061 1006 1094; x_wconf 88' lang='lat' dir='ltr'><strong>justi-</strong></span> 
     </span>
    </p>
   </div>
   <div class='ocr_carea' id='block_1_40' title="bbox 223 1105 1007 1138">
    <p class='ocr_par' dir='ltr' id='par_1_40' title="bbox 223 1105 1007 1138">
     <span class='ocr_line' id='line_1_40' title="bbox 223 1105 1007 1138; baseline 0.004 -8"><span class='ocrx_word' id='word_1_290' title='bbox 223 1105 267 1132; x_wconf 64' lang='lat' dir='ltr'><strong>tia:</strong></span> <span class='ocrx_word' id='word_1_291' title='bbox 280 1105 406 1133; x_wconf 86' lang='lat' dir='ltr'><strong>Christus</strong></span> <span class='ocrx_word' id='word_1_292' title='bbox 421 1105 490 1132; x_wconf 86' lang='lat' dir='ltr'><strong>Deus</strong></span> <span class='ocrx_word' id='word_1_293' title='bbox 510 1110 601 1132; x_wconf 87' lang='lat' dir='ltr'><strong>noster</strong></span> <span class='ocrx_word' id='word_1_294' title='bbox 622 1106 722 1132; x_wconf 90' lang='lat' dir='ltr'><strong>mundo</strong></span> <span class='ocrx_word' id='word_1_295' title='bbox 737 1110 848 1132; x_wconf 77' lang='lat' dir='ltr'><strong>exortus</strong></span> <span class='ocrx_word' id='word_1_296' title='bbox 865 1109 918 1138; x_wconf 86' lang='lat' dir='ltr'><strong>est,</strong></span> <span class='ocrx_word' id='word_1_297' title='bbox 931 1110 959 1133; x_wconf 90' lang='lat' dir='ltr'><strong>et</strong></span> <span class='ocrx_word' id='word_1_298' title='bbox 973 1114 1007 1133; x_wconf 83' lang='lat' dir='ltr'><strong>ex</strong></span> 
     </span>
    </p>
   </div>
   <div class='ocr_carea' id='block_1_41' title="bbox 223 1151 1006 1185">
    <p class='ocr_par' dir='ltr' id='par_1_41' title="bbox 223 1151 1006 1185">
     <span class='ocr_line' id='line_1_41' title="bbox 223 1151 1006 1185; baseline 0 -7"><span class='ocrx_word' id='word_1_299' title='bbox 223 1153 342 1178; x_wconf 80' lang='lat' dir='ltr'><strong>tenebris</strong></span> <span class='ocrx_word' id='word_1_300' title='bbox 353 1152 454 1178; x_wconf 84' lang='lat' dir='ltr'><strong>erroris</strong></span> <span class='ocrx_word' id='word_1_301' title='bbox 463 1151 494 1178; x_wconf 85' lang='lat' dir='ltr'><strong>ad</strong></span> <span class='ocrx_word' id='word_1_302' title='bbox 506 1152 591 1178; x_wconf 81' lang='lat' dir='ltr'><strong>lucent</strong></span> <span class='ocrx_word' id='word_1_303' title='bbox 605 1151 769 1185; x_wconf 76' lang='lat' dir='ltr'><strong>cognitionis</strong></span> <span class='ocrx_word' id='word_1_304' title='bbox 779 1151 823 1178; x_wconf 89' lang='lat' dir='ltr'><strong>Dei</strong></span> <span class='ocrx_word' id='word_1_305' title='bbox 831 1159 880 1178; x_wconf 88' lang='lat' dir='ltr'><strong>nos</strong></span> <span class='ocrx_word' id='word_1_306' title='bbox 889 1151 1006 1184; x_wconf 77' lang='lat' dir='ltr'><strong>reduxit,</strong></span> 
     </span>
    </p>
   </div>
   <div class='ocr_carea' id='block_1_42' title="bbox 222 1197 1008 1225">
    <p class='ocr_par' dir='ltr' id='par_1_42' title="bbox 222 1197 1008 1225">
     <span class='ocr_line' id='line_1_42' title="bbox 222 1197 1008 1225; baseline 0.005 -4"><span class='ocrx_word' id='word_1_307' title='bbox 222 1203 238 1222; x_wconf 68' lang='grc' dir='ltr'>ι</span> <span class='ocrx_word' id='word_1_308' title='bbox 259 1197 377 1224; x_wconf 77' lang='lat' dir='ltr'><strong>tenebris</strong></span> <span class='ocrx_word' id='word_1_309' title='bbox 393 1197 569 1225; x_wconf 83' lang='lat' dir='ltr'><strong>inchoamus.</strong></span> <span class='ocrx_word' id='word_1_310' title='bbox 587 1200 614 1223; x_wconf 88' lang='lat' dir='ltr'><strong>et</strong></span> <span class='ocrx_word' id='word_1_311' title='bbox 635 1197 661 1223; x_wconf 94' lang='lat' dir='ltr'><strong>in</strong></span> <span class='ocrx_word' id='word_1_312' title='bbox 681 1198 739 1224; x_wconf 84' lang='lat' dir='ltr'><strong>luce</strong></span> <span class='ocrx_word' id='word_1_313' title='bbox 759 1197 903 1224; x_wconf 85' lang='lat' dir='ltr'><strong>terminum</strong></span> <span class='ocrx_word' id='word_1_314' title='bbox 925 1197 1008 1225; x_wconf 88' lang='lat' dir='ltr'><strong>habe-</strong></span> 
     </span>
    </p>
   </div>
   <div class='ocr_carea' id='block_1_43' title="bbox 222 1240 1006 1277">
    <p class='ocr_par' dir='ltr' id='par_1_43' title="bbox 222 1240 1006 1277">
     <span class='ocr_line' id='line_1_43' title="bbox 222 1240 1006 1277; baseline 0 -9"><span class='ocrx_word' id='word_1_315' title='bbox 222 1249 293 1269; x_wconf 87' lang='lat' dir='ltr'><strong>mus.</strong></span> <span class='ocrx_word' id='word_1_316' title='bbox 314 1240 350 1267; x_wconf 92' lang='lat' dir='ltr'><strong>lbi</strong></span> <span class='ocrx_word' id='word_1_317' title='bbox 373 1250 425 1268; x_wconf 93' lang='lat' dir='ltr'><strong>non</strong></span> <span class='ocrx_word' id='word_1_318' title='bbox 448 1243 539 1274; x_wconf 81' lang='lat' dir='ltr'><strong>reteri,</strong></span> <span class='ocrx_word' id='word_1_319' title='bbox 561 1242 667 1269; x_wconf 78' lang='lat' dir='ltr'><strong>etiamsi</strong></span> <span class='ocrx_word' id='word_1_320' title='bbox 688 1243 822 1277; x_wconf 62' lang='lat' dir='ltr'><strong>praecedat</strong></span> <span class='ocrx_word' id='word_1_321' title='bbox 849 1251 916 1274; x_wconf 78' lang='lat' dir='ltr'><strong>nox,</strong></span> <span class='ocrx_word' id='word_1_322' title='bbox 945 1251 1006 1270; x_wconf 91' lang='lat' dir='ltr'><strong>cum</strong></span> 
     </span>
    </p>
   </div>
   <div class='ocr_carea' id='block_1_44' title="bbox 223 1287 1007 1324">
    <p class='ocr_par' dir='ltr' id='par_1_44' title="bbox 223 1287 1007 1324">
     <span class='ocr_line' id='line_1_44' title="bbox 223 1287 1007 1324; baseline 0 -10"><span class='ocrx_word' id='word_1_323' title='bbox 223 1287 280 1314; x_wconf 79' lang='lat' dir='ltr'><strong>lnec</strong></span> <span class='ocrx_word' id='word_1_324' title='bbox 302 1288 379 1315; x_wconf 73' lang='lat' dir='ltr'><strong>nobis</strong></span> <span class='ocrx_word' id='word_1_325' title='bbox 404 1288 509 1314; x_wconf 87' lang='lat' dir='ltr'><strong>initimn</strong></span> <span class='ocrx_word' id='word_1_326' title='bbox 539 1287 585 1314; x_wconf 79' lang='lat' dir='ltr'><strong>tlet</strong></span> <span class='ocrx_word' id='word_1_327' title='bbox 606 1289 691 1317; x_wconf 83' lang='lat' dir='ltr'><strong>lucis.</strong></span> <span class='ocrx_word' id='word_1_328' title='bbox 716 1292 744 1315; x_wconf 87' lang='lat' dir='ltr'><strong>et</strong></span> <span class='ocrx_word' id='word_1_329' title='bbox 768 1288 801 1314; x_wconf 89' lang='lat' dir='ltr'><strong>ad</strong></span> <span class='ocrx_word' id='word_1_330' title='bbox 824 1289 910 1315; x_wconf 69' lang='lat' dir='ltr'><strong>lucem</strong></span> <span class='ocrx_word' id='word_1_331' title='bbox 927 1289 1007 1324; x_wconf 76' lang='lat'><strong>267</strong></span> 
     </span>
    </p>
   </div>
   <div class='ocr_carea' id='block_1_45' title="bbox 223 1333 1008 1368">
    <p class='ocr_par' dir='ltr' id='par_1_45' title="bbox 223 1333 1008 1368">
     <span class='ocr_line' id='line_1_45' title="bbox 223 1333 1008 1368; baseline 0.001 -9"><span class='ocrx_word' id='word_1_332' title='bbox 223 1333 349 1359; x_wconf 80' lang='lat' dir='ltr'><strong>deducat.</strong></span> <span class='ocrx_word' id='word_1_333' title='bbox 369 1333 474 1360; x_wconf 84' lang='lat' dir='ltr'><strong>Etenim</strong></span> <span class='ocrx_word' id='word_1_334' title='bbox 500 1341 619 1367; x_wconf 65' lang='lat' dir='ltr'><strong>praisens</strong></span> <span class='ocrx_word' id='word_1_335' title='bbox 638 1339 730 1361; x_wconf 88' lang='lat' dir='ltr'><strong>nostra</strong></span> <span class='ocrx_word' id='word_1_336' title='bbox 744 1334 809 1363; x_wconf 79' lang='lat' dir='ltr'><strong>vita.</strong></span> <span class='ocrx_word' id='word_1_337' title='bbox 825 1333 852 1360; x_wconf 91' lang='lat' dir='ltr'><strong>in</strong></span> <span class='ocrx_word' id='word_1_338' title='bbox 868 1333 1008 1368; x_wconf 89' lang='lat' dir='ltr'><strong>Scriptura</strong></span> 
     </span>
    </p>
   </div>
   <div class='ocr_carea' id='block_1_46' title="bbox 223 1378 1008 1414">
    <p class='ocr_par' dir='ltr' id='par_1_46' title="bbox 223 1378 1008 1414">
     <span class='ocr_line' id='line_1_46' title="bbox 223 1378 1008 1414; baseline 0.001 -9"><span class='ocrx_word' id='word_1_339' title='bbox 223 1378 340 1406; x_wconf 64' lang='lat' dir='ltr'><strong>tenebrae</strong></span> <span class='ocrx_word' id='word_1_340' title='bbox 370 1384 493 1408; x_wconf 82' lang='lat' dir='ltr'><strong>vocatur.</strong></span> <span class='ocrx_word' id='word_1_341' title='bbox 525 1379 751 1414; x_wconf 77' lang='lat' dir='ltr'><strong>quemadmodum</strong></span> <span class='ocrx_word' id='word_1_342' title='bbox 789 1379 869 1406; x_wconf 87' lang='lat' dir='ltr'><strong>divus</strong></span> <span class='ocrx_word' id='word_1_343' title='bbox 906 1378 1008 1406; x_wconf 83' lang='lat' dir='ltr'><strong>Paulus</strong></span> 
     </span>
    </p>
   </div>
   <div class='ocr_carea' id='block_1_47' title="bbox 223 1425 1009 1460">
    <p class='ocr_par' dir='ltr' id='par_1_47' title="bbox 223 1425 1009 1460">
     <span class='ocr_line' id='line_1_47' title="bbox 223 1425 1009 1460; baseline 0 -9"><span class='ocrx_word' id='word_1_344' title='bbox 223 1425 313 1459; x_wconf 85' lang='lat' dir='ltr'><strong>inquit</strong></span> <span class='ocrx_word' id='word_1_345' title='bbox 332 1434 338 1451; x_wconf 94' lang='lat'><strong>:</strong></span> <span class='ocrx_word' id='word_1_346' title='bbox 360 1435 369 1450; x_wconf 87' lang='grc'><strong>‹</strong></span> <span class='ocrx_word' id='word_1_347' title='bbox 390 1425 560 1458; x_wconf 73' lang='lat' dir='ltr'><strong>Abjiciamtts</strong></span> <span class='ocrx_word' id='word_1_348' title='bbox 578 1433 660 1460; x_wconf 84' lang='lat' dir='ltr'><strong>opera</strong></span> <span class='ocrx_word' id='word_1_349' title='bbox 677 1425 900 1456; x_wconf 80' lang='lat' dir='ltr'><strong>teuebrarum.et</strong></span> <span class='ocrx_word' id='word_1_350' title='bbox 914 1425 1009 1452; x_wconf 87' lang='lat' dir='ltr'><strong>indua-</strong></span> 
     </span>
    </p>
   </div>
   <div class='ocr_carea' id='block_1_48' title="bbox 222 1470 1009 1502">
    <p class='ocr_par' dir='ltr' id='par_1_48' title="bbox 222 1470 1009 1502">
     <span class='ocr_line' id='line_1_48' title="bbox 222 1470 1009 1502; baseline 0.003 -6"><span class='ocrx_word' id='word_1_351' title='bbox 222 1479 282 1497; x_wconf 86' lang='lat' dir='ltr'><strong>inur</strong></span> <span class='ocrx_word' id='word_1_352' title='bbox 297 1478 373 1496; x_wconf 85' lang='lat' dir='ltr'><strong>arma</strong></span> <span class='ocrx_word' id='word_1_353' title='bbox 388 1472 455 1498; x_wconf 89' lang='lat' dir='ltr'><strong>lueis</strong></span> <span class='ocrx_word' id='word_1_354' title='bbox 474 1471 497 1486; x_wconf 79' lang='lat'><strong>&quot;‘</strong></span> <span class='ocrx_word' id='word_1_355' title='bbox 514 1479 521 1498; x_wconf 89' lang='lat'><strong>:</strong></span> <span class='ocrx_word' id='word_1_356' title='bbox 546 1481 555 1497; x_wconf 77' lang='grc' dir='ltr'><strong>ι</strong></span> <span class='ocrx_word' id='word_1_357' title='bbox 568 1471 620 1497; x_wconf 87' lang='lat' dir='ltr'><strong>hoc</strong></span> <span class='ocrx_word' id='word_1_358' title='bbox 645 1475 697 1502; x_wconf 83' lang='lat' dir='ltr'><strong>est,</strong></span> <span class='ocrx_word' id='word_1_359' title='bbox 718 1471 801 1498; x_wconf 81' lang='lat' dir='ltr'><strong>futuri</strong></span> <span class='ocrx_word' id='word_1_360' title='bbox 828 1471 930 1498; x_wconf 70' lang='lat' dir='ltr'><strong>saeculi.</strong></span> <span class='ocrx_word' id='word_1_361' title='bbox 948 1470 1009 1498; x_wconf 82' lang='lat' dir='ltr'><strong>Lux</strong></span> 
     </span>
    </p>
   </div>
   <div class='ocr_carea' id='block_1_49' title="bbox 221 1516 1009 1547">
    <p class='ocr_par' dir='ltr' id='par_1_49' title="bbox 221 1516 1009 1547">
     <span class='ocr_line' id='line_1_49' title="bbox 221 1516 1009 1547; baseline 0.001 -6"><span class='ocrx_word' id='word_1_362' title='bbox 221 1516 293 1542; x_wconf 89' lang='lat' dir='ltr'><strong>enim</strong></span> <span class='ocrx_word' id='word_1_363' title='bbox 318 1516 427 1547; x_wconf 90' lang='lat' dir='ltr'><strong>dicitur,</strong></span> <span class='ocrx_word' id='word_1_364' title='bbox 442 1516 572 1543; x_wconf 65' lang='lat' dir='ltr'><strong>saeculum</strong></span> <span class='ocrx_word' id='word_1_365' title='bbox 599 1516 730 1543; x_wconf 80' lang='lat' dir='ltr'><strong>futurum.</strong></span> <span class='ocrx_word' id='word_1_366' title='bbox 747 1517 827 1542; x_wconf 81' lang='lat' dir='ltr'><strong>Arma</strong></span> <span class='ocrx_word' id='word_1_367' title='bbox 852 1524 916 1544; x_wconf 79' lang='lat' dir='ltr'><strong>vero</strong></span> <span class='ocrx_word' id='word_1_368' title='bbox 936 1516 1009 1543; x_wconf 85' lang='lat' dir='ltr'><strong>illius</strong></span> 
     </span>
    </p>
   </div>
   <div class='ocr_carea' id='block_1_50' title="bbox 1058 921 1850 958">
    <p class='ocr_par' dir='ltr' id='par_1_50' title="bbox 1058 921 1850 958">
     <span class='ocr_line' id='line_1_50' title="bbox 1058 921 1850 958; baseline 0.001 -10"><span class='ocrx_word' id='word_1_369' title='bbox 1058 921 1104 956; x_wconf 74' lang='grc' dir='ltr'><strong>ἀφ’</strong></span> <span class='ocrx_word' id='word_1_370' title='bbox 1115 922 1234 958; x_wconf 77' lang='grc' dir='ltr'><strong>ἑσπέρας</strong></span> <span class='ocrx_word' id='word_1_371' title='bbox 1246 923 1384 958; x_wconf 81' lang='grc' dir='ltr'><strong>ἀρχόμεθα</strong></span> <span class='ocrx_word' id='word_1_372' title='bbox 1393 923 1563 958; x_wconf 68' lang='grc' dir='ltr'>ἑορτάζοντες</span> <span class='ocrx_word' id='word_1_373' title='bbox 1573 922 1622 954; x_wconf 85' lang='grc' dir='ltr'>τὰς</span> <span class='ocrx_word' id='word_1_374' title='bbox 1634 923 1763 958; x_wconf 79' lang='grc' dir='ltr'>ἐπαύριον</span> <span class='ocrx_word' id='word_1_375' title='bbox 1775 921 1850 957; x_wconf 73' lang='grc' dir='ltr'>ἡμέ-</span> 
     </span>
    </p>
   </div>
   <div class='ocr_carea' id='block_1_51' title="bbox 1061 966 1847 1003">
    <p class='ocr_par' dir='ltr' id='par_1_51' title="bbox 1061 966 1847 1003">
     <span class='ocr_line' id='line_1_51' title="bbox 1061 966 1847 1003; baseline 0.003 -11"><span class='ocrx_word' id='word_1_376' title='bbox 1061 975 1120 1001; x_wconf 87' lang='grc' dir='ltr'>ρας.</span> <span class='ocrx_word' id='word_1_377' title='bbox 1134 967 1208 1002; x_wconf 83' lang='grc' dir='ltr'>Ποίῳ</span> <span class='ocrx_word' id='word_1_378' title='bbox 1222 967 1251 993; x_wconf 81' lang='grc' dir='ltr'><strong>δὲ</strong></span> <span class='ocrx_word' id='word_1_379' title='bbox 1264 967 1357 1003; x_wconf 79' lang='grc' dir='ltr'>τρόπῳ</span> <span class='ocrx_word' id='word_1_380' title='bbox 1370 968 1480 1001; x_wconf 81' lang='grc' dir='ltr'>γέγονεν</span> <span class='ocrx_word' id='word_1_381' title='bbox 1491 966 1586 999; x_wconf 77' lang='grc' dir='ltr'>οὕτως,</span> <span class='ocrx_word' id='word_1_382' title='bbox 1601 967 1724 994; x_wconf 80' lang='grc' dir='ltr'>ἄκουσον.</span> <span class='ocrx_word' id='word_1_383' title='bbox 1733 967 1847 1003; x_wconf 77' lang='grc' dir='ltr'><strong>Ἐπειδὴ</strong></span> 
     </span>
    </p>
   </div>
   <div class='ocr_carea' id='block_1_52' title="bbox 1058 1012 1846 1049">
    <p class='ocr_par' dir='ltr' id='par_1_52' title="bbox 1058 1012 1846 1049">
     <span class='ocr_line' id='line_1_52' title="bbox 1058 1012 1846 1049; baseline 0 -11"><span class='ocrx_word' id='word_1_384' title='bbox 1058 1012 1088 1038; x_wconf 74' lang='grc' dir='ltr'>τὸ</span> <span class='ocrx_word' id='word_1_385' title='bbox 1101 1012 1209 1048; x_wconf 78' lang='grc' dir='ltr'>πρῶτον</span> <span class='ocrx_word' id='word_1_386' title='bbox 1218 1013 1271 1038; x_wconf 79' lang='grc' dir='ltr'><strong>ἀπὸ</strong></span> <span class='ocrx_word' id='word_1_387' title='bbox 1284 1012 1330 1039; x_wconf 79' lang='grc' dir='ltr'>τοῦ</span> <span class='ocrx_word' id='word_1_388' title='bbox 1345 1013 1432 1047; x_wconf 78' lang='grc' dir='ltr'>φωτὸς</span> <span class='ocrx_word' id='word_1_389' title='bbox 1441 1013 1508 1049; x_wconf 82' lang='grc' dir='ltr'>πρὸς</span> <span class='ocrx_word' id='word_1_390' title='bbox 1515 1013 1545 1039; x_wconf 82' lang='grc' dir='ltr'>τὸ</span> <span class='ocrx_word' id='word_1_391' title='bbox 1559 1013 1653 1044; x_wconf 75' lang='grc' dir='ltr'>σκότος</span> <span class='ocrx_word' id='word_1_392' title='bbox 1665 1012 1846 1047; x_wconf 80' lang='grc' dir='ltr'>ἐνεπέσαμεν,</span> 
     </span>
    </p>
   </div>
   <div class='ocr_carea' id='block_1_53' title="bbox 1059 1057 1874 1093">
    <p class='ocr_par' dir='ltr' id='par_1_53' title="bbox 1059 1057 1874 1093">
     <span class='ocr_line' id='line_1_53' title="bbox 1059 1057 1874 1093; baseline 0.001 -10"><span class='ocrx_word' id='word_1_393' title='bbox 1059 1057 1102 1084; x_wconf 80' lang='grc' dir='ltr'><strong>διὰ</strong></span> <span class='ocrx_word' id='word_1_394' title='bbox 1117 1057 1196 1084; x_wconf 79' lang='grc' dir='ltr'>τοῦτο</span> <span class='ocrx_word' id='word_1_395' title='bbox 1213 1058 1260 1084; x_wconf 73' lang='grc' dir='ltr'>καὶ</span> <span class='ocrx_word' id='word_1_396' title='bbox 1285 1057 1316 1084; x_wconf 78' lang='grc' dir='ltr'><strong>τὸ</strong></span> <span class='ocrx_word' id='word_1_397' title='bbox 1330 1058 1386 1092; x_wconf 76' lang='grc' dir='ltr'><strong>φῶς</strong></span> <span class='ocrx_word' id='word_1_398' title='bbox 1402 1058 1459 1093; x_wconf 83' lang='grc' dir='ltr'>ἔχει</span> <span class='ocrx_word' id='word_1_399' title='bbox 1475 1057 1523 1093; x_wconf 83' lang='grc' dir='ltr'><strong>τὴν</strong></span> <span class='ocrx_word' id='word_1_400' title='bbox 1538 1058 1636 1093; x_wconf 77' lang='grc' dir='ltr'><strong>ἀρχὴν,</strong></span> <span class='ocrx_word' id='word_1_401' title='bbox 1657 1058 1687 1084; x_wconf 85' lang='grc' dir='ltr'>τὸ</span> <span class='ocrx_word' id='word_1_402' title='bbox 1706 1058 1734 1084; x_wconf 77' lang='grc' dir='ltr'><strong>δὲ</strong></span> <span class='ocrx_word' id='word_1_403' title='bbox 1749 1058 1847 1090; x_wconf 84' lang='grc' dir='ltr'><strong>σκότος</strong></span> <span class='ocrx_word' id='word_1_404' title='bbox 1870 1073 1874 1076; x_wconf 85' lang='grc'><strong>·</strong></span> 
     </span>
    </p>
   </div>
   <div class='ocr_carea' id='block_1_54' title="bbox 1060 1099 1847 1138">
    <p class='ocr_par' dir='ltr' id='par_1_54' title="bbox 1060 1099 1847 1138">
     <span class='ocr_line' id='line_1_54' title="bbox 1060 1099 1847 1138; baseline 0 -10"><span class='ocrx_word' id='word_1_405' title='bbox 1060 1102 1182 1138; x_wconf 81' lang='grc' dir='ltr'>ὕστερον.</span> <span class='ocrx_word' id='word_1_406' title='bbox 1203 1102 1262 1136; x_wconf 80' lang='grc' dir='ltr'><strong>Ἀφ’</strong></span> <span class='ocrx_word' id='word_1_407' title='bbox 1275 1099 1305 1128; x_wconf 72' lang='grc' dir='ltr'><strong>οὗ</strong></span> <span class='ocrx_word' id='word_1_408' title='bbox 1317 1103 1345 1129; x_wconf 84' lang='grc' dir='ltr'><strong>δὲ</strong></span> <span class='ocrx_word' id='word_1_409' title='bbox 1360 1104 1373 1129; x_wconf 84' lang='grc' dir='ltr'>ὁ</span> <span class='ocrx_word' id='word_1_410' title='bbox 1389 1103 1463 1138; x_wconf 82' lang='grc' dir='ltr'>ἥλιος</span> <span class='ocrx_word' id='word_1_411' title='bbox 1481 1102 1530 1138; x_wconf 84' lang='grc' dir='ltr'>τῆς</span> <span class='ocrx_word' id='word_1_412' title='bbox 1547 1101 1717 1136; x_wconf 83' lang='grc' dir='ltr'><strong>δικαιοσύνης</strong></span> <span class='ocrx_word' id='word_1_413' title='bbox 1728 1101 1847 1137; x_wconf 76' lang='grc' dir='ltr'>Χριστὸς</span> 
     </span>
    </p>
   </div>
   <div class='ocr_carea' id='block_1_55' title="bbox 1059 1147 1846 1184">
    <p class='ocr_par' dir='ltr' id='par_1_55' title="bbox 1059 1147 1846 1184">
     <span class='ocr_line' id='line_1_55' title="bbox 1059 1147 1846 1184; baseline -0.001 -9"><span class='ocrx_word' id='word_1_414' title='bbox 1059 1150 1074 1175; x_wconf 84' lang='grc' dir='ltr'>ὁ</span> <span class='ocrx_word' id='word_1_415' title='bbox 1083 1149 1147 1180; x_wconf 81' lang='grc' dir='ltr'>Θεὸς</span> <span class='ocrx_word' id='word_1_416' title='bbox 1158 1149 1174 1184; x_wconf 82' lang='grc' dir='ltr'>ἡ</span> <span class='ocrx_word' id='word_1_417' title='bbox 1179 1148 1236 1184; x_wconf 81' lang='grc' dir='ltr'><strong>μῶν</strong></span> <span class='ocrx_word' id='word_1_418' title='bbox 1252 1148 1290 1184; x_wconf 79' lang='grc' dir='ltr'><strong>τῷ</strong></span> <span class='ocrx_word' id='word_1_419' title='bbox 1301 1149 1394 1183; x_wconf 83' lang='grc' dir='ltr'>κόσμῳ</span> <span class='ocrx_word' id='word_1_420' title='bbox 1408 1148 1536 1178; x_wconf 86' lang='grc' dir='ltr'>ἀνέτειλε.</span> <span class='ocrx_word' id='word_1_421' title='bbox 1546 1149 1593 1174; x_wconf 79' lang='grc' dir='ltr'><strong>καὶ</strong></span> <span class='ocrx_word' id='word_1_422' title='bbox 1603 1148 1656 1175; x_wconf 85' lang='grc' dir='ltr'><strong>ἀπὸ</strong></span> <span class='ocrx_word' id='word_1_423' title='bbox 1671 1147 1717 1174; x_wconf 81' lang='grc' dir='ltr'><strong>τοῦ</strong></span> <span class='ocrx_word' id='word_1_424' title='bbox 1733 1147 1846 1180; x_wconf 78' lang='grc' dir='ltr'><strong>σκότους</strong></span> 
     </span>
    </p>
   </div>
   <div class='ocr_carea' id='block_1_56' title="bbox 1059 1193 1847 1230">
    <p class='ocr_par' dir='ltr' id='par_1_56' title="bbox 1059 1193 1847 1230">
     <span class='ocr_line' id='line_1_56' title="bbox 1059 1193 1847 1230; baseline -0.001 -10"><span class='ocrx_word' id='word_1_425' title='bbox 1059 1195 1109 1229; x_wconf 78' lang='grc' dir='ltr'>τῆς</span> <span class='ocrx_word' id='word_1_426' title='bbox 1125 1195 1229 1230; x_wconf 80' lang='grc' dir='ltr'>πλάνης</span> <span class='ocrx_word' id='word_1_427' title='bbox 1244 1194 1312 1230; x_wconf 82' lang='grc' dir='ltr'>πρὸς</span> <span class='ocrx_word' id='word_1_428' title='bbox 1326 1194 1357 1221; x_wconf 80' lang='grc' dir='ltr'><strong>τὺ</strong></span> <span class='ocrx_word' id='word_1_429' title='bbox 1377 1194 1435 1228; x_wconf 86' lang='grc' dir='ltr'>φῶς</span> <span class='ocrx_word' id='word_1_430' title='bbox 1451 1194 1500 1229; x_wconf 81' lang='grc' dir='ltr'>τῆς</span> <span class='ocrx_word' id='word_1_431' title='bbox 1516 1193 1680 1227; x_wconf 78' lang='grc' dir='ltr'>θεογνωσίας</span> <span class='ocrx_word' id='word_1_432' title='bbox 1700 1194 1773 1229; x_wconf 78' lang='grc' dir='ltr'>ἡμᾶς</span> <span class='ocrx_word' id='word_1_433' title='bbox 1795 1194 1847 1220; x_wconf 80' lang='grc' dir='ltr'><strong>ἐπ-</strong></span> 
     </span>
    </p>
   </div>
   <div class='ocr_carea' id='block_1_57' title="bbox 1061 1239 1847 1277">
    <p class='ocr_par' dir='ltr' id='par_1_57' title="bbox 1061 1239 1847 1277">
     <span class='ocr_line' id='line_1_57' title="bbox 1061 1239 1847 1277; baseline -0.004 -9"><span class='ocrx_word' id='word_1_434' title='bbox 1061 1242 1190 1277; x_wconf 83' lang='grc' dir='ltr'>ανήγαγε,</span> <span class='ocrx_word' id='word_1_435' title='bbox 1200 1241 1243 1268; x_wconf 76' lang='grc' dir='ltr'>διὰ</span> <span class='ocrx_word' id='word_1_436' title='bbox 1254 1241 1331 1267; x_wconf 85' lang='grc' dir='ltr'>τοῦτο</span> <span class='ocrx_word' id='word_1_437' title='bbox 1341 1241 1387 1267; x_wconf 76' lang='grc' dir='ltr'>καὶ</span> <span class='ocrx_word' id='word_1_438' title='bbox 1398 1241 1477 1276; x_wconf 81' lang='grc' dir='ltr'><strong>ἡμεῖς</strong></span> <span class='ocrx_word' id='word_1_439' title='bbox 1486 1240 1540 1267; x_wconf 84' lang='grc' dir='ltr'><strong>ἀπὸ</strong></span> <span class='ocrx_word' id='word_1_440' title='bbox 1550 1240 1596 1266; x_wconf 84' lang='grc' dir='ltr'>τοῦ</span> <span class='ocrx_word' id='word_1_441' title='bbox 1606 1240 1716 1271; x_wconf 79' lang='grc' dir='ltr'>σκότους</span> <span class='ocrx_word' id='word_1_442' title='bbox 1727 1239 1847 1275; x_wconf 74' lang='grc' dir='ltr'><strong>ἀρχόμε-</strong></span> 
     </span>
    </p>
   </div>
   <div class='ocr_carea' id='block_1_58' title="bbox 1061 1284 1846 1322">
    <p class='ocr_par' dir='ltr' id='par_1_58' title="bbox 1061 1284 1846 1322">
     <span class='ocr_line' id='line_1_58' title="bbox 1061 1284 1846 1322; baseline -0.003 -8"><span class='ocrx_word' id='word_1_443' title='bbox 1061 1287 1105 1319; x_wconf 79' lang='grc' dir='ltr'>θα,</span> <span class='ocrx_word' id='word_1_444' title='bbox 1113 1288 1235 1322; x_wconf 73' lang='grc' dir='ltr'>καὶπρὸς</span> <span class='ocrx_word' id='word_1_445' title='bbox 1243 1287 1272 1313; x_wconf 72' lang='grc' dir='ltr'><strong>τὸ</strong></span> <span class='ocrx_word' id='word_1_446' title='bbox 1280 1286 1337 1321; x_wconf 82' lang='grc' dir='ltr'>φῶς</span> <span class='ocrx_word' id='word_1_447' title='bbox 1349 1286 1546 1322; x_wconf 81' lang='grc' dir='ltr'>καταλήγομεν.</span> <span class='ocrx_word' id='word_1_448' title='bbox 1556 1286 1599 1312; x_wconf 85' lang='grc' dir='ltr'>Ἐν</span> <span class='ocrx_word' id='word_1_449' title='bbox 1608 1285 1695 1320; x_wconf 88' lang='grc' dir='ltr'>τούτῳ</span> <span class='ocrx_word' id='word_1_450' title='bbox 1707 1285 1758 1312; x_wconf 82' lang='grc' dir='ltr'>κᾶν</span> <span class='ocrx_word' id='word_1_451' title='bbox 1768 1286 1784 1320; x_wconf 86' lang='grc' dir='ltr'><strong>ἡ</strong></span> <span class='ocrx_word' id='word_1_452' title='bbox 1795 1284 1846 1317; x_wconf 77' lang='grc' dir='ltr'><strong>νὺξ</strong></span> 
     </span>
    </p>
   </div>
   <div class='ocr_carea' id='block_1_59' title="bbox 1061 1331 1845 1369">
    <p class='ocr_par' dir='ltr' id='par_1_59' title="bbox 1061 1331 1845 1369">
     <span class='ocr_line' id='line_1_59' title="bbox 1061 1331 1845 1369; baseline -0.004 -9"><span class='ocrx_word' id='word_1_453' title='bbox 1061 1333 1206 1369; x_wconf 79' lang='grc' dir='ltr'>πρωτεύει.</span> <span class='ocrx_word' id='word_1_454' title='bbox 1220 1333 1306 1369; x_wconf 83' lang='grc' dir='ltr'><strong>ἀρχὴν</strong></span> <span class='ocrx_word' id='word_1_455' title='bbox 1323 1331 1430 1359; x_wconf 81' lang='grc' dir='ltr'>διδοῦσα</span> <span class='ocrx_word' id='word_1_456' title='bbox 1453 1333 1536 1368; x_wconf 77' lang='grc' dir='ltr'>ἡμᾶς,</span> <span class='ocrx_word' id='word_1_457' title='bbox 1554 1332 1602 1358; x_wconf 77' lang='grc' dir='ltr'>καὶ</span> <span class='ocrx_word' id='word_1_458' title='bbox 1623 1332 1845 1367; x_wconf 81' lang='grc' dir='ltr'>παραπέμπουσα</span> 
     </span>
    </p>
   </div>
   <div class='ocr_carea' id='block_1_60' title="bbox 1061 1374 1844 1416">
    <p class='ocr_par' dir='ltr' id='par_1_60' title="bbox 1061 1374 1844 1416">
     <span class='ocr_line' id='line_1_60' title="bbox 1061 1374 1844 1416; baseline -0.004 -10"><span class='ocrx_word' id='word_1_459' title='bbox 1061 1381 1129 1416; x_wconf 81' lang='grc' dir='ltr'>πρὸς</span> <span class='ocrx_word' id='word_1_460' title='bbox 1145 1379 1174 1405; x_wconf 66' lang='grc' dir='ltr'>τὸ</span> <span class='ocrx_word' id='word_1_461' title='bbox 1189 1379 1255 1413; x_wconf 77' lang='grc' dir='ltr'>φῶς.</span> <span class='ocrx_word' id='word_1_462' title='bbox 1271 1379 1326 1405; x_wconf 68' lang='grc' dir='ltr'><strong>Καὶ</strong></span> <span class='ocrx_word' id='word_1_463' title='bbox 1341 1379 1395 1414; x_wconf 80' lang='grc' dir='ltr'><strong>γὰρ</strong></span> <span class='ocrx_word' id='word_1_464' title='bbox 1408 1379 1422 1405; x_wconf 83' lang='grc' dir='ltr'><strong>ό</strong></span> <span class='ocrx_word' id='word_1_465' title='bbox 1443 1378 1499 1413; x_wconf 83' lang='grc' dir='ltr'>βίος</span> <span class='ocrx_word' id='word_1_466' title='bbox 1521 1374 1599 1409; x_wconf 74' lang='grc' dir='ltr'>οὗτος</span> <span class='ocrx_word' id='word_1_467' title='bbox 1611 1377 1705 1409; x_wconf 77' lang='grc' dir='ltr'>σκότος</span> <span class='ocrx_word' id='word_1_468' title='bbox 1719 1377 1794 1412; x_wconf 83' lang='grc' dir='ltr'>παρὰ</span> <span class='ocrx_word' id='word_1_469' title='bbox 1809 1379 1844 1412; x_wconf 85' lang='grc' dir='ltr'>τῇ</span> 
     </span>
    </p>
   </div>
   <div class='ocr_carea' id='block_1_61' title="bbox 1060 1422 1844 1461">
    <p class='ocr_par' dir='ltr' id='par_1_61' title="bbox 1060 1422 1844 1461">
     <span class='ocr_line' id='line_1_61' title="bbox 1060 1422 1844 1461; baseline -0.004 -9"><span class='ocrx_word' id='word_1_470' title='bbox 1060 1426 1155 1461; x_wconf 76' lang='grc' dir='ltr'>Γραφῇ</span> <span class='ocrx_word' id='word_1_471' title='bbox 1168 1424 1340 1460; x_wconf 75' lang='grc' dir='ltr'>ὀνομάζεται,</span> <span class='ocrx_word' id='word_1_472' title='bbox 1355 1423 1445 1456; x_wconf 83' lang='grc' dir='ltr'>καθὼς</span> <span class='ocrx_word' id='word_1_473' title='bbox 1457 1425 1471 1450; x_wconf 83' lang='grc' dir='ltr'>ὁ</span> <span class='ocrx_word' id='word_1_474' title='bbox 1484 1423 1626 1455; x_wconf 82' lang='grc' dir='ltr'>θεσπέσιος</span> <span class='ocrx_word' id='word_1_475' title='bbox 1646 1423 1750 1455; x_wconf 76' lang='grc' dir='ltr'>Παῦλος</span> <span class='ocrx_word' id='word_1_476' title='bbox 1765 1422 1844 1450; x_wconf 75' lang='grc' dir='ltr'>ὀὕτω</span> 
     </span>
    </p>
   </div>
   <div class='ocr_carea' id='block_1_62' title="bbox 1062 1469 1844 1507">
    <p class='ocr_par' dir='ltr' id='par_1_62' title="bbox 1062 1469 1844 1507">
     <span class='ocr_line' id='line_1_62' title="bbox 1062 1469 1844 1507; baseline -0.004 -9"><span class='ocrx_word' id='word_1_477' title='bbox 1062 1472 1142 1507; x_wconf 71' lang='grc' dir='ltr'>φησιν</span> <span class='ocrx_word' id='word_1_478' title='bbox 1154 1480 1161 1487; x_wconf 78' lang='grc' dir='ltr'><strong>ο</strong></span> <span class='ocrx_word' id='word_1_479' title='bbox 1181 1481 1190 1497; x_wconf 73' lang='grc' dir='ltr'><strong>ι</strong></span> <span class='ocrx_word' id='word_1_480' title='bbox 1208 1470 1385 1506; x_wconf 83' lang='grc' dir='ltr'>Ἀποθώμεθσ.</span> <span class='ocrx_word' id='word_1_481' title='bbox 1401 1470 1434 1497; x_wconf 74' lang='grc' dir='ltr'><strong>τὰ</strong></span> <span class='ocrx_word' id='word_1_482' title='bbox 1448 1469 1516 1506; x_wconf 76' lang='grc' dir='ltr'><strong>ἔργα</strong></span> <span class='ocrx_word' id='word_1_483' title='bbox 1530 1469 1576 1496; x_wconf 79' lang='grc' dir='ltr'>τοῦ</span> <span class='ocrx_word' id='word_1_484' title='bbox 1592 1470 1716 1502; x_wconf 79' lang='grc' dir='ltr'>σκότους,</span> <span class='ocrx_word' id='word_1_485' title='bbox 1734 1469 1780 1496; x_wconf 79' lang='grc' dir='ltr'>καὶ</span> <span class='ocrx_word' id='word_1_486' title='bbox 1801 1470 1844 1496; x_wconf 85' lang='grc' dir='ltr'><strong>ὲν-</strong></span> 
     </span>
    </p>
   </div>
   <div class='ocr_carea' id='block_1_63' title="bbox 1060 1514 1842 1552">
    <p class='ocr_par' dir='ltr' id='par_1_63' title="bbox 1060 1514 1842 1552">
     <span class='ocr_line' id='line_1_63' title="bbox 1060 1514 1842 1552; baseline -0.005 -8"><span class='ocrx_word' id='word_1_487' title='bbox 1060 1517 1203 1552; x_wconf 81' lang='grc' dir='ltr'>δυσώμεθα</span> <span class='ocrx_word' id='word_1_488' title='bbox 1223 1516 1258 1543; x_wconf 80' lang='grc' dir='ltr'><strong>τὰ</strong></span> <span class='ocrx_word' id='word_1_489' title='bbox 1276 1517 1345 1543; x_wconf 79' lang='grc' dir='ltr'>ὅπλα</span> <span class='ocrx_word' id='word_1_490' title='bbox 1361 1515 1408 1543; x_wconf 82' lang='grc' dir='ltr'>τοῦ</span> <span class='ocrx_word' id='word_1_491' title='bbox 1426 1515 1512 1550; x_wconf 82' lang='grc' dir='ltr'>φωτός</span> <span class='ocrx_word' id='word_1_492' title='bbox 1524 1523 1531 1530; x_wconf 80' lang='grc'><em>’</em></span> <span class='ocrx_word' id='word_1_493' title='bbox 1548 1524 1557 1541; x_wconf 78' lang='grc' dir='ltr'><strong>ι</strong></span> <span class='ocrx_word' id='word_1_494' title='bbox 1578 1516 1701 1542; x_wconf 84' lang='grc' dir='ltr'>τουτέστι</span> <span class='ocrx_word' id='word_1_495' title='bbox 1716 1514 1762 1540; x_wconf 84' lang='grc' dir='ltr'>τοῦ</span> <span class='ocrx_word' id='word_1_496' title='bbox 1780 1514 1842 1550; x_wconf 82' lang='grc' dir='ltr'>μέλ-</span> 
     </span>
    </p>
   </div>
   <div class='ocr_carea' id='block_1_64' title="bbox 222 1558 1007 1598">
    <p class='ocr_par' dir='ltr' id='par_1_64' title="bbox 222 1559 1007 1596">
     <span class='ocr_line' id='line_1_64' title="bbox 222 1559 1007 1596; baseline 0.001 -10"><span class='ocrx_word' id='word_1_497' title='bbox 222 1559 291 1587; x_wconf 88' lang='lat' dir='ltr'><strong>lucis</strong></span> <span class='ocrx_word' id='word_1_498' title='bbox 316 1564 381 1587; x_wconf 85' lang='lat' dir='ltr'><strong>sunt</strong></span> <span class='ocrx_word' id='word_1_499' title='bbox 400 1561 525 1588; x_wconf 84' lang='lat' dir='ltr'><strong>virtutes.</strong></span> <span class='ocrx_word' id='word_1_500' title='bbox 545 1561 606 1588; x_wconf 84' lang='lat' dir='ltr'><strong>ideo</strong></span> <span class='ocrx_word' id='word_1_501' title='bbox 635 1560 765 1588; x_wconf 88' lang='lat' dir='ltr'><strong>Christus</strong></span> <span class='ocrx_word' id='word_1_502' title='bbox 790 1569 898 1596; x_wconf 87' lang='lat' dir='ltr'><strong>quoque</strong></span> <span class='ocrx_word' id='word_1_503' title='bbox 916 1561 1007 1588; x_wconf 84' lang='lat' dir='ltr'><strong>dixit:</strong></span> 
     </span>
    </p>
   </div>
   <div class='ocr_carea' id='block_1_65' title="bbox 1061 1558 1843 1598">
    <p class='ocr_par' dir='ltr' id='par_1_65' title="bbox 1061 1559 1843 1598">
     <span class='ocr_line' id='line_1_65' title="bbox 1061 1559 1843 1598; baseline -0.004 -8"><span class='ocrx_word' id='word_1_504' title='bbox 1061 1564 1149 1595; x_wconf 85' lang='grc' dir='ltr'>λοντος</span> <span class='ocrx_word' id='word_1_505' title='bbox 1164 1563 1272 1594; x_wconf 79' lang='grc' dir='ltr'>αῑῶνος.</span> <span class='ocrx_word' id='word_1_506' title='bbox 1285 1561 1344 1594; x_wconf 74' lang='grc' dir='ltr'>Φῶς</span> <span class='ocrx_word' id='word_1_507' title='bbox 1357 1563 1412 1598; x_wconf 82' lang='grc' dir='ltr'><strong>γὰρ</strong></span> <span class='ocrx_word' id='word_1_508' title='bbox 1433 1562 1447 1588; x_wconf 85' lang='grc' dir='ltr'>ὁ</span> <span class='ocrx_word' id='word_1_509' title='bbox 1464 1561 1569 1596; x_wconf 81' lang='grc' dir='ltr'>μέλλων</span> <span class='ocrx_word' id='word_1_510' title='bbox 1583 1561 1653 1588; x_wconf 77' lang='grc' dir='ltr'>ἐστι.</span> <span class='ocrx_word' id='word_1_511' title='bbox 1670 1561 1710 1588; x_wconf 78' lang='grc' dir='ltr'><strong>Τὰ</strong></span> <span class='ocrx_word' id='word_1_512' title='bbox 1726 1560 1754 1587; x_wconf 80' lang='grc' dir='ltr'><strong>δὲ</strong></span> <span class='ocrx_word' id='word_1_513' title='bbox 1772 1559 1843 1587; x_wconf 85' lang='grc' dir='ltr'>ὅπλα</span> 
     </span>
    </p>
   </div>
   <div class='ocr_carea' id='block_1_66' title="bbox 225 1605 1008 1640">
    <p class='ocr_par' dir='ltr' id='par_1_66' title="bbox 225 1605 1008 1640">
     <span class='ocr_line' id='line_1_66' title="bbox 225 1605 1008 1640; baseline 0.005 -9"><span class='ocrx_word' id='word_1_514' title='bbox 225 1615 235 1631; x_wconf 76' lang='grc' dir='ltr'><strong>ε</strong></span> <span class='ocrx_word' id='word_1_515' title='bbox 259 1605 326 1633; x_wconf 84' lang='lat' dir='ltr'><strong>Dum</strong></span> <span class='ocrx_word' id='word_1_516' title='bbox 354 1607 441 1634; x_wconf 85' lang='lat' dir='ltr'><strong>lucem</strong></span> <span class='ocrx_word' id='word_1_517' title='bbox 466 1607 581 1637; x_wconf 86' lang='lat' dir='ltr'><strong>habetis,</strong></span> <span class='ocrx_word' id='word_1_518' title='bbox 599 1607 746 1640; x_wconf 85' lang='lat' dir='ltr'><strong>ambulate,</strong></span> <span class='ocrx_word' id='word_1_519' title='bbox 765 1615 799 1634; x_wconf 87' lang='lat' dir='ltr'><strong>ne</strong></span> <span class='ocrx_word' id='word_1_520' title='bbox 817 1607 934 1634; x_wconf 67' lang='lat' dir='ltr'><strong>tenebrat</strong></span> <span class='ocrx_word' id='word_1_521' title='bbox 960 1614 1008 1635; x_wconf 89' lang='lat' dir='ltr'><strong>vos</strong></span> 
     </span>
    </p>
   </div>
   <div class='ocr_carea' id='block_1_67' title="bbox 222 1651 1008 1686">
    <p class='ocr_par' dir='ltr' id='par_1_67' title="bbox 222 1651 1008 1686">
     <span class='ocr_line' id='line_1_67' title="bbox 222 1651 1008 1686; baseline 0.001 -9"><span class='ocrx_word' id='word_1_522' title='bbox 222 1651 426 1686; x_wconf 85' lang='lat' dir='ltr'><strong>apprehendant</strong></span> <span class='ocrx_word' id='word_1_523' title='bbox 449 1652 484 1680; x_wconf 82' lang='grc'><strong>⁷⁷.</strong></span> <span class='ocrx_word' id='word_1_524' title='bbox 511 1663 520 1678; x_wconf 77' lang='grc' dir='ltr'><strong>ι</strong></span> <span class='ocrx_word' id='word_1_525' title='bbox 547 1651 598 1679; x_wconf 86' lang='lat' dir='ltr'><strong>Ubi</strong></span> <span class='ocrx_word' id='word_1_526' title='bbox 628 1652 716 1679; x_wconf 79' lang='lat' dir='ltr'><strong>lucem</strong></span> <span class='ocrx_word' id='word_1_527' title='bbox 742 1652 857 1679; x_wconf 79' lang='lat' dir='ltr'><strong>virtutes</strong></span> <span class='ocrx_word' id='word_1_528' title='bbox 892 1652 1008 1685; x_wconf 85' lang='lat' dir='ltr'><strong>vocavit,</strong></span> 
     </span>
    </p>
   </div>
   <div class='ocr_carea' id='block_1_68' title="bbox 221 1698 1008 1732">
    <p class='ocr_par' dir='ltr' id='par_1_68' title="bbox 221 1698 1008 1732">
     <span class='ocr_line' id='line_1_68' title="bbox 221 1698 1008 1732; baseline 0.003 -9"><span class='ocrx_word' id='word_1_529' title='bbox 221 1705 290 1732; x_wconf 80' lang='lat' dir='ltr'><strong>quas</strong></span> <span class='ocrx_word' id='word_1_530' title='bbox 311 1698 424 1725; x_wconf 76' lang='lat' dir='ltr'><strong>virtutes</strong></span> <span class='ocrx_word' id='word_1_531' title='bbox 451 1698 550 1729; x_wconf 82' lang='lat' dir='ltr'><strong>homo,</strong></span> <span class='ocrx_word' id='word_1_532' title='bbox 584 1698 648 1725; x_wconf 92' lang='lat' dir='ltr'><strong>dum</strong></span> <span class='ocrx_word' id='word_1_533' title='bbox 674 1698 759 1730; x_wconf 82' lang='lat' dir='ltr'><strong>vnit,</strong></span> <span class='ocrx_word' id='word_1_534' title='bbox 784 1698 884 1725; x_wconf 81' lang='lat' dir='ltr'><strong>habere</strong></span> <span class='ocrx_word' id='word_1_535' title='bbox 910 1702 1008 1732; x_wconf 87' lang='lat' dir='ltr'><strong>potest.</strong></span> 
     </span>
    </p>
   </div>
   <div class='ocr_carea' id='block_1_69' title="bbox 222 1742 1006 1777">
    <p class='ocr_par' dir='ltr' id='par_1_69' title="bbox 222 1742 1006 1777">
     <span class='ocr_line' id='line_1_69' title="bbox 222 1742 1006 1777; baseline 0.005 -10"><span class='ocrx_word' id='word_1_536' title='bbox 222 1742 288 1769; x_wconf 83' lang='lat' dir='ltr'><strong>Post</strong></span> <span class='ocrx_word' id='word_1_537' title='bbox 320 1747 433 1769; x_wconf 78' lang='lat' dir='ltr'><strong>mortem</strong></span> <span class='ocrx_word' id='word_1_538' title='bbox 467 1744 538 1770; x_wconf 87' lang='lat' dir='ltr'><strong>cnim</strong></span> <span class='ocrx_word' id='word_1_539' title='bbox 570 1750 625 1770; x_wconf 81' lang='lat' dir='ltr'><strong>non</strong></span> <span class='ocrx_word' id='word_1_540' title='bbox 662 1742 759 1777; x_wconf 87' lang='lat' dir='ltr'><strong>poterit</strong></span> <span class='ocrx_word' id='word_1_541' title='bbox 794 1750 841 1769; x_wconf 90' lang='lat' dir='ltr'><strong>eas</strong></span> <span class='ocrx_word' id='word_1_542' title='bbox 876 1742 1006 1771; x_wconf 85' lang='lat' dir='ltr'><strong>invenire.</strong></span> 
     </span>
    </p>
   </div>
   <div class='ocr_carea' id='block_1_70' title="bbox 222 1786 1009 1822">
    <p class='ocr_par' dir='ltr' id='par_1_70' title="bbox 222 1786 1009 1822">
     <span class='ocr_line' id='line_1_70' title="bbox 222 1786 1009 1822; baseline 0.001 -9"><span class='ocrx_word' id='word_1_543' title='bbox 222 1786 353 1814; x_wconf 63' lang='lat' dir='ltr'><strong>Tenebras</strong></span> <span class='ocrx_word' id='word_1_544' title='bbox 371 1795 433 1814; x_wconf 86' lang='lat' dir='ltr'><strong>vero</strong></span> <span class='ocrx_word' id='word_1_545' title='bbox 449 1791 514 1814; x_wconf 85' lang='lat' dir='ltr'><strong>sunt</strong></span> <span class='ocrx_word' id='word_1_546' title='bbox 538 1795 656 1821; x_wconf 66' lang='lat' dir='ltr'><strong>praesens</strong></span> <span class='ocrx_word' id='word_1_547' title='bbox 673 1787 723 1813; x_wconf 88' lang='lat' dir='ltr'><strong>hoe</strong></span> <span class='ocrx_word' id='word_1_548' title='bbox 738 1787 878 1816; x_wconf 59' lang='lat' dir='ltr'><strong>saculum.</strong></span> <span class='ocrx_word' id='word_1_549' title='bbox 900 1792 1009 1822; x_wconf 77' lang='lat' dir='ltr'><strong>propter</strong></span> 
     </span>
    </p>
   </div>
   <div class='ocr_carea' id='block_1_71' title="bbox 222 1832 1010 1860">
    <p class='ocr_par' dir='ltr' id='par_1_71' title="bbox 222 1832 1010 1860">
     <span class='ocr_line' id='line_1_71' title="bbox 222 1832 1010 1860; baseline 0.001 -1"><span class='ocrx_word' id='word_1_550' title='bbox 222 1833 409 1860; x_wconf 82' lang='lat' dir='ltr'><strong>tenebricosas</strong></span> <span class='ocrx_word' id='word_1_551' title='bbox 434 1837 461 1859; x_wconf 91' lang='lat' dir='ltr'><strong>et</strong></span> <span class='ocrx_word' id='word_1_552' title='bbox 481 1832 601 1860; x_wconf 80' lang='lat' dir='ltr'><strong>nefarias</strong></span> <span class='ocrx_word' id='word_1_553' title='bbox 617 1833 690 1859; x_wconf 74' lang='lat' dir='ltr'><strong>illius</strong></span> <span class='ocrx_word' id='word_1_554' title='bbox 712 1833 844 1860; x_wconf 85' lang='lat' dir='ltr'><strong>actiones.</strong></span> <span class='ocrx_word' id='word_1_555' title='bbox 860 1832 1010 1860; x_wconf 87' lang='lat' dir='ltr'><strong>Sieutrnr—</strong></span> 
     </span>
    </p>
   </div>
   <div class='ocr_carea' id='block_1_72' title="bbox 222 1878 1009 1912">
    <p class='ocr_par' dir='ltr' id='par_1_72' title="bbox 222 1878 1009 1912">
     <span class='ocr_line' id='line_1_72' title="bbox 222 1878 1009 1912; baseline 0 -7"><span class='ocrx_word' id='word_1_556' title='bbox 222 1886 270 1905; x_wconf 88' lang='lat' dir='ltr'><strong>sus</strong></span> <span class='ocrx_word' id='word_1_557' title='bbox 297 1878 386 1912; x_wconf 89' lang='lat' dir='ltr'><strong>inquit</strong></span> <span class='ocrx_word' id='word_1_558' title='bbox 407 1878 533 1904; x_wconf 84' lang='lat' dir='ltr'><strong>Christus</strong></span> <span class='ocrx_word' id='word_1_559' title='bbox 547 1887 554 1904; x_wconf 89' lang='lat'><strong>:</strong></span> <span class='ocrx_word' id='word_1_560' title='bbox 573 1887 582 1903; x_wconf 73' lang='grc' dir='ltr'><strong>ι</strong></span> <span class='ocrx_word' id='word_1_561' title='bbox 603 1878 655 1910; x_wconf 83' lang='lat' dir='ltr'><strong>Qui</strong></span> <span class='ocrx_word' id='word_1_562' title='bbox 672 1878 798 1911; x_wconf 88' lang='lat' dir='ltr'><strong>sequitur</strong></span> <span class='ocrx_word' id='word_1_563' title='bbox 813 1885 866 1910; x_wconf 83' lang='lat' dir='ltr'><strong>me,</strong></span> <span class='ocrx_word' id='word_1_564' title='bbox 882 1885 937 1904; x_wconf 90' lang='lat' dir='ltr'><strong>non</strong></span> <span class='ocrx_word' id='word_1_565' title='bbox 951 1886 1009 1905; x_wconf 82' lang='lat' dir='ltr'><strong>am—</strong></span> 
     </span>
    </p>
   </div>
   <div class='ocr_carea' id='block_1_73' title="bbox 222 1923 1005 1954">
    <p class='ocr_par' dir='ltr' id='par_1_73' title="bbox 222 1923 1005 1954">
     <span class='ocr_line' id='line_1_73' title="bbox 222 1923 1005 1954; baseline 0 -4"><span class='ocrx_word' id='word_1_566' title='bbox 222 1924 326 1951; x_wconf 78' lang='lat' dir='ltr'><strong>bulabit</strong></span> <span class='ocrx_word' id='word_1_567' title='bbox 345 1932 372 1950; x_wconf 89' lang='lat' dir='ltr'><strong>Ill</strong></span> <span class='ocrx_word' id='word_1_568' title='bbox 390 1923 526 1954; x_wconf 76' lang='lat' dir='ltr'><strong>tenebris,</strong></span> <span class='ocrx_word' id='word_1_569' title='bbox 546 1923 592 1950; x_wconf 90' lang='lat' dir='ltr'><strong>sed</strong></span> <span class='ocrx_word' id='word_1_570' title='bbox 619 1923 728 1950; x_wconf 80' lang='lat' dir='ltr'><strong>habebit</strong></span> <span class='ocrx_word' id='word_1_571' title='bbox 755 1923 845 1950; x_wconf 87' lang='lat' dir='ltr'><strong>lumen</strong></span> <span class='ocrx_word' id='word_1_572' title='bbox 874 1923 974 1950; x_wconf 71' lang='lat' dir='ltr'><strong>vine&quot;.</strong></span> <span class='ocrx_word' id='word_1_573' title='bbox 995 1933 1005 1950; x_wconf 76' lang='grc' dir='ltr'><strong>ι</strong></span> 
     </span>
    </p>
   </div>
   <div class='ocr_carea' id='block_1_74' title="bbox 223 1969 1008 2005">
    <p class='ocr_par' dir='ltr' id='par_1_74' title="bbox 223 1969 1008 2005">
     <span class='ocr_line' id='line_1_74' title="bbox 223 1969 1008 2005; baseline -0.001 -7"><span class='ocrx_word' id='word_1_574' title='bbox 223 1970 306 2005; x_wconf 88' lang='lat' dir='ltr'><strong>Sequi</strong></span> <span class='ocrx_word' id='word_1_575' title='bbox 329 1978 445 2004; x_wconf 85' lang='lat' dir='ltr'><strong>namque</strong></span> <span class='ocrx_word' id='word_1_576' title='bbox 473 1969 611 1997; x_wconf 84' lang='lat' dir='ltr'><strong>Christum</strong></span> <span class='ocrx_word' id='word_1_577' title='bbox 634 1973 677 1996; x_wconf 89' lang='lat' dir='ltr'><strong>est</strong></span> <span class='ocrx_word' id='word_1_578' title='bbox 696 1976 755 2004; x_wconf 73' lang='lat' dir='ltr'><strong>qua:</strong></span> <span class='ocrx_word' id='word_1_579' title='bbox 779 1969 876 2003; x_wconf 71' lang='lat' dir='ltr'><strong>placita</strong></span> <span class='ocrx_word' id='word_1_580' title='bbox 905 1973 969 1996; x_wconf 87' lang='lat' dir='ltr'><strong>sunt</strong></span> <span class='ocrx_word' id='word_1_581' title='bbox 982 1969 1008 1997; x_wconf 88' lang='lat' dir='ltr'><strong>ei</strong></span> 
     </span>
    </p>
   </div>
   <div class='ocr_carea' id='block_1_75' title="bbox 222 2012 1009 2052">
    <p class='ocr_par' dir='ltr' id='par_1_75' title="bbox 222 2012 1009 2052">
     <span class='ocr_line' id='line_1_75' title="bbox 222 2012 1009 2052; baseline 0 -10"><span class='ocrx_word' id='word_1_582' title='bbox 222 2012 328 2048; x_wconf 39' lang='lat' dir='ltr'><strong>facere,</strong></span> <span class='ocrx_word' id='word_1_583' title='bbox 341 2022 368 2044; x_wconf 89' lang='lat' dir='ltr'><strong>et</strong></span> <span class='ocrx_word' id='word_1_584' title='bbox 387 2016 412 2052; x_wconf 79' lang='lat' dir='ltr'><strong>ej</strong></span> <span class='ocrx_word' id='word_1_585' title='bbox 425 2025 447 2044; x_wconf 84' lang='lat' dir='ltr'><strong>ts</strong></span> <span class='ocrx_word' id='word_1_586' title='bbox 465 2017 590 2044; x_wconf 73' lang='lat' dir='ltr'><strong>mandata</strong></span> <span class='ocrx_word' id='word_1_587' title='bbox 609 2024 729 2044; x_wconf 85' lang='lat' dir='ltr'><strong>servare.</strong></span> <span class='ocrx_word' id='word_1_588' title='bbox 748 2016 823 2044; x_wconf 83' lang='lat' dir='ltr'><strong>Talis</strong></span> <span class='ocrx_word' id='word_1_589' title='bbox 838 2023 892 2042; x_wconf 90' lang='lat' dir='ltr'><strong>non</strong></span> <span class='ocrx_word' id='word_1_590' title='bbox 914 2016 1009 2043; x_wconf 86' lang='lat' dir='ltr'><strong>ambu-</strong></span> 
     </span>
    </p>
   </div>
   <div class='ocr_carea' id='block_1_76' title="bbox 223 2062 1005 2096">
    <p class='ocr_par' dir='ltr' id='par_1_76' title="bbox 223 2062 1005 2096">
     <span class='ocr_line' id='line_1_76' title="bbox 223 2062 1005 2096; baseline -0.001 -7"><span class='ocrx_word' id='word_1_591' title='bbox 223 2063 289 2090; x_wconf 88' lang='lat' dir='ltr'><strong>labit</strong></span> <span class='ocrx_word' id='word_1_592' title='bbox 306 2063 332 2090; x_wconf 86' lang='lat' dir='ltr'><strong>in</strong></span> <span class='ocrx_word' id='word_1_593' title='bbox 349 2063 479 2094; x_wconf 84' lang='lat' dir='ltr'><strong>tenebris,</strong></span> <span class='ocrx_word' id='word_1_594' title='bbox 499 2063 549 2089; x_wconf 88' lang='lat' dir='ltr'><strong>hoc</strong></span> <span class='ocrx_word' id='word_1_595' title='bbox 564 2066 606 2090; x_wconf 87' lang='lat' dir='ltr'><strong>est</strong></span> <span class='ocrx_word' id='word_1_596' title='bbox 626 2063 654 2089; x_wconf 95' lang='lat' dir='ltr'><strong>in</strong></span> <span class='ocrx_word' id='word_1_597' title='bbox 680 2063 759 2089; x_wconf 83' lang='lat' dir='ltr'><strong>vanis</strong></span> <span class='ocrx_word' id='word_1_598' title='bbox 772 2062 854 2096; x_wconf 87' lang='lat' dir='ltr'><strong>hujus</strong></span> <span class='ocrx_word' id='word_1_599' title='bbox 870 2062 930 2089; x_wconf 77' lang='lat' dir='ltr'><strong>vitae</strong></span> <span class='ocrx_word' id='word_1_600' title='bbox 946 2062 1005 2094; x_wconf 81' lang='lat' dir='ltr'><strong>viis,</strong></span> 
     </span>
    </p>
   </div>
   <div class='ocr_carea' id='block_1_77' title="bbox 226 2107 1007 2143">
    <p class='ocr_par' dir='ltr' id='par_1_77' title="bbox 226 2107 1007 2143">
     <span class='ocr_line' id='line_1_77' title="bbox 226 2107 1007 2143; baseline -0.003 -7"><span class='ocrx_word' id='word_1_601' title='bbox 226 2110 274 2136; x_wconf 85' lang='lat' dir='ltr'><strong>sed</strong></span> <span class='ocrx_word' id='word_1_602' title='bbox 289 2109 452 2135; x_wconf 85' lang='lat' dir='ltr'><strong>inhabitabit</strong></span> <span class='ocrx_word' id='word_1_603' title='bbox 465 2114 491 2136; x_wconf 89' lang='lat' dir='ltr'><strong>et</strong></span> <span class='ocrx_word' id='word_1_604' title='bbox 506 2109 621 2143; x_wconf 71' lang='lat' dir='ltr'><strong>accipiet</strong></span> <span class='ocrx_word' id='word_1_605' title='bbox 639 2112 768 2136; x_wconf 65' lang='lat' dir='ltr'><strong>aeternam</strong></span> <span class='ocrx_word' id='word_1_606' title='bbox 785 2108 872 2135; x_wconf 77' lang='lat' dir='ltr'><strong>lucem</strong></span> <span class='ocrx_word' id='word_1_607' title='bbox 892 2109 952 2134; x_wconf 61' lang='lat' dir='ltr'><strong>vitae</strong></span> <span class='ocrx_word' id='word_1_608' title='bbox 966 2107 1007 2134; x_wconf 80' lang='lat' dir='ltr'><strong>fu-</strong></span> 
     </span>
    </p>
   </div>
   <div class='ocr_carea' id='block_1_78' title="bbox 223 2153 1006 2189">
    <p class='ocr_par' dir='ltr' id='par_1_78' title="bbox 223 2153 1006 2189">
     <span class='ocr_line' id='line_1_78' title="bbox 223 2153 1006 2189; baseline -0.001 -8"><span class='ocrx_word' id='word_1_609' title='bbox 223 2154 277 2182; x_wconf 90' lang='lat' dir='ltr'><strong>turi</strong></span> <span class='ocrx_word' id='word_1_610' title='bbox 306 2155 409 2186; x_wconf 58' lang='lat' dir='ltr'><strong>saeculi,</strong></span> <span class='ocrx_word' id='word_1_611' title='bbox 434 2158 461 2181; x_wconf 90' lang='lat' dir='ltr'><strong>et</strong></span> <span class='ocrx_word' id='word_1_612' title='bbox 493 2154 693 2181; x_wconf 84' lang='lat' dir='ltr'><strong>interminatam</strong></span> <span class='ocrx_word' id='word_1_613' title='bbox 717 2162 777 2189; x_wconf 73' lang='lat' dir='ltr'><strong>qua:</strong></span> <span class='ocrx_word' id='word_1_614' title='bbox 796 2154 832 2180; x_wconf 91' lang='lat' dir='ltr'><strong>ibi</strong></span> <span class='ocrx_word' id='word_1_615' title='bbox 852 2153 940 2180; x_wconf 80' lang='lat' dir='ltr'><strong>futura</strong></span> <span class='ocrx_word' id='word_1_616' title='bbox 956 2157 1006 2187; x_wconf 89' lang='lat' dir='ltr'><strong>est,</strong></span> 
     </span>
    </p>
   </div>
   <div class='ocr_carea' id='block_1_79' title="bbox 222 2200 622 2228">
    <p class='ocr_par' dir='ltr' id='par_1_79' title="bbox 222 2200 622 2228">
     <span class='ocr_line' id='line_1_79' title="bbox 222 2200 622 2228; baseline -0.005 0"><span class='ocrx_word' id='word_1_617' title='bbox 222 2201 344 2228; x_wconf 65' lang='lat' dir='ltr'><strong>laetitiam</strong></span> <span class='ocrx_word' id='word_1_618' title='bbox 360 2205 387 2227; x_wconf 87' lang='lat' dir='ltr'><strong>et</strong></span> <span class='ocrx_word' id='word_1_619' title='bbox 404 2200 622 2227; x_wconf 79' lang='lat' dir='ltr'><strong>exsultationem.</strong></span> 
     </span>
    </p>
   </div>
   <div class='ocr_carea' id='block_1_80' title="bbox 1057 1606 1842 1643">
    <p class='ocr_par' dir='ltr' id='par_1_80' title="bbox 1057 1606 1842 1643">
     <span class='ocr_line' id='line_1_80' title="bbox 1057 1606 1842 1643; baseline -0.004 -8"><span class='ocrx_word' id='word_1_620' title='bbox 1057 1609 1105 1636; x_wconf 84' lang='grc' dir='ltr'>τοῦ</span> <span class='ocrx_word' id='word_1_621' title='bbox 1128 1608 1216 1643; x_wconf 72' lang='grc' dir='ltr'>φωτὸς</span> <span class='ocrx_word' id='word_1_622' title='bbox 1231 1608 1334 1634; x_wconf 78' lang='grc' dir='ltr'>ἐκείνου</span> <span class='ocrx_word' id='word_1_623' title='bbox 1356 1608 1423 1634; x_wconf 82' lang='grc' dir='ltr'>εἰσὶν</span> <span class='ocrx_word' id='word_1_624' title='bbox 1439 1608 1468 1634; x_wconf 80' lang='grc' dir='ltr'><strong>αι</strong></span> <span class='ocrx_word' id='word_1_625' title='bbox 1484 1607 1589 1642; x_wconf 74' lang='grc' dir='ltr'>ἀρεταί.</span> <span class='ocrx_word' id='word_1_626' title='bbox 1607 1606 1656 1633; x_wconf 79' lang='grc' dir='ltr'>Διὰ</span> <span class='ocrx_word' id='word_1_627' title='bbox 1676 1606 1754 1633; x_wconf 83' lang='grc' dir='ltr'>τοῦτο</span> <span class='ocrx_word' id='word_1_628' title='bbox 1769 1607 1814 1633; x_wconf 83' lang='grc' dir='ltr'>καὶ</span> <span class='ocrx_word' id='word_1_629' title='bbox 1827 1607 1842 1633; x_wconf 84' lang='grc' dir='ltr'>ὀ</span> 
     </span>
    </p>
   </div>
   <div class='ocr_carea' id='block_1_81' title="bbox 1058 1653 1840 1690">
    <p class='ocr_par' dir='ltr' id='par_1_81' title="bbox 1058 1653 1840 1690">
     <span class='ocr_line' id='line_1_81' title="bbox 1058 1653 1840 1690; baseline -0.001 -10"><span class='ocrx_word' id='word_1_630' title='bbox 1058 1654 1175 1690; x_wconf 80' lang='grc' dir='ltr'>Χριττὺς</span> <span class='ocrx_word' id='word_1_631' title='bbox 1195 1654 1285 1688; x_wconf 79' lang='grc' dir='ltr'>ἔλεγεν</span> <span class='ocrx_word' id='word_1_632' title='bbox 1296 1662 1302 1669; x_wconf 90' lang='grc'><strong>·</strong></span> <span class='ocrx_word' id='word_1_633' title='bbox 1320 1663 1329 1679; x_wconf 73' lang='grc' dir='ltr'><strong>ι</strong></span> <span class='ocrx_word' id='word_1_634' title='bbox 1345 1654 1418 1685; x_wconf 83' lang='grc' dir='ltr'><strong>Ἕως</strong></span> <span class='ocrx_word' id='word_1_635' title='bbox 1433 1653 1464 1680; x_wconf 68' lang='grc' dir='ltr'><strong>τὸ</strong></span> <span class='ocrx_word' id='word_1_636' title='bbox 1482 1653 1540 1688; x_wconf 75' lang='grc' dir='ltr'>φῶς</span> <span class='ocrx_word' id='word_1_637' title='bbox 1554 1653 1640 1689; x_wconf 76' lang='grc' dir='ltr'>ἔχετε,</span> <span class='ocrx_word' id='word_1_638' title='bbox 1656 1654 1840 1689; x_wconf 84' lang='grc' dir='ltr'>περιπατεῖτε,</span> 
     </span>
    </p>
   </div>
   <div class='ocr_carea' id='block_1_82' title="bbox 1059 1698 1842 1734">
    <p class='ocr_par' dir='ltr' id='par_1_82' title="bbox 1059 1698 1842 1734">
     <span class='ocr_line' id='line_1_82' title="bbox 1059 1698 1842 1734; baseline -0.003 -8"><span class='ocrx_word' id='word_1_639' title='bbox 1059 1700 1102 1726; x_wconf 80' lang='grc' dir='ltr'>ἵνα</span> <span class='ocrx_word' id='word_1_640' title='bbox 1118 1699 1155 1734; x_wconf 82' lang='grc' dir='ltr'>μὴ</span> <span class='ocrx_word' id='word_1_641' title='bbox 1172 1699 1279 1725; x_wconf 82' lang='grc' dir='ltr'>σκοτεία</span> <span class='ocrx_word' id='word_1_642' title='bbox 1291 1699 1363 1734; x_wconf 82' lang='grc' dir='ltr'>ὑμᾶς</span> <span class='ocrx_word' id='word_1_643' title='bbox 1377 1698 1526 1734; x_wconf 83' lang='grc' dir='ltr'>καταλάϐῃ.</span> <span class='ocrx_word' id='word_1_644' title='bbox 1541 1708 1550 1725; x_wconf 75' lang='grc' dir='ltr'><strong>ι</strong></span> <span class='ocrx_word' id='word_1_645' title='bbox 1568 1698 1628 1730; x_wconf 79' lang='grc' dir='ltr'><strong>Φῶς</strong></span> <span class='ocrx_word' id='word_1_646' title='bbox 1639 1698 1668 1725; x_wconf 79' lang='grc' dir='ltr'><strong>δὲ</strong></span> <span class='ocrx_word' id='word_1_647' title='bbox 1680 1698 1728 1730; x_wconf 83' lang='grc' dir='ltr'><strong>τὰς</strong></span> <span class='ocrx_word' id='word_1_648' title='bbox 1742 1698 1842 1734; x_wconf 84' lang='grc' dir='ltr'>ἀρετὰς</span> 
     </span>
    </p>
   </div>
   <div class='ocr_carea' id='block_1_83' title="bbox 1057 1740 1840 1779">
    <p class='ocr_par' dir='ltr' id='par_1_83' title="bbox 1057 1740 1840 1779">
     <span class='ocr_line' id='line_1_83' title="bbox 1057 1740 1840 1779; baseline -0.001 -8"><span class='ocrx_word' id='word_1_649' title='bbox 1057 1744 1196 1776; x_wconf 75' lang='grc' dir='ltr'>ἐκάλεσεν,</span> <span class='ocrx_word' id='word_1_650' title='bbox 1210 1743 1244 1776; x_wconf 75' lang='grc' dir='ltr'>ἃς</span> <span class='ocrx_word' id='word_1_651' title='bbox 1267 1743 1378 1770; x_wconf 85' lang='grc' dir='ltr'>δύναται</span> <span class='ocrx_word' id='word_1_652' title='bbox 1397 1743 1468 1778; x_wconf 71' lang='grc' dir='ltr'>ἔχειν</span> <span class='ocrx_word' id='word_1_653' title='bbox 1489 1743 1503 1770; x_wconf 83' lang='grc' dir='ltr'>ὁ</span> <span class='ocrx_word' id='word_1_654' title='bbox 1520 1743 1663 1779; x_wconf 82' lang='grc' dir='ltr'>ἄνθρωπος</span> <span class='ocrx_word' id='word_1_655' title='bbox 1678 1743 1731 1775; x_wconf 69' lang='grc' dir='ltr'>ἕως</span> <span class='ocrx_word' id='word_1_656' title='bbox 1743 1740 1773 1770; x_wconf 77' lang='grc' dir='ltr'><strong>οὗ</strong></span> <span class='ocrx_word' id='word_1_657' title='bbox 1789 1743 1821 1778; x_wconf 80' lang='grc' dir='ltr'>ζῇ</span> <span class='ocrx_word' id='word_1_658' title='bbox 1831 1750 1840 1758; x_wconf 91' lang='grc'><strong>·</strong></span> 
     </span>
    </p>
   </div>
   <div class='ocr_carea' id='block_1_84' title="bbox 1060 1788 1841 1825">
    <p class='ocr_par' dir='ltr' id='par_1_84' title="bbox 1060 1788 1841 1825">
     <span class='ocr_line' id='line_1_84' title="bbox 1060 1788 1841 1825; baseline -0.003 -9"><span class='ocrx_word' id='word_1_659' title='bbox 1060 1789 1128 1825; x_wconf 78' lang='grc' dir='ltr'>μετὰ</span> <span class='ocrx_word' id='word_1_660' title='bbox 1141 1789 1255 1816; x_wconf 74' lang='grc' dir='ltr'>θάνατον</span> <span class='ocrx_word' id='word_1_661' title='bbox 1269 1789 1324 1824; x_wconf 85' lang='grc' dir='ltr'>γὰρ</span> <span class='ocrx_word' id='word_1_662' title='bbox 1338 1789 1367 1815; x_wconf 84' lang='grc' dir='ltr'>οὐ</span> <span class='ocrx_word' id='word_1_663' title='bbox 1391 1788 1501 1816; x_wconf 88' lang='grc' dir='ltr'>δύναται</span> <span class='ocrx_word' id='word_1_664' title='bbox 1519 1788 1605 1815; x_wconf 78' lang='grc' dir='ltr'>ταῦτα</span> <span class='ocrx_word' id='word_1_665' title='bbox 1625 1789 1723 1824; x_wconf 84' lang='grc' dir='ltr'>εὑρεῖν.</span> <span class='ocrx_word' id='word_1_666' title='bbox 1745 1788 1841 1820; x_wconf 73' lang='grc' dir='ltr'>Σκὰτος</span> 
     </span>
    </p>
   </div>
   <div class='ocr_carea' id='block_1_85' title="bbox 1058 1831 1840 1870">
    <p class='ocr_par' dir='ltr' id='par_1_85' title="bbox 1058 1831 1840 1870">
     <span class='ocr_line' id='line_1_85' title="bbox 1058 1831 1840 1870; baseline -0.001 -8"><span class='ocrx_word' id='word_1_667' title='bbox 1058 1835 1087 1862; x_wconf 83' lang='grc' dir='ltr'><strong>δὲ</strong></span> <span class='ocrx_word' id='word_1_668' title='bbox 1097 1836 1111 1861; x_wconf 83' lang='grc' dir='ltr'>ὁ</span> <span class='ocrx_word' id='word_1_669' title='bbox 1126 1834 1192 1861; x_wconf 80' lang='grc' dir='ltr'>αἰὼν</span> <span class='ocrx_word' id='word_1_670' title='bbox 1208 1831 1284 1866; x_wconf 76' lang='grc' dir='ltr'>οὗτος</span> <span class='ocrx_word' id='word_1_671' title='bbox 1297 1834 1342 1862; x_wconf 84' lang='grc' dir='ltr'><strong>διὰ</strong></span> <span class='ocrx_word' id='word_1_672' title='bbox 1352 1834 1402 1866; x_wconf 85' lang='grc' dir='ltr'><strong>τὰς</strong></span> <span class='ocrx_word' id='word_1_673' title='bbox 1414 1833 1554 1866; x_wconf 76' lang='grc' dir='ltr'>σκοτεινὰς</span> <span class='ocrx_word' id='word_1_674' title='bbox 1569 1833 1652 1860; x_wconf 77' lang='grc' dir='ltr'>αὐτοῦ</span> <span class='ocrx_word' id='word_1_675' title='bbox 1668 1833 1780 1870; x_wconf 81' lang='grc' dir='ltr'>πράξεις</span> <span class='ocrx_word' id='word_1_676' title='bbox 1793 1835 1840 1861; x_wconf 81' lang='grc' dir='ltr'>καὶ</span> 
     </span>
    </p>
   </div>
   <div class='ocr_carea' id='block_1_86' title="bbox 1058 1879 1840 1916">
    <p class='ocr_par' dir='ltr' id='par_1_86' title="bbox 1058 1879 1840 1916">
     <span class='ocr_line' id='line_1_86' title="bbox 1058 1879 1840 1916; baseline -0.003 -9"><span class='ocrx_word' id='word_1_677' title='bbox 1058 1880 1203 1916; x_wconf 75' lang='grc' dir='ltr'>ἀθεμίτους</span> <span class='ocrx_word' id='word_1_678' title='bbox 1216 1889 1223 1895; x_wconf 93' lang='grc'><strong>·</strong></span> <span class='ocrx_word' id='word_1_679' title='bbox 1236 1880 1274 1912; x_wconf 88' lang='grc' dir='ltr'><strong>ὡς</strong></span> <span class='ocrx_word' id='word_1_680' title='bbox 1296 1880 1375 1907; x_wconf 81' lang='grc' dir='ltr'>πάλιν</span> <span class='ocrx_word' id='word_1_681' title='bbox 1394 1879 1505 1916; x_wconf 81' lang='grc' dir='ltr'>εἴρηκεν</span> <span class='ocrx_word' id='word_1_682' title='bbox 1520 1881 1534 1906; x_wconf 85' lang='grc' dir='ltr'>ὁ</span> <span class='ocrx_word' id='word_1_683' title='bbox 1547 1879 1682 1915; x_wconf 83' lang='grc' dir='ltr'>Χριστός·</span> <span class='ocrx_word' id='word_1_684' title='bbox 1701 1887 1710 1904; x_wconf 78' lang='grc' dir='ltr'><strong>ι</strong></span> <span class='ocrx_word' id='word_1_685' title='bbox 1734 1879 1762 1906; x_wconf 76' lang='grc'><strong>⁸0</strong></span> <span class='ocrx_word' id='word_1_686' title='bbox 1778 1879 1840 1905; x_wconf 82' lang='grc' dir='ltr'>ἁκο-</span> 
     </span>
    </p>
   </div>
   <div class='ocr_carea' id='block_1_87' title="bbox 1058 1923 1839 1960">
    <p class='ocr_par' dir='ltr' id='par_1_87' title="bbox 1058 1923 1839 1960">
     <span class='ocr_line' id='line_1_87' title="bbox 1058 1923 1839 1960; baseline -0.003 -9"><span class='ocrx_word' id='word_1_687' title='bbox 1058 1925 1165 1952; x_wconf 85' lang='grc' dir='ltr'>λουθῶν.</span> <span class='ocrx_word' id='word_1_688' title='bbox 1175 1925 1236 1960; x_wconf 77' lang='grc' dir='ltr'>ἐμοὶ</span> <span class='ocrx_word' id='word_1_689' title='bbox 1249 1925 1280 1951; x_wconf 72' lang='grc' dir='ltr'>οὐ</span> <span class='ocrx_word' id='word_1_690' title='bbox 1299 1924 1336 1960; x_wconf 83' lang='grc' dir='ltr'>μὴ</span> <span class='ocrx_word' id='word_1_691' title='bbox 1357 1924 1538 1960; x_wconf 83' lang='grc' dir='ltr'>περιπατήσει</span> <span class='ocrx_word' id='word_1_692' title='bbox 1553 1924 1581 1950; x_wconf 82' lang='grc' dir='ltr'>ὲν</span> <span class='ocrx_word' id='word_1_693' title='bbox 1605 1924 1638 1958; x_wconf 80' lang='grc' dir='ltr'><strong>τῇ</strong></span> <span class='ocrx_word' id='word_1_694' title='bbox 1653 1923 1769 1959; x_wconf 72' lang='grc' dir='ltr'>σκοτείᾳ,</span> <span class='ocrx_word' id='word_1_695' title='bbox 1784 1923 1839 1950; x_wconf 83' lang='grc' dir='ltr'>ἀλλ’</span> 
     </span>
    </p>
   </div>
   <div class='ocr_carea' id='block_1_88' title="bbox 1058 1968 1840 2005">
    <p class='ocr_par' dir='ltr' id='par_1_88' title="bbox 1058 1968 1840 2005">
     <span class='ocr_line' id='line_1_88' title="bbox 1058 1968 1840 2005; baseline -0.001 -9"><span class='ocrx_word' id='word_1_696' title='bbox 1058 1970 1113 2002; x_wconf 73' lang='grc' dir='ltr'>ἕξει</span> <span class='ocrx_word' id='word_1_697' title='bbox 1135 1971 1165 1997; x_wconf 73' lang='grc' dir='ltr'>τὸ</span> <span class='ocrx_word' id='word_1_698' title='bbox 1178 1970 1234 2004; x_wconf 84' lang='grc' dir='ltr'>φῶς</span> <span class='ocrx_word' id='word_1_699' title='bbox 1248 1970 1297 2005; x_wconf 81' lang='grc' dir='ltr'>τῆς</span> <span class='ocrx_word' id='word_1_700' title='bbox 1310 1970 1392 2005; x_wconf 81' lang='grc' dir='ltr'>ζωῆς.</span> <span class='ocrx_word' id='word_1_701' title='bbox 1411 1979 1420 1996; x_wconf 77' lang='grc' dir='ltr'><strong>ι</strong></span> <span class='ocrx_word' id='word_1_702' title='bbox 1447 1970 1501 1996; x_wconf 76' lang='grc' dir='ltr'>Καὶ</span> <span class='ocrx_word' id='word_1_703' title='bbox 1514 1970 1568 2004; x_wconf 81' lang='grc' dir='ltr'><strong>γὰρ</strong></span> <span class='ocrx_word' id='word_1_704' title='bbox 1587 1969 1618 1995; x_wconf 84' lang='grc' dir='ltr'><strong>τὸ</strong></span> <span class='ocrx_word' id='word_1_705' title='bbox 1632 1969 1783 1996; x_wconf 82' lang='grc' dir='ltr'>ἀκολουθεῖν</span> <span class='ocrx_word' id='word_1_706' title='bbox 1801 1968 1840 2004; x_wconf 85' lang='grc' dir='ltr'><strong>τῷ</strong></span> 
     </span>
    </p>
   </div>
   <div class='ocr_carea' id='block_1_89' title="bbox 1057 2014 1839 2051">
    <p class='ocr_par' dir='ltr' id='par_1_89' title="bbox 1057 2014 1839 2051">
     <span class='ocr_line' id='line_1_89' title="bbox 1057 2014 1839 2051; baseline -0.001 -9"><span class='ocrx_word' id='word_1_707' title='bbox 1057 2015 1168 2051; x_wconf 85' lang='grc' dir='ltr'>Χριστῷ</span> <span class='ocrx_word' id='word_1_708' title='bbox 1178 2014 1256 2042; x_wconf 83' lang='grc' dir='ltr'>τοῦτό</span> <span class='ocrx_word' id='word_1_709' title='bbox 1271 2017 1328 2042; x_wconf 81' lang='grc' dir='ltr'>εστι</span> <span class='ocrx_word' id='word_1_710' title='bbox 1351 2016 1382 2041; x_wconf 78' lang='grc' dir='ltr'>τὸ</span> <span class='ocrx_word' id='word_1_711' title='bbox 1395 2016 1479 2042; x_wconf 85' lang='grc' dir='ltr'>ποιεῖν</span> <span class='ocrx_word' id='word_1_712' title='bbox 1491 2015 1524 2041; x_wconf 75' lang='grc' dir='ltr'>τὰ</span> <span class='ocrx_word' id='word_1_713' title='bbox 1537 2014 1671 2050; x_wconf 76' lang='grc' dir='ltr'>εὐάρεστα</span> <span class='ocrx_word' id='word_1_714' title='bbox 1687 2014 1778 2046; x_wconf 78' lang='grc' dir='ltr'>αὐτοῦ,</span> <span class='ocrx_word' id='word_1_715' title='bbox 1793 2015 1839 2041; x_wconf 78' lang='grc' dir='ltr'>καὶ</span> 
     </span>
    </p>
   </div>
   <div class='ocr_carea' id='block_1_90' title="bbox 1058 2059 1837 2096">
    <p class='ocr_par' dir='ltr' id='par_1_90' title="bbox 1058 2059 1837 2096">
     <span class='ocr_line' id='line_1_90' title="bbox 1058 2059 1837 2096; baseline -0.003 -8"><span class='ocrx_word' id='word_1_716' title='bbox 1058 2061 1203 2096; x_wconf 80' lang='grc' dir='ltr'>φυλάσσειν</span> <span class='ocrx_word' id='word_1_717' title='bbox 1216 2061 1265 2092; x_wconf 81' lang='grc' dir='ltr'><strong>τὰς</strong></span> <span class='ocrx_word' id='word_1_718' title='bbox 1278 2060 1386 2092; x_wconf 80' lang='grc' dir='ltr'>ἐντολὰς</span> <span class='ocrx_word' id='word_1_719' title='bbox 1398 2059 1490 2087; x_wconf 78' lang='grc' dir='ltr'>αὐτοῦ.</span> <span class='ocrx_word' id='word_1_720' title='bbox 1513 2060 1542 2087; x_wconf 90' lang='lat'><strong>&#39;0</strong></span> <span class='ocrx_word' id='word_1_721' title='bbox 1555 2060 1676 2092; x_wconf 81' lang='grc' dir='ltr'>τοιοῦτος</span> <span class='ocrx_word' id='word_1_722' title='bbox 1691 2060 1745 2096; x_wconf 85' lang='grc' dir='ltr'><strong>γὰρ</strong></span> <span class='ocrx_word' id='word_1_723' title='bbox 1757 2061 1786 2086; x_wconf 90' lang='grc' dir='ltr'>οὑ</span> <span class='ocrx_word' id='word_1_724' title='bbox 1802 2061 1837 2095; x_wconf 83' lang='grc' dir='ltr'>μὴ</span> 
     </span>
    </p>
   </div>
   <div class='ocr_carea' id='block_1_91' title="bbox 1058 2106 1838 2142">
    <p class='ocr_par' dir='ltr' id='par_1_91' title="bbox 1058 2106 1838 2142">
     <span class='ocr_line' id='line_1_91' title="bbox 1058 2106 1838 2142; baseline -0.001 -9"><span class='ocrx_word' id='word_1_725' title='bbox 1058 2108 1237 2142; x_wconf 71' lang='grc' dir='ltr'>περιπατήσει</span> <span class='ocrx_word' id='word_1_726' title='bbox 1254 2107 1282 2133; x_wconf 73' lang='grc' dir='ltr'>ἐν</span> <span class='ocrx_word' id='word_1_727' title='bbox 1293 2108 1324 2142; x_wconf 85' lang='grc' dir='ltr'><strong>τῇ</strong></span> <span class='ocrx_word' id='word_1_728' title='bbox 1342 2106 1460 2142; x_wconf 63' lang='grc' dir='ltr'>σκοτείᾳ..</span> <span class='ocrx_word' id='word_1_729' title='bbox 1480 2106 1618 2132; x_wconf 80' lang='grc' dir='ltr'>τουτέστιν</span> <span class='ocrx_word' id='word_1_730' title='bbox 1632 2107 1661 2132; x_wconf 82' lang='grc' dir='ltr'>ὲν</span> <span class='ocrx_word' id='word_1_731' title='bbox 1673 2108 1731 2138; x_wconf 88' lang='grc' dir='ltr'>ταῖς</span> <span class='ocrx_word' id='word_1_732' title='bbox 1746 2106 1838 2141; x_wconf 87' lang='grc' dir='ltr'>ματαί-</span> 
     </span>
    </p>
   </div>
   <div class='ocr_carea' id='block_1_92' title="bbox 1057 2151 1837 2188">
    <p class='ocr_par' dir='ltr' id='par_1_92' title="bbox 1057 2151 1837 2188">
     <span class='ocr_line' id='line_1_92' title="bbox 1057 2151 1837 2188; baseline -0.001 -9"><span class='ocrx_word' id='word_1_733' title='bbox 1057 2160 1102 2184; x_wconf 89' lang='grc' dir='ltr'><strong>αις</strong></span> <span class='ocrx_word' id='word_1_734' title='bbox 1120 2152 1189 2183; x_wconf 75' lang='grc' dir='ltr'>6δοῗς</span> <span class='ocrx_word' id='word_1_735' title='bbox 1210 2152 1256 2179; x_wconf 80' lang='grc' dir='ltr'>τοῦ</span> <span class='ocrx_word' id='word_1_736' title='bbox 1272 2152 1331 2186; x_wconf 84' lang='grc' dir='ltr'>βίου</span> <span class='ocrx_word' id='word_1_737' title='bbox 1347 2152 1442 2178; x_wconf 78' lang='grc' dir='ltr'>τούτου</span> <span class='ocrx_word' id='word_1_738' title='bbox 1453 2172 1460 2183; x_wconf 87' lang='grc'><strong>,</strong></span> <span class='ocrx_word' id='word_1_739' title='bbox 1482 2151 1550 2178; x_wconf 79' lang='grc' dir='ltr'>ἀλλὰ</span> <span class='ocrx_word' id='word_1_740' title='bbox 1571 2151 1774 2188; x_wconf 78' lang='grc' dir='ltr'>κατασκηνώσει</span> <span class='ocrx_word' id='word_1_741' title='bbox 1792 2152 1837 2179; x_wconf 72' lang='grc' dir='ltr'>καὶ</span> 
     </span>
    </p>
   </div>
   <div class='ocr_carea' id='block_1_93' title="bbox 1060 2195 1837 2232">
    <p class='ocr_par' dir='ltr' id='par_1_93' title="bbox 1060 2195 1837 2232">
     <span class='ocr_line' id='line_1_93' title="bbox 1060 2195 1837 2232; baseline -0.003 -8"><span class='ocrx_word' id='word_1_742' title='bbox 1060 2197 1172 2225; x_wconf 75' lang='grc' dir='ltr'><strong>...λαὸεῐ</strong></span> <span class='ocrx_word' id='word_1_743' title='bbox 1183 2197 1212 2223; x_wconf 81' lang='grc' dir='ltr'>τὸ</span> <span class='ocrx_word' id='word_1_744' title='bbox 1220 2196 1327 2223; x_wconf 87' lang='grc' dir='ltr'>αἰώνιον</span> <span class='ocrx_word' id='word_1_745' title='bbox 1339 2196 1396 2232; x_wconf 86' lang='grc' dir='ltr'>φῶς</span> <span class='ocrx_word' id='word_1_746' title='bbox 1410 2196 1458 2232; x_wconf 84' lang='grc' dir='ltr'>τῆς</span> <span class='ocrx_word' id='word_1_747' title='bbox 1467 2196 1539 2232; x_wconf 80' lang='grc' dir='ltr'>ζωῆς</span> <span class='ocrx_word' id='word_1_748' title='bbox 1555 2195 1602 2223; x_wconf 82' lang='grc' dir='ltr'>τοῦ</span> <span class='ocrx_word' id='word_1_749' title='bbox 1617 2196 1757 2231; x_wconf 83' lang='grc' dir='ltr'>μέλλοντος</span> <span class='ocrx_word' id='word_1_750' title='bbox 1775 2195 1837 2222; x_wconf 67' lang='grc' dir='ltr'><strong>αἰῶ-</strong></span> 
     </span>
    </p>
   </div>
   <div class='ocr_carea' id='block_1_94' title="bbox 222 2245 1104 2282">
    <p class='ocr_par' dir='ltr' id='par_1_94' title="bbox 222 2245 1104 2282">
     <span class='ocr_line' id='line_1_94' title="bbox 222 2245 1104 2282; baseline -0.005 -8"><span class='ocrx_word' id='word_1_751' title='bbox 222 2255 277 2278; x_wconf 75' lang='grc' dir='ltr'>νος,</span> <span class='ocrx_word' id='word_1_752' title='bbox 301 2247 347 2273; x_wconf 74' lang='grc' dir='ltr'>καὶ</span> <span class='ocrx_word' id='word_1_753' title='bbox 366 2246 415 2282; x_wconf 84' lang='grc' dir='ltr'>τὴν</span> <span class='ocrx_word' id='word_1_754' title='bbox 434 2247 491 2272; x_wconf 76' lang='grc' dir='ltr'>ἐκεῖ</span> <span class='ocrx_word' id='word_1_755' title='bbox 512 2246 663 2282; x_wconf 81' lang='grc' dir='ltr'>ἀπέραντον</span> <span class='ocrx_word' id='word_1_756' title='bbox 685 2246 855 2281; x_wconf 77' lang='grc' dir='ltr'>εὐφροσύνην</span> <span class='ocrx_word' id='word_1_757' title='bbox 874 2245 920 2272; x_wconf 57' lang='grc' dir='ltr'><strong>καλ¹</strong></span> <span class='ocrx_word' id='word_1_758' title='bbox 937 2245 1104 2279; x_wconf 76' lang='grc' dir='ltr'>ἀγαλλίασιν.</span> 
     </span>
    </p>
   </div>
   <div class='ocr_carea' id='block_1_95' title="bbox 258 2285 1042 2328">
    <p class='ocr_par' dir='ltr' id='par_1_95' title="bbox 258 2285 1042 2328">
     <span class='ocr_line' id='line_1_95' title="bbox 258 2285 1042 2328; baseline -0.004 -8"><span class='ocrx_word' id='word_1_759' title='bbox 258 2285 433 2328; x_wconf 68' lang='lat' dir='ltr'><strong>(96)Qu.£s1-.</strong></span> <span class='ocrx_word' id='word_1_760' title='bbox 448 2291 536 2318; x_wconf 67' lang='lat' dir='ltr'><strong>LVIII.</strong></span> <span class='ocrx_word' id='word_1_761' title='bbox 550 2291 627 2324; x_wconf 83' lang='lat' dir='ltr'><strong>Quod</strong></span> <span class='ocrx_word' id='word_1_762' title='bbox 640 2291 724 2318; x_wconf 81' lang='lat' dir='ltr'><strong>Adam</strong></span> <span class='ocrx_word' id='word_1_763' title='bbox 737 2295 763 2318; x_wconf 90' lang='lat' dir='ltr'><strong>et</strong></span> <span class='ocrx_word' id='word_1_764' title='bbox 777 2291 842 2323; x_wconf 71' lang='lat' dir='ltr'><strong>Evn,</strong></span> <span class='ocrx_word' id='word_1_765' title='bbox 860 2297 1002 2326; x_wconf 86' lang='lat' dir='ltr'><strong>postquam</strong></span> <span class='ocrx_word' id='word_1_766' title='bbox 1023 2285 1042 2310; x_wconf 77' lang='grc' dir='ltr'><strong>υ</strong></span> 
     </span>
    </p>
   </div>
   <div class='ocr_carea' id='block_1_96' title="bbox 221 2337 1004 2374">
    <p class='ocr_par' dir='ltr' id='par_1_96' title="bbox 221 2337 1004 2374">
     <span class='ocr_line' id='line_1_96' title="bbox 221 2337 1004 2374; baseline -0.004 -8"><span class='ocrx_word' id='word_1_767' title='bbox 221 2340 419 2370; x_wconf 81' lang='lat' dir='ltr'><strong>comedissent,</strong></span> <span class='ocrx_word' id='word_1_768' title='bbox 439 2339 616 2374; x_wconf 78' lang='lat' dir='ltr'><strong>cognoverint</strong></span> <span class='ocrx_word' id='word_1_769' title='bbox 631 2345 660 2365; x_wconf 87' lang='lat' dir='ltr'><strong>se</strong></span> <span class='ocrx_word' id='word_1_770' title='bbox 677 2337 766 2365; x_wconf 88' lang='lat' dir='ltr'><strong>nudos</strong></span> <span class='ocrx_word' id='word_1_771' title='bbox 780 2345 842 2365; x_wconf 89' lang='lat' dir='ltr'><strong>esse</strong></span> <span class='ocrx_word' id='word_1_772' title='bbox 858 2347 865 2364; x_wconf 89' lang='lat'><strong>:</strong></span> <span class='ocrx_word' id='word_1_773' title='bbox 882 2337 1004 2372; x_wconf 91' lang='lat' dir='ltr'><strong>nunquid</strong></span> 
     </span>
    </p>
   </div>
   <div class='ocr_carea' id='block_1_97' title="bbox 222 2382 1006 2419">
    <p class='ocr_par' dir='ltr' id='par_1_97' title="bbox 222 2382 1006 2419">
     <span class='ocr_line' id='line_1_97' title="bbox 222 2382 1006 2419; baseline -0.004 -7"><span class='ocrx_word' id='word_1_774' title='bbox 222 2389 367 2419; x_wconf 81' lang='lat' dir='ltr'><strong>antequam</strong></span> <span class='ocrx_word' id='word_1_775' title='bbox 393 2384 588 2414; x_wconf 70' lang='lat' dir='ltr'><strong>comedissent,</strong></span> <span class='ocrx_word' id='word_1_776' title='bbox 605 2383 657 2410; x_wconf 90' lang='lat' dir='ltr'><strong>hoc</strong></span> <span class='ocrx_word' id='word_1_777' title='bbox 674 2391 755 2410; x_wconf 82' lang='lat' dir='ltr'><strong>sensti</strong></span> <span class='ocrx_word' id='word_1_778' title='bbox 779 2383 884 2417; x_wconf 63' lang='lat' dir='ltr'><strong>praediti</strong></span> <span class='ocrx_word' id='word_1_779' title='bbox 908 2382 1006 2410; x_wconf 86' lang='lat' dir='ltr'><strong>erant?</strong></span> 
     </span>
    </p>
   </div>
   <div class='ocr_carea' id='block_1_98' title="bbox 258 2428 1004 2463">
    <p class='ocr_par' dir='ltr' id='par_1_98' title="bbox 258 2428 1004 2463">
     <span class='ocr_line' id='line_1_98' title="bbox 258 2428 1004 2463; baseline -0.003 -7"><span class='ocrx_word' id='word_1_780' title='bbox 258 2430 340 2458; x_wconf 65' lang='lat' dir='ltr'><strong>lisse.</strong></span> <span class='ocrx_word' id='word_1_781' title='bbox 359 2429 592 2463; x_wconf 83' lang='lat' dir='ltr'><strong>Quemadmodum</strong></span> <span class='ocrx_word' id='word_1_782' title='bbox 611 2428 738 2456; x_wconf 81' lang='lat' dir='ltr'><strong>infantnli</strong></span> <span class='ocrx_word' id='word_1_783' title='bbox 753 2436 806 2455; x_wconf 88' lang='lat' dir='ltr'><strong>non</strong></span> <span class='ocrx_word' id='word_1_784' title='bbox 829 2428 1004 2462; x_wconf 81' lang='lat' dir='ltr'><strong>erubescunt,</strong></span> 
     </span>
    </p>
   </div>
   <div class='ocr_carea' id='block_1_99' title="bbox 222 2475 1005 2511">
    <p class='ocr_par' dir='ltr' id='par_1_99' title="bbox 222 2475 1005 2511">
     <span class='ocr_line' id='line_1_99' title="bbox 222 2475 1005 2511; baseline -0.005 -7"><span class='ocrx_word' id='word_1_785' title='bbox 222 2477 330 2504; x_wconf 83' lang='lat' dir='ltr'><strong>etiamsi</strong></span> <span class='ocrx_word' id='word_1_786' title='bbox 357 2477 440 2504; x_wconf 85' lang='lat' dir='ltr'><strong>nullis</strong></span> <span class='ocrx_word' id='word_1_787' title='bbox 469 2476 590 2504; x_wconf 79' lang='lat' dir='ltr'><strong>vestibus</strong></span> <span class='ocrx_word' id='word_1_788' title='bbox 613 2479 750 2511; x_wconf 82' lang='lat' dir='ltr'><strong>tegantur,</strong></span> <span class='ocrx_word' id='word_1_789' title='bbox 768 2475 854 2502; x_wconf 87' lang='lat' dir='ltr'><strong>donec</strong></span> <span class='ocrx_word' id='word_1_790' title='bbox 876 2475 1005 2510; x_wconf 81' lang='lat' dir='ltr'><strong>paulatim</strong></span> 
     </span>
    </p>
   </div>
   <div class='ocr_carea' id='block_1_100' title="bbox 223 2521 1006 2557">
    <p class='ocr_par' dir='ltr' id='par_1_100' title="bbox 223 2521 1006 2557">
     <span class='ocr_line' id='line_1_100' title="bbox 223 2521 1006 2557; baseline -0.004 -7"><span class='ocrx_word' id='word_1_791' title='bbox 223 2523 392 2550; x_wconf 88' lang='lat' dir='ltr'><strong>increscente</strong></span> <span class='ocrx_word' id='word_1_792' title='bbox 419 2530 534 2557; x_wconf 89' lang='lat' dir='ltr'><strong>corpore</strong></span> <span class='ocrx_word' id='word_1_793' title='bbox 556 2527 583 2549; x_wconf 89' lang='lat' dir='ltr'><strong>et</strong></span> <span class='ocrx_word' id='word_1_794' title='bbox 611 2521 699 2557; x_wconf 85' lang='lat' dir='ltr'><strong>pudor</strong></span> <span class='ocrx_word' id='word_1_795' title='bbox 717 2521 842 2548; x_wconf 89' lang='lat' dir='ltr'><strong>adveniat</strong></span> <span class='ocrx_word' id='word_1_796' title='bbox 861 2530 868 2548; x_wconf 90' lang='lat'><strong>:</strong></span> <span class='ocrx_word' id='word_1_797' title='bbox 886 2521 926 2548; x_wconf 88' lang='lat' dir='ltr'><strong>sic</strong></span> <span class='ocrx_word' id='word_1_798' title='bbox 940 2527 1006 2548; x_wconf 90' lang='lat' dir='ltr'><strong>sane</strong></span> 
     </span>
    </p>
   </div>
   <div class='ocr_carea' id='block_1_101' title="bbox 222 2565 1004 2600">
    <p class='ocr_par' dir='ltr' id='par_1_101' title="bbox 222 2565 1004 2600">
     <span class='ocr_line' id='line_1_101' title="bbox 222 2565 1004 2600; baseline -0.003 -6"><span class='ocrx_word' id='word_1_799' title='bbox 222 2567 257 2596; x_wconf 91' lang='lat' dir='ltr'><strong>de</strong></span> <span class='ocrx_word' id='word_1_800' title='bbox 280 2567 366 2594; x_wconf 79' lang='lat' dir='ltr'><strong>Adam</strong></span> <span class='ocrx_word' id='word_1_801' title='bbox 389 2571 417 2595; x_wconf 92' lang='lat' dir='ltr'><strong>et</strong></span> <span class='ocrx_word' id='word_1_802' title='bbox 444 2567 499 2594; x_wconf 86' lang='lat' dir='ltr'><strong>Eva</strong></span> <span class='ocrx_word' id='word_1_803' title='bbox 526 2567 710 2594; x_wconf 88' lang='lat' dir='ltr'><strong>sentiendum.</strong></span> <span class='ocrx_word' id='word_1_804' title='bbox 727 2565 794 2593; x_wconf 85' lang='lat' dir='ltr'><strong>Nam</strong></span> <span class='ocrx_word' id='word_1_805' title='bbox 811 2573 873 2593; x_wconf 87' lang='lat' dir='ltr'><strong>eum</strong></span> <span class='ocrx_word' id='word_1_806' title='bbox 889 2565 1004 2600; x_wconf 92' lang='lat' dir='ltr'><strong>primum</strong></span> 
     </span>
    </p>
   </div>
   <div class='ocr_carea' id='block_1_102' title="bbox 222 2611 1005 2647">
    <p class='ocr_par' dir='ltr' id='par_1_102' title="bbox 222 2611 1005 2647">
     <span class='ocr_line' id='line_1_102' title="bbox 222 2611 1005 2647; baseline -0.003 -7"><span class='ocrx_word' id='word_1_807' title='bbox 222 2614 308 2642; x_wconf 85' lang='lat' dir='ltr'><strong>creati</strong></span> <span class='ocrx_word' id='word_1_808' title='bbox 322 2617 424 2646; x_wconf 87' lang='lat' dir='ltr'><strong>essent,</strong></span> <span class='ocrx_word' id='word_1_809' title='bbox 438 2615 507 2641; x_wconf 90' lang='lat' dir='ltr'><strong>sicut</strong></span> <span class='ocrx_word' id='word_1_810' title='bbox 517 2613 598 2641; x_wconf 89' lang='lat' dir='ltr'><strong>modo</strong></span> <span class='ocrx_word' id='word_1_811' title='bbox 609 2617 690 2640; x_wconf 88' lang='lat' dir='ltr'><strong>natus</strong></span> <span class='ocrx_word' id='word_1_812' title='bbox 700 2612 802 2644; x_wconf 79' lang='lat' dir='ltr'><strong>infans,</strong></span> <span class='ocrx_word' id='word_1_813' title='bbox 815 2611 918 2647; x_wconf 85' lang='lat' dir='ltr'><strong>peccati</strong></span> <span class='ocrx_word' id='word_1_814' title='bbox 935 2618 1005 2638; x_wconf 89' lang='lat' dir='ltr'><strong>non-</strong></span> 
     </span>
    </p>
   </div>
   <div class='ocr_carea' id='block_1_103' title="bbox 1090 2287 1835 2325">
    <p class='ocr_par' dir='ltr' id='par_1_103' title="bbox 1090 2287 1835 2325">
     <span class='ocr_line' id='line_1_103' title="bbox 1090 2287 1835 2325; baseline 0 -10"><span class='ocrx_word' id='word_1_815' title='bbox 1090 2287 1187 2325; x_wconf 84' lang='grc' dir='ltr'>Ἐρώτ.</span> <span class='ocrx_word' id='word_1_816' title='bbox 1205 2289 1256 2324; x_wconf 83' lang='grc' dir='ltr'><strong>νη’.</strong></span> <span class='ocrx_word' id='word_1_817' title='bbox 1271 2289 1332 2315; x_wconf 86' lang='grc' dir='ltr'><strong>Ὅτι</strong></span> <span class='ocrx_word' id='word_1_818' title='bbox 1351 2289 1420 2324; x_wconf 84' lang='grc' dir='ltr'>μετὰ</span> <span class='ocrx_word' id='word_1_819' title='bbox 1443 2288 1492 2324; x_wconf 82' lang='grc' dir='ltr'>τὴν</span> <span class='ocrx_word' id='word_1_820' title='bbox 1517 2288 1618 2324; x_wconf 83' lang='grc' dir='ltr'>βρῶσιν</span> <span class='ocrx_word' id='word_1_821' title='bbox 1640 2288 1777 2322; x_wconf 74' lang='grc' dir='ltr'>ἔγνωσαν,</span> <span class='ocrx_word' id='word_1_822' title='bbox 1797 2287 1835 2315; x_wconf 85' lang='grc' dir='ltr'>ὅτι</span> 
     </span>
    </p>
   </div>
   <div class='ocr_carea' id='block_1_104' title="bbox 1058 2333 1834 2372">
    <p class='ocr_par' dir='ltr' id='par_1_104' title="bbox 1058 2333 1834 2372">
     <span class='ocr_line' id='line_1_104' title="bbox 1058 2333 1834 2372; baseline -0.003 -9"><span class='ocrx_word' id='word_1_823' title='bbox 1058 2337 1157 2372; x_wconf 82' lang='grc' dir='ltr'>γυμνοὶ</span> <span class='ocrx_word' id='word_1_824' title='bbox 1172 2334 1242 2372; x_wconf 82' lang='grc' dir='ltr'>ἦσαν</span> <span class='ocrx_word' id='word_1_825' title='bbox 1265 2336 1278 2362; x_wconf 84' lang='grc' dir='ltr'><strong>ὃ</strong></span> <span class='ocrx_word' id='word_1_826' title='bbox 1294 2343 1323 2362; x_wconf 89' lang='grc' dir='ltr'><strong>τε</strong></span> <span class='ocrx_word' id='word_1_827' title='bbox 1343 2335 1428 2370; x_wconf 70' lang='grc' dir='ltr'>*Αόὰμ</span> <span class='ocrx_word' id='word_1_828' title='bbox 1442 2335 1489 2362; x_wconf 67' lang='grc' dir='ltr'>καὶ</span> <span class='ocrx_word' id='word_1_829' title='bbox 1503 2335 1519 2370; x_wconf 81' lang='grc' dir='ltr'><strong>ἡ</strong></span> <span class='ocrx_word' id='word_1_830' title='bbox 1532 2333 1589 2361; x_wconf 74' lang='grc' dir='ltr'>Εὔα</span> <span class='ocrx_word' id='word_1_831' title='bbox 1599 2355 1607 2368; x_wconf 86' lang='grc'><strong>,</strong></span> <span class='ocrx_word' id='word_1_832' title='bbox 1624 2334 1641 2370; x_wconf 81' lang='grc' dir='ltr'>ἢ</span> <span class='ocrx_word' id='word_1_833' title='bbox 1657 2335 1705 2361; x_wconf 76' lang='grc' dir='ltr'>καὶ</span> <span class='ocrx_word' id='word_1_834' title='bbox 1723 2335 1775 2371; x_wconf 72' lang='grc' dir='ltr'><strong>πρὸ</strong></span> <span class='ocrx_word' id='word_1_835' title='bbox 1787 2335 1834 2370; x_wconf 84' lang='grc' dir='ltr'>τῆς</span> 
     </span>
    </p>
   </div>
   <div class='ocr_carea' id='block_1_105' title="bbox 1059 2379 1605 2418">
    <p class='ocr_par' dir='ltr' id='par_1_105' title="bbox 1059 2379 1605 2418">
     <span class='ocr_line' id='line_1_105' title="bbox 1059 2379 1605 2418; baseline -0.004 -10"><span class='ocrx_word' id='word_1_836' title='bbox 1059 2381 1185 2418; x_wconf 78' lang='grc' dir='ltr'>βρώσεως</span> <span class='ocrx_word' id='word_1_837' title='bbox 1201 2379 1273 2416; x_wconf 84' lang='grc' dir='ltr'>εἶχον</span> <span class='ocrx_word' id='word_1_838' title='bbox 1287 2380 1389 2416; x_wconf 79' lang='grc' dir='ltr'>ταύτην</span> <span class='ocrx_word' id='word_1_839' title='bbox 1401 2381 1449 2415; x_wconf 87' lang='grc' dir='ltr'>τὴν</span> <span class='ocrx_word' id='word_1_840' title='bbox 1461 2379 1586 2415; x_wconf 77' lang='grc' dir='ltr'>αἴσθησιν</span> <span class='ocrx_word' id='word_1_841' title='bbox 1597 2388 1605 2413; x_wconf 88' lang='lat'><strong>;</strong></span> 
     </span>
    </p>
   </div>
   <div class='ocr_carea' id='block_1_106' title="bbox 1099 2425 1835 2462">
    <p class='ocr_par' dir='ltr' id='par_1_106' title="bbox 1099 2425 1835 2462">
     <span class='ocr_line' id='line_1_106' title="bbox 1099 2425 1835 2462; baseline -0.003 -8"><span class='ocrx_word' id='word_1_842' title='bbox 1099 2427 1193 2454; x_wconf 80' lang='grc' dir='ltr'>Ἀπόκ.</span> <span class='ocrx_word' id='word_1_843' title='bbox 1209 2427 1313 2462; x_wconf 72' lang='grc' dir='ltr'>’Ὠσπερ</span> <span class='ocrx_word' id='word_1_844' title='bbox 1329 2426 1363 2453; x_wconf 87' lang='grc' dir='ltr'><strong>τὰ</strong></span> <span class='ocrx_word' id='word_1_845' title='bbox 1375 2426 1473 2461; x_wconf 83' lang='grc' dir='ltr'>κομιδῆ</span> <span class='ocrx_word' id='word_1_846' title='bbox 1492 2426 1577 2461; x_wconf 83' lang='grc' dir='ltr'>νήπια</span> <span class='ocrx_word' id='word_1_847' title='bbox 1595 2425 1724 2461; x_wconf 83' lang='grc' dir='ltr'>ἐρυθριᾷν</span> <span class='ocrx_word' id='word_1_848' title='bbox 1741 2425 1771 2452; x_wconf 80' lang='grc' dir='ltr'>οὕ</span> <span class='ocrx_word' id='word_1_849' title='bbox 1789 2425 1835 2452; x_wconf 81' lang='grc' dir='ltr'>πέ-</span> 
     </span>
    </p>
   </div>
   <div class='ocr_carea' id='block_1_107' title="bbox 1058 2471 1833 2509">
    <p class='ocr_par' dir='ltr' id='par_1_107' title="bbox 1058 2471 1833 2509">
     <span class='ocr_line' id='line_1_107' title="bbox 1058 2471 1833 2509; baseline -0.003 -9"><span class='ocrx_word' id='word_1_850' title='bbox 1058 2483 1126 2509; x_wconf 86' lang='grc' dir='ltr'>φυκε</span> <span class='ocrx_word' id='word_1_851' title='bbox 1137 2475 1186 2509; x_wconf 83' lang='grc' dir='ltr'>τῆς</span> <span class='ocrx_word' id='word_1_852' title='bbox 1200 2473 1313 2508; x_wconf 73' lang='grc' dir='ltr'>ἐσθῆτος</span> <span class='ocrx_word' id='word_1_853' title='bbox 1322 2472 1506 2508; x_wconf 80' lang='grc' dir='ltr'>γυμνούμενα,</span> <span class='ocrx_word' id='word_1_854' title='bbox 1518 2472 1585 2499; x_wconf 84' lang='grc' dir='ltr'>ἀλλὰ</span> <span class='ocrx_word' id='word_1_855' title='bbox 1598 2472 1668 2499; x_wconf 82' lang='grc' dir='ltr'>κατὰ</span> <span class='ocrx_word' id='word_1_856' title='bbox 1683 2471 1778 2508; x_wconf 81' lang='grc' dir='ltr'>μικρὸν</span> <span class='ocrx_word' id='word_1_857' title='bbox 1790 2471 1833 2498; x_wconf 85' lang='grc' dir='ltr'><strong>τοῦ</strong></span> 
     </span>
    </p>
   </div>
   <div class='ocr_carea' id='block_1_108' title="bbox 1058 2517 1832 2554">
    <p class='ocr_par' dir='ltr' id='par_1_108' title="bbox 1058 2517 1832 2554">
     <span class='ocr_line' id='line_1_108' title="bbox 1058 2517 1832 2554; baseline -0.004 -8"><span class='ocrx_word' id='word_1_858' title='bbox 1058 2519 1181 2554; x_wconf 78' lang='grc' dir='ltr'>σώματος</span> <span class='ocrx_word' id='word_1_859' title='bbox 1197 2519 1380 2554; x_wconf 72' lang='grc' dir='ltr'>αὐξανομένου</span> <span class='ocrx_word' id='word_1_860' title='bbox 1390 2540 1397 2551; x_wconf 84' lang='grc'><em>,</em></span> <span class='ocrx_word' id='word_1_861' title='bbox 1414 2519 1462 2546; x_wconf 82' lang='grc' dir='ltr'>καὶ</span> <span class='ocrx_word' id='word_1_862' title='bbox 1481 2518 1529 2554; x_wconf 84' lang='grc' dir='ltr'><strong>τὴν</strong></span> <span class='ocrx_word' id='word_1_863' title='bbox 1552 2519 1684 2554; x_wconf 73' lang='grc' dir='ltr'>ἐντροπὴν</span> <span class='ocrx_word' id='word_1_864' title='bbox 1699 2517 1832 2553; x_wconf 72' lang='grc' dir='ltr'>προσλαμυ</span> 
     </span>
    </p>
   </div>
   <div class='ocr_carea' id='block_1_109' title="bbox 1057 2562 1828 2600">
    <p class='ocr_par' dir='ltr' id='par_1_109' title="bbox 1057 2562 1828 2600">
     <span class='ocr_line' id='line_1_109' title="bbox 1057 2562 1828 2600; baseline -0.001 -10"><span class='ocrx_word' id='word_1_865' title='bbox 1057 2564 1181 2592; x_wconf 77' lang='grc' dir='ltr'>ϐάνουσιν</span> <span class='ocrx_word' id='word_1_866' title='bbox 1193 2573 1199 2580; x_wconf 91' lang='grc'>·</span> <span class='ocrx_word' id='word_1_867' title='bbox 1213 2563 1284 2591; x_wconf 78' lang='grc' dir='ltr'>οὕτω</span> <span class='ocrx_word' id='word_1_868' title='bbox 1299 2564 1330 2600; x_wconf 85' lang='grc' dir='ltr'>δὴ</span> <span class='ocrx_word' id='word_1_869' title='bbox 1342 2564 1388 2590; x_wconf 79' lang='grc' dir='ltr'>καὶ</span> <span class='ocrx_word' id='word_1_870' title='bbox 1401 2564 1464 2600; x_wconf 80' lang='grc' dir='ltr'>περὶ</span> <span class='ocrx_word' id='word_1_871' title='bbox 1478 2563 1525 2590; x_wconf 81' lang='grc' dir='ltr'><strong>τοῦ</strong></span> <span class='ocrx_word' id='word_1_872' title='bbox 1543 2563 1627 2599; x_wconf 77' lang='grc' dir='ltr'>Ἀδὰμ</span> <span class='ocrx_word' id='word_1_873' title='bbox 1638 2564 1684 2591; x_wconf 83' lang='grc' dir='ltr'>καὶ</span> <span class='ocrx_word' id='word_1_874' title='bbox 1694 2563 1743 2599; x_wconf 87' lang='grc' dir='ltr'>τῆς</span> <span class='ocrx_word' id='word_1_875' title='bbox 1755 2562 1828 2594; x_wconf 80' lang='grc' dir='ltr'>Εὔας.</span> 
     </span>
    </p>
   </div>
   <div class='ocr_carea' id='block_1_110' title="bbox 1057 2608 1831 2646">
    <p class='ocr_par' dir='ltr' id='par_1_110' title="bbox 1057 2608 1831 2646">
     <span class='ocr_line' id='line_1_110' title="bbox 1057 2608 1831 2646; baseline -0.001 -9"><span class='ocrx_word' id='word_1_876' title='bbox 1057 2610 1144 2642; x_wconf 76' lang='grc' dir='ltr'>Εὐθὺς</span> <span class='ocrx_word' id='word_1_877' title='bbox 1159 2610 1207 2646; x_wconf 78' lang='grc' dir='ltr'>μὲν</span> <span class='ocrx_word' id='word_1_878' title='bbox 1225 2610 1398 2644; x_wconf 82' lang='grc' dir='ltr'>πλασθέντες,</span> <span class='ocrx_word' id='word_1_879' title='bbox 1411 2608 1456 2637; x_wconf 76' lang='grc' dir='ltr'>οἷα</span> <span class='ocrx_word' id='word_1_880' title='bbox 1468 2610 1500 2646; x_wconf 84' lang='grc' dir='ltr'><strong>δὴ</strong></span> <span class='ocrx_word' id='word_1_881' title='bbox 1514 2610 1603 2646; x_wconf 83' lang='grc' dir='ltr'>νήπιοι</span> <span class='ocrx_word' id='word_1_882' title='bbox 1616 2610 1662 2638; x_wconf 77' lang='grc' dir='ltr'>καὶ</span> <span class='ocrx_word' id='word_1_883' title='bbox 1676 2609 1831 2645; x_wconf 74' lang='grc' dir='ltr'>εὐθυγενεῐς,</span> 
     </span>
    </p>
   </div>
   <div class='ocr_carea' id='block_1_111' title="bbox 262 2696 1007 2736">
    <p class='ocr_par' dir='ltr' id='par_1_111' title="bbox 262 2698 1000 2736">
     <span class='ocr_line' id='line_1_111' title="bbox 262 2698 1000 2736; baseline -0.007 -6"><span class='ocrx_word' id='word_1_884' title='bbox 262 2702 283 2718; x_wconf 83' lang='grc'>⁷⁸</span> <span class='ocrx_word' id='word_1_885' title='bbox 301 2702 367 2730; x_wconf 75' lang='lat' dir='ltr'><strong>Gen.</strong></span> <span class='ocrx_word' id='word_1_886' title='bbox 380 2702 436 2736; x_wconf 79' lang='lat' dir='ltr'><strong>t,5,</strong></span> <span class='ocrx_word' id='word_1_887' title='bbox 456 2701 483 2730; x_wconf 81' lang='lat'><strong>5.</strong></span> <span class='ocrx_word' id='word_1_888' title='bbox 523 2702 547 2718; x_wconf 86' lang='lat'><strong>&quot;</strong></span> <span class='ocrx_word' id='word_1_889' title='bbox 566 2700 643 2728; x_wconf 76' lang='lat' dir='ltr'><strong>Hom.</strong></span> <span class='ocrx_word' id='word_1_890' title='bbox 660 2709 726 2733; x_wconf 85' lang='lat' dir='ltr'><strong>xiii,</strong></span> <span class='ocrx_word' id='word_1_891' title='bbox 743 2700 786 2727; x_wconf 75' lang='grc'><strong>12.</strong></span> <span class='ocrx_word' id='word_1_892' title='bbox 824 2699 846 2716; x_wconf 85' lang='grc'><strong>⁷⁷</strong></span> <span class='ocrx_word' id='word_1_893' title='bbox 865 2698 943 2726; x_wconf 84' lang='lat' dir='ltr'><strong>Joan.</strong></span> <span class='ocrx_word' id='word_1_894' title='bbox 962 2705 1000 2725; x_wconf 84' lang='lat' dir='ltr'><strong>xu</strong></span> 
     </span>
    </p>
   </div>
   <div class='ocr_carea' id='block_1_112' title="bbox 1061 2696 1382 2736">
    <p class='ocr_par' dir='ltr' id='par_1_112' title="bbox 1061 2696 1382 2730">
     <span class='ocr_line' id='line_1_112' title="bbox 1061 2696 1382 2730; baseline 0 -6"><span class='ocrx_word' id='word_1_895' title='bbox 1061 2696 1078 2724; x_wconf 75' lang='grc' dir='ltr'><strong>ἱ.</strong></span> <span class='ocrx_word' id='word_1_896' title='bbox 1116 2697 1139 2713; x_wconf 73' lang='grc'>’⁸</span> <span class='ocrx_word' id='word_1_897' title='bbox 1157 2696 1236 2724; x_wconf 76' lang='lat' dir='ltr'><strong>Joan.</strong></span> <span class='ocrx_word' id='word_1_898' title='bbox 1258 2705 1317 2730; x_wconf 84' lang='lat' dir='ltr'><strong>vui.</strong></span> <span class='ocrx_word' id='word_1_899' title='bbox 1339 2697 1382 2724; x_wconf 74' lang='grc'><strong>12.</strong></span> 
     </span>
    </p>
   </div>
   <div class='ocr_carea' id='block_1_113' title="bbox 260 2808 997 2843">
    <p class='ocr_par' dir='ltr' id='par_1_113' title="bbox 260 2808 997 2843">
     <span class='ocr_line' id='line_1_113' title="bbox 260 2808 997 2843; baseline -0.003 -7"><span class='ocrx_word' id='word_1_900' title='bbox 260 2808 317 2843; x_wconf 87' lang='lat'><strong>(89)</strong></span> <span class='ocrx_word' id='word_1_901' title='bbox 333 2808 401 2836; x_wconf 90' lang='lat' dir='ltr'><strong>lluic</strong></span> <span class='ocrx_word' id='word_1_902' title='bbox 417 2809 514 2836; x_wconf 85' lang='lat' dir='ltr'><strong>similis</strong></span> <span class='ocrx_word' id='word_1_903' title='bbox 542 2813 585 2836; x_wconf 88' lang='lat' dir='ltr'><strong>est</strong></span> <span class='ocrx_word' id='word_1_904' title='bbox 603 2808 704 2841; x_wconf 77' lang='lat' dir='ltr'><strong>Quaest.</strong></span> <span class='ocrx_word' id='word_1_905' title='bbox 727 2808 761 2836; x_wconf 73' lang='grc'><strong>52</strong></span> <span class='ocrx_word' id='word_1_906' title='bbox 786 2809 826 2836; x_wconf 82' lang='lat' dir='ltr'><strong>Ad</strong></span> <span class='ocrx_word' id='word_1_907' title='bbox 841 2808 997 2835; x_wconf 72' lang='lat' dir='ltr'><strong>Anlmhnm</strong></span> 
     </span>
    </p>
   </div>
   <div class='ocr_carea' id='block_1_114' title="bbox 226 2852 360 2879">
    <p class='ocr_par' dir='ltr' id='par_1_114' title="bbox 226 2852 360 2879">
     <span class='ocr_line' id='line_1_114' title="bbox 226 2852 360 2879; baseline -0.007 -7"><span class='ocrx_word' id='word_1_908' title='bbox 226 2852 276 2879; x_wconf 83' lang='lat' dir='ltr'><strong>sup</strong></span> <span class='ocrx_word' id='word_1_909' title='bbox 294 2852 360 2871; x_wconf 84' lang='lat' dir='ltr'><strong>l‘IllS.</strong></span> 
     </span>
    </p>
   </div>
   <div class='ocr_carea' id='block_1_115' title="bbox 1089 2807 1684 2845">
    <p class='ocr_par' dir='ltr' id='par_1_115' title="bbox 1089 2807 1684 2845">
     <span class='ocr_line' id='line_1_115' title="bbox 1089 2807 1684 2845; baseline -0.002 -9"><span class='ocrx_word' id='word_1_910' title='bbox 1089 2809 1143 2845; x_wconf 72' lang='grc'><strong>(90)</strong></span> <span class='ocrx_word' id='word_1_911' title='bbox 1156 2808 1199 2836; x_wconf 81' lang='lat' dir='ltr'><strong>Est</strong></span> <span class='ocrx_word' id='word_1_912' title='bbox 1213 2808 1313 2842; x_wconf 62' lang='lat' dir='ltr'><strong>Quaest.</strong></span> <span class='ocrx_word' id='word_1_913' title='bbox 1325 2808 1360 2836; x_wconf 76' lang='grc'><strong>28</strong></span> <span class='ocrx_word' id='word_1_914' title='bbox 1375 2807 1536 2836; x_wconf 87' lang='lat' dir='ltr'><strong>Theodoreti</strong></span> <span class='ocrx_word' id='word_1_915' title='bbox 1552 2808 1578 2835; x_wconf 77' lang='lat' dir='ltr'><strong>in</strong></span> <span class='ocrx_word' id='word_1_916' title='bbox 1591 2807 1684 2836; x_wconf 70' lang='lat' dir='ltr'><strong>Genu.</strong></span> 
     </span>
    </p>
   </div>
  </div>
