1940 3068
226 113 277 141 759

805 112 835 139 S.
856 110 1086 138 ATHANASIUS.
1108 127 1142 131 —
1164 110 1300 139 Sl’URlA.

1791 114 1843 140 750

227 180 236 196 ι
252 170 345 198 Uccidi
370 170 456 197 virum
480 169 507 195 in
523 168 620 195 vulnus
644 175 744 199 meum,
762 172 788 194 et
816 169 1005 196 adolescentu-

1064 169 1165 196 ἔκτεινα
1178 171 1218 201 είς
1231 170 1340 206 τραῦμα
1362 171 1423 206 ἐμοὶ
1435 191 1441 202 ,
1456 171 1502 197 καὶ
1518 171 1656 197 νεανίσκον
1666 171 1706 202 είς
1722 171 1846 207 tribuunt:

223 218 278 244 lum
290 217 321 243 in
338 216 559 251 .livoremmeum
569 214 610 240 ⁸⁸2
628 223 637 238 ι

257 261 339 288 Resp.
353 259 410 286 Non
422 259 488 286 dicit
498 259 542 285 hic
552 258 617 289 duo.
627 259 698 285 sicut
709 259 870 286 existimant
881 260 1008 294 quidam:

224 313 312 342 neque
337 305 404 332 Cain
429 305 567 339 intelligit,
586 309 615 331 ιιι
639 304 749 339 quidam
776 305 944 337 fabulantur,
963 306 1010 336 sed

223 353 289 379 dicit
302 351 447 387 quemdam
462 356 489 377 et
505 351 578 377 hunc
604 350 814 378 adolescentem.
835 351 902 378 Nam
920 351 986 378 illud
1002 361 1008 378 :

225 407 235 423 ι
256 397 350 424 Virum
365 397 393 423 in
408 397 507 423 vulnus
523 404 623 427 meum,
639 400 665 423 ct
678 397 877 423 adolescentem
895 397 922 424 in
938 397 1006 424 livo-

222 451 278 470 rem
298 449 387 469 meum
406 451 413 468 :
434 451 443 467 ›
461 442 511 468 hoc
525 446 576 473 est,
603 442 690 467 virum
705 441 823 475 junioris
842 442 941 469 relatis.
960 440 1011 468 De-

222 488 333 515 clinavit
345 494 407 514 vero
421 494 539 521 poenam.
557 490 667 521 propter
681 486 880 513 confessionem
893 486 1009 520 peccati,

222 538 246 560 et
263 533 321 567 ipsa
332 540 380 559 sua
396 531 529 558 sententia
545 530 706 558 sententiam
721 529 767 557 Dei
787 530 922 557 cohibuit.

259 619 315 654 (οι)
334 618 444 651 ρυεετ.
476 616 556 644 LXV.
575 614 713 650 Quosnam
747 617 815 645 ﬁlios
837 617 884 645 Dei
905 618 1011 645 vocavit

224 665 322 696 Moses,
336 665 450 691 dicens:
471 672 480 688 ι
494 662 625 690 Videutes
640 670 704 690 vero
730 663 776 689 lilii
804 663 848 690 Dei
867 663 938 691 ﬁlias
962 664 1011 691 ho-

224 711 337 742 minum,
357 713 519 744 acceperunt
533 717 580 736 cas
595 709 645 736 sibi
666 717 765 736 uxores
775 707 820 736 9°?
841 719 850 735 ι

265 755 392 782 [lissam
409 755 493 782 Adam
507 755 615 789 quidem
628 759 710 782 natus
721 759 762 782 est
777 755 905 790 Seth.qui
915 757 1010 783 tertius

223 806 281 828 erat
305 807 367 836 post
381 801 457 827 Abel.
472 800 510 826 Ex
528 800 592 827 Seth
605 805 694 827 autem
715 805 796 828 natus
811 806 852 828 est
868 801 950 832 Enos,
963 802 1009 836 qui

225 848 250 873 iu
268 846 410 873 Dominum
428 845 510 872 Deum
529 853 603 880 spem
627 845 722 871 habuit
740 850 767 872 et
784 846 920 873 invocavit
933 855 1006 874 euln.

224 891 302 919 Unde
325 891 371 926 qui
395 898 428 917 ex
457 890 507 916 hoc
528 890 583 916 nati
602 895 665 917 sunt
688 890 776 921 liberi,
793 891 839 917 lilii
855 891 900 917 Dei
915 892 1004 918 vocati

223 942 297 969 sunt,
322 936 548 972 quemadmodum
575 936 656 962 etiam
674 944 724 963 nos
738 944 769 963 ex
783 935 884 963 Christi
899 936 1005 964 Domini

224 985 309 1012 nostri
329 984 448 1014 nomine,
461 982 607 1009 Christiani
631 982 814 1008 nominamur.
830 981 1005 1018 Segregatum

221 1036 264 1058 est
288 1030 360 1057 enim
384 1036 471 1064 genus
497 1028 572 1059 Scth,
592 1035 640 1055 nec
655 1032 696 1054 est
709 1035 771 1054 eum
784 1028 818 1055 iis
832 1029 1005 1056 commistum

222 1076 268 1111 qui
280 1079 357 1102 erant
369 1082 402 1102 ex
411 1074 489 1106 Cain,
502 1073 573 1108 quod
586 1073 630 1100 ille
640 1081 654 1099 a
664 1072 718 1100 Deo
731 1073 921 1100 universorum
935 1078 1007 1101 esset

223 1121 393 1148 maledictus.
419 1118 515 1146 Postea
532 1126 596 1146 vero
612 1118 732 1146 videntes
758 1119 827 1146 filias
851 1126 884 1146 ex
907 1127 1007 1154 cogna-

223 1168 296 1194 tione
317 1167 384 1193 Cain
409 1166 536 1200 pulchras
551 1172 622 1196 esse,
638 1169 718 1199 atque
735 1158 874 1192 blanditiis
890 1166 1004 1199 decepti,

223 1213 360 1240 duxerunt
385 1219 431 1239 eas
450 1218 559 1244 umrcs,
576 1214 603 1237 et
619 1218 697 1237 suum
715 1210 751 1236 ita
768 1218 854 1245 genus
870 1219 1007 1245 corrupe-

223 1263 298 1286 runt.

258 1305 367 1337 Qusr.
392 1302 483 1329 LXVI.
500 1302 568 1336 Quid
593 1306 635 1330 est
659 1302 730 1337 quod
754 1302 839 1330 dicit:
858 1312 866 1328 ι
881 1303 948 1330 Cum
966 1311 1007 1330 re-

225 1349 359 1384 spexisset
377 1347 522 1381 Abraham,
537 1348 604 1375 vidit
620 1358 626 1375 :
643 1353 670 1376 et
684 1356 747 1376 ecce
769 1349 840 1376 aries
861 1357 931 1376 unus
946 1357 1007 1376 eor-

224 1395 303 1421 nibus
316 1393 461 1428 implieitus
477 1394 594 1421 haerebat
606 1394 639 1420 ad
657 1395 777 1430 plantam
791 1395 878 1422 Sabee
891 1395 931 1421 “7?
943 1405 952 1420 ι

258 1440 338 1467 Resp.
355 1439 450 1467 Planta
472 1439 556 1467 Sabec
585 1444 626 1467 est
654 1441 808 1468 veneranda
824 1449 891 1468 crux
910 1441 1007 1475 :juxta

223 1485 351 1513 Hebraeos
372 1493 437 1512 vero
449 1485 555 1512 videtur
575 1485 662 1512 Sabec
677 1486 803 1513 remissio
816 1494 878 1515 esse
891 1491 918 1514 et
942 1495 1007 1514 con-

223 1532 344 1558 donatio.
358 1531 435 1558 Aries
452 1539 516 1558 vero
533 1532 580 1566 qui
596 1532 623 1558 in
640 1531 726 1559 Sabec
743 1532 863 1561 hazrcbat
877 1533 911 1560 ad
930 1534 1007 1568 plan-

223 1582 288 1610 tam,
304 1578 350 1612 qui
367 1578 449 1605 etiam
464 1585 512 1611 pro
528 1577 604 1604 Isaac
621 1577 809 1605 holocaustum
827 1578 937 1606 oblatus
954 1584 1006 1611 est,

223 1621 410 1657 pra-figurabat
425 1621 575 1655 Christum,
588 1621 756 1648 immolatum
771 1629 821 1657 pro
834 1623 912 1650 nobis
923 1624 1008 1651 Sacri-

223 1668 313 1695 tieium
343 1668 558 1700 immaculatum,
573 1672 599 1695 et
625 1669 671 1703 qui
699 1676 749 1700 pro
777 1669 855 1697 nobis
874 1670 901 1696 in
926 1678 1008 1698 cruce

222 1718 337 1740 mortem
353 1713 447 1740 subiit.
463 1722 472 1738 (
488 1713 554 1740 Nam
569 1714 629 1747 ejus
645 1713 731 1741 vibice
745 1721 794 1742 nos
811 1721 906 1742 omnes
919 1715 1007 1742 sanati

223 1764 328 1792 sumus,
350 1768 359 1784 »
381 1759 468 1794 inquit
482 1759 577 1789 Isaias.
596 1768 605 1784 ι
621 1763 647 1786 et
661 1767 710 1794 pro
726 1760 806 1787 nobis
819 1760 966 1793 cruciatur,
982 1765 1008 1788 et

224 1809 333 1840 propter
341 1809 450 1839 peccata
462 1808 554 1831 nostra
563 1805 720 1831 vulneratus
731 1804 812 1831 est“.
821 1814 829 1829 ι
842 1804 917 1831 Sicut
928 1806 1008 1840 igitur

223 1850 295 1877 aries
311 1850 356 1877 ille
371 1857 420 1884 pro
435 1850 511 1877 Isaac
525 1850 632 1876 oblatus
645 1854 697 1881 est,
714 1851 751 1876 ita
764 1850 890 1878 Christus
911 1851 1008 1879 immo-

225 1896 297 1922 latus
312 1898 354 1922 est
373 1901 422 1929 pro
437 1895 516 1921 nobis
535 1895 672 1922 omnibus.

258 1987 436 2024 (95)Qu.r:s1'.
453 1987 556 2015 LXVII.
567 1987 637 2021 Quid
652 1993 694 2016 est
710 1989 782 2024 quod
799 1989 889 2024 inquit
912 1989 1007 2018 lsaac;

225 2043 235 2058 ο
254 2032 325 2060 Ecce
340 2033 408 2061 odor
421 2033 467 2060 lilii
481 2033 533 2060 mei
549 2034 620 2060 sicut
632 2033 699 2061 odor
711 2034 768 2069 agri
786 2035 893 2069 plenus,
907 2035 950 2062 cui
966 2036 1009 2062 be-

223 2079 331 2106 nedicat
350 2079 480 2106 Dominus
497 2083 543 2106 :et
553 2079 598 2106 det
610 2080 659 2107 tibi
672 2079 802 2107 Dominus
816 2079 850 2107 de
868 2088 930 2108 rore
946 2081 1007 2108 οωιὶ

222 2130 250 2151 et
263 2125 298 2152 de
309 2125 472 2160 pinguedine
489 2129 569 2152 teme
580 2130 606 2152 ct
618 2125 812 2152 abundantiam
832 2126 960 2153 frumenti
979 2130 1006 2154 et

222 2171 285 2202 olei,
297 2176 323 2198 et
338 2171 458 2198 serviant
474 2171 522 2197 tibi
537 2171 639 2206 populi,
658 2181 668 2198 ›
683 2171 788 2200 etc.”?

255 2216 336 2244 Rasr.
352 2219 423 2251 Ager
439 2221 480 2244 est
496 2217 613 2244 mundus
631 2226 637 2243 :
657 2225 702 2244 ros
723 2226 788 2245 vero
801 2219 861 2247 εωιῑ
877 2219 1006 2246 divinitas

222 2267 263 2290 est
288 2272 295 2289 :
316 2261 450 2297 pinguedo
466 2266 556 2289 autem
574 2267 653 2289 teme
664 2268 706 2290 est
722 2263 888 2291 humanitas.
904 2265 1005 2296 Quem-

223 2307 368 2334 admodum
388 2307 469 2342 igitur
495 2315 540 2334 ros
566 2308 674 2342 quidem
700 2308 873 2336 invisibiliter
893 2310 1006 2337 descen-

222 2353 262 2379 dit
281 2357 307 2380 et
335 2353 363 2379 in
387 2356 459 2379 terra
484 2353 637 2381 consistens
658 2358 786 2389 apparet,
803 2355 898 2382 eodem
927 2356 1006 2383 modo

223 2396 294 2424 Deus
319 2395 448 2427 Verbum.
472 2397 518 2432 qui
545 2398 690 2426 invisibilis
714 2404 765 2429 est,
782 2408 829 2434 per
845 2409 954 2428 carnem
977 2403 1003 2429 in

222 2446 294 2468 terra
316 2446 479 2477 conspectus
494 2447 546 2475 est,
560 2447 660 2470 etcum
681 2445 836 2473 hominibus
855 2454 1003 2475 conversa-

223 2492 278 2514 tus.
306 2487 481 2516 Frumentum
503 2497 569 2517 vero
592 2493 619 2517 et
643 2492 748 2521 vinum.
769 2499 1002 2522 sacramentorum

222 2535 375 2562 divinorum
399 2540 463 2562 sunt
491 2536 696 2571 aenigmataJit
722 2546 816 2566 omnes
840 2541 929 2575 populi
946 2549 1003 2569 scr-

223 2581 298 2606 viunt
315 2580 433 2609 Christo.

1060 216 1121 249 ἐμοί
1133 223 1140 247 ;
1159 225 1167 240 ι

1095 261 1190 288 Ἀπόκ.
1208 262 1245 288 Οὐ
1273 261 1318 288 δύο
1337 262 1420 296 λέγει,
1444 261 1533 293 καθώς
1554 270 1625 293 τινες
1650 262 1844 298 ὑπειλήφασιν,

1060 306 1119 332 οὐδὲ
1131 307 1176 334 τὸν
1190 307 1315 339 Κάῐν,ὠς
1328 308 1416 342 ἕτεροι
1434 307 1696 343 μεμυθολογίραισιν⁷
1709 308 1765 334 ἀλλ’
1782 308 1842 339 ἕνα,

1061 354 1108 379 καὶ
1121 353 1215 380 τοῦτον
1232 354 1307 380 νέον·
1327 363 1335 379 ί
1354 354 1435 390 ἄνδρα
1453 364 1462 380 ι
1485 355 1538 389 γὰρ
1555 363 1564 378 ι
1585 355 1624 385 εἰς
1638 354 1747 389 τραῦμα
1771 354 1844 388 ἐμοὶ,

1061 399 1107 425 καὶ
1120 399 1260 426 νεανίσκον
1272 400 1311 430 εἰς
1333 398 1453 434 μώλωπα
1467 399 1544 433 ἐμοί·
1563 408 1573 424 ›
1592 399 1740 432 τουτέστιν,
1759 399 1844 433 ἄνδρα

1061 445 1121 472 νέον
1147 445 1243 480 ἔχοντα
1270 445 1319 481 τὴν
1346 445 1462 480 ἠλικίαν.
1489 445 1606 479 Διέφυγε
1635 445 1663 470 δὲ
1689 445 1737 480 τὴν
1755 454 1844 480 τιμω-

1062 490 1122 526 ρίαν
1145 491 1189 517 διὰ
1214 491 1263 527 τὴν
1293 491 1436 526 ὁμολογίαν
1460 491 1510 525 τῆς
1533 490 1682 526 ἁμαρτίας,
1709 490 1755 516 καὶ
1781 490 1843 517 καθ’

1061 535 1156 562 ἑαυτοῦ
1175 535 1224 571 τὴν
1248 536 1337 572 ψῆφον
1359 529 1531 570 ἐπενεγκὼν,
1555 536 1603 572 τὴν
1625 536 1699 563 θείαν
1723 529 1843 563 ἐκώλυσε

1060 580 1158 616 ψῆφον.

1097 627 1193 663 Ἐρὼτ.
1208 627 1254 660 ξε’.
1271 627 1353 659 Τίνας
1377 627 1453 659 υἱοὺς
1472 622 1539 654 θεοῦ
1554 627 1686 662 κέκληκεν
1699 629 1713 654 ὁ
1729 624 1842 663 Μωσῆς,

1061 672 1163 699 εἰπών’
1186 682 1195 697 ‹
1217 672 1327 704 ’ἰδόντες
1348 673 1376 699 δὲ
1392 673 1443 699 υἱοὶ
1468 672 1514 699 τοῦ
1533 673 1599 699 Θεοῦ
1625 673 1674 705 τὰς
1692 673 1844 709 θυγατέρας

1061 718 1114 745 τῶν
1131 718 1289 754 ἀνθρώπων,
1308 718 1402 745 ἔλαϐον
1420 720 1524 751 ἑαυτοῖς
1541 721 1688 753 γυναῖκας;
1707 729 1716 745 ι

1095 763 1191 789 Ἀπόκ.
1201 763 1248 789 Ἐκ
1263 763 1312 797 μὲν
1325 763 1372 789 τοῦ
1386 763 1473 798 Ἀδὰμ
1491 763 1622 799 ἐγεννήθη
1637 765 1650 790 ὁ
1665 763 1718 799 Σήθ
1728 772 1734 778 ·
1749 764 1841 798 τρίτος

1061 809 1114 845 γὰρ
1128 807 1162 845 ἦν
1174 809 1227 835 ἀπὸ
1239 809 1286 835 τοῦ
1299 810 1381 836 Ἀὃελ
1391 819 1398 824 ·
1417 811 1449 836 ὲκ
1463 810 1491 836 δὲ
1505 810 1552 837 τοῦ
1565 810 1618 846 Σὴθ
1629 811 1643 836 ὁ
1657 810 1750 841 Ἐνώς.
1761 808 1844 841 Οὗτος

1059 857 1171 892 ἤλπισεν
1191 855 1378 882 ἐπικαλεῖσθαι
1403 856 1447 882 τὸν
1471 856 1572 892 Κύριον
1599 856 1646 882 καὶ
1671 856 1745 882 Θεόν.
1763 856 1844 882 Ὅθεν

1058 902 1083 928 ot
1098 903 1129 928 ὲκ
1140 900 1233 927 τούτου
1247 901 1422 936 γεννηθέντες
1435 901 1527 933 παῖδες
1543 902 1596 928 υἱοὶ
1610 902 1676 928 Θεοῦ
1693 902 1843 937 ἐχρημάτι-

1060 957 1119 980 σαν,
1137 947 1230 982 ὥσπερ
1244 948 1290 974 καὶ
1307 948 1387 983 ἡμεῖς
1400 949 1431 974 ὲκ
1445 948 1496 982 τῆς
1515 948 1561 974 τοῦ
1580 947 1708 974 δεσπότου
1724 947 1843 984 Χριστοῦ

1059 995 1243 1030 προσηγορίας
1258 995 1414 1030 Χριστιανοὶ
1430 994 1592 1030 καλούμεθα.
1614 995 1668 1021 Καὶ
1686 994 1739 1030 γὰρ
1757 993 1842 1029 κεχώ-

1060 1050 1134 1077 ριστο
1147 1042 1193 1068 τοῦ
1208 1041 1261 1076 Σὴθ
1276 1042 1307 1068 τὸ
1323 1041 1409 1076 γένος,
1422 1042 1467 1068 καὶ
1480 1042 1529 1067 οὐκ
1545 1042 1672 1077 ἐμίγνυτο
1682 1043 1737 1073 τοῖς
1750 1043 1782 1067 ἐκ
1796 1041 1843 1067 τοῦ

1060 1088 1127 1114 Κάῖν
1140 1087 1183 1113 διὰ
1197 1087 1245 1123 τὴν
1264 1088 1453 1122 ἐπενεχθεῖσαν
1469 1087 1543 1122 αὐτῷ
1559 1088 1634 1123 παρὰ
1651 1087 1697 1114 τοῦ
1710 1087 1776 1114 Θεοῦ
1791 1087 1844 1113 τῶν

1059 1133 1125 1159 ὅλων
1138 1133 1217 1168 ἀράν.
1231 1133 1312 1159 ’Ύστε
1318 1142 1362 1169 ρον
1375 1133 1420 1160 καὶ
1434 1133 1546 1165 εὐειδεῖς
1559 1133 1719 1168 θεασάμενοι
1732 1133 1780 1165 τὰς
1798 1133 1844 1159 θυ-

1059 1179 1177 1214 γατέρας
1193 1180 1242 1214 τῆς
1256 1179 1301 1205 τοῦ
1317 1180 1386 1205 Κάῖν
1406 1180 1574 1213 συγγενείας,
1591 1179 1638 1205 καὶ
1651 1179 1845 1214 καταθελχθέν-

1059 1232 1114 1255 τες,
1127 1223 1222 1249 ἔλαϐον
1238 1223 1321 1255 αὑτὰς
1338 1224 1443 1255 ἑαυτοῖς
1460 1225 1499 1255 εἰς
1513 1225 1654 1258 γυναῖκας,
1670 1225 1715 1250 καὶ
1728 1223 1844 1257 διέφθει-

1061 1278 1109 1305 ραν
1123 1269 1171 1304 τὴν
1188 1269 1291 1295 οἰκείαν
1306 1269 1476 1303 συγγένειαν.

1095 1313 1190 1350 Ἐρώτ.
1206 1314 1258 1346 ξς.
1280 1314 1310 1340 Τί
1330 1315 1344 1340 ὃ
1368 1315 1442 1349 λέγει
1455 1324 1462 1330 ·
1491 1325 1500 1341 ι
1518 1315 1682 1347 Ἀναϐλέψας
1706 1314 1842 1350 ’Δϐραὰμ,

1059 1360 1112 1388 εἶδε
1124 1370 1131 1376 ·
1153 1361 1199 1388 καὶ
1218 1361 1272 1388 ἰδοὺ
1293 1363 1368 1396 κριὸς
1393 1360 1434 1394 εἷς
1456 1363 1634 1398 κατεχόμενος
1649 1362 1702 1389 τῶν
1721 1362 1843 1397 κεράτων

1059 1407 1140 1434 αὑτοῦ
1153 1408 1182 1434 ἐν
1199 1407 1274 1442 φυτῷ
1291 1407 1379 1434 Σαὸἐκ
1391 1416 1398 1440 ;
1412 1418 1421 1433 ι

1095 1454 1186 1480 Ἀπόκ.
1203 1454 1286 1480 Φυτὺν
1311 1453 1399 1480 Σαϐὲκ
1415 1455 1428 1480 ὁ
1445 1454 1535 1489 τίμιός
1551 1455 1608 1481 ἐστι
1627 1455 1755 1490 σταυρὸς·
1773 1454 1843 1481 κατὰ

1059 1498 1086 1524 δὲ
1104 1497 1245 1533 Ἐϐραίους
1259 1497 1331 1524 δοκεί
1355 1498 1380 1523 τὸ
1398 1498 1485 1525 Σαϐὲκ
1499 1499 1620 1533 ἀφέσεως
1636 1500 1682 1526 καὶ
1700 1500 1843 1534 συγχωρή-

1059 1552 1137 1575 σεως.
1157 1544 1185 1570 Ὀ
1196 1544 1224 1570 δὲ
1235 1544 1263 1570 ἐν
1276 1543 1314 1579 τῷ
1325 1544 1412 1570 Σαϐὲκ
1422 1544 1461 1579 τῷ
1475 1544 1550 1579 φυτῷ
1562 1545 1741 1579 κατεχόμενος
1754 1545 1841 1579 κριὸς,

1057 1589 1130 1620 ὅστις
1141 1589 1189 1615 καὶ
1208 1590 1247 1620 είς
1261 1589 1355 1615 θυσίαν
1370 1589 1585 1625 προσήχθηάντὶ
1596 1590 1699 1621 Ἰσαὰκ,
1715 1590 1759 1616 τὸν
1776 1591 1843 1626 Χρι-

1059 1635 1120 1661 στὸν
1137 1634 1300 1670 προετύπου,
1309 1634 1354 1661 τὸν
1367 1635 1579 1670 προσενεχθέντα
1593 1635 1661 1671 ὑπὲρ
1674 1636 1752 1671 ἡμῶν
1766 1636 1843 1671 ᾶμωα

1059 1689 1108 1715 μον
1133 1681 1240 1716 ἱερεῖον,
1256 1681 1303 1707 καὶ
1325 1680 1354 1707 ἐν
1375 1680 1414 1716 τῷ
1432 1681 1540 1717 σταυρῷ
1556 1682 1669 1709 θάνατον
1689 1682 1843 1709 ὑποστάντα

1057 1725 1149 1752 ἕνεκεν
1163 1726 1250 1761 ἡμῶν.
1268 1735 1276 1751 ι
1294 1725 1338 1761 Τῷ
1351 1726 1405 1762 γὰρ
1423 1726 1535 1761 μώλωπι
1550 1727 1632 1754 αὑτοῦ
1647 1729 1726 1763 ἡμεῖς
1743 1729 1843 1760 πάντες

1060 1771 1189 1806 ίάθημεν,
1208 1781 1217 1797 ι
1241 1772 1321 1805 φησὶν
1341 1771 1452 1804 Ἡσαΐας
1463 1792 1470 1804 ,
1487 1782 1496 1797 ί
1513 1773 1559 1799 καὶ
1575 1773 1639 1808 περὶ
1654 1773 1731 1808 ἡμῶν
1750 1773 1844 1800 ὀδυνᾶ-

1058 1825 1111 1848 ται,
1127 1817 1174 1843 καὶ
1195 1817 1398 1852 ὲτραυματίσθη
1424 1817 1469 1843 διὰ
1492 1817 1541 1849 τὰς
1566 1818 1700 1853 ἁμαρτίας
1719 1819 1810 1854 ἡμῶν.
1830 1829 1839 1844 ι

1058 1861 1164 1897 Ὥσπερ
1183 1861 1198 1886 ὁ
1215 1862 1291 1897 κριὸς
1309 1863 1412 1894 ἐκεῖνος
1429 1860 1476 1889 οὖν
1502 1863 1642 1899 προσήχθη
1660 1864 1720 1890 ἀντὶ
1737 1865 1841 1897 Ἰσαὰκ,

1057 1907 1127 1933 οὕτω
1154 1908 1200 1934 καὶ
1224 1908 1238 1934 ὁ
1263 1907 1379 1943 Χριστὸς
1403 1908 1542 1944 προσήχθη
1562 1909 1631 1944 ὑπὲρ
1657 1909 1735 1944 ἡμῶν
1754 1911 1842 1937 ἁπάν-

1058 1959 1122 1978 των.

1093 1995 1189 2032 Ἐρώτ.
1206 1996 1253 2030 ξζν.
1268 1997 1300 2024 Τί
1314 1997 1387 2032 λέγει
1403 1999 1417 2025 ὁ
1432 1998 1536 2031 Ἰσαὰκ,
1547 1999 1588 2026 ὅτι
1604 2009 1614 2025 ι
1629 2000 1695 2027 Ἰδοὺ
1709 2001 1780 2036 ὀσμὴ
1795 2001 1842 2027 τοῦ

1058 2043 1115 2070 υίοῦ
1130 2051 1181 2078 μου
1198 2043 1234 2074 ὡς
1249 2044 1321 2079 ὀσμὴ
1339 2044 1424 2079 ἀγροῦ
1441 2045 1564 2081 πλήρης,
1578 2046 1607 2072 ὃν
1620 2046 1766 2081 εὐλογῆσαι
1784 2047 1842 2073 Κύ-

1060 2098 1130 2124 ριος,
1153 2089 1199 2116 καὶ
1222 2089 1276 2125 δῴη
1297 2098 1337 2116 σοι
1360 2090 1462 2126 Κύριος
1481 2091 1535 2118 ἀπὸ
1554 2092 1604 2127 τῆς
1619 2092 1714 2127 δρόσου
1734 2092 1780 2119 τοῦ
1796 2093 1842 2119 οὺ-

1059 2134 1139 2169 ρανοῦ
1165 2135 1212 2161 καὶ
1232 2135 1286 2161 ἀπὸ
1310 2135 1359 2170 τῆς
1380 2135 1506 2171 πιότητος
1528 2137 1577 2172 τῆς
1596 2137 1662 2172 γῆς.
1677 2138 1725 2164 καὶ
1742 2138 1842 2173 πλῆθος

1023 2187 1045 2215 ι)
1060 2180 1132 2206 σίτου
1142 2180 1189 2205 καὶ
1195 2179 1277 2212 οἴνου,
1293 2180 1340 2207 καὶ
1346 2180 1566 2209 δουλευσάτωσάν
1579 2191 1619 2209 σοι
1632 2183 1706 2218 ἔθνη,
1725 2193 1735 2210 ›
1747 2185 1794 2211 καὶ
1809 2184 1842 2211 τὰ

1058 2226 1131 2260 ἑξῆς.

1092 2271 1186 2298 Ἀπόκ.
1199 2271 1296 2307 Ἀγρὸς
1306 2273 1379 2300 ἐστιν
1393 2274 1407 2299 ὁ
1419 2273 1519 2309 κόσμος
1531 2283 1537 2289 ·
1549 2274 1642 2310 δρόσος
1653 2275 1680 2302 δὲ
1691 2275 1804 2311 οὐρανοῦ
1823 2277 1840 2311 ή

1057 2316 1151 2352 θεότης
1158 2325 1164 2331 ”
1173 2317 1267 2352 πιότης
1275 2317 1304 2344 δὲ
1310 2319 1415 2353 τῆςγῆς
1423 2320 1439 2353 ή
1447 2319 1631 2354 ἀνθρωπότης.
1640 2320 1743 2356 Ὥσπερ
1751 2321 1841 2347 τοίνυν

1056 2363 1073 2397 ἡ
1091 2362 1185 2398 δρόσος
1199 2363 1248 2398 μὲν
1261 2364 1384 2398 ἀοράτως
1397 2364 1511 2394 κάτεισι.
1525 2366 1599 2392 κάτω
1614 2366 1642 2392 δὲ
1660 2367 1839 2402 συνισταμένη

1057 2409 1160 2442 γίνεται
1181 2409 1247 2444 δήλη
1262 2418 1268 2424 ·
1285 2409 1371 2442 οὕτως
1384 2411 1498 2446 ἀόρατος
1512 2411 1549 2439 ὢν
1561 2414 1575 2439 ὁ
1590 2412 1655 2445 Θεὸς
1676 2414 1778 2447 Λόγος,
1797 2413 1840 2440 διὰ

1056 2455 1106 2489 τῆς
1127 2453 1226 2489 σαρκὸς
1242 2454 1288 2480 ἐπὶ
1302 2454 1353 2488 τῆς
1369 2455 1421 2489 γῆς
1436 2455 1512 2491 ὤφθη
1524 2475 1532 2488 ,
1549 2457 1596 2483 καὶ
1611 2458 1666 2488 τοῖς
1687 2457 1840 2493 ἀνθρώποις

1057 2500 1269 2536 συνανεστράφη.
1287 2500 1342 2527 Kal.
1359 2501 1373 2526 ὁ
1389 2503 1461 2532 σῖτος
1475 2501 1502 2527 δὲ
1517 2503 1564 2528 καὶ
1578 2504 1592 2529 ὁ
1608 2500 1677 2534 οἶνος
1693 2503 1747 2530 τῶν
1760 2503 1839 2530 θείων

1058 2545 1212 2581 μυστηρίων
1229 2545 1385 2580 αἰνίγματα.
1400 2547 1558 2574 Δουλεύουσι
1574 2549 1662 2575 πάντα
1678 2548 1712 2575 τὰ
1721 2548 1786 2584 ἔθνη
1799 2548 1838 2584 τῷ

1055 2591 1176 2627 Χριστῷ.

255 2683 278 2701 ⁸⁵
296 2682 393 2711 Genes.
413 2691 454 2717 iv,
471 2683 515 2711 ‘25.
554 2686 577 2701 η
595 2685 663 2714 Gen.
676 2694 713 2717 νι.
733 2686 759 2714 2.
798 2687 819 2703 ⁸⁷
839 2687 939 2716 Genes.
958 2697 1030 2721 xxu,
1051 2691 1093 2717 l3.
1132 2691 1154 2707 "
1174 2691 1302 2724 Ismuu,
1321 2693 1347 2720 5.
1385 2692 1407 2709 "
1426 2693 1523 2721 Cenes.
1544 2703 1633 2728 xxvii,
1651 2695 1695 2722 Ξῖ.

255 2771 493 2810 (Millgvicﬂuazst.
519 2773 615 2801 similis
630 2779 672 2810 εδει
686 2776 720 2801 57
735 2777 770 2803 ad
785 2777 952 2810 Antiochum,
973 2781 1000 2806 ct

220 2805 320 2838 Quaest.
337 2807 371 2834 47
389 2806 551 2835 Theodoreti
573 2810 599 2836 in
621 2809 742 2837 Genesi".

1091 2779 1144 2816 (1)5)
1158 2780 1224 2808 Vide
1235 2785 1330 2816 quaest.
1349 2782 1382 2809 82
1396 2782 1557 2811 Theodoreli
1573 2784 1598 2810 in
1614 2783 1705 2811 (2mm.
