1940 3068
90 124 138 151 ἩΙ

638 122 981 153 INTERPRETATIONES
999 123 1043 152 EX
1063 125 1093 152 V.
1114 123 1146 152 τ.

1658 123 1708 154 742

126 182 221 218 Ἐρώτ.
247 183 296 218 ξη’.
313 183 345 209 Τί
361 183 451 218 δηλοῖ,
476 183 517 209 ὅτι
539 183 633 210 ἐλαϐεν
656 185 670 210 ὁ
687 183 784 210 Ἰακὼϐ
800 186 873 220 τρεῖς

957 184 1067 216 Quaest.
1081 184 1194 211 LXVIII.
1209 183 1278 217 Quid
1294 192 1342 220 per
1360 185 1426 212 illud
1443 185 1620 221 signiﬁcatur.
1634 187 1706 222 quod

90 229 216 266 ῥάϐδους,
227 229 333 264 χλωρὰν
349 229 522 264 στυρακίνην,
535 230 580 256 καὶ
593 230 733 265 καρυῖνην,
745 230 792 257 καὶ
807 230 874 257 πλα-

89 275 195 307 τανιαν,
209 275 256 302 καὶ
269 275 322 310 (44)
340 275 484 302 ὲλέπτυνεν
498 275 584 307 αὐτάς
596 284 603 308 ;

123 332 221 359 Ἀπόκ.
238 332 271 358 Αἱ
284 332 360 367 τρεῖς
375 332 466 367 ράὁδοι
485 331 656 368 συμϐολικῶς
672 333 740 359 εἰσιν
757 332 784 358 αἱ
801 334 875 368 τρεῖς

88 378 218 413 δυνάμεις
238 378 287 413 τῆς
308 377 410 413 ψυχῆς,
423 378 453 404 τὸ
473 378 590 412 λογικδν,
608 378 696 404 καὶτὸ
713 377 874 413 ἐπιθυμητι-

89 424 155 456 κδν,
171 424 218 450 καὶ
232 424 262 450 τὸ
279 423 445 459 θυμητικόνσ
463 424 523 460 ἢτοι
539 425 566 451 αἱ
586 425 660 460 τρεῖς
679 424 804 460 θεωρίαι,
821 424 875 450 τῶν

90 471 242 506 σωμάτων,
261 470 313 496 τῶν
335 469 501 505 ἀσωμάτων,
520 469 630 504 καὶτῆς
643 469 722 503 ἁγίας
745 469 873 505 Τριάδος·

89 515 150 549 ἤτοι
167 513 282 548 γενικῶς
296 514 312 548 ἡ
328 513 466 548 πρακτικὴ
482 513 525 539 διὰ
541 513 588 549 τῆς
602 514 750 549 καρυῖνης,
773 515 789 549 ἡ
806 513 874 540 θεω-

89 560 190 596 ρητικὴ
213 560 241 586 δὲ
265 560 308 586 διὰ
332 559 380 594 τῆς
401 559 582 595 στυρακίνης·
603 559 646 586 διὰ
662 559 690 586 δὲ
706 560 754 594 τῆς
773 560 875 587 πλατά-

87 614 135 632 νου
154 605 200 632 τὸν
223 605 324 640 κόσμον
346 604 439 631 τοῦτον
460 606 506 631 καὶ
521 605 570 641 τὴν
585 605 701 640 θεωρίαν
717 605 798 632 αὐτοῦ
817 606 875 641 ῄνί-

89 651 164 683 ξατο.

125 695 222 731 Ἐρώτ.
241 694 287 727 ξθ’.
303 695 381 726 Τίνος
405 695 484 730 χάριν
505 696 520 721 ὀ
535 694 633 721 Ἰακὼὸ
655 695 808 730 ἀναϐλέψας
822 693 874 722 εἶδε

88 741 265 777 παρεμϐολὴν
281 740 346 767 Θεοῦ
364 740 613 776 παραῦεσληκύῖαν,
627 741 674 767 καὶ
693 739 767 767 εἶπε’
780 751 788 766 ε
801 741 875 777 Παρ-

87 795 101 812 ε
106 786 192 822 μΰολὴ
206 785 273 812 Θεοῦ
287 785 354 821 αὓτη
368 794 375 817 ;
394 795 404 812 ι

125 843 220 869 Ἂπῦκ.
239 843 288 869 Διὰ
304 842 381 868 τοῦτο
396 843 411 878 ἡ
430 841 588 878 παρεμϐολὴ
604 842 658 869 τῶν
672 843 795 878 ἀγγέλων
809 848 873 878 φαι-

87 897 164 915 νεται
181 888 220 923 τῷ
233 887 330 915 Ἰακὼϐ
341 908 348 919 ,
362 888 405 914 ἵνα
419 887 558 924 θαρσήσῃ,
575 888 620 914 καὶ
646 888 683 924 μὴ
702 889 805 925 φοϐηθῇ
827 890 872 916 τὸν

88 931 203 967 ἀδελφὸν
223 932 304 959 αὑτοῦ
324 932 419 959 Ἠσαῦ.
438 932 577 958 Ἐϐούλετο
590 932 645 968 γὰρ
672 934 686 959 ὁ
703 933 788 960 Ἡσαῦ
805 934 873 960 ἀπο-

87 981 194 1005 κτεῖναι
207 979 286 1005 αὐτὸν
298 999 305 1011 ,
322 978 368 1005 καὶ
382 978 425 1004 διὰ
446 978 526 1004 τοῦτο
541 978 671 1005 ἐπάλαισε
687 979 734 1006 καὶ
751 980 810 1014 μετ’
826 980 874 1014 ἀγ-

87 1025 179 1060 γέλου,
194 1025 241 1051 καὶ
256 1023 331 1052 εἶπεν
345 1024 418 1060 αὺτῷ
431 1024 445 1050 ὁ
459 1024 586 1059 ἄγγελος⁸
608 1033 617 1050 ι
635 1024 701 1060 Ἐμὲ
719 1026 874 1061 νενίκηκας,

87 1071 137 1098 καὶ
153 1071 294 1107 ἄνθρωπον
309 1070 439 1103 δέδοικας;
457 1080 466 1095 ι
485 1070 554 1104 ἔγνω
569 1070 596 1097 δὲ
612 1071 654 1097 ὅτι
670 1070 714 1097 τὸν
737 1071 802 1097 Θεὸν
818 1071 874 1107 ἔχει

89 1115 199 1151 βοηθόν.

126 1160 222 1196 Ἐρώτ.
240 1163 272 1187 ο’.
289 1159 321 1186 Τί
335 1160 410 1186 ἐστιν
431 1170 439 1185 ι
461 1159 583 1196 Σκύμνος
599 1160 705 1193 λέοντος
721 1161 806 1188 Ἰούδα
820 1181 826 1193 ,
842 1162 874 1188 ἐκ

89 1205 216 1240 βλαστοῦ,
239 1205 279 1231 υἱέ
296 1213 344 1240 μου
355 1223 364 1236 ,
385 1205 484 1240 ἀνέὸης
495 1225 502 1237 ,
519 1205 662 1232 ἀναπεσὼν
678 1206 826 1242 ἐκοιμήθης
837 1206 874 1238 ὡς

88 1249 169 1281 λέων,
190 1259 200 1275 ι
214 1250 260 1276 καὶ⁸
272 1250 307 1276 τὰ
324 1249 386 1284 ἑξῆς
400 1258 407 1282 ;

131 1296 225 1322 Ἀπόκ.
239 1296 322 1322 Τοῦτο
338 1296 469 1331 ἁρμόττει
491 1297 537 1323 ἐπὶ
559 1297 604 1323 τοῦ
623 1297 751 1333 Χριστοῦ.
770 1298 874 1333 ’Ὠσπερ

88 1342 143 1377 γὰρ
157 1342 172 1368 ὀ
188 1342 256 1368 λέων
273 1342 320 1368 καὶ
342 1341 479 1368 καθεύδων
507 1342 622 1378 φοϐερός
650 1345 733 1374 ἐστιν,
753 1343 838 1375 οὕτως
859 1344 874 1369 ὀ

86 1388 246 1419 δεσποτικὸς
259 1387 370 1419 Θάνατος
396 1389 510 1424 φοϐερὸς
534 1389 581 1415 καὶ
598 1388 636 1423 τῷ
653 1388 758 1424 θανάτῳ
775 1389 821 1415 καὶ
835 1389 874 1424 τῷ

86 1434 213 1469 διαϐόλῳ.
227 1434 327 1460 Λέοντα
343 1434 370 1460 δὲ
380 1434 461 1461 αὐτὸν
474 1434 586 1461 ἐκάλεσε
598 1434 645 1461 καὶ
662 1434 780 1470 σκύμνον
796 1435 872 1462 λέον-

86 1489 132 1511 τος
148 1481 187 1513 ὡς
204 1479 315 1515 βασιλέα
331 1480 375 1506 καὶ
391 1479 428 1512 ὡς
443 1480 574 1515 βασιλέως
596 1481 662 1507 υἱόν.
681 1480 717 1507 Τὸ
739 1480 778 1512 δὲ,
797 1489 805 1506 ε
826 1480 873 1512 Τίς

87 1528 179 1562 ἐγερεῖ
195 1525 294 1559 αὑτόν;
317 1535 326 1551 ›
338 1526 387 1561 τὴν
401 1527 503 1560 ἄφατον
516 1526 598 1552 αὑτοῦ
615 1526 733 1552 δείκνυσι
747 1526 870 1561 δύναμιν.
887 1545 908 1574 c

88 1571 175 1603 Αὐτὸς
189 1571 242 1606 γὰρ
257 1571 352 1598 ἑαυτὸν
365 1571 495 1606 ἀνέστησε
509 1571 579 1597 κατὰ
596 1571 644 1606 τὴν
656 1570 737 1597 αὑτοῦ
752 1571 874 1607 πρόρρη-

89 1626 131 1644 σιν
152 1625 159 1632 °
175 1616 241 1652 φησὶ
258 1617 327 1652 γάρ·
349 1625 358 1642 ι
381 1616 486 1643 Λύσατε
512 1617 556 1643 τὸν
575 1617 638 1643 ναὸν
662 1616 766 1648 τοῦτον,
781 1618 826 1643 καὶ
847 1618 876 1643 ἐν

87 1662 178 1698 τρισὶν
188 1662 304 1698 ἡμέραις
317 1662 405 1697 ἐγερῶ
420 1662 509 1689 αὐτόν.
526 1672 534 1687 ι

129 1707 225 1744 Ἐρώτ.
242 1711 292 1734 oa’.
308 1707 339 1733 Τί
351 1709 407 1734 ἐστι
419 1716 425 1722 ·
445 1717 454 1732 ι
465 1707 610 1742 Δεσμεύων
620 1707 688 1743 πρὸς
698 1707 818 1743 ἄμπελον
830 1708 875 1734 τὸν

88 1753 178 1780 πῶλον
194 1752 289 1784 αὐτοῦ,
304 1753 352 1779 καὶ
377 1754 410 1788 τῇ
437 1752 505 1779 ἕλικι
519 1753 565 1779 τὸν
583 1752 670 1781 πῶλον
685 1753 735 1787 τῆς
755 1753 815 1780 ὖνου
827 1754 875 1780 αὺ-

87 1799 135 1827 τοῦ
148 1808 172 1833 go

129 1857 224 1884 Ἀπόκ.
243 1857 378 1892 Ἄμπελον
392 1857 441 1892 μὲν
457 1857 505 1893 τὴν
524 1857 701 1893 Ἰερουσαλὴμ
712 1857 785 1892 λέγει
795 1867 801 1872 ·
816 1859 874 1885 πῶ-

87 1902 132 1928 λον
151 1901 179 1928 δὲ
192 1902 237 1928 τὸν
252 1902 281 1934 ἐξ
296 1902 377 1928 ἐθνῶν
394 1902 466 1935 λαὸν,
487 1902 525 1934 ὡς
538 1902 703 1937 ὰόάμαστον.
720 1903 804 1930 Τοῦτο
820 1904 874 1939 γὰρ

88 1947 135 1973 καὶ
151 1948 165 1973 ὁ
177 1947 277 1983 Κύριος
288 1947 406 1983 ὴνίξατο,
421 1948 582 1980 ἀποστείλας
594 1949 657 1980 τοὺς
673 1949 795 1985 μαθητὰς
807 1950 874 1986 πρὸς

86 1993 117 2019 τὸ
131 1992 210 2019 λῦσαι
224 1992 272 2028 τὴν
288 1993 346 2020 ὄνον
356 1994 456 2020 καὶτὸν
469 1994 568 2027 πῶλον,
579 1995 621 2029 ἐφ’
634 1991 656 2028 ᾧ
670 1995 757 2026 οὐδεὶς
771 1995 875 2031 ἀνθρώ-

86 2046 146 2065 πων
169 2038 306 2066 ἐκάθισεν.
329 2039 396 2066 Οὔτε
422 2038 602 2075 πατριᾶρχης,
632 2040 694 2066 οὕτε
714 2040 872 2076 νομοθέτης,

86 2085 149 2112 οὔτε
164 2085 305 2121 προφήτης
314 2085 367 2112 τῶν
383 2085 466 2112 ἐθνῶν
482 2087 622 2122 ἐφρόντισε
639 2087 789 2123 σωτηρίας·
805 2088 873 2114 ἀπό-

87 2131 177 2159 στολοι
192 2131 407 2167 προσταχθέντες
422 2132 518 2159 ἔλυσαν
530 2132 579 2168 τὴν
592 2133 647 2160 τῶν
657 2133 808 2169 ἀνθρώπων
821 2134 872 2168 φύ-

87 2186 140 2210 σιν,
154 2178 300 2214 δεδεμένην
319 2179 379 2210 ταῖς
399 2178 558 2213 ἁμαρτίαις,

924 227 1008 255 Iacob
1031 232 1086 256 tres
1115 229 1206 264 virgas
1236 229 1342 264 accepit
1363 239 1369 255 :
1391 230 1556 264 styracinam
1580 231 1704 261 viridem,

924 281 1049 305 nuceam,
1064 277 1092 300 et
1100 281 1132 300 ex
1149 273 1277 308 platanis,
1289 277 1316 300 ct
1331 273 1510 301 decorticavit
1524 281 1571 302 eas
1582 274 1624 301 νοῒ

959 329 1039 357 Rssr.
1056 329 1123 356 Tres
1138 329 1231 364 virgae,
1242 330 1401 365 symbolice,
1419 334 1482 357 sunt
1497 334 1553 358 tres
1566 330 1723 358 facultatcs'

925 375 1031 407 animm,
1060 376 1221 407 rationalis,
1247 375 1393 410 appetitiva
1415 381 1442 403 et
1464 377 1636 404 irascibilis:
1667 378 1708 404 \‘cl

924 425 980 448 tres
1002 421 1261 455 contemplationes;
1285 429 1441 456 corporum,
1465 430 1558 450 rerum
1581 423 1709 458 incorpo-

925 474 1043 498 rearum,
1059 470 1086 493 et
1101 474 1185 494 sacra:
1209 465 1317 493 Triadis
1335 476 1340 493 :
1359 467 1400 494 vel
1417 468 1578 501 generaliter
1595 475 1642 503 per
1657 476 1708 494 nu-

924 521 999 540 ccam
1015 513 1130 548 virgam,
1146 513 1260 540 activam
1272 512 1372 545 vitam;
1384 520 1431 547 per
1449 513 1625 548 styracinam,
1642 521 1708 540 con-

926 558 1123 594 templativam,
1135 562 1162 585 et
1173 565 1220 592 per
1234 565 1293 584 eam
1305 565 1365 592 quaz
1376 565 1408 583 cx
1420 557 1537 592 platanis
1548 562 1617 590 crat,
1629 566 1693 584 mun
1702 571 1708 575 -

925 604 988 631 dum
1006 604 1078 631 hunc
1093 607 1120 631 et
1134 603 1194 637 ejus
1210 603 1466 637 contemplationem
1484 603 1583 630 innuit.

960 690 1070 723 Qussr.
1094 688 1187 717 LXIX.
1204 688 1294 722 Quare
1306 695 1390 715 ,που
1411 688 1561 722 respiciens
1579 688 1648 715 vidit
1663 696 1709 715 οτι-

925 741 981 764 stra
997 737 1042 764 Dei
1058 737 1155 772 posita,
1169 739 1195 762 et
1206 735 1273 762 dixit
1290 744 1296 761 :
1315 744 1324 760 ‹
1337 736 1432 762 Castra
1443 734 1488 762 Dei
1507 735 1563 762 haec
1573 740 1636 762 sunt
1646 736 1686 762 ἰε
1696 746 1705 760 ι

960 831 1041 859 str.
1068 839 1119 858 oeo
1135 835 1265 866 apparent
1277 831 1363 858 .acob
1382 831 1540 866 angelorum
1556 835 1656 863 castra,
1679 836 1708 859 ut

889 873 909 901 Β
923 878 1047 905 considat
1070 881 1097 904 et
1121 885 1173 903 non
1200 876 1292 903 timeat
1318 876 1429 904 fratrem
1447 884 1526 904 suum
1543 877 1624 904 Esau.
1644 877 1708 904 Erat

923 924 994 951 enim
1018 923 1162 950 consilium
1188 921 1259 950 Esau
1289 921 1378 956 ipsum
1403 923 1537 949 occidere.
1552 922 1613 949 ldeo
1635 923 1707 949 cnim

924 977 984 997 cum
1003 969 1098 1003 angelo
1120 971 1235 995 Iuctatus
1258 972 1308 999 est,
1321 967 1367 1002 qui
1388 967 1455 995 dixit
1477 968 1501 995 ei
1519 977 1526 994 :
1545 977 1553 993 ι
1568 968 1609 996 llle
1624 968 1706 998 victo.

923 1022 988 1041 num
1015 1014 1152 1041 hominem
1173 1014 1288 1041 times?)
1306 1015 1487 1048 cognoscebat
1499 1022 1564 1042 vero
1581 1023 1609 1042 se
1623 1013 1707 1042 Deum

923 1061 1023 1088 habere
1039 1060 1202 1094 adjutorem.
1600 1058 1603 1062 ”

960 1161 1016 1197 (96)
1031 1161 1140 1195 ρυλες-ι.
1154 1161 1235 1188 LXX.
1248 1160 1383 1194 Quidnam
1399 1163 1456 1188 est:
1468 1159 1601 1188 «Catulus
1621 1160 1708 1188 leonis

923 1207 1002 1239 Juda.
1014 1207 1047 1235 de
1058 1208 1190 1243 germine,
1202 1208 1237 1234 lili
1248 1207 1297 1239 mi,
1314 1207 1471 1240 ascendisti,
1482 1207 1646 1235 accumbens
1660 1207 1709 1235 ob-

923 1253 1087 1284 dormivisti,
1101 1257 1130 1279 ut
1142 1253 1194 1285 leo,
1217 1262 1226 1279 ι
1241 1256 1295 1280 etc.
1314 1253 1336 1268 "
1349 1253 1361 1279 ?

959 1299 1041 1335 269
1053 1298 1133 1327 RESp.
1142 1298 1198 1325 Hoc
1210 1299 1320 1326 Christo
1332 1299 1466 1334 congruit.
1476 1298 1707 1331 Quemadmodum

924 1346 995 1372 enim
1014 1346 1056 1372 leo
1070 1345 1150 1372 etiam
1160 1352 1222 1372 cum
1238 1344 1339 1372 dormit
1351 1345 1482 1372 terribilis
1494 1349 1536 1372 est
1551 1352 1558 1370 :
1571 1345 1612 1372 sic
1625 1345 1707 1372 etiam

924 1397 999 1417 mors
1017 1389 1157 1416 Dominica
1171 1390 1268 1417 terrori
1276 1393 1319 1417 est
1335 1393 1393 1416 tum
1411 1389 1503 1422 morti,
1522 1393 1580 1416 tum
1597 1389 1707 1417 diabolo

924 1443 1041 1470 qttoque.
1054 1434 1173 1463 Leonem
1185 1443 1250 1463 vero
1262 1435 1350 1470 ipsum
1373 1439 1400 1462 et
1414 1435 1534 1462 catulum
1551 1436 1638 1463 leonis
1657 1443 1707 1463 vo-

924 1481 996 1507 cavit
1012 1484 1140 1514 tanquam
1152 1488 1242 1515 regem
1258 1486 1284 1508 et
1299 1485 1428 1516 tanquam
1444 1481 1518 1516 regis
1534 1482 1631 1508 tilium.
1649 1481 1708 1509 Hoc

924 1533 1007 1553 vero:
1023 1535 1032 1552 ‹
1053 1525 1120 1559 Quis
1137 1527 1266 1554 excitabit
1280 1526 1363 1555 eum?
1379 1536 1388 1553 ›
1408 1527 1572 1554 inell'abilem
1589 1527 1648 1562 ejus
1660 1535 1708 1562 po-

926 1573 1038 1599 tentiam
1060 1573 1190 1600 declarat.
1211 1572 1277 1600 Nam
1295 1573 1353 1608 ipse
1368 1573 1545 1607 semetipsum
1567 1573 1706 1604 excitavit,

925 1619 997 1646 sicut
1010 1619 1068 1653 ipse
1082 1619 1219 1653 praedixit,
1235 1625 1296 1646 cum
1313 1618 1403 1653 inquit
1420 1628 1448 1645 τι
1462 1618 1564 1645 Solvite
1577 1619 1707 1654 templum

925 1664 987 1695 hoc,
1003 1669 1030 1691 et
1046 1664 1073 1691 in
1087 1664 1175 1692 tribus
1186 1663 1282 1691 diebus
1296 1664 1422 1693 exatabo
1435 1663 1501 1691 illud
1517 1664 1553 1691 ".
1567 1673 1577 1690 ι

960 1710 1069 1744 ρυεετ.
1088 1710 1181 1738 LXXI.
1208 1710 1277 1744 Quid
1295 1715 1338 1738 est
1354 1710 1423 1738 illud
1441 1720 1448 1738 :
1465 1721 1474 1736 ι
1489 1710 1590 1746 Ligans
1610 1711 1644 1738 ad
1667 1711 1706 1739 vi-

925 1764 1003 1783 neam
1031 1757 1134 1792 pullum
1157 1765 1249 1790 suum,
1270 1760 1297 1784 et
1323 1756 1358 1784 ad
1387 1756 1469 1784 vitem
1495 1757 1599 1792 pullum
1623 1757 1707 1785 asiam

924 1810 980 1830 suae
990 1802 1012 1818 "
1024 1802 1035 1828 ?
1045 1812 1054 1827 ι

961 1859 1041 1887 Resp.
1060 1859 1169 1887 Vineam
1188 1860 1297 1895 quidem
1324 1860 1486 1892 Jerusalem,
1510 1860 1613 1895 pullum
1638 1868 1705 1888 vero

924 1909 1004 1932 vocat
1019 1905 1147 1940 populum
1163 1906 1208 1941 qui
1225 1910 1268 1934 est
1282 1914 1314 1934 cx
1329 1907 1466 1942 gentibus,
1483 1911 1612 1942 tanquam
1627 1907 1705 1934 indo-

924 1952 1030 1978 mitum.
1043 1951 1099 1979 Hoc
1112 1959 1229 1987 namque
1243 1952 1374 1981 Dominus
1394 1961 1503 1988 quoque
1525 1954 1705 1985 adumbravit,

923 1996 1017 2023 missis
1032 1996 1175 2032 discipulis
1201 1997 1235 2024 ad
1248 1998 1407 2025 solvendam
1424 1999 1529 2026 asinam
1544 2003 1571 2026 et
1590 1999 1705 2034 pullum.

924 2048 1006 2075 super
1015 2048 1096 2076 quem
1108 2041 1196 2068 adhuc
1215 2041 1307 2069 nullus
1318 2042 1459 2070 hominum
1475 2043 1601 2075 sedisset,
1614 2043 1707 2070 nullus

924 2086 1050 2114 videlicet
1064 2087 1230 2122 patriarcha,
1249 2096 1299 2116 nec
1314 2088 1453 2124 legislator
1470 2089 1511 2116 vel
1525 2090 1655 2124 propheta
1673 2089 1707 2116 de

924 2132 1011 2159 salute
1022 2132 1142 2167 gentium
1153 2133 1293 2168 cogitavit,
1306 2134 1353 2161 sed
1369 2134 1483 2168 apostoli
1502 2134 1535 2160 ad
1547 2134 1573 2160 id
1586 2133 1705 2161 ordinati

924 2178 1064 2205 solverunt
1084 2177 1230 2204 humanam
1255 2182 1392 2211 naturam,
1415 2178 1535 2213 peccatis
1556 2178 1704 2213 alligatam.

127 2233 224 2270 Ἐρώτ.
238 2233 286 2269 οβ’.
305 2234 337 2261 Τί
352 2235 425 2261 ἐστιν
452 2234 466 2259 ὃ
491 2234 578 2268 λέγει·
598 2244 607 2260 ε
636 2235 732 2262 Πλυνεί
749 2235 779 2262 ἐν
809 2235 872 2270 οἴνῳ

960 2235 1071 2268 ρῠιετ,
1088 2235 1192 2263 LXXII.
1219 2235 1288 2268 Quid
1307 2239 1349 2262 est
1374 2235 1446 2270 quod
1461 2235 1527 2262 dicit
1543 2243 1549 2261 :
1565 2244 1574 2260 ε
1593 2234 1706 2262 Lavabit

85 2281 136 2316 τὴν
154 2280 250 2316 στολὴν
262 2281 354 2311 αὑτοῦ,
369 2281 417 2307 καὶ
431 2282 461 2307 ὲν
475 2281 570 2316 αἵματι
587 2281 722 2318 σταφυλῆς
734 2282 782 2318 τὴν
794 2290 873 2318 περι-

86 2327 168 2362 ϐολὴν
181 2327 274 2358 αὐτοῦ,
290 2336 299 2352 ι
317 2328 364 2353 καὶ
379 2327 414 2353 τὰ
428 2327 506 2362 ἑξῆς

128 2384 222 2410 ’Δπύκ.
249 2384 290 2410 Τὰ
312 2384 382 2411 κατὰ
397 2384 444 2411 τοῦ
461 2384 563 2416 πάθους
579 2384 624 2412 τοῦ
642 2384 757 2421 Χριστοῦ
781 2385 870 2418 λέγει·

86 2430 134 2456 καὶ
145 2429 175 2456 τὸ
193 2430 242 2464 μὲν
263 2430 343 2466 σῶμα
360 2430 454 2466 στολὴν
462 2430 599 2465 ὀνομάζει,
614 2430 644 2456 τὸ
660 2431 688 2456 δὲ
699 2428 768 2465 αἷμα
783 2428 853 2456 οἶνον
863 2438 870 2445 ⁸

87 2476 180 2510 ἐπειδὴ
195 2476 243 2503 καὶ
264 2477 308 2503 τὸν
327 2477 456 2512 μυστικὸν
475 2475 545 2503 οἶνον
561 2476 630 2512 αἷμα
645 2476 777 2511 κέκληκεν
795 2477 808 2502 ὁ
830 2476 872 2502 δε-

87 2521 199 2556 σπότης.
211 2521 247 2546 Τὸ
258 2521 296 2552 δὲ,
308 2521 439 2556 Χαρωποὶ
453 2522 476 2547 οἱ
485 2521 617 2556 ὀφθαλμοὶ
630 2521 711 2548 αὑτοῦ
725 2522 778 2548 ἀπὸ
788 2521 870 2553 οἴνου,

85 2567 135 2603 τὴν
151 2568 220 2603 μετὰ.
237 2567 267 2593 τὸ
284 2566 369 2598 πάθος
382 2567 550 2603 εὐφροσύνην
559 2567 643 2603 δηλοῖ.

926 2281 953 2308 in
969 2281 1034 2308 vino
1049 2281 1146 2308 stolam
1175 2288 1265 2314 suam,
1280 2285 1307 2308 et
1324 2281 1351 2308 in
1367 2281 1500 2316 sanguine
1518 2288 1577 2308 uva:
1595 2280 1705 2315 pallium

925 2334 1016 2359 suum,
1035 2335 1045 2352 ›
1056 2330 1108 2354 etc.
1122 2320 1144 2343 ’⁸
1159 2327 1171 2353 ?

962 2381 1044 2409 Βεειι.
1068 2381 1126 2409 Hoc
1148 2382 1181 2409 de
1197 2381 1324 2416 passione
1338 2381 1440 2410 Christi
1457 2382 1534 2416 dicit,
1557 2387 1584 2410 et
1606 2391 1706 2420 corpus

925 2427 1034 2461 quidem
1059 2428 1156 2454 stolam
1182 2432 1284 2454 vocat:
1301 2429 1462 2464 sanguinem
1497 2438 1561 2458 vero
1588 2431 1704 2460 vinum:

925 2473 1145 2508 quandoquidem
1163 2473 1244 2501 etiam
1265 2475 1409 2509 mysticum
1436 2475 1502 2502 illtld
1522 2477 1615 2503 vinum
1640 2485 1705 2505 san-

923 2519 1032 2553 guinem
1060 2519 1164 2546 vocavit
1189 2519 1330 2547 Dominus.
1349 2520 1416 2547 Illud
1432 2529 1497 2548 vero
1508 2541 1516 2554 ,
1530 2521 1703 2552 Pulchriores

923 2566 988 2592 vino
1010 2568 1075 2592 sunt
1088 2565 1147 2600 ejus
1171 2566 1253 2598 oculi,
1268 2564 1388 2594 laetitiam
1402 2574 1462 2602 qua:
1472 2568 1628 2602 passionem
1644 2570 1703 2605 ejus

924 2616 1017 2639 secuta
1032 2616 1083 2645 est,
1098 2611 1243 2646 signiﬁcat.

137 2711 164 2750 τῆ
177 2745 183 2750 _
197 2709 295 2738 Genes.
315 2719 380 2742 xxx,
399 2711 441 2738 Ξῖ.
480 2713 501 2728 ἰ
522 2711 620 2740 Cenes.
642 2720 732 2743 xxxii,
748 2711 776 2740 2.
815 2712 838 2728 "
857 2711 955 2740 Genes.
975 2721 1049 2747 ms,
1067 2714 1093 2741 9.
1132 2714 1156 2730 ’³
1174 2713 1253 2742 Jnnn.
1277 2722 1306 2747 Il,
1326 2716 1368 2742 19.
1407 2716 1430 2732 "
1449 2715 1546 2745 Cenes.
1567 2723 1641 2750 ms,
1660 2717 1703 2747 ii.

84 2745 108 2761 ’⁸
129 2745 194 2772 ibid.

123 2821 178 2857 (96)
195 2822 296 2850 Ilorum
308 2823 431 2858 quaedam
446 2824 579 2851 habentur
595 2824 620 2852 in
637 2830 731 2860 qtt;cst.
756 2824 805 2851 ΗΟ
821 2818 986 2852 Theodoreti
1005 2825 1030 2851 in
1050 2824 1167 2851 Cuncsin.
