1940 3068
110 164 159 192 735

682 149 916 187 ρῊΛΕΞΤΙΟΝΕΣ
933 150 967 178 IN
990 148 1157 178 ΡόΔῐιΜΟὖ.

1683 143 1735 172 ιιθ

148 219 244 248 mm.
265 217 349 245 Τοῦτο
369 217 444 253 δηλοῖ
467 217 515 252 τὴν
540 214 689 251 μέλλουσαν
716 212 826 240 κόλασιν
849 210 896 245 τοῦ

982 209 1063 237 Resr.
1078 207 1220 244 Signiﬁcat
1245 204 1370 235 tutt’n'uin
1395 204 1559 241 supplicmm
1583 203 1666 240 ignis.
1686 203 1735 239 qui

109 267 196 303 πυρός
205 274 212 281 ·
228 264 322 300 ἐπειδὴ
331 265 363 299 τῇ
377 263 424 290 τοῦ
437 261 555 298 Χριστοῦ
566 259 712 296 προστάξει
722 257 813 294 μέλλει
826 257 897 283 διαι-

110 314 232 350 ρεθῆναι.
249 311 285 338 Τὸ
299 310 422 346 πῦρ-γὰρ
435 309 491 344 ἔχει
503 308 549 335 δύο
566 306 706 342 ἐνεργείας
718 313 725 320 ·
739 305 787 331 καὶ
803 304 833 330 τὺ
848 303 897 338 μὲν

108 359 226 395 φωτίζον
245 357 335 393 μέλλει
346 350 437 383 δοῦναι
448 355 504 387 τοῖς
515 353 639 385 δικαίοις,
659 352 690 378 τδ
703 351 732 378 δὲ
746 351 822 378 χαῖον
841 350 898 380 τοῖς

107 406 150 440 ἅμ
155 414 170 431 α
175 404 296 440 ρτωλοῑς.

150 439 300 486 Ἕρμηνεία
314 451 353 475 π’.
372 456 382 473 ι
407 446 436 474 '0
456 444 578 481 ποταμὸς
591 442 639 470 τοῦ
658 442 726 470 Θεοῦ
751 439 896 476 ἐπληρώθη

108 497 226 524 ὑδάτων.
234 506 244 522 ι

151 541 247 568 Ἀπόκ.
268 539 355 566 Ὑετοί
383 539 451 565 εἰσιν
474 537 500 564 οἱ
528 535 681 563 ἀπόστολοι.
709 532 898 568 Ἐπλήσθησαν

107 589 164 624 γὰρ
185 585 318 614 παντοίων
336 584 444 626 ῥωρεῶν
473 583 520 610 καὶ
545 577 731 617 χαρισμάτων.
760 578 899 606 Ἐντεῦθεν

107 635 157 662 καὶ
173 634 226 664 πᾶς
250 624 393 667 ἄνθρωπος
412 628 529 664 καθαρὸς
553 628 599 654 καὶ
622 626 748 662 ἐνάρετος
779 624 899 656 τοιοῦτος

107 679 242 714 ὑπάρχει·
256 677 303 703 καὶ
314 675 369 711 γὰρ
383 675 414 701 τὸ
430 673 502 709 ὕδωρ
516 673 563 699 καὶ
577 671 695 707 ἡδρόσος
706 671 734 697 ὲν
746 670 779 704 τῇ
791 669 898 704 Γραφῇ,

108 725 175 751 ποτὲ
189 724 238 758 μὲν
255 722 329 757 δηλοῖ
352 721 382 747 τὸ
396 719 520 755 χάρισμα
546 717 592 744 τοῦ
617 717 694 748 Θεοῦ,
712 716 776 742 ποτὲ
796 715 824 741 δὲ
837 715 899 746 τοὺς

107 769 281 807 πειρασμοὺς
299 767 346 794 καὶ
361 766 411 802 τὴν
425 765 545 800 ταραχὴν
560 763 609 799 τῆς
624 762 723 798 ψυχῆς.

146 860 231 885 Ὀταν
247 857 275 884 δὲ
289 856 373 890 λέγει,
389 856 429 882 ὅτι
449 864 458 880 (
476 855 504 881 Ὀ
525 853 660 881 πιστεύων
674 853 714 884 είς
735 852 795 888 ἐμὲ,
813 860 898 878 ποτα-

111 906 158 942 μοὶ
174 906 314 940 ῥεύσουσιν
328 903 360 929 ἐκ
374 902 422 937 τῆς
437 901 540 932 κοιλίας
552 899 635 927 αὑτοῦ
650 908 656 915 ·
670 909 679 925 ι
698 899 753 930 καὶ,
769 908 778 925 ι
789 898 832 930 Ὠς
844 897 902 933 δρό-

111 961 157 984 σος
171 950 294 986 ’Δερμῶν
313 949 330 984 ἡ
341 948 542 976 καταϐαίνουσα
565 946 612 972 ἐπὶ
626 945 660 972 τὰ
672 945 722 981 ὅρη
736 944 815 976 Σιὼν,
837 953 845 969 ι
862 943 898 970 τὰ

110 998 267 1034 χαρίσματα
280 996 354 1030 λέγει
367 994 413 1021 τοῦ
431 994 508 1027 ἁγίου
527 992 597 1019 Πνεύ
602 999 696 1027 ματος.
707 991 776 1026 Ὄρη
791 990 819 1017 δὲ
828 989 897 1017 Σιὼν

109 1043 186 1076 λέγει
200 1042 262 1073 τοὺς
270 1040 342 1067 κατὰ
356 1039 422 1066 Θεὸν
439 1038 542 1070 ζῶντας
559 1036 769 1072 πνευματικούς.

148 1088 233 1115 Πάλιν
245 1088 308 1113 ὅταν
323 1086 413 1119 λέγει·
432 1093 441 1110 ι
459 1083 549 1110 Σῶσόν
567 1091 611 1118 με,
626 1083 641 1109 ὁ
653 1082 729 1113 Θεὸς,
745 1082 786 1108 ὅτι
807 1080 897 1116 είσήλ-

112 1135 196 1161 Θοσαν
212 1133 296 1160 ὕδατα
309 1132 361 1163 ἕως
376 1130 465 1166 ψυχῆς
486 1137 552 1164 μου·
572 1138 582 1156 ι
603 1128 658 1160 καὶ,
677 1136 687 1153 ‹
705 1127 776 1162 Ἄρα
791 1126 898 1162 διῆλθεν

112 1182 130 1216 ἡ
141 1180 240 1215 ψυχὴή
245 1178 302 1214 μῶν
312 1177 342 1204 τὸ
356 1176 427 1212 ὕδωρ
442 1176 472 1202 τὺ
491 1174 686 1205 ἀνυπόστατον,
704 1182 713 1199 ι
726 1172 789 1204 τοὺς
803 1179 898 1207 πειρα-

113 1228 199 1262 σμοὺς
209 1225 282 1259 λέγει
291 1224 341 1259 τῆς
357 1221 455 1258 ψυχῆς.

156 1272 252 1307 Ἐρώτ.
265 1271 322 1298 πα’.
338 1270 370 1296 Τί
384 1270 459 1296 ἐστιν
469 1276 477 1283 ·
499 1276 510 1294 ‹
529 1265 644 1297 ’Δναὸὰς
661 1265 701 1298 είς
711 1263 788 1299 ὕψος,
807 1265 898 1299 ᾐχμα-

113 1318 252 1349 λώτευσας
269 1315 453 1352 αἰχμαλωσίαν
461 1323 469 1348 ;
485 1323 494 1340 ι

155 1364 250 1391 Ἀπόκ.
266 1362 351 1390 Τοῦτο
366 1361 450 1395 λέγει,
467 1360 508 1387 ὃτι
522 1358 624 1389 ἀναϐὰς
637 1358 651 1384 ὁ
665 1356 781 1393 Χριστὸς
795 1356 841 1385 ἐπὶ
849 1354 897 1382 τοῦ

115 1410 244 1445 σταυροῦ,
252 1409 297 1435 τὸν
306 1407 371 1444 ᾅδην
382 1406 538 1437 ὲσκύλευσε,
546 1404 595 1431 καὶ
602 1402 806 1440 ῂχμαλάντευσε.
816 1402 900 1428 Τοῦτό

113 1457 173 1482 ὲστι
194 1454 241 1481 καὶ
269 1453 299 1479 τὸ
317 1452 408 1486 λέγον·
430 1460 439 1476 ‹
462 1448 544 1476 Εἶπεν
567 1449 581 1475 ὁ
599 1447 714 1483 Κύριος·
738 1446 785 1473 Ἐκ
809 1446 900 1473 Βασὰν

113 1500 280 1536 ἐπιστρέψω,
298 1508 308 1525 ι
326 1497 463 1525 τουτέστιν
480 1495 533 1522 ἀπὸ
549 1494 595 1521 τοῦ
611 1493 726 1530 σταυροῦ
746 1492 900 1528 ἐπιστρέψω

113 1549 154 1579 εἰς
167 1547 243 1582 ᾅδην.
257 1543 347 1571 Βασὲν
370 1543 424 1578 γὰρ
444 1540 622 1577 ἑρμηνεύεται
638 1539 780 1574 αισχύνη.
796 1539 826 1565 Ol.
846 1537 901 1574 γὰρ

120 1592 243 1620 Ἰουδαῖοι
260 1591 304 1617 τὸν
318 1589 433 1625 σταυρὸν
452 1588 490 1619 ὡς
509 1586 639 1621 αἰσχύνην
653 1583 736 1620 εἶχον,
752 1585 798 1612 καὶ
817 1584 901 1612 κατά-

116 1646 166 1674 ρας
181 1636 295 1672 ὄργανον
310 1634 388 1662 τοῦτο
402 1633 551 1669 ὠνόμαζον.
570 1631 639 1658 Ἀλλ’
651 1631 666 1658 ὁ
685 1630 803 1665 Χριστὸς
820 1629 901 1665 ἡγία-

116 1691 162 1710 σεν
178 1681 268 1712 αὐτὸν,
284 1680 321 1712 ὡς
335 1681 363 1706 ὲν
380 1678 453 1714 αὑτῷ
468 1678 515 1714 τὴν
531 1676 665 1712 σωτηρίαν
682 1676 736 1703 τῶν
750 1675 901 1711 ἀνθρώπων

115 1727 409 1766 πραγματευσάμενος.

157 1771 252 1807 Ἐρὼτ.
268 1771 322 1806 πβι.
335 1770 367 1797 Τί
378 1769 468 1804 λέγει⁵
491 1778 501 1795 ‹
517 1767 642 1795 Πλούσιοι
657 1767 832 1802 ὲπτώχευσαν
851 1766 899 1794 καὶ

114 1819 279 1850 ὲπείνασαν;
297 1826 306 1843 ι

157 1861 250 1887 Ἀπόκ.
263 1859 409 1891 Πλουσίους
428 1858 544 1886 ἐνταῦθα
558 1858 621 1889 τοὺς
637 1857 781 1888 Ἰουδαίους
805 1856 899 1883 καλεῖ·

116 1906 291 1942 ὲπτώχευσαν
314 1905 353 1938 δὲ,
372 1904 465 1939 ἐπειδὴ
493 1903 654 1931 ἀπέκτειναν
677 1903 723 1930 τὸν
747 1903 828 1938 ἄρτον
851 1902 901 1936 τῆς

116 1952 201 1987 ζωῆς,
217 1951 264 1978 καὶ
278 1949 359 1986 ἦλθεν
374 1950 417 1976 ἐπ’
430 1950 528 1980 αὐτοὺς
545 1949 559 1975 ὁ
570 1948 659 1983 λιμός.

158 1996 253 2032 Ἐρώτ.
268 1995 322 2029 πγ.
338 1995 370 2022 Τί
386 1995 471 2028 λέγει,
487 2003 496 2020 ‹
507 1995 554 2026 Εἰς
563 1994 613 2025 τὰς
626 1994 731 2029 πρωῖας
743 1993 902 2019 ἀπέκτεινον

117 2044 222 2073 πάντας
233 2043 295 2074 τοὺς
305 2041 482 2077 ἁμαρτωλοὺς
503 2040 551 2075 τῆς
567 2039 628 2075 γῆς,
649 2039 695 2066 τοῦ
714 2038 903 2074 ὲξολοθρεῦσαι

117 2091 150 2116 ὲκ
163 2089 266 2120 πόλεως
279 2088 382 2123 Κυρίου
390 2088 493 2119 πάντας
504 2087 567 2119 τοὺς
578 2086 776 2123 ἐργαζομένους
787 2086 835 2122 τὴν
843 2086 903 2113 ἀνο-

120 2136 186 2170 μίαν
198 2143 204 2166 ;
226 2144 235 2160 ι

159 2179 253 2207 ’Ᾱπόκ.
271 2181 304 2206 '0
327 2179 411 2213 λέγει,
428 2178 546 2206 τοιοῦτόν
564 2179 650 2205 ἐστιν·
673 2177 766 2213 ὥσπερ
781 2178 797 2213 ἡ
813 2178 903 2213 πρωῖα

948 254 1147 288 tandemjussu
1163 252 1266 280 Christi
1287 251 1432 279 dividetur.
1455 250 1529 285 Ignis
1546 257 1665 284 namque
1682 249 1734 275 du-

947 300 1046 336 plicem
1062 299 1116 327 vim
1132 299 1222 331 habet,
1239 299 1272 326 ad
1287 297 1432 326 lucendum
1447 297 1584 328 videlicet,
1602 295 1673 331 quod
1686 295 1736 322 da-

947 346 1022 373 bitur
1038 345 1132 380 iustis,
1151 350 1178 373 et
1193 345 1228 374 ad
1242 344 1432 376 cremandum,
1454 343 1527 379 quod
1543 342 1735 378 peccatoribus

948 392 1132 427 deputabitur.

984 439 1145 465 INTERPRET.
1167 435 1272 464 LXXX.
1290 435 1359 471 Quid
1373 457 1380 471 ,
1399 444 1409 461 ι
1430 434 1545 463 Flumen
1569 433 1616 461 Dei
1646 433 1735 470 reple—

948 488 1004 511 tum
1021 488 1063 511 est
1082 484 1161 518 aquis
1171 483 1210 509 “‘?
1225 493 1234 509 ι

984 529 1066 558 Rasr.
1081 530 1138 565 (99)
1153 529 1204 556 Per
1219 536 1316 563 aquam
1331 527 1446 563 apostoli
1460 530 1601 559 notantur,
1614 526 1660 561 qui
1671 533 1734 553 om-

949 576 1055 611 nigenis
1072 575 1152 603 donis
1163 579 1189 602 et
1205 575 1296 603 divina
1311 574 1397 609 gratia
1413 574 1515 608 impleti
1535 577 1609 601 sunt.
1620 573 1658 600 Ae
1673 574 1736 608 qni-

949 621 991 650 vis
1002 621 1083 648 homo
1102 622 1148 655 qui
1161 627 1245 654 purus
1258 624 1284 647 et
1297 619 1388 653 justus
1399 622 1452 651 est,
1465 626 1520 645 non
1531 618 1640 645 aliunde
1652 625 1733 653 quam

949 667 1014 694 hinc
1046 666 1110 694 talis
1137 666 1254 693 ellicitur
1271 672 1354 692 :nam
1377 671 1448 699 aqua
1466 667 1494 691 et
1516 671 1573 695 ros,
1589 663 1734 698 aliquando

948 713 1060 750 quidem
1081 712 1110 739 in
1136 712 1277 747 Scriptura
1307 711 1409 738 donum
1424 709 1483 741 Dei,
1504 710 1650 744 aliquando
1669 718 1735 736 vero

950 760 1046 786 anima:
1061 758 1223 786 tentationes
1240 762 1267 785 et
1290 757 1386 784 animae
1401 756 1634 792 perturbationem
1648 756 1735 792 signi-

951 805 1022 833 ﬁcat.

986 849 1101 883 Quando
1114 856 1179 876 vero
1192 848 1280 883 inquit
1296 857 1324 875 ε(
1340 847 1391 881 Qui
1406 847 1492 875 credit
1507 847 1534 874 in
1551 855 1604 880 me,
1624 846 1735 875 ﬂumina

951 896 985 924 de
1006 900 1100 923 ventre
1123 894 1183 930 ejus
1209 893 1294 922 ﬂuent
1309 894 1351 927 ‘9;
1371 903 1380 920 ι
1405 898 1441 926 et,
1469 902 1478 918 ι
1499 893 1533 920 Ut
1548 901 1595 920 ros
1615 893 1735 921 Hermon

946 941 1117 968 descendens
1141 948 1224 975 super
1242 944 1348 967 montes
1374 939 1440 966 Sion
1455 939 1489 972 ὀ,
1505 951 1514 965 ι
1533 939 1638 966 indicat
1662 939 1735 966 dona

948 987 1066 1023 Spiritus
1080 988 1179 1015 sancti.
1194 985 1297 1014 Montes
1312 993 1377 1013 vero
1390 985 1455 1013 Sion
1471 985 1548 1017 dicit,
1566 985 1734 1021 spiritunlei,

946 1034 994 1070 qui
1007 1032 1156 1061 secundum
1172 1032 1257 1059 Deum
1272 1032 1380 1064 vivunt,
1399 1031 1535 1060 homines.
1592 1059 1594 1062 ,

983 1078 1088 1106 Rursus
1101 1077 1212 1113 quando
1221 1076 1296 1109 dicit,
1314 1076 1492 1104 «Salvummc
1504 1076 1559 1110 fac,
1570 1076 1653 1109 Deus,
1667 1084 1736 1112 quo-

947 1125 1021 1152 niam
1028 1125 1155 1159 ingressa:
1165 1125 1227 1150 sunt
1237 1128 1312 1157 aqua:
1321 1129 1406 1156 usque
1413 1121 1446 1148 ad
1455 1121 1572 1148 animam
1584 1129 1671 1149 meam
1681 1123 1732 1155 ²¹;›

948 1175 993 1203 et,
1013 1180 1022 1197 ι
1042 1169 1168 1198 Forsitan
1197 1167 1391 1204 pertransisset
1411 1167 1502 1195 anima
1524 1173 1619 1196 nostra
1637 1176 1735 1204 aquam

948 1215 1035 1244 fundo
1067 1220 1204 1243 carentem
1218 1215 1251 1248 ²¹,
1270 1224 1279 1240 ι
1307 1214 1405 1242 animae
1439 1214 1602 1242 tentationes
1621 1215 1734 1242 indicat.

984 1262 1094 1296 Quasr.
1116 1260 1233 1288 LXXXI.
1258 1259 1328 1293 Quid
1348 1263 1391 1288 est
1408 1260 1481 1295 quod
1504 1259 1589 1288 dicit:
1609 1270 1619 1286 ‹
1633 1261 1737 1288 Ascen-

949 1307 1015 1334 dens
1040 1307 1067 1334 in
1085 1306 1180 1339 altum,
1196 1306 1331 1341 captivam
1353 1304 1454 1332 duxisti
1473 1305 1658 1339 captivitatem
1672 1304 1733 1331 '3?-

977 1351 1058 1380 ﬂEsr.
1078 1351 1135 1378 Hoc
1148 1351 1224 1383 dicit,
1241 1351 1306 1387 quia
1318 1350 1455 1382 Christus.
1473 1358 1625 1379 conscensa
1642 1359 1735 1384 cruce,

950 1397 1120 1433 deprzedatus
1132 1401 1174 1424 est
1196 1395 1332 1424 infernum
1348 1400 1375 1424 et
1392 1397 1528 1429 captivum
1556 1397 1691 1433 duxit“).
1705 1397 1736 1426 Et

950 1445 1002 1472 hoc
1017 1448 1058 1471 est
1076 1448 1102 1471 et
1121 1443 1187 1470 illud
1203 1443 1275 1478 quod
1293 1443 1329 1469 ait
1348 1451 1354 1469 :
1370 1453 1379 1469 ‹
1392 1443 1465 1471 Dixit
1480 1443 1624 1475 Dominus,
1636 1452 1669 1471 ex
1685 1443 1738 1471 Ba-

951 1498 1000 1518 san
1011 1493 1160 1522 revertar,»
1173 1490 1222 1516 hoc
1230 1493 1283 1520 est,
1293 1488 1326 1516 de
1341 1496 1422 1516 cruce
1434 1489 1466 1516 ad
1479 1489 1615 1517 infernum
1633 1489 1736 1516 redibo.

951 1536 1039 1563 Basan
1061 1536 1131 1563 enim
1146 1535 1308 1569 explicatur,
1330 1535 1475 1569 turpitudo.
1493 1533 1560 1561 Nam
1575 1533 1660 1561 Judaei
1674 1542 1738 1560 cru-

952 1589 1009 1609 cem
1028 1586 1056 1608 ut
1075 1581 1271 1616 turpitudinem
1298 1584 1436 1615 reputant,
1451 1585 1478 1607 et
1493 1580 1552 1608 ideo
1568 1580 1738 1608 maledictio-

951 1627 995 1655 nis
1021 1635 1152 1662 organum
1183 1627 1319 1653 vocabant
1348 1633 1418 1654 eam.
1455 1625 1509 1654 Sed
1529 1625 1655 1654 Christus
1677 1634 1737 1654 eam

951 1671 1141 1704 sanetiﬁcavit,
1159 1679 1192 1699 eo
1211 1671 1283 1707 quod
1300 1672 1327 1699 in
1340 1679 1372 1699 ea
1388 1671 1504 1699 salutem
1518 1671 1660 1699 hominum
1673 1680 1738 1707 per-

950 1716 1056 1745 fecerit.

986 1762 1096 1796 Quzasr.
1116 1762 1246 1790 LXXXII.
1258 1763 1328 1797 Quid
1356 1767 1397 1791 est
1412 1763 1485 1800 quod
1499 1763 1566 1791 dicit
1583 1773 1590 1792 :
1610 1773 1620 1790 ‹
1636 1763 1738 1793 Divites

950 1813 1084 1844 eguerunt
1095 1813 1122 1836 et
1138 1810 1296 1837 esurierunt
1304 1809 1343 1836 “'2
1359 1819 1367 1835 ι

981 1853 1063 1881 Resp.
1079 1854 1116 1889 (2)
1135 1854 1237 1883 Divites
1251 1855 1304 1882 hoc
1317 1855 1376 1882 loco
1389 1858 1468 1882 vocat
1483 1854 1602 1888 Judaaos,
1617 1855 1663 1891 qui
1679 1856 1739 1883 ine--

951 1907 1000 1934 pes
1015 1899 1078 1927 facti
1099 1905 1173 1933 sunt,
1194 1908 1226 1928 eo
1247 1901 1320 1935 quod
1334 1901 1487 1928 occiderint
1514 1908 1610 1936 panem
1627 1902 1698 1934 vitae,
1711 1904 1739 1930 et

952 1947 1025 1974 venit
1045 1955 1127 1982 super
1144 1955 1191 1974 eos
1206 1947 1302 1975 fames.

986 1992 1096 2024 ριιιεετ.
1111 1991 1251 2020 LXXXIII.
1268 1992 1338 2026 Quid
1348 1996 1390 2020 est
1401 1993 1473 2028 quod
1487 1993 1576 2029 inquit
1589 2003 1596 2021 :
1614 2003 1624 2020 ι
1636 1993 1664 2021 In
1678 2001 1734 2020 ma-

953 2038 1041 2065 tutino
1053 2038 1248 2066 iuterliciebam
1260 2046 1355 2066 omnes
1367 2043 1524 2074 peccatores
1536 2043 1625 2072 terrae,
1638 2043 1668 2066 ut
1681 2040 1739 2067 dis-

952 2084 1093 2119 perderem
1112 2084 1145 2112 de
1166 2084 1276 2112 civitate
1294 2084 1401 2112 Domini
1417 2092 1512 2113 omnes
1526 2089 1673 2120 operantes
1685 2085 1739 2112 in‘i-

952 2130 1084 2166 quitatem
1095 2130 1137 2156 "?
1147 2139 1156 2155 ι

987 2176 1071 2204 Rasr.
1086 2175 1175 2210 Hujus
1201 2175 1266 2203 dicti
1284 2175 1341 2203 ha-c
1357 2180 1399 2203 est
1414 2176 1547 2203 sententia
1563 2184 1571 2202 :
1587 2175 1658 2204 sicut
1678 2183 1738 2202 ma-

117 2227 190 2262 ἀρχὴ
203 2226 251 2262 τῆς
263 2225 369 2261 ἡμέρας
391 2225 475 2257 ἔστὶν,
500 2224 571 2251 οὕτω
588 2223 634 2250 καὶ
652 2223 741 2259 πάσης
764 2223 900 2258 ἁμαρτίας

958 2222 1071 2248 tutiuum
1087 2225 1206 2256 tempus,
1222 2221 1276 2249 diei
1290 2227 1331 2249 est
1347 2221 1466 2253 initium,
1483 2221 1523 2248 sic
1537 2222 1626 2249 omnis
1638 2221 1738 2256 peccati

118 2272 192 2298 ἐστὶν
207 2271 278 2306 ἀρχὴ
289 2270 406 2305 ὑποϐολὴ
422 2269 470 2296 τοῦ
485 2269 593 2305 ἐχθροῦ.
606 2268 651 2295 Διὸ
661 2268 751 2302 λέγει·
768 2278 778 2294 ‹
796 2269 843 2300 Εἰς
853 2268 902 2301 τὰς

118 2318 226 2352 πρωῖας
241 2316 410 2347 ἀπέκτεινον,
433 2325 441 2340 ι
460 2314 596 2341 τουτέστιν
609 2315 648 2345 είς
670 2314 718 2345 τὰς
743 2314 830 2350 ἀρχὰς
850 2315 903 2341 τῶν

118 2362 256 2397 λογισμῶν
272 2362 413 2393 ἐσκόπουν,
429 2361 476 2388 καὶ
492 2361 602 2387 ἐδίωκον
618 2360 666 2392 τὰς
686 2360 836 2397 προσϐολὰς
853 2362 904 2388 αὐ-

118 2409 184 2440 τῶν,
200 2408 247 2435 καὶ
260 2408 363 2438 πάντας
375 2408 437 2438 τοὺς
455 2405 642 2441 ἁμαρτωλοὺς.
653 2405 712 2440 ἦτοι
727 2406 790 2437 τοὺς
809 2405 903 2441 δαίμο-

119 2462 185 2486 νας,
210 2454 273 2485 τοὺς
287 2453 430 2484 ποιοῦντας
450 2454 479 2479 ὲν
499 2452 560 2487 ἐμοὶ
577 2450 626 2487 τὴν
644 2451 789 2486 ἁμαρτίαν,
807 2461 816 2477 ι
828 2453 903 2483 ὅπως

120 2498 307 2533 ὲξολοθρεῦσαι
322 2498 354 2524 ὲκ
368 2497 470 2528 πόλεως
485 2496 587 2532 Κυρίου
603 2497 715 2528 πάντας,
739 2505 749 2522 ι
766 2497 903 2523 τουτέστιν

119 2546 153 2572 ἐκ
167 2545 217 2580 τῆς
227 2543 327 2579 ψυχῆς.
342 2543 421 2574 Πόλις
432 2542 486 2578 γὰρ
493 2542 595 2578 Κυρίου
610 2542 682 2569 ἐστὶν
694 2543 710 2578 ὴ
725 2542 806 2578 ψυχή.
816 2542 905 2569 Ἐδίω-

121 2599 168 2618 κον
184 2591 248 2626 γὰρ,
264 2590 342 2625 φησὶ,
355 2589 402 2616 καὶ
417 2588 578 2616 ἀπέκτεινον
592 2588 642 2621 τὰς
662 2588 783 2623 κεφαλὰς
804 2588 904 2621 αὐτῶν,

158 2690 179 2706 ¹⁹
199 2689 271 2716 Psai.
295 2696 367 2720 uiv,
385 2689 427 2716 I0.
477 2689 497 2705 “
516 2687 596 2715 Joan.
614 2696 662 2721 vn,
677 2688 713 2715 58

785 2688 808 2705 "
827 2687 899 2716 Psal.
915 2695 1017 2719 cum,
1036 2688 1062 2715 5.

954 2266 1061 2294 initiqu
1094 2270 1135 2294 est
1162 2266 1264 2293 inimici
1288 2266 1460 2294 fraudulenta
1487 2267 1636 2302 suggestio.
1657 2266 1738 2298 ldeo,

954 2313 1040 2348 inquit
1059 2322 1065 2340 :
1085 2323 1094 2339 ι
1112 2313 1140 2340 lu
1151 2314 1285 2340 matutino
1309 2313 1516 2346 interﬁciebam,
1536 2323 1545 2340 ι
1562 2313 1614 2340 hoc
1631 2317 1683 2345 est,
1697 2321 1741 2341 re-

954 2360 1101 2394 spieicham
1114 2359 1145 2386 ad
1159 2360 1292 2395 principia
1304 2360 1507 2395 cogitationum,
1520 2363 1547 2387 et
1559 2360 1742 2395 persequebar

953 2414 1047 2434 carum
1077 2406 1206 2439 impetus,
1236 2409 1317 2440 atque
1345 2406 1413 2433 adeo
1441 2410 1600 2441 peccatores
1624 2414 1737 2437 omnes.

955 2460 1052 2488 nempe
1066 2452 1212 2483 diemones,
1228 2452 1275 2486 qui
1293 2451 1396 2480 faciunt
1418 2453 1444 2479 in
1463 2460 1506 2480 me
1517 2456 1669 2487 peccatum,
1684 2462 1694 2479 ι
1711 2457 1741 2480 υι

956 2498 1141 2533 disperderem
1154 2497 1188 2525 de
1201 2498 1311 2526 civitate
1323 2497 1430 2526 Domini
1445 2506 1551 2532 omnes,
1567 2509 1576 2526 ι
1593 2499 1644 2527 1ιοε
1656 2503 1696 2527 est
1706 2507 1738 2526 εχ

957 2544 1058 2571 anima.
1080 2543 1179 2570 Anima
1196 2550 1325 2577 namque,
1346 2543 1452 2572 Domini
1469 2544 1565 2573 civitas
1575 2550 1626 2573 est.
1643 2544 1739 2573 Perse-

958 2589 1060 2624 quebar
1080 2588 1165 2620 enim.
1191 2588 1290 2623 inquit,
1305 2593 1331 2617 et
1344 2589 1536 2618 ahscindebam
1557 2591 1677 2626 ipsorum
1692 2598 1739 2619 ca.-

1124 2689 1145 2703 "
1166 2687 1238 2715 Psal.
1257 2696 1352 2721 uvm,
1369 2688 1396 2715 2.
1459 2689 1481 2704 "
1500 2687 1573 2716 Psal.
1592 2696 1694 2722 cum,
1712 2689 1740 2716 εἰ.

121 2726 144 2741 ’³
163 2724 236 2752 Psal.
256 2732 342 2755 ι.χνιι,
363 2723 406 2751 I9.
446 2723 470 2740 "
487 2723 561 2752 Psal.
581 2731 684 2756 χχχιιι,
704 2723 746 2752 II.
786 2724 809 2740 "
827 2723 900 2752 Psal.

973 2722 1000 2750 8.

155 2825 262 2860 (99th
281 2825 452 2853 Theodoreto
464 2826 490 2853 in
505 2827 635 2860 psalmum
649 2835 722 2859 Lxrv,
740 2836 766 2856 v.
781 2828 820 2856 l0.

159 2860 198 2895 (ι)
216 2859 378 2888 Theodoret.
391 2862 418 2887 in
432 2869 472 2896 p1.
488 2869 571 2892 ιχνιι,
586 2870 610 2887 ν.
628 2862 674 2889 25.

289 2907 423 2938 Parnm.
445 2907 504 2940 Gn.
527 2909 677 2942 XXVIII.

984 2826 1022 2864 (2)
1042 2826 1205 2856 Theodorei.
1217 2826 1244 2855 in
1261 2826 1334 2855 hunc
1348 2834 1466 2855 versum.

1546 2904 1586 2935 25
