1940 3068
217 150 270 179 ἸΓΙ

779 148 808 176 S.
825 146 1061 176 ATHANASIUS.
1082 162 1117 168 —
1137 146 1272 174 SPURIA.

1777 145 1836 174 748

216 213 284 248 pira,
311 210 416 239 scilicet
435 209 579 246 principia,
603 208 638 236 at!
661 207 874 243 disperdendum
892 215 941 235 eos
965 215 985 234 e:

1048 213 1106 248 ἦτοι
1118 213 1168 245 τὰς
1183 212 1280 249 ἀρχὰς,
1309 213 1383 243 ὅπως
1406 210 1587 247 ὲξολοϐρεῦσω
1614 209 1712 242 αὐτοὺς
1734 211 1767 237 ὲκ
1781 211 1835 246 τῆς

216 260 262 287 ani
275 266 320 290 na,
337 265 371 285 ne
386 259 564 292 operareutur
577 263 685 283 omnem
699 255 870 290 iniquitatem
890 257 917 282 et
936 260 999 289 pec-

203 286 304 332 Fclum.

250 345 361 383 Οσιῑςτ.
376 347 517 376 LXXXIV.
529 347 599 380 Quid
615 351 656 375 est
670 346 742 382 quod
757 346 863 381 inquit:
883 355 892 371 ι
909 345 997 372 Catuli

215 398 322 424 leonum
347 395 485 431 rugientes
510 398 541 421 ut
568 394 688 428 rapiant,
713 396 740 420 et
762 397 885 427 quaerant
908 401 923 420 a
944 392 998 420 Deo

213 450 304 469 escam
321 441 383 468 sibi.
400 441 484 468 Ortus
500 443 542 467 est
554 439 605 471 sol,
618 444 644 466 ct
657 439 813 474 congregati
829 443 904 473 sunt,
919 443 946 467 et
969 439 997 466 in

213 488 352 524 speluncis
363 487 420 514 suis
437 486 576 514 cubabant
585 487 606 501 “
619 486 644 512 '3»

248 534 329 561 Resp.
343 533 452 561 Catulos
465 533 585 563 leonum,
597 531 663 558 dicit
677 531 833 566 prophetas.
843 531 996 566 Rugiebant

212 588 276 608 vero
295 580 443 607 clamantes
465 582 491 605 et
522 578 674 612 loquentes,
690 585 720 604 ac
739 577 929 612 prophetantes
954 577 996 604 in-

211 626 398 654 carnationem
418 623 479 650 Filii
499 623 556 650 Dei.
579 622 696 649 Exortus
718 630 782 650 vero
801 627 844 650 est
867 623 919 654 sol,
943 623 995 650 hoe

211 679 262 705 est,
271 672 345 700 venit
357 671 484 698 Christus
494 673 520 696 ct
539 672 694 695 tacuerunt.
704 667 846 702 Propheta:
857 676 943 703 usque
960 669 994 696 ad

211 719 342 746 Joannem
371 715 578 751 prophetarum.
597 714 653 742 Hoc
669 719 721 746 est,
740 715 812 749 quod
832 716 913 742 etiam
929 717 994 743 alibi

210 765 277 791 dicit
306 763 469 797 Scriptura:
490 771 499 787 ‹
523 761 679 788 'l‘cnebrosa
712 768 792 796 aqua,
821 762 849 788 in
874 762 994 790 nubibus

210 810 290 837 aeris.
307 809 365 836 Prze
384 808 487 843 fulgore
501 807 579 842 271
596 807 656 840 ejus
669 807 930 835 nubestransierunt
941 809 990 836 ".3

210 856 393 884 Tcnehrosam
407 861 504 889 aquarii
517 854 582 880 dicit
597 853 717 880 divinam
732 853 912 888 Scripturam,
923 863 992 890 quo-

210 903 282 930 niam
298 903 326 929 in
337 900 454 935 caligine
486 899 574 927 Moses
598 900 684 933 legem
707 900 814 935 acer-pit
841 908 855 927 a
882 901 936 928 Deo
962 901 990 928 in

208 951 300 975 monte
312 946 387 973 Sina.
405 946 475 979 Quin
489 945 539 980 ipsi
561 945 698 980 propheta:
712 953 821 980 quoque
834 953 887 972 non
904 947 991 972 mani-

208 995 287 1027 l'este,
300 993 347 1020 sed
360 993 477 1019 obscure
504 995 530 1018 et
557 991 675 1018 tenuiter
698 991 899 1025 quodammodo
915 991 990 1018 vide-

206 1044 271 1068 runt
303 1039 448 1066 adventum
475 1038 586 1069 Christi.
611 1041 637 1064 et
664 1037 883 1064 manifestarunt.
899 1037 990 1066 Nubes

207 1087 279 1114 cnim
291 1089 370 1112 vocat
395 1083 554 1119 prophetas,
585 1083 631 1118 qui
660 1083 854 1117 praedicarunt,
869 1087 896 1110 et
910 1085 989 1118 quasi

207 1140 306 1168 aquam
331 1130 495 1162 effuderunt,
518 1129 711 1163 spirarumque
727 1129 808 1158 veluti
831 1129 903 1156 venti
921 1130 989 1157 divi-

206 1185 272 1204 num
305 1182 458 1202 sermonem
482 1177 509 1200 et
533 1173 616 1208 legem
637 1181 719 1208 super
739 1177 851 1206 terram,
869 1182 929 1209 quae
946 1181 989 1202 cst

206 1223 252 1250 illa
265 1220 409 1248 tenebrosa
433 1226 513 1253 aqua.
541 1218 565 1244 A
594 1218 700 1254 fulgore
714 1226 779 1246 vero
800 1219 859 1254 ejus
877 1220 904 1247 in
922 1228 988 1248 con-

206 1271 302 1303 spectu
326 1267 397 1301 ejus,
414 1269 443 1292 ut
457 1265 491 1292 ab
505 1264 565 1298 ejus
579 1263 607 1290 in
623 1272 705 1291 carne
719 1264 836 1292 adventu
848 1273 940 1293 coram
954 1274 987 1294 eo

205 1313 303 1343 nubes,
319 1310 456 1345 propheta:
477 1309 612 1341 videlicet,
626 1315 804 1337 cessaverunt
824 1314 851 1338 et
873 1311 988 1339 absces-

205 1361 312 1386 serunt.

240 1403 350 1436 Ουιεετ.
364 1400 493 1428 LXXXV.
509 1401 579 1434 Quid
600 1404 653 1433 est,
672 1409 682 1426 ι
698 1399 775 1429 Mons
799 1400 865 1429 Sion
878 1401 941 1435 iste,
956 1402 985 1430 in

204 1456 258 1484 quo
273 1447 401 1474 habitasti
418 1447 445 1473 in
460 1455 493 1473 eo
501 1446 544 1473 ’⁸⁸2
558 1455 568 1473 ›

238 1493 320 1521 Πεερ.
334 1493 430 1520 Divina
441 1492 582 1527 Scriptura
596 1492 688 1519 multis
700 1492 787 1519 modis
801 1500 895 1520 vocem
907 1501 985 1521 mon-

203 1541 240 1568 tis
263 1541 467 1574 interpretatur.
487 1538 519 1564 Et
546 1538 590 1565 hic
612 1538 722 1573 quidem
744 1546 821 1566 mons
848 1538 925 1571 Sion,
943 1543 986 1567 est

203 1588 281 1614 locus
293 1586 456 1616 Jerusalem,
471 1585 497 1611 in
511 1592 566 1619 quo
580 1584 710 1611 habitavit
723 1584 853 1612 Dominus
869 1593 900 1613 ac
917 1585 987 1614 Deus

203 1636 297 1659 noster
324 1631 404 1658 Jesus
432 1629 558 1657 Christus
584 1629 741 1657 incarnatus
766 1638 849 1665 super
872 1635 985 1659 terram.

203 1677 321 1704 Montem
337 1683 433 1703 rursus
461 1676 568 1710 proprie
590 1679 669 1702 vocat
698 1677 900 1703 sanctissimam
925 1676 987 1703 Dci-

202 1731 306 1758 param,
325 1725 354 1749 ut
368 1729 430 1748 cum
447 1722 535 1755 inquit
548 1730 554 1747 :
568 1729 577 1745 ι
590 1720 666 1748 Mons
679 1721 706 1748 in
718 1729 771 1756 quo
786 1722 985 1756 beueplacitum

201 1773 243 1795 est
259 1767 314 1794 Deo
329 1766 451 1793 habitare
472 1766 500 1792 in
516 1773 565 1796 eo,
583 1766 682 1792 etenim
707 1766 838 1794 Dominus
854 1767 986 1794 habitabit

201 1811 229 1838 in
246 1810 325 1838 linem
344 1811 377 1837 ".
393 1819 402 1835 ›
420 1809 452 1836 Ει
474 1810 536 1836 alibi
558 1809 693 1837 habetur:
711 1819 720 1836 ι
736 1810 807 1838 Deus
828 1819 842 1838 a
863 1811 984 1839 Tlteman

201 1856 291 1883 veniet
308 1860 335 1883 et
355 1855 472 1882 Sanctus
497 1863 530 1882 ex
552 1859 643 1882 monte
666 1863 751 1890 opaco
772 1860 799 1883 et
826 1856 910 1884 denso
922 1858 954 1884 ³ο.
971 1867 981 1884 ι

202 1902 279 1929 Mons
304 1906 395 1929 autent
414 1901 513 1928 dicitur
538 1905 631 1928 sancta
660 1901 784 1936 Dcipara.
804 1902 872 1934 Quia
888 1911 984 1938 quem-

201 1948 346 1975 admodum
371 1947 389 1974 ii
406 1947 452 1982 qui
480 1948 507 1974 in
530 1955 625 1981 campo
652 1947 809 1980 ambulant,
838 1952 864 1975 et
893 1950 982 1977 calore

199 1998 332 2025 aestuant,
349 1994 372 2021 si
387 1997 506 2021 montem
523 1994 650 2025 subeunt,
668 1994 740 2021 velut
761 2003 822 2022 rore
840 1997 982 2030 conspersi

200 2041 296 2068 umbra
315 2040 444 2067 arborum
473 2040 589 2071 montis,
613 2040 654 2066 vel
681 2047 751 2074 aqua
775 2041 871 2068 sedant
887 2045 980 2068 aestum

198 2087 332 2114 ﬂammae:
350 2086 444 2113 eodem
460 2085 541 2112 modo
555 2093 584 2112 se
601 2085 694 2112 habuit
709 2093 772 2121 erga
787 2086 910 2113 homines
931 2086 981 2113 im-

198 2130 334 2157 maculata
347 2128 441 2164 Virgo,
455 2137 515 2164 quae
530 2137 592 2156 rore
606 2130 723 2164 quodam
745 2131 786 2157 sui
804 2135 899 2165 partus
915 2132 981 2158 ani-

197 2183 256 2202 mas
273 2175 413 2202 hominum
426 2179 493 2202 testu
508 2176 611 2210 peccati
627 2175 766 2204 confectas
788 2177 816 2203 in
836 2177 919 2204 vitam
935 2185 979 2205 re-

1048 258 1148 294 ψυχῆς,
1161 259 1209 285 τοῦ
1225 259 1262 294 μὴ
1278 256 1441 294 ἐργάζεσθαι
1456 258 1547 284 πᾶσαν
1554 256 1667 292 ἀνομίαν
1684 256 1730 284 καὶ
1743 257 1834 292 ἁμαρ-

1047 305 1120 332 τίαν.

1089 350 1184 386 Ἐρώτ.
1209 351 1261 377 τπδ’.
1287 350 1320 376 Τί
1340 350 1432 384 λέγει’
1449 359 1459 375 ι
1489 349 1605 384 Σκύμνοι
1622 349 1770 384 ὠρυόμενοι
1783 349 1833 377 τοῦ

1047 397 1179 433 ἁρπάσαι,
1192 396 1239 423 καὶ
1251 395 1364 431 ζητῆσαι
1381 395 1456 431 παρὰ
1476 395 1514 430 τῷ
1531 395 1590 430 Θεῴ
1609 395 1709 430 βρῶσιν
1729 395 1833 426 αὐτοῖς.

1054 443 1199 469 Ἀνέτειλεν
1211 443 1225 468 ό
1234 443 1318 477 ἥλιος,
1335 442 1381 468 καὶ¹
1395 441 1575 477 συνήχθησαν,
1588 442 1635 468 καὶ
1648 443 1686 473 εἰς
1700 441 1749 473 τὰς
1762 441 1834 477 μάν-

1046 488 1111 523 δραις
1123 487 1211 514 αὐτῶν
1225 487 1466 521 κοιτασθήσονται;
1484 496 1494 512 ι

1087 535 1178 560 Ἀπόκ.
1197 533 1336 569 Σκύμνους
1356 533 1428 568 λέγει
1449 534 1512 565 τοὺς
1534 533 1685 568 προφήτας.
1705 531 1833 568 Ὧρύοντο

1045 579 1072 605 δὲ
1090 579 1235 614 κράζοντες
1254 580 1300 606 καὶ
1315 579 1448 613 λέγοντες,
1470 579 1516 605 καὶ
1542 578 1756 614 προφητεύοντες
1781 577 1833 613 τὴν

1047 624 1182 660 σάρκωσιν
1196 624 1242 650 τοῦ
1259 623 1322 650 Υἱοῦ
1347 623 1392 650 τοῦ
1410 623 1488 650 Θεοῦ.
1507 623 1654 650 Ἀνὲτειλεν
1668 622 1696 649 δὲ
1711 624 1724 649 ὁ
1743 622 1834 658 ἥλιος,

1043 668 1192 699 τουτέστιν,
1206 665 1287 703 ἦλθεν
1303 669 1317 693 ὁ
1328 667 1454 702 Χριστὸς,
1473 668 1520 694 καὶ
1531 667 1696 702 ἐσιώπησαν.
1713 668 1744 693 Οἱ
1761 676 1831 702 προ-

1045 713 1128 748 φῆται
1141 714 1192 745 ’ἕως
1210 714 1332 740 Ἰωάννου
1348 715 1564 749 προεφήτευσαν.
1581 713 1666 739 Τοῦτό
1682 713 1741 739 ἐστι
1755 714 1802 739 καὶ
1816 713 1833 739 ὃ

1044 759 1116 793 λέγει
1132 759 1248 795 ἡΓραφὴ
1262 759 1376 794 ἀλλαχοῦ
1385 767 1393 775 ·
1410 768 1418 784 ι
1435 759 1573 786 Σκοτεινὸν
1587 759 1657 794 ὕδωρ
1666 760 1694 785 ἐν
1705 759 1832 793 νεφέλαις

1043 805 1147 840 ἀέρωνο
1181 805 1246 831 Ἀπὸ
1269 805 1320 839 τῆς
1345 805 1537 840 τηλαυγήσεως
1561 806 1643 832 αὐτοῦ
1665 807 1693 832 αἱ
1717 807 1830 842 νεφέλαι

1042 851 1158 886 διῆλθον.
1177 860 1186 876 ι
1202 851 1340 877 Σκοτεινὸν
1364 851 1435 888 ὕδωρ
1458 851 1531 885 λέγει
1547 853 1595 887 τὴν
1616 852 1690 878 οεῐαν
1707 853 1828 888 Γραφὴν,

1043 897 1135 932 ἐπειδὴ
1152 898 1180 923 ἐν
1195 897 1286 932 γνόφῳ
1310 897 1416 930 ἐδέξατο
1427 898 1440 923 ὁ
1457 898 1558 933 Μωσῆς
1580 899 1624 925 τὸν
1643 899 1723 934 νόμον
1746 900 1773 925 ἐν
1788 899 1834 935 τῷ

1043 943 1108 970 Σινᾶ
1125 943 1198 979 παρὰ
1211 943 1288 970 Θεοῦ.
1308 944 1368 969 Ἔτι
1383 944 1411 970 δὲ
1426 945 1472 970 καὶ
1492 945 1516 970 οἱ
1542 945 1678 980 προφῆται
1699 945 1828 980 ἀμυδρῶς

1043 997 1101 1019 πως
1115 989 1161 1015 καὶ
1183 989 1326 1021 σκοτεινῶς
1340 991 1387 1016 καὶ
1400 990 1506 1022 λεπτῶς
1531 999 1589 1021 πως
1612 992 1660 1025 τὴν
1678 992 1828 1026 παρουσίαν
1858 995 1862 1001 ¹

1042 1035 1088 1061 τοῦ
1102 1035 1218 1070 Χριστοῦ
1234 1035 1356 1067 ἔϐλεπον,
1370 1036 1416 1062 καὶ
1432 1036 1550 1071 ἐδήλουν.
1567 1036 1688 1070 Νεφέλας
1701 1038 1753 1073 γὰρ
1764 1038 1828 1070 τοὺς

1042 1082 1183 1116 προφήτας
1196 1080 1279 1114 λέγει,
1294 1081 1385 1116 ἐπειδὴ
1400 1081 1546 1116 ἐκήρυξαν,
1572 1083 1618 1108 καὶ
1633 1083 1669 1114 ὡς
1690 1082 1760 1118 ὕδωρ
1781 1083 1825 1116 ἐξ-

1042 1126 1127 1161 έχεον,
1140 1126 1204 1152 πνεὺ
1210 1135 1302 1158 arma;
1313 1127 1349 1159 ὡς
1361 1128 1439 1162 ἀέρες
1452 1127 1497 1154 τὸν
1514 1127 1584 1154 θεῖον
1597 1128 1672 1162 λόγον
1687 1130 1732 1156 καὶ
1745 1130 1827 1165 νόμον

1043 1171 1088 1197 ἐπὶ
1101 1171 1150 1205 τῆς
1165 1171 1226 1205 γῆς,
1248 1171 1316 1206 ὅπερ
1336 1172 1394 1197 ἐπὶ
1407 1171 1438 1197 τὸ
1459 1171 1593 1198 σκοτεινὸν
1612 1171 1694 1208 ὕδωρ.
1716 1173 1781 1199 ’Λπδ
1795 1172 1826 1199 δὲ

1040 1216 1090 1251 τῆς
1115 1217 1307 1252 τηλαυγήσεως
1329 1216 1411 1244 αὐτοῦ
1433 1216 1545 1244 ἐνώπιον
1559 1217 1682 1253 αὑτοῦ,ἣ
1704 1218 1740 1250 ὡς
1769 1219 1824 1246 ἀπὸ

1039 1262 1088 1297 τῆς
1105 1262 1147 1288 διὰ
1160 1262 1259 1297 σαρκὸς
1275 1262 1420 1297 ἐπιδημίας
1435 1262 1515 1289 αὑτοῦ
1535 1262 1688 1299 ἔμπροσθεν
1702 1263 1780 1290 αὑτοῦ
1796 1264 1825 1291 αἱ

1040 1308 1158 1342 νεφέλαι,
1172 1308 1255 1343 ἤγουν
1278 1309 1303 1334 οἱ
1333 1309 1482 1344 προφῆται,
1503 1308 1624 1336 ἔπαυσαν
1647 1310 1694 1336 καὶ
1716 1309 1826 1345 ὑπεχώ-

1040 1363 1135 1390 ρησαν.

1079 1399 1174 1436 Ἐρώτ.
1192 1404 1243 1428 πε’.
1261 1401 1294 1427 Τί
1311 1401 1384 1427 ἐστιν
1394 1410 1400 1416 ·
1418 1409 1428 1427 ι
1440 1401 1520 1437 Ὄρος
1533 1401 1602 1428 Σιὼν
1613 1401 1701 1435 τοῦτο,
1715 1401 1730 1428 ὃ
1743 1410 1824 1429 κατθ-

1039 1447 1181 1482 σκήνωσας
1192 1447 1220 1473 ἐν
1237 1447 1328 1482 αὑτῷ;
1346 1457 1356 1473 ›

1080 1493 1173 1519 ’Λπόκ.
1207 1493 1237 1519 Ἡ
1258 1493 1317 1519 θεία
1341 1493 1435 1528 Γραφὴ
1463 1493 1602 1528 πολλαχῶς
1623 1494 1766 1530 ἑρμηνεύει
1791 1494 1824 1521 τὸ

1000 1553 1021 1582 C
1037 1538 1109 1574 ὅρος.
1127 1539 1180 1564 Καὶ
1193 1538 1271 1565 τοῦτο
1288 1539 1336 1573 μὲν
1349 1538 1410 1574 ὅρος
1424 1538 1492 1566 Σιών
1505 1539 1578 1565 ἐστιν
1595 1540 1608 1565 ὁ
1622 1540 1703 1571 τόπος
1721 1540 1823 1575 Ἰερου-

1039 1583 1139 1618 σαλὴμ,
1152 1584 1180 1609 ἐν
1194 1581 1215 1617 ᾧ
1228 1583 1386 1619 κατῴκησεν
1400 1584 1414 1609 ὁ
1428 1583 1528 1620 Κύριος
1545 1584 1622 1620 ἡμῶν
1635 1585 1682 1611 καὶ
1693 1585 1758 1616 Θεὸς
1771 1585 1822 1620 Ἰη-

1038 1629 1100 1661 σοῦς
1116 1629 1231 1665 Χριστὸς
1255 1629 1404 1665 σαρκωθεὶς
1421 1630 1466 1656 ἐπὶ
1486 1630 1533 1664 τῆς
1550 1631 1610 1665 γῆς.
1637 1631 1717 1666 Ὄρος
1740 1630 1823 1658 πάλιν

1035 1672 1064 1698 δὲ
1088 1673 1188 1708 κυρίως
1209 1673 1334 1708 ὀνομάζει
1359 1673 1407 1708 τὴν
1435 1673 1584 1708 ὑπεραγίαν
1613 1674 1752 1707 Θεοτόκον,
1783 1675 1822 1708 ὡς

1036 1717 1098 1742 ὅταν
1115 1717 1201 1751 λέγει’
1217 1727 1226 1743 ‹
1248 1718 1284 1743 Τὸ
1301 1719 1373 1752 ὅρος.
1388 1717 1401 1744 ὅ
1416 1718 1560 1753 εὐδόκησεν
1575 1720 1588 1745 ὁ
1603 1719 1668 1751 Θεὸς
1683 1721 1820 1747 κατοικεῖν

1036 1764 1064 1789 ἐν
1077 1763 1159 1798 αὐτῷ·
1172 1765 1218 1790 καὶ
1230 1764 1284 1799 γὰρ
1297 1765 1311 1790 ὁ
1324 1765 1424 1799 Κύριος
1435 1765 1639 1800 κατασκηνώσει
1651 1767 1690 1797 εἰς
1701 1766 1787 1798 τέλος·
1805 1776 1816 1792 ι

1035 1808 1081 1834 καὶ
1092 1807 1207 1842 ἀλλαχοῦ
1218 1816 1224 1822 ·
1241 1818 1249 1833 ι
1275 1809 1302 1834 '0
1315 1809 1379 1840 Θεὸς
1396 1809 1448 1835 ἀπὸ
1463 1810 1555 1844 Θεμὰν
1568 1810 1636 1845 ἥξει,
1649 1811 1696 1836 καὶ
1714 1812 1728 1837 ὀ
1744 1812 1821 1845 ἅγιος

1034 1852 1063 1885 ἐξ
1083 1852 1161 1888 ὅρους
1177 1853 1322 1879 κατασκίου
1342 1854 1388 1879 καὶ
1402 1853 1513 1885 δασέως.
1537 1863 1546 1879 ι
1568 1854 1648 1888 Ὅρος
1668 1854 1697 1880 δὲ
1712 1854 1820 1888 λέγεται

1033 1899 1049 1933 ἡ
1069 1898 1132 1932 ἁγία
1149 1898 1286 1930 Θεοτόκος.
1313 1899 1389 1924 Ἐπεὶ
1403 1898 1496 1934 ὥσπερ
1513 1900 1537 1925 οἱ
1554 1900 1580 1925 ὲν
1594 1900 1631 1935 τῷ
1649 1900 1752 1935 κάμπῳ
1771 1909 1820 1927 πε-

1035 1943 1208 1979 ριπατοῦντες
1218 1964 1225 1975 ,
1256 1944 1302 1970 καὶ
1329 1944 1488 1978 φλεγόμενοι
1515 1945 1568 1971 ὑπὸ
1590 1945 1635 1970 τοῦ
1662 1945 1818 1980 καύματος,

1033 1990 1257 2025 προσεγγίξοντες
1281 1990 1310 2016 ἐν
1335 1989 1374 2025 τῷ
1402 1990 1476 2024 ὄρει,
1500 1989 1666 2026 δροσίζονται
1689 1991 1742 2016 ὑπὸ
1767 1991 1818 2025 τὴν

1033 2035 1111 2062 σκιὰν
1124 2035 1177 2061 τῶν
1193 2035 1307 2071 δένδρων
1320 2035 1366 2061 τοῦ
1387 2036 1483 2071 ὄρους,
1498 2036 1515 2071 ἢ
1536 2036 1583 2062 καὶ
1596 2036 1640 2063 διὰ
1653 2036 1700 2063 τοῦ
1721 2037 1817 2069 ὓδατος

1032 2081 1256 2118 παραμυθοῦνται
1280 2081 1324 2108 τὸν
1345 2081 1473 2108 καύσωνα
1494 2084 1543 2117 τῆς
1566 2082 1678 2116 φλογός·
1704 2083 1818 2118 τοιούτῳ

1030 2129 1122 2165 τρόπῳ
1138 2128 1233 2162 γέγονε
1249 2128 1295 2154 καὶ
1311 2129 1367 2159 τοῖς
1384 2128 1536 2164 ἀνθρώποις
1549 2129 1566 2164 ἡ
1585 2128 1653 2164 ἁγνὴ
1668 2129 1815 2164 Παρθένος,

1029 2174 1069 2210 τῷ
1082 2174 1220 2210 δροσισμῷ
1236 2175 1284 2209 τῆς
1306 2174 1453 2209 κυοφορῖας
1470 2175 1560 2212 αὐτῆς
1582 2174 1632 2206 τὰς
1647 2174 1737 2210 ψυχὰς
1760 2175 1815 2203 τῶν

197 2222 313 2253 vocavit,
327 2225 354 2249 et
369 2222 397 2248 in
421 2221 517 2248 umbra
532 2221 636 2248 alarum
649 2223 691 2249 sui
705 2221 766 2249 Filii
782 2222 859 2251 fovit.
874 2223 977 2251 Montes

1041 2220 1182 2256 ἱινορώπων
1208 2220 1446 2255 καταφλεγομένας
1467 2220 1519 2246 ὑπὸ
1538 2220 1588 2255 τῆς
1601 2221 1737 2255 ἁμαρτίας
1753 2222 1816 2248 ἁνε-

195 2275 261 2294 vero
274 2267 404 2294 dicuntur
426 2269 507 2294 etiam
529 2268 684 2300 daunones,
707 2273 818 2304 propter
843 2273 977 2296 tumorem

195 2313 337 2348 Superbiae.
353 2323 362 2338 ι
378 2313 428 2346 Qui
443 2313 528 2349 tangit
538 2319 653 2346 montes,
666 2318 692 2342 ct
703 2315 834 2350 fumigant
846 2316 879 2348 ",
894 2325 903 2341 ι
925 2315 978 2343 hoc

193 2363 253 2390 est,
271 2360 318 2394 qui
342 2359 511 2386 damonibus
539 2361 756 2395 appropinquat,
782 2361 828 2396 qui
848 2365 976 2396 tanquam

195 2405 286 2431 fumus
302 2404 472 2438 dissipantur
483 2408 510 2431 et
522 2408 698 2432 evanescunt.
714 2404 792 2431 Mons
809 2405 872 2431 item
887 2405 976 2432 virtus

192 2451 304 2481 dicitur,
321 2449 548 2484 quemadmodum
573 2454 686 2477 sanctus
709 2450 855 2485 Gregorius
875 2451 974 2485 inquit.

192 2496 332 2530 Siquidem
347 2496 429 2523 etiam
446 2496 472 2523 in
493 2496 544 2523 hoc
560 2500 651 2524 monte
668 2496 739 2524 Deus
761 2501 873 2532 apparet
887 2497 976 2524 homi-

191 2541 282 2570 nibus.
299 2542 357 2576 ipse
373 2542 484 2576 quidem
499 2550 514 2568 ιι
530 2543 572 2569 sui
588 2542 717 2569 domicilii
738 2543 848 2578 specula
861 2543 975 2570 descen-

190 2586 269 2616 dens.
293 2594 344 2612 nos
373 2594 437 2612 vero
486 2594 518 2612 ex
552 2586 604 2612 iuta
631 2586 784 2614 humilitate
825 2591 919 2614 nostra
947 2589 974 2615 in

189 2631 306 2657 sublime
320 2631 428 2658 tolletis.

224 2717 333 2749 Quasr.
357 2717 497 2746 LXXXVI.
519 2719 609 2752 Quare
634 2720 721 2747 virtus
746 2719 848 2747 dicitur
871 2722 971 2749 mons?

223 2762 305 2791 Resn.
323 2763 390 2796 Quia
413 2765 485 2791 sicut
510 2773 588 2792 mons
602 2766 653 2793 etsi
680 2766 806 2794 excelsus
827 2770 971 2801 estsunra

223 2841 245 2854 "
265 2840 334 2867 Fsal.
353 2849 398 2867 cur
411 2862 417 2871 .
435 2843 480 2873 ‘ll.
506 2842 552 2869 22.

189 2883 234 2908 tu,
250 2877 275 2903 5.
315 2878 334 2891 ³·
358 2876 428 2904 Psu-I.
449 2886 514 2910 ειη,
534 2879 578 2905 52.

609 2843 628 2858 ¹⁷
650 2842 721 2870 Psal.
739 2850 812 2876 xvu,
835 2843 882 2880 ίΞΞι
899 2844 940 2871 l5.

991 2845 1014 2861 "
1033 2844 1106 2873 Psal.
1129 2853 1231 2880 tum,
1251 2847 1277 2874 Ξ.

1030 2265 1122 2298 ζώωσε
1133 2286 1140 2297 ,
1165 2267 1212 2292 καὶ
1226 2267 1259 2301 τῇ
1281 2266 1345 2301 σκιᾷ
1359 2266 1412 2292 τῶν
1430 2265 1572 2301 πτερύγων
1582 2266 1628 2293 τοῦ
1646 2267 1710 2293 Υἱοῦ
1730 2267 1814 2302 αὐτῆς

1030 2311 1219 2347 περιέθαλψεν.
1235 2312 1316 2348 Ὄρος
1330 2311 1359 2338 δὲ
1380 2311 1503 2346 λέγονται
1520 2313 1566 2339 καὶ⁸
1585 2314 1609 2339 οἱ
1629 2313 1754 2349 δαίμονες
1770 2314 1814 2340 διὰ

1028 2358 1073 2384 τὸν
1087 2357 1167 2391 ὄγκον
1190 2357 1240 2392 τῆς
1265 2358 1462 2393 ὑπερηφανίας.
1492 2368 1501 2383 ι
1532 2359 1561 2384 ὐ
1582 2359 1735 2394 ἁπτόμενος
1757 2360 1811 2387 τῶν

1027 2403 1123 2438 ὁρέων,
1141 2403 1187 2430 καὶ
1202 2403 1394 2435 καπνίζονται·
1414 2413 1423 2429 ι
1439 2404 1576 2431 τουτέστιν
1591 2405 1606 2431 ό
1625 2406 1814 2441 προσεγγίζων

1026 2450 1083 2480 τοῖς
1098 2449 1216 2484 δαίμοσι,
1239 2449 1286 2475 καὶ
1301 2449 1338 2480 ὼς
1354 2449 1456 2481 καπνὸς
1477 2450 1629 2478 διαλύονται
1652 2452 1699 2478 καὶ
1715 2452 1813 2486 ἀφανι-

1026 2494 1126 2526 ζονται.
1150 2496 1230 2530 Ὄρος
1247 2494 1275 2520 δὲ
1293 2495 1411 2529 λέγεται,
1431 2496 1477 2522 καὶ
1497 2497 1513 2531 ἡ
1531 2496 1630 2532 ἀρετὴ,
1650 2497 1741 2529 καθὼς
1753 2499 1767 2524 ὁ
1783 2499 1811 2525 ὲν

1026 2539 1113 2573 ἁγίοις
1130 2540 1277 2575 Γρηγόριός
1296 2549 1393 2575 φησιν*
1414 2542 1475 2567 ἐπεὶ
1492 2542 1539 2568 καὶ
1552 2543 1580 2568 ὲν
1597 2542 1635 2578 τῷ
1653 2543 1711 2578 ὄρει
1726 2543 1811 2578 τούτῳ

1025 2585 1090 2616 Θεὸς
1109 2585 1261 2622 ἀνθρώποις
1283 2586 1456 2620 φαντάζεται,
1476 2588 1506 2614 τὸ
1527 2589 1617 2623 μέντοι
1641 2589 1811 2616 καταϐαίνων

1027 2631 1080 2658 ἀπὸ
1100 2631 1150 2667 τῆς
1164 2632 1267 2664 οἰκείας
1290 2634 1449 2668 περιωπῆς,
1468 2634 1498 2660 τὸ
1513 2633 1541 2660 δὲ
1558 2635 1632 2669 ἡμᾶς
1647 2634 1755 2668 ἀνάγων
1778 2634 1810 2661 ἐκ

1025 2678 1074 2712 τῆς
1085 2677 1205 2704 κάτωθεν
1222 2678 1419 2710 ταπεινώσεως.

1067 2722 1162 2758 Ἐρώτ.
1181 2727 1239 2755 πς¹.
1253 2724 1302 2750 Διὰ
1316 2725 1342 2750 τί
1357 2724 1462 2758 λέγεται
1477 2724 1538 2760 ὄρος
1553 2725 1568 2759 ἡ
1586 2725 1687 2760 aperi];

1067 2769 1160 2796 ’Λπόκ.
1184 2769 1291 2806 Ἐπειδὴ
1315 2770 1409 2806 ὥσπερ
1423 2771 1453 2797 τὸ
1469 2771 1530 2806 ὅρος
1556 2771 1656 2807 ὑψηλὸν
1680 2770 1732 2805 τῆς
1747 2770 1808 2806 γῆς,

1330 2848 1350 2863 ’⁵
1371 2845 1444 2874 i‘sal.
1457 2855 1554 2875 ~uvu.
1574 2848 1616 2875 l7.
1669 2848 1691 2863 ⁸⁸
1704 2846 1806 2874 Hahae.
