1940 3068
65 209 115 239 πο

645 202 875 240 QUESTIONLS
894 201 927 230 IN
952 201 1119 232 PSALMOS.

1635 203 1687 232 750

64 266 251 304 χαμηλότερον
264 265 292 294 δὲ
307 265 354 293 τοῦ
367 266 492 302 οὐρανοῦ,
508 265 594 298 οὕτως
607 266 665 292 ἐστὶ
684 265 732 292 καὶ
743 266 757 291 ὁ
770 265 852 300 ἔργα·

908 266 1015 294 terram,
1032 262 1102 290 ctelo
1129 265 1219 289 tamen
1240 264 1283 289 est
1303 260 1443 295 humilior,
1463 261 1500 289 ita
1513 260 1560 297 qui
1577 261 1604 289 in
1631 261 1704 289 vita,

65 315 178 350 ξάμενος
198 313 248 349 τὴν
267 314 382 349 ἀρετήν·
400 313 563 348 ὑψηλότερος
581 312 629 348 μὲν
648 311 704 338 ἔστι
720 311 769 346 τῆς
789 310 853 345 γῆς,

64 360 131 386 διότι
145 359 281 395 ἁνὼτερος
296 359 413 394 ὑπάρχει
424 358 477 384 τῶν
490 358 622 393 βιωτικῶν
635 357 792 393 φροντίδων,
806 356 854 383 καὶ

64 405 119 432 τῶν
137 405 185 432 τοῦ
200 406 302 440 κόσμου
317 404 403 431 ὑλῶν·
419 404 604 440 χαμηλότερος
621 403 649 430 δὲ
668 403 786 438 ὑπάρχει
805 402 852 428 τοῦ

63 453 192 488 οὐρανοῦ,
214 452 307 487 ἐπειδὴ
328 453 420 488 ἀκμὴν
438 453 468 479 ὲν
482 452 522 488 τῷ
537 452 586 487 βίῳ
604 452 690 487 τούτῳ
715 451 783 482 εστὶ,
807 450 854 476 καὶ

63 499 114 525 οὐκ
127 498 257 530 ἀπέθανε,
275 498 317 524 ἵνα
341 498 509 533 ὲλευθερωθῇ
531 497 669 529 παντελῶς
685 496 732 523 τοῦ
749 497 852 531 κόσμου

63 544 171 571 τούτου’
186 544 233 570 καὶ
253 545 281 572 ὲν
294 543 381 579 τούτῳ
393 544 497 570 ἵσταται
511 543 592 578 μέσον
605 542 719 577 οὐρανοῦ
731 543 779 569 καὶ
789 542 852 577 γῆς,

63 590 190 625 καθάπερ
205 599 231 616 τι
244 590 316 625 ὅρος,
335 589 373 621 ὡς
389 590 511 625 εἴρηται·
523 589 615 624 ἐπειδὴ
628 589 684 621 καὶ,
706 598 715 614 ‹
733 589 801 623 ὐρη
820 588 856 615 τὰ

63 636 156 672 ὑψηλὰ
172 638 232 668 ταῖς
249 637 368 671 ἐλάφοις,
395 646 404 662 ι
427 637 490 663 ὅταν
504 636 588 670 λέγει,
604 636 652 667 τὰς
670 635 774 671 ὑψηλὰς
790 636 854 670 ἁρε-

62 682 113 714 τὰς
137 682 280 717 ὀνομάζει’
302 682 418 717 ἐλάφους
438 682 466 709 δὲ
485 682 535 714 τὰς
556 682 644 717 ψυχὰς
668 681 721 708 τῶν
746 681 830 716 ἁγίων
844 689 851 696 θ

62 728 157 764 ἐπειδὴ
169 729 198 755 ὲν
211 729 269 760 ταῖς
283 728 397 764 ὑψηλαῖς
405 728 460 755 τῶν
476 728 582 764 ἀρετῶν
594 728 746 764 ἐργασίαις,
761 727 854 763 ὥσπερ

63 774 158 809 ἔλαφοι
186 775 215 801 ὲν
240 774 280 809 τῷ
304 774 379 810 ὄρει,
405 773 611 810 τριϐοὗατοῠσιν
636 774 664 800 αἱ
688 773 773 809 ψυχαὶ
799 773 854 801 τῶν

63 821 161 855 ἁγίων.
194 821 285 854 Πέτρα
305 821 334 847 δὲ
354 820 498 856 καταφυγὴ
523 822 579 852 τοῖς
604 820 719 854 λαγωοῖς
743 821 817 846 ἐστιν
839 820 854 846 ὁ

61 867 192 902 Χριστός.
211 866 342 902 ’Υπάρχει
360 866 388 893 δὲ
401 867 546 902 καταφυγὴ
560 865 614 892 τῶν
626 866 655 892 έν
675 866 770 902 ἐρήμῳ
787 865 854 892 καθ-

61 912 212 947 εζομένων.

105 958 203 994 Ἐρώτ.
219 956 272 989 πζ’.
284 957 317 984 Τί
333 957 407 992 λέγει
425 957 473 984 τοῦ
493 957 605 993 ὲρωδιοῡ
624 958 640 994 ἡ
657 957 799 991 κατοικίας

104 1047 200 1074 ’Δπόκ.
223 1047 253 1073 '0
267 1047 376 1083 ἑρωδιὸς
388 1047 480 1083 δρνεόν
496 1047 580 1078 ἐστιν,
593 1046 630 1078 ὡς
643 1046 752 1081 λέγουσί
763 1055 835 1078 τινες
845 1053 854 1062 ο

59 1093 92 1128 τὸ
111 1093 140 1119 δὲ
154 1093 247 1128 ὄρνεον
265 1093 381 1127 φωλεύει
398 1094 426 1120 ἐν
443 1093 539 1128 ἐρήμῳ
552 1092 627 1128 τόπῳ
642 1093 671 1119 ὲν
688 1094 792 1128 κορυφῇ
812 1101 853 1118 τι-

61 1147 108 1170 νος
132 1139 252 1174 δένδρου.
279 1139 423 1174 Ἔρχονται
444 1139 472 1165 δὲ
493 1139 527 1165 τὰ
547 1139 632 1174 μικρὰ
652 1138 788 1174 στρουθία,
807 1138 854 1165 καὶ

61 1185 232 1220 φωλεύουσιν
249 1185 377 1212 ὑποκάτω
394 1185 475 1212 αὑτοῦ
490 1185 612 1221 γύρωθεν
635 1186 663 1212 ὲν
685 1185 724 1220 τῷ
741 1185 852 1220 δένδρῳ.

67 1231 192 1265 Ἠγείται
206 1231 234 1257 δὲ
249 1230 338 1258 αὐτῶν
357 1231 404 1258 καὶ
417 1231 610 1263 ὲπικαθέζεται
627 1232 644 1266 ἡ
662 1231 784 1258 κατοικία
805 1230 853 1257 τοῦ

61 1276 188 1310 ὲρωδιοῦ,
217 1276 346 1310 φυλάττει
363 1276 392 1303 δὲ
414 1276 500 1303 ταῦτα
525 1277 580 1303 ἀπὸ
604 1276 657 1303 τῶν
684 1276 854 1312 φθοροποιῶν

62 1321 199 1358 ἑρπετῶν,
217 1321 269 1348 τῶν
286 1321 415 1348 θελόντων
431 1321 556 1348 κακῶσαι
571 1321 650 1348 αὐτὰ.

106 1368 203 1404 Ἐρώτ.
231 1371 287 1403 πη’.
311 1368 343 1394 Τί
366 1368 441 1402 λέγει
464 1369 478 1394 ὁ
503 1369 658 1404 Προφήτης,
679 1368 742 1395 ὅταν
762 1368 852 1403 λέγει·

65 1424 74 1440 ι
102 1414 150 1445 Εἰς
166 1414 196 1440 τὸ
214 1413 289 1444 τέλος
307 1413 343 1449 μὴ
360 1413 518 1449 διαφθείρῃς
530 1413 569 1448 τῷ
581 1413 681 1445 Δαὸίδ;
700 1423 708 1438 ι

107 1460 202 1487 Ἀπόκ.
220 1460 301 1492 Τέλος
318 1459 391 1494 λέγει
410 1460 424 1486 ὁ
437 1460 582 1495 Προφήτης
595 1460 644 1495 τῆς
660 1458 756 1486 ἑαυτοῦ
771 1458 852 1494 ζωῆς.

67 1506 229 1538 Ἐπεύξεται
250 1505 337 1532 τοίνυν
359 1507 373 1532 ὁ
395 1506 550 1541 Προφήτης,
573 1505 616 1532 ἵνα
637 1504 674 1540 μὴ
694 1505 805 1539 γένηται
823 1504 854 1530 τὸ

60 1552 139 1584 τέλος
149 1553 200 1587 τῆς
213 1551 286 1586 ζωῆς
305 1551 352 1578 καὶ
366 1551 502 1587 περιπέσῃ
518 1552 557 1582 εἰς
572 1550 673 1585 βλάϐην
691 1550 760 1576 τινά.
775 1550 854 1576 Πᾶσα

59 1599 117 1634 γὰρ
133 1599 150 1634 ἡ
167 1599 223 1634 ζωὴ
238 1597 285 1624 τοῦ
302 1597 456 1633 ἀνθρώπου,
474 1598 521 1623 ἐὰν
535 1596 676 1632 ὄατιανηθῇ
691 1596 792 1627 κακῶς,
806 1594 854 1621 καὶ

60 1645 92 1672 τὸ
120 1644 197 1675 τέλος
222 1643 304 1670 αὐτοῦ
323 1643 434 1678 γένηται
460 1642 587 1678 χρηστὸν,
614 1641 694 1677 χάρις
719 1640 766 1667 καὶ
789 1639 852 1672 δόξα

60 1691 148 1718 ἐστίν.
159 1690 222 1716 Ἐὰν
237 1689 265 1716 δὲ
282 1689 311 1716 τὸ
325 1689 399 1720 τέλος
416 1689 604 1723 καταστραφῇ.
621 1686 700 1713 τοῦτο
717 1685 851 1722 ἀθλιότης.

60 1737 114 1764 Διὰ
129 1735 210 1763 τοῦτο
231 1735 376 1770 ἐπεύχεται
391 1736 405 1761 ὁ
420 1734 566 1770 Προφήτης
585 1732 710 1767 γενέσθαι
727 1732 758 1758 τὸ
778 1732 854 1763 τέλος

60 1783 113 1818 τῆς
128 1781 203 1817 ζωῆς
225 1780 308 1808 αὐτοῦ
325 1779 423 1806 καλόν·
446 1781 493 1806 ἐπὶ
515 1779 592 1806 τοῦτο
611 1779 659 1806 καὶ
676 1778 729 1814 γὰρ
747 1777 853 1813 ψαλμὸν

61 1828 264 1864 ωνεγρὰψατο.

105 1873 203 1909 Ἐρώτ.
219 1872 272 1899 πῖθ’.
291 1873 323 1898 Τί
338 1872 427 1907 λέγει’
448 1882 457 1898 ι
476 1872 666 1908 Καυχήσονται
685 1872 752 1898 ὅσιοι
770 1871 797 1898 ὲν
813 1871 854 1898 δό-

63 1919 108 1956 ξῃ,
120 1920 168 1946 καὶ
184 1919 393 1953 ἀγαλλιάσονται
408 1919 454 1945 ἐπὶ
467 1918 520 1945 τῶν
534 1918 631 1945 κοιτῶν
646 1918 751 1950 αὑτῶνς
772 1927 780 1943 ι

108 2010 205 2036 Ἀπόκ.
242 2009 346 2040 Ὀσίους
381 2008 454 2042 λέγει
485 2009 548 2039 τοὺς
577 2007 778 2042 πνευματικοὺς
808 2006 855 2032 καὶ

62 2056 160 2091 ἁγίους
184 2054 343 2090 ἀνθρώπους
354 2076 361 2088 ,
377 2055 473 2084 οἵτινες
488 2054 642 2089 καυχῶνται
661 2052 728 2088 μετὰ
742 2052 855 2078 θάνατον

61 2103 112 2130 ἐπὶ
125 2103 187 2133 ταῖς
201 2101 305 2133 κοίταις
320 2101 416 2128 αὐτῶν.
433 2102 528 2128 Κοῐται
543 2100 571 2126 δέ
586 2101 653 2126 εἰσιν
667 2100 694 2125 at!
711 2097 790 2133 μοναὶ
802 2097 855 2124 τῶν

62 2148 163 2182 ἁγίων,
181 2146 213 2178 ἂς
230 2147 385 2182 εὑρίσκουσι
404 2146 472 2182 μετὰ
490 2146 615 2177 θάνατον,
633 2145 679 2172 καὶ
696 2144 856 2179 ἀγάλλονται

62 2195 91 2220 ἐν
109 2195 143 2228 τῇ
161 2192 285 2228 βασιλεία
301 2193 354 2219 τῶν
371 2192 502 2227 οὐρανῶν.

99 2240 158 2274 Τὴν
174 2239 202 2264 ἐν
221 2238 279 2274 Θεῷ
294 2239 431 2265 τελείωσιν
449 2238 611 2265 διδάσκουσα
635 2239 651 2273 ἡ
675 2237 734 2264 θεία
750 2237 856 2272 Γραψὴ,

903 315 953 336 sua
967 309 1094 335 virtutem
1110 311 1237 335 exercet:
1256 311 1328 335 terra
1344 307 1453 343 quidem
1477 312 1520 335 est
1540 308 1686 340 excelsior,

902 361 935 381 eo
948 353 1019 388 quod
1031 353 1113 388 hujus
1129 354 1190 380 vitae
1203 361 1284 380 curas
1298 359 1325 381 ct
1336 353 1430 380 mundi
1441 354 1548 389 negotia
1561 357 1686 388 superet;

903 399 1082 426 nihilominus
1113 403 1204 425 tamen
1229 402 1271 426 est
1300 398 1414 426 inferior
1428 399 1519 430 εωιο,
1543 403 1687 434 propterea

903 444 976 479 quod
1002 445 1092 472 adhuc
1120 445 1148 471 in
1177 445 1228 471 hac
1245 445 1300 471 vita
1319 445 1437 477 exsistit,
1459 449 1486 472 et
1503 445 1622 472 nondum
1645 449 1688 473 est

904 496 1039 523 mortuus,
1060 495 1089 518 ut
1112 492 1220 526 penitus
1243 491 1294 518 hoc
1319 492 1420 519 mundo
1436 493 1574 520 liberetur.
1599 493 1688 527 Atque

903 537 938 563 ob
957 536 983 563 id
998 537 1068 563 inter
1081 537 1181 564 uelum
1195 539 1352 571 terramque
1375 540 1448 564 tenet
1468 537 1598 570 medium,
1616 539 1689 566 sicut

902 590 993 614 mons,
1008 583 1235 617 quemadmodum
1253 583 1354 610 dictum
1378 587 1429 611 est.
1449 583 1551 612 Deinde
1571 593 1632 612 cum
1646 585 1688 612 die

903 629 942 655 cit
954 638 960 655 :
974 639 983 654 ‹
999 628 1103 656 Montes
1117 628 1218 656 excelsi
1233 629 1322 656 cervis
1333 629 1354 645 ”
1367 649 1374 662 ,
1394 640 1402 655 ι
1415 630 1483 657 altos
1506 635 1624 664 montes,
1641 640 1689 659 ex-

903 676 994 704 celsas
1014 675 1153 708 virtutes;
1182 683 1278 703 cervas
1301 683 1378 708 vero,
1401 680 1557 703 sanctorum
1582 678 1688 706 animas

903 726 1002 749 vocat:
1020 721 1240 756 quandoquidem
1255 721 1282 748 in
1300 721 1416 749 excelsis
1430 722 1586 751 actionibus
1602 723 1689 750 virtu-

903 772 970 800 tum,
999 768 1072 795 sicut
1088 769 1116 795 in
1143 768 1283 796 montibus
1303 775 1398 801 cervae,
1423 772 1568 795 versantur
1592 768 1690 796 anima

904 818 1075 842 sanctorum.
1103 813 1183 842 Petra
1208 821 1272 842 vero
1294 813 1431 849 refugium
1464 814 1622 849 leporibus,
1645 819 1689 842 est

903 861 1039 888 Christus.
1067 859 1168 895 Estque
1185 860 1322 895 refugium
1343 867 1456 894 eorum,
1484 861 1531 896 qui
1547 861 1644 889 sedent
1660 862 1690 890 in

904 907 1024 934 deserto.

869 942 891 969 Β
939 952 1048 986 Qumsr.
1064 951 1218 980 LXXXVII.
1236 951 1305 984 Quid
1323 951 1470 987 signiﬁcat,
1485 952 1619 980 habitatio
1639 954 1689 981 he-

904 999 994 1026 rodii?

940 1044 1021 1073 III-15p.
1043 1045 1189 1077 Hcrodius,
1209 1049 1239 1072 ut
1263 1045 1346 1080 aliqui
1364 1045 1469 1079 dicunt,
1483 1050 1525 1074 est
1542 1047 1611 1079 avis,
1627 1055 1690 1082 qua

903 1091 1000 1118 nidum
1015 1091 1043 1118 in
1058 1091 1167 1118 deserto
1179 1091 1250 1123 loco,
1263 1091 1290 1118 in
1303 1091 1409 1119 arboris
1420 1091 1537 1127 alicujus
1547 1093 1690 1123 cacumine

903 1137 1028 1164 collocat.
1045 1136 1165 1164 Veniunt
1178 1145 1244 1164 vero
1258 1138 1421 1172 passerculi,
1437 1141 1465 1165 et
1486 1138 1582 1166 subter
1600 1139 1689 1174 ipsam

903 1183 1119 1218 circumquaque
1148 1183 1177 1210 in
1208 1183 1308 1211 arbore
1333 1184 1486 1212 nidiﬁcant.
1515 1184 1574 1212 Dux
1597 1189 1690 1214 autem

904 1229 1026 1263 ipsorum
1044 1233 1097 1260 est,
1118 1229 1213 1264 eisque
1235 1230 1431 1265 superponitur
1445 1230 1544 1259 domus
1566 1231 1690 1265 berodii,

905 1281 965 1309 qua
990 1282 1038 1302 eos
1065 1282 1079 1301 a
1104 1275 1210 1303 nocivis
1238 1276 1382 1311 rcptilibus
1406 1284 1466 1312 qua:
1493 1276 1567 1312 ipsos
1594 1277 1691 1306 laedere

906 1321 1012 1352 volunt,
1030 1321 1159 1348 custodit.

940 1366 1050 1399 Qumsr.
1077 1366 1244 1395 LXXXVIII.
1278 1367 1348 1401 Quid
1376 1368 1434 1395 vult
1460 1368 1595 1404 Propheta
1627 1377 1690 1397 cum

904 1411 1011 1446 inquit:
1030 1421 1040 1437 ι
1055 1412 1085 1439 In
1101 1412 1180 1440 ﬁnem
1199 1421 1233 1442 ne
1250 1414 1348 1449 perdas
1361 1413 1446 1442 David
1455 1415 1500 1442 "?
1517 1425 1527 1441 ι

938 1455 1020 1484 Resp.
1049 1456 1142 1485 Finem
1168 1466 1225 1486 suae
1251 1459 1331 1490 vita,
1357 1459 1425 1486 dicit
1451 1459 1599 1495 Propheta.
1624 1459 1692 1488 Orat

904 1501 995 1536 itaque
1021 1501 1157 1537 Propheta
1178 1511 1213 1531 ne
1239 1504 1300 1531 vitae
1321 1512 1376 1532 sua:
1400 1504 1461 1532 ﬁnis
1487 1505 1594 1537 veniat,
1623 1513 1692 1533 neve

904 1547 1009 1576 incidat
1033 1549 1060 1575 in
1091 1549 1202 1584 aliquod
1225 1549 1364 1577 damnum.
1393 1551 1461 1577 Nam
1488 1554 1544 1578 tola
1571 1551 1692 1579 hominis

905 1594 960 1621 vita
986 1594 1009 1621 si
1036 1595 1107 1622 male
1132 1599 1288 1629 transacta,
1313 1595 1377 1623 ﬁnis
1399 1600 1490 1624 autem
1514 1597 1574 1632 ejus
1601 1597 1691 1625 bonus

904 1639 996 1672 fuerit,
1011 1640 1099 1674 gratia
1112 1644 1154 1668 est
1176 1645 1203 1668 et
1224 1641 1320 1676 gloria.
1351 1641 1379 1669 Si
1401 1649 1467 1669 vero
1485 1643 1547 1670 linis
1565 1642 1690 1670 funestus

903 1687 994 1720 fuerit,
1007 1687 1059 1714 hoc
1087 1688 1196 1715 demum
1217 1692 1259 1716 est
1281 1689 1422 1716 miserum.
1452 1689 1517 1717 Orat
1537 1697 1601 1725 ergo
1621 1690 1691 1716 Pro-

903 1733 994 1768 pheta,
1011 1737 1040 1761 ut
1057 1734 1181 1761 sutevitae
1198 1734 1259 1762 ﬁnis
1273 1734 1360 1762 bonus
1378 1735 1414 1762 sit
1435 1744 1441 1762 :
1461 1743 1524 1762 nam
1542 1734 1603 1762 ideo
1623 1742 1691 1763 con-

903 1779 1014 1814 scripsit
1037 1779 1109 1806 hunc
1123 1780 1268 1815 psalmum.

940 1869 1021 1904 272
1037 1869 1148 1902 Qumsr.
1171 1868 1313 1896 LXXXIX.
1333 1869 1404 1904 Quid
1429 1873 1471 1899 est
1488 1871 1560 1906 quod
1579 1871 1688 1907 inquit:

908 1924 916 1940 ι
930 1915 1129 1943 Gloriabuntur
1151 1917 1240 1944 sancti
1256 1917 1283 1944 in
1300 1917 1402 1953 gloria,
1424 1921 1451 1945 et
1468 1918 1646 1946 exsultabunt
1662 1918 1691 1946 in

905 1961 1043 1989 cubilibus
1059 1962 1117 1988 suis
1129 1962 1170 1989 ³⁵2
1182 1972 1191 1988 ι

939 2007 1020 2035 RESP.
1042 2007 1160 2036 Sanctos
1180 2008 1247 2036 dicit
1260 2009 1416 2045 spirituales
1439 2014 1465 2036 et
1480 2010 1581 2045 probos
1599 2010 1690 2038 homi~

905 2061 965 2086 nes,
991 2053 1038 2088 qui
1064 2054 1255 2089 gloriabuntur
1277 2058 1338 2090 post
1364 2059 1478 2082 mortem
1505 2055 1532 2082 in
1553 2056 1690 2084 cubilibus

906 2100 974 2126 suis.
990 2099 1098 2126 Cubilia
1114 2107 1177 2127 vero
1189 2104 1253 2127 sunt
1268 2100 1424 2128 mansiones
1438 2104 1606 2134 sanctorum,
1621 2110 1690 2137 quas

906 2149 968 2180 post
991 2150 1107 2174 mortem
1125 2145 1279 2178 inveniunt,
1295 2150 1321 2173 et
1339 2146 1477 2174 exsultant
1491 2147 1520 2174 in
1532 2154 1617 2182 regno
1633 2155 1690 2175 cat—

907 2191 1005 2218 lorum.

943 2237 1051 2264 Exitum
1065 2237 1127 2265 vitae
1149 2238 1178 2265 in
1202 2238 1288 2272 gratia
1312 2237 1360 2266 Dei
1377 2238 1566 2266 obvenientcm
1586 2239 1689 2267 docens

63 2286 114 2312 καὶ
127 2285 254 2319 δηλοῦσα,
268 2285 408 2320 ὠνόμασεν
423 2284 508 2319 αὐτὴν
520 2284 614 2317 ὕπνον,
626 2284 673 2310 καὶ
688 2283 791 2319 κοίτην,
808 2283 853 2309 καὶ

908 2287 932 2310 et
956 2283 1104 2311 ostendens
1139 2283 1231 2310 divina
1259 2283 1418 2318 Scriptura,
1444 2285 1552 2311 vocavit
1579 2285 1689 2319 ipsum,

62 2330 177 2366 κλίνην,
195 2331 241 2357 καὶ
257 2330 382 2358 θάνατον.
410 2330 513 2356 ’Ὕπνον
537 2330 596 2363 μὲν,
613 2329 650 2360 ὡς
673 2330 736 2355 ὅταν
755 2329 827 2363 λέγει
842 2329 856 2354 ὁ

63 2375 166 2402 Δαϐἰδ·
186 2386 194 2402 t
220 2377 263 2403 Ἐν
278 2378 373 2412 εἰρήνῃ
392 2377 436 2403 ἐπὶ
452 2376 482 2402 τὸ
502 2376 566 2403 αὐτὸ
586 2375 790 2411 κοιμηοήσομαι
810 2376 856 2402 καὶ

64 2421 200 2448 ὑπνώσω¹
212 2431 222 2447 ›
235 2422 294 2457 ἦτοι
308 2423 354 2448 ἐπὶ
369 2422 399 2448 τὺ
412 2421 477 2448 αὐτὸ
491 2421 667 2456 καταντήσω·
677 2421 800 2456 σχολάσω
817 2422 856 2452 εἰς

64 2467 133 2494 αὐτὸ
147 2468 177 2494 τὸ
189 2466 238 2503 ζῇν
246 2463 274 2494 ἐν
284 2467 352 2502 Θεῷ,
363 2467 433 2494 κατᾶ
448 2468 493 2493 τὸν
509 2467 620 2493 εἰπόντα
635 2466 711 2500 ἅγιον
728 2466 856 2492 Ἀπόστο-

64 2513 111 2539 λον
121 2522 127 2528 -
148 2523 157 2539 ι
174 2513 216 2540 Ζῶ
226 2513 254 2539 δὲ
267 2513 318 2539 οὐκ
330 2513 370 2539 ἑτι
385 2512 450 2546 ἐγὼ,
465 2512 498 2548 ζῇ
518 2512 546 2539 δὲ
563 2513 591 2538 ἐν
601 2513 662 2547 ἐμοὶ
675 2513 688 2537 ὁ
699 2512 824 2547 Χριστός
844 2521 853 2537 ι

65 2559 162 2594 κοίτην
178 2559 221 2589 δὲ,
237 2559 274 2590 ὡς
291 2559 354 2585 ὅταν
382 2558 472 2592 λέγει·
502 2568 511 2583 ι
531 2559 720 2594 Καυχήσονται
742 2559 809 2584 ὅσιοι
827 2559 856 2584 έν

65 2604 140 2640 δόξῃ,
164 2604 211 2630 καὶ
234 2604 442 2638 ἁγαλλιάσονται
461 2604 507 2631 ἐπὶ
527 2604 579 2631 τῶν
601 2604 698 2631 κοιτῶν
718 2604 818 2630 αὐτῶν.
844 2614 852 2629 ι

66 2649 173 2685 Ὠσπερ
191 2649 244 2685 γὰρ
265 2651 279 2676 ό
294 2651 322 2676 ἐν
343 2652 375 2686 τῇ
396 2650 473 2685 κοίτῃ
493 2650 582 2677 πεσὼν
601 2650 789 2677 ἀναπέπαυται
809 2650 856 2676 καὶ

65 2696 145 2722 ὑπνοῖ
161 2696 263 2731 ἡδέως·
283 2696 369 2728 οὓτως
384 2697 431 2723 καὶ
445 2698 458 2723 ὁ
478 2696 631 2728 τελειωθεὶς
650 2698 678 2723 έν
704 2696 781 2731 Θεῷ,
807 2696 853 2723 κοιλ¹

65 2743 172 2776 φθάσας
194 2743 234 2773 εἰς
257 2742 341 2777 ἄνδρα
361 2742 473 2770 τέλειον.
495 2743 534 2773 εἰς
557 2742 654 2778 μέτρον
676 2742 784 2778 ἡλικίας
805 2742 852 2768 τοῦ

66 2788 249 2823 πληρώματος
277 2788 324 2814 τοῦ
348 2787 480 2823 Χριστοῦ,
510 2788 700 2814 ἀναπέπαυται
728 2789 757 2814 ὲν
782 2787 852 2822 Θεῷ.

66 2833 160 2870 ὣσπερ
176 2835 270 2870 κοίτην
286 2833 436 2869 ἡγούμενος
452 2833 501 2870 τὴν
517 2834 545 2861 ὲν
559 2833 617 2869 Θεῷ
635 2833 782 2861 τελείωσιν.
801 2833 854 2860 Πό-

113 2911 133 2926 ³¹
152 2911 226 2938 Psal.
254 2919 312 2938 cut.
338 2911 380 2939 I8.
419 2912 440 2928 ³³
458 2911 529 2939 Psnl.
558 2919 622 2944 Lvl,
644 2911 668 2939 I.

63 2953 148 2973 crux
163 2968 169 2980 ,
187 2947 214 2974 5.

707 2911 729 2928 “
748 2911 821 2940 Psal.
839 2919 934 2944 cxttx,
955 2912 981 2939 ὅ.

905 2336 1042 2361 somnum,
1057 2329 1158 2361 cubile,
1176 2329 1285 2361 lectum,
1300 2333 1327 2357 et
1343 2334 1468 2357 mortem.
1484 2329 1614 2357 Somnum
1627 2331 1690 2365 qui-

904 2374 964 2403 dem
980 2378 1069 2406 vocat,
1082 2379 1111 2401 ut
1126 2382 1187 2402 cum
1205 2376 1243 2401 ait
1255 2375 1357 2402 David:
1375 2385 1384 2401 ι
1400 2375 1429 2403 In
1444 2383 1511 2411 pace
1525 2376 1553 2403 in
1569 2376 1688 2411 idipsum

905 2420 1038 2447 dormiam
1055 2424 1082 2448 et
1106 2421 1277 2455 requiescam
1290 2421 1330 2454 ";
1348 2431 1357 2447 ι
1382 2422 1409 2448 in
1428 2422 1547 2457 idipsum
1562 2421 1690 2451 videlicet

904 2473 1059 2497 occurram.
1075 2471 1101 2494 et
1122 2467 1185 2494 huic
1202 2468 1241 2494 rei
1269 2475 1381 2503 operam
1403 2467 1485 2500 dabo,
1499 2472 1529 2495 ut
1554 2469 1642 2496 vivam
1660 2469 1689 2496 in

905 2511 970 2543 Deo.
989 2513 1067 2546 juxta
1083 2517 1208 2540 sanctum
1224 2513 1394 2548 Apostolum.
1409 2513 1455 2549 qui
1471 2513 1558 2549 inquit
1572 2523 1580 2541 :
1599 2524 1608 2540 ι
1621 2514 1690 2543 Vivo

905 2563 994 2585 autem
1009 2558 1064 2594 jam
1077 2566 1130 2586 non
1146 2567 1207 2595 ego,
1223 2559 1289 2586 vivit
1304 2567 1368 2586 vero
1384 2560 1412 2586 in
1431 2568 1473 2587 me
1485 2559 1615 2588 Christus
1627 2561 1657 2588 '°.
1677 2571 1686 2586 ι

906 2603 1003 2631 Cubile
1027 2611 1091 2631 vero
1119 2608 1215 2637 vocat,
1241 2613 1302 2632 cum
1328 2605 1435 2640 inquit:
1461 2615 1469 2631 ι
1494 2605 1691 2635 Gloriabuntur

905 2650 993 2677 sancti
1005 2650 1032 2676 in
1048 2650 1145 2684 gloria,
1155 2654 1183 2678 et
1191 2651 1367 2678 exsultabunt
1380 2652 1408 2678 in
1423 2651 1559 2680 cubilibus
1573 2653 1687 2680 suis".r

907 2695 982 2723 Sicut
997 2697 1070 2723 enim
1082 2696 1128 2730 qui
1147 2696 1175 2723 in
1196 2696 1279 2724 cubili
1295 2697 1387 2728 cubat.
1413 2698 1562 2732 requiescit
1581 2702 1608 2726 et
1625 2706 1690 2727 saa-

906 2741 976 2768 viter
988 2741 1104 2768 dormit:
1124 2742 1165 2768 sic
1184 2742 1229 2776 qui
1249 2747 1457 2770 consummatus
1478 2743 1505 2770 in
1520 2742 1576 2771 Deo
1592 2747 1645 2777 est,
1662 2749 1690 2772 ct

906 2787 952 2822 qui
966 2786 1051 2814 crevit
1066 2787 1093 2814 in
1109 2787 1196 2814 virttm
1212 2787 1360 2822 perfectum
1377 2788 1410 2815 ad
1433 2797 1588 2816 mensuram
1599 2791 1689 2818 aetatis

906 2833 1086 2869 plenitudinis
1095 2832 1209 2868 Christi,
1223 2835 1357 2870 requievit
1373 2835 1400 2862 in
1411 2834 1478 2868 Deo,
1494 2840 1624 2872 tanquam
1638 2845 1689 2864 cu-

1030 2913 1051 2929 "
1072 2912 1144 2940 Psal.
1164 2919 1201 2945 tv,
1220 2911 1246 2939 9.
1285 2913 1306 2930 "
1326 2912 1413 2940 Galat.
1435 2922 1468 2947 Il,
1485 2914 1530 2941 20.
1572 2915 1592 2931 ⁸⁷
1614 2914 1688 2942 Psal.
