1940 3068
243 215 289 241 751

820 212 848 240 S.
869 211 1100 241 ATHANASlUS.
1120 227 1154 233 —
1175 212 1312 240 SPURIA.

1809 211 1861 239 τος

242 271 294 297 bile
309 272 438 304 reputans
455 268 719 296 consummationem
735 269 763 296 in
778 268 825 296 Dei
840 269 927 304 gratia
942 270 1022 296 obve-

1078 268 1122 301 Sa;
1134 269 1181 295 καὶ
1195 269 1246 304 τῆς
1260 269 1354 304 κοίτης
1369 269 1418 301 τὰς
1433 269 1532 305 ἀρετὰς
1547 268 1636 303 λέγει·
1654 267 1746 303 κλίνίην
1764 266 1805 300 δὲ,
1824 267 1860 300 ὡς

241 317 370 342 uientcm.
389 315 494 342 Cubilis
506 319 595 342 autem
609 315 701 350 pedes,
718 315 756 341 ait
772 315 897 343 virtutes.
909 314 1021 343 Lectum

241 366 330 388 atttcm
344 361 472 395 appellat,
489 368 550 387 cum
573 360 662 395 inquit
685 360 832 389 Salomon:
856 371 864 387 t
877 361 1022 396 Sexaginta

241 407 346 434 robusti
357 406 529 433 circumdant
539 406 628 441 ipsum
637 406 669 432 ³⁸.
684 416 693 432 ›
704 405 818 439 Quando
829 407 900 434 enim
914 407 947 434 ad
959 414 1023 442 pcr-

241 453 387 480 tcctioncm
403 453 507 479 venerit
518 452 620 486 justus,
630 452 800 480 circumdant
810 458 836 480 et
846 453 918 480 circa
934 454 1022 488 ipsum

242 500 373 527 incedunt
399 499 500 532 fortes,
532 500 621 534 angeli
652 499 795 531 videlicet,
821 499 898 534 juxta
920 499 1021 526 dictum

242 545 328 573 illud:
347 555 356 571 ι
375 545 553 572 l’rovidebam
573 545 719 571 Dominum
740 545 767 571 in
793 548 942 580 conspectu
961 551 1024 571 meo

242 599 360 626 semper,
375 591 503 626 quoniam
525 598 540 617 a
561 591 666 618 dextris
689 594 731 617 est
749 591 826 623 mihi,
842 597 876 618 ne
901 597 1024 617 commo-

242 645 306 666 vear
318 638 350 665 ³⁹.
362 648 371 663 ι
384 637 431 664 Est
443 644 507 664 vero
519 636 651 663 familiare
663 636 761 663 divina:
773 635 932 670 Scripturze,
942 636 1023 663 etiam

243 684 368 719 angelum
391 690 490 710 vocare
516 681 677 714 Dominum;
702 686 731 708 ut
752 681 848 708 Manoe
869 681 1022 716 contingit;

246 739 255 755 ι
276 730 359 756 Deum
375 729 503 759 vidimus,
521 737 530 754 ι
547 728 634 762 inquit
649 727 672 742 ‘°
688 746 696 759 ,
716 734 777 754 cum
798 731 870 754 esset
887 727 913 754 in
938 727 1025 761 phan-

234 776 314 802 .Iasia
326 775 384 802 Dei.
407 773 529 809 Denique
553 777 668 800 mortem
685 780 794 808 quoque
817 774 924 800 voravit
940 772 1024 799 David

242 821 320 848 illum
334 820 448 852 exitum,
464 827 526 846 cum
546 819 652 854 inquit:
671 828 680 844 ι
697 818 818 845 Pretiosa
831 818 858 844 in
874 822 1024 853 conspectu

243 867 350 894 Domini
370 874 443 893 mors
465 871 620 893 sanctorum
638 865 698 899 ejus
715 864 748 891 “.
765 874 774 890 ι
791 863 873 890 Vides
887 863 1024 898 quomodo

243 916 271 940 et
285 920 420 944 somnum,
436 915 463 939 et
487 911 586 943 cubile,
604 914 631 937 et
648 910 758 939 lectum,
772 913 800 937 et
816 913 931 936 mortem
949 909 1024 937 illum

1074 315 1138 341 ὅταν
1152 314 1219 349 φησὶ
1238 313 1379 349 Σολομὼν·
1399 324 1408 340 ι
1434 315 1579 350 Ἑξήκοντα
1595 313 1701 340 δυνατοὶ
1718 312 1861 340 κυκλοῦσιν

1073 361 1185 396 αὐτὴν.)
1202 360 1285 395 Ὅταν
1295 360 1349 396 γὰρ
1357 361 1396 392 εὶς
1403 361 1433 387 τὺ
1447 361 1547 387 τέλειον
1559 360 1621 396 ἔλθῃ
1635 361 1649 387 ὁ
1662 360 1797 396 ἐνάρετος,
1814 368 1862 386 πει

1075 407 1232 444 ρικυκλοῦσι
1258 408 1306 434 καὶ
1337 408 1555 444 περιστοιχοῦσιν
1581 408 1662 434 αὑτὸν
1691 409 1715 434 οἱ
1743 407 1864 440 δυνατοὶ,

1073 455 1132 489 ἢτοι
1143 455 1166 480 οἱ
1179 454 1297 488 ἄγγελοι,
1311 454 1381 481 κατὰ
1394 454 1439 481 τὸν
1451 455 1571 481 εἰπόντα·
1587 463 1596 479 ι
1615 453 1804 490 Προεωρώμην
1817 453 1864 480 τὸν

1074 499 1175 536 Κύριον
1194 499 1309 527 ἐνώπιόν
1333 509 1384 535 μου
1399 500 1442 527 διὰ
1462 501 1571 531 παντὸς,
1586 500 1627 526 δτι
1647 500 1679 526 ὲκ
1701 498 1795 531 δεξιῶν
1811 507 1865 534 μου

1076 547 1163 577 ἐστὶν,
1182 547 1226 572 ἵνα
1246 546 1282 581 μὴ
1307 546 1438 572 σαλευθῶ.
1462 556 1471 572 ι
1492 546 1568 572 Φίλον
1584 546 1612 572 δὲ
1627 547 1659 581 τῇ
1684 545 1744 580 θεία
1767 545 1865 581 Γραφῇ

1074 591 1165 617 καλεῖν
1181 591 1227 617 καὶ
1242 591 1287 617 τὸν
1303 590 1418 625 ἄγγελον
1433 591 1545 626 Κύριον,
1562 591 1599 622 ὼς
1616 591 1663 616 ἐπὶ
1677 589 1724 617 τοῦ
1743 590 1864 623 Μανωὲ,

1077 646 1086 662 t
1105 636 1171 663 Θεὸν
1193 637 1366 672 ἑωράκαμεν,
1390 647 1399 663 ι
1425 638 1453 663 ἐν
1469 636 1602 672 φαντασίᾳ
1618 636 1684 662 Θεοῦ
1705 636 1863 670 γενομένου.

1074 682 1194 709 Θάνατον
1221 683 1250 709 δὲ
1274 683 1354 709 πάλιν
1372 683 1482 719 εἴρηκεν
1508 683 1592 718 αὐτὴν
1616 684 1630 709 ὁ
1652 682 1733 709 Δαίλδ
1761 682 1864 709 εἰπὼν·

1078 738 1088 755 ι
1109 729 1205 764 Τίμιος
1223 729 1343 756 ἐναντίον
1361 729 1462 764 Κυρίου
1481 731 1495 756 ὁ
1513 729 1626 760 θάνατος
1645 729 1698 755 τῶν
1713 729 1793 755 ὁσίων
1813 728 1865 755 αὑ-

1074 775 1131 802 τοῦ.
1150 785 1160 801 ι
1174 774 1250 807 Εἶδες
1263 775 1321 807 πῶς
1336 776 1382 802 καὶ
1402 775 1494 807 ὕπνον,
1512 776 1558 802 καὶ
1578 776 1682 810 κοίτην,
1698 775 1745 802 καὶ
1757 775 1866 810 κλίνην,

1075 822 1122 848 καὶ
1139 821 1251 848 θάνατον
1275 821 1359 857 αὐτὴν
1381 821 1480 854 ἔδειξεν
1505 822 1520 856 ἡ
1539 821 1596 847 Θεία
1619 821 1722 856 Γραφή.
1745 820 1867 847 Θάνατον

1075 867 1104 894 δὲ
1117 867 1218 902 ταύτην
1233 866 1343 902 εἴρηκεν
1353 887 1359 899 ,
1374 867 1414 893 ὅτι
1427 867 1441 892 ὁ
1455 866 1596 893 ἀποθανὼν
1620 866 1790 893 δεδικαίωται
1811 866 1867 892 ἀπὸ

1075 913 1125 948 τῆς
1147 913 1294 948 ἁμαρτίας.
1315 913 1420 948 Ὥσπερ
1436 912 1490 947 γὰρ
1505 912 1550 938 τὸν
1568 911 1702 938 τεθνεῶτα
1726 911 1776 938 οὐκ
1792 912 1867 938 ἐστιν

243 966 303 986 esse
326 957 475 985 ostenderit
499 957 590 984 divina
614 955 774 991 Scriptura?
799 954 912 982 Mortem
934 958 1022 982 autem

1078 957 1239 993 ἐπιστρέψαι
1264 958 1293 984 ἐν
1315 957 1364 992 βιῳ
1382 958 1432 984 καὶ
1448 957 1606 992 ἁμαρτῆσαι
1627 957 1676 983 οὐκ
1695 956 1751 983 ἔτι·
1778 956 1866 988 οὕτως

243 1005 316 1032 illam
335 1004 492 1036 nominavit,
509 1003 580 1038 quod
600 1003 644 1030 ille
663 1004 709 1038 qui
727 1007 851 1030 mortuus
865 1006 907 1029 cst
924 1001 1026 1036 justiti-

242 1055 320 1078 catus
336 1051 371 1078 sit
388 1058 403 1077 a
415 1053 535 1085 peccato.
552 1048 785 1081 Quemadmodum
801 1049 873 1075 enim
889 1048 936 1083 qui
953 1056 1026 1075 more

243 1102 307 1124 tuus
332 1100 383 1127 est,
411 1103 466 1122 non
492 1098 582 1130 potest
603 1102 700 1122 rursus
716 1094 815 1122 reverti
842 1095 869 1120 in
893 1095 975 1121 vitam
999 1097 1027 1120 et

243 1142 360 1177 amplius
377 1149 505 1176 peccare;
531 1141 568 1167 ita
584 1141 631 1175 qui
653 1141 723 1175 apud
743 1139 826 1168 Deum
849 1140 901 1167 hoc
923 1140 1026 1167 honore

243 1189 341 1222 dignus
355 1192 396 1214 cst
408 1187 527 1218 habitus,
544 1194 598 1213 non
619 1190 706 1221 potest
726 1186 908 1218 retr0ccdere,
927 1186 974 1213 sed
986 1186 1025 1213 ait

243 1240 306 1260 cum
326 1233 427 1260 David:
444 1242 452 1258 ι
467 1232 596 1260 Dominus
611 1233 773 1259 illuminatio
792 1239 850 1259 mea
863 1236 890 1260 et
906 1232 1026 1259 salvator

243 1286 330 1309 meus,
341 1285 421 1312 quem
435 1278 535 1305 timebo
542 1278 564 1294 ⁸³
574 1279 585 1304 ?
596 1288 606 1303 ι
620 1277 652 1304 Et
662 1285 725 1304 cum
740 1277 822 1304 Paulo
835 1287 842 1304 :
854 1286 862 1302 ι
877 1277 939 1305 Sive
950 1285 1027 1304 nam-

242 1332 296 1359 que
317 1325 450 1355 vivimus,
469 1324 527 1351 sive
550 1324 701 1356 morimur,
724 1323 830 1350 Domini
855 1331 951 1351 sumus
963 1323 994 1348 5’.
1013 1332 1023 1349 ι

243 1369 277 1396 Et
291 1377 404 1397 rursus:
421 1379 429 1396 (
446 1369 513 1397 Vivo
529 1374 619 1397 autem
631 1370 688 1405 jam
704 1377 758 1397 non
779 1377 840 1404 ego,
858 1368 905 1396 sed
920 1369 985 1396 vivit
999 1369 1027 1396 in

242 1423 287 1443 me
301 1415 447 1443 Christus:
461 1416 534 1451 quod
551 1423 616 1443 vero
635 1423 708 1442 nunc
729 1415 757 1442 in
770 1423 853 1442 carne
873 1416 944 1447 vivo,
965 1415 1028 1442 vivo

1078 1004 1138 1030 οὐδὲ
1151 1004 1196 1030 τὸν
1214 1003 1284 1030 οὕτω
1299 1003 1501 1036 καταξιωθέντα
1517 1004 1567 1030 οὐκ
1586 1003 1659 1029 ἐστιν
1677 1004 1717 1034 είς
1730 1003 1763 1029 τὰ
1778 1002 1868 1029 ὀπίσω

1080 1051 1241 1086 στραφῆναι,
1261 1050 1329 1077 ἀλλὰ
1356 1050 1428 1085 λέγει
1455 1051 1524 1085 μετὰ
1545 1050 1592 1076 τοῦ
1614 1050 1709 1076 Δαϐίδ-
1734 1060 1743 1075 ι
1765 1049 1868 1084 Κύριος

1079 1096 1218 1131 φωτισμός
1234 1105 1283 1131 μου
1298 1096 1345 1122 καὶ
1357 1097 1447 1132 σωτήρ
1464 1105 1532 1132 μου,
1549 1097 1609 1123 τίνα
1623 1096 1829 1132 φοϐηθήσομαι;
1856 1105 1867 1121 ι

1081 1141 1149 1177 μετὰ
1167 1141 1194 1168 δὲ
1211 1142 1258 1168 τοῦ
1273 1141 1379 1168 Παύλου
1390 1150 1396 1156 ·
1421 1150 1430 1167 ‹
1459 1141 1520 1168 Ἐάν
1542 1151 1571 1168 τε
1584 1142 1637 1176 γὰρ
1658 1141 1759 1176 ζῶμεν,
1774 1141 1821 1168 ἐάν
1838 1151 1870 1168 τε

1077 1187 1305 1223 ἀποθνήσκωμεν,
1321 1187 1367 1214 τοῦ
1381 1188 1482 1223 Κυρίου
1495 1188 1589 1222 ἐσμέν·
1609 1197 1618 1214 ›
1633 1187 1679 1214 καὶ
1691 1187 1780 1214 πάλιν·
1800 1197 1808 1212 ι
1825 1187 1871 1214 Ζῶ

1078 1232 1106 1259 δὲ
1117 1233 1166 1260 οὐκ
1181 1233 1220 1260 ἔτι
1234 1233 1299 1267 ἐγὼ,
1317 1233 1349 1269 ζῇ
1367 1233 1395 1260 δὲ
1417 1235 1446 1260 ἐν
1463 1234 1523 1269 ἐμοὶ
1536 1234 1660 1269 Χριστός.
1678 1234 1710 1260 Ὃ
1722 1233 1748 1259 δὲ
1766 1233 1813 1259 νῦν
1829 1233 1871 1266 ζῶ

1078 1279 1108 1305 ὲν
1122 1280 1213 1314 σαρκὶ,
1232 1279 1260 1306 ὲν
1276 1279 1365 1306 πίστει
1384 1279 1433 1313 ζῶ.
1460 1289 1468 1306 ι
1484 1281 1531 1311 Εἰς
1547 1280 1625 1306 τοῦτο
1637 1280 1828 1312 τελειωθέντες
1844 1283 1871 1308 οἱ

1079 1324 1166 1358 ἅγιοι,
1191 1325 1400 1361 κατεφρόνησαν
1423 1326 1468 1352 τὸν
1491 1326 1609 1361 κόσμον,
1634 1327 1679 1352 καὶ
1699 1327 1746 1361 ούχ
1771 1327 1872 1362 ἡδονὴν

1080 1370 1195 1406 ἡγοῦντο
1208 1371 1257 1406 τὴν
1279 1371 1376 1407 ἡδονὴν
1392 1372 1438 1398 τοῦ
1458 1372 1561 1407 κόσμου
1576 1373 1682 1399 τούτου.
1700 1373 1730 1399 Ul
1752 1372 1782 1399 δὲ
1799 1374 1872 1409 μάρ-

1078 1425 1160 1452 τυρες
1172 1416 1221 1448 τὰς
1238 1417 1371 1452 βασάνους
1389 1419 1604 1454 κατεφρόνησαν.

242 1463 271 1491 in
295 1464 347 1492 ﬁde
359 1464 392 1490 ⁸⁸.
408 1473 417 1490 ›
439 1464 610 1499 Quapropter
635 1465 722 1491 sancti
743 1472 774 1491 ca
791 1465 818 1491 in
838 1472 868 1492 re
882 1463 1023 1499 'pert‘ecti,
1043 1465 1174 1493 mundum
1196 1470 1429 1502 contempserunt,
1444 1471 1471 1495 et
1492 1467 1574 1503 hujus
1591 1467 1684 1495 mundi
1702 1468 1870 1504 voluptates.

242 1512 276 1540 Ει
296 1513 382 1540 sancti
398 1518 531 1548 martyres
545 1513 625 1540 etiam
641 1516 828 1547 contempsere
841 1516 976 1540 tormenta

279 1559 441 1587 Puorosmo
455 1559 511 1586 XC.
527 1568 536 1584 ι
552 1559 738 1585 Exaltationes
754 1558 800 1585 Dei
817 1559 843 1585 in
857 1563 965 1593 gutture
977 1565 1022 1586 eo—

1111 1558 1244 1593 Κείμενον
1256 1560 1291 1591 ἰαί.
1308 1567 1317 1583 ι
1335 1558 1367 1584 Ai
1382 1558 1499 1592 ὑψώσεις
1511 1558 1557 1585 τοῦ
1573 1559 1639 1585 Θεοῦ
1653 1560 1681 1586 ἐν
1697 1559 1735 1595 τῷ
1749 1560 1872 1596 λάρυγγι

243 1613 304 1633 rum
317 1625 325 1638 ,
341 1610 369 1633 et
388 1605 469 1641 gladii
485 1606 618 1640 ancipites
634 1605 661 1632 in
676 1605 802 1632 manibus
814 1612 907 1632 eorum
918 1605 951 1632 ⁸⁸.
966 1614 976 1631 ι

279 1650 387 1678 lxranr.
405 1650 589 1677 Exaltationes
611 1649 671 1682 Dei,
695 1654 760 1678 sunt
776 1651 907 1677 doctrina:
921 1651 987 1686 legis
1002 1654 1029 1678 et

243 1700 345 1723 statuta
372 1695 535 1731 spiritualia.
556 1695 592 1722 Ut
617 1696 690 1723 enim
719 1696 875 1730 spirituales
902 1696 1029 1724 doctores

243 1742 344 1769 habent
358 1749 374 1768 a
393 1742 496 1777 Spiritu
519 1747 614 1769 sancto
629 1742 701 1769 dona
727 1743 840 1778 gratiae,
866 1743 893 1769 in
919 1747 1028 1778 gutture

244 1796 305 1820 suo,
321 1788 348 1814 id
370 1792 411 1815 est
438 1788 465 1814 in
483 1795 530 1815 ore
547 1795 597 1815 suo
609 1791 636 1815 et
654 1788 681 1815 in
697 1788 788 1823 lingua
810 1795 870 1820 sua,
888 1793 915 1815 et
929 1789 1029 1816 docent

244 1834 389 1868 populum;
413 1834 545 1868 ancipites
563 1838 654 1860 autem
670 1833 752 1868 gladii
771 1838 836 1861 sunt
861 1834 915 1861 duo
932 1833 1028 1861 Testa-

244 1883 346 1910 menta,
359 1883 436 1906 vetus
449 1884 475 1907 et
490 1887 558 1906 nova
577 1880 633 1913 lex;
650 1887 713 1907 nam
729 1880 801 1907 sicut
819 1881 896 1907 miles
908 1881 1027 1916 gladium

244 1926 390 1960 ancipitem
406 1926 527 1958 vibrans,
549 1926 674 1954 inimicos
693 1927 835 1958 interimit,
851 1931 878 1954 et
897 1928 1026 1962 populum

245 1976 350 2005 tuetur;
374 1972 415 1999 sic
439 1972 519 1998 etiam
546 1972 671 1999 doctores
695 1973 869 2007 spirituales,
893 1973 1026 2008 ancipites

245 2017 345 2044 habent
367 2017 653 2052 gladios,__doctrinas
668 2018 774 2046 Veteris
789 2022 816 2046 et
841 2019 909 2046 Novi
931 2018 1027 2047 Testa-

243 2062 339 2095 menti,
357 2071 404 2098 per
430 2071 497 2098 quas
527 2063 675 2090 vindictam
700 2069 812 2091 sumunt
837 2065 863 2091 in
887 2065 1024 2100 gentibus,

244 2108 359 2143 illasque
374 2108 401 2135 in
415 2108 578 2143 supplicium
594 2109 754 2143 conjiciunt,
769 2109 945 2137 immitteutes
956 2110 1024 2137 iram

243 2160 259 2180 a
278 2152 343 2185 Deo,
359 2161 408 2188 per
423 2160 487 2181 suas
499 2153 531 2180 ad
550 2153 634 2181 Deum
652 2155 875 2189 supplicationes.
893 2154 1026 2183 Similiter

243 2206 352 2232 quoque
373 2205 544 2225 communem
567 2198 697 2232 populum
713 2198 832 2225 ﬁdelium
856 2197 1023 2233 redarguunt

1079 1602 1168 1629 αὐτῶν
1176 1623 1183 1634 ,
1194 1604 1240 1629 καὶ
1253 1604 1385 1638 ρομφαίαι
1397 1603 1515 1638 δίστομοι
1532 1604 1560 1629 ὲν
1571 1605 1629 1635 ταῖς
1639 1605 1839 1640 χερσὶναιτῶν.
1859 1617 1868 1634 ι

1119 1649 1232 1684 Ἐρμην.
1260 1648 1392 1683 Ὑψώσεις
1419 1649 1466 1675 τοῦ
1497 1649 1564 1675 Θεοῦ
1590 1651 1659 1676 εἰσιν
1684 1651 1712 1676 αἱ
1741 1651 1871 1680 διδασκα-

1078 1694 1133 1721 λίαι
1147 1695 1193 1721 τοῦ
1209 1695 1291 1730 νόμου
1306 1695 1354 1722 καὶ
1367 1696 1394 1721 αἱ
1411 1695 1594 1730 πνευματικαὶ
1605 1695 1741 1728 διατάξεις
1751 1706 1757 1711 ·
1773 1688 1871 1735 ὥσπερ

1078 1741 1132 1776 γὰρ
1151 1740 1257 1776 ἔχουσιν
1271 1743 1296 1768 οἱ
1313 1742 1493 1777 πνευματικοὶ
1507 1742 1660 1768 διδάσκαλοι
1677 1743 1709 1769 ἐκ
1724 1743 1770 1769 τοῦ
1789 1745 1870 1778 ἁγίου

1078 1787 1235 1823 Πνεύματος
1246 1788 1403 1824 χαρίσματα
1418 1788 1526 1823 δωρεῶν
1540 1789 1568 1815 ὲν
1582 1789 1621 1823 τῷ
1636 1788 1751 1825 λάρυγγι
1766 1789 1869 1824 αὐτῶν,

1077 1833 1135 1868 ἦτοι
1150 1833 1188 1868 τῷ
1208 1834 1321 1869 στόματι
1340 1834 1429 1860 αὐτῶν
1450 1835 1495 1860 καὶ
1514 1836 1546 1869 τῇ
1567 1834 1676 1871 γλώσσῃ
1688 1855 1696 1866 ,
1721 1836 1768 1862 καὶ
1794 1836 1870 1863 διδα-

1078 1887 1172 1905 σκουσι
1200 1879 1244 1906 τὸν
1269 1879 1349 1905 λαόν’
1376 1880 1508 1914 ρομφαῖαι
1531 1880 1651 1914 δίστομοί
1676 1881 1744 1907 εἰσιν
1767 1882 1795 1907 αἱ
1822 1881 1870 1908 δύο

1077 1923 1217 1959 Διαθῆκαι,
1235 1924 1249 1950 ὀ
1266 1923 1378 1955 παλαιὸς
1393 1925 1476 1959 νόμος
1496 1925 1543 1950 καὶ
1565 1925 1579 1951 ὁ
1598 1924 1656 1956 νέος
1669 1933 1676 1939 ·
1702 1925 1797 1961 ὥσπερ
1815 1927 1870 1963 γὰρ

1075 1971 1089 1996 ὁ
1114 1969 1299 2005 στρατιώτης,
1324 1970 1464 2012 βαΞαὲων
1484 1970 1558 2004 ξίφος
1581 1970 1716 2006 δίστομον,
1739 1972 1804 2003 τοὺς
1821 1973 1866 2007 ἐχ-

1076 2014 1156 2050 θροὺς
1171 2016 1355 2049 κατασφάττει
1370 2016 1417 2042 καὶ
1428 2015 1473 2041 τὸν
1487 2015 1549 2041 λαὸν
1567 2015 1705 2047 διασώζει·
1722 2015 1810 2048 οὕτως
1822 2019 1871 2044 καὶ

1075 2062 1099 2087 οξ
1108 2062 1286 2096 πνευματικοὶ
1297 2061 1451 2088 διδάσκαλοι
1461 2062 1597 2096 ῥομφαίας
1608 2063 1751 2097 διο-τόμους
1762 2062 1868 2098 ἔχουσι,

1074 2107 1109 2134 τὰ
1123 2107 1276 2142 διδάγματα
1296 2107 1345 2143 τῆς
1360 2107 1481 2139 Παλαιᾶς
1502 2109 1548 2134 καὶ
1569 2108 1641 2139 Νέας
1659 2108 1809 2144 Διαθήκης,
1833 2109 1868 2136 δι’

1074 2150 1111 2180 ὧν
1132 2153 1254 2180 ποιοῦσιν
1273 2154 1413 2190 ἐκδίκησιν
1429 2155 1457 2180 ὲν
1471 2156 1527 2186 τοῖς
1544 2154 1644 2187 ἔθνεσι,
1663 2155 1709 2181 καὶ
1723 2155 1764 2186 είς
1779 2165 1868 2190 upw-

1075 2199 1133 2234 ρίαν
1148 2198 1326 2234 ἐμϐάλλουσιν
1338 2192 1449 2230 αὐτοὺς,
1459 2199 1668 2231 ἀποστέλλοντες
1678 2200 1769 2231 αὐτοῖς
1779 2201 1866 2236 ὀργὴν

241 2248 270 2272 et
285 2244 432 2272 instituunt
447 2244 481 2271 ad
497 2244 610 2272 bonum.
630 2244 743 2277 Quando
759 2252 824 2271 vero
842 2252 895 2271 non
912 2245 1022 2272 audiunt

1078 2245 1129 2271 ἀπὸ
1141 2244 1187 2270 τοῦ
1200 2244 1279 2276 Θεοῦ,
1295 2244 1339 2270 διὰ
1350 2245 1398 2280 τῆς
1421 2245 1559 2280 ἱκετηρίας
1576 2245 1626 2280 τῆς
1640 2246 1708 2281 προς
1720 2246 1765 2272 τὸν
1785 2247 1861 2272 Θεὸν.

242 2298 301 2324 eos,
320 2291 365 2318 sed
381 2290 452 2318 bono
467 2290 647 2318 adversantur
661 2294 743 2326 atque
761 2294 940 2318 contemnunt
952 2291 1024 2323 illos,

242 2341 309 2364 tunc
319 2338 400 2364 etiam
420 2337 486 2371 ipsis
508 2337 660 2364 immittunt
689 2337 853 2372 supplicium
879 2345 929 2372 per
946 2344 1024 2364 suam

241 2383 463 2418 deprecationem
486 2383 520 2410 ad
538 2383 754 2418 resipiscentiam
765 2403 773 2413 ,
790 2389 820 2410 ut
835 2383 962 2410 videlicet
977 2390 1024 2410 ca-

242 2430 333 2465 stigati
345 2430 451 2457 discant
465 2437 519 2456 non
531 2429 741 2464 inobsequentes
748 2437 808 2457 esse
816 2429 870 2457 Deo
880 2433 907 2456 et
918 2429 965 2456 Dci
977 2430 1025 2455 mi-

241 2475 348 2503 nistris.
360 2474 429 2502 Nam
441 2475 486 2510 qui
511 2475 666 2510 spiritualcs
687 2475 810 2502 homines
833 2475 919 2508 audit,
939 2475 1023 2502 Deum

241 2522 318 2549 audit
331 2522 365 2553 ⁴⁶,
380 2521 610 2556 quemadmodum
631 2521 699 2548 dixit
715 2522 772 2555 ipse
785 2521 919 2548 Christus.
932 2520 1024 2555 Neque

240 2568 313 2595 enim
333 2567 366 2594 ad
380 2567 533 2598 interitum,
546 2567 594 2594 sed
611 2567 644 2593 ad
660 2567 805 2593 utilitatem
818 2566 952 2601 ipsorum,
967 2565 1024 2600 spi-

240 2613 354 2641 ritualcs
380 2613 419 2640 illi
434 2613 639 2648 castigationem
664 2613 806 2643 inducunt,
823 2612 856 2639 ad
873 2611 1022 2638 correctio-

241 2666 301 2685 nem
324 2659 388 2686 boni
406 2662 433 2686 et
452 2658 486 2685 ad
505 2658 618 2694 gloriam
633 2658 691 2691 Dei,
707 2663 836 2692 tanquam
861 2660 982 2684 amantes
995 2659 1023 2683 et

240 2705 343 2732 ultores
360 2705 418 2738 Dei,
435 2712 583 2739 osoresque
600 2704 674 2731 mali.

1083 2291 1218 2322 Ὡσαύτως
1233 2291 1280 2317 κα),
1294 2290 1338 2316 τδν
1353 2291 1442 2317 κοινὸν
1456 2291 1519 2318 λαὸν
1535 2292 1587 2318 τῶν
1606 2292 1708 2318 πιστῶν
1724 2292 1867 2327 ἐλέγχουσι

1077 2337 1123 2363 καὶ
1136 2336 1305 2363 διδάσκουσιν
1317 2337 1355 2368 είς
1368 2337 1398 2363 τὸ
1411 2337 1520 2371 ἀγαθόν.
1541 2338 1622 2364 Ὅταν
1643 2338 1671 2364 δὲ
1689 2338 1725 2373 μὴ
1741 2338 1866 2365 ἀκούσω-

1077 2391 1118 2409 σιν
1133 2382 1236 2414 αὺτῶν,
1252 2382 1310 2409 ἀλλ’
1331 2383 1514 2409 ἐναντιοῦνται
1529 2384 1558 2409 τὸ
1580 2383 1691 2417 ἀγαθὸν,
1712 2384 1759 2410 καὶ
1781 2392 1866 2411 κατα-

1077 2428 1218 2463 φρονοῦσιν
1238 2427 1337 2459 αὺτῶν,
1357 2427 1417 2453 τότε
1433 2427 1480 2454 καὶ
1494 2427 1586 2458 αὐτοῖς
1603 2427 1799 2454 ἀποστέλλουσι
1821 2427 1867 2454 διὰ

1072 2474 1228 2509 προσευχῆς
1250 2473 1384 2509 τιμωρίαν
1405 2473 1473 2508 πρὸς
1488 2475 1692 2508 σωφρονισμὸν,
1710 2473 1785 2505 ὅπως
1801 2483 1868 2500 παι-

1073 2518 1212 2550 δευθέντες
1225 2518 1453 2552 σωφρονισθῶσιν,
1470 2518 1507 2553 μὴ
1523 2518 1688 2553 παρακούειν
1701 2518 1780 2551 Θεοῦ,
1794 2519 1866 2556 μήτε

1073 2563 1127 2590 τῶν
1145 2563 1318 2599 θεραπόντων
1340 2562 1421 2589 αὑτοῦ
1432 2571 1438 2577 ·
1457 2563 1497 2589 ὅτι
1510 2564 1524 2589 ό
1544 2563 1651 2590 ἀκούων
1668 2564 1868 2599 πνευματικῶν

1073 2610 1176 2645 ἀνδρῶν
1193 2609 1287 2636 ἀκούει
1310 2608 1388 2641 Θεοῦ,
1409 2609 1501 2641 καθὼς
1525 2610 1634 2645 εἴρηκεν
1648 2610 1662 2635 δ
1677 2609 1807 2644 Χριστός.
1828 2610 1867 2636 Οὐ

1074 2655 1129 2690 γὰρ
1143 2655 1209 2691 πρὸς
1228 2654 1338 2690 βλάϐην,
1355 2654 1423 2681 ἀλλὰ
1438 2655 1505 2690 πρὸς
1521 2655 1653 2690 ὠφέλειαν
1667 2655 1800 2689 ἐπάγουσι
1815 2655 1865 2691 τὴν

1076 2700 1199 2727 παιδείαν
1213 2701 1235 2726 ol
1254 2700 1443 2735 πνευματικοὶ,
1457 2700 1504 2727 καὶ
1515 2700 1583 2736 πρὸς
1593 2701 1734 2736 διόρθωσιν
1745 2700 1865 2735 ἀγαθοῦ,

239 2752 279 2783 είς
297 2751 375 2784 δόξαν
392 2751 470 2783 Θεοῦ,
487 2752 524 2783 ὠς
548 2752 665 2786 ζηλωταὶ
689 2753 734 2778 καὶ
754 2751 895 2786 ἐκδικηταὶ
913 2749 958 2777 τοῦ
977 2748 1054 2782 Θεοῦ,
1079 2749 1124 2775 καὶ
1144 2749 1255 2783 μισηταὶ
1279 2747 1326 2774 τοῦ
1344 2747 1441 2775 κακοῦ.

274 2872 297 2887 ⁸³
316 2871 395 2898 Cant.
414 2879 458 2900 ιιι,
488 2871 511 2897 7.
551 2872 572 2887 ³⁸
592 2872 663 2898 Psal.
681 2880 725 2899 xv.
746 2872 770 2897 7.

239 2915 294 2939 xiv,
311 2907 337 2933 8.
376 2907 397 2921 "‘
418 2907 495 2933 Galttt
523 2914 558 2937 tt,
577 2907 620 2933 ἓξ),
658 2907 680 2922 ⁸³⁷
718 2907 787 2934 l‘sal.
806 2915 900 2937 crux,
918 2908 944 2933 6.

815 2872 837 2887 ⁸⁰
856 2871 943 2898 Jndic.
962 2879 1028 2901 xm,
1045 2871 1090 2898 2‘2.

984 2907 1006 2921 “
1026 2907 1092 2934 Luc.
1113 2914 1175 2937 vin,
1194 2906 1235 2934 12.

1130 2871 1151 2886 ⁸¹
1173 2870 1243 2898 Psal.
1261 2879 1323 2905 cvv,
1341 2872 1384 2898 ll.
1423 2871 1444 2886 “
1465 2871 1535 2897 Psnl.
1557 2879 1637 2904 nvi,
1657 2872 1681 2899 l.
1719 2871 1743 2888 ⁸³
1782 2872 1865 2900 Rom.
