1940 3068
80 119 135 146 755

263 176 310 203 ΕΞ
322 177 533 205 ΕΠΙΣΤΟΛΩΝ
551 180 598 205 HA
606 180 712 206 ΥΛΟΥ.

123 233 219 270 Ἐρώτ.
235 234 300 268 ἳςαῦ⁸
320 243 329 259 ‹
349 234 417 267 Δόξα
429 235 476 261 καὶ
488 235 554 270 τιμὴ
570 236 617 262 καὶ
632 237 727 272 εἰρήνη
744 236 826 263 παντὶ
836 236 875 272 τῷ

81 279 260 315 ἐργαζομένῳ
283 279 313 305 τὸ
346 279 444 313 ἀγαθὸν
461 299 468 312 ,
502 281 620 316 Ἰουδαίῳ
642 290 673 308 τε
698 282 805 318 πρῶτον
827 283 875 310 καὶ

83 325 206 360 Ἕλληνι.
219 325 256 351 Οὐ
270 325 323 361 γάρ
338 326 395 351 ἐστι
414 326 627 362 προσωποληψία
651 328 726 363 παρὰ
753 329 792 364 τῷ
804 329 873 365 Θεῷ.

85 372 164 398 Ὅσοι
178 371 231 406 γὰρ
244 371 352 407 ἀνόμως
365 372 498 408 ἥμαρτον,
516 374 624 408 ἀνόμως
639 374 685 401 καὶ
702 375 873 402 ἀπολοῦνται·

83 418 132 444 καὶ
164 419 220 444 ὅσοι
240 419 268 445 ὲν
295 418 370 453 νόμῳ
400 419 533 454 ἥμαρτον,
556 420 601 446 διὰ
627 421 710 456 νόμου
734 421 877 458 κριθήσον-

83 473 139 490 ται.
161 473 171 490 )

124 520 286 556 Ἐρμηνεία.
309 521 433 548 Ἐπαινεῖ
447 522 551 553 πάντας
563 522 625 554 τοὺς
636 522 835 558 ἐργαζομένους
847 522 877 550 τὸ

85 566 200 601 ἀγαθόν.
216 566 334 602 Ἕλληνα
347 567 375 593 δὲ
391 567 421 593 οὐ
434 567 479 593 τὸν
493 567 688 603 είδωλολάτρην
703 568 788 602 λέγει,
810 568 878 595 ἀλλὰ

83 611 130 637 τὸν
156 611 282 646 Θεοσεϐἧ,
301 611 337 646 μὴ
356 611 517 638 πιστεύοντα
536 611 564 638 δὲ
582 612 628 638 τὸν
658 613 785 648 Χριστὸν,
809 613 877 648 μήτε

84 656 168 690 νόμον
190 654 344 691 κρατοῦντα
369 655 415 681 τὸν
440 655 568 683 παλαιόν’
596 655 664 682 ἀλλὰ
688 657 772 692 χωρὶς
795 657 878 692 νόμου

85 702 215 737 ὑπάρχει.
249 701 391 736 Ὀνομάζει
422 701 451 728 δὲ
480 702 527 728 καὶ
552 702 658 728 σέὸεται
685 703 729 729 τὸν
744 703 818 735 θεὸν,
832 703 879 730 καὶ

85 747 218 782 φυλάττει
232 747 280 773 καὶ
295 747 406 782 ἀρετήν.
428 747 460 774 '0
487 747 606 778 τοιοῦτος
628 748 675 775 ἐὰν
700 748 746 775 καὶ.
768 749 878 785 πταίσῃ,

86 793 268 828 ἐλαφρότερον
295 792 387 828 μέλλει
414 791 574 824 κολάζεσθαι
592 794 661 828 ὑπὲρ
680 794 726 820 τὸν
743 794 878 827 Ἰουδαῖον,

86 840 126 865 ὃτι
151 839 166 865 ὁ
189 838 316 869 Ἰουδαῖος
345 837 508 873 παραϐαίνει
531 837 578 864 τὸν
597 838 678 873 νόμον
698 839 744 865 καὶ
761 838 816 874 ἔχει
831 839 880 874 τὴν

87 884 256 919 κατηγορίαν
272 883 389 919 μείζονα.
409 884 492 915 Ὅταν
507 884 561 918 γὰρ
584 884 704 920 ἀκούσῃς
716 885 746 911 τό
756 885 878 911 ·.‹”οσοι

87 930 199 964 ἀνόμως
225 929 362 964 ἥμαρτον,
385 929 494 964 ἀνόμως
516 929 562 955 καὶ
584 929 763 956 ἀπολοῦνται-
788 939 798 955 ›
829 930 878 965 τὴν

88 975 277 1010 ἐλαφροτέραν
291 975 401 1002 κόλασιν
421 974 611 1009 ὑπολάμϐανε·
626 975 656 1001 τὸ
673 975 713 1007 δὲ,
731 984 740 1000 ι
759 975 836 1002 Ὅσοι
852 975 882 1001 ὲν

87 1024 162 1059 νόμῳ
191 1024 328 1059 ἥμαρτον,
347 1033 356 1049 ι
389 1024 439 1058 τὴν
465 1024 574 1059 χείρονα
596 1024 707 1051 κόλασιν
725 1024 773 1051 καὶ
787 1033 882 1060 ,τιμω-

91 1069 152 1104 ρίαν
157 1089 163 1095 .

125 1124 258 1160 Κείμενον
279 1123 332 1158 νβ’.
366 1133 375 1149 ι
394 1124 425 1150 Et
446 1123 501 1160 γὰρ
516 1124 651 1160 σύμφυτοι
672 1124 824 1160 γεγόναμεν
845 1123 883 1160 τῷ

91 1171 246 1206 ὁμοιώματι
261 1170 308 1197 τοῦ
321 1169 437 1197 Θανάτου
456 1170 550 1203 αὑτοῦ,
564 1170 632 1198 ἀλλὰ
645 1171 693 1198 καὶ
706 1172 755 1207 τῆς
769 1171 885 1198 ἀναστά-

94 1225 161 1249 σεως
175 1216 302 1253 ἐσόμεθα.
322 1226 330 1242 ι

134 1264 230 1290 Ἀπόκ.
263 1263 402 1298 Σὺμφυτοι
433 1263 606 1298 γεγόναμεν,
639 1262 722 1298 ἡγουν
760 1262 884 1298 μέτοχον

95 1309 187 1345 ὥσπερ
203 1310 233 1336 τὸ
250 1309 330 1344 σῶμα
344 1309 374 1336 τὸ
392 1308 558 1341 δεσποτικὸν,
574 1309 658 1343 ταφὲν
670 1309 697 1335 ὲν
711 1309 744 1344 τῇ
759 1310 805 1344 γῇ,
820 1308 885 1342 ἔφυ-

97 1364 125 1381 σε
143 1356 280 1391 σωτηρίαν
292 1355 331 1391 τῷ
345 1355 457 1390 κόσμῳ·
482 1355 554 1382 οὕτω
577 1354 624 1380 καὶ
642 1355 671 1381 τὸ
693 1354 772 1389 ἡμῶν
795 1355 885 1390 σῶμα,

96 1401 178 1435 ταφὲν
192 1401 221 1428 ἐν
233 1400 272 1435 τῷ
287 1400 465 1436 βαπτίσματι,
483 1399 564 1434 ἔφυσε
578 1399 750 1434 δικαιοσύνην
762 1400 826 1434 ἡμῖν
839 1399 887 1426 αὺ-

97 1448 160 1478 τοῖς.
175 1446 213 1473 Τὸ
240 1446 268 1472 δὲ
293 1445 417 1481 ὁμοίωμα
433 1444 519 1477 οὕτως
537 1445 607 1480 ἔχει·
625 1444 720 1480 ὥσπερ
734 1445 748 1471 ὁ
773 1445 888 1480 Χριστὸς

98 1493 226 1524 ἀπέθανε,
255 1493 302 1519 καὶ
333 1493 366 1527 τῇ
394 1491 473 1527 τρίτῃ
499 1491 589 1527 ἡμέρᾳ
609 1491 729 1526 ἀνέστη·
752 1490 824 1517 οὕτω
842 1491 889 1517 καὶ

99 1539 176 1573 ἡμεῖς
193 1540 223 1566 ὲν
239 1538 277 1573 τῷ
299 1537 466 1572 βαπτίσματι
486 1536 646 1571 θνήσκοντες
663 1536 840 1573 ἀνιστάμεθα.
853 1536 890 1562 Τὸ

167 1571 318 1606 καταδῧσαι
334 1579 363 1605 τὸ
382 1571 485 1604 παίδιον
502 1578 531 1605 ἐν
549 1578 583 1612 τῇ
602 1577 778 1613 κολυμϐήθρᾳ
789 1571 889 1613 ’τρίτον
903 1572 924 1601 C

99 1627 145 1653 καὶ
162 1625 310 1657 ἀναδῦσαι,
337 1624 415 1651 τοῦτο
428 1623 503 1659 δηλοῖ
514 1623 560 1649 τὸν
576 1623 689 1650 θάνατον
705 1623 753 1649 καὶ
765 1623 814 1659 τὴν
833 1631 892 1658 τρι-

100 1674 199 1708 ήμερον
211 1673 360 1699 ἀνάστασιν
376 1671 423 1697 τοῦ
438 1669 567 1706 Χριστοῦ.

140 1719 235 1754 Ἑρώτ.
258 1721 311 1752 ιιγι.
332 1717 365 1743 Τί
380 1719 453 1743 ἐστι·
484 1726 495 1742 ‹
514 1716 551 1742 Τδ
564 1715 626 1750 γὰρ,
639 1714 767 1742 ἀδύνατον
782 1715 825 1742 διὰ
845 1715 892 1742 τοῦ

101 1765 191 1800 νόμου,
203 1766 234 1791 ἐν
249 1761 270 1799 ᾧ
284 1763 402 1800 ἠσθένει,
414 1763 458 1790 διὰ
471 1763 520 1798 τῆς
536 1763 646 1798 σαρκὸς,
657 1763 671 1788 ὁ
690 1761 766 1795 Θεὸς,
779 1772 788 1788 ι
799 1762 844 1789 καὶ
858 1761 893 1788 τὰ

104 1811 178 1844 ἐξῆςς

133 1822 240 1884 niti-ﬁn
264 1855 397 1887 Ἡσθένει,
419 1855 511 1890 φησὶν,
528 1855 542 1880 6
560 1854 641 1889 νόμος
654 1854 694 1886 είς
709 1853 738 1880 τὸ
749 1853 894 1881 δικαιῶσαι

104 1904 147 1930 τὸν
163 1905 317 1940 ἄνθρωπον.
333 1903 370 1929 Οὐ
387 1902 442 1937 γὰρ
453 1901 567 1936 ἠδύνατο
590 1902 604 1927 ὁ
617 1900 759 1936 ἄνθρωπος
782 1900 832 1935 τὴν
847 1909 893 1925 τυ-

107 1950 212 1986 ραννίδα.
227 1949 275 1976 καὶ
291 1949 340 1984 τὴν
357 1948 478 1983 πύρωσιν
496 1947 641 1982 ὑποφέρειν
656 1947 705 1982 τῆς
720 1946 829 1981 σαρκός.
844 1946 894 1973 Διὰ

106 1996 182 2022 τοῦτο
200 1994 325 2030 επεμψεν
337 1995 350 2020 6
364 1994 429 2025 Θεὸς
442 1993 487 2020 τὸν
500 1993 629 2028 μονογενῆ
644 1993 707 2019 Υίὺν
731 1992 824 2024 αὐτοῦ,
851 1993 895 2019 ἵνα

106 2041 149 2068 διὰ
165 2042 215 2077 τῆς
241 2041 342 2076 σαρκὸς
366 2040 447 2067 αὐτοῦ
464 2040 616 2075 κατακρίνῃ
633 2039 682 2074 τὴν
698 2038 842 2074 ἁμέρτίαν.
859 2039 895 2065 Τὸ

107 2087 143 2119 δὲ,
161 2089 188 2114 ὲν
209 2087 363 2122 ὁμοιώματι
381 2085 481 2122 σαρκὸς
509 2086 645 2121 ἁμαρτίας
659 2105 666 2117 ,
689 2085 740 2111 οὐκ
762 2081 849 2117 εἶπεν,
866 2084 895 2111 ἐν

109 2134 188 2169 σαρκὶ
211 2133 360 2168 ἁμαρτίας,
384 2132 483 2158 ἁλλ’ὲν
502 2131 665 2167 ὁμοιώματι.
681 2130 813 2166 Ὡμοιώθη
843 2130 896 2166 γὰρ

109 2180 177 2206 κατὰ
193 2179 311 2214 πάντα-ὴ
326 2178 482 2214 ἀνθρωπίνη
499 2177 568 2213 σὰρξ
583 2176 629 2203 τοῦ
651 2176 768 2211 Χριστοῦ
790 2178 823 2212 τῇ
851 2177 897 2203 ἀν-

110 2223 230 2260 θρωπίνῃ
246 2225 337 2260 σαρκὶ,
354 2225 412 2250 καθ’
430 2223 444 2250 ὃ
457 2224 560 2255 τέλειος
571 2223 712 2258 ἄνθρωπος
728 2221 772 2259 ἦν.
794 2223 892 2258 Ἀμαρ-
913 2241 934 2268 D

110 2271 190 2303 τωλὸς
206 2271 235 2297 δὲ
249 2271 299 2297 οὐκ
312 2271 418 2304 ἐγένετο
435 2270 451 2304 ἡ
466 2269 532 2304 σὰρξ
546 2268 638 2300 αὑτοῦ,
652 2268 777 2303 καθάπερ
795 2270 810 2303 ή
828 2270 896 2303 ἠμε-

111 2317 174 2352 τέρα
187 2317 265 2352 σὰρξ.
280 2327 288 2342 ‹
310 2316 458 2351 *Αμαρτίαν
471 2315 523 2350 γὰρ
543 2315 592 2341 οὐκ
611 2314 746 2350 ἐποίησεν,
758 2314 819 2340 οὐδὲ
852 2315 896 2340 εὑ-

114 2362 177 2398 ρέθη
194 2363 269 2394 δόλος
285 2363 313 2388 ἐν
326 2362 364 2396 τῷ
377 2362 491 2396 στόματι
505 2360 597 2387 αὑτοῦ.
615 2370 624 2386 ι

152 2419 247 2454 Ἐρώτ.
274 2418 324 2453 ιβ’.
360 2419 392 2444 Τί
422 2418 511 2452 λέγει’

115 2465 165 2500 γῆς
186 2475 195 2490 ι

550 2427 559 2443 ι
587 2417 651 2444 Δότε
675 2417 757 2443 τόπον
785 2417 817 2452 τῇ
849 2416 895 2452 ὀρ-

155 2522 246 2550 Ἀπόκ.
264 2522 309 2557 Τῷ
325 2521 474 2556 λυπήσαντί
489 2530 518 2547 σε
532 2520 580 2547 καὶ
607 2519 740 2555 θλίψαντι,
769 2519 785 2554 ἢ
810 2519 900 2554 ἀδική-

118 2575 201 2600 σαντι,
219 2568 393 2604 συγχώρησον
410 2569 442 2594 σὺ
459 2566 543 2602 αὐτῷ,
559 2566 656 2593 ἁνάθου
677 2566 706 2592 δὲ
726 2565 764 2601 τῷ
779 2564 838 2600 Θεῷ
865 2565 899 2592 τὰ

118 2613 163 2648 τῆς
174 2614 344 2649 ἐκδικήσεως,
359 2614 482 2645 κάκεῖνος
497 2612 666 2648 οἰκονομήσει
689 2612 722 2638 τὰ
735 2612 836 2638 δέοντα.
863 2610 900 2636 Τὸ

119 2659 154 2691 δὲ,
171 2669 179 2685 ι
193 2660 332 2696 Μακάριος
348 2661 362 2687 ὁ
377 2660 414 2695 μὴ
437 2659 535 2695 κρίνων
551 2660 579 2685 ἐν
593 2655 615 2692 ᾧ
629 2658 780 2693 δοκιμάζει,
795 2667 804 2683 ι
820 2656 899 2683 τοῦτο

120 2705 203 2741 δηλοῖ·
223 2707 284 2734 ὅταν
311 2708 397 2738 ποιεῖς
415 2715 441 2733 τι
467 2705 644 2740 οἰκονομικῶς
672 2704 740 2739 πρὸς
763 2702 899 2738 σωτηρίαν

154 2793 176 2811 ⁸⁷
195 2794 270 2822 Rom.
288 2804 326 2827 ιι,
345 2796 435 2823 10-12.
473 2796 494 2813 ⁸⁸
514 2797 591 2825 Rom.
609 2802 651 2828 vt,
669 2794 694 2822 ὅ.
735 2793 756 2810 δ’
777 2792 855 2820 Rom.
875 2798 939 2825 Vlll,
957 2791 983 2818 3.

123 2830 148 2858 9.
193 2831 305 2860 “I’tom.
326 2832 436 2864 xtv,23.

579 119 812 154 QUESTIONES
828 122 861 150 IN
881 122 1071 150 EPISTOLAS
1090 122 1203 150 PAL'LI.

1655 125 1709 154 754

1063 182 1142 217 273
1159 181 1210 208 EX
1228 181 1426 210 EPISTOLIS
1445 181 1568 212 PAULI.
1609 173 1611 175 ’

960 239 1069 272 Ουιεετ.
1085 239 1153 266 XCI.
1179 248 1189 265 ι
1206 239 1309 274 Gloria,
1332 239 1420 268 honor
1445 245 1472 267 et
1488 249 1540 275 pax
1564 242 1639 268 omni
1661 242 1707 275 qui

925 289 1052 319 operatur
1074 285 1176 312 bonum
1192 284 1304 313 :Judzeo
1330 286 1449 321 primum
1475 290 1502 314 et
1523 285 1628 314 Graeco.
1648 286 1709 313 Non

925 329 997 355 enim
1019 332 1061 356 est
1082 337 1262 364 personarum
1286 332 1409 366 acceptio
1433 331 1503 365 apud
1522 331 1615 358 Deum.
1640 331 1707 358 Nam

925 373 1081 408 quicunque
1100 374 1159 401 sine
1181 374 1239 409 lege
1265 379 1456 409 peccaverunt,
1479 376 1538 403 sine
1571 376 1626 410 lege
1647 383 1710 411 per-

926 419 1022 451 ibunt;
1036 424 1063 446 et
1077 420 1232 455 quicunque
1249 419 1278 447 in
1290 420 1348 456 lege
1364 426 1553 456 peccaverunt.
1563 430 1611 456 per
1623 422 1710 457 legem

924 465 1122 500 judicabuntur
1132 466 1166 492 ⁸⁷.
1184 476 1193 492 ι

967 520 1130 548 Iarsnrner.
1149 521 1255 549 Laudat
1267 529 1361 549 omnes
1372 523 1419 557 qui
1432 526 1582 558 operantur
1597 523 1710 551 bonum.

927 566 1050 594 Grtecum
1067 574 1132 594 vero
1148 567 1225 600 dicit,
1244 575 1298 594 non
1316 568 1498 600 idololatram,
1516 568 1563 596 sed
1580 569 1626 604 qui
1647 570 1712 595 colit

927 609 1037 644 quidem
1061 608 1156 642 Deum,
1180 617 1268 644 neque
1287 613 1379 636 tamen
1403 610 1490 637 credit
1513 610 1541 637 in
1561 609 1711 642 Christum,

928 663 1017 690 neque
1034 660 1153 682 veterem
1170 656 1255 690 legem
1277 659 1361 686 tenet,
1386 655 1434 682 sed
1458 656 1517 683 sine
1532 656 1589 691 lege
1610 659 1662 687 est,
1681 663 1714 683 ac

929 699 1013 727 Deum
1035 700 1145 727 invocat
1161 704 1188 727 et
1205 700 1280 732 colit,
1298 704 1444 735 servatque
1467 701 1645 728 nihilominus
1658 701 1714 728 vir-

930 751 1025 773 tutem.
1040 745 1108 773 Nam
1123 746 1185 773 talis
1200 747 1307 774 etiamsi
1323 747 1442 777 labatur,
1458 746 1544 773 levius
1558 750 1647 774 tamen
1662 755 1714 781 pu-

906 805 912 811 ι
929 793 1019 820 nietur
1034 801 1114 828 quam
1126 792 1236 820 Judwus
1249 803 1255 820 :
1268 794 1395 828 quoniam
1409 793 1519 820 Iudaeus
1531 793 1615 828 legem
1626 798 1716 821 trans-

896 838 1070 881 Bgreditur,
1099 844 1195 874 estque
1224 840 1342 874 graviori
1366 839 1503 866 obnoxius
1534 838 1715 866 accusationi.

931 884 1046 917 Quando
1058 885 1129 912 enim
1143 885 1222 913 audis
1238 885 1304 913 illud
1320 895 1326 913 :
1339 895 1348 911 ‹
1362 885 1499 920 Quotquot
1511 886 1570 913 sine
1585 886 1642 920 lege
1654 892 1717 920 pec—

931 935 1073 963 caverunt,
1094 931 1154 958 sine
1171 931 1230 967 lege
1247 932 1373 967 peribunt
1389 942 1395 960 :
1415 942 1424 958 ι
1442 932 1532 959 minus
1553 931 1716 966 supplicium

932 982 1037 1011 reputa.
1067 976 1123 1004 Hoc
1144 985 1208 1005 vero
1229 987 1235 1005 :
1259 987 1269 1004 ι
1291 977 1429 1013 Quotquot
1455 978 1483 1005 in
1509 978 1568 1013 lege
1589 985 1719 1012 peccave-

932 1028 1014 1051 runt:
1030 1032 1040 1048 ι
1057 1023 1103 1051 isti
1115 1031 1212 1059 nempe
1225 1025 1376 1060 graviorem
1390 1031 1497 1060 poenam
1513 1028 1539 1052 et
1554 1024 1717 1059 supplicium

932 1069 1074 1097 subibunt.

975 1125 1141 1153 Pnorosmo
1163 1125 1242 1152 XCII.
1275 1134 1284 1151 ι
1307 1125 1335 1152 Si
1358 1125 1430 1153 enim
1458 1125 1632 1160 complantati
1655 1124 1719 1151 facti

935 1179 1030 1199 sumus
1052 1171 1225 1198 similitudini
1241 1172 1338 1199 mortis
1353 1172 1424 1206 ejus,
1450 1171 1531 1198 simul
1555 1175 1580 1199 et
1597 1179 1721 1198 resurre-

935 1217 1034 1245 ctionis
1049 1217 1151 1245 erimus
1163 1217 1197 1244 ‘5.
1215 1226 1224 1243 ι

974 1262 1056 1290 Iit-15p.
1081 1262 1265 1298 Complantati
1282 1261 1345 1289 facti
1364 1269 1471 1293 sumus,
1485 1262 1632 1297 participes
1645 1261 1722 1289 vide-

936 1307 1259 1342 licetzquemadmodum
1277 1315 1377 1341 corpus
1400 1306 1507 1334 Domini
1534 1308 1669 1342 sepultum
1692 1307 1721 1335 in

937 1356 1020 1384 terra,
1036 1353 1138 1379 mundo
1152 1353 1267 1380 salutem
1282 1352 1402 1386 peperit;
1419 1353 1458 1379 sic
1475 1357 1598 1379 nostrum
1614 1359 1722 1386 quoque

937 1404 1038 1432 corpus
1054 1397 1082 1424 in
1100 1397 1237 1432 baptismo
1253 1397 1400 1432 sepultum,
1417 1397 1495 1424 nobis
1509 1397 1575 1432 ipsis
1586 1397 1722 1432 justitiam

938 1444 1060 1478 protulit.
1079 1443 1232 1471 Similitudo
1254 1447 1344 1470 autem
1367 1443 1408 1470 sic
1424 1443 1504 1470 habet
1526 1452 1532 1470 :
1551 1443 1626 1470 Sicut
1642 1443 1724 1470 Chri-

939 1493 999 1516 stus
1012 1492 1137 1516 morluus
1156 1492 1208 1520 est,
1237 1492 1264 1516 et
1285 1488 1365 1515 tertia
1384 1488 1429 1515 die
1445 1488 1611 1521 resurrexit;
1631 1488 1672 1516 sic
1696 1491 1723 1516 et

940 1542 990 1562 nos
1005 1535 1032 1561 in
1049 1534 1185 1569 baptismo
1200 1534 1358 1565 morientes,
1376 1534 1555 1569 resurgimus.
1570 1534 1638 1560 Nam
1650 1533 1724 1569 quod

942 1579 1073 1606 infantem
1089 1583 1132 1606 ter
1147 1579 1175 1605 in
1194 1579 1326 1614 piscinam
1344 1579 1541 1613 immergimus,
1556 1583 1582 1606 ct
1598 1583 1640 1607 ter
1657 1579 1725 1606 edu-

940 1625 1040 1656 cimus,
1058 1624 1084 1651 id
1103 1629 1216 1651 mortem
1235 1624 1348 1657 Christi,
1365 1627 1392 1651 et
1406 1628 1467 1659 post
1488 1625 1608 1652 triduum
1632 1633 1725 1653 resur-

941 1670 1087 1698 rectionem
1105 1669 1250 1704 signiﬁcat.

979 1714 1091 1748 Quaes'r.
1108 1714 1199 1740 XCIII.
1221 1713 1291 1746 Quid
1309 1717 1372 1741 est:
1392 1723 1402 1740 ι
1417 1713 1484 1741 Nam
1501 1714 1574 1750 quod
1598 1715 1725 1750 impossi-

942 1759 996 1787 bile
1015 1764 1074 1787 erat
1090 1760 1152 1794 legi,
1176 1760 1203 1786 in
1231 1767 1285 1794 quo
1307 1759 1497 1788 inﬂrmabatur
1520 1768 1568 1795 per
1591 1768 1726 1789 carnem:

944 1806 1015 1834 Deus
1027 1806 1059 1838 ⁸³,
1076 1816 1085 1832 ι
1104 1810 1156 1833 etc.

982 1852 1063 1879 Resp.
1083 1851 1285 1884 Inﬁrmabatur,
1312 1851 1401 1886 inquit
1422 1852 1474 1884 lex,
1493 1851 1619 1879 videlicet
1633 1852 1666 1879 ad
1687 1852 1728 1887 ju-

945 1897 1119 1926 stiﬁcandum
1136 1897 1284 1924 hominem.
1301 1896 1361 1923 Non
1377 1898 1449 1924 enim
1468 1901 1573 1931 poterat
1590 1898 1671 1924 homo
1687 1902 1730 1933 ty-

945 1943 1087 1970 rannidem
1104 1947 1131 1970 ct
1152 1942 1308 1969 incendium
1324 1942 1416 1969 carnis
1437 1942 1582 1969 sustinere.
1600 1941 1662 1969 Ideo
1676 1943 1729 1968 mi-

946 1991 981 2018 sit
997 1989 1068 2016 Deus
1086 1988 1255 2024 unigenitum
1281 1989 1379 2016 Filium
1394 1996 1485 2022 suum,
1501 1993 1529 2016 ut
1550 1996 1598 2024 per
1618 1996 1728 2016 carnem

945 2042 1022 2062 suam
1036 2033 1232 2061 condemnaret
1248 2037 1400 2068 peccatum.
1419 2034 1478 2061 Hoc
1490 2041 1555 2061 vero
1566 2034 1639 2069 quod
1651 2033 1728 2065 dicit,

946 2082 973 2109 in
994 2081 1172 2109 similitudine
1186 2080 1279 2107 carnis
1299 2080 1415 2114 peccati,
1430 2087 1485 2107 non
1504 2079 1583 2112 dixit,
1603 2080 1630 2106 in
1647 2087 1730 2107 carne

946 2127 1061 2162 peccati,
1092 2126 1140 2154 sed
1168 2127 1194 2153 in
1220 2126 1410 2153 similitudine.
1433 2125 1501 2152 Nam
1523 2125 1640 2152 humana
1665 2132 1730 2152 caro

946 2172 1048 2199 Christi
1064 2172 1091 2198 in
1106 2171 1233 2198 omnibus
1245 2173 1286 2197 est
1305 2170 1403 2197 similis
1414 2169 1486 2196 facta
1498 2169 1624 2196 humanm
1640 2169 1729 2201 carni,

947 2225 1000 2253 qua
1016 2218 1121 2244 ratione
1136 2217 1274 2252 perfectus
1291 2220 1332 2244 est
1344 2216 1434 2242 homo.
1450 2215 1573 2243 Peccatis
1587 2223 1653 2242 vero
1665 2222 1731 2242 caro

947 2263 1008 2297 ejus
1025 2271 1079 2290 non
1093 2262 1144 2289 fuit
1168 2261 1297 2293 obnoxia,
1322 2261 1402 2288 siculi
1416 2264 1510 2287 nostra
1526 2263 1568 2287 est
1583 2269 1590 2286 :
1605 2269 1614 2285 ι
1630 2259 1731 2287 Pecca-

949 2313 1005 2336 tum
1021 2309 1093 2336 enim
1116 2316 1171 2335 non
1187 2307 1260 2338 fecit,
1278 2315 1328 2334 nec
1345 2307 1472 2333 inventus
1495 2309 1536 2333 est
1555 2306 1634 2334 dolus
1646 2306 1674 2332 in
1685 2313 1734 2333 ore

948 2356 1050 2391 ejus”.
1067 2365 1076 2381 ι

991 2412 1101 2445 Qumsr.
1117 2411 1209 2439 XCIV.
1234 2411 1304 2444 Quid
1323 2414 1375 2441 est,
1393 2409 1464 2444 quod
1482 2408 1566 2435 dicit:
1584 2417 1593 2434 ι
1608 2408 1675 2436 Date
1692 2409 1732 2436 Io-

952 2467 1013 2486 cum
1031 2459 1078 2486 irae
1088 2458 1132 2485 “2'
1147 2467 1155 2483 ι
1742 2458 1749 2488 I

991 2516 1071 2543 lisse.
1094 2515 1124 2542 Ei
1142 2515 1188 2549 qui
1208 2517 1234 2541 te
1251 2512 1424 2540 contristavit
1437 2519 1469 2539 ac
1480 2511 1620 2539 tribuiavit
1634 2511 1676 2539 vel
1694 2505 1749 2538 aI-'

954 2561 1017 2589 fecit
1041 2561 1151 2596 injuria,
1178 2559 1314 2591 condona,
1339 2566 1500 2593 omnemque
1523 2557 1670 2585 vindictam
1692 2565 1735 2584 re-

952 2608 1030 2635 mitte
1048 2607 1113 2639 Deo,
1131 2607 1177 2642 qui
1192 2606 1265 2641 quod
1281 2612 1390 2639 asquum
1409 2607 1451 2631 est
1469 2602 1651 2638 dispensabit.
1665 2602 1734 2628 Illud

952 2662 1036 2682 vero:
1051 2666 1060 2679 ι
1076 2653 1174 2680 Beatus
1199 2652 1246 2687 qui
1275 2650 1449 2685 nonjudicat
1471 2649 1499 2676 in
1522 2656 1554 2676 eo
1576 2648 1654 2683 quod-
1672 2655 1737 2682 pro-

953 2701 999 2729 bat
1011 2700 1046 2733 ",
1062 2709 1071 2725 )
1090 2699 1141 2727 hoc
1155 2698 1289 2734 signiﬁcat
1305 2707 1311 2725 :
1323 2696 1433 2732 quando
1444 2703 1492 2731 per
1505 2693 1735 2729 dispensationem

1037 2790 1060 2806 '°
1080 2788 1131 2817 Isa.
1150 2796 1208 2821 Lm,
1227 2787 1265 2820 9;
1284 2785 1380 2813 IPetr.
1400 2793 1430 2818 ιι,
1448 2784 1492 2811 ἓὲ.
1546 2783 1567 2798 ⁵¹
1588 2780 1667 2809 Rom.
1684 2785 1735 2812 ΣΠ,
