1940 3068
253 127 308 156 735

818 126 847 154 S.
866 126 1097 155 ATHANASIL’S.
1114 142 1149 147 —
1169 127 1305 156 SPURIA.

1818 131 1866 158 756

254 190 353 218 feceris
365 189 476 224 aliquid,
494 188 566 223 quod
586 189 619 216 ad
635 189 750 217 salutem
762 187 855 217 fratris
868 189 907 216 tui
922 194 1029 223 spectet,

1088 189 1131 215 τοῦ
1146 189 1261 224 ἀδελφοῦ
1279 198 1336 220 σου.
1364 190 1410 216 καὶ
1437 190 1536 221 πάντες
1566 189 1727 225 μέμφονται,
1742 189 1772 215 τὸ
1782 189 1810 215 δὲ
1825 189 1868 216 σὺν

255 235 362 264 etiamsi
380 235 406 263 id
429 242 526 262 omnes
546 235 683 267 incusem,
705 235 730 262 si
753 238 798 262 tua
820 239 848 262 te
865 234 1034 262 conscientia

255 290 309 311 non
325 283 498 314 condemnat,
515 283 610 310 beatus
622 290 662 309 es.

291 329 400 362 Qums'r.
416 327 496 355 XCV.
516 327 586 360 Quid
596 332 650 359 est,
667 328 739 363 quod
753 328 859 363 inquit:
876 338 884 354 ι
900 328 1035 361 Quoniam

253 378 281 402 et
293 374 379 402 Judaei
397 375 502 410 signum
518 378 623 409 petunt.
642 378 669 401 et
686 373 772 401 Graeci
787 375 947 409 sapientiam
959 382 1034 410 quae-

253 424 317 447 runt
339 429 345 447 :
370 427 420 446 nos
450 423 541 446 autem
566 419 745 453 praedicamus
770 418 910 446 Christum
943 419 1034 446 cruci-

253 467 336 493 ﬁxum
347 466 388 492 "1’
406 475 415 492 ι

289 512 371 539 Rssr.
398 511 426 538 Si
447 510 606 543 dixerimus,
627 511 725 546 inquit,
739 510 832 538 Iudaeo
855 510 972 542 :Crede,
991 517 1034 536 re-

253 558 381 592 spondet,
406 557 521 585 excitate
543 562 675 588 mortuos,
705 557 850 584 medemini
868 556 981 584 insanis.
1005 555 1033 583 Si

253 605 352 631 Graeco
367 603 437 631 idem
453 603 587 636 dicamus,
604 604 670 638 petit
685 611 699 629 a
714 603 792 631 nobis
811 603 975 630 rhetoricum
990 609 1035 628 or-

251 656 346 678 natum
363 651 389 677 in
405 650 506 677 verbis.
521 649 576 676 Nos
593 654 683 676 autem
698 649 878 684 przcdicamus
893 648 1033 675 Christum

250 697 424 728 cruciﬁxum,
445 696 491 730 qui
509 700 551 723 est
570 696 708 731 signorum
727 695 859 731 potentia,
879 699 906 722 et
925 695 1034 729 sapien-

251 744 295 769 tia:
308 742 430 777 pelagus.
446 741 547 768 Verum
559 741 608 776 ipsi
621 741 728 776 quidem
741 741 914 768 oti'enduntur
927 744 954 768 et
970 741 1034 768 stul-

250 781 306 814 tam
322 791 449 822 reputant
466 787 696 822 prtedicationem,
712 787 821 821 quando
838 786 921 813 Deum
942 785 1033 813 cruci-

251 833 335 860 ﬁxum
351 840 412 860 esse
426 833 539 860 audiunt
556 841 563 859 :
578 832 650 867 quod
664 836 753 859 tamen
765 840 819 859 non
839 832 952 864 mirum;
969 839 1031 858 nam

249 879 296 913 qui
317 878 433 905 inﬁrmis
448 882 512 905 sunt
527 879 624 910 oculis,
651 886 704 905 non
729 882 843 912 possunt
859 885 925 912 pure
940 877 1033 905 videre

250 924 346 951 solem.
362 924 402 951 Ad
417 924 543 951 eumdem
555 923 664 951 modum
679 925 760 951 etiam
777 924 833 950 isti.
846 923 914 951 Illud
929 928 1031 955 autem,

252 979 262 996 ι
278 970 357 1003 Quod
379 970 493 998 stultum
519 973 562 998 est
589 970 647 1001 Dei,
676 970 827 1005 sapientius
846 975 887 997 est
914 969 1033 997 homini-

249 1017 332 1044 nibus
344 1016 380 1048 ⁵⁵,
393 1026 403 1042 ι
419 1015 454 1043 de
464 1024 546 1043 cruce
557 1015 687 1050 loquitur.
701 1015 767 1042 Nam
783 1016 920 1050 sapientes
935 1018 962 1042 et
972 1014 1032 1050 phi-

250 1062 356 1097 losophi
375 1062 456 1089 etiam
471 1062 684 1096 praestantiores,
699 1061 816 1088 inaniter
831 1061 990 1088 laborarunt
1004 1063 1032 1086 et

248 1108 372 1142 occupati
385 1107 506 1140 fuerunt,
522 1115 572 1134 nec
587 1107 735 1142 quidquam
747 1107 810 1134 boni
827 1109 1029 1142 perpetrarunt.

247 1153 322 1181 Crux
335 1161 399 1181 vero
411 1161 491 1188 quam
503 1153 543 1180 illi
553 1154 694 1180 stultitiam
709 1153 881 1187 reputabant,
898 1152 1031 1179 mundum

247 1200 353 1226 salvum
371 1199 436 1226 fecit
451 1202 496 1225 :et
509 1203 649 1233 propterea
662 1198 790 1226 omnibus
805 1198 954 1233 sapientior
971 1202 1030 1232 est,

247 1252 281 1271 eo
298 1244 370 1279 quod
385 1247 461 1271 tanta
475 1244 547 1270 bona
561 1247 672 1278 operata
688 1243 733 1271 sit.

282 1288 479 1324 274mm".
497 1287 588 1315 XCVl.
606 1288 747 1321 Quomodo
758 1296 822 1316 vero
837 1288 918 1315 dicit:
932 1297 941 1313 ι
952 1288 1030 1322 Quod

247 1332 387 1360 inﬁrmum
405 1337 448 1360 est
463 1333 522 1365 Dei,
539 1333 637 1361 fortius
650 1337 691 1360 est
706 1333 861 1361 hominibus
873 1334 916 1360 "?
928 1343 938 1359 ι

285 1378 367 1406 ltesr.
387 1378 576 1407 Inﬁrmitatem
593 1379 640 1406 Dei
659 1383 738 1406 vocat
762 1387 872 1407 sensum
890 1379 1030 1414 apostolo-

246 1432 319 1455 rum,
335 1424 382 1459 qui
401 1424 526 1452 homines
545 1432 606 1452 cum
625 1428 717 1451 essent
732 1424 825 1451 idiota:
838 1428 865 1451 ct
885 1424 1029 1457 illitterati,

246 1475 338 1497 tamen
360 1470 435 1498 brevi
459 1475 580 1505 tempore
606 1474 692 1498 totum
713 1471 806 1498 orbem
825 1471 905 1506 quasi
929 1478 1030 1506 sagena

1087 235 1203 266 συνειδὸς
1216 236 1245 261 οὑ
1261 235 1419 271 κατακρίνει
1437 244 1476 268 σε,
1495 235 1626 270 μακάριος
1635 233 1671 261 εἷ.

1127 322 1222 357 Ἐρώτ.
1239 322 1289 356 Hs’.
1305 323 1338 348 Τί
1355 323 1446 356 λέγει·
1467 332 1476 348 ε
1497 322 1603 357 Ἐπειδὴ
1618 322 1665 349 καὶ
1681 322 1803 348 Ἰουδαῖοι
1824 330 1869 356 ση-

1087 368 1160 402 μεῖον
1171 367 1287 398 αἰτοῦσι,
1317 368 1363 394 καὶ
1378 367 1506 402 ’Έλληνες
1524 367 1618 401 σοφίαν
1633 366 1760 402 ζητοῦσιν
1770 374 1777 382 '
1792 368 1868 402 ημεξ

1084 413 1112 438 δὲ
1128 412 1301 448 κηρύσσομεν
1317 413 1432 448 Χριστὸν
1443 413 1668 448 ὲσταυρωμένον;
1690 421 1700 438 ι

1125 504 1219 530 Ἀπόκ.
1243 504 1304 530 Ἐὰν
1322 504 1451 538 εἴπωμεν,
1481 503 1571 537 φησὶν.
1596 501 1728 536 Ἰουδαίῳ’
1756 501 1866 528 Πίστευ-

1085 559 1145 578 σον·
1161 551 1244 584 λέγει,
1275 550 1455 584 Ἀναστήσατε
1485 549 1607 584 νεκροὺς,
1624 547 1737 574 ίάσασθε
1755 548 1866 582 μαινῶν-

1083 606 1142 628 τας.
1158 597 1219 623 Ἐὰν
1236 596 1263 622 δὲ
1280 596 1400 630 εἴπωμεν
1415 595 1536 630 Ἕλληνι,
1546 595 1656 620 ἀπαιτεῖ
1671 594 1738 628 ἡμῖν
1762 594 1866 628 ῥητορι-

1084 642 1130 669 κὸν
1146 642 1233 676 λόγον.
1253 642 1347 676 Ἡμεῖς
1358 641 1386 667 δὲ
1400 640 1573 676 κηρύσσομεν
1589 639 1707 673 Χριστὸν
1736 639 1867 673 ἐσταυρω-

1085 689 1174 724 μένον,
1191 688 1266 719 ὅστις
1282 688 1339 714 ἐστὶ
1349 687 1396 713 καὶ
1407 686 1519 722 δύναμις
1532 686 1586 712 τῶν
1608 685 1739 720 σημείων,
1753 684 1798 711 καὶ
1821 684 1864 710 πέ‹

1083 734 1165 767 λαγος
1179 733 1228 768 τῆς
1244 734 1350 767 σοφίας.
1369 732 1436 758 Ἀλλ’
1453 733 1551 758 ἐκεῖνοι
1573 730 1805 762 σκανδαλίζονται,
1824 731 1865 756 καὶ

1085 779 1176 814 μωρὸν
1192 779 1319 814 ἡγοῦνται
1332 778 1363 805 τὸ
1374 779 1514 813 κήρυγμα,
1532 777 1674 808 ἀκούοντες
1694 777 1760 803 Θεὸν
1778 777 1864 802 ἐπαυ-

1086 825 1222 861 ρωμένον”
1243 826 1289 852 καὶ
1304 825 1334 852 οὐ
1362 825 1471 860 θαῦμα,
1489 825 1536 850 καὶ
1565 824 1619 859 γὰρ
1648 824 1673 850 oi
1699 823 1865 854 ἀσθενοῦντες

1082 873 1145 903 τοὺς
1161 871 1329 906 ὀφθαλμοὺς,
1347 871 1376 896 οὐ
1389 870 1514 897 δύνανται
1527 869 1636 904 βλέπειν
1646 869 1692 895 τὸν
1702 869 1777 903 ἣλιον
1790 868 1865 895 καθα-

1083 917 1153 953 ρῶς·
1177 917 1247 943 οὕτω
1274 917 1319 944 καί
1343 916 1429 943 αὐτοί.
1446 915 1482 942 Τὸ
1503 916 1542 946 δὲ,
1564 916 1604 942 ὅτι
1623 925 1631 940 ι
1656 915 1694 941 Τὸ
1710 915 1800 950 μωρὸν
1823 912 1864 939 τοῦ

1082 961 1150 988 Θεοῦ
1175 961 1328 997 σοφώτερον
1353 960 1407 988 τῶν
1436 960 1586 996 ἀνθρώπων
1617 960 1687 991 ἐστὶ,
1702 970 1710 985 ι
1729 960 1801 993 λέγει
1825 959 1864 985 τὸν

1081 1008 1209 1044 σταυρόν.
1226 1007 1277 1034 Καὶ
1291 1009 1345 1044 γὶιρ
1358 1009 1382 1034 οἱ
1399 1008 1475 1042 cogo).
1490 1008 1536 1034 καὶ
1562 1007 1702 1041 φιλόσοιροι
1722 1007 1770 1032 καὶ
1785 1007 1809 1031 οἱ
1824 1005 1864 1031 δυ-

1081 1054 1157 1081 νατοὶ
1173 1055 1213 1086 εἰς
1241 1053 1342 1088 μάταια
1361 1053 1560 1089 ὴσχολήθησαν,
1588 1053 1636 1078 καὶ.
1663 1052 1863 1087 ἐφιλοπόνησαν,

1080 1100 1128 1126 καὶ
1151 1099 1227 1126 οὐδὲν
1256 1099 1356 1133 ἀγαθὸν
1382 1098 1573 1134 κατώρθωσαν.
1598 1099 1628 1124 ’0
1655 1098 1684 1124 δὲ
1701 1096 1865 1133 σταυρὸς,ὂν

1081 1145 1204 1180 ἐνόμιζον
1215 1146 1313 1171 ἐκεῖνοι
1327 1145 1443 1180 μωρίαν,
1459 1144 1505 1170 τὸν
1518 1144 1618 1178 κόσμον
1635 1143 1723 1170 ἔσωσε
1735 1153 1741 1158 ·
1758 1143 1803 1169 καὶ
1826 1141 1865 1168 διὰ

1080 1190 1159 1218 τοῦτο
1173 1190 1325 1226 σοφώτερον
1336 1190 1444 1217 πάντων
1454 1190 1536 1222 ἐστὶν,
1551 1190 1591 1216 ὅτι
1608 1190 1716 1225 μεγάλα
1727 1189 1864 1225 εἰργάσατο

1080 1236 1181 1271 ἀγαθά.

1121 1282 1218 1318 Ἐρώτ.
1240 1284 1296 1315 ιιςι.
1312 1282 1379 1314 Καὶ,
1401 1282 1453 1308 «Τὸ
1470 1281 1580 1313 ἀσθενὲς
1594 1282 1640 1308 τοῦ
1649 1281 1717 1307 Θεοῦ
1735 1279 1864 1316 ἰσχυρότε-

1081 1338 1127 1365 ρον
1139 1329 1193 1355 τῶν
1211 1328 1360 1364 ἀνθρώπων
1374 1329 1474 1360 ἐστὶν,ι
1491 1328 1562 1354 οὕτω
1572 1328 1658 1361 λέγει.

1122 1375 1216 1401 Ἀπόκ.
1238 1374 1361 1406 Ἀσθενὲς
1377 1374 1424 1401 τοῦ
1440 1374 1506 1401 Θεοῦ
1529 1373 1604 1408 λέγει
1628 1373 1684 1399 τῶν
1715 1372 1862 1400 ἀποστόλων

1079 1420 1110 1448 τὸ
1123 1421 1259 1456 φρόνημα,
1276 1422 1316 1448 ὅτι
1338 1421 1474 1457 ἄνθρωποι
1502 1420 1605 1447 ἰδιῶται
1620 1419 1668 1446 καὶ
1695 1418 1862 1454 ἀγράμματοι

1079 1467 1109 1493 ὲν
1124 1466 1219 1503 βραχεῖ
1229 1466 1317 1502 καιρῷ
1327 1466 1376 1501 τὴν
1392 1466 1552 1501 οἰκουμένην
1563 1466 1748 1501 ὲσαγήνευσαν
1760 1464 1809 1498 (li),
1820 1462 1862 1490 καὶ

245 1515 402 1549 capientes,
419 1524 495 1551 reges
510 1521 537 1544 et
558 1516 711 1551 principes,
728 1516 864 1551 sapientes
876 1521 903 1544 et
920 1524 1029 1552 magna-

1088 1513 1209 1545 Ξασιλεῖς,
1223 1513 1268 1539 καὶ
1293 1513 1436 1548 ἄρχοντας,
1459 1512 1506 1538 καὶ
1534 1512 1642 1546 σοφοὺς,
1663 1512 1709 1538 καὶ
1737 1510 1861 1539 δυνάστας

245 1564 287 1587 tes
302 1560 437 1588 devicere.

282 1604 365 1633 Paor.
392 1605 494 1633 XCVII.
523 1606 594 1639 Quid
621 1610 663 1634 est
690 1606 775 1634 illud;
791 1607 867 1634 (Sed
894 1607 1030 1642 loquimur

245 1649 294 1678 Dei
305 1651 466 1686 sapientiam
478 1651 506 1679 in
519 1652 660 1687 mysterio,
672 1660 732 1687 qua:
744 1651 904 1680 abscondita
912 1652 1005 1680 est"?
1017 1662 1026 1679 ι

281 1695 363 1724 Βεερ.
384 1696 477 1730 Vides,
494 1698 630 1732 quomodo
646 1698 768 1725 nominet
780 1698 839 1732 ipse
853 1698 1027 1733 sapientiam,

245 1749 327 1776 quam
342 1741 426 1776 'prius
450 1742 593 1769 stultitiam
614 1746 768 1770 vocaverat.
791 1742 898 1770 Etenim
922 1747 1027 1778 myste-

246 1786 316 1812 tium
331 1786 448 1820 primum
461 1787 693 1821 dispensationem
706 1787 782 1820 dicit,
804 1788 864 1816 ideo
877 1788 950 1823 quod
966 1789 1027 1815 nul-

246 1834 289 1858 Ius
301 1839 389 1866 neque
404 1832 526 1867 angelus,
547 1840 597 1860 nec
612 1833 664 1860 alia
677 1833 769 1868 aliqua
793 1837 884 1861 creata
904 1838 1026 1869 potestas

242 1876 372 1911 cognovit
385 1876 437 1904 hoc
456 1877 615 1912 mysterium
636 1881 663 1904 et
683 1876 913 1912 dispensationem
932 1879 1026 1910 istam,

241 1921 318 1957 quod
332 1921 359 1949 in
367 1926 438 1950 terra
444 1922 515 1950 Deus
527 1930 636 1950 carnem
644 1929 834 1958 assumpturus
849 1928 932 1951 esset.
942 1923 1025 1951 Post-

245 1973 360 2000 eaquam
378 1974 444 1994 vero
459 1966 560 1994 factum
576 1971 629 1999 est,
647 1968 775 1996 omnibus
786 1968 904 1995 innotuit
915 1978 921 1995 :
931 1976 1026 2003 quem-

243 2011 390 2039 admodum
407 2012 496 2048 inquit
512 2013 659 2048 Apostolus
673 2023 680 2041 :
695 2023 704 2040 (
719 2014 754 2042 Ut
776 2015 930 2043 innotescat
952 2023 1027 2042 nunc

244 2058 444 2094 principatibus
466 2063 493 2087 et
520 2060 722 2094 potestatibus,
748 2061 776 2088 in
799 2061 998 2089 coelestibus".
1014 2071 1024 2088 ι

242 2101 330 2130 Vocat
350 2107 440 2130 autem
462 2103 526 2131 alibi
540 2111 648 2139 quoque
673 2104 843 2140 mysterium,
865 2105 964 2132 eximia
980 2105 1027 2132 illa

242 2156 325 2184 opera
340 2148 397 2181 Dei,
412 2157 509 2185 nempe
523 2151 702 2184 nativitatem,
716 2150 1007 2186 stabulum,baptisma
1017 2171 1024 2183 ,

1084 1559 1222 1594 ἐνίκησαν.

1115 1605 1247 1640 Κείμενον
1273 1604 1324 1638 ιιςα
1345 1614 1354 1630 (
1374 1604 1474 1638 Σοφίαν
1489 1604 1518 1630 δὲ
1531 1603 1667 1640 λαλοῦμεν
1682 1602 1748 1630 Θεοῦ
1765 1603 1793 1628 ὲν
1815 1609 1861 1636 μυ-

1081 1652 1184 1687 στηρίῳ
1199 1651 1248 1686 τὴν
1265 1650 1523 1686 ἀποκεκρυμμένην.
1542 1660 1552 1675 ι

1121 1697 1214 1724 Ἀπόκ.
1231 1697 1321 1732 Ὁρᾷς,
1335 1696 1392 1727 πῶς
1404 1695 1481 1722 καλεῖ
1495 1695 1575 1727 αὐτὸς
1596 1696 1693 1730 σοφίαν
1703 1715 1710 1727 ,
1733 1694 1765 1729 ἣν
1790 1693 1859 1726 ἔλεγε

1079 1742 1186 1778 πρῶτον
1205 1742 1320 1777 μωρίαν.
1339 1741 1393 1768 Καὶ
1407 1741 1460 1777 γὰρ
1479 1742 1626 1776 μυστήριον
1644 1740 1750 1775 πρῶτον
1764 1739 1858 1765 οἰκονο-

1080 1789 1143 1824 μίαν
1170 1788 1254 1823 λέγει,
1271 1789 1312 1814 ὅτι
1332 1788 1393 1814 οὔτε
1419 1787 1542 1822 ἄγγελος,
1565 1787 1627 1814 οὔτε
1638 1787 1735 1822 κτιστὴ
1754 1785 1857 1819 δύναμις

1078 1835 1145 1870 ἄλλη
1172 1835 1302 1869 ἐγίνωσκε
1326 1835 1356 1860 τὸ
1380 1835 1527 1869 μυστήριον
1556 1835 1603 1861 καὶ
1635 1835 1685 1870 τὴν
1710 1831 1856 1866 οἰκονομίαν

1078 1881 1189 1916 ταύτην,
1199 1881 1241 1907 ὅτι
1257 1880 1373 1916 μέλλειὸ
1385 1880 1451 1912 Θεὸς
1467 1880 1513 1906 ἐπὶ
1529 1880 1579 1915 τῆς
1597 1880 1651 1915 γῆς
1679 1878 1852 1915 σαρκωθῆναι-

1079 1927 1162 1954 Ὅταν
1172 1927 1200 1954 δὲ
1216 1928 1322 1962 γέγονε.
1335 1927 1396 1954 τότε
1409 1928 1508 1959 πάντες
1522 1928 1669 1962 ἐγνώκασι,
1686 1927 1773 1957 καθὼς
1788 1925 1853 1958 λέγει

1077 1973 1092 1999 ὁ
1114 1972 1288 2004 ’Δπόστολος-
1309 1982 1318 1998 ε
1339 1973 1398 2000 Ἵνα
1415 1973 1550 2009 γνωρισθῇ
1563 1973 1610 2000 νῦν
1626 1975 1685 2006 ταῖς
1704 1973 1797 2008 ἀρχαῖς
1811 1977 1852 1996 και

1076 2019 1136 2049 ταῖς
1157 2017 1290 2050 ἐξουσίαις
1306 2019 1400 2050 ἐντοῖς
1414 2019 1593 2054 ἐπουρανίοις.
1615 2028 1624 2045 ι
1642 2020 1722 2053 Λέγει
1735 2018 1762 2044 δὲ
1778 2015 1851 2042 ἀλλα·

1077 2062 1125 2098 χοῦ
1151 2062 1231 2089 πάλιν
1254 2063 1402 2099 μυστήριον
1425 2063 1459 2090 τὰ
1485 2062 1610 2099 ἐξαίρετα
1633 2063 1702 2098 ἔργα
1717 2060 1761 2087 τοῦ
1773 2056 1848 2088 Θεοῦ,

1077 2105 1132 2134 οἷον
1156 2107 1205 2143 τὴν
1234 2107 1369 2142 γέννησιν,
1389 2108 1438 2143 τὴν
1461 2108 1574 2143 φάτνην,
1595 2108 1626 2134 τὸ
1643 2108 1788 2143 βάπτισμα,
1809 2102 1849 2128 τδν

1079 2152 1255 2188 στα·.›ρὸν,τὸν
1270 2152 1392 2185 θάνατον,
1409 2154 1457 2188 τὴν
1476 2154 1633 2183 ἀνάστασιν.
1644 2154 1692 2188 τὴν
1716 2148 1846 2184 ἀνάληψιν,

242 2203 364 2226 crucem.
379 2200 505 2228 mortem,
523 2196 752 2224 resurrectionem
773 2202 800 2223 et
820 2198 1018 2224 ascensionem.

1088 2197 1163 2229 ιαοὼς
1179 2199 1224 2225 καὶ
1233 2199 1247 2224 ὁ
1260 2199 1288 2225 ὲν
1301 2198 1388 2232 ἁγίοις
1400 2199 1548 2234 Γρηγόριος
1559 2200 1572 2226 ὁ
1582 2199 1709 2232 Θεολόγος
1722 2195 1846 2232 μυστήρια

242 2240 319 2268 Sicut
339 2241 421 2268 etiam
443 2246 554 2269 sanctus
573 2241 719 2277 Gregorius
735 2241 888 2277 Theologus
901 2243 938 2278 (5)
965 2251 1024 2279 my-

1088 2245 1124 2276 ὰς
1138 2244 1232 2280 ἑορτὰς
1244 2245 1321 2271 καλεῖ
1335 2246 1363 2271 ἐν
1378 2245 1416 2280 τῷ
1431 2247 1482 2277 Εἰς
1500 2246 1536 2272 τὰ
1550 2245 1633 2279 φῶτα
1645 2244 1727 2278 λόγῳ·
1747 2251 1756 2266 ι
1770 2239 1845 2266 Πάλιν

240 2287 324 2314 steria
332 2292 411 2314 vocat
423 2287 500 2320 festa,
511 2287 538 2314 in
551 2295 678 2316 sermone
691 2288 729 2315 De
749 2287 891 2316 luminibus
907 2296 916 2316 .'
934 2298 942 2314 ι
955 2288 1024 2316 Rur-

1089 2292 1183 2327 Ιησοῦς
1196 2293 1209 2318 ὀ
1223 2280 1365 2326 subi-xui.
1381 2292 1462 2318 πάλιν
1479 2293 1634 2327 μυστήριον.
1649 2301 1658 2317 ι
1675 2289 1756 2316 Τοῦτο
1766 2286 1791 2312 δὲ
1806 2284 1844 2310 λέ-

175 2358 187 2368 ,
239 2340 288 2360 sus
302 2332 383 2361 Iesus
402 2334 447 2360 ille
459 2341 547 2365 meus,
571 2337 598 2361 et
622 2333 721 2360 iterum
745 2334 914 2369 mysterium.
932 2344 942 2360 ι
965 2334 1022 2362 Hoc

1088 2346 1117 2364 ἐι
1129 2337 1173 2365 διὰ
1186 2337 1232 2373 τὴν
1243 2337 1337 2374 ἑορτὴν
1348 2337 1393 2364 τοῦ
1409 2338 1595 2373 βαπτίσματος
1608 2347 1614 2353 ·
1633 2337 1678 2364 καὶ
1695 2337 1722 2362 ὲν
1739 2334 1790 2363 τοῖς
1800 2330 1845 2356 λοι·

239 2382 332 2406 autem
357 2379 441 2411 dicit,
464 2384 574 2414 propter
601 2379 701 2406 festum
722 2379 872 2414 baptismi:
894 2380 1021 2408 similiter

238 2424 321 2450 etiam
345 2424 373 2450 in
398 2424 520 2458 reliquis.

275 2465 387 2497 Qumsr.
405 2465 520 2494 XCVlll.
541 2466 610 2498 Quid
625 2470 676 2499 est,
691 2467 763 2502 quod
781 2468 889 2503 inquit;
905 2478 914 2494 ‹
928 2468 956 2496 Si
975 2477 1023 2496 cu-

236 2510 282 2546 ius
296 2518 365 2546 opus
380 2512 487 2543 arserit,
501 2512 630 2539 damnum
643 2514 775 2547 patietur:
787 2514 845 2549 ipse
857 2518 946 2542 autem
963 2516 1019 2543 sal-

237 2565 289 2584 vus
305 2557 368 2589 erit,
384 2558 425 2584 sic
440 2562 529 2585 tamen
547 2559 626 2593 quasi
642 2567 690 2594 per
702 2560 792 2594 ignem
804 2560 844 2586 δεῖ
858 2570 867 2585 ›

273 2601 353 2630 Rssr.
380 2602 408 2630 Si
433 2603 512 2638 cujus
532 2612 600 2639 opus
623 2606 732 2638 arserit,
753 2606 881 2633 damnum
903 2607 1022 2642 patietur

1074 2385 1135 2416 ποίς
1147 2384 1256 2420 ὁμοίως.

1113 2473 1208 2509 Ἑρώτ.
1230 2472 1282 2508 1.ιηῖ
1296 2473 1327 2499 Τί
1346 2473 1432 2507 λέγει·
1449 2482 1458 2498 ι
1477 2472 1511 2499 Εἴ
1527 2481 1598 2504 τινος
1622 2472 1652 2498 τὺ
1668 2470 1744 2506 ἔργον
1767 2472 1842 2493 κατα-

1071 2517 1212 2552 καήσεται,
1227 2517 1446 2553 ζημιωθήσεται·
1464 2517 1545 2549 αὐτὸς
1558 2517 1587 2543 δὲ
1603 2516 1760 2550 σωθήσεται,
1778 2509 1841 2536 οὕτω

1070 2562 1098 2588 δὲ
1110 2563 1147 2594 ὡς
1161 2562 1205 2588 διὰ
1218 2562 1303 2598 πυρός
1315 2571 1322 2594 ς
1341 2571 1350 2588 ι

1112 2608 1208 2634 Ἀπόκ.
1272 2617 1344 2640 τινος
1355 2608 1384 2634 τὸ
1398 2607 1477 2644 ἔργον
1493 2609 1702 2643 κατακαήσεται,
1717 2597 1837 2636 ζημιωθῆ

236 2649 312 2683 regni
328 2648 459 2676 caelorum
476 2659 482 2677 :
496 2650 587 2678 salvus
604 2658 669 2678 vero
686 2651 731 2679 ﬁet
747 2651 804 2686 ipse
829 2656 957 2688 tanquam
972 2661 1020 2688 per

1090 2662 1147 2681 εται
1159 2653 1207 2689 τὴν
1226 2653 1363 2689 βασιλείαν
1375 2654 1427 2680 τῶν
1440 2654 1561 2689 οὐρανῶν
1571 2663 1578 2669 ⁸
1596 2653 1742 2687 σωθήσεται
1757 2647 1783 2674 δὲ
1797 2645 1840 2672 αὺ-

236 2693 337 2730 ignem.
356 2694 499 2728 Quomodo
519 2703 584 2724 vero
604 2697 776 2725 servabitur?
790 2698 841 2725 hoc
859 2703 911 2730 est,
927 2700 1019 2727 salvus

1088 2700 1115 2732 ὺς
1138 2700 1176 2732 ὡς
1205 2700 1247 2726 διὰ
1274 2700 1366 2736 πυρός.
1390 2700 1452 2731 Πῶς
1477 2700 1504 2726 δὲ
1526 2700 1690 2736 σωθήσεται;
1716 2692 1836 2722 τουτέστιν

271 2753 296 2769 ⁸³
315 2753 324 2779 l
340 2753 403 2781 Cor.
422 2754 510 2794 l,_22,
525 2755 570 2782 25.
607 2755 631 2771 “
649 2755 715 2783 ibid.
731 2755 776 2784 25.
815 2755 837 2772 ”
857 2756 923 2784 ibid.
961 2757 985 2773 ⁸⁸
1003 2757 1014 2785 Ι

1089 2779 1095 2785 .
1114 2766 1150 2787 LI.
1167 2757 1194 2786 7.
1231 2758 1254 2774 "
1275 2757 1375 2793 Ephes.
1394 2766 1440 2790 Ill,
1459 2758 1502 2785 10.
1541 2751 1770 2789 "lCor.m,15-

271 2820 308 2856 (5)
323 2821 413 2858 Greg..
427 2821 503 2850 Orat.
520 2822 553 2851 59
571 2822 598 2850 in
613 2827 706 2852 sancta
721 2823 828 2860 lumina
847 2823 1011 2860 Epiphaniae.

1105 2825 1144 2862 (4)
1163 2825 1192 2854 In
1205 2826 1371 2862 σαγηνεύειν,
1386 2827 1445 2855 vide
1460 2826 1654 2855 Onomasticon.
