1940 3068
135 119 188 148 757

654 117 883 152 QU£STIONES
900 117 934 145 lN
953 117 1140 146 EPlSTOLAS
1158 103 1274 148 mnu.

1715 121 1766 149 758

134 175 206 208 σῶος
222 175 269 202 καὶ
283 176 409 212 ἀκέραιος
423 177 496 212 μένει
511 177 539 204 ὲν
556 177 594 213 τῷ
607 177 683 214 πυρὶ,
708 179 755 205 καὶ
775 179 823 204 οὐκ
840 177 920 212 ὄψεται

985 182 1012 204 et
1024 177 1128 212 integer
1138 178 1296 206 mancbit'm
1314 178 1385 214 igne.
1402 185 1452 206 nec
1466 178 1568 206 videbit
1580 183 1705 210 mortem,
1717 178 1766 207 sed

134 217 262 253 θάνατον,
279 221 347 249 ἀλλὰ
365 222 394 248 τι
414 223 492 258 ἔργον
510 223 593 250 αὐτοῦ
619 223 698 258 μόνον
727 226 928 259 κατακαήσεται

133 267 182 293 καὶ
198 267 377 302 χαωΘήσεται.
395 269 481 300 Αὐτὸς
491 269 519 295 δὲ
534 268 661 305 ἀκέραιος
680 269 755 304 μένει
781 270 820 300 είς
843 269 928 295 αἰῶνα

133 313 237 344 αἰῶνος
249 313 439 350 κολαζόμενος,
456 315 503 341 καὶ
513 316 543 341 οὐ
559 315 760 350 διαλυθήσεται.

176 359 272 394 Ἐρώτ.
289 361 339 393 L_0’.
365 361 397 387 Τί
411 361 501 395 λέγει’
522 371 531 387 ι
548 361 642 397 Μικρὰ
668 361 741 397 ζύμη
752 361 811 388 ὅλον
823 362 854 388 τὸ
874 361 926 396 φύ-

133 413 213 441 ραμα
227 405 308 440 ζυμοῖ
318 414 325 438 ;
344 415 354 431 ι

177 451 272 477 Ἀπόκ.
296 451 381 478 Τοῦτο
397 452 472 486 λέγει
499 453 543 479 διὰ
559 454 621 485 τοὺς
644 453 778 489 πονηροὺς
795 453 841 480 καὶ
863 461 925 479 σκο-

131 495 208 528 λιοὺς
221 496 388 532 ἁνθῴιπους.
402 498 472 530 Ὅτι,
485 498 578 534 ὥσπερ
600 499 616 534 ἡ
631 499 732 525 παλαιὰ
752 499 823 534 ζύμη
841 499 926 534 μικρὰ

133 541 187 577 μὲν
210 543 279 574 ἔστι,
301 543 368 570 πολὺ
385 544 412 570 δὲ
426 545 537 580 ἄλευρον
561 546 632 571 ποιεῖ
663 544 836 580 ςυμωοῆναι·
855 544 926 571 οὓτω

131 588 183 614 καὶ
207 589 222 614 ὁ
246 589 389 620 κακοποιὸς
409 590 561 625 ἄνθρωπος,
583 590 691 625 τρέφων
717 591 745 616 ἐν
766 590 854 625 ἑαυτῷ
877 590 925 626 τὴν

131 634 254 665 κακίαν,
283 635 443 669 μεταδίδωσι
468 636 586 667 καὶτοῖς
610 635 720 668 ἄλλοις,
748 636 795 663 καὶ
820 636 924 670 γίνεται

132 680 293 710 σκάνδαλον,
308 682 354 707 καὶ
371 681 556 708 καταϐλάπτει
576 682 699 714 πολλοὺς.
717 682 766 709 Διὰ
779 682 858 709 τοῦτο
873 683 925 710 πά-

130 723 175 750 λιν
194 725 286 759 λέγει·
304 734 315 751 ι
343 726 530 762 Ἐκκαϐἁρατε
552 725 598 754 οὖν
618 727 666 762 τὴν
686 727 801 755 παλαιὰν
824 728 922 763 ζύμην,

132 769 178 796 ἵνα
190 768 239 805 ἦτε
254 771 326 799 νέοισ
345 781 355 797 ›
373 772 528 798 τουτέστιν·
557 773 717 805 Ἐκδιώξατε
739 774 784 800 τὸν
808 775 923 809 πονηρὴν

131 815 181 841 καὶ
195 816 300 842 σκολιὸν
317 816 345 850 ἐξ
359 817 435 852 ὑμῶν
447 838 453 849 ,
473 818 489 853 ἢ
515 818 614 852 φύγετε
631 819 678 846 ἀπ’
702 819 783 846 αὐτοῦ
795 828 801 834 ·
831 820 923 855 ἐπειδὴ

979 229 1047 256 opus
1069 223 1155 257 ipsius
1180 223 1352 250 solummodo
1375 225 1551 252 comburetur
1565 228 1591 252 et
1613 225 1765 251 confunde-

977 271 1033 295 tur.
1051 267 1111 302 ipse
1125 276 1191 295 vero
1208 272 1338 296 :eternum
1360 269 1530 304 permanebit
1555 269 1658 304 integer
1669 276 1765 304 poenas

977 313 1056 340 luens
1071 323 1077 340 :
1093 321 1144 341 nec
1161 318 1250 341 tamen
1265 314 1439 341 dissolvetur.

1014 359 1125 392 Qumsr.
1149 359 1242 387 XCIX.
1264 360 1335 393 Quid
1350 364 1402 392 est,
1418 361 1490 395 quod
1505 361 1572 388 dicit
1585 371 1591 388 ε
1603 370 1612 386 ‹
1628 359 1764 388 Modicum

976 404 1104 432 fermenti
1124 410 1209 432 totam
1229 413 1347 433 massam
1365 405 1509 433 lermentat
1517 407 1562 433 5’?
1577 416 1586 433 ι

1012 451 1094 479 RESP.
1115 451 1173 479 lloc
1189 456 1300 487 propter
1316 453 1403 480 malos
1424 456 1451 480 et
1473 461 1617 486 perversos
1637 453 1762 480 homines

976 495 1051 523 dicit.
1075 496 1142 523 Nam
1167 497 1396 531 quemadmodum
1415 501 1493 525 vetus
1519 498 1681 525 fermentum
1705 499 1763 524 exi-

977 549 1060 577 guum
1073 542 1181 576 quidem
1193 548 1246 574 est,
1263 543 1376 570 multum
1392 547 1482 570 autem
1499 543 1592 570 farinae
1604 545 1761 571 l‘ermentat:

975 588 1009 614 ad
1023 588 1148 616 eumdem
1163 588 1272 616 modum
1292 589 1381 616 malus
1400 589 1491 620 homo,
1513 590 1559 623 qui
1580 590 1608 615 in
1626 597 1656 616 se
1677 589 1763 615 nutrit

975 635 1119 665 malitiam,
1143 635 1264 669 impertit
1286 642 1346 661 eam
1364 634 1437 665 aliis,
1463 639 1489 662 et
1505 635 1572 669 ipsis
1588 639 1630 662 est
1645 635 1762 662 scanda‘

974 680 1043 711 lum,
1071 681 1227 716 multosque
1255 681 1344 713 liedit;
1373 684 1515 716 propterea
1541 688 1650 707 rursum
1673 680 1759 708 dicit:

977 735 986 751 ι
1004 725 1156 761 Expurgatc
1173 727 1264 762 itaque
1290 730 1369 753 vetus
1401 726 1574 759 fermentum,
1593 730 1623 752 ut
1643 726 1706 752 novi
1727 727 1763 752 si-

974 772 1008 799 tis
1021 772 1060 803 °°,
1077 782 1085 797 ι
1107 772 1159 799 hoc
1178 776 1221 799 est
1234 782 1239 799 :
1253 771 1383 806 lixpcllite
1410 771 1511 798 malum
1531 774 1558 798 et
1591 778 1704 806 pravum
1728 778 1761 798 ex

973 816 1061 848 vobis,
1077 820 1122 843 aut
1138 823 1185 843 vos
1198 817 1231 842 ab
1245 817 1303 850 ipso
1317 815 1434 843 recedite
1447 825 1453 843 :
1465 815 1685 850 quandoquidem
1703 823 1762 841 om-

130 861 208 886 πίσα
223 861 307 888 κακία
324 862 432 897 μολύνει
448 863 493 889 τὸν
513 863 665 899 ἄνθρωπον.
691 865 739 890 Διὰ
753 864 831 890 τοῦτο
850 864 896 890 καὶ
910 866 920 891 ἐ

976 862 1016 889 nis
1040 862 1145 888 malitia
1163 861 1288 896 inquinat
1313 861 1462 888 hominem.
1478 861 1540 888 Ideo
1562 860 1647 888 David
1673 860 1760 888 malos

130 904 224 934 Δαϐὶδ,
242 905 349 939 φεύγων
369 907 431 938 τοὺς
453 908 604 942 πονηροὺς,
621 908 712 942 ἔλεγεν
724 916 730 922 '
752 918 760 933 ι
783 908 839 935 Οὐκ
857 909 921 935 ἐκα-

131 950 197 976 οισα
213 951 282 986 μετὰ
307 952 445 988 συνεδρίου
465 954 653 990 ματαιότητος,
669 954 716 981 καὶ
743 955 812 990 μετὰ
835 964 922 990 παρα-

129 995 286 1030 νομούντων
301 997 330 1023 οὗ
352 997 388 1033 μὴ
401 998 525 1025 είσέλοω.
548 999 682 1034 Ἐμίσησα
703 1000 849 1036 ἐκκλησίαν
871 1009 920 1026 πο-

128 1043 330 1078 νηρευομὲνων.
357 1053 367 1069 ι
389 1044 438 1070 Διὰ
467 1045 492 1071 τί
522 1044 550 1071 δὲ
572 1045 657 1071 ταῦτα
673 1045 777 1078 ἐποίει;
811 1046 920 1081 Ἐπειδὴ

128 1088 212 1114 πάλιν
240 1088 314 1122 λέγει
341 1089 473 1124 ἀλλαχοῦ·
498 1099 507 1116 ι
527 1090 603 1117 Μετὰ
621 1091 693 1117 ὁσίου
714 1091 786 1123 ὅσιος
800 1091 859 1127 ἔσῃ,
875 1093 921 1119 καὶ

130 1132 202 1167 μετὰ
211 1132 339 1160 ἐκλεκτοῦ
350 1135 476 1166 ἐκλεκτὸς
497 1134 555 1170 ἔσῃ,
571 1136 618 1162 καὶ
633 1135 701 1170 μετᾶ
717 1136 844 1171 στρείλλοῦ
863 1136 920 1162 δια-

131 1178 258 1213 στρέψῃς.
281 1188 290 1204 ›
306 1180 361 1205 Καὶ
372 1181 426 1216 γὰρ
438 1178 493 1212 οἷός
508 1181 582 1207 ἐστιν
598 1181 612 1206 ὁ
628 1181 758 1208 συνοικῶν
774 1182 843 1217 μετὰ
861 1182 918 1214 σοῦ,

127 1224 249 1250 τοιοῦτον
260 1226 445 1261 ἀπεργάσεται
461 1224 531 1252 εἶναί
546 1235 586 1254 σε,

173 1269 269 1305 Ἐρώτ.
284 1274 317 1306 ρ’.
340 1272 372 1297 Τί
400 1272 490 1306 λέγει·
512 1282 521 1298 ι
551 1272 591 1298 Τὰ
616 1272 748 1308 βρώματα
763 1275 795 1310 τῇ
820 1275 918 1311 κοιλίᾳ,

130 1315 370 1350 καὶήκοιλίατοῖς
381 1317 530 1353 βρώμασιν.
551 1319 580 1345 '0
601 1319 629 1345 δὲ
654 1319 719 1352 Θεὸς
750 1321 797 1347 κα)⁸
818 1321 920 1358 ταύτην

129 1361 178 1386 καὶ
194 1361 280 1388 ταῦτα
290 1364 476 1398 καταργήσει;
500 1373 509 1389 ι

173 1406 266 1433 Ἀπόκ.
287 1408 402 1434 Κοίλιαν
426 1409 475 1444 τὴν
500 1410 720 1445 γαστριμαργίαν
743 1410 828 1446 λέγει,
859 1412 920 1448 οὐχὶ

127 1451 179 1486 τὴν
195 1453 326 1488 γαστέρα.
343 1454 397 1480 Καὶ
408 1454 462 1489 γὰρ
477 1455 510 1481 τὰ
527 1455 659 1491 βρώματα
675 1457 742 1492 πρὸς
754 1458 921 1494 τὴνιγαστρι-

131 1497 253 1532 μαργίαν
268 1498 334 1533 ἔχει,
351 1500 428 1534 φησὶ,
441 1501 490 1536 τὴν
504 1501 604 1535 φιλίαν,
620 1502 666 1528 καὶ
679 1503 746 1538 αὐτὴ
761 1504 827 1538 πρὸς
838 1505 917 1537 αὐτὰ,

973 906 1092 942 fugiens,
1108 907 1197 941 inquit
1211 916 1217 933 ι
1234 916 1242 932 ι
1260 905 1318 933 Non
1336 906 1394 933 sedi
1410 913 1472 932 eum
1491 906 1606 933 consilio
1621 905 1759 937 vanitatis,

971 957 1074 980 etcum
1093 952 1343 987 transgressoribus
1359 960 1413 979 non
1426 952 1556 979 introiho.
1576 951 1655 978 Odivi
1673 951 1760 978 eccle-

972 998 1041 1025 siam
1057 998 1265 1032 malignanlium
1277 998 1310 1024 “.
1324 1007 1333 1023 ι
1351 997 1384 1023 Et
1400 1005 1486 1032 quare
1506 997 1547 1024 sic
1561 997 1676 1032 agebat?
1690 996 1759 1030 Quia

971 1048 1001 1070 ut
1013 1043 1080 1070 dicit
1095 1043 1160 1070 alibi
1185 1051 1301 1070 rursus:
1318 1053 1327 1068 ι
1346 1043 1414 1070 Cum
1437 1047 1532 1070 sancto
1552 1048 1663 1070 sanctus
1684 1043 1758 1074 eris,

970 1094 998 1117 et
1010 1097 1072 1116 eum
1088 1090 1177 1117 electo
1192 1090 1297 1117 electus
1308 1089 1363 1116 eris
1373 1109 1381 1122 ,
1395 1092 1493 1116 etcum
1507 1096 1634 1124 perverso
1648 1096 1759 1123 perver—

970 1136 1038 1163 teris
1049 1136 1083 1161 ⁶¹.
1100 1145 1110 1162 ι
1127 1135 1234 1163 Etenim
1253 1135 1344 1170 qualis
1366 1139 1408 1162 est
1426 1135 1471 1162 ille
1484 1134 1595 1169 quicum
1612 1141 1758 1162 conversa-

970 1182 1020 1214 ris,
1041 1183 1122 1210 talem
1139 1186 1165 1210 te
1174 1190 1282 1218 quoque
1295 1182 1401 1210 reddet.

1005 1270 1116 1304 Ουεετ.
1132 1270 1164 1298 C.
1181 1270 1253 1304 Quid
1269 1275 1310 1299 est
1328 1271 1401 1306 quod
1419 1270 1506 1298 dicit:
1523 1279 1531 1296 ι
1546 1270 1614 1298 Esca
1632 1270 1716 1298 ventri
1731 1275 1759 1298 et

969 1321 1064 1344 venter
1090 1319 1173 1346 escis.
1204 1317 1276 1345 Deus
1300 1321 1391 1345 autem
1417 1321 1445 1345 et
1473 1317 1546 1343 hunc
1576 1320 1603 1344 et
1631 1317 1682 1344 has
1711 1317 1758 1344 de—

969 1367 1057 1391 struet
1068 1364 1090 1379 ⁸³
1099 1363 1110 1390 ?
1124 1373 1133 1389 ι

1006 1407 1088 1436 Resp.
1114 1408 1242 1436 Ventrem
1259 1409 1326 1436 dicit
1340 1409 1492 1443 crapulam,
1509 1416 1563 1436 non
1582 1409 1671 1443 ipsum
1694 1415 1757 1435 ven-

969 1458 1049 1482 trem.
1069 1454 1210 1490 Siquidem
1230 1462 1301 1483 escaa
1324 1462 1386 1482 cum
1401 1455 1513 1489 crapula
1539 1455 1639 1482 habent
1660 1455 1757 1483 amici-

969 1500 1046 1533 tiam,
1060 1505 1086 1527 et
1100 1501 1212 1535 crapula
1229 1508 1290 1528 cum
1311 1501 1393 1532 escis,
1413 1508 1462 1527 nec
1474 1504 1562 1535 potest
1575 1500 1620 1534 qui
1637 1499 1757 1534 crapulm

129 1544 178 1570 καὶ
195 1544 225 1570 οὗ
247 1544 358 1571 δύναται
380 1546 402 1571 ὁ¹
421 1547 626 1583 γαστρίμαργος
645 1548 778 1575 δουλεύειν
796 1550 834 1585 τῷ
848 1550 917 1586 Θεῷ,

976 1547 1112 1581 ventrique
1135 1546 1244 1574 deditus
1265 1550 1318 1579 est,
1333 1547 1436 1574 servire
1448 1546 1514 1579 Deo,
1536 1546 1584 1574 sed
1608 1546 1650 1573 sui
1670 1546 1756 1580 ipsius

128 1589 200 1616 ἀλλὰ
218 1589 353 1618 δουλεύειν
367 1591 416 1627 τὴν
442 1593 538 1619 ἑαυτοῦ
552 1594 671 1629 γαστέρα
686 1595 858 1630 κραιπαλῶν,
872 1597 919 1624 καὶ

128 1636 355 1671 γαστριμαργῶν.
380 1637 425 1663 Διὸ
447 1639 620 1674 κατήργησεν
635 1639 717 1675 αὐτὴν
737 1640 839 1674 λέγων·
858 1650 868 1666 ι
888 1641 919 1669 ’0

128 1680 196 1712 Θεὸς
211 1682 259 1708 καὶ
272 1682 374 1718 ταύτην
390 1682 436 1709 καὶ
454 1683 539 1710 ταῦτα
554 1687 721 1720 καταργήσει
737 1694 743 1700 ·
762 1694 773 1711 ›
796 1686 918 1713 τουτέστι

127 1726 165 1752 τὰ
181 1726 314 1762 βρώματα
339 1729 386 1754 καὶ
412 1729 461 1764 τὴν
486 1730 725 1766 γαστριμαργίαν·
740 1731 769 1757 οὐ
794 1732 849 1767 γὰρ
870 1732 918 1768 τὴν

128 1773 252 1808 γαστέρα
278 1775 454 1811 κατήργησε·
478 1776 514 1811 μὴ
527 1776 646 1808 γένοιτοί
673 1777 772 1803 Ἄκουε
804 1779 858 1814 γὰρ
874 1779 919 1806 αὺ-

128 1818 177 1846 τοῦ
193 1819 332 1854 λέγοντος·
350 1830 360 1846 ι
374 1821 447 1847 Τὸ
462 1822 541 1857 σῶμα
549 1822 578 1848 οὐ
590 1823 622 1857 τῇ
636 1823 757 1859 πορνείᾳ,
786 1824 855 1851 ἀλλὰ
879 1824 919 1860 τῷ

128 1865 236 1900 Κυρίῳ.
255 1875 264 1891 ι
279 1867 359 1893 Ὥστε
373 1867 402 1892 οὐ
416 1868 482 1902 κατή
489 1875 572 1902 ργησε
585 1868 634 1904 τὴν
649 1870 779 1905 γαστέρα,
789 1870 857 1897 ἀλλὰ
869 1871 918 1906 τὴν

127 1912 360 1946 γαστριμαργίαν,
375 1913 434 1939 οὐδὲ
459 1913 508 1948 τὴν
537 1913 692 1949 σύμμετρον
708 1916 829 1951 τροφὴν,
851 1916 918 1943 ἀλλὰ

128 1956 178 1992 τὴν
195 1957 329 1992 ἀμετρίαν
341 1966 348 1973 ’
367 1959 459 1993 ἐπειδὴ
476 1959 504 1992 ἐξ
518 1959 606 1986 αὐτῶν
620 1960 740 1986 τίκτεται
757 1962 773 1996 ἡ
795 1962 915 1997 πορνεία.

127 2002 180 2028 Διὰ
193 2003 271 2029 τοῦτο
285 2003 368 2037 λέγει,
385 2005 425 2030 ὃτι
441 2005 477 2031 Τὸ
493 2005 571 2040 σῶμα
594 2007 644 2033 οὐκ
661 2007 738 2042 ἐδόθη
764 2007 919 2041 ἐξουσιάζε-

129 2049 193 2075 σΘαι
207 2049 259 2075 ὑπὸ
275 2050 324 2084 τῆς
332 2052 562 2087 γαστριμαργίας,
578 2052 621 2078 ἵνα
632 2053 783 2090 περιπίπτῃ
797 2055 836 2086 εἰς
853 2064 919 2091 πορ-

128 2095 215 2126 νείαν,
228 2095 285 2122 ἀλλ’
302 2097 345 2122 ἴνα
358 2096 469 2132 δουλεύῃ
486 2097 524 2132 τῷ
540 2099 636 2134 Κυρίῳ
648 2107 655 2113 ·
672 2098 762 2131 καθὼς
776 2100 850 2134 λέγει
865 2102 918 2128 πά-

128 2141 171 2167 λιν
188 2141 303 2177 ἀλλαχοῦ
317 2142 428 2169 ὄπισθεν
439 2162 446 2174 ,
458 2143 498 2169 ὅτι
517 2153 525 2168 ι
543 2143 634 2170 Πάντα
660 2153 703 2178 μοι
727 2144 840 2178 ἔξεστιν,
861 2147 917 2173 ἀλλ’

129 2187 161 2213 οὐ
174 2188 261 2214 πάντα
277 2188 411 2223 συμφέρει
426 2196 432 2204 ·
447 2188 535 2214 πάντα
549 2197 593 2224 μοι
607 2188 718 2221 ἔξεστιν,
734 2190 848 2218 ἀλλὀὐκ
863 2192 917 2226 ἐγὼ

131 2233 375 2268 ἐξουσιασθήσομαι
389 2233 441 2259 ὑπό
456 2242 537 2265 τινος.
558 2244 566 2260 ι
585 2234 669 2260 Τοῦτο
678 2235 707 2261 δέ
721 2236 794 2262 ἐστιν
807 2236 821 2263 ὃ
833 2237 916 2272 λέγει,

131 2280 171 2305 ὅτι
199 2279 334 2306 πάντατὰ
362 2279 503 2314 βρώματα,
532 2279 602 2314 ἆττερ
616 2279 722 2306 ἔκτισεν
752 2282 767 2307 ὁ
791 2281 856 2314 Θεὸς
879 2284 917 2315 εἰς

130 2326 233 2361 τροφὴν
241 2325 287 2352 τοῦ
307 2325 460 2361 ἀνθρώπου,
476 2325 546 2352 καλά
558 2327 620 2359 είσι,
637 2328 683 2353 καὶ
699 2328 812 2362 ἁρμόζει
831 2338 875 2364 μοι
886 2331 918 2356 ἐκ

131 2372 240 2399 πάντων
255 2371 354 2398 ἐσθίειν
378 2373 424 2398 καὶ
452 2371 614 2407 τρέφεσθαιε
632 2372 688 2398 ἀλλ’
715 2374 745 2400 οὺ
768 2375 917 2410 γενήσομαι

130 2417 222 2449 δοῦλος
243 2418 298 2444 τῶν
315 2418 480 2452 βρωμάτων·
508 2417 569 2443 οὐδὲ
596 2418 747 2451 ὲξουσιάσει
764 2428 813 2454 μου
835 2421 851 2456 ἡ
872 2429 918 2455 γα-

133 2463 316 2497 στριμαργία’
329 2463 359 2488 οὺ
377 2462 510 2497 συμψέρει
525 2471 568 2498 μοι
581 2471 588 2478 ’
603 2463 662 2489 οὐδὲ
679 2464 732 2499 γὰρ
751 2465 851 2498 ἀγαθὸν
878 2467 917 2492 οἱ-

132 2509 242 2543 κοδομεῐ
263 2509 292 2534 ὲν
323 2507 393 2542 ἐμοί.
422 2507 472 2533 Διὰ
491 2508 579 2537 τοῦτο,
598 2508 677 2543 μόνον
690 2511 745 2541 τοῖς
758 2511 917 2544 ἀναγκαίοις

132 2553 307 2589 ἀρκούμενοι,
327 2553 360 2579 τὰ
373 2552 490 2587 περισσὰ
501 2553 710 2588 διαπτὺσσομεν,
725 2554 762 2585 ὡς
784 2556 834 2581 οὐκ
845 2555 918 2590 ὠφέ-

132 2598 209 2634 λιμα,
225 2598 293 2624 ἀλλὰ
305 2599 351 2625 καὶ
363 2598 481 2634 βλαϐερὰ
512 2599 666 2627 συνεστῶτα
693 2609 748 2635 μοι,
771 2601 917 2636 ἐπιθυμίας

132 2645 250 2676 ἀτόπους
264 2644 401 2678 γεννῶντα
408 2646 464 2676 τοῖς
480 2645 659 2680 κεκτημένοις
679 2646 757 2674 αὐτά.

176 2691 271 2726 Ἐρώτ.
287 2693 337 2726 ρα’.
354 2690 386 2716 Τί
400 2691 484 2726 λέγει·
498 2700 507 2717 ι
521 2691 572 2718 Καὶ
585 2692 683 2724 πάντες
695 2694 734 2724 είς
753 2693 797 2720 τὸν
813 2693 915 2727 Μωσῆν

133 2735 350 2771 ὲόαπτίσῦησαν;
371 2746 380 2762 ›

167 2792 191 2808 ⁵⁸
210 2791 221 2818 ι
235 2791 299 2819 Cor.
316 2801 342 2825 ν,
360 2792 386 2820 6.

128 2827 157 2875 ’⁸⁵
176 2826 242 2855 ibid.
261 2827 303 2854 l2.

449 2792 471 2808 ⁸⁰
490 2792 556 2820 ibid.
575 2793 599 2821 7.

342 2828 363 2844 σε
380 2827 390 2854 Ι
407 2827 468 2855 Cor.
488 2835 518 2860 ι,
537 2828 564 2855 2.

935 2221 955 2247 D

661 2796 682 2812 ⁶¹
704 2795 774 2825 l‘sal.
793 2805 856 2830 xxv,
873 2796 906 2830 4,
923 2796 947 2823 5.

971 1592 1075 1619 ventris
1098 1600 1194 1620 servus
1219 1596 1271 1626 est,
1296 1593 1360 1620 dum
1386 1593 1505 1628 crapulae
1531 1597 1558 1619 et
1583 1593 1683 1619 illuvici
1710 1592 1757 1619 dat

971 1645 1095 1673 operam.
1119 1639 1183 1666 ldeo
1207 1639 1342 1667 destruxit
1366 1639 1454 1672 illum,
1476 1639 1589 1666 dicens:
1607 1648 1615 1664 ι
1635 1638 1706 1666 Deus
1729 1642 1757 1664 et

971 1683 1045 1711 hunc
1060 1688 1087 1711 et
1102 1684 1162 1712 illas
1179 1684 1312 1718 destruet,
1327 1694 1336 1710 ›
1353 1684 1405 1712 hoc
1417 1688 1470 1717 est,
1483 1689 1508 1712 et
1520 1684 1596 1711 cibos
1612 1688 1638 1711 et
1655 1684 1756 1718 gulosi-

971 1733 1064 1757 tatcm.
1084 1729 1144 1757 Non
1169 1731 1241 1757 enim
1267 1733 1390 1758 ventrem
1411 1730 1557 1762 destruxit,
1579 1729 1665 1757 absit!
1685 1730 1756 1756 Audi

971 1775 1053 1808 enim,
1067 1776 1132 1810 quid
1148 1775 1221 1803 dicat
1237 1776 1314 1811 ipse:
1334 1786 1343 1801 (
1365 1776 1469 1811 Corpus
1482 1780 1573 1803 autem
1593 1783 1648 1803 non
1668 1776 1755 1803 forni-

970 1822 1082 1854 cationi,
1101 1823 1147 1849 sed
1163 1821 1316 1849 Domino“.
1336 1832 1345 1848 ι
1363 1821 1456 1857 itaque
1470 1830 1526 1850 non
1540 1822 1676 1850 destruxit
1686 1830 1752 1850 ven-

971 1871 1050 1901 trem,
1063 1867 1110 1894 sed
1127 1868 1276 1903 crapulam,
1294 1875 1345 1895 nec
1363 1869 1445 1895 etiam
1461 1867 1631 1896 moderatum
1653 1868 1754 1900 cibum,

971 1913 1018 1940 sed
1035 1913 1263 1940 immoderatum:
1291 1913 1423 1948 siquidem
1445 1921 1478 1940 ex
1502 1921 1535 1940 eo
1553 1912 1698 1941 fornicatio
1715 1914 1756 1948 gi-

971 1959 1074 1993 gnitur.
1089 1958 1134 1985 Ait
1145 1966 1209 1993 ergo
1225 1968 1230 1985 :
1244 1958 1349 1993 Corpus
1367 1966 1421 1985 non
1437 1962 1478 1985 est
1499 1958 1592 1985 datum
1608 1958 1659 1985 sub
1679 1955 1755 1993 pote-

971 2007 1069 2032 statem
1095 2004 1235 2039 ingluviei,
1258 2008 1288 2031 ut
1310 2005 1338 2031 in
1356 2004 1552 2031 fornicationes
1575 2003 1687 2036 incidat,
1707 2005 1755 2032 sed

971 2054 1001 2077 ut
1019 2049 1134 2077 Domino
1153 2051 1265 2078 serviat.
1299 2049 1385 2077 Sicuti
1407 2057 1503 2076 rursus
1525 2055 1605 2076 antea
1626 2048 1756 2076 dicitaliv

972 2094 1034 2122 eubi
1052 2104 1058 2122 :
1075 2104 1084 2120 ι
1099 2094 1195 2122 Omnia
1217 2095 1283 2122 mihi
1302 2095 1394 2126 licent,
1413 2094 1460 2122 sed
1480 2102 1535 2121 non
1560 2094 1651 2120 omnia
1673 2101 1754 2128 expe-

971 2141 1068 2168 diunt:
1083 2141 1174 2168 omnia
1191 2141 1255 2168 mihi
1273 2141 1365 2172 licent,
1380 2140 1426 2167 sed
1439 2147 1488 2174 ego
1503 2139 1554 2166 sub
1566 2138 1668 2165 nullius
1683 2140 1754 2166 redi-

971 2195 1019 2222 gar
1032 2191 1165 2221 potestate
1178 2188 1210 2213 ⁸⁵.
1229 2196 1238 2212 ι
1254 2186 1311 2213 lloc
1326 2187 1414 2221 ipsum
1431 2186 1499 2212 nihil
1512 2191 1554 2214 est
1569 2186 1654 2219 aliud,
1672 2193 1752 2221 quam

969 2233 1042 2268 quod
1070 2234 1114 2260 hic
1136 2233 1203 2261 dicit
1220 2243 1225 2260 :
1240 2233 1313 2268 quod
1335 2239 1431 2259 omnes
1453 2232 1560 2266 quidem
1586 2233 1652 2263 eihi,
1673 2231 1753 2267 275

970 2287 1040 2313 quos
1050 2279 1153 2306 creavit
1166 2278 1237 2306 Deus
1249 2279 1275 2304 in
1289 2278 1408 2305 hominis
1419 2277 1589 2310 alimentum,
1602 2278 1666 2305 boni
1677 2283 1752 2310 sunt,

969 2329 996 2351 et
1008 2325 1071 2352 licet
1084 2325 1151 2352 mihi
1165 2325 1292 2352 omnibus
1310 2324 1373 2355 frui,
1385 2324 1479 2358 eisque
1491 2324 1605 2356 nutriri;
1622 2325 1669 2351 sed
1681 2332 1754 2351 esca-

948 2393 950 2396 .
970 2379 1030 2398 rum
1047 2379 1142 2398 SCI‘VHS
1157 2379 1211 2397 non
1227 2378 1274 2397 (ἒΓο
1289 2379 1294 2396 Ζ
1308 2377 1395 2404 neque
1419 2369 1471 2396 sub
1494 2377 1570 2396 suam
1593 2373 1754 2403 potestatem

970 2425 1013 2444 me
1032 2417 1133 2451 rediget
1153 2417 1275 2450 crapula.
1293 2416 1319 2442 Id
1343 2415 1409 2442 mihi
1432 2423 1485 2441 non
1504 2414 1644 2446 conducit,
1664 2423 1754 2449 neque

969 2463 1040 2489 enim
1057 2462 1172 2488 aediﬁcat
1194 2461 1220 2488 in
1239 2469 1282 2487 me
1296 2461 1408 2487 bonum.
1425 2459 1607 2494 Quapropter,
1624 2467 1753 2487 necessa-

968 2508 1016 2534 riis
1035 2507 1164 2538 contenti,
1191 2506 1327 2541 superﬂua
1353 2513 1515 2540 respuamus
1531 2505 1612 2539 _velut
1630 2506 1764 2535 inulilia,.

968 2553 1023 2580 imo
1036 2553 1117 2580 etiam
1139 2557 1268 2586 tanquam
1281 2559 1341 2586 qtae
1364 2551 1429 2577 mihi
1451 2554 1577 2581 noceant,
1594 2554 1621 2577 et
1635 2558 1695 2585 quae
1712 2543 1764 2584 gi-U

940 2597 949 2603 '
967 2602 1051 2634 gnant
1074 2598 1207 2625 absurdus
1233 2596 1472 2631 concupiscentias
1502 2596 1535 2623 iis
1564 2595 1611 2630 qui
1638 2603 1669 2622 ea
1690 2604 1753 2630 pos-

968 2644 1067 2671 sidcnt.

1003 2691 1114 2723 Qtwsr.
1130 2690 1175 2717 Cl.
1193 2689 1262 2722 Quid
1278 2693 1320 2717 est
1335 2688 1407 2724 quod
1423 2688 1489 2716 dicit
1509 2697 1515 2715 :
1533 2698 1541 2713 ι
1561 2688 1594 2715 Et
1613 2696 1708 2716 omnes
1725 2689 1751 2715 in

968 2737 1068 2764 Mosem
1084 2735 1211 2770 bnptizati
1227 2740 1289 2762 sunt
1304 2735 1335 2761 “.
1353 2744 1361 2759 ι

1016 2796 1037 2812 ι’
1058 2794 1130 2824 Psal.
1151 2801 1224 2828 xvii,
1243 2793 1289 2822 26.
1350 2793 1371 2809 ⁸³
1392 2790 1480 2819 lCor.
1499 2799 1541 2825 vt,
1564 2791 1605 2819 15.
1643 2791 1665 2807 ελ
1685 2791 1750 2819 ibid.
