1940 3068
216 111 270 139 759

216 222 290 242 mare
305 216 493 250 pertransierit
510 217 676 248 Israeliticus
705 223 832 257 populus.
845 223 912 251 Nam
928 225 999 253 sicut

216 261 252 287 illi
272 263 435 296 transmissi,
451 263 603 299 eﬂugerunt
628 266 800 296 inimicorum
827 270 951 304 insidias,
972 274 1000 299 et

215 307 240 333 in
256 307 364 334 deserto
378 309 566 337 nutriebantur
581 319 679 339 manna
701 322 708 340 :
730 314 769 341 sic
784 315 865 342 etiam
889 316 936 351 qui
951 317 999 344 ba-

214 353 306 385 ptizati
317 357 392 386 sunt,
408 354 557 384 liberantur
572 364 587 383 a
605 358 740 392 spirituali
758 359 908 394 Pharaone,
924 366 951 389 et
964 363 999 390 ab

215 396 349 432 liigyptiis
359 398 538 433 daemonibus,
553 407 796 440 sustentanturque
809 406 914 434 caelesti
928 415 999 443 pane

214 441 332 476 Spiritus
346 445 444 472 sancti.
464 446 532 480 Quia
547 455 612 475 vero
635 449 669 477 de
686 450 822 486 baptismo
835 441 998 485 sermo—est,

212 488 336 516 dicamus
351 489 384 517 de
396 498 429 518 eo
445 492 628 521 manifestius.

446 590 485 618 De
504 599 597 620 sancto
617 593 756 629 baptismo.

248 633 367 662 Primum
382 635 516 671 baptisma
533 638 583 666 fuit
596 639 738 669 inundatio
757 642 851 670 diluvii
872 643 908 671 ad
921 644 996 671 exci-

212 678 330 706 dendum
354 687 505 715 peccatum.
527 683 682 713 Secundum
706 687 757 714 fuit
778 687 870 721 Musis.
888 690 997 724 quando

212 725 339 752 transivit
360 727 481 755 Rubrum
498 737 582 758 mare.
601 731 733 767 Typicum
749 734 821 761 enim
841 742 889 762 seu
910 735 997 770 ﬁgura

210 776 269 798 erat
283 781 289 798 :
303 779 366 800 nam
381 774 452 802 sicut
467 775 521 804 illic
535 782 594 805 erat
607 785 693 812 mare,
708 781 747 807 sic
761 781 789 808 in
804 781 939 817 baptismo
955 787 997 810 est

211 824 298 852 aqua;
314 823 341 846 et
357 820 427 847 sicut
443 821 498 849 illic
510 828 570 850 erat
589 824 686 856 nubes.
705 826 741 853 ita
756 826 800 854 hic
814 830 856 855 est
877 827 997 863 Spiritus

212 866 334 891 sanctus.
350 863 415 896 Quae
432 869 522 893 autem
540 867 592 895 ista
612 869 699 896 nubes
715 869 806 902 fuerit,
824 870 887 898 audi
906 871 995 898 :Cum

210 909 408 943 egrederentur
426 919 458 939 ex
474 912 591 948 Egypto
610 913 716 943 Hebraei
737 923 798 943 cum
817 916 902 949 Mose,
920 917 995 945 misit

212 955 310 982 nubem
326 957 406 984 veluti
419 958 573 986 columnam
585 960 667 996 ignis,
681 969 742 996 quae
757 962 811 990 illis
826 963 928 990 luceret
943 971 995 990 no-

211 1004 267 1032 ctu,
291 1006 319 1028 ut
335 1002 461 1031 videlicet
478 1011 558 1032 noctu
584 1014 693 1041 quoque
713 1010 825 1041 possent
843 1008 993 1040 ambulare.

210 1053 244 1073 ne
258 1047 331 1081 ipsos
347 1049 508 1084 attingerent
522 1050 651 1086 Egyptii.
669 1052 839 1087 Sequebatur
855 1057 944 1080 autem
960 1054 994 1081 il-

210 1091 251 1120 los
270 1094 354 1122 nubes
377 1101 393 1122 a
411 1100 496 1131 tergo.
515 1099 542 1124 et
561 1098 667 1132 tegebat
681 1105 740 1132 eos,
764 1106 798 1126 ne
816 1099 890 1134 ipsos
909 1099 994 1135 Egy-

211 1139 259 1172 ptii
276 1139 366 1167 videre
390 1146 512 1175 possent.
530 1142 617 1177 Atque
638 1143 689 1171 hoc
713 1149 754 1172 est
779 1145 926 1173 secundum
947 1146 994 1173 ba-

209 1182 318 1216 ptisma.
335 1183 456 1212 Tertium
471 1190 529 1213 erat
554 1187 640 1222 legale
667 1189 739 1223 apud
763 1189 899 1220 Hebraeos.
926 1190 994 1218 Nam

210 1229 366 1264 quicunque
381 1235 439 1258 erat
456 1231 622 1267 immundus,
639 1241 708 1270 aqua
723 1236 875 1270 lavabatur,
891 1241 919 1265 et
930 1246 995 1266 suas

210 1281 318 1308 quoque
334 1281 421 1303 vestes
436 1277 572 1310 abluebat,
592 1284 619 1306 et
637 1281 677 1307 sic
694 1281 824 1309 introibat
849 1283 876 1310 in
891 1288 993 1312 castra.

209 1318 342 1351 Quartum
359 1320 504 1355 baptisma,
523 1323 573 1350 fuit
587 1323 709 1353 Joannis.
723 1325 914 1355 lntroducebat
933 1328 993 1364 qui-

210 1365 271 1392 dem
289 1367 366 1400 illud;
382 1369 502 1396 nondum
526 1374 614 1398 tamen
636 1376 693 1399 erat
715 1373 826 1400 omnino
841 1374 994 1409 spirituale,

209 1412 256 1438 sed
269 1412 303 1439 ad
325 1415 512 1447 pmnitentiam
532 1417 713 1446 solummodo.
731 1419 860 1452 Quintum
876 1428 925 1455 per
941 1421 995 1449 Do-

209 1459 316 1486 tuintim
330 1463 453 1487 nostrum
468 1460 560 1489 Jesum
577 1463 728 1498 Christum,
752 1473 807 1499 quo
833 1467 913 1494 etiam
936 1467 995 1502 ipse

795 119 825 147 S.
846 120 1081 152 ATHANASIUS.
1100 138 1136 144 —
1155 124 1291 154 SPURIA.

252 169 332 196 Resp.
351 169 479 206 Baptismi
495 171 603 208 signum
624 178 694 207 erat,
717 174 790 210 quod
811 183 860 211 per
876 177 998 207 Rubrum
1013 183 1036 211 Α

1783 128 1846 157 760

1091 182 1186 210 ’Δπόκ.
1203 182 1319 219 Σημεῖον
1334 180 1368 219 ἦν
1383 183 1431 210 τοῦ
1460 183 1646 220 βαπτίσματος
1659 183 1690 210 τὺ
1704 183 1844 220 διαπερά-

1052 237 1097 255 σαι
1117 229 1163 256 τὸν
1192 228 1360 265 Ἱσραηλίτην
1379 230 1443 256 λαδν
1463 230 1493 257 ὲν
1511 231 1543 265 τῇ
1567 223 1685 266 Ἐρυθρᾷ
1701 230 1842 266 θαλάσσῃ.

1049 273 1153 310 Ὥσπερ
1167 274 1221 311 γὰρ
1237 276 1333 302 ἐκεῖνοι
1353 276 1520 311 περάσαντες
1537 275 1635 310 ἔφυγον
1652 275 1708 302 τῶν
1729 275 1843 311 ἐχθρῶν

1047 320 1097 356 τὴν
1124 321 1276 357 ἐπιϐουλὴν,
1303 322 1350 348 καὶ
1374 322 1402 347 ἐν
1424 323 1456 357 τῇ
1475 322 1570 357 ἐρήμῳ
1589 321 1628 357 τῷ
1649 322 1735 356 μάννα
1755 321 1842 356 ἐτρέ-

1047 375 1127 400 φοντο
1140 375 1146 381 ·
1164 366 1234 393 οὕτω
1248 367 1280 402 δὴ
1298 367 1345 394 καὶ
1363 368 1386 394 οἱ
1407 367 1597 402 βαπτιζόμενοι
1616 366 1773 402 λυτροῦνται
1787 367 1841 394 τοῦ

1047 411 1142 446 νοητοῦ
1153 412 1252 447 Φαραὼ
1261 413 1308 439 καὶ
1320 412 1373 439 τῶν
1385 413 1539 447 Αἰγυπτίων
1554 413 1696 448 δαιμόνων,
1714 413 1760 440 καὶ
1772 413 1841 448 τρέ-

1048 466 1143 493 φονται
1174 458 1213 494 τῷ
1234 459 1387 495 ἐπουρανίῳ
1406 459 1481 495 ἄρτῳ
1500 459 1547 486 τοῦ
1567 459 1645 494 ἁγίου
1666 459 1838 495 Πνεύματος.

1054 503 1129 530 Ἐπεὶ
1149 504 1177 531 δὲ
1197 505 1323 541 περὶτοῦ
1346 505 1532 541 βαπτίσματος
1559 505 1573 532 ό
1601 505 1689 540 λόγος,
1711 505 1839 541 εἴπωμεν

1048 549 1213 585 σαφέστερον
1227 551 1292 587 περὶ
1309 550 1401 578 αὐτοῦ.

1193 608 1264 642 Περὶ
1284 608 1337 635 τοῦ
1357 609 1443 643 ἁγίου
1460 608 1681 644 βαπτίσματος.

1081 651 1192 687 Πρῶτον
1204 653 1344 689 βάπτισμα
1356 653 1386 680 τὸ
1397 654 1443 680 τοῦ
1455 654 1647 690 κατακλυσμοῦ
1660 655 1700 686 είς
1712 654 1837 690 ἐκκοπὴν

1046 697 1192 733 ἁμαρτίας·
1204 698 1330 734 δεύτερον
1341 698 1371 724 τὸ
1381 698 1428 725 τοῦ
1438 699 1570 730 Μωσέως,
1581 699 1625 725 ὅτε
1635 699 1684 735 τὴν
1701 699 1836 735 Ἐρυθρὰν

1045 743 1204 780 διεπέρασε·
1222 745 1335 771 τυπικδν
1355 745 1410 780 γὰρ
1437 742 1481 780 ἦν·
1503 744 1598 780 ὥσπερ
1611 744 1665 780 γὰρ
1679 745 1736 772 ἐκεῖ
1751 745 1768 780 ἡ
1783 744 1837 771 θά-

1046 789 1144 822 λασσα,
1158 789 1229 816 οὕτω
1246 789 1278 817 τὸ
1305 789 1377 825 ὕδωρ
1391 791 1419 817 ὲν
1433 790 1472 826 τῷ
1488 790 1666 826 βαπτίσματι·
1678 790 1725 817 καὶ
1738 790 1835 826 ὥσπερ

1046 835 1105 862 ἐκεῖ
1121 837 1138 871 ἠ
1154 835 1262 871 νεφέλη.
1278 836 1365 867 οὕτως
1385 835 1503 863 ἐνταῦθα
1516 836 1546 863 τὺ
1562 836 1673 871 Πνεῦμα
1692 836 1722 863 τὸ
1743 836 1834 870 ἅγιον.

1047 881 1095 913 Τίς
1105 881 1132 908 δὲ
1143 879 1177 917 ἦν
1188 882 1204 917 ἡ
1217 881 1313 916 νεφέλη
1328 881 1430 917 ἐκείνη,
1443 881 1568 909 ἄκουσον·
1583 882 1649 908 Ὅτε
1663 881 1773 917 ἐξῆλθον
1783 882 1834 917 τῆς

1044 926 1182 961 Αἰγύπτου
1195 927 1222 953 οι
1244 926 1363 962 Ἑϐραῖοι
1382 927 1450 963 μετὰ
1470 927 1602 960 Μωσέως,
1619 927 1776 954 ἀπέστειλεν
1789 928 1835 954 νέ-

1045 979 1104 1006 φος,
1121 970 1216 1007 ὥσπερ
1231 970 1326 997 στῦλον
1342 971 1438 1008 πυρὸς,
1456 973 1503 999 καὶ
1521 972 1652 1007 ἐφώτιζεν
1667 972 1766 1004 αὐτοὺς
1781 972 1835 1008 τὴν

1045 1015 1140 1047 νύκτα,
1160 1015 1230 1042 ὥστε
1249 1017 1409 1051 περιπατεῖν
1429 1017 1527 1046 αὐτοὺς
1546 1016 1593 1043 καὶ
1613 1015 1661 1052 τὴν
1675 1016 1770 1048 νύκτα,
1787 1016 1834 1043 ἵνα

1045 1062 1083 1097 μὴ
1099 1061 1237 1096 φθάσωσιν
1250 1062 1349 1094 αὐτοὺς
1362 1062 1387 1088 οἱ
1398 1061 1549 1096 Αἰγύπτιοι.
1565 1062 1694 1089 Ὀπισθεν
1704 1062 1730 1089 δὲ
1742 1062 1833 1089 αὐτῶν

1043 1107 1205 1143 περιεπάτει
1221 1107 1330 1142 νεφέλη,
1355 1108 1402 1134 καὶ
1422 1107 1585 1140 ἐπεσκίαζεν
1607 1108 1714 1140 αὐτοὺς,
1732 1108 1774 1134 ἵνα
1793 1108 1832 1144 μὴ

1041 1152 1141 1188 ὁρῶσιν
1155 1152 1252 1184 αὐτοὺς
1265 1154 1289 1180 οἱ
1303 1152 1454 1186 Αἰγύπτιοι.
1469 1153 1523 1179 Καὶ
1535 1153 1611 1180 τοῦτό
1624 1154 1681 1180 ἐστι
1696 1154 1726 1180 τὸ
1741 1154 1833 1180 δεύτε-

1045 1207 1091 1235 ρον
1111 1198 1260 1234 βάπτισμα.
1283 1199 1380 1234 Τρίτον
1396 1199 1424 1225 δὲ
1439 1199 1471 1225 τὺ
1491 1199 1610 1234 νομικὸν,
1637 1200 1704 1235 ὅπερ
1721 1198 1792 1235 εἶχον
1806 1200 1831 1226 οὶ

1049 1245 1178 1281 Ἑϐραῖοι.
1203 1246 1261 1278 Πᾶς
1279 1245 1334 1281 γὰρ
1356 1245 1511 1281 ἀκάθαρτος
1525 1246 1632 1272 ἐλούετο
1646 1246 1731 1277 ὕδατι,
1748 1245 1832 1272 ἐπλύ-

1043 1300 1104 1319 νετο
1118 1291 1152 1319 τὰ
1174 1291 1270 1327 ἱμάτια
1291 1291 1385 1324 αὑτοῦ,
1407 1292 1453 1318 καὶ
1470 1291 1556 1323 οὕτως
1577 1293 1717 1328 εἰσήρχετο
1729 1293 1768 1323 εἰς
1779 1292 1831 1327 τὴν

1043 1337 1227 1373 παρεμϐολήν.
1249 1337 1386 1374 Τέταρτον
1413 1337 1552 1372 βάπτισμα
1575 1337 1606 1364 τὺ
1632 1338 1678 1364 τοῦ
1695 1337 1830 1369 Ἰωάννου,

1043 1383 1222 1418 είσαγωγικὺν
1240 1385 1300 1420 μὲν,
1313 1384 1388 1411 οῦπω
1398 1385 1426 1412 δὲ
1439 1385 1499 1411 ὅλον
1511 1384 1704 1419 πνευματικὸν,
1721 1383 1776 1410 ἀλλ’
1789 1383 1830 1415 είς

1045 1430 1189 1465 μετάνοιαν
1204 1430 1294 1465 μόνον.
1315 1431 1443 1466 Πέμπτον
1462 1430 1492 1457 τὸ
1509 1430 1551 1456 διὰ
1571 1429 1618 1456 τοῦ
1634 1430 1735 1464 Κυρίου
1750 1428 1830 1464 ἡμῶν

1050 1475 1137 1510 Ἰησοῦ
1153 1475 1283 1511 Χριστοῦ,
1306 1477 1374 1511 ὅπερ
1394 1477 1440 1503 καὶ
1461 1476 1541 1507 αὐτὸς
1556 1475 1728 1502 ἐῆαπτίσατο.
1744 1474 1831 1501 Τοῦτο

208 1503 362 1538 baptizatus
384 1509 436 1533 est.
455 1505 556 1542 Estque
573 1508 625 1535 hoc
651 1512 737 1537 totum
760 1511 900 1545 Spirituale
916 1522 923 1540 :
940 1521 995 1548 quo

1051 1503 1146 1547 δὲ’ὃλον
1165 1503 1365 1556 πνευματικόν-ι
1377 1521 1456 1548 τοῦτο
1476 1521 1522 1548 κού⁸
1536 1522 1616 1556 ἡμεῖς
1633 1519 1828 1555 βαπτιζόμεθα.

209 1558 259 1578 nos
278 1558 386 1586 quoque
400 1553 580 1587 baptizamur.
599 1554 709 1583 Sextum
728 1557 856 1592 lacrymis
875 1562 992 1592 constat,

209 1601 304 1632 estque
323 1605 385 1625 vere
402 1598 568 1627 laboriosum
590 1601 753 1637 durumque.
773 1603 861 1631 Veluti
883 1606 928 1640 qui
947 1613 995 1640 per

209 1644 331 1678 singulas
349 1648 443 1672 noctes
458 1647 530 1672 lavat
546 1646 645 1674 lectum
658 1656 737 1676 suum
752 1649 784 1681 ",
800 1650 846 1684 qui
862 1651 995 1685 poeniten-

209 1690 246 1716 tia
259 1690 378 1723 ducitur,
392 1695 419 1719 et
437 1692 509 1727 luget
529 1700 611 1728 super
626 1695 747 1729 peccatis
762 1703 823 1730 qua:
844 1698 992 1726 commisit.

210 1735 359 1770 Septimum
378 1737 512 1772 baptisma
527 1746 575 1773 per
597 1741 759 1776 martyrium
785 1745 812 1769 et
833 1743 993 1778 sanguinem

209 1785 260 1812 est,
277 1789 332 1820 quo
350 1781 476 1811 Christus
502 1791 610 1819 quoque
638 1786 792 1821 baptizatus
818 1793 869 1815 est.
891 1789 994 1825 Estque

208 1829 285 1853 tanto
299 1827 361 1854 aliis
376 1829 567 1863 venerabilius,
589 1836 694 1865 quanto
715 1833 806 1861 minus
825 1834 914 1862 denuo
936 1835 994 1870 pol-

208 1873 294 1899 luitur
311 1874 448 1902 sordibus.
466 1875 597 1903 Octavum
619 1881 646 1904 et
663 1882 830 1912 postremum
846 1887 900 1908 non
919 1881 993 1908 salu-

208 1923 277 1950 tare.
292 1919 338 1947 sed
351 1920 450 1948 ardens
464 1925 517 1953 est,
530 1922 603 1956 quod
625 1927 755 1951 mternum
771 1925 830 1952 sine
850 1925 901 1953 line
916 1927 992 1962 punit

209 1967 380 1999 peccatores.

243 2009 353 2042 Qums'r.
369 2009 422 2037 Cll.
434 2011 503 2043 Quid
517 2016 559 2039 est
574 2013 646 2048 quod
662 2014 769 2050 inquit:
783 2024 792 2040 ι
810 2015 880 2043 Caro
891 2022 917 2044 et
928 2024 993 2045 san-

209 2055 269 2089 guis
283 2063 396 2090 regnum
412 2055 459 2083 Dei
476 2057 616 2092 possidere
631 2066 684 2086 non
701 2064 816 2094 possunt
827 2061 872 2088 “1’
892 2071 901 2087 ι

243 2099 324 2127 Βεερ.
347 2099 423 2133 Quod
438 2101 594 2138 quicunque
614 2111 725 2132 carnem
753 2113 830 2134 suam
857 2107 942 2135 nutrit
957 2108 991 2136 ad

207 2146 371 2179 satietatem,
388 2154 501 2182 regnum
520 2148 568 2176 Dei
585 2151 716 2185 consequi
736 2159 790 2179 non
804 2153 899 2187 possit.

241 2191 352 2224 Qumsr.
369 2192 435 2220 Clll.
460 2194 530 2226 Quid
545 2199 586 2222 est
601 2195 673 2230 quod
700 2196 789 2231 inquit
811 2207 819 2225 :
845 2207 854 2224 ‹
869 2198 920 2231 Qui
934 2208 988 2227 non
1006 2188 1027 2215 θ

206 2236 294 2271 diligit
312 2237 454 2265 Dominum
471 2243 593 2267 nostrum
605 2240 698 2268 Jesum
713 2242 863 2276 Christum,
875 2244 909 2271 sit
923 2252 990 2272 ana-

207 2283 308 2314 thema,
322 2283 413 2310 Maran
432 2285 494 2311 atha
505 2285 548 2311 “9?
568 2295 577 2311 ι

241 2328 322 2356 Resr.
339 2329 394 2357 Hoc
409 2334 450 2357 est
467 2339 473 2357 :
490 2331 530 2358 Ab
545 2331 666 2359 Ecclesia
684 2337 711 2360 et
725 2341 740 2360 ιι
757 2334 880 2362 ﬁdelibus
897 2343 988 2371 segre-

206 2378 267 2408 gate.
281 2382 354 2407 eum,
376 2375 464 2410 sitque
483 2382 624 2411 separatus
642 2386 656 2405 a
673 2380 773 2414 populo
795 2381 850 2412 ille,
865 2382 912 2416 qui
933 2390 987 2409 non

205 2420 304 2447 credit.
318 2419 449 2449 Dominus
461 2423 534 2449 enim
551 2424 637 2456 venit,
661 2425 726 2452 illud
747 2433 865 2461 namque
884 2427 988 2462 signiﬁ-

204 2473 284 2494 catur
300 2475 348 2502 per
368 2467 460 2496 Maran
478 2470 551 2497 alha.

241 2511 351 2544 Quen.
370 2513 436 2540 ClV.
462 2513 531 2547 Quid
551 2515 615 2542 illud
633 2521 674 2543 est
692 2526 698 2544 :
716 2525 726 2543 ί
749 2516 776 2544 Si
792 2525 846 2553 qua
867 2526 937 2546 nova
960 2519 988 2547 in

205 2555 315 2583 Christo
330 2562 456 2585 creatura
473 2565 620 2587 renovatur
631 2561 676 2588 7°?
697 2571 705 2587 I

243 2608 322 2629 uase.
339 2601 395 2629 Hoc
410 2607 452 2630 cst
469 2612 474 2629 :
493 2603 521 2630 Si
537 2605 597 2639 quis
615 2605 641 2632 in
660 2605 799 2633 Christum
814 2606 938 2639 credidit,
960 2607 987 2634 in

206 2647 287 2673 aliam
303 2648 386 2674 vitam
411 2649 537 2676 transivit
553 2659 569 2677 .:
594 2658 656 2677 nam
676 2659 691 2678 e
706 2652 833 2687 superuis
852 2655 893 2679 est
907 2656 988 2680 natus

205 2700 254 2727 per
276 2694 401 2728 spiritum
419 2700 445 2723 et
465 2696 532 2723 vivit
546 2704 600 2724 non
619 2705 679 2724 eam
696 2706 756 2733 qua:
771 2699 797 2725 in
813 2699 933 2734 peccatis
946 2699 987 2727 vi-

206 2743 273 2772 tam,
292 2740 338 2767 sed
355 2747 416 2775 quae
430 2746 473 2769 est
488 2741 515 2768 in
530 2742 636 2777 spiritu.

1047 1567 1145 1593 Ἕκτον
1157 1567 1188 1593 τὸ
1202 1567 1247 1593 διὰ
1259 1567 1396 1603 δακρύων,
1414 1567 1497 1599 ὅντως
1509 1568 1647 1599 ἐπίπονον,
1659 1566 1696 1598 ὡς
1713 1567 1726 1592 ὁ
1744 1565 1829 1592 λούων

1044 1611 1106 1638 καθ’
1120 1612 1237 1648 ἑκάστην
1253 1613 1337 1639 νύκτα
1351 1613 1400 1649 τὴν
1415 1613 1507 1648 κλίνην
1518 1613 1611 1644 αὑτοῦ,
1627 1612 1674 1639 καὶ
1693 1611 1831 1647 μετανοῶν

1044 1655 1091 1681 καὶ
1110 1655 1215 1691 θρηνῶν
1235 1655 1280 1690 ἐφ’
1292 1655 1332 1688 οἷς
1346 1657 1479 1692 ἥμαρτεν.
1498 1656 1629 1691 Ἒὸδομον
1645 1656 1784 1692 βάπτισμα
1799 1655 1830 1682 τὸ

1043 1700 1086 1727 διὰ
1103 1701 1250 1737 μαρτυρίου
1263 1702 1310 1729 καὶ
1320 1702 1444 1737 αἵματος,
1457 1703 1524 1738 ὅπερ
1536 1703 1582 1729 καὶ
1594 1702 1673 1734 αὐτὸς
1687 1703 1701 1729 ὁ
1713 1701 1830 1737 Χριστὸς

1043 1747 1217 1779 ἐϐαπτίσατο,
1236 1748 1283 1775 καὶ
1301 1748 1367 1774 πολύ
1387 1756 1418 1782 γε
1431 1747 1484 1775 τῶν
1503 1748 1589 1776 ἄλλων
1606 1747 1827 1784 αἱδεσιμώτερον,

1042 1793 1097 1828 ὅσῳ
1116 1793 1251 1829 δευτέροις
1274 1793 1369 1828 ρύποις
1382 1794 1413 1820 οὐ
1434 1793 1584 1829 μολύνεται.
1611 1794 1720 1828 Ὄγδοον
1737 1793 1767 1820 τὸ
1783 1802 1827 1820 τε-

1043 1837 1163 1865 λευταῖον
1181 1839 1211 1865 οὐ
1232 1839 1373 1875 σωτήριον,
1389 1839 1455 1866 ἀλλὰ
1469 1839 1625 1871 καυστικὸν,
1648 1839 1696 1866 καὶ
1715 1839 1828 1872 κολάζον

1042 1883 1208 1920 ἀτελεύτητα
1223 1885 1271 1911 καὶ
1285 1885 1401 1917 αἰωνίως
1417 1885 1479 1916 τοὺς
1492 1884 1680 1921 ἁμαρτωλούς.

1083 2013 1177 2051 Ἑρώτ.
1198 2015 1247 2050 ρβ’.
1274 2014 1307 2042 Τί
1325 2015 1407 2050 λέγει’
1423 2025 1433 2041 ‹
1452 2015 1524 2051 Σὰρξ
1541 2015 1588 2042 καὶ
1604 2012 1673 2050 αἷμα
1690 2013 1826 2049 βασιλείαν

1040 2060 1108 2088 Θεοῦ
1120 2060 1322 2097 κληρονομῆσαι
1339 2061 1368 2088 οὗ
1381 2061 1506 2094 δύναται;
1526 2070 1534 2087 ι

1082 2105 1176 2133 ’Δπόκ.
1194 2107 1254 2133 ’Ότι
1276 2107 1331 2138 πᾶς
1346 2107 1361 2134 ό
1374 2106 1422 2142 τὴν
1445 2106 1541 2133 ἑαυτοῦ
1558 2106 1645 2142 σάρκα
1665 2106 1772 2142 τρέφων
1786 2107 1825 2139 είς

1041 2152 1131 2187 κόρον,
1147 2152 1177 2178 οὐ
1191 2152 1302 2179 δύναται
1318 2152 1454 2187 βασιλείας
1467 2152 1533 2179 Θεοῦ
1544 2153 1754 2188 κληρονομῆσαι.

1083 2197 1178 2233 Ἐρώτ.
1192 2201 1244 2234 ργ’.
1257 2198 1289 2224 Τί
1301 2198 1385 2232 λέγει·
1408 2208 1417 2224 ι
1434 2199 1467 2225 Εἴ
1475 2207 1517 2230 τις
1535 2200 1564 2225 οὐ
1582 2199 1654 2234 φιλεί
1667 2199 1713 2225 τὸν
1724 2198 1825 2234 Κύριον

1040 2242 1119 2279 ἡμῶν
1138 2243 1241 2277 Ἰησοῦν
1256 2244 1382 2279 Χριστὸν,
1399 2244 1455 2279 ἤτω
1469 2243 1602 2279 ἀνάθεμα,
1620 2244 1716 2279 Μαρὰν
1730 2243 1796 2276 ἀθά;
1813 2252 1822 2268 ι

1082 2332 1175 2360 Ἀπόκ.
1197 2333 1336 2359 Τουτέστι’
1355 2333 1495 2368 Χωρίσατε
1517 2333 1597 2360 αὐτὸν
1622 2333 1675 2359 ἀπὸ
1697 2333 1745 2368 τῆς
1766 2333 1825 2359 Ἐκ-

1040 2378 1153 2413 κλησίας
1168 2378 1278 2405 καὶτῶν
1290 2379 1403 2412 πιστῶν,
1418 2380 1464 2406 καὶ
1474 2379 1543 2406 ἔστω
1559 2379 1759 2414 κεχωρισμένος
1773 2378 1825 2404 ἀπὸ

1039 2425 1087 2452 τοῦ
1100 2425 1164 2451 λαοῦ
1180 2426 1194 2451 ὁ
1210 2425 1246 2460 μὴ
1264 2425 1409 2453 πιστεύων.
1431 2426 1460 2452 '0
1475 2427 1528 2461 γὰρ
1542 2425 1643 2461 Κύριος
1655 2424 1730 2460 ἦλθε·
1748 2425 1825 2452 τοῦτο

1041 2471 1095 2506 γὰρ
1109 2471 1254 2507 ἐρμηνεύει
1270 2471 1300 2497 τὸ
1314 2472 1411 2508 Μαρὰν
1427 2472 1490 2499 ἀθά.

1083 2517 1178 2552 Ἐρώτ.
1194 2517 1241 2552 ρᾶ.
1260 2526 1269 2543 ι
1288 2518 1322 2544 Et
1332 2526 1374 2549 τις
1385 2518 1414 2543 ὲν
1430 2516 1543 2557 Χριστῷ]
1556 2517 1635 2553 καινὴ
1652 2516 1749 2548 κτίσις,
1763 2516 1826 2543 ἁνα-

1041 2563 1191 2594 καινίζεται
1202 2571 1209 2594 ;
1222 2572 1231 2588 ι

1083 2608 1176 2636 Ἀπόκ.
1197 2608 1352 2634 Τουτέστιν·
1370 2609 1405 2635 Εἴ
1417 2617 1458 2640 τις
1472 2608 1512 2640 είς
1526 2608 1642 2643 Χριστὸν
1659 2607 1825 2638 ἐπίστευσεν,

1041 2655 1080 2685 είς
1097 2654 1192 2688 ἑτέραν
1212 2651 1278 2688 ἦλθε
1300 2654 1445 2689 διαγωγήν.
1469 2654 1589 2680 Ἀνωθεν
1609 2654 1662 2689 γὰρ
1694 2653 1823 2688 ἐγεννήθη

1039 2699 1083 2726 διὰ
1095 2699 1141 2725 τοῦ
1157 2699 1323 2734 Πνεύματος,
1337 2699 1384 2726 καὶ
1397 2698 1430 2735 ζῇ
1443 2699 1473 2726 οὐ
1484 2699 1532 2735 τὴν
1546 2700 1574 2727 ὲν
1587 2699 1744 2735 ἁμαρτίαις,
1758 2698 1825 2726 ἀλλὰ

1039 2744 1087 2780 τὴν
1104 2745 1133 2772 ὲν
1148 2745 1281 2780 πνεύματι
1295 2745 1377 2780 ζωήν.

243 2818 264 2832 "
286 2818 354 2846 Psal.
375 2827 419 2853 vt,
439 2820 463 2848 7.
503 2821 523 2836 "
544 2819 633 2848 lCor.
651 2829 695 2854 xv,
713 2822 756 2849 50.
796 2821 817 2838 "
852 2821 939 2849 lCcr.
959 2829 1015 2855 ΠΙ,
1033 2821 1076 2848 22.
1117 2822 1139 2838 '°
1161 2821 1180 2849 11
1198 2822 1260 2849 (lor.
1281 2830 1306 2854 ν,
1328 2821 1368 2849 17.
