1940 3068
58 146 107 174 161

100 204 201 240 Ἑρώτ.
221 207 268 240 ρε¹.
284 213 294 229 ι
311 197 556 238 Τρὶξὲναυάγησα.
576 209 586 226 ι

101 250 200 277 ’Δπόκ.
216 249 362 280 Μυστικῶς
379 248 562 282 αἰνιττόμενος
581 246 665 280 λέγει.
683 245 780 280 Τρίτον
796 242 850 278 γὰρ

57 295 233 329 εναυάγησεν
246 296 262 330 ἡ
280 294 465 330 ἁνθρωπότης·
484 292 590 328 πρῶτον
600 293 644 319 διὰ
659 291 710 327 τῆς
724 289 850 326 παραϐά-

59 350 143 374 σεως⁶
159 340 285 376 δεύτερον
300 341 328 367 ἐν
345 340 384 376 τῷ
404 339 586 375 κατακλυσμῷ
600 338 647 365 τοῦ
659 337 730 365 Νῶε·
750 337 850 372 τρίτον,

60 388 135 423 μετὰ
149 389 181 414 τὸ
197 387 324 420 δέξασθαι
345 387 390 413 τὸν
409 386 500 421 νόμον,
517 387 557 417 εἰς
573 384 793 419 είδωλολατρείαν
808 381 852 415 ἐξ·

61 435 164 460 ἔπεσεν
185 434 199 460 6
218 433 291 464 λαὸς,
310 433 362 463 ἓως
379 431 463 458 ἐλθὼν
475 433 490 458 6
506 431 560 458 τῶν
574 430 668 466 ψυχῶν
683 430 853 464 κυϐερνήτης

61 479 194 515 Χριστὸς,
209 479 256 505 καὶ
275 479 377 513 στήσας
389 477 419 504 τὸ
435 477 519 504 ίστίον
531 476 578 504 τοῦ
594 476 723 512 σταυροῦ,
736 475 853 510 ἀχείμα-

61 533 129 552 στον
144 524 223 561 ἡμῶν
232 524 279 551 τὸν
290 524 374 551 πλοῦν
388 524 428 556 εις
440 523 553 560 ούρανὺν
565 522 748 558 ᾠκοδόμησεν.

107 612 206 648 Ἐρώτ.
223 615 276 648 pg’.
290 621 300 638 ί
313 611 492 647 Νυχθήμερον
503 612 531 638 ἐν
543 609 581 646 τῷ
591 609 664 646 βυθῷ
677 609 830 644 πεποίηκας
844 618 854 636 ι

109 700 207 726 Ἀπόκ.
232 698 411 735 Νυχθὴμερον
437 697 475 732 (Si)
497 697 572 731 λέγει
592 695 640 731 τὴν
657 694 709 731 πρὸ
726 694 777 729 τῆς
790 695 858 730 Χρι-

67 746 134 773 στοῦ
171 745 322 780 παρουσίας
359 745 387 770 ὲν
425 744 548 778 σκοτεινῇ
585 741 673 777 πλάνῃ
704 740 856 776 διατριϐήν“

66 792 177 828 ἡμέραν
190 791 218 818 δὲ
233 791 307 825 λέγει
320 790 368 825 τὴν
388 789 456 825 μετὰ
472 789 518 815 τοῦ
536 788 652 824 Χριστοῦ
668 787 817 823 παρουσίαν
830 787 859 812 ἐν

67 837 109 872 τῷ
125 835 250 872 φωτεινῷ
267 834 433 870 βαπτίσματι
446 833 595 869 διαγωγήν.

533 139 767 176 ΩΠΕΞΤΙΟΝΕΞ
786 137 821 166 ΙΝ
841 136 1033 166 EPISTOLAS
1051 135 1165 164 PAULI.

1635 130 1690 157 762

866 197 889 226 A
938 196 1049 229 Qusr.
1073 194 1130 222 CV.
1153 203 1162 219 ι
1178 193 1230 221 Ter
1246 190 1419 225 naufragium
1437 189 1490 217 feci
1505 188 1539 215 '“.
1555 197 1564 214 ι

938 241 1020 269 Resp.
1039 241 1152 276 Mystice
1166 240 1284 266 innuens
1306 238 1358 264 hoc
1379 236 1454 269 dicit,
1469 234 1541 270 quod
1561 239 1603 262 ter
1623 241 1692 262 nau-

902 288 1019 324 fragium
1049 294 1130 322 passa
1150 287 1185 313 sit
1210 286 1327 312 humana
1352 287 1461 310 natura.
1480 281 1613 313 Primum,
1645 289 1691 315 per

903 333 1162 368 transgressionem.
1189 330 1325 361 Secundo,
1351 329 1377 356 in
1399 328 1501 356 diluvio
1523 326 1691 361 temporibus

903 380 969 408 Noe.
989 379 1094 411 Tertio,
1110 381 1172 413 post
1185 381 1324 412 acceptam
1344 376 1442 410 legem,
1458 382 1519 402 cum
1537 373 1562 400 in
1579 372 1693 398 idolola-

903 426 984 453 triam
1002 424 1145 452 incidisset
1164 424 1290 458 populus,
1303 429 1390 456 usque
1401 421 1464 447 dum
1479 419 1553 447 venit
1566 419 1692 449 Christus

904 471 1070 506 gubernator
1097 469 1260 499 animarum,
1284 467 1329 501 qui
1351 466 1432 501 276
1452 465 1538 492 erexit
1563 463 1692 490 vexillum

905 515 1008 546 crucis.
1025 519 1053 542 et
1067 514 1243 549 tranquillam
1254 513 1333 540 nobis
1348 511 1548 546 navigationem
1563 510 1596 537 ad
1607 509 1694 537 cmlos

905 561 1022 596 paravit.

942 603 1124 639 QU£ST.CVI.
1137 603 1208 637 Quid
1223 607 1264 631 est
1279 611 1286 630 :
1305 611 1314 628 ι
1334 602 1449 630 Noctem
1469 606 1551 637 atque
1568 600 1641 628 diem
1665 600 1694 628 in

907 651 1045 688 profundo
1056 650 1099 685 egi
1109 650 1151 676 "1'
1161 659 1170 675 ι

944 697 1025 724 Res».
1042 696 1155 723 Noctem
1185 694 1252 722 dicit
1268 693 1505 721 conversationem
1523 691 1550 718 in
1566 691 1695 718 tenebro-

909 743 947 770 sis
958 741 1113 774 erroribus;
1126 741 1196 768 diem
1207 747 1282 771 vero,
1296 738 1378 765 vitam
1397 736 1611 772 postadventnm
1623 736 1698 763 Citri-

910 788 945 816 sti
959 791 1126 815 transactam
1142 787 1170 813 in
1182 786 1307 813 claritate
1319 783 1458 819 baptismi.

112 869 221 918 Ἑτέρα.
236 869 326 912 ’Τινὲς
348 881 376 907 δέ
400 889 492 915 φασιν,
517 880 558 906 ὅτι
583 880 612 906 ἐν
635 878 708 914 μέσῳ
728 877 862 911 πελάγους

947 874 1027 902 Αιιι.
1057 873 1156 900 Dicunt
1182 876 1274 899 autem
1302 871 1425 906 quidam,
1453 869 1527 906 quod
1553 870 1581 897 in
1609 869 1700 896 medio

69 928 173 955 πλέων·
187 929 211 954 oi
226 928 264 960 δὲ,
280 928 321 953 ὅτι
335 926 483 961 νηχόμενος
499 926 545 952 καὶ
559 924 710 960 κολυμϐῶν,
727 923 791 951 ἔνθα
801 922 862 949 οὔτε

71 975 126 1010 γῆν
140 973 203 1001 οὔτε
219 973 281 1009 ὅρος
297 970 331 1008 ἦν
349 972 422 998 [δεῖν.

110 1061 246 1097 Κείμενον
264 1060 313 1097 ρξ’.
329 1069 338 1086 ι
362 1059 454 1094 Ἐδόθη
472 1067 514 1093 μοι
529 1056 644 1092 σκώλωψ
657 1057 690 1092 τῇ
707 1055 799 1092 σαρκὶ,
814 1055 864 1089 ἄγ-

72 1107 155 1142 γελος
175 1105 274 1138 Σατὰν,
289 1105 332 1132 ἵνα
351 1113 385 1140 με
400 1103 542 1138 κολαφίζῃ.
562 1112 571 1128 ι

118 1153 232 1188 Ἐρμην.
255 1152 343 1178 Σατὰν
359 1151 373 1177 6
386 1150 571 1185 ἀντικείμενος
590 1148 707 1182 λέγεται.
733 1146 866 1182 ’Ἄγγελον

75 1199 167 1225 τοίνυν
192 1197 279 1224 Σατὰν
300 1197 375 1232 λέγει
410 1195 582 1230 Ἀλέξανδρον
605 1195 651 1220 τὸν
676 1193 789 1229 χαλκέα,
819 1193 866 1219 καὶ

84 1245 229 1280 Ὑμέναιον
240 1244 287 1271 καὶ
299 1244 411 1279 Φιλητὸν
421 1263 428 1275 ,
450 1242 548 1273 οἵτινες
562 1240 704 1276 ἐπείραζον
716 1240 806 1270 αὐτὸν,
819 1238 866 1265 καὶ

78 1291 235 1319 ἀντέκειντο
248 1291 383 1324 λέγοντες,
398 1290 440 1316 ὅτι
454 1289 600 1319 ἀνάστασις
614 1287 729 1321 ἐγένετο’
744 1286 790 1313 καὶ
801 1294 868 1321 κρα-

79 1337 189 1369 τοῦντες
205 1336 304 1378 αὑτὸν,
330 1336 426 1362 ἔϐαλον
449 1336 489 1366 εἰς
511 1334 695 1369 δεσμωτήρια,
721 1331 867 1359 καὶπολλὰ

80 1381 153 1409 κακὰ
166 1380 240 1415 αὐτῷ
253 1379 427 1412 ἐνεδείξαντο.

116 1427 249 1462 Κείμενον
265 1428 316 1460 ρη’,
335 1434 344 1451 ι
366 1425 458 1460 Ἀρκεί
473 1424 541 1458 σοιὴ
561 1424 639 1458 χάρις
655 1430 714 1457 μου.
733 1431 743 1447 ι

124 1472 218 1499 Ἀπόκ.
239 1471 317 1498 Τοῦτ’
337 1470 420 1497 ἔστιν·
445 1471 537 1505 Ἀρκεῖ
553 1479 594 1496 σοι
613 1470 629 1504 ἡ
652 1468 732 1504 χάρις
750 1476 811 1503 μου,
828 1468 870 1494 ὅτι

82 1520 196 1554 νεκροὺς
211 1519 339 1554 ὲγείρεις,
359 1518 406 1544 καὶ
419 1517 536 1552 τυφλοὺς
551 1515 722 1552 θεραπεύεις,
739 1515 787 1542 καὶ
802 1514 870 1542 ἄλλα

82 1565 136 1592 τῶν
152 1565 273 1600 σημείων
289 1565 387 1596 ποιεῖς.
407 1563 595 1598 Ἐλαυνόμενοι
609 1561 636 1588 δὲ
652 1562 699 1588 καὶ
715 1560 872 1596 διωκόμενοι

83 1612 177 1639 νικᾶτε
193 1612 257 1643 τοὺς
272 1610 432 1642 διώκοντας.

124 1655 222 1692 Ἐρώτ,
244 1655 296 1691 ρθ’.
308 1655 340 1682 Τί
355 1654 438 1689 λέγει’
458 1663 468 1680 ι
489 1653 567 1690 Ἐμοὶ
577 1653 679 1688 κόσμος
692 1650 872 1687 ἐσταύρωται,

85 1702 163 1738 κάγὼ
175 1701 214 1738 τῷ
224 1701 334 1737 κόσμῳ;
351 1711 361 1727 ι

127 1759 221 1786 Ἀπόκ.
247 1757 284 1785 Τὸ
309 1758 426 1791 ἐξελθεῖν
447 1756 502 1784 ἀπδ
515 1755 563 1783 τοῦ
580 1756 637 1791 βίου
656 1755 704 1782 καὶ
726 1753 876 1790 φροντίδων

85 1805 180 1837 αὐτοῦ,
207 1805 254 1831 καὶ
275 1804 370 1839 νεκρὸν
393 1803 517 1837 γενέσθαι
541 1803 596 1834 τοῖς
621 1801 729 1834 πάθεσι,
751 1802 798 1828 καὶ
814 1802 875 1833 ταῖς

86 1849 245 1884 ἐπιθυμίαις
258 1848 306 1876 καὶ
320 1848 470 1883 νηστεύειν,
494 1847 541 1874 καὶ
559 1847 718 1882 ἀγρυπνεῖν,
733 1846 779 1872 καὶ
793 1853 875 1872 κακο-

88 1895 183 1922 παθεῖν
198 1895 226 1921 ἐν
240 1896 273 1929 τῇ
289 1894 416 1929 ἀσκήσει,
435 1893 472 1925 ὡς
487 1893 532 1920 καὶ
549 1892 664 1928 ἀλλαχοῦ
681 1892 767 1926 λέγει·
783 1901 792 1916 ι
805 1891 836 1918 Ol.
847 1890 875 1917 δὲ

87 1942 134 1968 τοῦ
149 1940 267 1976 Χριστοῦ
288 1939 336 1975 τὴν
357 1939 444 1975 σάρκα
463 1938 637 1974 ἐσταύρωσαν
654 1937 702 1964 σὺν
717 1938 773 1968 τοῖς
786 1935 875 1972 παθή-

91 1996 157 2024 μασι
171 1988 218 2014 καὶ
231 1987 292 2017 ταῖς
306 1984 477 2020 ἐπιθυμίαις.
489 1994 499 2010 ι

131 2034 226 2070 Ἐρώτ.
243 2037 286 2069 ρι’.
299 2033 331 2060 Τί
346 2032 430 2067 λέγει·
447 2041 456 2057 ι
473 2031 510 2058 Τὸ
526 2029 680 2066 μεσότοιχον
691 2027 737 2056 τοῦ
749 2027 878 2064 φραγμοῦ

89 2081 192 2115 λύσας;
215 2090 224 2106 ι

131 2139 224 2166 Ἀπόκ.
243 2136 403 2170 Τουτέστιν,
420 2136 437 2172 ἠ
455 2135 549 2171 ἔχθρα,
568 2135 602 2170 ἢν
621 2134 730 2168 εἴχομεν
745 2131 813 2167 πρὸς
833 2130 879 2157 τὸν

89 2186 155 2213 Θεὸν
167 2186 191 2211 οἱ
205 2183 342 2219 ἄνθρωποι
353 2182 456 2229 statim
469 2181 547 2217 ἡμῶν
560 2179 706 2216 ἁμαρτίας.
724 2177 879 2213 Σαρκωθεὶς
895 2201 917 2229 D

91 2230 137 2260 οὖν
149 2233 163 2258 6
176 2231 277 2266 Κύριος
292 2230 339 2257 καὶ
357 2226 434 2261 Θεὸς,
456 2229 502 2255 καὶ
522 2227 609 2254 θανὼν
631 2226 708 2252 ἔλυσε
726 2225 775 2260 τὴν
789 2225 879 2259 ἁμαρ-

91 2278 163 2309 τίαν,
186 2276 235 2311 τὴν
257 2274 424 2310 χωρίζουσαν
445 2273 519 2308 ἡμᾶς
539 2271 593 2298 ἀπὸ
609 2270 655 2297 τοῦ
675 2269 753 2302 Θεοῦ,
776 2269 880 2304 εἰρηνο-

93 2323 188 2359 minus
205 2322 239 2349 τὰ
256 2321 354 2352 πάντα,
369 2321 416 2346 καὶ
428 2320 501 2351 υἱοὺς
516 2318 583 2345 Θεοῦ
600 2318 672 2353 ἡμᾶς
685 2317 879 2350 ἀπειργάσατο,

94 2368 242 2405 διαρρήξας
260 2367 291 2393 τὸ
309 2366 369 2393 καθ’
383 2364 461 2401 ἡμῶν
479 2363 658 2400 χειρόγραφον
673 2363 718 2388 ἐπὶ
733 2361 780 2387 τοῦ
798 2369 880 2387 σταυ-

97 2414 154 2451 ροῦ,
170 2414 202 2440 Τί
213 2413 241 2439 δὲ
256 2411 290 2448 ἦν
301 2412 331 2438 τὸ
344 2411 535 2447 χειρόγραφον,
551 2410 674 2436 ἄκουσον·
694 2409 757 2434 Ὅτε
774 2406 880 2442 παρέϐη

96 2461 144 2496 τὴν
162 2459 270 2494 ἐντολὴν
289 2459 304 2484 ό
328 2457 425 2492 ’Λδὰμ.
441 2457 487 2483 καὶ
505 2455 600 2482 ἓλαΰεν
615 2453 668 2481 ἀπὸ
682 2454 729 2480 τοῦ
747 2453 825 2486 ξύλου
839 2452 882 2479 διὰ

97 2508 146 2542 τῆς
158 2506 248 2542 χειρὸς
264 2503 358 2536 αὑτοῦ,
374 2504 420 2530 καὶ
433 2503 543 2537 ἔφαγεν,
564 2501 670 2536 ἐγράφη
680 2501 751 2536 χειρἸ¹
768 2498 849 2527 αὐτοῦ
865 2500 881 2534 ἡ

98 2553 229 2587 ἁμαρτία,
245 2552 292 2578 καὶ
306 2552 431 2586 κατεῖχεν
445 2549 510 2576 αὐτὸ
525 2547 554 2574 τὸ
572 2548 708 2583 ἔγγραφον
724 2547 738 2572 ὁ
751 2545 881 2576 διάϐολος.

99 2600 164 2625 Ὅτε
176 2599 204 2625 δὲ
215 2596 297 2633 ἦλθεν
314 2597 360 2623 ἐπὶ
378 2596 424 2623 τοῦ
443 2595 521 2628 ξύλου
533 2596 546 2621 ό
561 2594 688 2630 Χριστὸς,
704 2592 841 2618 τουτέστιν
857 2592 886 2617 ὲν

99 2644 137 2679 τῷ
151 2643 270 2679 σταυρῷ,
291 2643 338 2669 καὶ
356 2641 461 2678 ἐτρώθη
481 2642 537 2672 τοῖς
550 2640 624 2675 ἥλοις
640 2639 689 2671 τὰς
704 2640 806 2674 χεῖρας,
825 2637 887 2663 τότε

103 2689 277 2725 προσήλωσεν
296 2688 361 2714 αὐτὸ
375 2689 404 2714 ὲν
419 2686 458 2722 τῷ
475 2685 582 2721 σταυρῷ
603 2688 647 2712 καὶ
667 2683 816 2719 ἐξήλειψεν.
833 2682 886 2708 Αύ-

101 2737 147 2768 τδς
169 2745 216 2772 ,αρ
232 2736 245 2761 6
270 2734 392 2766 διάεολος
415 2735 429 2760 6
449 2732 558 2767 κρατῶν
580 2731 611 2759 τὺ
633 2730 812 2767 χειρόγραφον
836 2729 886 2764 τῆς

912 919 1000 955 pelagi
1017 918 1186 954 navigaverit
1208 927 1213 944 :
1233 917 1290 948 alii,
1316 916 1389 951 quod
1406 916 1541 943 nataverit
1562 919 1588 942 et
1609 915 1701 942 urina-

912 966 992 997 verit.
1019 965 1066 992 ubi
1096 971 1185 999 neque
1213 967 1325 995 terram,
1353 969 1441 997 neque
1476 965 1583 988 montes
1608 961 1701 988 videre

912 1014 983 1038 erat.

949 1057 1113 1083 Paorosmo
1127 1053 1207 1083 CVII.
1232 1063 1241 1080 ι
1264 1053 1350 1080 Datus
1362 1056 1403 1080 est
1417 1052 1481 1079 mihi
1497 1051 1624 1079 stimulus
1639 1056 1702 1078 car-

914 1102 973 1135 nis,
987 1102 1099 1137 angelus
1115 1101 1231 1132 Satanic.
1249 1099 1296 1134 qui
1314 1107 1356 1127 me
1373 1099 1524 1133 colaphizet
1538 1098 1571 1124 ⁷³.
1590 1107 1598 1124 ι

950 1142 1181 1176 Ιιιτὲιιιιιιιῑτλτιο.
1197 1146 1280 1173 Satan
1297 1147 1472 1174 adversarius
1489 1145 1598 1172 dicitur.
1615 1145 1705 1179 Ange-

915 1195 971 1222 Ium
992 1195 1075 1230 igitur
1099 1193 1207 1221 Satanae
1228 1193 1294 1220 dicit
1314 1192 1497 1220 Alexandrum
1519 1191 1644 1218 mrarium
1665 1190 1706 1216 fa-

916 1241 1007 1273 brum,
1022 1240 1196 1275 Hymenzeum
1208 1244 1235 1267 et
1249 1239 1384 1267 Philetnm
1398 1239 1443 1274 qui
1456 1238 1590 1266 vexabant
1605 1237 1705 1272 ipsum,

916 1292 943 1316 et
959 1288 1135 1318 resistebant,
1156 1286 1278 1315 dicentes
1291 1286 1516 1314 resurrectionem
1527 1286 1583 1319 jam
1601 1284 1706 1311 fuisse:

917 1334 966 1369 qui
983 1334 1066 1361 etiam
1091 1333 1294 1368 apprehensum
1311 1340 1385 1364 etin),
1409 1332 1437 1359 in
1457 1338 1597 1359 carcerem
1618 1329 1709 1364 proje-

918 1388 990 1413 cere,
1007 1385 1035 1407 et
1053 1379 1148 1407 multis
1162 1379 1276 1406 alfecere
1292 1378 1382 1406 malis.

954 1426 1036 1454 Pnor.
1054 1425 1145 1453 CVIII.
1167 1435 1176 1451 ι
1197 1425 1304 1452 Sufficit
1322 1425 1369 1451 tibi
1386 1423 1473 1458 gratia
1489 1430 1548 1450 mea
1559 1421 1591 1448 ⁷⁸.
1609 1431 1618 1447 ι

954 1471 1036 1498 Βεδι).
1049 1470 1106 1498 lloc
1116 1474 1176 1498 est:
1194 1469 1301 1497 Sufﬁcit
1316 1470 1364 1496 tibi
1382 1469 1467 1503 gratia
1485 1475 1554 1499 mea,
1569 1474 1623 1501 qua
1637 1473 1711 1492 mor-

921 1521 984 1545 tuos
999 1518 1115 1549 excitas,
1131 1517 1212 1544 caecis
1229 1516 1317 1543 visum
1334 1514 1394 1546 das.
1410 1518 1435 1542 et
1453 1513 1504 1540 alia
1529 1513 1605 1547 signa
1632 1511 1710 1538 facis.

923 1563 1009 1592 Porro
1029 1563 1100 1599 pulsi
1114 1567 1141 1591 et
1157 1562 1286 1598 exagitati
1303 1565 1496 1598 persequentes
1512 1559 1622 1586 vincite.

961 1655 1073 1688 Ωυιιῖετ.
1088 1653 1157 1682 CIX.
1171 1653 1241 1687 Quid
1256 1655 1299 1680 cst
1311 1650 1383 1687 quod
1400 1649 1488 1684 inquit
1502 1658 1509 1675 :
1523 1658 1532 1674 ι
1547 1647 1612 1675 Mihi
1633 1654 1712 1674 mun-

921 1703 976 1732 dus
997 1700 1147 1729 cruciﬁxus
1167 1703 1220 1730 est,
1239 1702 1266 1725 et
1285 1703 1335 1732 ego
1349 1694 1452 1722 mundo
1465 1693 1509 1719 "'2
1525 1702 1534 1718 ι

959 1757 1040 1784 Resp.
1055 1754 1186 1782 Mundam
1202 1757 1229 1781 et
1251 1759 1334 1779 curas
1349 1750 1409 1785 ejus
1432 1748 1598 1783 relinquere,
1613 1752 1715 1773 concu—

924 1803 1065 1840 piscentiis
1080 1805 1106 1829 et
1121 1792 1262 1828 affectibus
1279 1797 1358 1828 mori,
1380 1796 1515 1831 jejunare,
1531 1793 1653 1828 vigilare.
1669 1799 1715 1817 as-

925 1836 980 1877 cesi
996 1847 1142 1878 macerari.
1158 1846 1231 1873 sicut
1246 1843 1311 1871 alibi
1324 1842 1392 1870 dicit
1409 1851 1415 1868 :
1434 1850 1443 1866 I
1464 1840 1515 1873 Qui
1532 1847 1597 1866 vero
1613 1836 1716 1865 Christi

926 1899 1000 1927 sunt,
1022 1900 1133 1920 carnem
1151 1890 1348 1918 crucifixerunt
1361 1895 1424 1915 cum
1440 1885 1582 1913 aﬂectibus
1600 1887 1627 1912 ct
1648 1890 1716 1910 con-

926 1939 1103 1976 cupiscentiis
1118 1939 1151 1964 ⁷⁸.
1169 1946 1177 1962 ι

962 2029 1073 2063 ρυλεετ.
1093 2027 1150 2055 CX.
1168 2025 1237 2059 Quid
1254 2029 1296 2052 est
1312 2023 1386 2059 quod
1398 2022 1465 2050 dicit
1482 2031 1488 2049 :
1508 2030 1517 2047 ι
1538 2019 1655 2048 Medium
1673 2025 1720 2053 pa-

927 2077 1024 2105 rietem
1041 2074 1166 2102 maceria:
1179 2073 1289 2100 solvens
1303 2071 1344 2097 '7?
1360 2079 1370 2096 ι

966 2132 1048 2160 Basr.
1067 2131 1125 2158 Iloc
1136 2134 1178 2157 est
1197 2128 1340 2156 inimicitia
1355 2133 1436 2162 quam
1458 2133 1509 2152 nos
1527 2123 1651 2150 homines
1671 2122 1721 2148 ha-

930 2179 1064 2207 bebamus
1078 2177 1210 2204 adversus
1234 2175 1320 2202 Deum
1347 2177 1458 2208 propter
1484 2175 1596 2206 peccala
1614 2173 1718 2195 nostra.

932 2226 1020 2253 Carne
1035 2225 1118 2259 igitur
1131 2225 1281 2256 assumpta,
1301 2220 1431 2246 Dominus
1446 2217 1528 2246 Deus.
1544 2219 1572 2243 et
1585 2218 1721 2245 mortuus,

934 2271 1015 2300 solvit
1032 2273 1172 2306 peccatum
1189 2268 1260 2303 quod
1282 2274 1332 2294 nos
1350 2273 1364 2291 ιι
1378 2265 1434 2291 Deo
1448 2262 1624 2298 sejungehal;
1641 2264 1722 2294 atque

934 2318 974 2345 sic
989 2318 1016 2344 in
1033 2305 1126 2351 pacem
1141 2313 1245 2345 redegit
1261 2312 1362 2342 omnia,
1381 2315 1407 2337 ct
1422 2317 1471 2336 nos
1488 2308 1549 2335 fecit
1567 2307 1636 2333 [iiios
1651 2305 1696 2332 Dei
1713 2314 1719 2332 :

934 2371 997 2391 nam
1014 2362 1135 2394 discidit,
1147 2359 1218 2396 quod
1232 2359 1421 2385 adversusnos
1430 2359 1500 2384 erat,
1511 2352 1724 2388 chirographum

935 2409 962 2436 in
975 2415 1065 2435 cruce.
1083 2406 1155 2439 Quid
1177 2409 1267 2432 autent
1288 2403 1369 2430 fuerit
1382 2399 1609 2434 chirographum,
1631 2395 1692 2422 audi
1715 2405 1723 2422 :

935 2455 1003 2482 Cum
1023 2454 1164 2488 peccasset
1179 2450 1264 2477 Adam
1280 2452 1306 2476 et
1320 2447 1470 2483 aeccpisset
1481 2452 1563 2472 manu
1580 2449 1629 2470 sua
1648 2442 1681 2470 de
1696 2441 1726 2468 Ii-

935 2507 999 2536 gno,
1021 2498 1249 2531 comedissetque,
1266 2495 1398 2529 scriptum
1420 2496 1462 2520 est
1481 2491 1541 2525 ejus
1559 2496 1641 2516 manu
1660 2493 1725 2521 pec-

937 2533 1039 2577 catum,
1059 2543 1132 2578 quod
1146 2550 1230 2577 penes
1257 2548 1287 2568 se
1312 2540 1444 2574 scriptum
1470 2536 1596 2564 diabolus
1620 2533 1725 2561 habuit.

937 2592 1004 2619 Cum
1024 2594 1114 2617 autent
1132 2590 1159 2615 in
1174 2579 1288 2623 lignum.
1303 2587 1354 2613 hoc
1370 2590 1412 2612 est
1438 2584 1465 2611 in
1485 2590 1592 2611 crucem
1609 2581 1727 2608 venisset

937 2636 1075 2666 Christus,
1093 2639 1119 2661 et
1135 2634 1194 2668 ejus
1206 2640 1304 2660 manus
1319 2631 1405 2659 clavis
1418 2630 1645 2660 vulnerarentur;
1662 2630 1728 2652 tunc

940 2683 968 2710 in
985 2689 1068 2708 cruce
1082 2680 1213 2715 scriptum
1226 2678 1292 2705 illud
1305 2676 1392 2704 afﬁxit
1409 2679 1435 2702 et
1451 2673 1560 2702 delevit.
1577 2672 1636 2707 Ipse
1651 2677 1729 2698 nam-

940 2736 993 2763 que
1007 2727 1131 2755 diabolus
1146 2726 1192 2762 qui
1213 2723 1423 2759 chirographum
1449 2720 1516 2748 illud
1533 2717 1728 2753 transgressio-

140 2815 160 2830 "
172 2813 193 2841 Il
209 2814 272 2841 Cor.
288 2821 330 2841 ιι,
348 2812 394 2839 ‘25.
414 2812 437 2828 "'
457 2810 522 2839 ibid.
542 2809 594 2838 "il
611 2809 674 2838 Cor.
690 2816 747 2843 xu,
765 2808 791 2836 7.
811 2807 869 2835 “ib

929 2806 952 2834 9.
973 2806 995 2822 ⁷⁸
1016 2805 1102 2833 GaIat.
1115 2812 1160 2837 vt,
1180 2802 1223 2831 ιι.
1244 2801 1364 2829 "Galat.
1383 2808 1410 2834 ν,
1427 2799 1473 2828 24.
1493 2797 1622 2833 "Ephes.
1642 2803 1671 2826 ιι,
1685 2793 1730 2822 ἰΰ.

140 2860 168 2896 (Si
195 2860 263 2895 chc
278 2859 372 2887 νύκτα.
