1940 3068
224 118 276 146 763

823 119 850 146 S.
870 119 1096 147 ATIIANASIUS.
1111 135 1147 140 —-
1165 118 1299 148 SPL’NA.

1794 123 1854 150 7εό

224 178 268 205 nis
278 177 363 206 Adam
373 179 492 210 tenebat,
505 178 563 214 ipse
573 178 693 212 discidit,
706 187 768 207 cum
778 180 804 206 in
816 188 898 208 cruce
909 188 923 207 a
935 181 1010 208 Chri-

1075 179 1241 215 ταραδάσεως
1259 180 1306 206 τοῦ
1328 179 1422 215 Ἀδὰμ,
1439 180 1521 212 αὐτὸς
1538 180 1655 216 ἔσχισεν,
1678 180 1770 216 ἐπειδὴ
1792 181 1855 208 ὑπὸ

224 228 268 251 sto
283 224 382 260 ligatus
399 228 451 251 est.

260 269 368 302 Ques’r.
386 270 453 298 CXI.
471 270 541 304 Quid
561 270 689 306 estquod
707 271 795 306 inquit
811 281 818 298 ε
833 280 842 297 ‹
865 271 950 306 Surge
963 271 1008 306 qui

224 315 337 348 dormis.
350 321 376 344 et
388 324 529 353 exsurge‘a
544 318 670 351 mortuis,
683 322 711 345 et
725 318 887 346 illutninabit
897 322 924 346 te
935 318 1010 346 Citri-

225 366 285 389 stus
298 364 340 390 ⁷⁸2
359 373 368 389 ›

258 409 339 437 Resp.
358 409 540 438 Dormientem
563 415 642 438 vocat
665 419 739 442 eum.
765 411 811 446 qui
838 411 866 438 in
890 411 1009 446 peccatis

223 455 296 489 jacet
315 465 322 483 :
341 464 402 482 nam
418 457 464 491 qui
481 457 507 483 in
521 458 640 492 peccatis
655 457 731 488 vivit.
750 461 875 484 mortuus
898 456 1008 484 dicitur.

225 501 259 528 Et
274 506 303 528 ut
326 507 450 531 mortuus
471 504 619 531 immobilis
634 508 688 535 est,
712 504 749 530 ita
768 504 815 539 qui
838 505 957 538 peccatis
969 508 1011 531 est

225 551 362 581 mortuus,
379 548 412 575 ad
427 549 528 576 bonum
544 557 598 576 non
614 553 748 576 movetur.

259 635 423 664 Ριιοροδιτιο
437 636 516 664 CXII.
533 646 542 662 ι
562 637 669 665 lnduite
681 642 850 665 armaturam
865 637 913 666 Dei
929 639 962 666 ⁷⁸,
982 647 991 664 ι

261 724 343 753 Ras».
368 725 482 761 (Totam
502 731 668 754 armaturam
692 727 762 763 Dei)
788 727 854 755 dicit
879 727 1011 763 Spiritum

225 776 363 799 sanctum.
381 771 448 798 Nam
472 774 519 808 qui
541 773 662 808 Spiritus
682 774 770 801 sancti
791 782 846 801 non
865 780 907 802 est
929 775 1012 810 parti-

225 825 301 852 ceps,
328 818 395 845 nihil
422 822 511 853 potest
535 823 630 846 contra
656 820 828 847 adversarias
850 825 1009 855 potestates.

229 871 238 887 ι
256 862 361 890 Etenim
387 871 441 890 non
466 867 507 890 est
531 865 621 896 nobis,
651 864 750 898 inquit,
782 865 854 891 lucta
880 865 1011 893 adversus
1027 856 1047 883 Β

226 915 336 935 carnem
354 913 381 936 et
397 909 557 944 sanguinem
570 909 602 936 ⁸⁸.
630 919 639 935 ι
658 909 717 936 Non
737 912 868 938 adversus
888 911 1012 939 homines

226 953 353 980 videlicet
376 954 475 981 bellum
489 955 601 989 geritur,
623 965 633 981 ‹
650 955 696 982 sed
719 955 851 983 adversus
876 957 1012 991 principa-

227 1003 271 1026 tus
285 1000 317 1027 ⁸¹.
334 1009 343 1026 ι
362 999 536 1036 Principatus
554 1005 644 1028 autem
672 1001 810 1030 damones
832 1007 911 1030 vorat
924 1004 970 1037 qui
985 1003 1012 1029 in

227 1045 394 1073 hoc'mundo
410 1048 591 1082 principatum
608 1051 713 1079 tenent,
727 1049 901 1075 solummodo
922 1052 1012 1075 tamen

227 1091 254 1118 in
269 1099 352 1127 opera
367 1093 551 1120 tenebrarum.
577 1093 634 1120 lloc
656 1101 721 1120 vero
738 1094 810 1128 quod
836 1094 934 1129 inquit,
955 1105 964 1120 ι
986 1095 1012 1121 in

226 1138 387 1165 coelestibus
399 1139 421 1154 ⁸·
437 1147 444 1167 :
462 1149 471 1164 ι
488 1138 515 1165 id
528 1142 580 1172 est,
592 1147 646 1166 non
663 1144 772 1174 propter
789 1147 845 1166 rem
863 1141 938 1166 nihili
963 1149 1014 1168 nos

226 1188 384 1219 oppugnant
410 1184 559 1216 dzemones,
581 1185 628 1212 sed
649 1189 761 1220 propter
787 1186 907 1213 cmlestia
931 1187 1011 1214 bona.

227 1229 295 1262 Quia
308 1231 380 1257 enim
396 1231 429 1257 ad
447 1238 560 1264 regnum
575 1231 688 1258 caeleste
708 1231 909 1265 contendimus,
933 1233 1014 1260 vehe-

226 1280 331 1302 menter
347 1283 397 1303 nos
425 1276 595 1311 impugnant.
621 1276 684 1304 Ideo
710 1285 762 1304 nos
780 1285 888 1312 semper
903 1279 1015 1314 vigilare

226 1322 354 1349 convenit
369 1326 396 1349 et
414 1323 514 1349 virtute
532 1323 674 1358 gratiaque
692 1322 795 1350 Christi
810 1325 929 1352 vincere.
947 1325 1016 1351 Seu-

226 1372 286 1396 tum
302 1373 392 1397 autem
415 1369 487 1402 Iidei,
509 1369 590 1396 ﬁdem
617 1373 697 1397 vocat
714 1369 849 1397 sinceram
880 1375 907 1398 et
931 1370 1016 1398 fervi-

227 1417 301 1445 dam.

262 1463 343 1498 277
357 1463 467 1496 ρυλεςτ.
481 1461 572 1489 CXIII.
587 1461 656 1494 Quid
668 1466 710 1489 est
721 1462 794 1496 quod
808 1462 874 1489 dicit
889 1471 895 1489 :
914 1471 924 1488 ι
937 1462 1016 1490 Post-

1059 225 1177 261 Χριστοῦ
1192 226 1340 261 ὲδεσμεύθη
1358 226 1404 252 ἐπὶ
1415 225 1462 252 τοῦ
1477 227 1603 262 σταυροῦ.

1101 271 1195 306 Ἐρώτ.
1215 275 1276 307 pta’.
1295 273 1327 298 Τί
1342 272 1425 306 λέγει’
1441 281 1450 297 ι
1465 273 1589 308 Ἐγειραι
1603 273 1617 298 ὁ
1631 273 1783 306 καθεύδων,
1798 274 1856 300 καὶ

1059 317 1162 343 ἀνάστα
1185 317 1218 342 ἐκ
1241 317 1295 344 τῶν
1319 317 1434 353 νεκρῶν,
1448 318 1496 345 καὶ
1515 318 1659 353 ἐπιφαύσει
1677 327 1717 345 σοι
1740 319 1755 344 ὁ
1777 319 1856 354 Χρι-

1060 363 1120 394 στός
1128 371 1134 394 ;
1149 372 1157 388 ι

1102 409 1195 436 ’Δπόκ.
1211 409 1382 438 Καοεὺδοντα
1395 411 1468 446 λέγει
1481 411 1526 438 τὸν
1543 411 1572 438 ἐν
1589 410 1736 447 ἁμαρτίαις
1753 412 1855 446 κείμε-

1060 464 1115 482 νον.
1127 456 1180 482 Καὶ
1190 455 1244 491 γὰρ
1256 457 1270 482 ὁ
1282 457 1310 483 ἐν
1324 457 1470 493 ἁμαρτίαις
1481 457 1535 490 ζῶν
1545 458 1640 494 νεκρὸς
1648 457 1754 491 λέγεται
1763 455 1851 484 εἶναι.

1060 502 1116 528 Καὶ
1131 501 1224 537 ὥσπερ
1237 503 1251 528 ὸ
1261 502 1358 537 νεκρὸς
1368 503 1494 538 ἀκίνητός
1508 504 1592 534 ἐστιν,
1608 503 1679 529 οὕτω
1699 503 1746 529 καὶ
1760 504 1776 529 ὁ
1786 504 1854 534 ταῖς

1061 548 1208 584 ἁμαρτίαις
1232 549 1431 585 νενεκρωμένος
1456 550 1525 586 πρὸς
1545 549 1576 576 τὸ
1598 550 1698 584 ἀγαθὸν
1717 549 1853 585 ἀκίνητος

1063 595 1148 631 μένει.

1096 640 1228 676 Κείμενον
1249 641 1310 676 ριβ’.
1337 651 1346 668 ι
1371 641 1530 669 Ἐνδύσασοε
1552 642 1601 678 τὴν
1627 642 1778 669 πανοπλίαν
1799 640 1852 669 τοῦ

1061 687 1139 714 Θεοῦ.
1158 697 1167 713 ›

1102 734 1196 761 Ἀπόκ.
1219 734 1301 768 Λέγει
1316 733 1346 760 τὸ
1365 732 1476 768 Πνεῦμα
1491 733 1521 759 τὸ
1536 733 1622 766 ἅγιον.
1647 733 1676 758 '0
1690 731 1743 767 γὰρ
1760 732 1852 767 ἁμέτ-

1062 788 1123 814 οχος
1135 779 1182 806 τοῦ
1209 780 1365 815 Πνεύματος
1379 779 1408 805 οὐ
1424 779 1534 810 δυνατός
1552 780 1609 805 ἐστι
1627 779 1695 813 πρὸς
1711 778 1759 810 τὰς
1773 779 1853 804 ἀντι-

1063 826 1192 861 κειμένας
1221 827 1357 861 δυνάμεις.
1377 835 1386 850 ι
1402 825 1457 852 Καὶ
1481 825 1535 860 γὰρ
1551 826 1600 851 οὐκ
1624 824 1696 850 ἔστιν
1716 826 1732 859 ἡ
1755 824 1850 859 πάλη,

1062 873 1137 907 φησι,
1151 872 1219 908 πρὸς
1232 871 1302 907 αἷμα
1313 873 1360 898 καὶ
1377 872 1474 908 σάρκα·
1491 881 1500 897 ι
1510 872 1603 907 ἤγουν,
1616 871 1645 898 οὐ
1661 871 1728 907 πρὶς
1743 870 1852 906 ἀνορώ-

1062 927 1130 950 πους
1154 919 1226 945 ἐστὶν
1250 919 1264 944 ὁ
1287 919 1414 952 πόλεμος,
1441 927 1451 944 ‹
1477 917 1544 944 ἀλλὰ
1565 917 1633 953 πρὸς
1648 917 1696 949 τὰς
1717 918 1814 952 ἀρχάς.
1838 927 1848 944 ι

1069 964 1166 1000 Ἀρχὰς
1180 965 1208 991 δὲ
1221 965 1294 998 λέγει
1312 965 1374 996 τοὺς
1389 964 1529 999 δαίμονας,
1543 963 1637 999 ἐπειδὴ
1655 965 1683 990 ἐν
1699 964 1738 999 τῷ
1753 964 1852 999 κόσμῳ

1061 1011 1148 1045 τούτῳ
1165 1011 1302 1046 ἄρχουσιν,
1319 1009 1386 1037 ἀλλὰ
1401 1009 1454 1036 τῶν
1470 1009 1556 1045 ἔργων
1569 1009 1616 1036 τοῦ
1632 1010 1753 1041 σκότους.
1767 1010 1804 1035 Τὸ
1821 1010 1851 1036 δὲ

1065 1065 1074 1082 t
1095 1058 1122 1083 ὲν
1135 1058 1190 1088 τοῖς
1205 1056 1385 1091 ἐπουρανίοις,
1406 1065 1415 1081 ι
1438 1056 1530 1091 ἐπειδὴ
1545 1056 1575 1082 οὺ
1594 1055 1638 1082 διὰ
1659 1055 1755 1091 μικρὸν
1768 1055 1851 1091 ἔργον

1063 1102 1226 1138 πολεμοῦσιν
1243 1103 1314 1138 ἡμᾶς
1325 1102 1349 1128 ot
1362 1102 1497 1136 δαίμονες,
1515 1101 1583 1128 ἀλλὰ
1596 1101 1639 1127 διὰ
1656 1101 1767 1136 οὐράνια
1781 1101 1853 1134 ἀγα-

1063 1149 1107 1176 θά.
1133 1148 1240 1184 Ἐπειδὴ
1260 1149 1314 1184 γὰρ
1336 1147 1523 1182 ἀγωνιζόμεθα
1543 1147 1586 1173 διὰ
1606 1146 1654 1182 τὴν
1674 1148 1703 1173 ἐν
1725 1147 1852 1181 οὐρανοῖς

1064 1195 1212 1230 βασιλείαν,
1229 1194 1392 1230 πολεμοῦσιν
1404 1195 1479 1229 ἡμᾶς
1492 1193 1627 1228 χαλεπῶς,
1644 1193 1693 1219 Διὰ
1706 1193 1786 1219 τοῦτο
1800 1193 1854 1228 ἁρ-

1065 1240 1140 1276 μόζει
1155 1241 1269 1267 πάντοτε
1285 1241 1441 1275 γρηγορεῖν,
1456 1240 1502 1266 καὶ
1516 1240 1593 1274 νικᾷν
1609 1239 1705 1270 αὐτοὺς
1721 1240 1754 1274 τῇ
1771 1238 1853 1265 δυνά-

1065 1295 1109 1322 μει
1123 1287 1169 1312 καὶ
1183 1286 1273 1322 χάριτι
1289 1286 1335 1312 τοῦ
1348 1285 1476 1320 Χριστοῦ.
1494 1284 1594 1320 Θυρεὸν
1616 1284 1644 1311 δὲ
1664 1284 1714 1319 τῆς
1732 1285 1853 1316 πίστεως

1063 1331 1112 1366 τὴν
1127 1331 1218 1358 πίστιν
1229 1330 1302 1365 λέγει
1316 1330 1364 1366 τὴν
1378 1330 1510 1366 εἰλικρινῆ
1524 1329 1572 1356 καὶ
1583 1330 1724 1365 διάπυρον.

1103 1461 1198 1498 Ἑρὼτ.
1216 1465 1278 1498 ριγ¹.
1289 1461 1321 1488 Τί
1337 1461 1428 1496 λέγει·
1453 1471 1462 1488 ι
1489 1461 1718 1496 Ἀπεκδυσάμενοι
1736 1461 1781 1487 τὸν
1796 1470 1853 1487 πα-

227 1517 308 1544 quam
329 1508 444 1535 exuistis
460 1511 578 1535 Veterem
602 1507 750 1540 hominem,
766 1511 794 1535 et
817 1507 946 1536 induistis
963 1517 1012 1536 no-

1075 1508 1138 1534 ιαιὺν
1152 1507 1304 1543 ἄνθρωπον,
1328 1508 1373 1534 καὶ
1395 1507 1570 1543 ἐνδυσάμενοι
1587 1507 1631 1534 τὸν
1648 1507 1717 1540 νέον,
1729 1507 1775 1533 τὸν
1785 1507 1852 1534 ἁνα-

227 1562 301 1588 vum,
312 1555 358 1589 qui
369 1557 515 1581 renovatur
527 1553 549 1568 ⁸³
559 1553 572 1579 ?
583 1562 592 1579 ι

263 1600 344 1628 Βεςιι.
368 1599 492 1627 Veterem
513 1599 650 1626 hominem
669 1599 735 1626 dicit
757 1606 818 1627 eum
841 1599 888 1634 qui
911 1599 1015 1635 primus

227 1652 289 1682 post
304 1648 410 1682 lapsum
426 1645 490 1672 Ada:
505 1650 586 1672 natus
605 1648 660 1676 est,
674 1645 716 1672 vel
733 1644 933 1680 improbitatem
956 1653 1016 1680 quae

228 1701 261 1719 ex
278 1693 323 1720 illo
336 1691 458 1727 procedit
468 1695 495 1718 et
510 1691 650 1718 malitiam.
663 1690 767 1718 Novum
783 1691 918 1719 hominem
935 1691 1014 1719 intel-

228 1739 287 1774 ligit
301 1739 533 1771 conversationem
549 1738 745 1770 Christianam,
760 1738 832 1773 piam
847 1737 973 1767 videlicet
988 1743 1015 1766 et

228 1785 328 1813 bonam
345 1785 440 1811 vitam.

265 1830 376 1862 Quiesr.
404 1828 496 1856 CXIV.
524 1827 594 1860 Quid
626 1831 668 1856 est
693 1828 766 1863 quod
790 1828 879 1863 inquit
907 1838 914 1856 :
939 1838 948 1855 ι
980 1828 1015 1856 Ut

228 1884 284 1903 non
309 1874 520 1906 contristcmini,
538 1875 609 1902 sicut
631 1879 658 1901 et
673 1874 763 1901 caeteri
789 1875 835 1909 qui
860 1881 936 1909 spem
960 1882 1015 1902 non

229 1922 331 1950 habent
344 1922 388 1948 ⁸λῖ
406 1931 415 1947 ι

265 1967 346 1997 Resp.
367 1967 418 2000 Qui
435 1974 488 1994 non
505 1965 606 1993 habent
623 1973 697 2001 spem
714 1966 937 1999 resurrectionis,
961 1966 1015 1994 illis

229 2014 357 2041 convenit
371 2012 472 2039 dolere.
489 2011 558 2039 Nota
577 2016 667 2039 autem
693 2011 832 2046 quomodo
860 2012 894 2040 de
906 2012 1015 2040 Christo

230 2059 354 2091 dixerit.
383 2059 455 2094 quod
478 2063 604 2085 mortuus
635 2057 670 2085 sit
696 2061 724 2085 et
754 2058 944 2085 resurrexerit.
977 2058 1015 2086 De

230 2105 366 2134 communi
379 2113 443 2132 vero
459 2105 558 2139 populo
571 2104 648 2137 dixitI
669 2113 678 2130 ι
696 2104 742 2139 qui
757 2103 938 2136 dormierunt,
963 2114 972 2130 ι
985 2108 1015 2131 ut

230 2153 384 2180 ostenderet
407 2152 489 2179 etiam
509 2158 557 2178 eos
581 2151 627 2186 qui
648 2150 788 2178 dormiunt
811 2157 872 2178 esse
890 2158 1014 2178 resurre-

230 2205 332 2227 Cllll'OS.

266 2246 375 2279 Quae“.
392 2243 470 2271 CXV.
487 2243 555 2276 Quid
567 2248 607 2270 est
622 2242 686 2270 illud
706 2251 712 2268 :
732 2251 741 2267 ι
764 2241 821 2268 Non
834 2241 956 2277 rapinam
970 2249 1014 2268 ar-

229 2293 346 2319 bitratus
358 2295 399 2318 est
414 2291 544 2325 aequalem
557 2298 585 2317 se
600 2297 660 2316 esse
674 2288 728 2315 Deo
739 2289 780 2315 “‘2
796 2298 805 2314 ι

264 2337 345 2365 Resr.
360 2336 437 2369 Quod
452 2336 598 2370 Apostolus
614 2335 690 2367 dicit,
706 2339 748 2361 est
761 2334 893 2368 ejusmodi
908 2343 914 2360 :
928 2334 1013 2362 Filius

230 2383 288 2415 Dei,
305 2384 350 2418 qui
363 2384 442 2409 etiam
462 2382 519 2415 ipse
532 2381 613 2412 Dens,
629 2381 720 2407 volens
736 2380 762 2406 in
783 2384 882 2407 terram
898 2380 1012 2407 descen-

230 2432 304 2460 dere,
315 2434 341 2455 et
353 2428 500 2458 incaruari,
509 2435 561 2453 non
574 2426 677 2453 veritus
689 2429 730 2451 est
744 2433 758 2451 a
769 2433 817 2451 sua
827 2425 957 2459 dignitate
967 2425 1014 2452 dc.-

231 2475 339 2502 scendei
347 2482 370 2500 e.
380 2473 471 2507 Neque.
482 2472 553 2499 enim
565 2479 597 2498 ex
607 2471 700 2505 rapina
709 2470 876 2497 divinitatem
885 2478 960 2498 suam
970 2471 1016 2497 Ιιε-

231 2521 325 2547 behat:
338 2520 417 2546 \'t'lllll
427 2519 449 2545 si
459 2519 520 2553 quis
533 2525 580 2552 per
592 2517 713 2551 rapinam
726 2516 828 2550 aliquid
839 2516 928 2547 habet.
937 2517 1014 2544 timet

231 2575 265 2593 ne
287 2566 352 2593 illud
366 2565 470 2600 perdat.
487 2564 560 2591 Talis
569 2571 622 2590 non
636 2568 695 2590 erat
707 2562 842 2593 Christus,
855 2563 925 2589 absit
942 2563 947 2589 ί
965 2562 1013 2590 sed

231 2621 292 2640 mnu
304 2612 441 2647 perfectus
453 2611 524 2639 Deus
535 2614 618 2641 esset,
631 2610 714 2636 homo
725 2616 834 2643 quoque
846 2609 903 2636 ﬁeri
914 2609 1011 2636 voluit.

267 2659 375 2692 Qumsr.
388 2657 478 2685 CXVI.
494 2666 503 2683 ι
521 2656 578 2684 Hoc
587 2656 660 2684 enim
671 2655 748 2683 vobis
761 2654 876 2682 dicimus
889 2654 917 2681 in
932 2655 1014 2682 verbo

232 2704 341 2733 Domini
354 2706 387 2732 ⁸⁸³,
407 2714 416 2730 ι

267 2782 291 2797 ⁷⁸
310 2781 408 2815 Epllrs.
426 2789 453 2811 ν.
472 2781 514 2807 Η.
553 2781 576 2797 ⁷⁸
586 2779 742 2815 Epltesg't,
764 2778 805 2805 Η.

233 2816 276 2843 12.
313 2813 339 2833 ⁸⁸’
355 2817 471 2851 Philipp.
491 2824 525 2848 ιι,
543 2815 570 2842 6.
609 2813 632 2831 ⁸⁸
652 2814 660 2840 Ι
679 2813 775 2842 Thess.
793 2822 828 2844 tv.
848 2813 891 2840 M.

1065 1552 1241 1588 καινοὺμενον
1254 1560 1261 1584 ;
1284 1561 1293 1577 ›

1105 1599 1197 1625 Ἀπόκ.
1216 1598 1332 1624 Παλαιὸν
1359 1597 1500 1634 ἄνθρωπον
1518 1597 1563 1624 τὸν
1579 1597 1788 1633 πρῶτον”λέγει,
1803 1597 1852 1624 τδν

1064 1645 1118 1672 ἀπὸ
1133 1645 1183 1680 τῆς
1212 1644 1340 1675 πτώσεως
1359 1643 1406 1670 τοῦ
1428 1643 1513 1679 Ἀδὰμ
1532 1643 1738 1678 γεγεννημένον,
1765 1643 1782 1678 ἢ
1800 1643 1850 1677 τὴν

1065 1691 1196 1727 πονηρίαν
1223 1690 1272 1726 τὴν
1299 1690 1329 1724 ἐξ
1343 1689 1424 1716 αὑτοῦ
1446 1690 1492 1717 καὶ
1513 1691 1602 1716 πᾶσαν
1616 1690 1729 1716 κακίαν·
1749 1689 1807 1716 νέον
1821 1689 1850 1716 δὲ

1064 1737 1208 1772 ἄνθρωπον
1232 1737 1281 1772 τὴν
1298 1736 1370 1763 κατὰ
1382 1736 1498 1771 Χριστὸν
1519 1736 1664 1768 πολιτείαν,
1680 1737 1739 1772 ἦτοι
1755 1736 1850 1771 ἐνάρε-

1064 1790 1110 1808 τον
1124 1782 1171 1808 καὶ
1189 1781 1294 1817 ἀγαθὴν
1311 1781 1457 1809 πολιτείαν.

1107 1827 1202 1863 Ἐρὼτ.
1219 1829 1276 1864 pte".
1302 1829 1334 1855 Τί
1355 1829 1427 1862 λέγει
1439 1837 1444 1843 ·
1458 1839 1468 1854 ι
1481 1829 1538 1855 Ἵνα
1553 1828 1590 1864 μὴ
1611 1828 1742 1864 λυπῆσθε,
1759 1828 1851 1861 καθὼς

1065 1875 1112 1901 καὶ
1129 1875 1152 1901 οἱ
1166 1875 1264 1907 λοιποὶ,
1278 1876 1301 1902 οἱ
1316 1875 1353 1910 μὴ
1370 1874 1475 1910 ἔχοντες
1490 1875 1602 1907 ἐλπίδας
1621 1885 1630 1901 ι

1107 1965 1200 1992 Ἀπόκ.
1225 1967 1255 1992 Ol
1283 1967 1320 2002 μὴ
1338 1965 1445 2002 ἔχοντες
1463 1967 1559 1994 ἐλπίδα
1575 1968 1759 1999 ἀναστάσεως,
1778 1968 1850 1994 ἐκεί-

1064 2019 1119 2043 νοις
1134 2010 1246 2046 ἁρμόζει
1260 2011 1414 2038 λυπεῖσθαι.
1432 2012 1551 2047 Πρόσεχε
1564 2012 1604 2044 δὲ,
1627 2012 1686 2044 πῶς
1714 2013 1760 2039 ἐπὶ
1782 2013 1850 2049 Χρι-

1065 2057 1128 2084 στοῦ
1139 2055 1224 2090 εἶπεν,
1251 2058 1291 2084 ὅτι
1315 2057 1434 2084 ἀπέθανε
1457 2059 1504 2085 καὶ
1525 2059 1635 2094 ἀνέστη.
1662 2060 1722 2086 Ἐπὶ
1748 2060 1776 2086 δὲ
1802 2061 1848 2087 τοῦ

1065 2102 1155 2129 κοινοῦ
1171 2103 1246 2134 λαοῦ,
1261 2100 1332 2134 εἶπε,
1348 2112 1356 2128 ι
1380 2104 1435 2131 τῶν
1450 2105 1669 2140 κεκοιμωμένων,
1688 2115 1696 2131 ι
1713 2106 1756 2132 ἵνα
1766 2105 1848 2142 δείξῃ,

1064 2148 1105 2175 ὅτι
1116 2149 1140 2175 οἱ
1158 2148 1322 2185 κοιμώμενοι
1334 2150 1539 2186 ἀναστήσονται.

1105 2236 1199 2272 Ἐρώτ.
1217 2240 1273 2272 ριε’.
1288 2237 1320 2263 Τί
1335 2237 1407 2271 λέγει
1419 2246 1426 2252 ·
1442 2247 1451 2262 ‹
1467 2238 1522 2273 Οὐχ
1537 2238 1680 2274 ἁρπαγμὸν
1691 2240 1811 2274 ἡγήσατο
1819 2239 1849 2266 τὸ

1067 2280 1136 2308 εἶναι
1152 2282 1196 2308 ἴσα
1208 2282 1267 2317 Θεῷ
1279 2291 1285 2314 ;
1299 2292 1307 2308 ι

1108 2328 1200 2354 “Λπόκ.
1226 2329 1257 2354 ’0
1271 2328 1343 2362 λέγει
1367 2328 1485 2355 τοιοῦτον
1508 2329 1596 2355 ἐστιν·
1617 2329 1676 2356 Ὅτι
1689 2330 1703 2356 ὁ
1722 2329 1784 2361 Υἱὸς
1803 2329 1848 2356 τοῦ

1065 2373 1144 2404 Θεοῦ,
1171 2374 1218 2400 καὶ
1240 2374 1316 2405 Θεὸς,
1338 2373 1478 2408 βουληθεὶς
1495 2375 1645 2408 καταϐῆναι
1672 2375 1718 2401 ἐπί
1736 2376 1785 2410 τῆς
1800 2375 1849 2410 γῆς

1065 2419 1112 2445 καὶ
1130 2419 1313 2454 σαρκωίιῆναι,
1332 2420 1381 2446 οὐκ
1398 2419 1517 2455 ἐφοϐήθη
1537 2421 1685 2455 καταϐῆναι
1704 2421 1750 2446 τοῦ
1770 2420 1849 2452 ἀξιώ-

1068 2473 1161 2500 ματος.
1179 2465 1215 2491 Οὐ
1231 2465 1284 2500 γὰρ
1295 2463 1366 2500 εἶχεν
1382 2465 1410 2498 ἐξ
1423 2465 1550 2500 ἁρπαγῆς
1563 2466 1609 2500 τὴν
1626 2466 1849 2502 οεότητα,ὦςπ;ρ

1065 2520 1107 2543 τις
1122 2512 1177 2546 ἔχει
1193 2512 1308 2546 πρᾶγμα
1321 2511 1350 2543 ἐξ
1367 2512 1503 2546 ἁρπαγῆς,
1520 2512 1567 2538 καὶ
1583 2512 1704 2546 φοϐεῖται
1718 2513 1849 2538 ἀπολέσαι

1066 2557 1142 2583 αὑτό.
1162 2557 1199 2583 Οὐ
1217 2557 1335 2588 τοιοῦτος
1353 2555 1387 2592 ἦν
1412 2558 1425 2583 ὁ
1453 2557 1581 2592 Χριστὸς.
1600 2557 1636 2593 μὴ
1649 2557 1768 2591 γένοιτοε
1785 2557 1849 2585 ἀλλὰ

1067 2602 1132 2634 Θεὸς
1155 2602 1193 2629 ὣν
1215 2602 1327 2634 τέλειος,
1351 2602 1466 2638 ἠθέλησε
1490 2603 1537 2629 καὶ
1559 2602 1699 2637 ἄνθρωπος
1713 2603 1848 2637 γενέσθαι.

1110 2647 1205 2683 Ἑρὼτ.
1225 2651 1290 2684 ρις’.
1311 2657 1320 2674 ι
1341 2647 1425 2675 Τοῦτο
1443 2647 1498 2684 γὰρ
1520 2648 1584 2683 ὑμῖν
1600 2648 1715 2684 λέγομεν
1735 2650 1763 2676 ἐν
1779 2649 1849 2684 λόγῳ

1067 2694 1180 2729 Κυρίου.
1196 2703 1205 2720 ι

844 2778 866 2793 ⁸ο
888 2777 952 2806 ibid.
973 2777 1012 2805 12.

1096 2777 1160 2804 ibid.
1199 2777 1220 2793 δ’
1241 2777 1306 2805 ibid.
1340 2777 1362 2794 ⁸³
1382 2777 1487 2805 Coloss.
1506 2785 1553 2810 ut,
1569 2778 1597 2806 9.
1635 2777 1678 2804 “l
1701 2777 1792 2806 l'hess.
1812 2786 1851 2810 iv.
