  <div class='ocr_page' id='page_1' title='image "/cluster/home/n/w/nwhite01/storage/ocr_20150623/28/njp.32101007506148/394.png"; bbox 0 0 1940 3068; ppageno 0'>
   <div class='ocr_carea' id='block_1_1' title="bbox 87 133 145 161">
    <p class='ocr_par' dir='ltr' id='par_1_1' title="bbox 87 133 145 161">
     <span class='ocr_line' id='line_1_1' title="bbox 87 133 145 161; baseline 0.017 -1"><span class='ocrx_word' id='word_1_1' title='bbox 87 133 145 161; x_wconf 74' lang='grc'><strong>’165</strong></span> 
     </span>
    </p>
   </div>
   <div class='ocr_carea' id='block_1_2' title="bbox 132 189 917 228">
    <p class='ocr_par' dir='ltr' id='par_1_2' title="bbox 132 189 917 228">
     <span class='ocr_line' id='line_1_2' title="bbox 132 189 917 228; baseline 0.004 -12"><span class='ocrx_word' id='word_1_2' title='bbox 132 191 229 218; x_wconf 82' lang='grc' dir='ltr'><strong>’Ᾱπόκ.</strong></span> <span class='ocrx_word' id='word_1_3' title='bbox 253 190 306 217; x_wconf 82' lang='grc' dir='ltr'>Τὸν</span> <span class='ocrx_word' id='word_1_4' title='bbox 329 189 409 224; x_wconf 84' lang='grc' dir='ltr'>λόγον</span> <span class='ocrx_word' id='word_1_5' title='bbox 423 198 470 217; x_wconf 87' lang='grc' dir='ltr'><strong>του</strong></span> <span class='ocrx_word' id='word_1_6' title='bbox 499 190 612 226; x_wconf 81' lang='grc' dir='ltr'><strong>Κυρίου,</strong></span> <span class='ocrx_word' id='word_1_7' title='bbox 636 191 666 217; x_wconf 83' lang='grc' dir='ltr'>ὃν</span> <span class='ocrx_word' id='word_1_8' title='bbox 689 191 811 228; x_wconf 75' lang='grc' dir='ltr'>εἴρηκεν,</span> <span class='ocrx_word' id='word_1_9' title='bbox 838 193 878 219; x_wconf 82' lang='grc' dir='ltr'>ὅτι</span> <span class='ocrx_word' id='word_1_10' title='bbox 896 197 917 224; x_wconf 75' lang='grc' dir='ltr'><strong>Α</strong></span> 
     </span>
    </p>
   </div>
   <div class='ocr_carea' id='block_1_3' title="bbox 76 236 882 281">
    <p class='ocr_par' dir='ltr' id='par_1_3' title="bbox 76 236 882 281">
     <span class='ocr_line' id='line_1_3' title="bbox 76 236 882 281; baseline 0 -17"><span class='ocrx_word' id='word_1_11' title='bbox 76 236 254 281; x_wconf 54' lang='grc' dir='ltr'>ξάκούσονται</span> <span class='ocrx_word' id='word_1_12' title='bbox 283 237 333 271; x_wconf 84' lang='grc' dir='ltr'>τῆς</span> <span class='ocrx_word' id='word_1_13' title='bbox 362 236 454 271; x_wconf 80' lang='grc' dir='ltr'><strong>φωνῆς</strong></span> <span class='ocrx_word' id='word_1_14' title='bbox 475 237 522 262; x_wconf 85' lang='grc' dir='ltr'>τοῦ</span> <span class='ocrx_word' id='word_1_15' title='bbox 540 236 605 263; x_wconf 82' lang='grc' dir='ltr'><strong>Υἰοῦ</strong></span> <span class='ocrx_word' id='word_1_16' title='bbox 634 237 682 263; x_wconf 80' lang='grc' dir='ltr'>τοῦ</span> <span class='ocrx_word' id='word_1_17' title='bbox 704 238 772 264; x_wconf 79' lang='grc' dir='ltr'>Θεοῦ</span> <span class='ocrx_word' id='word_1_18' title='bbox 795 239 841 264; x_wconf 75' lang='grc' dir='ltr'>καὶ</span> <span class='ocrx_word' id='word_1_19' title='bbox 858 238 882 264; x_wconf 84' lang='grc' dir='ltr'>οἱ</span> 
     </span>
    </p>
   </div>
   <div class='ocr_carea' id='block_1_4' title="bbox 88 282 878 321">
    <p class='ocr_par' dir='ltr' id='par_1_4' title="bbox 88 282 878 321">
     <span class='ocr_line' id='line_1_4' title="bbox 88 282 878 321; baseline 0.003 -11"><span class='ocrx_word' id='word_1_20' title='bbox 88 283 257 315; x_wconf 77' lang='grc' dir='ltr'>ἀκούσαντες</span> <span class='ocrx_word' id='word_1_21' title='bbox 280 282 417 318; x_wconf 81' lang='grc' dir='ltr'>ζήσονται.</span> <span class='ocrx_word' id='word_1_22' title='bbox 437 292 446 308; x_wconf 81' lang='grc' dir='ltr'><strong>ι</strong></span> <span class='ocrx_word' id='word_1_23' title='bbox 462 284 546 310; x_wconf 71' lang='grc' dir='ltr'>Τοῦτο</span> <span class='ocrx_word' id='word_1_24' title='bbox 577 284 691 319; x_wconf 82' lang='grc' dir='ltr'>λέγομεν</span> <span class='ocrx_word' id='word_1_25' title='bbox 714 287 762 312; x_wconf 71' lang='grc' dir='ltr'>καὶ</span> <span class='ocrx_word' id='word_1_26' title='bbox 784 287 878 321; x_wconf 80' lang='grc' dir='ltr'><strong>ἡμεῖς·</strong></span> 
     </span>
    </p>
   </div>
   <div class='ocr_carea' id='block_1_5' title="bbox 74 329 882 366">
    <p class='ocr_par' dir='ltr' id='par_1_5' title="bbox 74 329 882 366">
     <span class='ocr_line' id='line_1_5' title="bbox 74 329 882 366; baseline 0 -10"><span class='ocrx_word' id='word_1_27' title='bbox 74 356 76 366; x_wconf 53' lang='grc' dir='ltr'>ι</span> <span class='ocrx_word' id='word_1_28' title='bbox 88 331 220 366; x_wconf 81' lang='grc' dir='ltr'>ὂτιήμεϊς</span> <span class='ocrx_word' id='word_1_29' title='bbox 229 330 255 355; x_wconf 82' lang='grc' dir='ltr'>οἱ</span> <span class='ocrx_word' id='word_1_30' title='bbox 271 329 382 361; x_wconf 77' lang='grc' dir='ltr'>ζῶντες,</span> <span class='ocrx_word' id='word_1_31' title='bbox 396 330 420 356; x_wconf 78' lang='grc' dir='ltr'><strong>οἱ</strong></span> <span class='ocrx_word' id='word_1_32' title='bbox 436 329 654 365; x_wconf 80' lang='grc' dir='ltr'><strong>περιλειπόμενοι</strong></span> <span class='ocrx_word' id='word_1_33' title='bbox 667 330 707 362; x_wconf 82' lang='grc' dir='ltr'>εἰς</span> <span class='ocrx_word' id='word_1_34' title='bbox 721 331 769 366; x_wconf 86' lang='grc' dir='ltr'><strong>τὴν</strong></span> <span class='ocrx_word' id='word_1_35' title='bbox 783 339 882 366; x_wconf 83' lang='grc' dir='ltr'>παρου-</span> 
     </span>
    </p>
   </div>
   <div class='ocr_carea' id='block_1_6' title="bbox 71 371 878 413">
    <p class='ocr_par' dir='ltr' id='par_1_6' title="bbox 71 371 878 413">
     <span class='ocr_line' id='line_1_6' title="bbox 71 371 878 413; baseline 0.005 -13"><span class='ocrx_word' id='word_1_36' title='bbox 71 371 75 383; x_wconf 91' lang='grc'><em>¹</em></span> <span class='ocrx_word' id='word_1_37' title='bbox 89 375 207 401; x_wconf 78' lang='grc' dir='ltr'>αἰαντοῦ</span> <span class='ocrx_word' id='word_1_38' title='bbox 217 374 368 410; x_wconf 76' lang='grc' dir='ltr'>Κυρὶου,οὑ</span> <span class='ocrx_word' id='word_1_39' title='bbox 387 375 424 410; x_wconf 79' lang='grc' dir='ltr'>μὴ</span> <span class='ocrx_word' id='word_1_40' title='bbox 441 375 579 410; x_wconf 78' lang='grc' dir='ltr'>φθάσομεν</span> <span class='ocrx_word' id='word_1_41' title='bbox 589 377 653 408; x_wconf 77' lang='grc' dir='ltr'>τοὺς</span> <span class='ocrx_word' id='word_1_42' title='bbox 664 377 857 413; x_wconf 75' lang='grc' dir='ltr'><strong>κοιμηθέντας.</strong></span> <span class='ocrx_word' id='word_1_43' title='bbox 869 388 878 404; x_wconf 82' lang='grc' dir='ltr'><strong>ι</strong></span> 
     </span>
    </p>
   </div>
   <div class='ocr_carea' id='block_1_7' title="bbox 87 421 878 459">
    <p class='ocr_par' dir='ltr' id='par_1_7' title="bbox 87 421 878 459">
     <span class='ocr_line' id='line_1_7' title="bbox 87 421 878 459; baseline 0.005 -12"><span class='ocrx_word' id='word_1_44' title='bbox 87 421 196 452; x_wconf 82' lang='grc' dir='ltr'>Ζῶντές</span> <span class='ocrx_word' id='word_1_45' title='bbox 213 421 281 448; x_wconf 74' lang='grc' dir='ltr'>εἰσιν</span> <span class='ocrx_word' id='word_1_46' title='bbox 299 421 323 447; x_wconf 79' lang='grc' dir='ltr'>οἱ</span> <span class='ocrx_word' id='word_1_47' title='bbox 345 422 534 457; x_wconf 77' lang='grc' dir='ltr'><strong>εὑρισκόμενοι</strong></span> <span class='ocrx_word' id='word_1_48' title='bbox 553 423 614 449; x_wconf 71' lang='grc' dir='ltr'>τότε</span> <span class='ocrx_word' id='word_1_49' title='bbox 630 424 707 459; x_wconf 63' lang='grc' dir='ltr'>ἐν’-τῇ</span> <span class='ocrx_word' id='word_1_50' title='bbox 723 425 878 452; x_wconf 80' lang='grc' dir='ltr'>ἀναστάσει.</span> 
     </span>
    </p>
   </div>
   <div class='ocr_carea' id='block_1_8' title="bbox 87 467 879 505">
    <p class='ocr_par' dir='ltr' id='par_1_8' title="bbox 87 467 879 505">
     <span class='ocr_line' id='line_1_8' title="bbox 87 467 879 505; baseline 0.001 -11"><span class='ocrx_word' id='word_1_51' title='bbox 87 469 147 495; x_wconf 75' lang='grc' dir='ltr'>Καὶ</span> <span class='ocrx_word' id='word_1_52' title='bbox 166 467 220 504; x_wconf 82' lang='grc' dir='ltr'>γὰρ</span> <span class='ocrx_word' id='word_1_53' title='bbox 234 467 427 503; x_wconf 75' lang='grc' dir='ltr'>εὑρεθήσονται</span> <span class='ocrx_word' id='word_1_54' title='bbox 435 468 573 504; x_wconf 83' lang='grc' dir='ltr'>ἄνθρωποι</span> <span class='ocrx_word' id='word_1_55' title='bbox 590 470 619 494; x_wconf 84' lang='grc' dir='ltr'>ὲν</span> <span class='ocrx_word' id='word_1_56' title='bbox 628 470 660 504; x_wconf 85' lang='grc' dir='ltr'>τῇ</span> <span class='ocrx_word' id='word_1_57' title='bbox 672 469 763 505; x_wconf 75' lang='grc' dir='ltr'>ἡμέρᾳ</span> <span class='ocrx_word' id='word_1_58' title='bbox 777 470 879 505; x_wconf 77' lang='grc' dir='ltr'>ἐκείνῃ,</span> 
     </span>
    </p>
   </div>
   <div class='ocr_carea' id='block_1_9' title="bbox 87 514 880 550">
    <p class='ocr_par' dir='ltr' id='par_1_9' title="bbox 87 514 880 550">
     <span class='ocr_line' id='line_1_9' title="bbox 87 514 880 550; baseline 0.001 -9"><span class='ocrx_word' id='word_1_59' title='bbox 87 515 139 541; x_wconf 73' lang='grc' dir='ltr'><strong>καὶ</strong></span> <span class='ocrx_word' id='word_1_60' title='bbox 155 515 204 541; x_wconf 74' lang='grc' dir='ltr'>οὐκ</span> <span class='ocrx_word' id='word_1_61' title='bbox 217 514 325 549; x_wconf 66' lang='grc' dir='ltr'>ὄψονται</span> <span class='ocrx_word' id='word_1_62' title='bbox 353 514 476 546; x_wconf 79' lang='grc' dir='ltr'>θάνατον,</span> <span class='ocrx_word' id='word_1_63' title='bbox 489 515 558 550; x_wconf 82' lang='grc' dir='ltr'>πλὴν</span> <span class='ocrx_word' id='word_1_64' title='bbox 577 515 607 541; x_wconf 77' lang='grc' dir='ltr'><strong>οὐ</strong></span> <span class='ocrx_word' id='word_1_65' title='bbox 626 516 662 550; x_wconf 78' lang='grc' dir='ltr'>μὴ</span> <span class='ocrx_word' id='word_1_66' title='bbox 678 515 801 549; x_wconf 69' lang='grc' dir='ltr'>φθάσωσι</span> <span class='ocrx_word' id='word_1_67' title='bbox 817 516 880 547; x_wconf 68' lang='grc' dir='ltr'>τοὺς</span> 
     </span>
    </p>
   </div>
   <div class='ocr_carea' id='block_1_10' title="bbox 87 561 880 598">
    <p class='ocr_par' dir='ltr' id='par_1_10' title="bbox 87 561 880 598">
     <span class='ocr_line' id='line_1_10' title="bbox 87 561 880 598; baseline 0.001 -11"><span class='ocrx_word' id='word_1_68' title='bbox 87 561 283 596; x_wconf 75' lang='grc' dir='ltr'>κοιμηθέντας.</span> <span class='ocrx_word' id='word_1_69' title='bbox 306 561 416 596; x_wconf 84' lang='grc' dir='ltr'>Πρῶτοι</span> <span class='ocrx_word' id='word_1_70' title='bbox 432 561 485 596; x_wconf 70' lang='grc' dir='ltr'><strong>γὰρ</strong></span> <span class='ocrx_word' id='word_1_71' title='bbox 503 562 701 596; x_wconf 75' lang='grc' dir='ltr'><strong>ἀναστήσονται</strong></span> <span class='ocrx_word' id='word_1_72' title='bbox 717 563 741 588; x_wconf 80' lang='grc' dir='ltr'>οἱ</span> <span class='ocrx_word' id='word_1_73' title='bbox 755 563 880 598; x_wconf 90' lang='grc' dir='ltr'>τελευτή-</span> 
     </span>
    </p>
   </div>
   <div class='ocr_carea' id='block_1_11' title="bbox 87 607 876 644">
    <p class='ocr_par' dir='ltr' id='par_1_11' title="bbox 87 607 876 644">
     <span class='ocr_line' id='line_1_11' title="bbox 87 607 876 644; baseline 0.001 -11"><span class='ocrx_word' id='word_1_74' title='bbox 87 616 196 639; x_wconf 69' lang='grc' dir='ltr'>σαντες,</span> <span class='ocrx_word' id='word_1_75' title='bbox 223 608 269 634; x_wconf 78' lang='grc' dir='ltr'>καὶ</span> <span class='ocrx_word' id='word_1_76' title='bbox 298 607 365 642; x_wconf 67' lang='grc' dir='ltr'>μετὰ</span> <span class='ocrx_word' id='word_1_77' title='bbox 385 607 470 634; x_wconf 77' lang='grc' dir='ltr'>ταῦτα</span> <span class='ocrx_word' id='word_1_78' title='bbox 495 608 519 634; x_wconf 89' lang='grc' dir='ltr'>οἱ</span> <span class='ocrx_word' id='word_1_79' title='bbox 537 607 637 640; x_wconf 77' lang='grc' dir='ltr'>ζῶντες</span> <span class='ocrx_word' id='word_1_80' title='bbox 661 608 876 644; x_wconf 79' lang='grc' dir='ltr'>ἀλλαγήσονται,</span> 
     </span>
    </p>
   </div>
   <div class='ocr_carea' id='block_1_12' title="bbox 86 653 877 689">
    <p class='ocr_par' dir='ltr' id='par_1_12' title="bbox 86 653 877 689">
     <span class='ocr_line' id='line_1_12' title="bbox 86 653 877 689; baseline 0 -9"><span class='ocrx_word' id='word_1_81' title='bbox 86 654 136 680; x_wconf 79' lang='grc' dir='ltr'>καὶ</span> <span class='ocrx_word' id='word_1_82' title='bbox 153 653 394 689; x_wconf 79' lang='grc' dir='ltr'>ἁρπαγήσονταιὲν</span> <span class='ocrx_word' id='word_1_83' title='bbox 410 653 448 688; x_wconf 80' lang='grc' dir='ltr'><strong>τῷ</strong></span> <span class='ocrx_word' id='word_1_84' title='bbox 463 653 521 688; x_wconf 75' lang='grc' dir='ltr'><strong>ἅμα</strong></span> <span class='ocrx_word' id='word_1_85' title='bbox 539 655 578 685; x_wconf 77' lang='grc' dir='ltr'><strong>εἰς</strong></span> <span class='ocrx_word' id='word_1_86' title='bbox 594 653 745 688; x_wconf 73' lang='grc' dir='ltr'>ἀπάντησιν</span> <span class='ocrx_word' id='word_1_87' title='bbox 760 655 806 680; x_wconf 85' lang='grc' dir='ltr'>τοῦ</span> <span class='ocrx_word' id='word_1_88' title='bbox 821 655 877 680; x_wconf 82' lang='grc' dir='ltr'><strong>Κυ-</strong></span> 
     </span>
    </p>
   </div>
   <div class='ocr_carea' id='block_1_13' title="bbox 89 699 875 736">
    <p class='ocr_par' dir='ltr' id='par_1_13' title="bbox 89 699 875 736">
     <span class='ocr_line' id='line_1_13' title="bbox 89 699 875 736; baseline 0 -9"><span class='ocrx_word' id='word_1_89' title='bbox 89 701 149 734; x_wconf 74' lang='grc' dir='ltr'>ρίου</span> <span class='ocrx_word' id='word_1_90' title='bbox 165 701 205 731; x_wconf 77' lang='grc' dir='ltr'>εἰς</span> <span class='ocrx_word' id='word_1_91' title='bbox 220 699 296 735; x_wconf 78' lang='grc' dir='ltr'>ἀέρα.</span> <span class='ocrx_word' id='word_1_92' title='bbox 316 700 378 731; x_wconf 84' lang='grc' dir='ltr'>Πῶς</span> <span class='ocrx_word' id='word_1_93' title='bbox 387 699 415 726; x_wconf 71' lang='grc' dir='ltr'>δε</span> <span class='ocrx_word' id='word_1_94' title='bbox 428 701 571 735; x_wconf 78' lang='grc' dir='ltr'>γενήσεται</span> <span class='ocrx_word' id='word_1_95' title='bbox 584 701 600 736; x_wconf 78' lang='grc' dir='ltr'>ἡ</span> <span class='ocrx_word' id='word_1_96' title='bbox 614 701 736 736; x_wconf 85' lang='grc' dir='ltr'>ἁρπαγὴ,</span> <span class='ocrx_word' id='word_1_97' title='bbox 752 701 875 727; x_wconf 78' lang='grc' dir='ltr'>ἄκουσον.</span> 
     </span>
    </p>
   </div>
   <div class='ocr_carea' id='block_1_14' title="bbox 86 746 878 782">
    <p class='ocr_par' dir='ltr' id='par_1_14' title="bbox 86 746 878 782">
     <span class='ocr_line' id='line_1_14' title="bbox 86 746 878 782; baseline -0.001 -9"><span class='ocrx_word' id='word_1_98' title='bbox 86 746 189 778; x_wconf 75' lang='grc' dir='ltr'>Καθὼς</span> <span class='ocrx_word' id='word_1_99' title='bbox 205 747 220 773; x_wconf 78' lang='grc' dir='ltr'>ὸ</span> <span class='ocrx_word' id='word_1_100' title='bbox 234 747 335 782; x_wconf 83' lang='grc' dir='ltr'>Κύριος</span> <span class='ocrx_word' id='word_1_101' title='bbox 351 748 379 774; x_wconf 79' lang='grc' dir='ltr'>ἐν</span> <span class='ocrx_word' id='word_1_102' title='bbox 392 746 571 782; x_wconf 72' lang='grc' dir='ltr'>κελεύσματι,</span> <span class='ocrx_word' id='word_1_103' title='bbox 591 747 729 773; x_wconf 80' lang='grc' dir='ltr'><strong>τουτέστιν</strong></span> <span class='ocrx_word' id='word_1_104' title='bbox 745 749 773 773; x_wconf 86' lang='grc' dir='ltr'>ὲν</span> <span class='ocrx_word' id='word_1_105' title='bbox 785 747 878 773; x_wconf 74' lang='grc' dir='ltr'>κελεύ-</span> 
     </span>
    </p>
   </div>
   <div class='ocr_carea' id='block_1_15' title="bbox 87 790 876 828">
    <p class='ocr_par' dir='ltr' id='par_1_15' title="bbox 87 790 876 828">
     <span class='ocr_line' id='line_1_15' title="bbox 87 790 876 828; baseline -0.001 -9"><span class='ocrx_word' id='word_1_106' title='bbox 87 801 140 822; x_wconf 78' lang='grc' dir='ltr'>σει,</span> <span class='ocrx_word' id='word_1_107' title='bbox 154 793 201 819; x_wconf 66' lang='grc' dir='ltr'><strong>καὶ</strong></span> <span class='ocrx_word' id='word_1_108' title='bbox 215 793 240 819; x_wconf 75' lang='grc' dir='ltr'>οἱ</span> <span class='ocrx_word' id='word_1_109' title='bbox 250 793 360 826; x_wconf 73' lang='grc' dir='ltr'>ἄγγελοι</span> <span class='ocrx_word' id='word_1_110' title='bbox 377 793 592 828; x_wconf 76' lang='grc' dir='ltr'>κραυγάζουσιν·</span> <span class='ocrx_word' id='word_1_111' title='bbox 618 792 781 828; x_wconf 75' lang='grc' dir='ltr'>Ἐγείρεσθε,</span> <span class='ocrx_word' id='word_1_112' title='bbox 795 790 876 828; x_wconf 74' lang='grc' dir='ltr'>ἦλθεν</span> 
     </span>
    </p>
   </div>
   <div class='ocr_carea' id='block_1_16' title="bbox 85 838 876 875">
    <p class='ocr_par' dir='ltr' id='par_1_16' title="bbox 85 838 876 875">
     <span class='ocr_line' id='line_1_16' title="bbox 85 838 876 875; baseline 0 -11"><span class='ocrx_word' id='word_1_113' title='bbox 85 840 100 865; x_wconf 68' lang='grc' dir='ltr'>ὁ</span> <span class='ocrx_word' id='word_1_114' title='bbox 112 838 236 873; x_wconf 76' lang='grc' dir='ltr'>Νυμφίος</span> <span class='ocrx_word' id='word_1_115' title='bbox 245 846 251 853; x_wconf 90' lang='grc'><strong>·</strong></span> <span class='ocrx_word' id='word_1_116' title='bbox 264 839 323 864; x_wconf 85' lang='grc' dir='ltr'>τότε</span> <span class='ocrx_word' id='word_1_117' title='bbox 339 839 524 873; x_wconf 76' lang='grc' dir='ltr'>καταϐήσεται</span> <span class='ocrx_word' id='word_1_118' title='bbox 535 839 581 865; x_wconf 76' lang='grc' dir='ltr'><strong>ἀπ’</strong></span> <span class='ocrx_word' id='word_1_119' title='bbox 594 839 719 874; x_wconf 75' lang='grc' dir='ltr'>οὐρανοῦ.</span> <span class='ocrx_word' id='word_1_120' title='bbox 734 840 787 866; x_wconf 73' lang='grc' dir='ltr'>Καὶ</span> <span class='ocrx_word' id='word_1_121' title='bbox 801 839 876 875; x_wconf 81' lang='grc' dir='ltr'>πρῶ-</span> 
     </span>
    </p>
   </div>
   <div class='ocr_carea' id='block_1_17' title="bbox 594 131 1221 165">
    <p class='ocr_par' dir='ltr' id='par_1_17' title="bbox 594 131 1221 165">
     <span class='ocr_line' id='line_1_17' title="bbox 594 131 1221 165; baseline 0.003 -6"><span class='ocrx_word' id='word_1_122' title='bbox 594 131 826 165; x_wconf 75' lang='lat' dir='ltr'><strong>QUASSTIONES</strong></span> <span class='ocrx_word' id='word_1_123' title='bbox 847 133 879 160; x_wconf 81' lang='lat' dir='ltr'><strong>IN</strong></span> <span class='ocrx_word' id='word_1_124' title='bbox 901 132 1091 162; x_wconf 79' lang='lat' dir='ltr'><strong>EPISTOLAS</strong></span> <span class='ocrx_word' id='word_1_125' title='bbox 1110 133 1221 161; x_wconf 78' lang='lat' dir='ltr'><strong>PAULI.</strong></span> 
     </span>
    </p>
   </div>
   <div class='ocr_carea' id='block_1_18' title="bbox 1665 132 1717 160">
    <p class='ocr_par' dir='ltr' id='par_1_18' title="bbox 1665 132 1717 160">
     <span class='ocr_line' id='line_1_18' title="bbox 1665 132 1717 160; baseline 0.038 -2"><span class='ocrx_word' id='word_1_126' title='bbox 1665 132 1717 160; x_wconf 81' lang='lat'><strong>766</strong></span> 
     </span>
    </p>
   </div>
   <div class='ocr_carea' id='block_1_19' title="bbox 971 191 1718 228">
    <p class='ocr_par' dir='ltr' id='par_1_19' title="bbox 971 191 1718 228">
     <span class='ocr_line' id='line_1_19' title="bbox 971 191 1718 228; baseline -0.003 -8"><span class='ocrx_word' id='word_1_127' title='bbox 971 193 1049 221; x_wconf 69' lang='grc' dir='ltr'>Ιὶεει).</span> <span class='ocrx_word' id='word_1_128' title='bbox 1067 193 1184 221; x_wconf 81' lang='lat' dir='ltr'><strong>Verbum</strong></span> <span class='ocrx_word' id='word_1_129' title='bbox 1198 193 1304 220; x_wconf 84' lang='lat' dir='ltr'><strong>Domini</strong></span> <span class='ocrx_word' id='word_1_130' title='bbox 1321 193 1393 228; x_wconf 88' lang='lat' dir='ltr'><strong>quod</strong></span> <span class='ocrx_word' id='word_1_131' title='bbox 1409 193 1487 226; x_wconf 82' lang='lat' dir='ltr'><strong>dixit,</strong></span> <span class='ocrx_word' id='word_1_132' title='bbox 1506 191 1558 219; x_wconf 84' lang='lat' dir='ltr'><strong>hoc</strong></span> <span class='ocrx_word' id='word_1_133' title='bbox 1571 195 1622 224; x_wconf 84' lang='lat' dir='ltr'><strong>est,</strong></span> <span class='ocrx_word' id='word_1_134' title='bbox 1637 191 1718 218; x_wconf 87' lang='lat' dir='ltr'><strong>audi-</strong></span> 
     </span>
    </p>
   </div>
   <div class='ocr_carea' id='block_1_20' title="bbox 933 238 1716 274">
    <p class='ocr_par' dir='ltr' id='par_1_20' title="bbox 933 238 1716 274">
     <span class='ocr_line' id='line_1_20' title="bbox 933 238 1716 274; baseline -0.001 -8"><span class='ocrx_word' id='word_1_135' title='bbox 933 240 987 266; x_wconf 92' lang='lat' dir='ltr'><strong>turi</strong></span> <span class='ocrx_word' id='word_1_136' title='bbox 1004 244 1067 267; x_wconf 88' lang='lat' dir='ltr'><strong>sunt</strong></span> <span class='ocrx_word' id='word_1_137' title='bbox 1081 248 1172 267; x_wconf 86' lang='lat' dir='ltr'><strong>vocem</strong></span> <span class='ocrx_word' id='word_1_138' title='bbox 1189 239 1249 266; x_wconf 86' lang='lat' dir='ltr'><strong>Filii</strong></span> <span class='ocrx_word' id='word_1_139' title='bbox 1267 239 1332 273; x_wconf 88' lang='lat' dir='ltr'><strong>Dei;</strong></span> <span class='ocrx_word' id='word_1_140' title='bbox 1354 243 1381 267; x_wconf 87' lang='lat' dir='ltr'><strong>et</strong></span> <span class='ocrx_word' id='word_1_141' title='bbox 1396 240 1441 274; x_wconf 88' lang='lat' dir='ltr'><strong>qui</strong></span> <span class='ocrx_word' id='word_1_142' title='bbox 1455 238 1601 270; x_wconf 79' lang='lat' dir='ltr'><strong>audierint,</strong></span> <span class='ocrx_word' id='word_1_143' title='bbox 1615 239 1716 265; x_wconf 80' lang='lat' dir='ltr'><strong>vivent.</strong></span> 
     </span>
    </p>
   </div>
   <div class='ocr_carea' id='block_1_21' title="bbox 935 283 1717 320">
    <p class='ocr_par' dir='ltr' id='par_1_21' title="bbox 935 283 1717 320">
     <span class='ocr_line' id='line_1_21' title="bbox 935 283 1717 320; baseline -0.001 -9"><span class='ocrx_word' id='word_1_144' title='bbox 935 294 944 311; x_wconf 84' lang='grc'>‹</span> <span class='ocrx_word' id='word_1_145' title='bbox 969 286 1043 317; x_wconf 80' lang='lat' dir='ltr'><strong>Hoc,</strong></span> <span class='ocrx_word' id='word_1_146' title='bbox 1081 286 1180 320; x_wconf 85' lang='lat' dir='ltr'><strong>inquit,</strong></span> <span class='ocrx_word' id='word_1_147' title='bbox 1215 290 1241 312; x_wconf 80' lang='lat' dir='ltr'><strong>et</strong></span> <span class='ocrx_word' id='word_1_148' title='bbox 1270 293 1320 312; x_wconf 85' lang='lat' dir='ltr'><strong>nos</strong></span> <span class='ocrx_word' id='word_1_149' title='bbox 1340 285 1473 318; x_wconf 84' lang='lat' dir='ltr'><strong>dicimus,</strong></span> <span class='ocrx_word' id='word_1_150' title='bbox 1503 285 1575 319; x_wconf 91' lang='lat' dir='ltr'><strong>quod</strong></span> <span class='ocrx_word' id='word_1_151' title='bbox 1596 292 1646 312; x_wconf 86' lang='lat' dir='ltr'><strong>nos</strong></span> <span class='ocrx_word' id='word_1_152' title='bbox 1669 283 1717 318; x_wconf 85' lang='lat' dir='ltr'><strong>qui</strong></span> 
     </span>
    </p>
   </div>
   <div class='ocr_carea' id='block_1_22' title="bbox 931 329 1717 357">
    <p class='ocr_par' dir='ltr' id='par_1_22' title="bbox 931 329 1717 357">
     <span class='ocr_line' id='line_1_22' title="bbox 931 329 1717 357; baseline 0 -2"><span class='ocrx_word' id='word_1_153' title='bbox 931 329 1054 356; x_wconf 85' lang='lat' dir='ltr'><strong>vivemus</strong></span> <span class='ocrx_word' id='word_1_154' title='bbox 1070 334 1096 356; x_wconf 88' lang='lat' dir='ltr'><strong>et</strong></span> <span class='ocrx_word' id='word_1_155' title='bbox 1114 330 1217 357; x_wconf 79' lang='lat' dir='ltr'><strong>residui</strong></span> <span class='ocrx_word' id='word_1_156' title='bbox 1230 330 1334 357; x_wconf 85' lang='lat' dir='ltr'><strong>erimus</strong></span> <span class='ocrx_word' id='word_1_157' title='bbox 1349 330 1376 356; x_wconf 90' lang='lat' dir='ltr'><strong>in</strong></span> <span class='ocrx_word' id='word_1_158' title='bbox 1395 330 1511 357; x_wconf 77' lang='lat' dir='ltr'><strong>adventu</strong></span> <span class='ocrx_word' id='word_1_159' title='bbox 1535 329 1641 356; x_wconf 86' lang='lat' dir='ltr'><strong>Domini</strong></span> <span class='ocrx_word' id='word_1_160' title='bbox 1662 337 1717 355; x_wconf 91' lang='lat' dir='ltr'><strong>non</strong></span> 
     </span>
    </p>
   </div>
   <div class='ocr_carea' id='block_1_23' title="bbox 931 374 1716 409">
    <p class='ocr_par' dir='ltr' id='par_1_23' title="bbox 931 374 1716 409">
     <span class='ocr_line' id='line_1_23' title="bbox 931 374 1716 409; baseline 0.001 -10"><span class='ocrx_word' id='word_1_161' title='bbox 931 375 1128 409; x_wconf 83' lang='lat' dir='ltr'><strong>praeveniemus</strong></span> <span class='ocrx_word' id='word_1_162' title='bbox 1138 382 1186 402; x_wconf 87' lang='lat' dir='ltr'><strong>eos</strong></span> <span class='ocrx_word' id='word_1_163' title='bbox 1194 375 1240 409; x_wconf 91' lang='lat' dir='ltr'><strong>qui</strong></span> <span class='ocrx_word' id='word_1_164' title='bbox 1251 375 1422 401; x_wconf 87' lang='lat' dir='ltr'><strong>dormierunt</strong></span> <span class='ocrx_word' id='word_1_165' title='bbox 1433 375 1466 402; x_wconf 82' lang='lat'><strong>&quot;.</strong></span> <span class='ocrx_word' id='word_1_166' title='bbox 1475 384 1484 400; x_wconf 79' lang='grc' dir='ltr'><strong>ι</strong></span> <span class='ocrx_word' id='word_1_167' title='bbox 1501 374 1628 402; x_wconf 73' lang='lat' dir='ltr'><strong>Viventes</strong></span> <span class='ocrx_word' id='word_1_168' title='bbox 1640 378 1716 405; x_wconf 84' lang='lat' dir='ltr'><strong>sunt,</strong></span> 
     </span>
    </p>
   </div>
   <div class='ocr_carea' id='block_1_24' title="bbox 930 419 1719 455">
    <p class='ocr_par' dir='ltr' id='par_1_24' title="bbox 930 419 1719 455">
     <span class='ocr_line' id='line_1_24' title="bbox 930 419 1719 455; baseline 0 -9"><span class='ocrx_word' id='word_1_169' title='bbox 930 421 977 455; x_wconf 90' lang='lat' dir='ltr'><strong>qui</strong></span> <span class='ocrx_word' id='word_1_170' title='bbox 999 425 1056 447; x_wconf 92' lang='lat' dir='ltr'><strong>tum</strong></span> <span class='ocrx_word' id='word_1_171' title='bbox 1077 421 1249 448; x_wconf 84' lang='lat' dir='ltr'><strong>inveniemur</strong></span> <span class='ocrx_word' id='word_1_172' title='bbox 1265 421 1293 447; x_wconf 94' lang='lat' dir='ltr'><strong>in</strong></span> <span class='ocrx_word' id='word_1_173' title='bbox 1319 421 1528 448; x_wconf 72' lang='lat' dir='ltr'><strong>resurrectione.</strong></span> <span class='ocrx_word' id='word_1_174' title='bbox 1545 419 1719 447; x_wconf 85' lang='lat' dir='ltr'><strong>Invenientur</strong></span> 
     </span>
    </p>
   </div>
   <div class='ocr_carea' id='block_1_25' title="bbox 930 466 1716 499">
    <p class='ocr_par' dir='ltr' id='par_1_25' title="bbox 930 466 1716 499">
     <span class='ocr_line' id='line_1_25' title="bbox 930 466 1716 499; baseline -0.004 -5"><span class='ocrx_word' id='word_1_175' title='bbox 930 467 1002 494; x_wconf 90' lang='lat' dir='ltr'><strong>enim</strong></span> <span class='ocrx_word' id='word_1_176' title='bbox 1028 467 1153 494; x_wconf 82' lang='lat' dir='ltr'><strong>homines</strong></span> <span class='ocrx_word' id='word_1_177' title='bbox 1172 467 1199 493; x_wconf 89' lang='lat' dir='ltr'><strong>in</strong></span> <span class='ocrx_word' id='word_1_178' title='bbox 1218 467 1263 493; x_wconf 83' lang='lat' dir='ltr'><strong>illa</strong></span> <span class='ocrx_word' id='word_1_179' title='bbox 1285 467 1339 499; x_wconf 85' lang='lat' dir='ltr'><strong>dic,</strong></span> <span class='ocrx_word' id='word_1_180' title='bbox 1363 475 1414 494; x_wconf 84' lang='lat' dir='ltr'><strong>nec</strong></span> <span class='ocrx_word' id='word_1_181' title='bbox 1430 466 1559 493; x_wconf 87' lang='lat' dir='ltr'><strong>videbunt</strong></span> <span class='ocrx_word' id='word_1_182' title='bbox 1576 469 1689 493; x_wconf 89' lang='lat' dir='ltr'><strong>mortem</strong></span> <span class='ocrx_word' id='word_1_183' title='bbox 1709 473 1716 491; x_wconf 92' lang='lat'><strong>:</strong></span> 
     </span>
    </p>
   </div>
   <div class='ocr_carea' id='block_1_26' title="bbox 929 511 1718 547">
    <p class='ocr_par' dir='ltr' id='par_1_26' title="bbox 929 511 1718 547">
     <span class='ocr_line' id='line_1_26' title="bbox 929 511 1718 547; baseline -0.005 -7"><span class='ocrx_word' id='word_1_184' title='bbox 929 517 1114 540; x_wconf 86' lang='lat' dir='ltr'><strong>verumtamen</strong></span> <span class='ocrx_word' id='word_1_185' title='bbox 1134 520 1188 540; x_wconf 92' lang='lat' dir='ltr'><strong>non</strong></span> <span class='ocrx_word' id='word_1_186' title='bbox 1204 513 1369 547; x_wconf 67' lang='lat' dir='ltr'><strong>prmvenient</strong></span> <span class='ocrx_word' id='word_1_187' title='bbox 1385 519 1433 539; x_wconf 84' lang='lat' dir='ltr'><strong>eos</strong></span> <span class='ocrx_word' id='word_1_188' title='bbox 1447 512 1494 546; x_wconf 87' lang='lat' dir='ltr'><strong>qui</strong></span> <span class='ocrx_word' id='word_1_189' title='bbox 1509 511 1718 538; x_wconf 85' lang='lat' dir='ltr'><strong>obdormieruut</strong></span> 
     </span>
    </p>
   </div>
   <div class='ocr_carea' id='block_1_27' title="bbox 929 555 1718 593">
    <p class='ocr_par' dir='ltr' id='par_1_27' title="bbox 929 555 1718 593">
     <span class='ocr_line' id='line_1_27' title="bbox 929 555 1718 593; baseline -0.005 -8"><span class='ocrx_word' id='word_1_190' title='bbox 929 563 1003 585; x_wconf 83' lang='lat' dir='ltr'><strong>ante.</strong></span> <span class='ocrx_word' id='word_1_191' title='bbox 1026 558 1093 584; x_wconf 68' lang='lat' dir='ltr'><strong>Nam</strong></span> <span class='ocrx_word' id='word_1_192' title='bbox 1115 559 1232 593; x_wconf 89' lang='lat' dir='ltr'><strong>primum</strong></span> <span class='ocrx_word' id='word_1_193' title='bbox 1252 562 1394 592; x_wconf 82' lang='lat' dir='ltr'><strong>resurgeut</strong></span> <span class='ocrx_word' id='word_1_194' title='bbox 1417 557 1538 588; x_wconf 89' lang='lat' dir='ltr'><strong>mortui,</strong></span> <span class='ocrx_word' id='word_1_195' title='bbox 1557 556 1655 583; x_wconf 87' lang='lat' dir='ltr'><strong>deinde</strong></span> <span class='ocrx_word' id='word_1_196' title='bbox 1669 555 1718 590; x_wconf 87' lang='lat' dir='ltr'><strong>qui</strong></span> 
     </span>
    </p>
   </div>
   <div class='ocr_carea' id='block_1_28' title="bbox 929 601 1718 635">
    <p class='ocr_par' dir='ltr' id='par_1_28' title="bbox 929 601 1718 635">
     <span class='ocr_line' id='line_1_28' title="bbox 929 601 1718 635; baseline -0.005 -5"><span class='ocrx_word' id='word_1_197' title='bbox 929 604 1022 630; x_wconf 85' lang='lat' dir='ltr'><strong>vivunt</strong></span> <span class='ocrx_word' id='word_1_198' title='bbox 1045 603 1274 635; x_wconf 84' lang='lat' dir='ltr'><strong>inuuutabuutur,</strong></span> <span class='ocrx_word' id='word_1_199' title='bbox 1290 607 1317 630; x_wconf 83' lang='lat' dir='ltr'><strong>et</strong></span> <span class='ocrx_word' id='word_1_200' title='bbox 1333 602 1415 630; x_wconf 87' lang='lat' dir='ltr'><strong>simul</strong></span> <span class='ocrx_word' id='word_1_201' title='bbox 1430 610 1492 629; x_wconf 89' lang='lat' dir='ltr'><strong>cum</strong></span> <span class='ocrx_word' id='word_1_202' title='bbox 1507 602 1560 628; x_wconf 84' lang='lat' dir='ltr'><strong>illis</strong></span> <span class='ocrx_word' id='word_1_203' title='bbox 1577 601 1718 635; x_wconf 86' lang='lat' dir='ltr'><strong>rapientur</strong></span> 
     </span>
    </p>
   </div>
   <div class='ocr_carea' id='block_1_29' title="bbox 929 640 1719 678">
    <p class='ocr_par' dir='ltr' id='par_1_29' title="bbox 929 640 1719 678">
     <span class='ocr_line' id='line_1_29' title="bbox 929 640 1719 678; baseline -0.005 -3"><span class='ocrx_word' id='word_1_204' title='bbox 929 649 955 675; x_wconf 93' lang='lat' dir='ltr'><strong>in</strong></span> <span class='ocrx_word' id='word_1_205' title='bbox 983 656 1129 675; x_wconf 83' lang='lat' dir='ltr'><strong>occursum</strong></span> <span class='ocrx_word' id='word_1_206' title='bbox 1159 640 1271 674; x_wconf 79' lang='lat' dir='ltr'><strong>Domini</strong></span> <span class='ocrx_word' id='word_1_207' title='bbox 1294 648 1322 674; x_wconf 90' lang='lat' dir='ltr'><strong>in</strong></span> <span class='ocrx_word' id='word_1_208' title='bbox 1347 655 1421 674; x_wconf 89' lang='lat' dir='ltr'><strong>aera.</strong></span> <span class='ocrx_word' id='word_1_209' title='bbox 1439 646 1533 678; x_wconf 78' lang='lat' dir='ltr'><strong>Qualis</strong></span> <span class='ocrx_word' id='word_1_210' title='bbox 1552 650 1640 672; x_wconf 86' lang='lat' dir='ltr'><strong>autem</strong></span> <span class='ocrx_word' id='word_1_211' title='bbox 1665 645 1719 672; x_wconf 86' lang='lat' dir='ltr'><strong>iste</strong></span> 
     </span>
    </p>
   </div>
   <div class='ocr_carea' id='block_1_30' title="bbox 929 690 1718 728">
    <p class='ocr_par' dir='ltr' id='par_1_30' title="bbox 929 690 1718 728">
     <span class='ocr_line' id='line_1_30' title="bbox 929 690 1718 728; baseline -0.004 -9"><span class='ocrx_word' id='word_1_212' title='bbox 929 698 1023 728; x_wconf 83' lang='lat' dir='ltr'><strong>rapitis</strong></span> <span class='ocrx_word' id='word_1_213' title='bbox 1049 693 1158 720; x_wconf 80' lang='lat' dir='ltr'><strong>futurus</strong></span> <span class='ocrx_word' id='word_1_214' title='bbox 1176 694 1228 725; x_wconf 85' lang='lat' dir='ltr'><strong>sit,</strong></span> <span class='ocrx_word' id='word_1_215' title='bbox 1247 693 1320 719; x_wconf 84' lang='lat' dir='ltr'><strong>audi.</strong></span> <span class='ocrx_word' id='word_1_216' title='bbox 1346 692 1459 725; x_wconf 84' lang='lat' dir='ltr'><strong>Quando</strong></span> <span class='ocrx_word' id='word_1_217' title='bbox 1477 691 1610 718; x_wconf 86' lang='lat' dir='ltr'><strong>Dominus</strong></span> <span class='ocrx_word' id='word_1_218' title='bbox 1628 690 1718 718; x_wconf 85' lang='lat' dir='ltr'><strong>celeu-</strong></span> 
     </span>
    </p>
   </div>
   <div class='ocr_carea' id='block_1_31' title="bbox 928 737 1715 774">
    <p class='ocr_par' dir='ltr' id='par_1_31' title="bbox 928 737 1715 774">
     <span class='ocr_line' id='line_1_31' title="bbox 928 737 1715 774; baseline -0.005 -8"><span class='ocrx_word' id='word_1_219' title='bbox 928 743 1024 771; x_wconf 83' lang='lat' dir='ltr'><strong>smate,</strong></span> <span class='ocrx_word' id='word_1_220' title='bbox 1040 739 1092 766; x_wconf 86' lang='lat' dir='ltr'><strong>hoc</strong></span> <span class='ocrx_word' id='word_1_221' title='bbox 1107 743 1149 766; x_wconf 85' lang='lat' dir='ltr'><strong>est</strong></span> <span class='ocrx_word' id='word_1_222' title='bbox 1167 739 1264 774; x_wconf 84' lang='lat' dir='ltr'><strong>jussu,</strong></span> <span class='ocrx_word' id='word_1_223' title='bbox 1279 743 1305 766; x_wconf 90' lang='lat' dir='ltr'><strong>et</strong></span> <span class='ocrx_word' id='word_1_224' title='bbox 1321 738 1407 772; x_wconf 76' lang='lat' dir='ltr'><strong>angeli</strong></span> <span class='ocrx_word' id='word_1_225' title='bbox 1429 737 1586 764; x_wconf 84' lang='lat' dir='ltr'><strong>clamabunt</strong></span> <span class='ocrx_word' id='word_1_226' title='bbox 1610 746 1616 763; x_wconf 91' lang='lat'>:</span> <span class='ocrx_word' id='word_1_227' title='bbox 1643 737 1715 763; x_wconf 79' lang='lat' dir='ltr'><strong>Sur-</strong></span> 
     </span>
    </p>
   </div>
   <div class='ocr_carea' id='block_1_32' title="bbox 927 783 1717 820">
    <p class='ocr_par' dir='ltr' id='par_1_32' title="bbox 927 783 1717 820">
     <span class='ocr_line' id='line_1_32' title="bbox 927 783 1717 820; baseline -0.003 -8"><span class='ocrx_word' id='word_1_228' title='bbox 927 786 992 820; x_wconf 81' lang='lat' dir='ltr'><strong>gite,</strong></span> <span class='ocrx_word' id='word_1_229' title='bbox 1007 786 1081 812; x_wconf 81' lang='lat' dir='ltr'><strong>venit</strong></span> <span class='ocrx_word' id='word_1_230' title='bbox 1099 786 1170 812; x_wconf 89' lang='lat' dir='ltr'><strong>enim</strong></span> <span class='ocrx_word' id='word_1_231' title='bbox 1187 786 1311 820; x_wconf 76' lang='lat' dir='ltr'><strong>Sponsus</strong></span> <span class='ocrx_word' id='word_1_232' title='bbox 1325 793 1332 817; x_wconf 88' lang='lat'><strong>;</strong></span> <span class='ocrx_word' id='word_1_233' title='bbox 1351 788 1416 811; x_wconf 92' lang='lat' dir='ltr'><strong>tune</strong></span> <span class='ocrx_word' id='word_1_234' title='bbox 1429 784 1462 811; x_wconf 85' lang='lat' dir='ltr'><strong>de</strong></span> <span class='ocrx_word' id='word_1_235' title='bbox 1477 784 1548 810; x_wconf 75' lang='lat' dir='ltr'><strong>emlo</strong></span> <span class='ocrx_word' id='word_1_236' title='bbox 1561 783 1717 810; x_wconf 65' lang='lat' dir='ltr'><strong>deseeuiet.</strong></span> 
     </span>
    </p>
   </div>
   <div class='ocr_carea' id='block_1_33' title="bbox 929 827 1719 866">
    <p class='ocr_par' dir='ltr' id='par_1_33' title="bbox 929 827 1719 866">
     <span class='ocr_line' id='line_1_33' title="bbox 929 827 1719 866; baseline -0.004 -9"><span class='ocrx_word' id='word_1_237' title='bbox 929 831 961 858; x_wconf 80' lang='lat' dir='ltr'><strong>Et</strong></span> <span class='ocrx_word' id='word_1_238' title='bbox 985 832 1103 866; x_wconf 87' lang='lat' dir='ltr'><strong>primum</strong></span> <span class='ocrx_word' id='word_1_239' title='bbox 1126 834 1267 866; x_wconf 68' lang='lat' dir='ltr'><strong>resurgunt</strong></span> <span class='ocrx_word' id='word_1_240' title='bbox 1286 831 1400 861; x_wconf 80' lang='lat' dir='ltr'><strong>mortui,</strong></span> <span class='ocrx_word' id='word_1_241' title='bbox 1413 829 1510 857; x_wconf 82' lang='lat' dir='ltr'><strong>deinde</strong></span> <span class='ocrx_word' id='word_1_242' title='bbox 1529 833 1619 856; x_wconf 85' lang='lat' dir='ltr'><strong>autem</strong></span> <span class='ocrx_word' id='word_1_243' title='bbox 1637 829 1654 855; x_wconf 91' lang='lat' dir='ltr'><strong>ii</strong></span> <span class='ocrx_word' id='word_1_244' title='bbox 1671 827 1719 863; x_wconf 89' lang='lat' dir='ltr'><strong>qui</strong></span> 
     </span>
    </p>
   </div>
   <div class='ocr_carea' id='block_1_34' title="bbox 84 873 877 920">
    <p class='ocr_par' dir='ltr' id='par_1_34' title="bbox 84 884 875 920">
     <span class='ocr_line' id='line_1_34' title="bbox 84 884 875 920; baseline 0 -10"><span class='ocrx_word' id='word_1_245' title='bbox 84 894 134 911; x_wconf 85' lang='grc' dir='ltr'><strong>τον</strong></span> <span class='ocrx_word' id='word_1_246' title='bbox 155 884 346 920; x_wconf 68' lang='grc' dir='ltr'>ἐγερθήσονται</span> <span class='ocrx_word' id='word_1_247' title='bbox 367 885 390 910; x_wconf 89' lang='grc' dir='ltr'>οἱ</span> <span class='ocrx_word' id='word_1_248' title='bbox 413 885 520 920; x_wconf 79' lang='grc' dir='ltr'>νεκροί·</span> <span class='ocrx_word' id='word_1_249' title='bbox 544 885 612 920; x_wconf 61' lang='grc' dir='ltr'>μετα</span> <span class='ocrx_word' id='word_1_250' title='bbox 629 885 760 911; x_wconf 70' lang='grc' dir='ltr'>δὲταῦτα</span> <span class='ocrx_word' id='word_1_251' title='bbox 781 885 828 911; x_wconf 80' lang='grc' dir='ltr'><strong>καὶ</strong></span> <span class='ocrx_word' id='word_1_252' title='bbox 851 885 875 910; x_wconf 77' lang='grc' dir='ltr'>οἱ</span> 
     </span>
    </p>
   </div>
   <div class='ocr_carea' id='block_1_35' title="bbox 934 873 1717 920">
    <p class='ocr_par' dir='ltr' id='par_1_35' title="bbox 934 873 1717 908">
     <span class='ocr_line' id='line_1_35' title="bbox 934 873 1717 908; baseline -0.006 -5"><span class='ocrx_word' id='word_1_253' title='bbox 934 882 994 904; x_wconf 70' lang='lat' dir='ltr'><strong>tunc</strong></span> <span class='ocrx_word' id='word_1_254' title='bbox 1010 877 1111 908; x_wconf 85' lang='lat' dir='ltr'><strong>vivent,</strong></span> <span class='ocrx_word' id='word_1_255' title='bbox 1129 876 1345 902; x_wconf 87' lang='lat' dir='ltr'><strong>immutabuutur</strong></span> <span class='ocrx_word' id='word_1_256' title='bbox 1355 878 1382 901; x_wconf 83' lang='lat' dir='ltr'><strong>et</strong></span> <span class='ocrx_word' id='word_1_257' title='bbox 1399 874 1464 901; x_wconf 85' lang='lat' dir='ltr'><strong>Iient</strong></span> <span class='ocrx_word' id='word_1_258' title='bbox 1483 873 1717 907; x_wconf 77' lang='lat' dir='ltr'><strong>incorruptibiles.</strong></span> 
     </span>
    </p>
   </div>
   <div class='ocr_carea' id='block_1_36' title="bbox 86 930 878 965">
    <p class='ocr_par' dir='ltr' id='par_1_36' title="bbox 86 930 878 965">
     <span class='ocr_line' id='line_1_36' title="bbox 86 930 878 965; baseline 0 -9"><span class='ocrx_word' id='word_1_259' title='bbox 86 930 189 963; x_wconf 81' lang='grc' dir='ltr'>ζῶντες</span> <span class='ocrx_word' id='word_1_260' title='bbox 204 930 412 965; x_wconf 81' lang='grc' dir='ltr'>ἀλλαγήσονται,</span> <span class='ocrx_word' id='word_1_261' title='bbox 430 931 477 957; x_wconf 78' lang='grc' dir='ltr'><strong>καὶ</strong></span> <span class='ocrx_word' id='word_1_262' title='bbox 492 931 652 965; x_wconf 79' lang='grc' dir='ltr'>γενήσονται</span> <span class='ocrx_word' id='word_1_263' title='bbox 665 930 806 965; x_wconf 59' lang='grc' dir='ltr'>ἄψῡαρτοι.</span> <span class='ocrx_word' id='word_1_264' title='bbox 824 931 878 956; x_wconf 67' lang='grc' dir='ltr'>Καὶ</span> 
     </span>
    </p>
   </div>
   <div class='ocr_carea' id='block_1_37' title="bbox 88 975 877 1012">
    <p class='ocr_par' dir='ltr' id='par_1_37' title="bbox 88 975 877 1012">
     <span class='ocr_line' id='line_1_37' title="bbox 88 975 877 1012; baseline 0.001 -11"><span class='ocrx_word' id='word_1_265' title='bbox 88 975 160 1011; x_wconf 79' lang='grc' dir='ltr'><strong>μετὰ</strong></span> <span class='ocrx_word' id='word_1_266' title='bbox 171 975 250 1002; x_wconf 77' lang='grc' dir='ltr'>τοῦτο</span> <span class='ocrx_word' id='word_1_267' title='bbox 276 976 375 1007; x_wconf 81' lang='grc' dir='ltr'>πάντες</span> <span class='ocrx_word' id='word_1_268' title='bbox 389 977 413 1002; x_wconf 81' lang='grc' dir='ltr'>οἱ</span> <span class='ocrx_word' id='word_1_269' title='bbox 430 976 501 1010; x_wconf 78' lang='grc' dir='ltr'>ἅγιοι</span> <span class='ocrx_word' id='word_1_270' title='bbox 520 977 568 1002; x_wconf 75' lang='grc' dir='ltr'>καὶ</span> <span class='ocrx_word' id='word_1_271' title='bbox 588 976 656 1008; x_wconf 76' lang='grc' dir='ltr'>ἄξιοι</span> <span class='ocrx_word' id='word_1_272' title='bbox 670 977 877 1012; x_wconf 80' lang='grc' dir='ltr'>ἁρπαγήσονται</span> 
     </span>
    </p>
   </div>
   <div class='ocr_carea' id='block_1_38' title="bbox 86 1020 878 1057">
    <p class='ocr_par' dir='ltr' id='par_1_38' title="bbox 86 1020 878 1057">
     <span class='ocr_line' id='line_1_38' title="bbox 86 1020 878 1057; baseline 0.001 -11"><span class='ocrx_word' id='word_1_273' title='bbox 86 1020 143 1047; x_wconf 75' lang='grc' dir='ltr'>ὑπὸ</span> <span class='ocrx_word' id='word_1_274' title='bbox 158 1020 288 1054; x_wconf 63' lang='grc' dir='ltr'>νεφελῶν,</span> <span class='ocrx_word' id='word_1_275' title='bbox 304 1021 350 1046; x_wconf 77' lang='grc' dir='ltr'><strong>καὶ</strong></span> <span class='ocrx_word' id='word_1_276' title='bbox 366 1020 484 1053; x_wconf 76' lang='grc' dir='ltr'>δέξονται</span> <span class='ocrx_word' id='word_1_277' title='bbox 503 1021 547 1048; x_wconf 79' lang='grc' dir='ltr'>τὸν</span> <span class='ocrx_word' id='word_1_278' title='bbox 562 1021 662 1056; x_wconf 78' lang='grc' dir='ltr'>Κύριον</span> <span class='ocrx_word' id='word_1_279' title='bbox 673 1022 750 1056; x_wconf 83' lang='grc' dir='ltr'>ἡμῶν</span> <span class='ocrx_word' id='word_1_280' title='bbox 766 1021 878 1057; x_wconf 78' lang='grc' dir='ltr'>ἐρχόμε-</span> 
     </span>
    </p>
   </div>
   <div class='ocr_carea' id='block_1_39' title="bbox 85 1065 878 1101">
    <p class='ocr_par' dir='ltr' id='par_1_39' title="bbox 85 1065 878 1101">
     <span class='ocr_line' id='line_1_39' title="bbox 85 1065 878 1101; baseline 0.003 -11"><span class='ocrx_word' id='word_1_281' title='bbox 85 1073 134 1091; x_wconf 83' lang='grc' dir='ltr'><strong>νον</strong></span> <span class='ocrx_word' id='word_1_282' title='bbox 146 1065 178 1091; x_wconf 80' lang='grc' dir='ltr'>ἐκ</span> <span class='ocrx_word' id='word_1_283' title='bbox 191 1065 244 1091; x_wconf 83' lang='grc' dir='ltr'><strong>τῶν</strong></span> <span class='ocrx_word' id='word_1_284' title='bbox 255 1065 387 1100; x_wconf 76' lang='grc' dir='ltr'>οὐρανῶν,</span> <span class='ocrx_word' id='word_1_285' title='bbox 402 1065 491 1097; x_wconf 83' lang='grc' dir='ltr'>καθὼς</span> <span class='ocrx_word' id='word_1_286' title='bbox 503 1065 576 1100; x_wconf 80' lang='grc' dir='ltr'>λέγει</span> <span class='ocrx_word' id='word_1_287' title='bbox 587 1074 594 1081; x_wconf 79' lang='grc' dir='ltr'><strong>ο</strong></span> <span class='ocrx_word' id='word_1_288' title='bbox 607 1076 615 1091; x_wconf 80' lang='grc' dir='ltr'><strong>ι</strong></span> <span class='ocrx_word' id='word_1_289' title='bbox 632 1066 687 1092; x_wconf 71' lang='grc' dir='ltr'>Καὶ</span> <span class='ocrx_word' id='word_1_290' title='bbox 696 1067 775 1100; x_wconf 79' lang='grc' dir='ltr'>ἡμεῖς</span> <span class='ocrx_word' id='word_1_291' title='bbox 789 1067 878 1101; x_wconf 76' lang='grc' dir='ltr'>ἁρπα-</span> 
     </span>
    </p>
   </div>
   <div class='ocr_carea' id='block_1_40' title="bbox 85 1110 877 1145">
    <p class='ocr_par' dir='ltr' id='par_1_40' title="bbox 85 1110 877 1145">
     <span class='ocr_line' id='line_1_40' title="bbox 85 1110 877 1145; baseline -0.001 -9"><span class='ocrx_word' id='word_1_292' title='bbox 85 1110 229 1145; x_wconf 72' lang='grc' dir='ltr'>γησόμεθα</span> <span class='ocrx_word' id='word_1_293' title='bbox 249 1111 277 1136; x_wconf 80' lang='grc' dir='ltr'><strong>έν</strong></span> <span class='ocrx_word' id='word_1_294' title='bbox 290 1110 414 1144; x_wconf 76' lang='grc' dir='ltr'>νεφέλαις</span> <span class='ocrx_word' id='word_1_295' title='bbox 431 1110 470 1141; x_wconf 81' lang='grc' dir='ltr'>εἰς</span> <span class='ocrx_word' id='word_1_296' title='bbox 483 1110 636 1145; x_wconf 71' lang='grc' dir='ltr'>ἀπάντησιν</span> <span class='ocrx_word' id='word_1_297' title='bbox 649 1110 696 1136; x_wconf 81' lang='grc' dir='ltr'>τοῦ</span> <span class='ocrx_word' id='word_1_298' title='bbox 713 1110 816 1145; x_wconf 83' lang='grc' dir='ltr'>Κυρίου</span> <span class='ocrx_word' id='word_1_299' title='bbox 838 1111 877 1140; x_wconf 79' lang='grc' dir='ltr'>εἰς</span> 
     </span>
    </p>
   </div>
   <div class='ocr_carea' id='block_1_41' title="bbox 85 1155 877 1191">
    <p class='ocr_par' dir='ltr' id='par_1_41' title="bbox 85 1155 877 1191">
     <span class='ocr_line' id='line_1_41' title="bbox 85 1155 877 1191; baseline -0.001 -9"><span class='ocrx_word' id='word_1_300' title='bbox 85 1156 167 1191; x_wconf 78' lang='grc' dir='ltr'>ἀέρα.</span> <span class='ocrx_word' id='word_1_301' title='bbox 181 1165 190 1181; x_wconf 87' lang='grc'><strong>›</strong></span> <span class='ocrx_word' id='word_1_302' title='bbox 210 1155 294 1182; x_wconf 82' lang='grc' dir='ltr'>Τοῦτο</span> <span class='ocrx_word' id='word_1_303' title='bbox 310 1155 362 1191; x_wconf 78' lang='grc' dir='ltr'><strong>γὰρ</strong></span> <span class='ocrx_word' id='word_1_304' title='bbox 378 1156 394 1190; x_wconf 87' lang='grc' dir='ltr'>ὴ</span> <span class='ocrx_word' id='word_1_305' title='bbox 412 1155 475 1187; x_wconf 80' lang='grc' dir='ltr'>δόξα</span> <span class='ocrx_word' id='word_1_306' title='bbox 496 1156 542 1182; x_wconf 76' lang='grc' dir='ltr'>καὶ</span> <span class='ocrx_word' id='word_1_307' title='bbox 564 1157 578 1182; x_wconf 84' lang='grc' dir='ltr'><em>ὸ</em></span> <span class='ocrx_word' id='word_1_308' title='bbox 596 1156 727 1190; x_wconf 72' lang='grc' dir='ltr'>στέφανός</span> <span class='ocrx_word' id='word_1_309' title='bbox 751 1157 808 1182; x_wconf 77' lang='grc' dir='ltr'>ἐστι</span> <span class='ocrx_word' id='word_1_310' title='bbox 825 1155 877 1182; x_wconf 69' lang='grc' dir='ltr'><strong>τῶν</strong></span> 
     </span>
    </p>
   </div>
   <div class='ocr_carea' id='block_1_42' title="bbox 85 1201 878 1236">
    <p class='ocr_par' dir='ltr' id='par_1_42' title="bbox 85 1201 878 1236">
     <span class='ocr_line' id='line_1_42' title="bbox 85 1201 878 1236; baseline 0.001 -9"><span class='ocrx_word' id='word_1_311' title='bbox 85 1201 211 1228; x_wconf 79' lang='grc' dir='ltr'>δικαίων.</span> <span class='ocrx_word' id='word_1_312' title='bbox 225 1202 256 1227; x_wconf 87' lang='grc' dir='ltr'><strong>Οἱ</strong></span> <span class='ocrx_word' id='word_1_313' title='bbox 272 1201 300 1227; x_wconf 76' lang='grc' dir='ltr'><strong>δὲ</strong></span> <span class='ocrx_word' id='word_1_314' title='bbox 318 1201 475 1236; x_wconf 71' lang='grc' dir='ltr'>ἁμαρτωλοὶ</span> <span class='ocrx_word' id='word_1_315' title='bbox 493 1201 683 1236; x_wconf 79' lang='grc' dir='ltr'>περιμένουσιν</span> <span class='ocrx_word' id='word_1_316' title='bbox 699 1202 779 1228; x_wconf 78' lang='grc' dir='ltr'>αὑτὸν</span> <span class='ocrx_word' id='word_1_317' title='bbox 794 1209 878 1228; x_wconf 84' lang='grc' dir='ltr'>κατα-</span> 
     </span>
    </p>
   </div>
   <div class='ocr_carea' id='block_1_43' title="bbox 86 1246 878 1282">
    <p class='ocr_par' dir='ltr' id='par_1_43' title="bbox 86 1246 878 1282">
     <span class='ocr_line' id='line_1_43' title="bbox 86 1246 878 1282; baseline 0 -9"><span class='ocrx_word' id='word_1_318' title='bbox 86 1247 179 1282; x_wconf 75' lang='grc' dir='ltr'>ῦῆναι.</span> <span class='ocrx_word' id='word_1_319' title='bbox 193 1247 277 1273; x_wconf 74' lang='grc' dir='ltr'>Τοῦτο</span> <span class='ocrx_word' id='word_1_320' title='bbox 292 1246 320 1273; x_wconf 80' lang='grc' dir='ltr'><strong>δὲ</strong></span> <span class='ocrx_word' id='word_1_321' title='bbox 339 1247 453 1280; x_wconf 76' lang='grc' dir='ltr'>γίνεται,</span> <span class='ocrx_word' id='word_1_322' title='bbox 469 1246 562 1282; x_wconf 83' lang='grc' dir='ltr'>ὥσπερ</span> <span class='ocrx_word' id='word_1_323' title='bbox 575 1247 620 1273; x_wconf 76' lang='grc' dir='ltr'><strong>ἐπὶ</strong></span> <span class='ocrx_word' id='word_1_324' title='bbox 639 1247 771 1281; x_wconf 74' lang='grc' dir='ltr'>βασιλέως</span> <span class='ocrx_word' id='word_1_325' title='bbox 793 1249 878 1282; x_wconf 82' lang='grc' dir='ltr'>ἁπερ-</span> 
     </span>
    </p>
   </div>
   <div class='ocr_carea' id='block_1_44' title="bbox 85 1291 877 1328">
    <p class='ocr_par' dir='ltr' id='par_1_44' title="bbox 85 1291 877 1328">
     <span class='ocr_line' id='line_1_44' title="bbox 85 1291 877 1328; baseline 0.001 -10"><span class='ocrx_word' id='word_1_326' title='bbox 85 1292 203 1327; x_wconf 83' lang='grc' dir='ltr'>χομένου</span> <span class='ocrx_word' id='word_1_327' title='bbox 215 1293 242 1318; x_wconf 83' lang='grc' dir='ltr'><strong>ὲν</strong></span> <span class='ocrx_word' id='word_1_328' title='bbox 255 1292 330 1318; x_wconf 83' lang='grc' dir='ltr'>πόλει</span> <span class='ocrx_word' id='word_1_329' title='bbox 342 1292 412 1318; x_wconf 75' lang='grc' dir='ltr'>τινί¹</span> <span class='ocrx_word' id='word_1_330' title='bbox 432 1293 456 1318; x_wconf 74' lang='grc' dir='ltr'>οἱ</span> <span class='ocrx_word' id='word_1_331' title='bbox 473 1292 522 1327; x_wconf 84' lang='grc' dir='ltr'><strong>μὲν</strong></span> <span class='ocrx_word' id='word_1_332' title='bbox 540 1291 642 1326; x_wconf 82' lang='grc' dir='ltr'>πρῶτοι</span> <span class='ocrx_word' id='word_1_333' title='bbox 662 1292 708 1319; x_wconf 82' lang='grc' dir='ltr'><strong>καὶ</strong></span> <span class='ocrx_word' id='word_1_334' title='bbox 722 1292 819 1323; x_wconf 81' lang='grc' dir='ltr'>ἔνδοξοι</span> <span class='ocrx_word' id='word_1_335' title='bbox 828 1294 877 1328; x_wconf 84' lang='grc' dir='ltr'>τῆς</span> 
     </span>
    </p>
   </div>
   <div class='ocr_carea' id='block_1_45' title="bbox 86 1337 877 1374">
    <p class='ocr_par' dir='ltr' id='par_1_45' title="bbox 86 1337 877 1374">
     <span class='ocr_line' id='line_1_45' title="bbox 86 1337 877 1374; baseline 0.001 -10"><span class='ocrx_word' id='word_1_336' title='bbox 86 1338 190 1369; x_wconf 78' lang='grc' dir='ltr'>πόλεως</span> <span class='ocrx_word' id='word_1_337' title='bbox 203 1338 404 1373; x_wconf 78' lang='grc' dir='ltr'>ἑξέρχονταιεὶς</span> <span class='ocrx_word' id='word_1_338' title='bbox 411 1338 562 1373; x_wconf 85' lang='grc' dir='ltr'>ἀπάντησιν</span> <span class='ocrx_word' id='word_1_339' title='bbox 575 1337 657 1364; x_wconf 77' lang='grc' dir='ltr'>αὑτοῦ</span> <span class='ocrx_word' id='word_1_340' title='bbox 666 1346 672 1353; x_wconf 90' lang='grc'><strong>·</strong></span> <span class='ocrx_word' id='word_1_341' title='bbox 687 1339 712 1364; x_wconf 81' lang='grc' dir='ltr'>οἱ</span> <span class='ocrx_word' id='word_1_342' title='bbox 721 1339 748 1365; x_wconf 79' lang='grc' dir='ltr'><strong>δὲ</strong></span> <span class='ocrx_word' id='word_1_343' title='bbox 763 1339 877 1374; x_wconf 81' lang='grc' dir='ltr'>πένητες</span> 
     </span>
    </p>
   </div>
   <div class='ocr_carea' id='block_1_46' title="bbox 86 1381 877 1421">
    <p class='ocr_par' dir='ltr' id='par_1_46' title="bbox 86 1381 877 1421">
     <span class='ocr_line' id='line_1_46' title="bbox 86 1381 877 1421; baseline 0.003 -11"><span class='ocrx_word' id='word_1_344' title='bbox 86 1385 134 1411; x_wconf 67' lang='grc' dir='ltr'>καὶ</span> <span class='ocrx_word' id='word_1_345' title='bbox 149 1385 267 1416; x_wconf 79' lang='grc' dir='ltr'>εὐτελεῖς</span> <span class='ocrx_word' id='word_1_346' title='bbox 278 1384 537 1420; x_wconf 72' lang='grc' dir='ltr'>προσκαρτεροῦσιν,</span> <span class='ocrx_word' id='word_1_347' title='bbox 547 1384 599 1416; x_wconf 74' lang='grc' dir='ltr'><strong>ἕως</strong></span> <span class='ocrx_word' id='word_1_348' title='bbox 609 1381 639 1410; x_wconf 73' lang='grc' dir='ltr'>οὗ</span> <span class='ocrx_word' id='word_1_349' title='bbox 651 1385 829 1421; x_wconf 79' lang='grc' dir='ltr'>παραγίνεται</span> <span class='ocrx_word' id='word_1_350' title='bbox 839 1387 877 1418; x_wconf 81' lang='grc' dir='ltr'>εἰς</span> 
     </span>
    </p>
   </div>
   <div class='ocr_carea' id='block_1_47' title="bbox 86 1430 876 1467">
    <p class='ocr_par' dir='ltr' id='par_1_47' title="bbox 86 1430 876 1467">
     <span class='ocr_line' id='line_1_47' title="bbox 86 1430 876 1467; baseline 0.003 -11"><span class='ocrx_word' id='word_1_351' title='bbox 86 1430 137 1465; x_wconf 75' lang='grc' dir='ltr'>τὴν</span> <span class='ocrx_word' id='word_1_352' title='bbox 157 1430 243 1456; x_wconf 85' lang='grc' dir='ltr'>πόλιν.</span> <span class='ocrx_word' id='word_1_353' title='bbox 258 1430 336 1457; x_wconf 74' lang='grc' dir='ltr'>Οὕτω</span> <span class='ocrx_word' id='word_1_354' title='bbox 354 1439 398 1466; x_wconf 90' lang='grc' dir='ltr'><strong>μοι</strong></span> <span class='ocrx_word' id='word_1_355' title='bbox 413 1430 468 1457; x_wconf 82' lang='grc' dir='ltr'>νόει</span> <span class='ocrx_word' id='word_1_356' title='bbox 497 1431 543 1456; x_wconf 74' lang='grc' dir='ltr'>καὶ</span> <span class='ocrx_word' id='word_1_357' title='bbox 560 1431 606 1457; x_wconf 70' lang='grc' dir='ltr'>ἐπὶ</span> <span class='ocrx_word' id='word_1_358' title='bbox 617 1431 663 1457; x_wconf 77' lang='grc' dir='ltr'>τοῦ</span> <span class='ocrx_word' id='word_1_359' title='bbox 680 1431 808 1467; x_wconf 75' lang='grc' dir='ltr'>Χριστοῦ,</span> <span class='ocrx_word' id='word_1_360' title='bbox 825 1432 876 1464; x_wconf 75' lang='grc' dir='ltr'>ὅτι,</span> 
     </span>
    </p>
   </div>
   <div class='ocr_carea' id='block_1_48' title="bbox 85 1476 877 1512">
    <p class='ocr_par' dir='ltr' id='par_1_48' title="bbox 85 1476 877 1512">
     <span class='ocr_line' id='line_1_48' title="bbox 85 1476 877 1512; baseline 0.003 -10"><span class='ocrx_word' id='word_1_361' title='bbox 85 1477 289 1512; x_wconf 81' lang='grc' dir='ltr'>κατερχομένου</span> <span class='ocrx_word' id='word_1_362' title='bbox 302 1476 383 1504; x_wconf 76' lang='grc' dir='ltr'>αὐτοῦ</span> <span class='ocrx_word' id='word_1_363' title='bbox 392 1477 424 1503; x_wconf 79' lang='grc' dir='ltr'>ὲκ</span> <span class='ocrx_word' id='word_1_364' title='bbox 432 1476 479 1502; x_wconf 81' lang='grc' dir='ltr'>τοῦ</span> <span class='ocrx_word' id='word_1_365' title='bbox 493 1477 522 1502; x_wconf 78' lang='grc' dir='ltr'>οὺ</span> <span class='ocrx_word' id='word_1_366' title='bbox 528 1476 619 1512; x_wconf 76' lang='grc' dir='ltr'>ρανοῦ,</span> <span class='ocrx_word' id='word_1_367' title='bbox 634 1476 733 1509; x_wconf 85' lang='grc' dir='ltr'>πάντες</span> <span class='ocrx_word' id='word_1_368' title='bbox 744 1478 768 1503; x_wconf 86' lang='grc' dir='ltr'>οἱ</span> <span class='ocrx_word' id='word_1_369' title='bbox 779 1477 877 1504; x_wconf 84' lang='grc' dir='ltr'>δίκαιοι</span> 
     </span>
    </p>
   </div>
   <div class='ocr_carea' id='block_1_49' title="bbox 86 1522 878 1559">
    <p class='ocr_par' dir='ltr' id='par_1_49' title="bbox 86 1522 878 1559">
     <span class='ocr_line' id='line_1_49' title="bbox 86 1522 878 1559; baseline 0.001 -11"><span class='ocrx_word' id='word_1_370' title='bbox 86 1523 134 1548; x_wconf 72' lang='lat' dir='ltr'><strong>rat</strong></span> <span class='ocrx_word' id='word_1_371' title='bbox 145 1522 242 1557; x_wconf 74' lang='grc' dir='ltr'>ἀγαθοὶ</span> <span class='ocrx_word' id='word_1_372' title='bbox 257 1523 462 1557; x_wconf 82' lang='grc' dir='ltr'>ἁρπαγήσονται</span> <span class='ocrx_word' id='word_1_373' title='bbox 479 1523 519 1554; x_wconf 72' lang='grc' dir='ltr'>εἰς</span> <span class='ocrx_word' id='word_1_374' title='bbox 534 1523 580 1548; x_wconf 67' lang='grc' dir='ltr'>τὸν</span> <span class='ocrx_word' id='word_1_375' title='bbox 593 1523 715 1559; x_wconf 78' lang='grc' dir='ltr'>οὐρανὸν,</span> <span class='ocrx_word' id='word_1_376' title='bbox 731 1523 777 1549; x_wconf 79' lang='grc' dir='ltr'>τοῦ</span> <span class='ocrx_word' id='word_1_377' title='bbox 791 1523 878 1549; x_wconf 87' lang='grc' dir='ltr'>ἀπαν-</span> 
     </span>
    </p>
   </div>
   <div class='ocr_carea' id='block_1_50' title="bbox 91 1551 913 1604">
    <p class='ocr_par' dir='ltr' id='par_1_50' title="bbox 91 1551 913 1604">
     <span class='ocr_line' id='line_1_50' title="bbox 91 1551 913 1604; baseline 0 -10"><span class='ocrx_word' id='word_1_378' title='bbox 91 1568 174 1602; x_wconf 80' lang='grc' dir='ltr'>τῆσαι</span> <span class='ocrx_word' id='word_1_379' title='bbox 209 1567 254 1595; x_wconf 72' lang='grc' dir='ltr'>τὸν</span> <span class='ocrx_word' id='word_1_380' title='bbox 278 1568 378 1604; x_wconf 80' lang='grc' dir='ltr'>Κύριον</span> <span class='ocrx_word' id='word_1_381' title='bbox 399 1568 476 1603; x_wconf 80' lang='grc' dir='ltr'>ἡμῶν</span> <span class='ocrx_word' id='word_1_382' title='bbox 499 1569 602 1603; x_wconf 77' lang='grc' dir='ltr'><strong>Ὶησοῦν</strong></span> <span class='ocrx_word' id='word_1_383' title='bbox 621 1569 834 1604; x_wconf 57' lang='grc' dir='ltr'>κατερχόμενον</span> <span class='ocrx_word' id='word_1_384' title='bbox 853 1569 876 1594; x_wconf 88' lang='grc' dir='ltr'>οἱ</span> <span class='ocrx_word' id='word_1_385' title='bbox 892 1551 913 1580; x_wconf 72' lang='lat' dir='ltr'>C</span> 
     </span>
    </p>
   </div>
   <div class='ocr_carea' id='block_1_51' title="bbox 86 1613 830 1650">
    <p class='ocr_par' dir='ltr' id='par_1_51' title="bbox 86 1613 830 1650">
     <span class='ocr_line' id='line_1_51' title="bbox 86 1613 830 1650; baseline 0 -10"><span class='ocrx_word' id='word_1_386' title='bbox 86 1614 116 1640; x_wconf 83' lang='grc' dir='ltr'><strong>δὲ</strong></span> <span class='ocrx_word' id='word_1_387' title='bbox 135 1614 292 1650; x_wconf 77' lang='grc' dir='ltr'>ἁμαρτωλοὶ</span> <span class='ocrx_word' id='word_1_388' title='bbox 310 1614 432 1640; x_wconf 81' lang='grc' dir='ltr'>ἵστανται</span> <span class='ocrx_word' id='word_1_389' title='bbox 447 1615 492 1640; x_wconf 78' lang='grc' dir='ltr'><strong>ἐπὶ</strong></span> <span class='ocrx_word' id='word_1_390' title='bbox 516 1615 565 1649; x_wconf 81' lang='grc' dir='ltr'>τῆς</span> <span class='ocrx_word' id='word_1_391' title='bbox 577 1613 629 1648; x_wconf 79' lang='grc' dir='ltr'><strong>γῆς</strong></span> <span class='ocrx_word' id='word_1_392' title='bbox 649 1614 830 1649; x_wconf 73' lang='grc' dir='ltr'>ἐκδεχόμενοι.</span> 
     </span>
    </p>
   </div>
   <div class='ocr_carea' id='block_1_52' title="bbox 116 1658 877 1695">
    <p class='ocr_par' dir='ltr' id='par_1_52' title="bbox 116 1658 877 1695">
     <span class='ocr_line' id='line_1_52' title="bbox 116 1658 877 1695; baseline 0.001 -11"><span class='ocrx_word' id='word_1_393' title='bbox 116 1658 250 1694; x_wconf 81' lang='grc' dir='ltr'>Κείμενον</span> <span class='ocrx_word' id='word_1_394' title='bbox 267 1659 325 1694; x_wconf 78' lang='grc' dir='ltr'>ριζ’.</span> <span class='ocrx_word' id='word_1_395' title='bbox 344 1669 352 1684; x_wconf 86' lang='grc' dir='ltr'><strong>ι</strong></span> <span class='ocrx_word' id='word_1_396' title='bbox 371 1659 465 1690; x_wconf 68' lang='grc' dir='ltr'><strong>Οὐδεὶς</strong></span> <span class='ocrx_word' id='word_1_397' title='bbox 482 1659 694 1695; x_wconf 80' lang='grc' dir='ltr'>στρατευόμενος</span> <span class='ocrx_word' id='word_1_398' title='bbox 712 1659 877 1694; x_wconf 74' lang='grc' dir='ltr'>ἐμπλέκεται</span> 
     </span>
    </p>
   </div>
   <div class='ocr_carea' id='block_1_53' title="bbox 92 1704 876 1742">
    <p class='ocr_par' dir='ltr' id='par_1_53' title="bbox 92 1704 876 1742">
     <span class='ocr_line' id='line_1_53' title="bbox 92 1704 876 1742; baseline 0.003 -12"><span class='ocrx_word' id='word_1_399' title='bbox 92 1706 148 1736; x_wconf 77' lang='grc' dir='ltr'>ταῖς</span> <span class='ocrx_word' id='word_1_400' title='bbox 165 1704 211 1731; x_wconf 79' lang='grc' dir='ltr'>τοῦ</span> <span class='ocrx_word' id='word_1_401' title='bbox 227 1705 284 1740; x_wconf 82' lang='grc' dir='ltr'>βίου</span> <span class='ocrx_word' id='word_1_402' title='bbox 300 1706 513 1741; x_wconf 70' lang='grc' dir='ltr'>πραγματείαις,</span> <span class='ocrx_word' id='word_1_403' title='bbox 523 1706 567 1732; x_wconf 85' lang='grc' dir='ltr'><strong>ἵνα</strong></span> <span class='ocrx_word' id='word_1_404' title='bbox 577 1705 616 1742; x_wconf 83' lang='grc' dir='ltr'><strong>τῷ</strong></span> <span class='ocrx_word' id='word_1_405' title='bbox 633 1707 876 1742; x_wconf 78' lang='grc' dir='ltr'>στρατολογήσαντι</span> 
     </span>
    </p>
   </div>
   <div class='ocr_carea' id='block_1_54' title="bbox 87 1750 214 1784">
    <p class='ocr_par' dir='ltr' id='par_1_54' title="bbox 87 1750 214 1784">
     <span class='ocr_line' id='line_1_54' title="bbox 87 1750 214 1784; baseline -0.008 -8"><span class='ocrx_word' id='word_1_406' title='bbox 87 1750 186 1784; x_wconf 74' lang='grc' dir='ltr'>ἀρέσῃ.</span> <span class='ocrx_word' id='word_1_407' title='bbox 204 1759 214 1775; x_wconf 76' lang='grc' dir='ltr'><strong>ι</strong></span> 
     </span>
    </p>
   </div>
   <div class='ocr_carea' id='block_1_55' title="bbox 127 1795 878 1832">
    <p class='ocr_par' dir='ltr' id='par_1_55' title="bbox 127 1795 878 1832">
     <span class='ocr_line' id='line_1_55' title="bbox 127 1795 878 1832; baseline 0.001 -11"><span class='ocrx_word' id='word_1_408' title='bbox 127 1795 241 1831; x_wconf 76' lang='grc' dir='ltr'>Ἐρμην.</span> <span class='ocrx_word' id='word_1_409' title='bbox 268 1797 298 1822; x_wconf 84' lang='lat' dir='ltr'><strong>EI</strong></span> <span class='ocrx_word' id='word_1_410' title='bbox 312 1796 366 1832; x_wconf 79' lang='grc' dir='ltr'><strong>γὰρ</strong></span> <span class='ocrx_word' id='word_1_411' title='bbox 385 1796 497 1831; x_wconf 76' lang='grc' dir='ltr'>ὲπιγείῳ</span> <span class='ocrx_word' id='word_1_412' title='bbox 519 1795 624 1830; x_wconf 84' lang='grc' dir='ltr'>βασιλεῖ</span> <span class='ocrx_word' id='word_1_413' title='bbox 639 1798 654 1823; x_wconf 79' lang='grc' dir='ltr'>ὁ</span> <span class='ocrx_word' id='word_1_414' title='bbox 673 1796 777 1832; x_wconf 79' lang='grc' dir='ltr'>μέλλων</span> <span class='ocrx_word' id='word_1_415' title='bbox 795 1804 878 1832; x_wconf 82' lang='grc' dir='ltr'>στρα-</span> 
     </span>
    </p>
   </div>
   <div class='ocr_carea' id='block_1_56' title="bbox 86 1841 876 1880">
    <p class='ocr_par' dir='ltr' id='par_1_56' title="bbox 86 1841 876 1880">
     <span class='ocr_line' id='line_1_56' title="bbox 86 1841 876 1880; baseline 0.001 -13"><span class='ocrx_word' id='word_1_416' title='bbox 86 1841 215 1868; x_wconf 81' lang='grc' dir='ltr'>τεύεσθαι</span> <span class='ocrx_word' id='word_1_417' title='bbox 230 1842 279 1868; x_wconf 78' lang='grc' dir='ltr'><strong>οὐκ</strong></span> <span class='ocrx_word' id='word_1_418' title='bbox 309 1843 412 1878; x_wconf 80' lang='grc' dir='ltr'>ἀρέσει,</span> <span class='ocrx_word' id='word_1_419' title='bbox 435 1842 482 1869; x_wconf 73' lang='grc' dir='ltr'>ἐὰν</span> <span class='ocrx_word' id='word_1_420' title='bbox 499 1842 536 1878; x_wconf 85' lang='grc' dir='ltr'>μὴ</span> <span class='ocrx_word' id='word_1_421' title='bbox 551 1843 643 1880; x_wconf 71' lang='grc' dir='ltr'>ἁφήσῃ</span> <span class='ocrx_word' id='word_1_422' title='bbox 660 1843 750 1874; x_wconf 84' lang='grc' dir='ltr'>πάσας</span> <span class='ocrx_word' id='word_1_423' title='bbox 766 1843 816 1874; x_wconf 73' lang='grc' dir='ltr'><strong>τὰς</strong></span> <span class='ocrx_word' id='word_1_424' title='bbox 829 1842 876 1869; x_wconf 78' lang='grc' dir='ltr'>τοῦ</span> 
     </span>
    </p>
   </div>
   <div class='ocr_carea' id='block_1_57' title="bbox 89 1887 875 1925">
    <p class='ocr_par' dir='ltr' id='par_1_57' title="bbox 89 1887 875 1925">
     <span class='ocr_line' id='line_1_57' title="bbox 89 1887 875 1925; baseline 0.001 -12"><span class='ocrx_word' id='word_1_425' title='bbox 89 1887 148 1921; x_wconf 76' lang='grc' dir='ltr'>βίου</span> <span class='ocrx_word' id='word_1_426' title='bbox 169 1887 312 1922; x_wconf 68' lang='grc' dir='ltr'>φροντίδας</span> <span class='ocrx_word' id='word_1_427' title='bbox 324 1897 330 1903; x_wconf 71' lang='grc'><strong><em>⁸</em></strong></span> <span class='ocrx_word' id='word_1_428' title='bbox 349 1889 424 1924; x_wconf 77' lang='grc' dir='ltr'>πόσῳ</span> <span class='ocrx_word' id='word_1_429' title='bbox 443 1888 543 1924; x_wconf 82' lang='grc' dir='ltr'>μᾶλλον</span> <span class='ocrx_word' id='word_1_430' title='bbox 558 1889 661 1924; x_wconf 84' lang='grc' dir='ltr'>μέλλων</span> <span class='ocrx_word' id='word_1_431' title='bbox 681 1889 875 1925; x_wconf 81' lang='grc' dir='ltr'>στρατευθῆναι</span> 
     </span>
    </p>
   </div>
   <div class='ocr_carea' id='block_1_58' title="bbox 87 1932 438 1968">
    <p class='ocr_par' dir='ltr' id='par_1_58' title="bbox 87 1932 438 1968">
     <span class='ocr_line' id='line_1_58' title="bbox 87 1932 438 1968; baseline 0.006 -10"><span class='ocrx_word' id='word_1_432' title='bbox 87 1932 129 1967; x_wconf 78' lang='grc' dir='ltr'>τῷ</span> <span class='ocrx_word' id='word_1_433' title='bbox 144 1933 297 1968; x_wconf 78' lang='grc' dir='ltr'>ἐπουρανίῳ</span> <span class='ocrx_word' id='word_1_434' title='bbox 314 1933 438 1968; x_wconf 72' lang='grc' dir='ltr'>βασιλεῖς</span> 
     </span>
    </p>
   </div>
   <div class='ocr_carea' id='block_1_59' title="bbox 123 1978 878 2016">
    <p class='ocr_par' dir='ltr' id='par_1_59' title="bbox 123 1978 878 2016">
     <span class='ocr_line' id='line_1_59' title="bbox 123 1978 878 2016; baseline 0.004 -12"><span class='ocrx_word' id='word_1_435' title='bbox 123 1979 257 2014; x_wconf 83' lang='grc' dir='ltr'>Κείμενον</span> <span class='ocrx_word' id='word_1_436' title='bbox 286 1978 347 2014; x_wconf 85' lang='grc' dir='ltr'>ριη¹.</span> <span class='ocrx_word' id='word_1_437' title='bbox 369 1989 378 2004; x_wconf 74' lang='grc' dir='ltr'><strong>ι</strong></span> <span class='ocrx_word' id='word_1_438' title='bbox 399 1979 462 2006; x_wconf 76' lang='grc' dir='ltr'><strong>Ἐὰν</strong></span> <span class='ocrx_word' id='word_1_439' title='bbox 488 1979 516 2006; x_wconf 83' lang='grc' dir='ltr'><strong>δὲ</strong></span> <span class='ocrx_word' id='word_1_440' title='bbox 538 1981 584 2007; x_wconf 68' lang='grc' dir='ltr'><strong>κα)⁸</strong></span> <span class='ocrx_word' id='word_1_441' title='bbox 598 1980 715 2016; x_wconf 77' lang='grc' dir='ltr'>ἀθλητὴς</span> <span class='ocrx_word' id='word_1_442' title='bbox 734 1981 764 2007; x_wconf 82' lang='grc' dir='ltr'>οὺ</span> <span class='ocrx_word' id='word_1_443' title='bbox 781 1989 878 2015; x_wconf 79' lang='grc' dir='ltr'>στεφα-</span> 
     </span>
    </p>
   </div>
   <div class='ocr_carea' id='block_1_60' title="bbox 88 2023 602 2062">
    <p class='ocr_par' dir='ltr' id='par_1_60' title="bbox 88 2023 602 2062">
     <span class='ocr_line' id='line_1_60' title="bbox 88 2023 602 2062; baseline 0.002 -12"><span class='ocrx_word' id='word_1_444' title='bbox 88 2023 193 2057; x_wconf 78' lang='grc' dir='ltr'>νοῦται,</span> <span class='ocrx_word' id='word_1_445' title='bbox 209 2024 256 2051; x_wconf 71' lang='grc' dir='ltr'>ἐὰν</span> <span class='ocrx_word' id='word_1_446' title='bbox 272 2025 310 2060; x_wconf 79' lang='grc' dir='ltr'>μὴ</span> <span class='ocrx_word' id='word_1_447' title='bbox 322 2024 444 2060; x_wconf 82' lang='grc' dir='ltr'>νομίμως</span> <span class='ocrx_word' id='word_1_448' title='bbox 458 2025 574 2062; x_wconf 75' lang='grc' dir='ltr'>ἀθλήσῃ.</span> <span class='ocrx_word' id='word_1_449' title='bbox 592 2035 602 2051; x_wconf 75' lang='grc' dir='ltr'><strong>ι</strong></span> 
     </span>
    </p>
   </div>
   <div class='ocr_carea' id='block_1_61' title="bbox 130 2113 878 2149">
    <p class='ocr_par' dir='ltr' id='par_1_61' title="bbox 130 2113 878 2149">
     <span class='ocr_line' id='line_1_61' title="bbox 130 2113 878 2149; baseline 0.001 -10"><span class='ocrx_word' id='word_1_450' title='bbox 130 2113 243 2148; x_wconf 80' lang='grc' dir='ltr'>Ἐρμην.</span> <span class='ocrx_word' id='word_1_451' title='bbox 263 2113 325 2139; x_wconf 67' lang='grc' dir='ltr'><strong>Ἐὶν</strong></span> <span class='ocrx_word' id='word_1_452' title='bbox 341 2113 395 2148; x_wconf 79' lang='grc' dir='ltr'><strong>γάρ</strong></span> <span class='ocrx_word' id='word_1_453' title='bbox 406 2122 446 2144; x_wconf 84' lang='grc' dir='ltr'><strong>τις</strong></span> <span class='ocrx_word' id='word_1_454' title='bbox 468 2113 659 2149; x_wconf 75' lang='grc' dir='ltr'>στρατεύηται,</span> <span class='ocrx_word' id='word_1_455' title='bbox 678 2114 724 2140; x_wconf 78' lang='grc' dir='ltr'>καὶ</span> <span class='ocrx_word' id='word_1_456' title='bbox 738 2114 778 2145; x_wconf 76' lang='grc' dir='ltr'><strong>εἰς</strong></span> <span class='ocrx_word' id='word_1_457' title='bbox 799 2114 878 2140; x_wconf 83' lang='grc' dir='ltr'>πόλε-</span> 
     </span>
    </p>
   </div>
   <div class='ocr_carea' id='block_1_62' title="bbox 89 2158 876 2195">
    <p class='ocr_par' dir='ltr' id='par_1_62' title="bbox 89 2158 876 2195">
     <span class='ocr_line' id='line_1_62' title="bbox 89 2158 876 2195; baseline 0 -10"><span class='ocrx_word' id='word_1_458' title='bbox 89 2168 139 2195; x_wconf 82' lang='grc' dir='ltr'><strong>μον</strong></span> <span class='ocrx_word' id='word_1_459' title='bbox 164 2159 330 2194; x_wconf 82' lang='grc' dir='ltr'>εἱσέρχήται,</span> <span class='ocrx_word' id='word_1_460' title='bbox 361 2159 421 2185; x_wconf 77' lang='grc' dir='ltr'>οὐδὲ</span> <span class='ocrx_word' id='word_1_461' title='bbox 449 2158 519 2185; x_wconf 71' lang='grc' dir='ltr'>οὕτω</span> <span class='ocrx_word' id='word_1_462' title='bbox 543 2159 730 2193; x_wconf 70' lang='grc' dir='ltr'>στεφανοῦται,</span> <span class='ocrx_word' id='word_1_463' title='bbox 765 2158 810 2185; x_wconf 72' lang='grc' dir='ltr'><strong>ἐὰν</strong></span> <span class='ocrx_word' id='word_1_464' title='bbox 839 2159 876 2194; x_wconf 81' lang='grc' dir='ltr'>μὴ</span> 
     </span>
    </p>
   </div>
   <div class='ocr_carea' id='block_1_63' title="bbox 929 920 1719 958">
    <p class='ocr_par' dir='ltr' id='par_1_63' title="bbox 929 920 1719 958">
     <span class='ocr_line' id='line_1_63' title="bbox 929 920 1719 958; baseline -0.004 -10"><span class='ocrx_word' id='word_1_465' title='bbox 929 922 960 948; x_wconf 75' lang='lat' dir='ltr'><strong>Et</strong></span> <span class='ocrx_word' id='word_1_466' title='bbox 972 927 1033 958; x_wconf 88' lang='lat' dir='ltr'><strong>post</strong></span> <span class='ocrx_word' id='word_1_467' title='bbox 1049 923 1106 949; x_wconf 75' lang='lat' dir='ltr'><strong>lizec</strong></span> <span class='ocrx_word' id='word_1_468' title='bbox 1121 929 1216 949; x_wconf 85' lang='lat' dir='ltr'><strong>omnes</strong></span> <span class='ocrx_word' id='word_1_469' title='bbox 1233 921 1320 948; x_wconf 88' lang='lat' dir='ltr'><strong>sancti</strong></span> <span class='ocrx_word' id='word_1_470' title='bbox 1333 924 1359 947; x_wconf 87' lang='lat' dir='ltr'><strong>et</strong></span> <span class='ocrx_word' id='word_1_471' title='bbox 1372 920 1446 955; x_wconf 79' lang='lat' dir='ltr'><strong>digni</strong></span> <span class='ocrx_word' id='word_1_472' title='bbox 1466 920 1606 954; x_wconf 89' lang='lat' dir='ltr'><strong>rapientur</strong></span> <span class='ocrx_word' id='word_1_473' title='bbox 1623 920 1649 946; x_wconf 94' lang='lat' dir='ltr'><strong>in</strong></span> <span class='ocrx_word' id='word_1_474' title='bbox 1666 927 1719 946; x_wconf 86' lang='lat' dir='ltr'><strong>nu-</strong></span> 
     </span>
    </p>
   </div>
   <div class='ocr_carea' id='block_1_64' title="bbox 929 966 1718 999">
    <p class='ocr_par' dir='ltr' id='par_1_64' title="bbox 929 966 1718 999">
     <span class='ocr_line' id='line_1_64' title="bbox 929 966 1718 999; baseline -0.005 -3"><span class='ocrx_word' id='word_1_475' title='bbox 929 969 1020 999; x_wconf 77' lang='lat' dir='ltr'><strong>bibus.</strong></span> <span class='ocrx_word' id='word_1_476' title='bbox 1044 972 1071 996; x_wconf 88' lang='lat' dir='ltr'><strong>ct</strong></span> <span class='ocrx_word' id='word_1_477' title='bbox 1093 969 1237 995; x_wconf 88' lang='lat' dir='ltr'><strong>Dominum</strong></span> <span class='ocrx_word' id='word_1_478' title='bbox 1263 971 1388 994; x_wconf 89' lang='lat' dir='ltr'><strong>nostrum</strong></span> <span class='ocrx_word' id='word_1_479' title='bbox 1410 967 1444 993; x_wconf 86' lang='lat' dir='ltr'><strong>de</strong></span> <span class='ocrx_word' id='word_1_480' title='bbox 1466 967 1546 993; x_wconf 68' lang='lat' dir='ltr'><strong>eielis</strong></span> <span class='ocrx_word' id='word_1_481' title='bbox 1563 966 1718 993; x_wconf 79' lang='lat' dir='ltr'><strong>venientem</strong></span> 
     </span>
    </p>
   </div>
   <div class='ocr_carea' id='block_1_65' title="bbox 927 1012 1718 1050">
    <p class='ocr_par' dir='ltr' id='par_1_65' title="bbox 927 1012 1718 1050">
     <span class='ocr_line' id='line_1_65' title="bbox 927 1012 1718 1050; baseline -0.005 -8"><span class='ocrx_word' id='word_1_482' title='bbox 927 1016 1077 1050; x_wconf 76' lang='lat' dir='ltr'><strong>excipient,</strong></span> <span class='ocrx_word' id='word_1_483' title='bbox 1093 1014 1321 1050; x_wconf 80' lang='lat' dir='ltr'><strong>quemadmodum</strong></span> <span class='ocrx_word' id='word_1_484' title='bbox 1346 1013 1434 1048; x_wconf 86' lang='lat' dir='ltr'><strong>inquit</strong></span> <span class='ocrx_word' id='word_1_485' title='bbox 1451 1021 1458 1039; x_wconf 90' lang='lat'><strong>:</strong></span> <span class='ocrx_word' id='word_1_486' title='bbox 1483 1022 1493 1038; x_wconf 90' lang='grc'><strong><em>‹</em></strong></span> <span class='ocrx_word' id='word_1_487' title='bbox 1516 1012 1548 1038; x_wconf 83' lang='lat' dir='ltr'><strong>Et</strong></span> <span class='ocrx_word' id='word_1_488' title='bbox 1563 1020 1613 1039; x_wconf 93' lang='lat' dir='ltr'><strong>nos</strong></span> <span class='ocrx_word' id='word_1_489' title='bbox 1628 1012 1718 1046; x_wconf 82' lang='lat' dir='ltr'><strong>rapie-</strong></span> 
     </span>
    </p>
   </div>
   <div class='ocr_carea' id='block_1_66' title="bbox 928 1058 1714 1087">
    <p class='ocr_par' dir='ltr' id='par_1_66' title="bbox 928 1058 1714 1087">
     <span class='ocr_line' id='line_1_66' title="bbox 928 1058 1714 1087; baseline -0.003 -1"><span class='ocrx_word' id='word_1_490' title='bbox 928 1068 989 1086; x_wconf 87' lang='lat' dir='ltr'><strong>mur</strong></span> <span class='ocrx_word' id='word_1_491' title='bbox 1009 1060 1035 1086; x_wconf 93' lang='lat' dir='ltr'><strong>in</strong></span> <span class='ocrx_word' id='word_1_492' title='bbox 1055 1060 1174 1087; x_wconf 81' lang='lat' dir='ltr'><strong>nubibus</strong></span> <span class='ocrx_word' id='word_1_493' title='bbox 1194 1060 1221 1086; x_wconf 90' lang='lat' dir='ltr'><strong>in</strong></span> <span class='ocrx_word' id='word_1_494' title='bbox 1243 1067 1387 1086; x_wconf 77' lang='lat' dir='ltr'><strong>occursum</strong></span> <span class='ocrx_word' id='word_1_495' title='bbox 1404 1059 1509 1086; x_wconf 87' lang='lat' dir='ltr'><strong>Domini</strong></span> <span class='ocrx_word' id='word_1_496' title='bbox 1527 1059 1554 1084; x_wconf 79' lang='lat' dir='ltr'><strong>in</strong></span> <span class='ocrx_word' id='word_1_497' title='bbox 1571 1066 1634 1086; x_wconf 82' lang='lat' dir='ltr'><strong>aera</strong></span> <span class='ocrx_word' id='word_1_498' title='bbox 1651 1058 1686 1085; x_wconf 79' lang='grc'><strong>⁸⁸.</strong></span> <span class='ocrx_word' id='word_1_499' title='bbox 1704 1066 1714 1083; x_wconf 83' lang='grc' dir='ltr'><strong>ι</strong></span> 
     </span>
    </p>
   </div>
   <div class='ocr_carea' id='block_1_67' title="bbox 928 1104 1717 1140">
    <p class='ocr_par' dir='ltr' id='par_1_67' title="bbox 928 1104 1717 1140">
     <span class='ocr_line' id='line_1_67' title="bbox 928 1104 1717 1140; baseline 0 -8"><span class='ocrx_word' id='word_1_500' title='bbox 928 1105 994 1132; x_wconf 84' lang='lat' dir='ltr'><strong>Nam</strong></span> <span class='ocrx_word' id='word_1_501' title='bbox 1012 1106 1068 1132; x_wconf 73' lang='lat' dir='ltr'><strong>[nec</strong></span> <span class='ocrx_word' id='word_1_502' title='bbox 1081 1110 1122 1132; x_wconf 86' lang='lat' dir='ltr'><strong>cst</strong></span> <span class='ocrx_word' id='word_1_503' title='bbox 1137 1105 1222 1140; x_wconf 78' lang='lat' dir='ltr'><strong>gloria</strong></span> <span class='ocrx_word' id='word_1_504' title='bbox 1233 1109 1256 1132; x_wconf 90' lang='lat' dir='ltr'><strong>el</strong></span> <span class='ocrx_word' id='word_1_505' title='bbox 1270 1112 1370 1131; x_wconf 81' lang='lat' dir='ltr'><strong>corona</strong></span> <span class='ocrx_word' id='word_1_506' title='bbox 1385 1104 1534 1140; x_wconf 88' lang='lat' dir='ltr'><strong>justorum.</strong></span> <span class='ocrx_word' id='word_1_507' title='bbox 1552 1104 1717 1132; x_wconf 82' lang='lat' dir='ltr'><strong>Peecatores</strong></span> 
     </span>
    </p>
   </div>
   <div class='ocr_carea' id='block_1_68' title="bbox 930 1151 1717 1187">
    <p class='ocr_par' dir='ltr' id='par_1_68' title="bbox 930 1151 1717 1187">
     <span class='ocr_line' id='line_1_68' title="bbox 930 1151 1717 1187; baseline -0.001 -9"><span class='ocrx_word' id='word_1_508' title='bbox 930 1160 992 1179; x_wconf 75' lang='lat' dir='ltr'><strong>vero</strong></span> <span class='ocrx_word' id='word_1_509' title='bbox 1015 1153 1213 1187; x_wconf 80' lang='lat' dir='ltr'><strong>cxspectabunt</strong></span> <span class='ocrx_word' id='word_1_510' title='bbox 1234 1153 1321 1186; x_wconf 86' lang='lat' dir='ltr'><strong>ipsum</strong></span> <span class='ocrx_word' id='word_1_511' title='bbox 1345 1152 1433 1178; x_wconf 86' lang='lat' dir='ltr'><strong>donec</strong></span> <span class='ocrx_word' id='word_1_512' title='bbox 1454 1151 1612 1178; x_wconf 82' lang='lat' dir='ltr'><strong>descendat.</strong></span> <span class='ocrx_word' id='word_1_513' title='bbox 1628 1152 1717 1186; x_wconf 86' lang='lat' dir='ltr'><strong>Atque</strong></span> 
     </span>
    </p>
   </div>
   <div class='ocr_carea' id='block_1_69' title="bbox 928 1197 1717 1232">
    <p class='ocr_par' dir='ltr' id='par_1_69' title="bbox 928 1197 1717 1232">
     <span class='ocr_line' id='line_1_69' title="bbox 928 1197 1717 1232; baseline -0.001 -7"><span class='ocrx_word' id='word_1_514' title='bbox 928 1198 980 1225; x_wconf 86' lang='lat' dir='ltr'><strong>hoc</strong></span> <span class='ocrx_word' id='word_1_515' title='bbox 996 1206 1049 1225; x_wconf 92' lang='lat' dir='ltr'><strong>non</strong></span> <span class='ocrx_word' id='word_1_516' title='bbox 1071 1198 1099 1224; x_wconf 80' lang='lat' dir='ltr'><strong>Iit</strong></span> <span class='ocrx_word' id='word_1_517' title='bbox 1115 1198 1203 1229; x_wconf 87' lang='lat' dir='ltr'><strong>aliter,</strong></span> <span class='ocrx_word' id='word_1_518' title='bbox 1226 1205 1307 1232; x_wconf 82' lang='lat' dir='ltr'><strong>quam</strong></span> <span class='ocrx_word' id='word_1_519' title='bbox 1326 1197 1348 1224; x_wconf 89' lang='lat' dir='ltr'><strong>si</strong></span> <span class='ocrx_word' id='word_1_520' title='bbox 1372 1204 1418 1224; x_wconf 77' lang='lat' dir='ltr'><strong>rex</strong></span> <span class='ocrx_word' id='word_1_521' title='bbox 1443 1197 1469 1223; x_wconf 94' lang='lat' dir='ltr'><strong>in</strong></span> <span class='ocrx_word' id='word_1_522' title='bbox 1488 1197 1605 1230; x_wconf 83' lang='lat' dir='ltr'><strong>aliquam</strong></span> <span class='ocrx_word' id='word_1_523' title='bbox 1622 1197 1717 1224; x_wconf 87' lang='lat' dir='ltr'><strong>urbem</strong></span> 
     </span>
    </p>
   </div>
   <div class='ocr_carea' id='block_1_70' title="bbox 927 1243 1715 1278">
    <p class='ocr_par' dir='ltr' id='par_1_70' title="bbox 927 1243 1715 1278">
     <span class='ocr_line' id='line_1_70' title="bbox 927 1243 1715 1278; baseline -0.003 -8"><span class='ocrx_word' id='word_1_524' title='bbox 927 1244 1068 1271; x_wconf 84' lang='lat' dir='ltr'><strong>concedat.</strong></span> <span class='ocrx_word' id='word_1_525' title='bbox 1078 1243 1113 1270; x_wconf 86' lang='lat' dir='ltr'><strong>lbi</strong></span> <span class='ocrx_word' id='word_1_526' title='bbox 1127 1251 1243 1278; x_wconf 82' lang='lat' dir='ltr'><strong>namque</strong></span> <span class='ocrx_word' id='word_1_527' title='bbox 1257 1243 1401 1277; x_wconf 83' lang='lat' dir='ltr'><strong>optimates</strong></span> <span class='ocrx_word' id='word_1_528' title='bbox 1414 1247 1441 1270; x_wconf 90' lang='lat' dir='ltr'><strong>et</strong></span> <span class='ocrx_word' id='word_1_529' title='bbox 1455 1243 1502 1277; x_wconf 89' lang='lat' dir='ltr'><strong>qui</strong></span> <span class='ocrx_word' id='word_1_530' title='bbox 1516 1243 1623 1269; x_wconf 63' lang='lat' dir='ltr'><strong>ceteris</strong></span> <span class='ocrx_word' id='word_1_531' title='bbox 1647 1250 1715 1276; x_wconf 56' lang='grc' dir='ltr'>ιιι-αις</span> 
     </span>
    </p>
   </div>
   <div class='ocr_carea' id='block_1_71' title="bbox 929 1288 1718 1324">
    <p class='ocr_par' dir='ltr' id='par_1_71' title="bbox 929 1288 1718 1324">
     <span class='ocr_line' id='line_1_71' title="bbox 929 1288 1718 1324; baseline -0.004 -8"><span class='ocrx_word' id='word_1_532' title='bbox 929 1293 1013 1321; x_wconf 86' lang='lat' dir='ltr'><strong>stant,</strong></span> <span class='ocrx_word' id='word_1_533' title='bbox 1038 1289 1216 1324; x_wconf 76' lang='lat' dir='ltr'><strong>egrediuntur</strong></span> <span class='ocrx_word' id='word_1_534' title='bbox 1235 1288 1259 1315; x_wconf 86' lang='lat' dir='ltr'><strong>ei</strong></span> <span class='ocrx_word' id='word_1_535' title='bbox 1275 1288 1301 1315; x_wconf 88' lang='lat' dir='ltr'><strong>in</strong></span> <span class='ocrx_word' id='word_1_536' title='bbox 1325 1295 1469 1315; x_wconf 80' lang='lat' dir='ltr'><strong>occursum</strong></span> <span class='ocrx_word' id='word_1_537' title='bbox 1488 1295 1493 1313; x_wconf 92' lang='lat'>:</span> <span class='ocrx_word' id='word_1_538' title='bbox 1513 1295 1646 1322; x_wconf 78' lang='lat' dir='ltr'><strong>pauperes</strong></span> <span class='ocrx_word' id='word_1_539' title='bbox 1667 1295 1718 1314; x_wconf 87' lang='lat' dir='ltr'><strong>au-</strong></span> 
     </span>
    </p>
   </div>
   <div class='ocr_carea' id='block_1_72' title="bbox 928 1334 1715 1369">
    <p class='ocr_par' dir='ltr' id='par_1_72' title="bbox 928 1334 1715 1369">
     <span class='ocr_line' id='line_1_72' title="bbox 928 1334 1715 1369; baseline -0.001 -8"><span class='ocrx_word' id='word_1_540' title='bbox 928 1339 982 1362; x_wconf 84' lang='lat' dir='ltr'><strong>tem</strong></span> <span class='ocrx_word' id='word_1_541' title='bbox 1009 1340 1036 1362; x_wconf 89' lang='lat' dir='ltr'><strong>et</strong></span> <span class='ocrx_word' id='word_1_542' title='bbox 1064 1335 1162 1369; x_wconf 72' lang='lat' dir='ltr'><strong>abiecti</strong></span> <span class='ocrx_word' id='word_1_543' title='bbox 1188 1338 1369 1369; x_wconf 80' lang='lat' dir='ltr'><strong>exspectant,</strong></span> <span class='ocrx_word' id='word_1_544' title='bbox 1395 1334 1482 1361; x_wconf 83' lang='lat' dir='ltr'><strong>donec</strong></span> <span class='ocrx_word' id='word_1_545' title='bbox 1513 1335 1539 1361; x_wconf 93' lang='lat' dir='ltr'><strong>in</strong></span> <span class='ocrx_word' id='word_1_546' title='bbox 1574 1334 1715 1361; x_wconf 82' lang='lat' dir='ltr'><strong>civitatem</strong></span> 
     </span>
    </p>
   </div>
   <div class='ocr_carea' id='block_1_73' title="bbox 927 1380 1715 1415">
    <p class='ocr_par' dir='ltr' id='par_1_73' title="bbox 927 1380 1715 1415">
     <span class='ocr_line' id='line_1_73' title="bbox 927 1380 1715 1415; baseline -0.001 -8"><span class='ocrx_word' id='word_1_547' title='bbox 927 1383 1028 1408; x_wconf 75' lang='lat' dir='ltr'><strong>veniat.</strong></span> <span class='ocrx_word' id='word_1_548' title='bbox 1050 1380 1095 1407; x_wconf 88' lang='lat' dir='ltr'><strong>Sic</strong></span> <span class='ocrx_word' id='word_1_549' title='bbox 1117 1381 1198 1408; x_wconf 85' lang='lat' dir='ltr'><strong>etiam</strong></span> <span class='ocrx_word' id='word_1_550' title='bbox 1222 1381 1255 1408; x_wconf 93' lang='lat' dir='ltr'><strong>de</strong></span> <span class='ocrx_word' id='word_1_551' title='bbox 1269 1381 1378 1407; x_wconf 85' lang='lat' dir='ltr'><strong>Christo</strong></span> <span class='ocrx_word' id='word_1_552' title='bbox 1401 1381 1500 1415; x_wconf 76' lang='lat' dir='ltr'><strong>cogita.</strong></span> <span class='ocrx_word' id='word_1_553' title='bbox 1528 1380 1715 1407; x_wconf 86' lang='lat' dir='ltr'><strong>Descendente</strong></span> 
     </span>
    </p>
   </div>
   <div class='ocr_carea' id='block_1_74' title="bbox 928 1425 1716 1460">
    <p class='ocr_par' dir='ltr' id='par_1_74' title="bbox 928 1425 1716 1460">
     <span class='ocr_line' id='line_1_74' title="bbox 928 1425 1716 1460; baseline -0.003 -6"><span class='ocrx_word' id='word_1_554' title='bbox 928 1427 975 1454; x_wconf 90' lang='lat' dir='ltr'><strong>illo</strong></span> <span class='ocrx_word' id='word_1_555' title='bbox 989 1427 1022 1454; x_wconf 87' lang='lat' dir='ltr'><strong>de</strong></span> <span class='ocrx_word' id='word_1_556' title='bbox 1037 1426 1118 1458; x_wconf 66' lang='lat' dir='ltr'><strong>corio,</strong></span> <span class='ocrx_word' id='word_1_557' title='bbox 1137 1433 1233 1453; x_wconf 87' lang='lat' dir='ltr'><strong>omnes</strong></span> <span class='ocrx_word' id='word_1_558' title='bbox 1251 1425 1318 1460; x_wconf 83' lang='lat' dir='ltr'><strong>justi</strong></span> <span class='ocrx_word' id='word_1_559' title='bbox 1334 1429 1361 1452; x_wconf 90' lang='lat' dir='ltr'><strong>et</strong></span> <span class='ocrx_word' id='word_1_560' title='bbox 1376 1425 1439 1452; x_wconf 84' lang='lat' dir='ltr'><strong>boui</strong></span> <span class='ocrx_word' id='word_1_561' title='bbox 1458 1426 1597 1460; x_wconf 84' lang='lat' dir='ltr'><strong>rapientur</strong></span> <span class='ocrx_word' id='word_1_562' title='bbox 1615 1425 1641 1451; x_wconf 93' lang='lat' dir='ltr'><strong>in</strong></span> <span class='ocrx_word' id='word_1_563' title='bbox 1659 1432 1716 1452; x_wconf 65' lang='lat' dir='ltr'><strong>caa-</strong></span> 
     </span>
    </p>
   </div>
   <div class='ocr_carea' id='block_1_75' title="bbox 928 1470 1717 1506">
    <p class='ocr_par' dir='ltr' id='par_1_75' title="bbox 928 1470 1717 1506">
     <span class='ocr_line' id='line_1_75' title="bbox 928 1470 1717 1506; baseline 0 -8"><span class='ocrx_word' id='word_1_564' title='bbox 928 1473 982 1499; x_wconf 91' lang='lat' dir='ltr'><strong>Ium</strong></span> <span class='ocrx_word' id='word_1_565' title='bbox 999 1477 1028 1498; x_wconf 89' lang='lat' dir='ltr'><strong>ut</strong></span> <span class='ocrx_word' id='word_1_566' title='bbox 1045 1473 1151 1499; x_wconf 79' lang='lat' dir='ltr'><strong>obviam</strong></span> <span class='ocrx_word' id='word_1_567' title='bbox 1168 1471 1316 1506; x_wconf 80' lang='lat' dir='ltr'><strong>procedant</strong></span> <span class='ocrx_word' id='word_1_568' title='bbox 1340 1470 1515 1498; x_wconf 86' lang='lat' dir='ltr'><strong>descendenti</strong></span> <span class='ocrx_word' id='word_1_569' title='bbox 1535 1470 1649 1498; x_wconf 86' lang='lat' dir='ltr'><strong>Domino</strong></span> <span class='ocrx_word' id='word_1_570' title='bbox 1668 1478 1717 1498; x_wconf 87' lang='lat' dir='ltr'><strong>no-</strong></span> 
     </span>
    </p>
   </div>
   <div class='ocr_carea' id='block_1_76' title="bbox 929 1516 1717 1552">
    <p class='ocr_par' dir='ltr' id='par_1_76' title="bbox 929 1516 1717 1552">
     <span class='ocr_line' id='line_1_76' title="bbox 929 1516 1717 1552; baseline -0.001 -8"><span class='ocrx_word' id='word_1_571' title='bbox 929 1522 986 1544; x_wconf 80' lang='lat' dir='ltr'><strong>stro</strong></span> <span class='ocrx_word' id='word_1_572' title='bbox 1005 1517 1069 1544; x_wconf 75' lang='lat' dir='ltr'><strong>Iesu</strong></span> <span class='ocrx_word' id='word_1_573' title='bbox 1086 1525 1092 1543; x_wconf 87' lang='lat'><strong>:</strong></span> <span class='ocrx_word' id='word_1_574' title='bbox 1111 1520 1271 1552; x_wconf 87' lang='lat' dir='ltr'><strong>peccatores</strong></span> <span class='ocrx_word' id='word_1_575' title='bbox 1296 1520 1386 1544; x_wconf 86' lang='lat' dir='ltr'><strong>autem</strong></span> <span class='ocrx_word' id='word_1_576' title='bbox 1407 1517 1434 1544; x_wconf 92' lang='lat' dir='ltr'><strong>in</strong></span> <span class='ocrx_word' id='word_1_577' title='bbox 1451 1520 1523 1543; x_wconf 83' lang='lat' dir='ltr'><strong>terra</strong></span> <span class='ocrx_word' id='word_1_578' title='bbox 1543 1516 1654 1544; x_wconf 86' lang='lat' dir='ltr'><strong>stabunt</strong></span> <span class='ocrx_word' id='word_1_579' title='bbox 1668 1524 1717 1543; x_wconf 78' lang='lat' dir='ltr'><strong>ex-</strong></span> 
     </span>
    </p>
   </div>
   <div class='ocr_carea' id='block_1_77' title="bbox 930 1568 1096 1599">
    <p class='ocr_par' dir='ltr' id='par_1_77' title="bbox 930 1568 1096 1599">
     <span class='ocr_line' id='line_1_77' title="bbox 930 1568 1096 1599; baseline -0.006 -8"><span class='ocrx_word' id='word_1_580' title='bbox 930 1568 1096 1599; x_wconf 88' lang='lat' dir='ltr'><strong>spectantes.</strong></span> 
     </span>
    </p>
   </div>
   <div class='ocr_carea' id='block_1_78' title="bbox 963 1650 1717 1686">
    <p class='ocr_par' dir='ltr' id='par_1_78' title="bbox 963 1650 1717 1686">
     <span class='ocr_line' id='line_1_78' title="bbox 963 1650 1717 1686; baseline -0.004 -6"><span class='ocrx_word' id='word_1_581' title='bbox 963 1653 1127 1681; x_wconf 79' lang='lat' dir='ltr'><strong>Paorosrno</strong></span> <span class='ocrx_word' id='word_1_582' title='bbox 1153 1651 1258 1679; x_wconf 83' lang='lat' dir='ltr'><strong>CXVII.</strong></span> <span class='ocrx_word' id='word_1_583' title='bbox 1277 1660 1287 1678; x_wconf 81' lang='grc' dir='ltr'><strong>ι</strong></span> <span class='ocrx_word' id='word_1_584' title='bbox 1308 1650 1393 1680; x_wconf 84' lang='lat' dir='ltr'><strong>Nemo</strong></span> <span class='ocrx_word' id='word_1_585' title='bbox 1415 1650 1537 1678; x_wconf 81' lang='lat' dir='ltr'><strong>militans</strong></span> <span class='ocrx_word' id='word_1_586' title='bbox 1558 1650 1717 1686; x_wconf 79' lang='lat' dir='ltr'><strong>implicatur</strong></span> 
     </span>
    </p>
   </div>
   <div class='ocr_carea' id='block_1_79' title="bbox 927 1696 1716 1734">
    <p class='ocr_par' dir='ltr' id='par_1_79' title="bbox 927 1696 1716 1734">
     <span class='ocr_line' id='line_1_79' title="bbox 927 1696 1716 1734; baseline -0.005 -7"><span class='ocrx_word' id='word_1_587' title='bbox 927 1701 990 1727; x_wconf 71' lang='lat' dir='ltr'><strong>vita:</strong></span> <span class='ocrx_word' id='word_1_588' title='bbox 1016 1699 1144 1734; x_wconf 79' lang='lat' dir='ltr'><strong>negotiis,</strong></span> <span class='ocrx_word' id='word_1_589' title='bbox 1160 1703 1189 1726; x_wconf 90' lang='lat' dir='ltr'><strong>ut</strong></span> <span class='ocrx_word' id='word_1_590' title='bbox 1204 1699 1228 1726; x_wconf 88' lang='lat' dir='ltr'><strong>ei</strong></span> <span class='ocrx_word' id='word_1_591' title='bbox 1245 1699 1291 1733; x_wconf 90' lang='lat' dir='ltr'><strong>qui</strong></span> <span class='ocrx_word' id='word_1_592' title='bbox 1306 1705 1336 1726; x_wconf 84' lang='lat' dir='ltr'><strong>se</strong></span> <span class='ocrx_word' id='word_1_593' title='bbox 1352 1698 1380 1724; x_wconf 89' lang='lat' dir='ltr'><strong>in</strong></span> <span class='ocrx_word' id='word_1_594' title='bbox 1400 1697 1525 1724; x_wconf 82' lang='lat' dir='ltr'><strong>militiam</strong></span> <span class='ocrx_word' id='word_1_595' title='bbox 1541 1696 1640 1732; x_wconf 75' lang='lat' dir='ltr'><strong>delegit</strong></span> <span class='ocrx_word' id='word_1_596' title='bbox 1656 1696 1716 1732; x_wconf 90' lang='lat' dir='ltr'><strong>pla-</strong></span> 
     </span>
    </p>
   </div>
   <div class='ocr_carea' id='block_1_80' title="bbox 928 1747 1070 1774">
    <p class='ocr_par' dir='ltr' id='par_1_80' title="bbox 928 1747 1070 1774">
     <span class='ocr_line' id='line_1_80' title="bbox 928 1747 1070 1774; baseline -0.014 0"><span class='ocrx_word' id='word_1_597' title='bbox 928 1751 987 1774; x_wconf 73' lang='lat' dir='ltr'><strong>ceat</strong></span> <span class='ocrx_word' id='word_1_598' title='bbox 1004 1747 1037 1774; x_wconf 76' lang='grc'><strong>⁸³.</strong></span> <span class='ocrx_word' id='word_1_599' title='bbox 1061 1756 1070 1772; x_wconf 81' lang='grc' dir='ltr'><strong>ι</strong></span> 
     </span>
    </p>
   </div>
   <div class='ocr_carea' id='block_1_81' title="bbox 965 1789 1715 1826">
    <p class='ocr_par' dir='ltr' id='par_1_81' title="bbox 965 1789 1715 1826">
     <span class='ocr_line' id='line_1_81' title="bbox 965 1789 1715 1826; baseline -0.007 -5"><span class='ocrx_word' id='word_1_600' title='bbox 965 1794 1128 1821; x_wconf 64' lang='grc' dir='ltr'>Ικτιῑιιιιιιετ.</span> <span class='ocrx_word' id='word_1_601' title='bbox 1143 1793 1171 1820; x_wconf 88' lang='lat' dir='ltr'><strong>Si</strong></span> <span class='ocrx_word' id='word_1_602' title='bbox 1184 1792 1256 1819; x_wconf 82' lang='lat' dir='ltr'><strong>enim</strong></span> <span class='ocrx_word' id='word_1_603' title='bbox 1271 1792 1327 1823; x_wconf 76' lang='lat' dir='ltr'><strong>ille.</strong></span> <span class='ocrx_word' id='word_1_604' title='bbox 1345 1791 1392 1826; x_wconf 93' lang='lat' dir='ltr'><strong>qui</strong></span> <span class='ocrx_word' id='word_1_605' title='bbox 1410 1795 1518 1818; x_wconf 86' lang='lat' dir='ltr'><strong>terreno</strong></span> <span class='ocrx_word' id='word_1_606' title='bbox 1540 1789 1597 1825; x_wconf 78' lang='lat' dir='ltr'><strong>regi</strong></span> <span class='ocrx_word' id='word_1_607' title='bbox 1614 1789 1715 1817; x_wconf 85' lang='lat' dir='ltr'><strong>milita-</strong></span> 
     </span>
    </p>
   </div>
   <div class='ocr_carea' id='block_1_82' title="bbox 927 1836 1715 1875">
    <p class='ocr_par' dir='ltr' id='par_1_82' title="bbox 927 1836 1715 1875">
     <span class='ocr_line' id='line_1_82' title="bbox 927 1836 1715 1875; baseline -0.008 -7"><span class='ocrx_word' id='word_1_608' title='bbox 927 1845 1007 1869; x_wconf 84' lang='lat' dir='ltr'><strong>turus</strong></span> <span class='ocrx_word' id='word_1_609' title='bbox 1025 1846 1076 1872; x_wconf 87' lang='lat' dir='ltr'><strong>est,</strong></span> <span class='ocrx_word' id='word_1_610' title='bbox 1092 1848 1145 1867; x_wconf 92' lang='lat' dir='ltr'><strong>non</strong></span> <span class='ocrx_word' id='word_1_611' title='bbox 1166 1843 1255 1875; x_wconf 88' lang='lat' dir='ltr'><strong>potest</strong></span> <span class='ocrx_word' id='word_1_612' title='bbox 1270 1840 1386 1874; x_wconf 82' lang='lat' dir='ltr'><strong>placere.</strong></span> <span class='ocrx_word' id='word_1_613' title='bbox 1403 1838 1457 1866; x_wconf 86' lang='lat' dir='ltr'><strong>nisi</strong></span> <span class='ocrx_word' id='word_1_614' title='bbox 1478 1844 1573 1864; x_wconf 87' lang='lat' dir='ltr'><strong>omnes</strong></span> <span class='ocrx_word' id='word_1_615' title='bbox 1588 1836 1649 1863; x_wconf 73' lang='lat' dir='ltr'><strong>vitae</strong></span> <span class='ocrx_word' id='word_1_616' title='bbox 1666 1843 1715 1863; x_wconf 77' lang='lat' dir='ltr'><strong>cu-</strong></span> 
     </span>
    </p>
   </div>
   <div class='ocr_carea' id='block_1_83' title="bbox 928 1880 1716 1920">
    <p class='ocr_par' dir='ltr' id='par_1_83' title="bbox 928 1880 1716 1920">
     <span class='ocr_line' id='line_1_83' title="bbox 928 1880 1716 1920; baseline -0.008 -7"><span class='ocrx_word' id='word_1_617' title='bbox 928 1894 973 1913; x_wconf 90' lang='lat' dir='ltr'><strong>ras</strong></span> <span class='ocrx_word' id='word_1_618' title='bbox 999 1885 1140 1920; x_wconf 83' lang='lat' dir='ltr'><strong>reliquerit</strong></span> <span class='ocrx_word' id='word_1_619' title='bbox 1167 1893 1174 1911; x_wconf 86' lang='lat'><strong>:</strong></span> <span class='ocrx_word' id='word_1_620' title='bbox 1203 1889 1306 1919; x_wconf 88' lang='lat' dir='ltr'><strong>quanto</strong></span> <span class='ocrx_word' id='word_1_621' title='bbox 1332 1883 1420 1918; x_wconf 75' lang='lat' dir='ltr'><strong>magis</strong></span> <span class='ocrx_word' id='word_1_622' title='bbox 1446 1883 1493 1918; x_wconf 92' lang='lat' dir='ltr'><strong>qui</strong></span> <span class='ocrx_word' id='word_1_623' title='bbox 1528 1881 1632 1909; x_wconf 64' lang='lat' dir='ltr'><strong>caelesti</strong></span> <span class='ocrx_word' id='word_1_624' title='bbox 1659 1880 1716 1917; x_wconf 72' lang='lat' dir='ltr'><strong>regi</strong></span> 
     </span>
    </p>
   </div>
   <div class='ocr_carea' id='block_1_84' title="bbox 927 1929 1170 1958">
    <p class='ocr_par' dir='ltr' id='par_1_84' title="bbox 927 1929 1170 1958">
     <span class='ocr_line' id='line_1_84' title="bbox 927 1929 1170 1958; baseline -0.012 0"><span class='ocrx_word' id='word_1_625' title='bbox 927 1931 1097 1958; x_wconf 81' lang='lat' dir='ltr'><strong>militaturus</strong></span> <span class='ocrx_word' id='word_1_626' title='bbox 1110 1929 1170 1956; x_wconf 87' lang='lat' dir='ltr'><strong>est?</strong></span> 
     </span>
    </p>
   </div>
   <div class='ocr_carea' id='block_1_85' title="bbox 963 1969 1717 2007">
    <p class='ocr_par' dir='ltr' id='par_1_85' title="bbox 963 1969 1717 2007">
     <span class='ocr_line' id='line_1_85' title="bbox 963 1969 1717 2007; baseline -0.004 -7"><span class='ocrx_word' id='word_1_627' title='bbox 963 1974 1128 2001; x_wconf 65' lang='lat' dir='ltr'><strong>Puerosmo</strong></span> <span class='ocrx_word' id='word_1_628' title='bbox 1144 1973 1263 2001; x_wconf 75' lang='lat' dir='ltr'><strong>CXVIII.</strong></span> <span class='ocrx_word' id='word_1_629' title='bbox 1281 1973 1352 2007; x_wconf 86' lang='lat' dir='ltr'><strong>Quid</strong></span> <span class='ocrx_word' id='word_1_630' title='bbox 1375 1977 1418 2001; x_wconf 87' lang='lat' dir='ltr'><strong>est</strong></span> <span class='ocrx_word' id='word_1_631' title='bbox 1443 1972 1510 2000; x_wconf 91' lang='lat' dir='ltr'><strong>illud</strong></span> <span class='ocrx_word' id='word_1_632' title='bbox 1535 1979 1542 1998; x_wconf 87' lang='lat'>:</span> <span class='ocrx_word' id='word_1_633' title='bbox 1568 1980 1578 1996; x_wconf 74' lang='grc' dir='ltr'><strong>ι</strong></span> <span class='ocrx_word' id='word_1_634' title='bbox 1597 1969 1677 2003; x_wconf 81' lang='lat' dir='ltr'><strong>Quod</strong></span> <span class='ocrx_word' id='word_1_635' title='bbox 1692 1970 1717 1998; x_wconf 88' lang='lat' dir='ltr'><strong>si</strong></span> 
     </span>
    </p>
   </div>
   <div class='ocr_carea' id='block_1_86' title="bbox 927 2015 1716 2055">
    <p class='ocr_par' dir='ltr' id='par_1_86' title="bbox 927 2015 1716 2055">
     <span class='ocr_line' id='line_1_86' title="bbox 927 2015 1716 2055; baseline -0.008 -8"><span class='ocrx_word' id='word_1_636' title='bbox 927 2023 1015 2055; x_wconf 79' lang='lat' dir='ltr'><strong>certat</strong></span> <span class='ocrx_word' id='word_1_637' title='bbox 1031 2020 1113 2047; x_wconf 86' lang='lat' dir='ltr'><strong>etiam</strong></span> <span class='ocrx_word' id='word_1_638' title='bbox 1134 2020 1233 2055; x_wconf 83' lang='lat' dir='ltr'><strong>aliquis</strong></span> <span class='ocrx_word' id='word_1_639' title='bbox 1246 2039 1254 2052; x_wconf 94' lang='lat'><strong>,</strong></span> <span class='ocrx_word' id='word_1_640' title='bbox 1271 2027 1325 2047; x_wconf 89' lang='lat' dir='ltr'><strong>non</strong></span> <span class='ocrx_word' id='word_1_641' title='bbox 1342 2022 1503 2051; x_wconf 84' lang='lat' dir='ltr'><strong>coronatur,</strong></span> <span class='ocrx_word' id='word_1_642' title='bbox 1519 2017 1572 2044; x_wconf 85' lang='lat' dir='ltr'><strong>nisi</strong></span> <span class='ocrx_word' id='word_1_643' title='bbox 1594 2015 1716 2051; x_wconf 72' lang='lat' dir='ltr'><strong>legitime</strong></span> 
     </span>
    </p>
   </div>
   <div class='ocr_carea' id='block_1_87' title="bbox 928 2066 1161 2093">
    <p class='ocr_par' dir='ltr' id='par_1_87' title="bbox 928 2066 1161 2093">
     <span class='ocr_line' id='line_1_87' title="bbox 928 2066 1161 2093; baseline 0 -1"><span class='ocrx_word' id='word_1_644' title='bbox 928 2066 1073 2093; x_wconf 78' lang='lat' dir='ltr'><strong>certaverit</strong></span> <span class='ocrx_word' id='word_1_645' title='bbox 1085 2066 1130 2093; x_wconf 67' lang='grc' dir='ltr'>εν.</span> <span class='ocrx_word' id='word_1_646' title='bbox 1152 2075 1161 2092; x_wconf 87' lang='grc' dir='ltr'><strong>ι</strong></span> 
     </span>
    </p>
   </div>
   <div class='ocr_carea' id='block_1_88' title="bbox 962 2111 1715 2147">
    <p class='ocr_par' dir='ltr' id='par_1_88' title="bbox 962 2111 1715 2147">
     <span class='ocr_line' id='line_1_88' title="bbox 962 2111 1715 2147; baseline 0.004 -9"><span class='ocrx_word' id='word_1_647' title='bbox 962 2111 1072 2138; x_wconf 68' lang='lat' dir='ltr'><strong>Iurene.</strong></span> <span class='ocrx_word' id='word_1_648' title='bbox 1088 2111 1155 2138; x_wconf 79' lang='lat' dir='ltr'><strong>Nam</strong></span> <span class='ocrx_word' id='word_1_649' title='bbox 1169 2112 1274 2139; x_wconf 88' lang='lat' dir='ltr'><strong>etiamsi</strong></span> <span class='ocrx_word' id='word_1_650' title='bbox 1286 2112 1348 2147; x_wconf 90' lang='lat' dir='ltr'><strong>quis</strong></span> <span class='ocrx_word' id='word_1_651' title='bbox 1360 2112 1459 2139; x_wconf 83' lang='lat' dir='ltr'><strong>bellum</strong></span> <span class='ocrx_word' id='word_1_652' title='bbox 1471 2113 1612 2147; x_wconf 67' lang='lat' dir='ltr'><strong>ingressus</strong></span> <span class='ocrx_word' id='word_1_653' title='bbox 1624 2114 1715 2146; x_wconf 83' lang='lat' dir='ltr'><strong>fuerit,</strong></span> 
     </span>
    </p>
   </div>
   <div class='ocr_carea' id='block_1_89' title="bbox 928 2159 1716 2194">
    <p class='ocr_par' dir='ltr' id='par_1_89' title="bbox 928 2159 1716 2194">
     <span class='ocr_line' id='line_1_89' title="bbox 928 2159 1716 2194; baseline 0 -8"><span class='ocrx_word' id='word_1_654' title='bbox 928 2167 1016 2194; x_wconf 85' lang='lat' dir='ltr'><strong>neque</strong></span> <span class='ocrx_word' id='word_1_655' title='bbox 1035 2160 1075 2186; x_wconf 84' lang='lat' dir='ltr'><strong>sic</strong></span> <span class='ocrx_word' id='word_1_656' title='bbox 1095 2167 1203 2194; x_wconf 80' lang='lat' dir='ltr'><strong>quoque</strong></span> <span class='ocrx_word' id='word_1_657' title='bbox 1221 2163 1379 2190; x_wconf 84' lang='lat' dir='ltr'><strong>coronatur,</strong></span> <span class='ocrx_word' id='word_1_658' title='bbox 1402 2159 1454 2185; x_wconf 71' lang='lat' dir='ltr'><strong>nisi</strong></span> <span class='ocrx_word' id='word_1_659' title='bbox 1475 2167 1538 2185; x_wconf 86' lang='lat' dir='ltr'><strong>cum</strong></span> <span class='ocrx_word' id='word_1_660' title='bbox 1559 2160 1716 2186; x_wconf 81' lang='lat' dir='ltr'><strong>adversario</strong></span> 
     </span>
    </p>
   </div>
   <div class='ocr_carea' id='block_1_90' title="bbox 89 2205 877 2244">
    <p class='ocr_par' dir='ltr' id='par_1_90' title="bbox 89 2205 875 2241">
     <span class='ocr_line' id='line_1_90' title="bbox 89 2205 875 2241; baseline -0.003 -9"><span class='ocrx_word' id='word_1_661' title='bbox 89 2206 237 2241; x_wconf 69' lang='grc' dir='ltr'>συμπλακῇ</span> <span class='ocrx_word' id='word_1_662' title='bbox 254 2206 321 2240; x_wconf 80' lang='grc' dir='ltr'>μετὰ</span> <span class='ocrx_word' id='word_1_663' title='bbox 337 2205 382 2231; x_wconf 70' lang='grc' dir='ltr'>τοῦ</span> <span class='ocrx_word' id='word_1_664' title='bbox 400 2206 557 2237; x_wconf 70' lang='grc' dir='ltr'>ἀντιπάλου,</span> <span class='ocrx_word' id='word_1_665' title='bbox 570 2207 617 2232; x_wconf 76' lang='grc' dir='ltr'><strong>καὶ</strong></span> <span class='ocrx_word' id='word_1_666' title='bbox 632 2205 734 2241; x_wconf 69' lang='grc' dir='ltr'>κρούσῃ</span> <span class='ocrx_word' id='word_1_667' title='bbox 751 2205 819 2240; x_wconf 78' lang='grc' dir='ltr'>μετὰ</span> <span class='ocrx_word' id='word_1_668' title='bbox 830 2205 875 2231; x_wconf 77' lang='grc' dir='ltr'>τοῦ</span> 
     </span>
    </p>
   </div>
   <div class='ocr_carea' id='block_1_91' title="bbox 934 2205 1716 2244">
    <p class='ocr_par' dir='ltr' id='par_1_91' title="bbox 934 2206 1716 2241">
     <span class='ocr_line' id='line_1_91' title="bbox 934 2206 1716 2241; baseline 0 -8"><span class='ocrx_word' id='word_1_669' title='bbox 934 2214 1040 2234; x_wconf 84' lang='lat' dir='ltr'><strong>manum</strong></span> <span class='ocrx_word' id='word_1_670' title='bbox 1069 2214 1217 2233; x_wconf 84' lang='lat' dir='ltr'><strong>conserens</strong></span> <span class='ocrx_word' id='word_1_671' title='bbox 1230 2226 1236 2237; x_wconf 86' lang='lat'><strong>,</strong></span> <span class='ocrx_word' id='word_1_672' title='bbox 1254 2207 1343 2241; x_wconf 77' lang='lat' dir='ltr'><strong>gladio</strong></span> <span class='ocrx_word' id='word_1_673' title='bbox 1371 2207 1535 2240; x_wconf 82' lang='lat' dir='ltr'><strong>percusserit</strong></span> <span class='ocrx_word' id='word_1_674' title='bbox 1557 2210 1584 2232; x_wconf 82' lang='lat' dir='ltr'><strong>ct</strong></span> <span class='ocrx_word' id='word_1_675' title='bbox 1603 2206 1716 2234; x_wconf 78' lang='lat' dir='ltr'><strong>interfe-</strong></span> 
     </span>
    </p>
   </div>
   <div class='ocr_carea' id='block_1_92' title="bbox 88 2251 878 2287">
    <p class='ocr_par' dir='ltr' id='par_1_92' title="bbox 88 2251 878 2287">
     <span class='ocr_line' id='line_1_92' title="bbox 88 2251 878 2287; baseline -0.003 -9"><span class='ocrx_word' id='word_1_676' title='bbox 88 2253 192 2286; x_wconf 68' lang='grc' dir='ltr'>ξίφους,</span> <span class='ocrx_word' id='word_1_677' title='bbox 207 2253 254 2278; x_wconf 62' lang='grc' dir='ltr'><strong>καὶ</strong></span> <span class='ocrx_word' id='word_1_678' title='bbox 272 2252 420 2287; x_wconf 77' lang='grc' dir='ltr'>ἀποκτείνῃ</span> <span class='ocrx_word' id='word_1_679' title='bbox 441 2252 531 2278; x_wconf 69' lang='grc' dir='ltr'>αὐτόν,</span> <span class='ocrx_word' id='word_1_680' title='bbox 549 2251 635 2277; x_wconf 79' lang='grc' dir='ltr'>Τοῦτο</span> <span class='ocrx_word' id='word_1_681' title='bbox 649 2260 703 2287; x_wconf 68' lang='grc' dir='ltr'><strong>γαρ</strong></span> <span class='ocrx_word' id='word_1_682' title='bbox 723 2253 780 2278; x_wconf 81' lang='grc' dir='ltr'>ἐστι</span> <span class='ocrx_word' id='word_1_683' title='bbox 793 2251 822 2277; x_wconf 86' lang='grc' dir='ltr'><strong>τὸ</strong></span> <span class='ocrx_word' id='word_1_684' title='bbox 836 2259 878 2277; x_wconf 85' lang='grc' dir='ltr'>νο-</span> 
     </span>
    </p>
   </div>
   <div class='ocr_carea' id='block_1_93' title="bbox 89 2298 320 2334">
    <p class='ocr_par' dir='ltr' id='par_1_93' title="bbox 89 2298 320 2334">
     <span class='ocr_line' id='line_1_93' title="bbox 89 2298 320 2334; baseline 0.004 -10"><span class='ocrx_word' id='word_1_685' title='bbox 89 2299 181 2334; x_wconf 75' lang='grc' dir='ltr'>μίμως</span> <span class='ocrx_word' id='word_1_686' title='bbox 195 2298 320 2333; x_wconf 73' lang='grc' dir='ltr'>ἁϐλῆσαι.</span> 
     </span>
    </p>
   </div>
   <div class='ocr_carea' id='block_1_94' title="bbox 126 2343 878 2379">
    <p class='ocr_par' dir='ltr' id='par_1_94' title="bbox 126 2343 878 2379">
     <span class='ocr_line' id='line_1_94' title="bbox 126 2343 878 2379; baseline -0.001 -9"><span class='ocrx_word' id='word_1_687' title='bbox 126 2345 257 2379; x_wconf 81' lang='grc' dir='ltr'>Κείμενον</span> <span class='ocrx_word' id='word_1_688' title='bbox 271 2344 330 2379; x_wconf 77' lang='grc' dir='ltr'><strong>ριο’.</strong></span> <span class='ocrx_word' id='word_1_689' title='bbox 343 2353 351 2369; x_wconf 75' lang='grc' dir='ltr'><strong>ι</strong></span> <span class='ocrx_word' id='word_1_690' title='bbox 367 2344 418 2370; x_wconf 76' lang='grc' dir='ltr'><strong>Τὸν</strong></span> <span class='ocrx_word' id='word_1_691' title='bbox 435 2343 573 2370; x_wconf 81' lang='grc' dir='ltr'>κοπιῶντα</span> <span class='ocrx_word' id='word_1_692' title='bbox 582 2343 705 2378; x_wconf 71' lang='grc' dir='ltr'>γεωργὸν</span> <span class='ocrx_word' id='word_1_693' title='bbox 721 2344 760 2370; x_wconf 76' lang='grc' dir='ltr'>δεῖ</span> <span class='ocrx_word' id='word_1_694' title='bbox 772 2343 878 2379; x_wconf 81' lang='grc' dir='ltr'>πρῶτον</span> 
     </span>
    </p>
   </div>
   <div class='ocr_carea' id='block_1_95' title="bbox 86 2390 522 2425">
    <p class='ocr_par' dir='ltr' id='par_1_95' title="bbox 86 2390 522 2425">
     <span class='ocr_line' id='line_1_95' title="bbox 86 2390 522 2425; baseline -0.005 -8"><span class='ocrx_word' id='word_1_695' title='bbox 86 2390 133 2417; x_wconf 67' lang='grc' dir='ltr'>τὸν</span> <span class='ocrx_word' id='word_1_696' title='bbox 149 2391 252 2425; x_wconf 66' lang='grc' dir='ltr'>καρπὸν</span> <span class='ocrx_word' id='word_1_697' title='bbox 271 2390 497 2425; x_wconf 67' lang='grc' dir='ltr'>μεταλαμϐάνειν.</span> <span class='ocrx_word' id='word_1_698' title='bbox 514 2399 522 2415; x_wconf 86' lang='grc' dir='ltr'><strong>ι</strong></span> 
     </span>
    </p>
   </div>
   <div class='ocr_carea' id='block_1_96' title="bbox 130 2435 877 2472">
    <p class='ocr_par' dir='ltr' id='par_1_96' title="bbox 130 2435 877 2472">
     <span class='ocr_line' id='line_1_96' title="bbox 130 2435 877 2472; baseline 0 -10"><span class='ocrx_word' id='word_1_699' title='bbox 130 2437 244 2472; x_wconf 62' lang='grc' dir='ltr'>Ἕρμῳ.</span> <span class='ocrx_word' id='word_1_700' title='bbox 263 2436 347 2462; x_wconf 69' lang='grc' dir='ltr'>Τοῦτο</span> <span class='ocrx_word' id='word_1_701' title='bbox 358 2437 422 2471; x_wconf 66' lang='grc' dir='ltr'>περὶ</span> <span class='ocrx_word' id='word_1_702' title='bbox 438 2436 491 2462; x_wconf 80' lang='grc' dir='ltr'><strong>τῶν</strong></span> <span class='ocrx_word' id='word_1_703' title='bbox 504 2435 694 2471; x_wconf 76' lang='grc' dir='ltr'>πνευματικῶν</span> <span class='ocrx_word' id='word_1_704' title='bbox 710 2435 877 2462; x_wconf 80' lang='grc' dir='ltr'>διδασκάλων</span> 
     </span>
    </p>
   </div>
   <div class='ocr_carea' id='block_1_97' title="bbox 86 2481 877 2518">
    <p class='ocr_par' dir='ltr' id='par_1_97' title="bbox 86 2481 877 2518">
     <span class='ocr_line' id='line_1_97' title="bbox 86 2481 877 2518; baseline -0.001 -10"><span class='ocrx_word' id='word_1_705' title='bbox 86 2483 198 2518; x_wconf 75' lang='grc' dir='ltr'>εἴρηκεν</span> <span class='ocrx_word' id='word_1_706' title='bbox 211 2491 217 2497; x_wconf 81' lang='grc'><strong><em>-</em></strong></span> <span class='ocrx_word' id='word_1_707' title='bbox 239 2483 279 2508; x_wconf 82' lang='grc' dir='ltr'>ὅτι</span> <span class='ocrx_word' id='word_1_708' title='bbox 303 2483 348 2508; x_wconf 75' lang='grc' dir='ltr'><strong>τὸν</strong></span> <span class='ocrx_word' id='word_1_709' title='bbox 371 2483 508 2509; x_wconf 78' lang='grc' dir='ltr'>κοπιῶντα</span> <span class='ocrx_word' id='word_1_710' title='bbox 527 2483 574 2508; x_wconf 69' lang='grc' dir='ltr'><strong>καὶ</strong></span> <span class='ocrx_word' id='word_1_711' title='bbox 592 2481 790 2516; x_wconf 73' lang='grc' dir='ltr'>ἀγωνιζόμενον</span> <span class='ocrx_word' id='word_1_712' title='bbox 805 2481 877 2508; x_wconf 59' lang='grc' dir='ltr'><strong>διδὰι</strong></span> 
     </span>
    </p>
   </div>
   <div class='ocr_carea' id='block_1_98' title="bbox 87 2526 879 2563">
    <p class='ocr_par' dir='ltr' id='par_1_98' title="bbox 87 2526 879 2563">
     <span class='ocr_line' id='line_1_98' title="bbox 87 2526 879 2563; baseline -0.003 -9"><span class='ocrx_word' id='word_1_713' title='bbox 87 2528 185 2554; x_wconf 81' lang='grc' dir='ltr'>σκαλον</span> <span class='ocrx_word' id='word_1_714' title='bbox 208 2528 277 2563; x_wconf 78' lang='grc' dir='ltr'>ὑπὲρ</span> <span class='ocrx_word' id='word_1_715' title='bbox 292 2527 374 2554; x_wconf 77' lang='grc' dir='ltr'>αὐτοῦ</span> <span class='ocrx_word' id='word_1_716' title='bbox 392 2529 439 2554; x_wconf 70' lang='grc' dir='ltr'><strong>καὶ</strong></span> <span class='ocrx_word' id='word_1_717' title='bbox 453 2527 502 2562; x_wconf 82' lang='grc' dir='ltr'><strong>τῆς</strong></span> <span class='ocrx_word' id='word_1_718' title='bbox 525 2527 578 2553; x_wconf 83' lang='grc' dir='ltr'><strong>τῶν</strong></span> <span class='ocrx_word' id='word_1_719' title='bbox 600 2527 726 2562; x_wconf 80' lang='grc' dir='ltr'>μαοητῶν</span> <span class='ocrx_word' id='word_1_720' title='bbox 747 2526 879 2561; x_wconf 69' lang='grc' dir='ltr'>ὠςρελείας</span> 
     </span>
    </p>
   </div>
   <div class='ocr_carea' id='block_1_99' title="bbox 86 2572 877 2609">
    <p class='ocr_par' dir='ltr' id='par_1_99' title="bbox 86 2572 877 2609">
     <span class='ocr_line' id='line_1_99' title="bbox 86 2572 877 2609; baseline -0.003 -9"><span class='ocrx_word' id='word_1_721' title='bbox 86 2573 202 2609; x_wconf 64' lang='grc' dir='ltr'>ἁρμόζει</span> <span class='ocrx_word' id='word_1_722' title='bbox 218 2573 325 2608; x_wconf 79' lang='grc' dir='ltr'>πρῶτον</span> <span class='ocrx_word' id='word_1_723' title='bbox 339 2573 414 2608; x_wconf 80' lang='grc' dir='ltr'>παρὰ</span> <span class='ocrx_word' id='word_1_724' title='bbox 427 2572 494 2599; x_wconf 77' lang='grc' dir='ltr'>Θεοῦ</span> <span class='ocrx_word' id='word_1_725' title='bbox 514 2572 661 2607; x_wconf 76' lang='grc' dir='ltr'>λαμϐάνειν</span> <span class='ocrx_word' id='word_1_726' title='bbox 675 2572 737 2604; x_wconf 76' lang='grc' dir='ltr'>τοὺς</span> <span class='ocrx_word' id='word_1_727' title='bbox 755 2572 877 2608; x_wconf 79' lang='grc' dir='ltr'>μισθοὺς,</span> 
     </span>
    </p>
   </div>
   <div class='ocr_carea' id='block_1_100' title="bbox 87 2618 880 2654">
    <p class='ocr_par' dir='ltr' id='par_1_100' title="bbox 87 2618 880 2654">
     <span class='ocr_line' id='line_1_100' title="bbox 87 2618 880 2654; baseline 0 -10"><span class='ocrx_word' id='word_1_728' title='bbox 87 2620 184 2645; x_wconf 76' lang='grc' dir='ltr'>ἔπειτα</span> <span class='ocrx_word' id='word_1_729' title='bbox 193 2618 256 2650; x_wconf 82' lang='grc' dir='ltr'>τοὺς</span> <span class='ocrx_word' id='word_1_730' title='bbox 270 2618 405 2653; x_wconf 82' lang='grc' dir='ltr'>μαθητάς,</span> <span class='ocrx_word' id='word_1_731' title='bbox 427 2619 481 2645; x_wconf 72' lang='grc' dir='ltr'><strong>Καὶ</strong></span> <span class='ocrx_word' id='word_1_732' title='bbox 493 2618 547 2652; x_wconf 80' lang='grc' dir='ltr'>γὰρ</span> <span class='ocrx_word' id='word_1_733' title='bbox 564 2619 578 2644; x_wconf 88' lang='grc' dir='ltr'><em>ὀ</em></span> <span class='ocrx_word' id='word_1_734' title='bbox 593 2618 725 2654; x_wconf 83' lang='grc' dir='ltr'>γεωργὸς,</span> <span class='ocrx_word' id='word_1_735' title='bbox 742 2619 806 2645; x_wconf 82' lang='grc' dir='ltr'>ὅταν</span> <span class='ocrx_word' id='word_1_736' title='bbox 823 2619 880 2644; x_wconf 78' lang='grc' dir='ltr'>εἱσ-</span> 
     </span>
    </p>
   </div>
   <div class='ocr_carea' id='block_1_101' title="bbox 88 2662 878 2700">
    <p class='ocr_par' dir='ltr' id='par_1_101' title="bbox 88 2662 878 2700">
     <span class='ocr_line' id='line_1_101' title="bbox 88 2662 878 2700; baseline 0.003 -11"><span class='ocrx_word' id='word_1_737' title='bbox 88 2664 184 2700; x_wconf 75' lang='grc' dir='ltr'>οδιάσῃ</span> <span class='ocrx_word' id='word_1_738' title='bbox 202 2663 247 2689; x_wconf 77' lang='grc' dir='ltr'><strong>τὸν</strong></span> <span class='ocrx_word' id='word_1_739' title='bbox 260 2663 364 2698; x_wconf 82' lang='grc' dir='ltr'>καρπὸν</span> <span class='ocrx_word' id='word_1_740' title='bbox 376 2662 470 2695; x_wconf 74' lang='grc' dir='ltr'>αὑτοῦ,</span> <span class='ocrx_word' id='word_1_741' title='bbox 493 2662 600 2698; x_wconf 84' lang='grc' dir='ltr'>πρῶτον</span> <span class='ocrx_word' id='word_1_742' title='bbox 610 2664 712 2695; x_wconf 80' lang='grc' dir='ltr'>ἐκεῖνος</span> <span class='ocrx_word' id='word_1_743' title='bbox 721 2663 878 2699; x_wconf 79' lang='grc' dir='ltr'>θησαυρίζει</span> 
     </span>
    </p>
   </div>
   <div class='ocr_carea' id='block_1_102' title="bbox 87 2709 877 2746">
    <p class='ocr_par' dir='ltr' id='par_1_102' title="bbox 87 2709 877 2746">
     <span class='ocr_line' id='line_1_102' title="bbox 87 2709 877 2746; baseline -0.001 -9"><span class='ocrx_word' id='word_1_744' title='bbox 87 2711 122 2736; x_wconf 79' lang='grc' dir='ltr'>ἐκ</span> <span class='ocrx_word' id='word_1_745' title='bbox 138 2710 192 2737; x_wconf 85' lang='grc' dir='ltr'><strong>τῶν</strong></span> <span class='ocrx_word' id='word_1_746' title='bbox 222 2710 336 2746; x_wconf 78' lang='grc' dir='ltr'>καρπῶν</span> <span class='ocrx_word' id='word_1_747' title='bbox 353 2709 434 2736; x_wconf 74' lang='grc' dir='ltr'>αὑτοῦ</span> <span class='ocrx_word' id='word_1_748' title='bbox 452 2710 480 2736; x_wconf 79' lang='grc' dir='ltr'>ἐν</span> <span class='ocrx_word' id='word_1_749' title='bbox 497 2709 536 2745; x_wconf 83' lang='grc' dir='ltr'><strong>τῷ</strong></span> <span class='ocrx_word' id='word_1_750' title='bbox 552 2709 618 2745; x_wconf 77' lang='grc' dir='ltr'>οἴκῳ</span> <span class='ocrx_word' id='word_1_751' title='bbox 634 2709 714 2736; x_wconf 80' lang='grc' dir='ltr'>αὑτοῦ</span> <span class='ocrx_word' id='word_1_752' title='bbox 725 2718 731 2724; x_wconf 90' lang='grc'><strong>·</strong></span> <span class='ocrx_word' id='word_1_753' title='bbox 744 2710 791 2736; x_wconf 81' lang='grc' dir='ltr'>καὶ</span> <span class='ocrx_word' id='word_1_754' title='bbox 805 2709 877 2736; x_wconf 79' lang='grc' dir='ltr'>οὕτω</span> 
     </span>
    </p>
   </div>
   <div class='ocr_carea' id='block_1_103' title="bbox 89 2755 875 2793">
    <p class='ocr_par' dir='ltr' id='par_1_103' title="bbox 89 2755 875 2793">
     <span class='ocr_line' id='line_1_103' title="bbox 89 2755 875 2793; baseline -0.001 -10"><span class='ocrx_word' id='word_1_755' title='bbox 89 2757 202 2793; x_wconf 79' lang='grc' dir='ltr'>παρέχει</span> <span class='ocrx_word' id='word_1_756' title='bbox 217 2756 272 2784; x_wconf 69' lang='grc' dir='ltr'>εἴτε</span> <span class='ocrx_word' id='word_1_757' title='bbox 285 2756 469 2792; x_wconf 77' lang='grc' dir='ltr'>ἐλεημοσύνην</span> <span class='ocrx_word' id='word_1_758' title='bbox 482 2756 537 2783; x_wconf 76' lang='grc' dir='ltr'>εἴτε</span> <span class='ocrx_word' id='word_1_759' title='bbox 551 2757 607 2788; x_wconf 85' lang='grc' dir='ltr'>τοῖς</span> <span class='ocrx_word' id='word_1_760' title='bbox 622 2756 773 2791; x_wconf 84' lang='grc' dir='ltr'>χρεώσταις</span> <span class='ocrx_word' id='word_1_761' title='bbox 781 2755 875 2782; x_wconf 80' lang='grc' dir='ltr'>αὑτοῦ.</span> 
     </span>
    </p>
   </div>
   <div class='ocr_carea' id='block_1_104' title="bbox 123 2833 642 2867">
    <p class='ocr_par' dir='ltr' id='par_1_104' title="bbox 123 2833 642 2867">
     <span class='ocr_line' id='line_1_104' title="bbox 123 2833 642 2867; baseline 0.004 -6"><span class='ocrx_word' id='word_1_762' title='bbox 123 2834 146 2851; x_wconf 79' lang='grc'><strong>⁸⁷</strong></span> <span class='ocrx_word' id='word_1_763' title='bbox 167 2833 177 2861; x_wconf 93' lang='grc' dir='ltr'><strong>ι</strong></span> <span class='ocrx_word' id='word_1_764' title='bbox 197 2834 322 2862; x_wconf 78' lang='lat' dir='ltr'><strong>Thcssal.</strong></span> <span class='ocrx_word' id='word_1_765' title='bbox 339 2843 375 2867; x_wconf 86' lang='lat' dir='ltr'><strong>tv,</strong></span> <span class='ocrx_word' id='word_1_766' title='bbox 392 2835 433 2862; x_wconf 74' lang='lat' dir='ltr'><strong>II.</strong></span> <span class='ocrx_word' id='word_1_767' title='bbox 472 2835 494 2852; x_wconf 82' lang='lat'><strong>&quot;‘</strong></span> <span class='ocrx_word' id='word_1_768' title='bbox 514 2835 578 2864; x_wconf 85' lang='lat' dir='ltr'><strong>ibid.</strong></span> <span class='ocrx_word' id='word_1_769' title='bbox 602 2834 642 2863; x_wconf 82' lang='lat' dir='ltr'><strong>I6.</strong></span> 
     </span>
    </p>
   </div>
   <div class='ocr_carea' id='block_1_105' title="bbox 679 2834 922 2869">
    <p class='ocr_par' dir='ltr' id='par_1_105' title="bbox 679 2834 922 2869">
     <span class='ocr_line' id='line_1_105' title="bbox 679 2834 922 2869; baseline -0.004 -6"><span class='ocrx_word' id='word_1_770' title='bbox 679 2834 701 2851; x_wconf 74' lang='grc'><strong>⁸⁹</strong></span> <span class='ocrx_word' id='word_1_771' title='bbox 721 2834 741 2863; x_wconf 85' lang='grc' dir='ltr'><strong>ιι</strong></span> <span class='ocrx_word' id='word_1_772' title='bbox 762 2834 832 2863; x_wconf 85' lang='lat' dir='ltr'><strong>Tim.</strong></span> <span class='ocrx_word' id='word_1_773' title='bbox 850 2842 879 2869; x_wconf 84' lang='lat' dir='ltr'><strong>ii,</strong></span> <span class='ocrx_word' id='word_1_774' title='bbox 895 2834 922 2862; x_wconf 73' lang='grc'><strong>6.</strong></span> 
     </span>
    </p>
   </div>
   <div class='ocr_carea' id='block_1_106' title="bbox 929 2251 1636 2287">
    <p class='ocr_par' dir='ltr' id='par_1_106' title="bbox 929 2251 1636 2287">
     <span class='ocr_line' id='line_1_106' title="bbox 929 2251 1636 2287; baseline -0.003 -7"><span class='ocrx_word' id='word_1_775' title='bbox 929 2253 997 2280; x_wconf 82' lang='lat' dir='ltr'><strong>cerit</strong></span> <span class='ocrx_word' id='word_1_776' title='bbox 1013 2260 1085 2280; x_wconf 88' lang='lat' dir='ltr'><strong>eum.</strong></span> <span class='ocrx_word' id='word_1_777' title='bbox 1099 2251 1166 2278; x_wconf 79' lang='lat' dir='ltr'><strong>Nam</strong></span> <span class='ocrx_word' id='word_1_778' title='bbox 1182 2253 1232 2279; x_wconf 82' lang='lat' dir='ltr'><strong>IIOC</strong></span> <span class='ocrx_word' id='word_1_779' title='bbox 1249 2256 1290 2279; x_wconf 87' lang='lat' dir='ltr'><strong>cst</strong></span> <span class='ocrx_word' id='word_1_780' title='bbox 1307 2251 1373 2278; x_wconf 91' lang='lat' dir='ltr'><strong>illud</strong></span> <span class='ocrx_word' id='word_1_781' title='bbox 1390 2252 1508 2287; x_wconf 79' lang='lat' dir='ltr'><strong>legitime</strong></span> <span class='ocrx_word' id='word_1_782' title='bbox 1523 2257 1636 2279; x_wconf 85' lang='lat' dir='ltr'><strong>certare.</strong></span> 
     </span>
    </p>
   </div>
   <div class='ocr_carea' id='block_1_107' title="bbox 967 2341 1715 2378">
    <p class='ocr_par' dir='ltr' id='par_1_107' title="bbox 967 2341 1715 2378">
     <span class='ocr_line' id='line_1_107' title="bbox 967 2341 1715 2378; baseline 0.003 -10"><span class='ocrx_word' id='word_1_783' title='bbox 967 2341 1047 2369; x_wconf 78' lang='lat' dir='ltr'><strong>Pnor.</strong></span> <span class='ocrx_word' id='word_1_784' title='bbox 1078 2341 1172 2369; x_wconf 74' lang='lat' dir='ltr'><strong>CXIX.</strong></span> <span class='ocrx_word' id='word_1_785' title='bbox 1198 2352 1207 2367; x_wconf 76' lang='grc' dir='ltr'><strong>ι</strong></span> <span class='ocrx_word' id='word_1_786' title='bbox 1235 2342 1414 2369; x_wconf 83' lang='lat' dir='ltr'><strong>Laborantem</strong></span> <span class='ocrx_word' id='word_1_787' title='bbox 1438 2343 1584 2378; x_wconf 80' lang='lat' dir='ltr'><strong>agricolam</strong></span> <span class='ocrx_word' id='word_1_788' title='bbox 1609 2346 1715 2378; x_wconf 83' lang='lat' dir='ltr'><strong>oportet</strong></span> 
     </span>
    </p>
   </div>
   <div class='ocr_carea' id='block_1_108' title="bbox 928 2389 1474 2424">
    <p class='ocr_par' dir='ltr' id='par_1_108' title="bbox 928 2389 1474 2424">
     <span class='ocr_line' id='line_1_108' title="bbox 928 2389 1474 2424; baseline 0 -9"><span class='ocrx_word' id='word_1_789' title='bbox 928 2389 1047 2424; x_wconf 88' lang='lat' dir='ltr'><strong>primum</strong></span> <span class='ocrx_word' id='word_1_790' title='bbox 1062 2389 1095 2416; x_wconf 89' lang='lat' dir='ltr'><strong>de</strong></span> <span class='ocrx_word' id='word_1_791' title='bbox 1107 2389 1242 2415; x_wconf 71' lang='lat' dir='ltr'><strong>fructibus</strong></span> <span class='ocrx_word' id='word_1_792' title='bbox 1256 2390 1394 2423; x_wconf 83' lang='lat' dir='ltr'><strong>percipere</strong></span> <span class='ocrx_word' id='word_1_793' title='bbox 1410 2390 1443 2416; x_wconf 73' lang='lat'><strong>9°.</strong></span> <span class='ocrx_word' id='word_1_794' title='bbox 1465 2399 1474 2415; x_wconf 80' lang='grc' dir='ltr'><strong>ι</strong></span> 
     </span>
    </p>
   </div>
   <div class='ocr_carea' id='block_1_109' title="bbox 963 2434 1714 2470">
    <p class='ocr_par' dir='ltr' id='par_1_109' title="bbox 963 2434 1714 2470">
     <span class='ocr_line' id='line_1_109' title="bbox 963 2434 1714 2470; baseline -0.001 -8"><span class='ocrx_word' id='word_1_795' title='bbox 963 2436 1046 2470; x_wconf 77' lang='grc'>278</span> <span class='ocrx_word' id='word_1_796' title='bbox 1063 2435 1222 2462; x_wconf 46' lang='lat' dir='ltr'><strong>Ismarium.</strong></span> <span class='ocrx_word' id='word_1_797' title='bbox 1237 2435 1292 2462; x_wconf 90' lang='lat' dir='ltr'><strong>IIoc</strong></span> <span class='ocrx_word' id='word_1_798' title='bbox 1311 2435 1343 2462; x_wconf 92' lang='lat' dir='ltr'><strong>dc</strong></span> <span class='ocrx_word' id='word_1_799' title='bbox 1359 2435 1545 2470; x_wconf 82' lang='lat' dir='ltr'><strong>spiritualibus</strong></span> <span class='ocrx_word' id='word_1_800' title='bbox 1556 2434 1714 2462; x_wconf 75' lang='lat' dir='ltr'><strong>doctoribus</strong></span> 
     </span>
    </p>
   </div>
   <div class='ocr_carea' id='block_1_110' title="bbox 930 2480 1714 2515">
    <p class='ocr_par' dir='ltr' id='par_1_110' title="bbox 930 2480 1714 2515">
     <span class='ocr_line' id='line_1_110' title="bbox 930 2480 1714 2515; baseline -0.003 -7"><span class='ocrx_word' id='word_1_801' title='bbox 930 2481 998 2508; x_wconf 77' lang='lat' dir='ltr'><strong>dixit</strong></span> <span class='ocrx_word' id='word_1_802' title='bbox 1026 2491 1031 2508; x_wconf 94' lang='lat'>:</span> <span class='ocrx_word' id='word_1_803' title='bbox 1056 2481 1118 2515; x_wconf 89' lang='lat' dir='ltr'><strong>quia</strong></span> <span class='ocrx_word' id='word_1_804' title='bbox 1143 2489 1190 2515; x_wconf 87' lang='lat' dir='ltr'><strong>par</strong></span> <span class='ocrx_word' id='word_1_805' title='bbox 1207 2484 1258 2513; x_wconf 81' lang='lat' dir='ltr'><strong>est,</strong></span> <span class='ocrx_word' id='word_1_806' title='bbox 1281 2485 1309 2507; x_wconf 90' lang='lat' dir='ltr'><strong>ut</strong></span> <span class='ocrx_word' id='word_1_807' title='bbox 1325 2480 1432 2513; x_wconf 74' lang='lat' dir='ltr'><strong>doctor,</strong></span> <span class='ocrx_word' id='word_1_808' title='bbox 1453 2481 1498 2515; x_wconf 88' lang='lat' dir='ltr'><strong>qui</strong></span> <span class='ocrx_word' id='word_1_809' title='bbox 1517 2488 1565 2515; x_wconf 91' lang='lat' dir='ltr'><strong>pro</strong></span> <span class='ocrx_word' id='word_1_810' title='bbox 1581 2488 1610 2507; x_wconf 81' lang='lat' dir='ltr'><strong>se</strong></span> <span class='ocrx_word' id='word_1_811' title='bbox 1623 2484 1649 2507; x_wconf 88' lang='lat' dir='ltr'><strong>et</strong></span> <span class='ocrx_word' id='word_1_812' title='bbox 1664 2487 1714 2514; x_wconf 89' lang='lat' dir='ltr'><strong>pro</strong></span> 
     </span>
    </p>
   </div>
   <div class='ocr_carea' id='block_1_111' title="bbox 928 2527 1713 2561">
    <p class='ocr_par' dir='ltr' id='par_1_111' title="bbox 928 2527 1713 2561">
     <span class='ocr_line' id='line_1_111' title="bbox 928 2527 1713 2561; baseline -0.001 -7"><span class='ocrx_word' id='word_1_813' title='bbox 928 2527 987 2554; x_wconf 85' lang='lat' dir='ltr'><strong>suis</strong></span> <span class='ocrx_word' id='word_1_814' title='bbox 1004 2527 1175 2553; x_wconf 80' lang='lat' dir='ltr'><strong>auditoribus</strong></span> <span class='ocrx_word' id='word_1_815' title='bbox 1189 2527 1294 2554; x_wconf 84' lang='lat' dir='ltr'><strong>laborat</strong></span> <span class='ocrx_word' id='word_1_816' title='bbox 1310 2531 1336 2554; x_wconf 88' lang='lat' dir='ltr'><strong>et</strong></span> <span class='ocrx_word' id='word_1_817' title='bbox 1351 2527 1483 2558; x_wconf 79' lang='lat' dir='ltr'><strong>decertat,</strong></span> <span class='ocrx_word' id='word_1_818' title='bbox 1497 2527 1612 2561; x_wconf 84' lang='lat' dir='ltr'><strong>primum</strong></span> <span class='ocrx_word' id='word_1_819' title='bbox 1630 2534 1644 2553; x_wconf 89' lang='lat' dir='ltr'><strong>a</strong></span> <span class='ocrx_word' id='word_1_820' title='bbox 1659 2527 1713 2553; x_wconf 71' lang='lat' dir='ltr'><strong>Dr-o</strong></span> 
     </span>
    </p>
   </div>
   <div class='ocr_carea' id='block_1_112' title="bbox 929 2571 1712 2607">
    <p class='ocr_par' dir='ltr' id='par_1_112' title="bbox 929 2571 1712 2607">
     <span class='ocr_line' id='line_1_112' title="bbox 929 2571 1712 2607; baseline 0 -9"><span class='ocrx_word' id='word_1_821' title='bbox 929 2571 1081 2599; x_wconf 85' lang='lat' dir='ltr'><strong>mercedem</strong></span> <span class='ocrx_word' id='word_1_822' title='bbox 1096 2572 1221 2606; x_wconf 84' lang='lat' dir='ltr'><strong>recipiat,</strong></span> <span class='ocrx_word' id='word_1_823' title='bbox 1237 2571 1334 2599; x_wconf 88' lang='lat' dir='ltr'><strong>deinde</strong></span> <span class='ocrx_word' id='word_1_824' title='bbox 1349 2571 1486 2607; x_wconf 89' lang='lat' dir='ltr'><strong>discipuli.</strong></span> <span class='ocrx_word' id='word_1_825' title='bbox 1497 2571 1564 2598; x_wconf 88' lang='lat' dir='ltr'><strong>Nam</strong></span> <span class='ocrx_word' id='word_1_826' title='bbox 1582 2573 1712 2607; x_wconf 77' lang='lat' dir='ltr'><strong>agricola,</strong></span> 
     </span>
    </p>
   </div>
   <div class='ocr_carea' id='block_1_113' title="bbox 929 2617 1713 2653">
    <p class='ocr_par' dir='ltr' id='par_1_113' title="bbox 929 2617 1713 2653">
     <span class='ocr_line' id='line_1_113' title="bbox 929 2617 1713 2653; baseline 0 -9"><span class='ocrx_word' id='word_1_827' title='bbox 929 2625 991 2645; x_wconf 91' lang='lat' dir='ltr'><strong>cum</strong></span> <span class='ocrx_word' id='word_1_828' title='bbox 1008 2617 1113 2645; x_wconf 81' lang='lat' dir='ltr'><strong>fructus</strong></span> <span class='ocrx_word' id='word_1_829' title='bbox 1125 2626 1190 2645; x_wconf 84' lang='lat' dir='ltr'><strong>suos</strong></span> <span class='ocrx_word' id='word_1_830' title='bbox 1203 2618 1323 2653; x_wconf 78' lang='lat' dir='ltr'><strong>collegit,</strong></span> <span class='ocrx_word' id='word_1_831' title='bbox 1341 2618 1385 2645; x_wconf 90' lang='lat' dir='ltr'><strong>ille</strong></span> <span class='ocrx_word' id='word_1_832' title='bbox 1402 2618 1507 2653; x_wconf 89' lang='lat' dir='ltr'><strong>primus</strong></span> <span class='ocrx_word' id='word_1_833' title='bbox 1527 2618 1553 2644; x_wconf 92' lang='lat' dir='ltr'><strong>in</strong></span> <span class='ocrx_word' id='word_1_834' title='bbox 1569 2618 1649 2645; x_wconf 90' lang='lat' dir='ltr'><strong>domo</strong></span> <span class='ocrx_word' id='word_1_835' title='bbox 1665 2626 1713 2645; x_wconf 88' lang='lat' dir='ltr'><strong>sua</strong></span> 
     </span>
    </p>
   </div>
   <div class='ocr_carea' id='block_1_114' title="bbox 927 2663 1713 2699">
    <p class='ocr_par' dir='ltr' id='par_1_114' title="bbox 927 2663 1713 2699">
     <span class='ocr_line' id='line_1_114' title="bbox 927 2663 1713 2699; baseline -0.003 -8"><span class='ocrx_word' id='word_1_836' title='bbox 927 2668 954 2691; x_wconf 88' lang='lat' dir='ltr'><strong>et</strong></span> <span class='ocrx_word' id='word_1_837' title='bbox 968 2663 1001 2691; x_wconf 92' lang='lat' dir='ltr'><strong>de</strong></span> <span class='ocrx_word' id='word_1_838' title='bbox 1014 2663 1147 2691; x_wconf 78' lang='lat' dir='ltr'><strong>fructibus</strong></span> <span class='ocrx_word' id='word_1_839' title='bbox 1160 2664 1218 2692; x_wconf 85' lang='lat' dir='ltr'><strong>suis</strong></span> <span class='ocrx_word' id='word_1_840' title='bbox 1233 2664 1284 2691; x_wconf 90' lang='lat' dir='ltr'><strong>sibi</strong></span> <span class='ocrx_word' id='word_1_841' title='bbox 1304 2665 1438 2692; x_wconf 88' lang='lat' dir='ltr'><strong>recondit.</strong></span> <span class='ocrx_word' id='word_1_842' title='bbox 1449 2665 1536 2699; x_wconf 79' lang='lat' dir='ltr'><strong>Atque</strong></span> <span class='ocrx_word' id='word_1_843' title='bbox 1551 2665 1590 2692; x_wconf 87' lang='lat' dir='ltr'><strong>sic</strong></span> <span class='ocrx_word' id='word_1_844' title='bbox 1604 2663 1713 2690; x_wconf 85' lang='lat' dir='ltr'><strong>demum</strong></span> 
     </span>
    </p>
   </div>
   <div class='ocr_carea' id='block_1_115' title="bbox 932 2709 1717 2746">
    <p class='ocr_par' dir='ltr' id='par_1_115' title="bbox 932 2709 1717 2746">
     <span class='ocr_line' id='line_1_115' title="bbox 932 2709 1717 2746; baseline 0.001 -10"><span class='ocrx_word' id='word_1_845' title='bbox 932 2713 979 2736; x_wconf 89' lang='lat' dir='ltr'><strong>aut</strong></span> <span class='ocrx_word' id='word_1_846' title='bbox 998 2709 1200 2745; x_wconf 82' lang='lat' dir='ltr'><strong>clecmosynam</strong></span> <span class='ocrx_word' id='word_1_847' title='bbox 1217 2710 1356 2746; x_wconf 81' lang='lat' dir='ltr'><strong>elargilur,</strong></span> <span class='ocrx_word' id='word_1_848' title='bbox 1373 2711 1417 2738; x_wconf 89' lang='lat' dir='ltr'><strong>vel</strong></span> <span class='ocrx_word' id='word_1_849' title='bbox 1432 2709 1566 2738; x_wconf 74' lang='lat' dir='ltr'><strong>satisfacit</strong></span> <span class='ocrx_word' id='word_1_850' title='bbox 1584 2709 1717 2738; x_wconf 77' lang='lat' dir='ltr'><strong>debitori-</strong></span> 
     </span>
    </p>
   </div>
   <div class='ocr_carea' id='block_1_116' title="bbox 927 2755 988 2785">
    <p class='ocr_par' dir='ltr' id='par_1_116' title="bbox 927 2755 988 2785">
     <span class='ocr_line' id='line_1_116' title="bbox 927 2755 988 2785; baseline 0.033 -2"><span class='ocrx_word' id='word_1_851' title='bbox 927 2755 988 2785; x_wconf 85' lang='lat' dir='ltr'><strong>bus.</strong></span> 
     </span>
    </p>
   </div>
   <div class='ocr_carea' id='block_1_117' title="bbox 959 2834 1310 2864">
    <p class='ocr_par' dir='ltr' id='par_1_117' title="bbox 959 2834 1310 2864">
     <span class='ocr_line' id='line_1_117' title="bbox 959 2834 1310 2864; baseline 0 -2"><span class='ocrx_word' id='word_1_852' title='bbox 959 2835 991 2853; x_wconf 83' lang='lat'><strong>&quot;&#39;</strong></span> <span class='ocrx_word' id='word_1_853' title='bbox 1011 2834 1078 2863; x_wconf 88' lang='lat' dir='ltr'><strong>ibid.</strong></span> <span class='ocrx_word' id='word_1_854' title='bbox 1093 2834 1120 2863; x_wconf 78' lang='lat'><strong>5.</strong></span> <span class='ocrx_word' id='word_1_855' title='bbox 1159 2835 1182 2852; x_wconf 80' lang='lat'><strong>‘°</strong></span> <span class='ocrx_word' id='word_1_856' title='bbox 1200 2835 1266 2864; x_wconf 84' lang='lat' dir='ltr'><strong>ibid.</strong></span> <span class='ocrx_word' id='word_1_857' title='bbox 1283 2835 1310 2863; x_wconf 85' lang='lat'><strong>6.</strong></span> 
     </span>
    </p>
   </div>
  </div>
