1940 3068
200 135 250 164 17!

235 194 318 222 PROP.
339 193 478 222 CXXVIII.
502 203 512 220 ‹
540 193 635 222 Sancti
654 200 750 222 omnes
772 201 821 229 per
835 193 915 221 ﬁdem
941 200 989 220 ex-
1002 194 1026 222 Α

200 245 388 277 pugnaverunt
404 249 518 276 regnum
535 243 556 268 ³.
579 251 588 267 ι

236 288 345 314 liv-rear.
370 287 526 319 Abraham,
555 287 656 318 Moses,
681 286 761 314 Jesus
794 286 866 313 ﬁlius
894 285 985 312 Nave:

203 342 213 358 ί
236 333 342 368 operati
363 337 427 360 sunt
446 333 580 367 justitiam
594 353 601 364 ,
628 342 638 359 ι
654 333 801 364 Abraham,
822 331 937 358 Phinees
960 336 987 358 et

200 377 302 411 David;
324 387 333 403 ί
355 378 443 413 adepli
469 382 533 406 sunt
555 379 771 412 promissiones,
793 387 802 403 ι
827 378 890 404 item
907 376 987 404 Jesus

200 424 272 450 ﬁlius
288 423 361 451 Nave
374 428 401 451 et
412 424 528 457 Chaleh;
544 434 552 449 l
569 425 765 451 obturarerunt
782 431 829 450 ora
844 424 963 454 leonum,
976 432 984 447 ι

200 469 293 496 Daniel
307 471 332 496 in
345 471 451 497 leonum
466 471 542 497 fovea
555 479 562 502 ;
580 480 589 496 ί
604 470 799 497 Exstinxerunt
812 470 837 496 vi
851 480 864 495 ιι
878 470 959 504 ignis,
976 479 985 494 ι

201 519 258 541 tres
274 516 311 541 illi
330 516 406 549 pueri
423 515 451 541 in
467 516 545 550 ignea
563 515 674 542 iornace
690 523 696 546 ;
714 524 723 539 ι
743 515 900 550 Etrugerunt
916 515 988 542 acies

200 561 300 595 gladii,
319 570 328 586 ι
349 561 438 588 Helias
455 565 481 588 ct
497 561 580 588 David
600 570 607 594 ;
631 571 639 586 ι
660 561 790 588 Roborali
808 565 872 588 sunt
894 569 924 587 ex
947 562 989 587 in-

201 607 341 638 ﬁrmitate,
360 616 368 631 ι
390 609 462 632 velut
477 606 608 633 Elechias
624 615 630 639 ;
656 615 665 631 ι
685 606 780 634 Fortes
801 607 864 633 facti
880 611 944 634 sunt
960 607 988 634 in

202 651 283 682 bello,
301 661 310 677 ›
328 652 411 678 veluti
428 653 554 683 Samson,
571 652 618 686 qui
636 659 688 678 una
703 651 773 678 asini
787 653 895 679 maxilla
915 653 988 679 mille

201 696 349 730 prostravit
367 697 553 730 alienigenas;
588 706 597 721 ‹
626 696 752 724 Mulieres
775 701 939 731 acceperunt
955 705 988 724 ex

201 743 400 769 resurrectione
425 747 547 769 mortuos
574 750 649 774 suos,
678 751 687 767 ι
714 741 864 769 Sunamitis
887 746 913 769 ct
937 742 987 769 Sa-

202 787 325 822 rephthia
336 795 342 819 ;
353 797 362 813 ί
374 787 420 814 alii
431 795 495 814 vero
503 787 614 814 distenti
624 792 696 819 sunt,
708 797 718 813 ›
732 787 861 815 Iacobum
872 788 922 823 (δ’)
933 787 989 814 l‘ra-

202 837 270 860 trem
297 833 405 860 Domini
426 833 501 864 dicit,
519 838 546 860 et
562 834 630 860 alios
650 833 749 868 quibus
767 838 907 868 amputata
924 838 988 862 sunt

201 880 292 914 capita
308 889 314 906 :
333 887 396 906 nam
414 879 544 906 distentio
558 880 627 906 nihil
649 880 722 907 aliud
737 884 779 907 est
797 889 878 915 quam
892 881 985 909 decol~
1003 870 1024 897 Β

201 926 284 958 latio;
304 934 313 951 ι
331 925 377 952 alii
392 933 457 952 vero
483 926 600 953 ludibria
616 930 643 954 et
662 926 746 962 ﬂagra
761 927 865 961 experti
880 931 956 960 sunt,
974 937 983 954 ι

200 971 302 1003 Isaias.
324 970 471 1004 Jeremias;
494 976 521 999 et
548 972 691 1005 Michatas;
710 983 719 998 ι
741 973 864 1008 Lapidati
878 979 954 1006 sunt,
974 984 984 1000 ι

202 1017 357 1052 Stephanus
374 1020 401 1044 et
423 1017 572 1049 Nabuthe;
593 1027 602 1042 ‹
623 1017 740 1045 Dissecli
769 1022 844 1051 sunt,
866 1029 875 1044 ι
903 1019 987 1047 Isaias

200 1071 280 1097 quem
294 1071 370 1090 serra
383 1064 470 1098 lignea
482 1068 609 1090 secarunt
619 1062 705 1090 Judazi
721 1072 728 1097 ;
742 1073 752 1090 ι
765 1064 871 1091 Tentati
885 1069 958 1097 sunt,
975 1074 984 1091 ›

201 1108 285 1135 veluti
305 1108 377 1141 Job;
395 1117 404 1134 ι
426 1108 454 1134 in
471 1109 611 1135 occisione
625 1109 707 1143 gladii
727 1109 914 1136 occubuerunt
931 1111 952 1142 ³,
975 1119 984 1135 ›

199 1153 330 1185 Jacobus,
363 1153 511 1181 Zacharias
538 1159 565 1180 et
595 1154 651 1181 alii.
680 1163 688 1179 ι
714 1155 801 1189 Atque
825 1163 920 1183 omnes
941 1156 987 1182 isti

200 1199 361 1227 testimonio
381 1199 489 1234 probati
504 1207 553 1233 per
569 1199 660 1231 ﬁdem,
679 1207 733 1227 non
747 1208 909 1235 acceperunt
925 1209 987 1236 pro-

201 1247 388 1274 missionenm
399 1246 501 1273 Omnes
514 1245 638 1273 videlicet
648 1246 693 1273 isti
707 1247 794 1274 sancti
802 1247 988 1274 testimonium

202 1300 343 1327 accepere,
371 1291 443 1327 quod
477 1292 630 1326 placuerint
661 1292 726 1324 Deo,
754 1298 781 1320 et
811 1293 834 1320 si
864 1293 987 1320 nondum

200 1339 328 1366 fruantur
343 1339 442 1373 gaudio
462 1339 537 1373 regni
552 1339 682 1366 caelorum
702 1343 729 1366 et
742 1347 836 1367 eorum
853 1340 987 1368 bonorum

200 1392 261 1419 quae
273 1385 407 1419 promissa
420 1389 483 1412 sunt
496 1378 596 1419 justis;
606 1385 653 1412 sed
666 1388 823 1419 exspectent
838 1386 987 1413 secundum

200 1431 357 1462 adventum,
378 1435 408 1456 ut
429 1434 485 1456 tum
501 1434 666 1456 coronentur
690 1438 785 1457 omnes
800 1431 827 1457 in
847 1439 902 1458 uno
916 1432 989 1459 hora’.

201 1481 349 1504 momento.
372 1475 440 1502 Nam
463 1476 513 1502 hoc
539 1480 582 1502 est
604 1476 675 1510 quod
699 1476 787 1510 inquit
808 1477 955 1511 Apostolus
979 1485 986 1504 :

203 1531 214 1548 ι
234 1522 288 1549 Deo
301 1529 350 1557 pro
365 1522 443 1549 nobis
458 1521 555 1548 melius
566 1521 668 1556 aliquid
685 1523 855 1556 providente,
878 1531 911 1550 ne
930 1523 989 1551 sine

201 1570 280 1597 nobis
295 1572 552 1596 consummarentur
570 1568 590 1594 ⁵.
612 1577 620 1594 ι
643 1567 709 1594 Nam
727 1568 795 1595 citra
811 1577 988 1597 consumma-

200 1616 303 1642 tionem
328 1615 450 1642 omniuin
476 1619 643 1646 sanctorum,
668 1615 779 1641 dimidia
809 1623 872 1649 pars
893 1623 987 1642 eorum

200 1663 271 1689 bona
283 1662 417 1696 promissa
431 1669 485 1688 non
504 1661 613 1696 accipit.
630 1661 710 1695 Spem
728 1660 836 1695 quidem
855 1665 882 1688 et
893 1662 988 1688 arrha-

201 1707 272 1734 bona
285 1707 394 1738 habent,
405 1707 576 1741 separatique
587 1710 650 1733 sunt
663 1714 677 1732 a
687 1706 885 1740 peccatoribus.
899 1705 987 1741 ipsam

200 1761 265 1780 vero
289 1753 482 1787 perfectionem
510 1751 630 1778 nondum
659 1751 740 1786 280
767 1755 831 1778 sunt
857 1753 986 1783 assecuti,

200 1807 260 1834 qua:
277 1803 318 1826 est
334 1798 540 1833 praestabilior;
569 1798 698 1824 nimirum
724 1801 753 1823 ut
775 1804 870 1824 omnes
893 1798 987 1824 eodem

200 1849 322 1878 tempore
339 1843 421 1870 simul
436 1843 539 1869 intrent.
552 1842 579 1869 in
592 1850 716 1876 regnum,
733 1846 759 1869 et
771 1843 911 1876 aequaliter
928 1851 987 1870 om-

200 1896 249 1917 nes
265 1889 354 1916 sancti
369 1889 502 1915 bonorum
519 1887 566 1914 Dei
584 1888 732 1922 participes
749 1887 825 1915 liant.

234 1978 316 2005 PROP.
331 1977 450 2004 CXXIX.
467 1986 477 2002 ‹
495 1976 551 2004 Nos
567 1982 669 2004 lautam
685 1977 815 2006 habentes
830 1978 986 2012 impositam

199 2025 299 2052 nubem
317 2025 427 2051 testium
443 2025 464 2049 ⁵.
487 2033 495 2049 ι

234 2070 397 2098 lavemur.
423 2069 527 2096 Nubcm
551 2069 661 2096 testium
682 2070 756 2104 ipsos
773 2071 892 2102 vocavit,
919 2071 985 2106 quia

198 2118 318 2145 irrorant
332 2124 382 2144 nos
397 2117 443 2151 qui
464 2117 491 2143 in
511 2117 629 2151 peccatis
657 2116 811 2143 detinentur
832 2122 859 2144 et
882 2122 984 2144 aestua-

198 2171 271 2196 mus,
294 2167 320 2190 et
339 2162 435 2189 umbra
457 2170 514 2189 suae
530 2162 734 2190 intercessionis
756 2169 806 2190 nos
825 2168 983 2199 contegunt.

230 2253 312 2280 PROP.
323 2252 429 2281 CXXX.
445 2262 455 2279 ‹
472 2252 643 2289 Deponentes
657 2261 738 2282 omne
748 2256 865 2291 pondus,
881 2260 909 2284 et
929 2258 983 2285 cir-
999 2229 1022 2258 ο

197 2305 338 2327 cumstans
351 2307 401 2327 n05
416 2304 557 2335 peccatum
573 2301 594 2327 °.
613 2310 622 2326 Ι

234 2357 341 2385 lnranp.
359 2357 469 2386 Pondus
482 2378 489 2390 ,
506 2359 708 2387 multitudinem
721 2364 810 2387 vocat.
829 2360 875 2388 Sic
891 2367 981 2389 autem

197 2404 286 2438 inquit
303 2412 310 2431 :
327 2403 550 2439 Quandoquidem
566 2405 697 2433 habemus
709 2410 812 2433 tantam
828 2408 984 2436 multitudi-

197 2457 259 2476 nem
271 2453 427 2476 sanctorum
445 2451 564 2482 testium,
582 2451 668 2478 instar
682 2452 796 2479 nubium
817 2453 979 2481 irrorantem

196 2503 258 2528 nos,
277 2496 470 2523 intercessioni
489 2503 601 2531 precum
622 2497 744 2531 ipsorum
766 2497 874 2529 conﬁsi,
892 2498 982 2526 imite-

197 2550 258 2569 mur
274 2548 300 2569 et
314 2550 364 2569 nos
386 2542 493 2569 illorum
516 2543 631 2570 virtutes
646 2553 652 2570 :
668 2548 694 2570 et
709 2543 784 2570 omni
807 2549 981 2578 peccatorum

196 2588 303 2623 abjecto
315 2588 449 2622 pondere,
465 2592 546 2624 atque
561 2593 674 2624 peccato
699 2590 895 2617 circumstante
917 2591 982 2618 reli—

195 2639 250 2666 cto,
267 2642 315 2669 per
332 2635 507 2662 tolerantiam
527 2638 553 2662 et
571 2635 813 2670 aequanimitatem,
835 2644 981 2664 curramus

195 2680 223 2708 in
237 2681 347 2709 virtutis
361 2682 519 2710 certamine.
531 2682 720 2710 Circumstans
732 2688 823 2712 autem
838 2689 980 2719 peccatum

228 2761 238 2776 ¹
258 2759 330 2787 Ilebr
356 2768 401 2792 ιι,
418 2760 462 2787 33.
503 2761 514 2776 ³
533 2760 597 2788 ibid.
615 2761 709 2788 55-57.

229 2815 425 2855 (55:)_Jacobus__
439 2817 485 2855 qui
501 2816 650 2855 decollatus
666 2818 715 2846 fuit
729 2827 782 2847 non
800 2819 883 2846 frater
902 2819 1018 2855 Domini,

193 2853 221 2879 in
243 2852 325 2886 Epist.
347 2851 381 2877 ad
403 2851 537 2884 llcbra'os,
556 2861 581 2888 p.
597 2853 658 2880 507.

760 132 789 160 S.
810 130 1042 159 ATHANASIUS.
1063 145 1098 150 —
1116 130 1251 158 SPURIA.

750 2763 761 2778 ⁸
781 2762 847 2790 ibid.
868 2763 913 2790 40.
937 2763 947 2778 ⁵
967 2763 1050 2791 Hebr.
1072 2772 1123 2795 κη,
1146 2764 1172 2792 Ι.

1806 124 1864 152 772

1073 191 1204 227 Κείμενον
1215 195 1285 228 ρκη’.
1305 201 1314 218 ι
1329 193 1360 218 Oi
1377 191 1449 226 ἆγιοι
1466 187 1614 221 πάντεςδιὰ
1633 187 1774 216 πίστεως
1790 193 1865 211 κατ-

1038 238 1207 273 ηγωνίσαντο
1224 238 1369 273 βασιλείαν.
1381 238 1383 241 ’

1079 284 1192 320 Ἐρμην.
1226 284 1359 320 Ἀϐραὰμ,
1386 282 1499 318 Μωσῆς,
1529 281 1637 316 Ἰησοῦς
1669 279 1728 306 τοῦ
1759 279 1861 313 Ναυῖγ

1041 340 1050 356 ι
1070 331 1232 366 εἰργάσαντο
1245 330 1428 365 δικαιοσύνην,
1453 338 1463 354 ι
1494 327 1632 364 Ἀϐραὰμ,
1655 326 1783 357 Φινεὲς,
1810 325 1862 351 καὶ

1039 377 1137 403 Δαϐίδ’
1158 387 1166 402 ε
1187 376 1315 411 ζεπέτυχον
1333 375 1514 410 ἐπαγγελιῶν,
1531 385 1540 400 ι
1565 373 1680 408 Ἰησοῦς
1698 371 1754 398 τοῦ
1772 370 1860 405 Ναυῆ

1039 425 1085 450 καὶ
1099 423 1199 449 Χαλέϐ·
1216 433 1224 448 ε
1239 423 1357 458 ἔφραξαν
1375 423 1496 457 στόματα
1515 421 1645 452 λεόντων,
1666 429 1677 445 ι
1697 418 1811 452 Δανιὴλ
1829 419 1860 444 ἐν

1038 468 1076 503 τῷ
1102 468 1214 504 λάκκῳ’
1242 478 1250 493 ι
1271 468 1385 494 ἔσϐεσαν
1409 468 1522 502 δύναμιν
1546 465 1645 501 πυρὸς,
1673 474 1685 491 ι
1717 465 1744 491 οξ
1779 465 1860 499 τρεῖς

1039 514 1134 545 παῖδες
1155 515 1183 540 ἐν
1200 514 1316 549 καμίνῳ.
1338 523 1346 539 ι
1368 514 1487 548 Ἔφυγον
1506 512 1628 547 στόματα
1653 511 1825 546 μαχαίρας,
1845 518 1855 536 ι

1044 559 1137 590 Ἠλίας
1146 560 1192 586 καὶ
1204 559 1294 586 Δαῢίὸ.
1305 569 1314 584 ι
1326 557 1581 593 Ἐνεδυναμώθησαν
1589 556 1648 583 ἀπὸ
1657 555 1830 587 ἀσθενείας,
1843 563 1854 580 ι

1039 605 1076 637 ὡς
1100 606 1232 637 Ἐζεκίας,
1256 615 1265 631 ί
1296 605 1477 640 Ἐγενήθησαν
1495 603 1600 638 ἰσχυροὶ
1620 603 1655 629 ὲν
1685 601 1822 636 πολέμῳ,
1842 609 1853 626 ι

1039 652 1076 683 ὡς
1093 651 1210 687 Σαμψὼν
1227 653 1255 678 ἐν
1274 653 1323 687 μιᾷ
1346 651 1447 685 σιαγόνι
1463 650 1523 676 ὄνου
1544 647 1651 683 χιλίους
1671 646 1854 680 ἀλλοφύλους

1039 699 1231 735 κατέστρεψεν.
1259 707 1268 724 ί
1298 697 1412 724 Ἐλαϐον
1441 698 1567 731 γυναῖκες
1592 694 1624 726 ἐξ
1659 693 1855 724 ἀναστάσεως

1038 746 1101 777 τοὺς
1121 746 1235 780 νεκροὺς
1251 744 1350 776 αὐτῶν,
1371 753 1380 769 ›
1417 743 1577 777 Σουναμῖτις
1600 741 1653 767 καὶ
1683 738 1850 775 Σαραφθία⁸

1042 800 1051 816 ι
1069 789 1162 816 ’Ἄλλοι
1179 790 1206 816 δὲ
1227 788 1476 824 ἐτυμπανίσθησαν,
1500 796 1509 811 ι
1534 785 1671 828 Ἱάκωίξον
1696 784 1780 817 λέγει
1805 781 1852 809 τὸν

1039 835 1153 870 ἀδελφὸν
1167 835 1212 861 τοῦ
1233 835 1346 871 Κυρίου,
1367 833 1489 864 καὶτοὺς
1506 831 1629 862 λοιποὺς,
1649 831 1716 856 ὅσοι
1741 830 1850 855 ἀπεκε-

1040 882 1208 918 φαλίσθησαν
1219 890 1226 896 ·
1244 880 1433 916 τυμπανισμὸς
1446 879 1499 914 γὰρ
1517 879 1530 904 ὁ
1544 875 1789 911 ἁποκεφαλισμὸς
1803 874 1849 901 λέ-

1039 938 1128 965 γεται·
1145 939 1154 955 ‹
1174 929 1282 964 ’Έτεροι
1294 927 1322 954 δὲ
1335 926 1500 962 ἐμπαιγμῶν
1514 925 1560 951 καὶ
1575 923 1729 958 μαστίγων
1746 923 1848 957 πεῖραν

1040 976 1145 1007 ἔλαϐον,
1165 985 1175 1001 ι
1197 975 1316 1005 Ἡσαΐας,
1341 973 1484 1008 Ἱερεμίας,
1502 971 1547 997 καὶ
1566 970 1710 1005 Μιχαίας.
1735 978 1746 993 c
1776 968 1847 994 Ἐλι-

1040 1021 1195 1056 θάσθησαν,
1221 1029 1230 1046 ι
1254 1019 1387 1053 Στέφανος
1411 1018 1456 1044 καὶ
1477 1015 1612 1043 Ναῦουθέ.
1644 1024 1656 1040 ι
1689 1013 1847 1049 Ἐπρίσθη-

1042 1077 1099 1100 σαν,
1119 1078 1128 1093 ι
1150 1068 1164 1093 ὁ
1187 1066 1315 1097 Ἡσαΐας·
1334 1064 1430 1099 ξυλίνῳ
1452 1063 1549 1099 πρίονι
1564 1062 1690 1096 ἓπρισαν
1710 1059 1797 1086 αὐτὸν
1821 1059 1845 1085 cl

1047 1114 1175 1141 Ἰουδαῖοι.
1193 1122 1202 1138 ι
1226 1111 1453 1146 Ἐπειράσθησαν.
1469 1119 1478 1136 ι
1495 1110 1532 1141 ὡς
1545 1111 1558 1136 ὁ
1575 1107 1649 1134 Ἰώϐ.
1669 1116 1679 1132 ε
1706 1107 1755 1133 Ἐν
1772 1105 1845 1140 φόνῳ

1042 1160 1178 1194 μαχαίρας
1203 1158 1348 1188 ἀπέθανον,
1372 1165 1381 1182 ι
1413 1154 1554 1186 Ἰάκωϐος,
1573 1153 1735 1189 Ζαχαρίας,
1754 1152 1803 1178 καὶ
1819 1151 1844 1178 οι

1040 1205 1138 1232 λοιποί.
1161 1213 1170 1229 ί
1189 1204 1244 1230 Καὶ
1260 1201 1332 1230 οὗτοι
1352 1202 1465 1233 πάντες,
1482 1199 1712 1236 μαρτυρηθέντες
1732 1197 1781 1224 διὰ
1795 1198 1845 1232 τῆς

1041 1252 1167 1283 πίστεως,
1185 1251 1235 1277 οὐκ
1254 1250 1416 1285 ἐκομίσαντο
1434 1249 1483 1284 τὴν
1500 1246 1684 1281 ἐπαγγελίαν.
1704 1255 1714 1270 ι
1737 1246 1843 1278 ἸΙγουν

1040 1295 1112 1324 οὗτοι
1122 1297 1221 1328 πάντες
1231 1297 1255 1322 oi
1267 1297 1338 1329 ἂγιοι
1351 1294 1576 1330 μαρτυρηθέντες,
1588 1293 1633 1318 ὃτι
1645 1291 1845 1327 εὐηρὲστησαν

1040 1343 1080 1378 τῷ
1098 1342 1167 1377 Θεῷ,
1185 1341 1261 1368 οῦπω
1275 1340 1429 1367 ἀπέλαυσαν
1450 1339 1501 1374 τῆς
1518 1337 1660 1373 βασιλείας
1681 1337 1739 1363 τῶν
1757 1336 1842 1371 οὐρα-

1041 1389 1094 1415 νῶν
1113 1389 1160 1415 καὶ
1181 1387 1235 1414 τῶν
1256 1385 1466 1422 ἐπηγγελμένων
1489 1386 1544 1416 τοῖς
1566 1383 1690 1414 δικαίοις
1715 1381 1842 1416 ἀγαθῶν,

1041 1434 1108 1461 ἀλλὰ
1127 1433 1301 1469 περιμένουσι
1313 1432 1362 1467 τὴν
1377 1430 1452 1457 δευτέ
1457 1439 1504 1466 ραν
1525 1429 1695 1464 παρουσίαν,
1713 1429 1760 1454 ἵνα
1781 1435 1841 1454 στε-

1042 1480 1200 1515 φανωθῶσιν
1217 1479 1334 1510 ἅπαντες
1348 1480 1377 1505 ἐν
1395 1479 1444 1513 μιᾷ
1458 1476 1553 1512 καιροῦ
1571 1477 1657 1512 ῥοπῇ.
1680 1475 1772 1502 Τοῦτο
1786 1473 1841 1507 γάρ

1042 1528 1114 1553 ἐστιν
1135 1527 1149 1552 ὃ
1164 1526 1237 1560 λέγει
1261 1526 1275 1552 ὁ
1305 1524 1473 1556 Ἀπόστολος,
1494 1524 1535 1550 ὅτι
1560 1532 1569 1549 ι
1596 1522 1655 1549 Τοῦ
1677 1521 1748 1548 Θεοῦ
1776 1519 1841 1555 περὶ

1041 1572 1119 1608 ἡμῶν
1144 1571 1269 1608 κρεῖττόν
1290 1579 1316 1597 τι
1339 1569 1595 1606 προσϐλεψαμένου,
1621 1569 1669 1594 ἵνα
1696 1567 1735 1602 μὴ
1754 1565 1839 1601 χωρὶς

1041 1618 1118 1654 ἡμῶν
1139 1617 1311 1644 τελειωθῶσι.
1332 1626 1341 1642 ι
1359 1617 1450 1652 Χωρὶς
1470 1616 1524 1651 γὰρ
1543 1614 1656 1641 πάντων
1670 1613 1729 1640 τῶν
1753 1611 1838 1646 ἁγίων

1040 1665 1065 1690 οἱ
1077 1664 1162 1699 ἥμισυ
1176 1664 1225 1689 οὐκ
1238 1661 1457 1696 ἀπολαμϐάνουσι
1469 1660 1503 1686 τὰ
1519 1659 1720 1694 ἐπηγγελμένα
1736 1656 1836 1691 ἀγαθά.

1041 1710 1095 1744 Τὴν
1109 1709 1157 1744 μὲν
1169 1709 1222 1744 γὰρ
1235 1707 1330 1734 ἐλπίδα
1342 1706 1389 1733 καὶ
1402 1706 1446 1732 τὸν
1459 1706 1605 1742 ἀρραϐῶνα
1619 1705 1715 1740 ἔσχον,
1730 1704 1778 1730 καὶ
1792 1710 1837 1728 κε-

1040 1755 1203 1790 χωρισμένοι
1219 1755 1286 1780 εἰσὶν
1303 1754 1334 1780 ἐκ
1350 1753 1404 1779 τῶν
1423 1752 1602 1787 ἁμαρτωλῶν.
1625 1752 1664 1778 Τὸ
1683 1751 1712 1777 δὲ
1735 1750 1835 1776 τέλειον

1040 1802 1115 1828 οΰπω
1135 1802 1254 1837 εἵληιρον,
1277 1803 1403 1838 κρεῖσσον
1427 1799 1481 1834 γάρ
1502 1800 1558 1825 ἐστι
1576 1798 1659 1825 τοῦτο
1673 1806 1680 1813 ·
1710 1797 1754 1824 ἵνα
1778 1797 1834 1822 εἰσ-

1040 1847 1194 1873 ελεύσονται
1218 1847 1317 1877 πάντες
1336 1846 1376 1877 είς
1399 1845 1447 1880 τὴν
1469 1844 1606 1879 βασιλείαν
1620 1845 1652 1870 ὲν
1674 1844 1716 1870 ἐνὶ
1733 1841 1831 1876 καιρῷ.

1040 1894 1087 1920 καὶ
1103 1894 1132 1927 ἐξ
1147 1893 1203 1919 ἴσου
1216 1892 1372 1919 ἀπολὰὃωσι
1387 1891 1487 1922 πάντες
1501 1892 1525 1917 οί
1539 1891 1609 1925 ἅγιοι
1628 1890 1665 1917 τὰ
1678 1889 1769 1924 ἀγαθὰ
1786 1887 1831 1914 τοῦ

1039 1940 1116 1966 Θεοῦ.

1075 1986 1206 2020 Κείμενον
1232 1984 1298 2020 ρκθν.
1322 1993 1331 2010 ε
1351 1983 1482 2011 Τοσοῦτον
1505 1982 1612 2018 ἔχοντες
1636 1981 1828 2018 περικείμενον

1039 2034 1103 2069 ἡμῖν
1119 2034 1197 2067 νέφος
1216 2031 1370 2067 μαρτύρων.
1391 2041 1399 2056 ι

1080 2080 1191 2114 Ἐρμην.
1205 2078 1294 2112 Νέφος
1307 2077 1451 2113 μαρτύρων
1467 2076 1564 2108 αὐτοὺς
1577 2077 1720 2107 ἐκάλεσεν,
1735 2072 1824 2107 ἐπειδὴ

1038 2126 1204 2163 δροσίζουσιν
1227 2125 1300 2159 ἡμᾶς
1321 2124 1383 2155 τοὺς
1399 2124 1429 2149 ὲν
1448 2122 1597 2158 ἁμαρτίαις
1617 2121 1823 2157 συνεχομένους.

1039 2173 1085 2199 καὶ
1107 2171 1326 2206 φλογιζομένους,
1347 2169 1394 2196 καὶ
1416 2169 1445 2196 ὲν
1467 2170 1500 2204 τῇ
1517 2169 1580 2204 σκιᾷ
1602 2168 1656 2195 τῶν
1674 2163 1821 2203 πρεσϐειῶν

1035 2217 1124 2246 αὐτῶν
1143 2216 1363 2251 περισκέπουσιν.

1069 2263 1203 2298 Κείμενον
1219 2261 1268 2298 ρλ⁷.
1287 2272 1296 2287 ε
1316 2262 1417 2296 Ὀγκον
1430 2260 1593 2296 ἀποθέμενοι
1609 2261 1698 2288 πάντα
1714 2257 1760 2286 κού⁸
1774 2255 1820 2290 τὴν

1034 2310 1228 2346 εὐπερίστατον
1248 2307 1397 2344 ἁμαρτίαν.
1417 2317 1427 2334 ι

1074 2367 1189 2402 Ἐρμην.
1206 2367 1306 2400 Ὀγκον
1321 2365 1352 2391 τὺ
1370 2363 1472 2399 πλῆθος
1489 2363 1574 2398 λέγει.
1589 2364 1670 2397 Λέγει
1683 2361 1710 2388 δὲ
1725 2359 1816 2389 οὕτως·

1033 2415 1083 2446 ὅτι,
1103 2413 1212 2448 Ἐπειδὴ
1225 2413 1322 2448 ἔχομεν
1334 2411 1458 2438 τοσοῦτον
1474 2410 1576 2445 πλῆθος
1587 2410 1641 2436 τῶν
1656 2409 1740 2442 ἁγίων
1755 2412 1817 2441 μαρ-

1032 2460 1131 2495 τύρων,
1153 2459 1246 2494 ὥσπερ
1262 2458 1342 2492 νέφος
1357 2457 1478 2492 δροσίζον
1498 2456 1581 2491 ἡμᾶς,
1597 2453 1759 2490 θαρροῦντες
1779 2450 1816 2495 εἰς

1034 2506 1083 2541 τὴν
1103 2504 1252 2540 πρεσϐείαν
1269 2504 1322 2529 τῶν
1340 2503 1428 2538 εὐχῶν
1446 2502 1545 2533 αὐτῶν,
1569 2498 1750 2538 μιμησώμεθα
1771 2494 1814 2522 καὶ

1035 2551 1114 2585 ἡμεῖς
1129 2549 1239 2576 ἐκείνων
1254 2549 1303 2581 τὰς
1320 2549 1429 2584 ἀρετὰς,
1445 2548 1492 2575 καὶ
1506 2548 1550 2575 τὸν
1564 2548 1645 2582 ὄγκον
1661 2546 1713 2572 τῶν
1727 2544 1814 2578 ἀμαρ-

1035 2596 1164 2631 τημάτων
1182 2596 1288 2622 ἅπαντα
1302 2595 1512 2630 ἀπορρίψαντες,
1530 2596 1576 2621 καὶ
1590 2594 1638 2629 τὴν
1658 2589 1812 2624 εὐπερίστα-

1035 2651 1080 2667 τον
1099 2641 1234 2676 ἁμαρτίαν
1258 2641 1467 2674 καταλιπόντες,
1489 2641 1522 2667 Bt’
1546 2639 1683 2676 ὑπομονῆς
1705 2635 1750 2663 καὶ
1764 2640 1811 2669 μοι·

1036 2686 1187 2722 κροθυμίας
1201 2687 1342 2722 τρέχωμεν
1354 2686 1399 2713 τὸν
1416 2676 1509 2720 ἀγιῖἶνα
1522 2686 1571 2721 τῆς
1583 2684 1690 2721 ἀρετῆς.
1701 2676 1809 2714 Εὐπερι-

1212 2764 1222 2780 ⁸
1242 2763 1310 2791 ibid.

1037 2821 1083 2849 sed
1101 2820 1183 2849 frater
1196 2820 1309 2849 Joannis
1327 2826 1394 2849 erat.
1411 2820 1478 2850 Vide
1502 2821 1656 2854 ChrvsosL,
1671 2812 1760 2845 homil.
1772 2808 1805 2839 27
