1940 3068
57 153 114 182 Ἣὸ
710 157 823 191 ΟυΔΕδῗ

922 158 942 187 S
959 158 1064 188 ΑΜΕ.
1635 164 1685 192 ’ΠΙ

58 219 158 238 στα-τον
177 211 206 237 δὲ
218 209 280 238 εἷπε
299 211 350 247 τὴν
365 212 512 248 ἁμαρτίαν,
524 212 617 249 ἐπειδὴ
632 214 745 250 μόνιμον
757 215 824 242 στάσ

920 217 979 250 ixit,
995 225 1029 245 eo
1044 216 1117 252 quod
1133 225 1188 245 non
1203 217 1302 246 habeat
1325 218 1443 254 aliquem
1466 223 1570 248 certum
1594 220 1684 249 locum

54 258 108 284 οὐκ
121 256 190 292 ἔχει,
206 257 274 284 ἀλλὰ
284 257 390 292 ταχέως
402 259 531 293 τρέπεται
543 260 590 286 καὶ
602 260 775 288 καταλύεται.
792 262 820 288 Κι

915 265 946 292 ibi
964 266 1108 298 consistat,
1124 265 1172 293 sed
1192 266 1245 294 cito
1264 271 1385 294 vertatur
1407 271 1489 302 atque
1505 268 1681 296 dissolvatur.

55 303 113 338 γὰρ
130 303 146 338 ἡ
171 303 293 338 ἁμαρτία
318 303 394 338 ῥίζαν
418 303 468 330 οὐκ
482 304 553 339 ἔχει,
568 304 625 331 ἀλλ’
646 305 706 331 οὐδὲ
729 305 819 341 καρπό

921 316 1043 338 eccatum
1064 312 1138 339 enim
1160 313 1280 340 radicem
1298 321 1352 340 non
1367 313 1459 346 habet,
1477 322 1527 341 nec
1542 315 1621 342 etiam
1637 315 1684 342 lia-

64 348 240 383 Ἀφανίζετας
261 349 290 375 δὲ
305 350 410 384 ταχέως
429 351 475 376 καὶ
493 350 655 377 καταλύεται
673 351 725 377 ὑπὸ
745 351 791 377 τοῦ
809 350 830 384 εἰ

918 360 945 384 et
967 356 1096 384 fructum.
1112 357 1257 385 Evancsdt
1271 367 1337 386 vero
1358 360 1461 391 statim,
1472 364 1500 387 et
1517 361 1642 392 solvitur,
1660 361 1682 388 si

55 405 127 431 φους
136 397 186 432 τῆς
195 396 338 431 μετανοίας
352 396 412 430 (5")
424 397 588 432 κοπτομένη.
605 397 694 432 Ἀξίνη
706 397 760 433 γάρ
773 398 820 424 ὲστ

918 401 989 428 ladio
1015 403 1182 437 pmnitentim
1207 405 1392 432 exscindatur.
1421 405 1487 432 Nam
1513 408 1618 433 securis
1641 411 1682 433 est

53 443 72 477 ή
106 442 244 477 μετάνοια,
270 442 439 468 ἐκκόπτουσα
464 443 517 469 πᾶν
538 443 632 469 κακόν.
659 444 794 470 Μετάνοια
818 457 819 465 ι

914 448 1071 480 mnitentia,
1096 449 1260 476 exscindens
1284 458 1364 477 omne
1390 451 1503 479 malum.
1523 451 1571 478 Est
1591 456 1680 479 autem

53 490 132 515 ἐστιν
147 490 196 524 οὐχ
212 490 229 524 ἡ
247 489 302 517 τῶν
319 490 439 524 γονάτων
456 490 557 521 κλίσις,
579 490 636 516 ἀλλ’
651 491 668 526 ή
689 490 778 526 ἀποχὴ
800 500 819 516 τι

913 495 1056 521 muiteutia
1075 502 1128 522 non
1146 486 1307 530 genuﬂexio,
1325 497 1371 524 sed
1387 497 1553 524 abstinentia
1570 505 1585 524 a
1598 498 1679 525 malo.

52 534 155 566 κακοῦ,
175 535 265 561 καὶτὸ
289 537 389 568 πονεῖν,
411 536 458 562 καὶ
474 535 582 571 θρηνεῖν
604 537 650 562 καὶ
669 536 775 562 δέεσθαι
798 545 818 563 τ‹

915 547 961 566 em
978 540 1095 571 labores.
1112 541 1237 576 lacrymze
1251 545 1278 570 et
1295 551 1389 577 preces
1404 544 1437 571 ad
1449 544 1531 571 Deum
1549 551 1597 578 pro
1612 551 1681 578 pra:-

52 580 123 607 Θεοῦ
149 581 219 616 ὑπὲρ
233 581 282 617 τῆς
302 581 356 608 τῶν
373 582 625 617 προημαρτηκότων
644 582 778 616 ἀφέσεως.
796 582 815 608 Δ

915 585 1037 613 :ritorum
1057 591 1231 621 peccatorum
1249 589 1418 616 remissione.
1432 589 1500 616 Nam
1517 589 1578 616 ideo
1595 590 1681 624 pomi-

52 628 110 663 γὰρ
136 627 216 653 τοῦτο
243 627 350 662 λέγεται
378 628 516 663 μετάνοια,
545 627 586 654 ὅτι
613 628 773 664 μετατίθησι
798 628 818 655 τὲ

913 631 984 658 entia
1011 631 1121 665 dicitur,
1152 634 1224 668 quod
1247 638 1366 662 mentem
1387 641 1406 663 a
1428 635 1500 662 malo
1522 635 1556 662 ad
1577 635 1679 663 bonum

52 675 115 701 νοῦν
129 675 183 702 ἀπὸ
197 674 243 701 τοῦ
260 673 346 702 κακοῦ
366 674 433 710 πρὸς
446 673 476 700 τὸ
492 674 603 709 ἀγαθόν.

288 673 346 701 ικοῦ
366 674 433 710 πρὸς
446 673 476 700 τὸ
492 674 603 709 ἀγαθόν.
897 677 1054 705 transferat.

563 813 596 840 IN
617 812 719 841 ALIAS
738 813 970 848 QUAESTIONES
990 815 1160 844 MONITUM.

88 887 123 914 In
139 887 218 915 hasce
234 887 396 920 Quwstiones
415 887 471 914 Ιιωε
499 887 575 915 liabet
597 888 790 916 Felckmannus
810 890 836 916 in
863 890 944 916 variis
966 889 1119 916 lectionibus
1135 889 1360 923 Commelinianis,
1379 897 1405 924 p.
1420 889 1476 917 90:
1493 889 1549 922 lite,
1568 889 1631 924 quia
1649 890 1677 917 in

49 935 149 962 codice
173 943 204 963 ιι.
228 943 282 969 quo
306 935 332 961 in
356 938 422 961 tom.
452 934 461 961 1
485 934 526 962 usi
547 942 661 967 sumus,
702 935 780 970 plane
816 936 957 971 (Symbolo
984 935 1108 970 excepto)
1137 936 1171 963 all
1205 936 1285 963 tinent
1317 943 1431 971 operum
1475 935 1506 962 D.
1535 936 1678 963 Athanasii

49 980 172 1010 inventae
187 986 263 1014 sunt,
281 981 342 1008 idco
360 981 404 1008 hic
425 985 490 1008 sunt
506 981 622 1016 positae;
641 982 703 1009 licet
724 986 750 1009 et
773 983 882 1009 nomine
897 982 1016 1009 auctoris
1031 987 1058 1010 et
1071 982 1150 1009 titulo
1172 987 1304 1010 carerent.
1324 981 1401 1015 Quod
1423 981 1445 1009 si
1464 981 1587 1008 divinare
1602 981 1676 1014 licet,

48 1029 171 1064 putarim
194 1036 245 1063 ego
270 1035 363 1055 earum
382 1033 519 1056 auctorem
543 1028 644 1056 vixisse
666 1033 727 1064 post
747 1033 842 1056 exorta
861 1030 1012 1057 certamina
1033 1030 1104 1056 inter
1125 1029 1250 1056 Latinam
1274 1033 1301 1057 et
1315 1030 1441 1057 .Graacam
1460 1028 1621 1059 Ecclc‘siam,
1645 1031 1676 1054 ut

48 1079 126 1109 patet
153 1082 185 1101 ex
213 1074 310 1110 pagina
331 1074 394 1105 355,
413 1082 439 1100 a.
469 1073 519 1100 Ubi
539 1079 610 1101 errat
633 1073 837 1108 Felckmannus,
860 1076 936 1102 homo
962 1076 1031 1102 alias
1055 1076 1279 1108 accuratissimus,
1296 1083 1354 1102 cum
1370 1076 1407 1101 ait
1430 1075 1463 1102 ad
1482 1075 1604 1109 paginam
1624 1074 1676 1101 555

49 1121 269 1149 ευιηιηειίηἱαηιε
297 1120 431 1153 editionis,
453 1121 553 1155 aliquid
575 1121 810 1148 controversiarum
830 1129 954 1156 apparere
971 1121 1075 1148 Cra’cos
1092 1122 1160 1149 inter
1175 1127 1199 1149 et
1214 1121 1334 1148 Latinos.
1356 1121 1432 1148 Nihil
1450 1122 1517 1148 enim
1536 1121 1571 1148 ibi
1589 1125 1675 1148 exstat

47 1168 181 1204 ejusmodi
198 1177 207 1199 ;
228 1177 273 1196 nec
286 1169 382 1202 pagina
396 1168 449 1195 555
463 1169 497 1195 at!
511 1168 588 1196 hasce
603 1169 766 1202 Qumstiones
776 1171 896 1203 pertinet.
911 1169 956 1196 sed
974 1169 1008 1196 ad
1023 1169 1207 1204 pra’t‘edentes.
1225 1169 1294 1196 Puto
1310 1169 1438 1196 adnotare
1454 1168 1566 1196 valuisse
1582 1167 1676 1194 [ποίοις-

48 1223 179 1241 mammm
192 1223 249 1249 qua:
262 1214 293 1241 de
308 1213 420 1241 Francis
438 1214 572 1245 dicuntur.
588 1223 639 1241 non
656 1215 682 1242 in
698 1215 767 1241 ln'sce
783 1214 988 1248 Quwstionibus,
1005 1215 1050 1242 sed
1064 1215 1089 1241 iu
1104 1215 1260 1249 pra'cetlenti
1276 1220 1368 1246 σαίνει.
1383 1215 1426 1242 76.
1442 1214 1581 1242 [labentur
1596 1221 1674 1248 porro

48 1262 92 1288 hit
114 1261 278 1294 Qumtiones
296 1260 323 1287 in
340 1261 441 1288 duobus
453 1261 587 1288 codicibus
602 1261 690 1296 regiis,
709 1261 834 1287 nimirum
853 1261 880 1286 in
897 1260 977 1291 2558,
997 1260 1041 1287 ubi
1070 1266 1253 1295 consequentur
1274 1265 1406 1294 ponuntur
1432 1265 1490 1295 post
1502 1260 1674 1294 λριιιλινειὶυηειι

48 1309 86 1335 ad
103 1308 271 1341 Antiochum,
283 1312 307 1334 et
319 1307 430 1334 multant
441 1308 544 1335 variant
559 1308 591 1334 ab
609 1306 697 1340 editis,
712 1311 736 1334 et
751 1307 777 1334 in
790 1305 871 1334 2150.
887 1306 1016 1333 therum
1033 1315 1106 1334 nemo
1121 1308 1170 1334 erit
1185 1307 1229 1343 qui
1242 1306 1418 1334 Athanasium
1434 1312 1570 1334 tantarum
1591 1314 1674 1342 nuga-

48 1362 111 1381 rum
125 1360 227 1388 patrem
241 1362 297 1381 esse
312 1354 470 1389 suspicetur.

51 1503 122 1528 ΤὉΥ
145 1503 196 1529 ΕΝ
232 1504 356 1530 ΛΓΙΟΙΣ
387 1504 532 1531 ΠΑΤΡΟΣ
563 1504 670 1531 ΗΜΩΝ
700 1505 817 1531 ΑΘΛΝΑ

887 1501 1023 1530 SANCTI
1068 1500 1202 1528 PATRIS
1235 1499 1374 1528 NOSTRI
1428 1499 1639 1528 ATHANASII

84 1549 168 1576 ΣΙΟΥ
210 1551 510 1576 ΑΡΧΙΕΠΙΣΚΟΠΟΥ
545 1549 820 1577 ΑΛΕΞΑΝΔΡΕΙΑΣ

935 1546 1223 1575 ARCHIEPISCOP]
1235 1545 1504 1579 ALEXANDRl/E,
1539 1545 1642 1580 ρυλε-

84 1595 209 1623 ΕἸῈΡΑΙ
228 1597 332 1623 ΤΙΝΕΣ
360 1597 571 1624 ΕΡΩΤΗΣΕΙΣ.

442 1598 571 1624 ΓΗΣΕΙΣ.
924 1593 1085 1621 STIONES
1097 1592 1208 1620 ALl/E.

90 1726 243 1763 Ἐρώτησις
258 1731 291 1754 α’.
302 1727 334 1754 Ti
346 1729 403 1754 ἐστι
415 1729 496 1761 Θεόςς

924 1727 1049 1760 Οωῑετιο
1065 1728 1085 1753 1.
1102 1726 1172 1760 Quid
1187 1729 1228 1754 est
1241 1725 1330 1754 Deus?

89 1785 257 1820 Ἀπόκρισις.
284 1786 349 1817 Θεός
372 1787 445 1813 ἐστιν
462 1786 541 1814 οὐσία
567 1786 658 1822 νοερὰ,
682 1787 836 1822 ἀθεώρητός

923 1784 1082 1812 Roseus-sm.
1107 1783 1178 1811 Dcus
1201 1787 1243 1810 est
1268 1783 1388 1810 essentia
1417 1782 1585 1815 intelligens,
1611 1789 1671 1817 qua

44 1839 77 1857 τε
109 1831 155 1856 καὶ
184 1831 392 1866 ἁνερμήνευτος.
422 1832 488 1863 Θεὸς
512 1833 569 1858 ἐστι
602 1832 710 1868 πνεῦμα
737 1833 810 1860 ἅῦλοι

907 1840 938 1859 cc
966 1831 1017 1858 sub
1041 1835 1179 1865 aspectum
1197 1829 1278 1862 cadit,
1296 1836 1347 1856 nec
1369 1829 1459 1856 verbis
1477 1828 1605 1864 explicari
1623 1836 1671 1864 po-

45 1876 184 1911 ὸφοαλμὸς
201 1877 363 1912 ἁκοίμητος,
385 1878 431 1904 καὶ
449 1878 510 1910 νοῦς
524 1878 660 1912 ἀκίνητος.
678 1878 744 1910 Θεὸς
763 1880 809 1905 ἐστ

905 1882 950 1905 ast.
968 1877 1040 1904 Dcus
1056 1881 1098 1904 est
1115 1876 1233 1911 Spiritus
1248 1883 1345 1903 carens
1362 1876 1486 1906 materia,
1503 1874 1600 1902 oculus
1616 1881 1671 1901 uon

44 1922 126 1949 οὐσία
148 1922 330 1958 δημιουργικὴ
355 1923 464 1950 πάντων
485 1923 538 1951 τῶν
560 1923 684 1960 ἀοράτων
707 1924 754 1950 καὶ
771 1925 810 1961 ὁρ(

906 1923 1046 1955 ormiens,
1079 1930 1158 1949 mens
1189 1921 1347 1948 immobilis.
1379 1919 1451 1948 Deus
1479 1923 1522 1948 est
1550 1920 1671 1947 essentia

48 1968 138 2003 μένων
154 1969 320 2003 κτισμάτων.

906 1967 1004 1994 realrix
1021 1966 1143 1993 oumium
1159 1965 1336 1993 invisibilium
1349 1968 1376 1992 et
1389 1964 1540 1992 visibilium
1563 1969 1672 1992 creatu-

887 2021 991 2040 rarum.

86 2065 183 2102 Ἐρώτ.
200 2066 233 2101 β’.
248 2067 303 2093 Καὶ
315 2067 359 2094 διὰ
373 2067 399 2094 τι
415 2067 523 2102 λέγεται
537 2067 614 2100 Θεος,
635 2069 649 2094 ὁ
664 2067 746 2101 Θεός;

739 2076 746 2101 ἓ
922 2071 1031 2104 ΟΗΔΞΞΤ.
1047 2071 1081 2098 ll.
1098 2069 1179 2102 Deus,
1195 2077 1280 2104 quare
1295 2068 1395 2096 dicitur
1408 2067 1502 2096 Deus?

87 2123 182 2150 'Améx.
200 2123 266 2155 Θεὸς
282 2123 390 2158 λέγεται
410 2123 466 2150 ἀπὸ
488 2123 534 2150 τοῦ
553 2124 663 2160 θεωρεῖν
682 2124 716 2151 τὰ
734 2124 833 2158 πάντα,

920 2127 1002 2159 lisse,
1028 2126 1099 2154 Deus
1127 2126 1237 2158 dicitur,
1266 2125 1339 2160 quod
1366 2126 1458 2152 omnia
1480 2124 1581 2151 videat.
1612 2123 1669 2152 Vox

42 2169 126 2196 οἱονεὶ
139 2169 250 2205 θεωρὸς,
263 2171 311 2196 καὶ
323 2170 398 2203 Θεὸς,
414 2170 497 2206 ἦγουν
511 2170 610 2207 θεατὴς
626 2171 735 2198 πάντων
750 2171 797 2207 (6).

904 2173 958 2199 nim
974 2179 1007 2199 ea
1022 2171 1123 2198 Graacis
1135 2176 1176 2198 est
1190 2169 1342 2202 avidendo,
1359 2169 1438 2204 quasi
1455 2169 1532 2196 dicas
1546 2171 1670 2196 contem-

886 2218 1016 2253 platorem
1030 2217 1162 2244 omnium.

79 2268 135 2295 Καὶ
151 2267 231 2294 πάλιν
244 2267 309 2300 Θεὸς
329 2269 438 2303 λέγεται
452 2269 506 2296 ἀπὸ
517 2269 565 2296 τοῦ
579 2269 652 2297 θέειν
667 2271 714 2297 καὶ
725 2271 833 2307 τρέχειν

918 2274 1037 2310 Rursum
1057 2273 1128 2301 Deus
1155 2273 1267 2304 dicitur,
1296 2271 1369 2307 quod
1390 2270 1596 2305 intelligibiliter
1610 2270 1669 2299 sine

43 2315 148 2350 νοητῶς
168 2315 290 2351 ἀχρόνως
300 2316 336 2342 τὰ
353 2315 452 2342 πάντα.
475 2316 504 2343 Ὀ
519 2316 574 2352 γὰρ
589 2316 654 2348 θεὸς
674 2317 717 2344 ἀεὶ
729 2325 809 2344 παντί

902 2328 1007 2354 empore
1033 2323 1126 2347 currat
1153 2323 1180 2346 et
1207 2318 1338 2352 pervadat
1371 2317 1470 2344 omnia.
1498 2316 1570 2344 Deus
1595 2317 1668 2344 enim

44 2362 92 2398 χοῦ
111 2362 253 2398 πάρεστιν.

885 2372 992 2399 semper
1005 2365 1105 2398 ubique
1121 2371 1241 2399 praesens
1255 2367 1305 2389 est.

84 2418 180 2454 Ἐρώτ.
194 2421 228 2452 γ’.
242 2418 297 2444 Καὶ
311 2418 387 2445 πόσοι
409 2418 465 2445 θεοί
477 2419 563 2451 εισινς

916 2420 1025 2454 ρυίεετ.
1045 2420 1089 2447 Ill.
1104 2420 1175 2452 Quot
1192 2422 1256 2447 sunt
1272 2418 1331 2445 dii?

83 2476 178 2502 Ἀπόκ.
197 2473 245 2507 Εἷς
263 2475 328 2507 Θεὸς
344 2475 398 2503 τῶν
417 2476 496 2508 θεῶν,
517 2476 563 2503 καὶ
583 2475 685 2511 Κύριος
702 2475 757 2502 τῶν
780 2484 830 2503 κυ-

918 2477 1000 2505 Raso.
1020 2476 1096 2504 Unus
1110 2481 1152 2504 est
1167 2476 1238 2503 Deus
1253 2476 1377 2507 deorum,
1394 2477 1420 2502 et
1434 2473 1565 2502 Dominus
1579 2473 1668 2501 domi-

43 2522 196 2557 ριευόντων,
218 2522 265 2548 καὶ
285 2521 353 2557 πλὴν
371 2522 453 2548 αὑτοῦ
468 2523 518 2548 οὐκ
533 2521 606 2549 ἔστιν
619 2521 708 2553 ἄλλος.
729 2522 809 2556 Λέγω

904 2524 1016 2555 antium,
1029 2526 1056 2549 et
1072 2522 1254 2557 pra‘tct‘illum
1269 2529 1323 2548 non
1335 2525 1377 2548 est
1391 2521 1458 2548 deus
1470 2521 1550 2547 alius.
1564 2519 1667 2546 Dicun-

43 2576 84 2594 ται
111 2568 139 2594 δὲ
156 2568 212 2594 θεοὶ
236 2568 283 2594 καὶ
300 2569 324 2595 οἱ
347 2568 485 2604 ἅνθρωποι
510 2568 580 2595 κατὰ
601 2568 697 2603 χάριν·
718 2567 755 2599 ὡς
780 2568 808 2594 τό

899 2575 926 2594 ur
942 2571 969 2594 et
985 2567 1110 2593 homines
1131 2566 1181 2598 dii,
1203 2566 1251 2593 sed
1268 2574 1300 2593 ex
1318 2566 1405 2601 gratia
1421 2575 1428 2592 :
1446 2569 1487 2598 ut,
1507 2575 1516 2591 ι
1533 2564 1588 2600 Ego
1599 2564 1665 2597 dixi,

34 2622 52 2658 rc
79 2611 150 2646 Ἐγὼ
163 2610 239 2643 εἶπα,
251 2612 313 2639 Θεοί
324 2613 396 2645 ἐστε,
415 2613 462 2639 καὶ
474 2613 525 2639 υἱοὶ
539 2613 665 2647 Ὑψίστου
682 2613 792 2645 πάντες.

651 2622 665 2639 υ
682 2613 792 2645 πάντες,
814 2623 823 2639 ›
881 2613 921 2640 Dii
935 2613 1045 2646 estis,et
1056 2611 1103 2639 [iiii
1119 2612 1253 2640 Altissimi
1270 2619 1376 2640 omnes.
1388 2612 1397 2627 ⁷
1409 2622 1417 2637 ι

74 2704 83 2719 ⁷
103 2703 178 2730 Psal.
198 2711 298 2736 um,
316 2704 342 2732 6.

74 2781 136 2816 (5“)
157 2781 194 2809 De
209 2781 339 2818 its-cavata.
354 2781 474 2809 diximus
491 2781 517 2808 in
532 2781 644 2818 Typico.
665 2781 784 2809 Analect.
801 2780 884 2809 Gram.
902 2789 962 2818 pag.
978 2781 1030 2810 209
1045 2785 1071 2810 et
1085 2781 1113 2808 in
1129 2779 1310 2808 Onomastico.

75 2872 115 2907 (6)
135 2871 173 2899 Ita
187 2871 243 2909 Reg
267 2872 296 2900 lu
310 2872 390 2901 editis
406 2879 480 2905 vero,
495 2877 555 2908 post
570 2873 688 2905 πάντων,
705 2872 804 2909 legitur
817 2871 914 2902 ἄλλως.
