  <div class='ocr_page' id='page_1' title='image "/cluster/home/n/w/nwhite01/storage/ocr_20150623/28/njp.32101007506148/399.png"; bbox 0 0 1940 3068; ppageno 0'>
   <div class='ocr_carea' id='block_1_1' title="bbox 250 145 304 173">
    <p class='ocr_par' dir='ltr' id='par_1_1' title="bbox 250 145 304 173">
     <span class='ocr_line' id='line_1_1' title="bbox 250 145 304 173; baseline 0 -1"><span class='ocrx_word' id='word_1_1' title='bbox 250 145 304 173; x_wconf 73' lang='lat' dir='ltr'>T73</span> 
     </span>
    </p>
   </div>
   <div class='ocr_carea' id='block_1_2' title="bbox 286 194 1076 239">
    <p class='ocr_par' dir='ltr' id='par_1_2' title="bbox 286 194 1076 239">
     <span class='ocr_line' id='line_1_2' title="bbox 286 194 1076 239; baseline -0.015 -7"><span class='ocrx_word' id='word_1_2' title='bbox 286 203 365 239; x_wconf 70' lang='lat'>281</span> <span class='ocrx_word' id='word_1_3' title='bbox 376 201 486 236; x_wconf 72' lang='lat' dir='ltr'>Qusr.</span> <span class='ocrx_word' id='word_1_4' title='bbox 503 199 549 228; x_wconf 85' lang='lat' dir='ltr'>iV.</span> <span class='ocrx_word' id='word_1_5' title='bbox 570 199 606 226; x_wconf 81' lang='lat' dir='ltr'><strong>At</strong></span> <span class='ocrx_word' id='word_1_6' title='bbox 632 198 656 226; x_wconf 85' lang='lat' dir='ltr'>si</span> <span class='ocrx_word' id='word_1_7' title='bbox 679 202 721 226; x_wconf 87' lang='lat' dir='ltr'>est</span> <span class='ocrx_word' id='word_1_8' title='bbox 737 204 821 229; x_wconf 79' lang='lat' dir='ltr'><strong>unus,</strong></span> <span class='ocrx_word' id='word_1_9' title='bbox 842 195 981 231; x_wconf 90' lang='lat' dir='ltr'>quomodo</span> <span class='ocrx_word' id='word_1_10' title='bbox 1005 194 1039 221; x_wconf 89' lang='lat' dir='ltr'>il-</span> <span class='ocrx_word' id='word_1_11' title='bbox 1055 199 1076 227; x_wconf 72' lang='grc' dir='ltr'><strong>Α</strong></span> 
     </span>
    </p>
   </div>
   <div class='ocr_carea' id='block_1_3' title="bbox 251 241 1039 281">
    <p class='ocr_par' dir='ltr' id='par_1_3' title="bbox 251 241 1039 281">
     <span class='ocr_line' id='line_1_3' title="bbox 251 241 1039 281; baseline -0.014 -3"><span class='ocrx_word' id='word_1_12' title='bbox 251 251 307 278; x_wconf 86' lang='lat' dir='ltr'>lum</span> <span class='ocrx_word' id='word_1_13' title='bbox 329 256 413 276; x_wconf 88' lang='lat' dir='ltr'>unum</span> <span class='ocrx_word' id='word_1_14' title='bbox 438 248 521 275; x_wconf 83' lang='lat' dir='ltr'><strong>Deum</strong></span> <span class='ocrx_word' id='word_1_15' title='bbox 537 245 710 281; x_wconf 82' lang='lat' dir='ltr'>proﬁtemur,</span> <span class='ocrx_word' id='word_1_16' title='bbox 727 244 818 271; x_wconf 89' lang='lat' dir='ltr'>tribus</span> <span class='ocrx_word' id='word_1_17' title='bbox 843 241 1039 278; x_wconf 81' lang='lat' dir='ltr'>ltypostasibus</span> 
     </span>
    </p>
   </div>
   <div class='ocr_carea' id='block_1_4' title="bbox 252 288 1035 325">
    <p class='ocr_par' dir='ltr' id='par_1_4' title="bbox 252 288 1035 325">
     <span class='ocr_line' id='line_1_4' title="bbox 252 288 1035 325; baseline -0.014 -1"><span class='ocrx_word' id='word_1_18' title='bbox 252 299 434 325; x_wconf 85' lang='lat' dir='ltr'><strong>constantem,</strong></span> <span class='ocrx_word' id='word_1_19' title='bbox 446 301 507 322; x_wconf 88' lang='lat' dir='ltr'><strong>esse</strong></span> <span class='ocrx_word' id='word_1_20' title='bbox 523 293 642 324; x_wconf 79' lang='lat' dir='ltr'>Patrem,</span> <span class='ocrx_word' id='word_1_21' title='bbox 660 291 758 318; x_wconf 85' lang='lat' dir='ltr'><strong>Filium</strong></span> <span class='ocrx_word' id='word_1_22' title='bbox 783 295 810 316; x_wconf 88' lang='lat' dir='ltr'><strong>et</strong></span> <span class='ocrx_word' id='word_1_23' title='bbox 828 288 961 324; x_wconf 76' lang='lat' dir='ltr'>Spiritum</span> <span class='ocrx_word' id='word_1_24' title='bbox 976 295 1035 314; x_wconf 81' lang='lat' dir='ltr'>san-</span> 
     </span>
    </p>
   </div>
   <div class='ocr_carea' id='block_1_5' title="bbox 253 332 1041 372">
    <p class='ocr_par' dir='ltr' id='par_1_5' title="bbox 253 332 1041 372">
     <span class='ocr_line' id='line_1_5' title="bbox 253 332 1041 372; baseline -0.014 -3"><span class='ocrx_word' id='word_1_25' title='bbox 253 341 346 370; x_wconf 75' lang='lat' dir='ltr'>ctum?</span> <span class='ocrx_word' id='word_1_26' title='bbox 360 340 430 367; x_wconf 80' lang='lat' dir='ltr'>Ecce</span> <span class='ocrx_word' id='word_1_27' title='bbox 447 339 520 366; x_wconf 84' lang='lat' dir='ltr'><strong>enim</strong></span> <span class='ocrx_word' id='word_1_28' title='bbox 537 343 592 365; x_wconf 87' lang='lat' dir='ltr'>tres</span> <span class='ocrx_word' id='word_1_29' title='bbox 605 337 767 372; x_wconf 81' lang='lat' dir='ltr'><strong>proﬁtemur</strong></span> <span class='ocrx_word' id='word_1_30' title='bbox 781 338 808 362; x_wconf 88' lang='lat' dir='ltr'><strong>et</strong></span> <span class='ocrx_word' id='word_1_31' title='bbox 827 342 880 361; x_wconf 79' lang='lat' dir='ltr'>non</span> <span class='ocrx_word' id='word_1_32' title='bbox 896 340 991 360; x_wconf 89' lang='lat' dir='ltr'>unum.</span> <span class='ocrx_word' id='word_1_33' title='bbox 1006 332 1041 358; x_wconf 84' lang='lat' dir='ltr'>At</span> 
     </span>
    </p>
   </div>
   <div class='ocr_carea' id='block_1_6' title="bbox 253 378 1041 420">
    <p class='ocr_par' dir='ltr' id='par_1_6' title="bbox 253 378 1041 420">
     <span class='ocr_line' id='line_1_6' title="bbox 253 378 1041 420; baseline -0.014 -5"><span class='ocrx_word' id='word_1_34' title='bbox 253 393 282 415; x_wconf 86' lang='grc' dir='ltr'>ιιι</span> <span class='ocrx_word' id='word_1_35' title='bbox 295 387 362 415; x_wconf 83' lang='lat' dir='ltr'>doce</span> <span class='ocrx_word' id='word_1_36' title='bbox 375 394 436 416; x_wconf 87' lang='lat' dir='ltr'><strong>nos,</strong></span> <span class='ocrx_word' id='word_1_37' title='bbox 455 385 592 420; x_wconf 87' lang='lat' dir='ltr'><strong>quomodo</strong></span> <span class='ocrx_word' id='word_1_38' title='bbox 612 391 682 410; x_wconf 92' lang='lat' dir='ltr'>unus</span> <span class='ocrx_word' id='word_1_39' title='bbox 705 384 741 410; x_wconf 87' lang='lat' dir='ltr'>sit</span> <span class='ocrx_word' id='word_1_40' title='bbox 758 381 839 412; x_wconf 87' lang='lat' dir='ltr'>Deus,</span> <span class='ocrx_word' id='word_1_41' title='bbox 856 384 883 407; x_wconf 87' lang='lat' dir='ltr'>et</span> <span class='ocrx_word' id='word_1_42' title='bbox 903 378 1041 414; x_wconf 90' lang='lat' dir='ltr'><strong>quomodo</strong></span> 
     </span>
    </p>
   </div>
   <div class='ocr_carea' id='block_1_7' title="bbox 254 423 1040 466">
    <p class='ocr_par' dir='ltr' id='par_1_7' title="bbox 254 423 1040 466">
     <span class='ocr_line' id='line_1_7' title="bbox 254 423 1040 466; baseline -0.014 -6"><span class='ocrx_word' id='word_1_43' title='bbox 254 433 375 461; x_wconf 80' lang='lat' dir='ltr'>vicissim</span> <span class='ocrx_word' id='word_1_44' title='bbox 391 436 449 459; x_wconf 89' lang='lat' dir='ltr'>tres</span> <span class='ocrx_word' id='word_1_45' title='bbox 461 437 594 466; x_wconf 79' lang='lat' dir='ltr'>personas</span> <span class='ocrx_word' id='word_1_46' title='bbox 609 429 642 456; x_wconf 91' lang='lat' dir='ltr'>de</span> <span class='ocrx_word' id='word_1_47' title='bbox 661 427 716 455; x_wconf 89' lang='lat' dir='ltr'>Deo</span> <span class='ocrx_word' id='word_1_48' title='bbox 731 427 915 454; x_wconf 76' lang='lat' dir='ltr'>enuntiemus.</span> <span class='ocrx_word' id='word_1_49' title='bbox 935 423 1040 451; x_wconf 79' lang='lat' dir='ltr'>Permi-</span> 
     </span>
    </p>
   </div>
   <div class='ocr_carea' id='block_1_8' title="bbox 254 471 1042 508">
    <p class='ocr_par' dir='ltr' id='par_1_8' title="bbox 254 471 1042 508">
     <span class='ocr_line' id='line_1_8' title="bbox 254 471 1042 508; baseline -0.01 -3"><span class='ocrx_word' id='word_1_50' title='bbox 254 487 316 506; x_wconf 85' lang='lat' dir='ltr'>rum</span> <span class='ocrx_word' id='word_1_51' title='bbox 334 478 385 505; x_wconf 76' lang='lat' dir='ltr'>lIOC</span> <span class='ocrx_word' id='word_1_52' title='bbox 406 477 486 504; x_wconf 90' lang='lat' dir='ltr'>nobis</span> <span class='ocrx_word' id='word_1_53' title='bbox 502 475 620 508; x_wconf 80' lang='lat' dir='ltr'>videtur,</span> <span class='ocrx_word' id='word_1_54' title='bbox 644 481 705 502; x_wconf 84' lang='lat' dir='ltr'>esse</span> <span class='ocrx_word' id='word_1_55' title='bbox 726 480 810 500; x_wconf 84' lang='lat' dir='ltr'>unum</span> <span class='ocrx_word' id='word_1_56' title='bbox 834 471 918 499; x_wconf 88' lang='lat' dir='ltr'>Deum</span> <span class='ocrx_word' id='word_1_57' title='bbox 935 474 962 497; x_wconf 87' lang='lat' dir='ltr'>et</span> <span class='ocrx_word' id='word_1_58' title='bbox 985 473 1042 497; x_wconf 87' lang='lat' dir='ltr'>tres</span> 
     </span>
    </p>
   </div>
   <div class='ocr_carea' id='block_1_9' title="bbox 207 525 474 560">
    <p class='ocr_par' dir='ltr' id='par_1_9' title="bbox 207 525 474 560">
     <span class='ocr_line' id='line_1_9' title="bbox 207 525 474 560; baseline -0.022 -6"><span class='ocrx_word' id='word_1_59' title='bbox 207 547 210 554; x_wconf 73' lang='lat'><em>,</em></span> <span class='ocrx_word' id='word_1_60' title='bbox 253 525 314 560; x_wconf 84' lang='lat' dir='ltr'>ejus</span> <span class='ocrx_word' id='word_1_61' title='bbox 329 531 474 559; x_wconf 81' lang='lat' dir='ltr'>personas.</span> 
     </span>
    </p>
   </div>
   <div class='ocr_carea' id='block_1_10' title="bbox 288 561 1042 603">
    <p class='ocr_par' dir='ltr' id='par_1_10' title="bbox 288 561 1042 603">
     <span class='ocr_line' id='line_1_10' title="bbox 288 561 1042 603; baseline -0.013 -6"><span class='ocrx_word' id='word_1_62' title='bbox 288 570 369 597; x_wconf 75' lang='lat' dir='ltr'>Resp.</span> <span class='ocrx_word' id='word_1_63' title='bbox 392 569 538 603; x_wconf 81' lang='lat' dir='ltr'>Diligenter</span> <span class='ocrx_word' id='word_1_64' title='bbox 565 567 687 593; x_wconf 90' lang='lat' dir='ltr'>animum</span> <span class='ocrx_word' id='word_1_65' title='bbox 710 564 829 594; x_wconf 80' lang='lat' dir='ltr'>adverte.</span> <span class='ocrx_word' id='word_1_66' title='bbox 854 567 880 590; x_wconf 85' lang='lat' dir='ltr'>et</span> <span class='ocrx_word' id='word_1_67' title='bbox 905 561 1042 596; x_wconf 74' lang='lat' dir='ltr'>intelliges</span> 
     </span>
    </p>
   </div>
   <div class='ocr_carea' id='block_1_11' title="bbox 255 607 1043 648">
    <p class='ocr_par' dir='ltr' id='par_1_11' title="bbox 255 607 1043 648">
     <span class='ocr_line' id='line_1_11' title="bbox 255 607 1043 648; baseline -0.013 -5"><span class='ocrx_word' id='word_1_68' title='bbox 255 624 340 643; x_wconf 71' lang='lat' dir='ltr'>sacrae</span> <span class='ocrx_word' id='word_1_69' title='bbox 363 613 508 641; x_wconf 87' lang='lat' dir='ltr'>Trinitatis</span> <span class='ocrx_word' id='word_1_70' title='bbox 533 612 704 648; x_wconf 76' lang='lat' dir='ltr'>mysterium.</span> <span class='ocrx_word' id='word_1_71' title='bbox 728 614 864 644; x_wconf 78' lang='lat' dir='ltr'>quatenus</span> <span class='ocrx_word' id='word_1_72' title='bbox 889 615 966 635; x_wconf 89' lang='lat' dir='ltr'>mens</span> <span class='ocrx_word' id='word_1_73' title='bbox 990 607 1043 634; x_wconf 83' lang='lat' dir='ltr'>ltu-</span> 
     </span>
    </p>
   </div>
   <div class='ocr_carea' id='block_1_12' title="bbox 255 652 1043 694">
    <p class='ocr_par' dir='ltr' id='par_1_12' title="bbox 255 652 1043 694">
     <span class='ocr_line' id='line_1_12' title="bbox 255 652 1043 694; baseline -0.013 -5"><span class='ocrx_word' id='word_1_74' title='bbox 255 670 334 690; x_wconf 86' lang='lat' dir='ltr'>mana</span> <span class='ocrx_word' id='word_1_75' title='bbox 351 667 431 687; x_wconf 89' lang='lat' dir='ltr'>nosse</span> <span class='ocrx_word' id='word_1_76' title='bbox 444 662 543 694; x_wconf 79' lang='lat' dir='ltr'>potest.</span> <span class='ocrx_word' id='word_1_77' title='bbox 562 657 619 684; x_wconf 77' lang='lat' dir='ltr'>Nisi</span> <span class='ocrx_word' id='word_1_78' title='bbox 632 655 716 691; x_wconf 87' lang='lat' dir='ltr'><strong>quod,</strong></span> <span class='ocrx_word' id='word_1_79' title='bbox 735 659 764 682; x_wconf 90' lang='lat' dir='ltr'>ut</span> <span class='ocrx_word' id='word_1_80' title='bbox 780 654 846 681; x_wconf 84' lang='lat' dir='ltr'>mihi</span> <span class='ocrx_word' id='word_1_81' title='bbox 860 653 978 683; x_wconf 82' lang='lat' dir='ltr'><strong>videtur,</strong></span> <span class='ocrx_word' id='word_1_82' title='bbox 990 652 1043 679; x_wconf 86' lang='lat' dir='ltr'>hoc</span> 
     </span>
    </p>
   </div>
   <div class='ocr_carea' id='block_1_13' title="bbox 255 697 1043 740">
    <p class='ocr_par' dir='ltr' id='par_1_13' title="bbox 255 697 1043 740">
     <span class='ocr_line' id='line_1_13' title="bbox 255 697 1043 740; baseline -0.015 -6"><span class='ocrx_word' id='word_1_83' title='bbox 255 707 365 736; x_wconf 80' lang='lat' dir='ltr'>dicitur,</span> <span class='ocrx_word' id='word_1_84' title='bbox 383 704 473 740; x_wconf 93' lang='lat' dir='ltr'><strong>quoad</strong></span> <span class='ocrx_word' id='word_1_85' title='bbox 491 711 538 738; x_wconf 88' lang='lat' dir='ltr'>per</span> <span class='ocrx_word' id='word_1_86' title='bbox 559 703 613 728; x_wconf 90' lang='lat' dir='ltr'>vim</span> <span class='ocrx_word' id='word_1_87' title='bbox 636 701 782 728; x_wconf 83' lang='lat' dir='ltr'>verborum</span> <span class='ocrx_word' id='word_1_88' title='bbox 805 699 862 725; x_wconf 81' lang='lat' dir='ltr'>ﬁeri</span> <span class='ocrx_word' id='word_1_89' title='bbox 878 699 952 724; x_wconf 88' lang='lat' dir='ltr'>licet.</span> <span class='ocrx_word' id='word_1_90' title='bbox 972 697 1043 724; x_wconf 88' lang='lat' dir='ltr'>Deus</span> 
     </span>
    </p>
   </div>
   <div class='ocr_carea' id='block_1_14' title="bbox 255 749 1044 785">
    <p class='ocr_par' dir='ltr' id='par_1_14' title="bbox 255 749 1044 785">
     <span class='ocr_line' id='line_1_14' title="bbox 255 749 1044 785; baseline -0.011 -6"><span class='ocrx_word' id='word_1_91' title='bbox 255 753 327 780; x_wconf 88' lang='lat' dir='ltr'>enim</span> <span class='ocrx_word' id='word_1_92' title='bbox 340 750 471 785; x_wconf 77' lang='lat' dir='ltr'>explicari</span> <span class='ocrx_word' id='word_1_93' title='bbox 489 749 593 784; x_wconf 85' lang='lat' dir='ltr'><strong>nequit,</strong></span> <span class='ocrx_word' id='word_1_94' title='bbox 611 756 643 774; x_wconf 90' lang='lat' dir='ltr'>ac</span> <span class='ocrx_word' id='word_1_95' title='bbox 666 751 807 782; x_wconf 75' lang='lat' dir='ltr'>propterea</span> <span class='ocrx_word' id='word_1_96' title='bbox 825 753 878 772; x_wconf 90' lang='lat' dir='ltr'>non</span> <span class='ocrx_word' id='word_1_97' title='bbox 897 751 1044 778; x_wconf 85' lang='lat' dir='ltr'>possumus</span> 
     </span>
    </p>
   </div>
   <div class='ocr_carea' id='block_1_15' title="bbox 256 787 1044 831">
    <p class='ocr_par' dir='ltr' id='par_1_15' title="bbox 256 787 1044 831">
     <span class='ocr_line' id='line_1_15' title="bbox 256 787 1044 831; baseline -0.014 -7"><span class='ocrx_word' id='word_1_98' title='bbox 256 795 489 831; x_wconf 81' lang='lat' dir='ltr'>comprehendere</span> <span class='ocrx_word' id='word_1_99' title='bbox 513 799 640 821; x_wconf 85' lang='lat' dir='ltr'>naturam</span> <span class='ocrx_word' id='word_1_100' title='bbox 660 792 720 826; x_wconf 79' lang='lat' dir='ltr'>ejus</span> <span class='ocrx_word' id='word_1_101' title='bbox 735 801 741 818; x_wconf 88' lang='grc'>;</span> <span class='ocrx_word' id='word_1_102' title='bbox 755 797 843 825; x_wconf 84' lang='lat' dir='ltr'>neque</span> <span class='ocrx_word' id='word_1_103' title='bbox 863 788 948 815; x_wconf 86' lang='lat' dir='ltr'>nostri</span> <span class='ocrx_word' id='word_1_104' title='bbox 969 787 1044 814; x_wconf 91' lang='lat' dir='ltr'><strong>simi-</strong></span> 
     </span>
    </p>
   </div>
   <div class='ocr_carea' id='block_1_16' title="bbox 256 833 1045 871">
    <p class='ocr_par' dir='ltr' id='par_1_16' title="bbox 256 833 1045 871">
     <span class='ocr_line' id='line_1_16' title="bbox 256 833 1045 871; baseline -0.015 -1"><span class='ocrx_word' id='word_1_105' title='bbox 256 843 291 870; x_wconf 85' lang='lat' dir='ltr'>lis</span> <span class='ocrx_word' id='word_1_106' title='bbox 308 847 350 870; x_wconf 86' lang='lat' dir='ltr'>est</span> <span class='ocrx_word' id='word_1_107' title='bbox 369 849 423 868; x_wconf 89' lang='lat' dir='ltr'>una</span> <span class='ocrx_word' id='word_1_108' title='bbox 451 840 508 867; x_wconf 88' lang='lat' dir='ltr'>sola</span> <span class='ocrx_word' id='word_1_109' title='bbox 532 842 664 865; x_wconf 88' lang='lat' dir='ltr'>constans</span> <span class='ocrx_word' id='word_1_110' title='bbox 687 843 813 871; x_wconf 78' lang='lat' dir='ltr'>persona.</span> <span class='ocrx_word' id='word_1_111' title='bbox 829 833 906 867; x_wconf 84' lang='lat' dir='ltr'><strong>Quod</strong></span> <span class='ocrx_word' id='word_1_112' title='bbox 931 833 954 860; x_wconf 92' lang='lat' dir='ltr'>si</span> <span class='ocrx_word' id='word_1_113' title='bbox 971 835 1045 859; x_wconf 86' lang='lat' dir='ltr'><strong>esset</strong></span> 
     </span>
    </p>
   </div>
   <div class='ocr_carea' id='block_1_17' title="bbox 813 133 1300 166">
    <p class='ocr_par' dir='ltr' id='par_1_17' title="bbox 813 133 1300 166">
     <span class='ocr_line' id='line_1_17' title="bbox 813 133 1300 166; baseline -0.01 0"><span class='ocrx_word' id='word_1_114' title='bbox 813 139 843 166; x_wconf 90' lang='lat' dir='ltr'><strong>S.</strong></span> <span class='ocrx_word' id='word_1_115' title='bbox 865 135 1096 165; x_wconf 68' lang='lat' dir='ltr'>ATIIANASIUS.</span> <span class='ocrx_word' id='word_1_116' title='bbox 1112 149 1148 156; x_wconf 91' lang='lat'><em>-</em></span> <span class='ocrx_word' id='word_1_117' title='bbox 1163 133 1300 162; x_wconf 73' lang='lat' dir='ltr'>SPURIA.</span> 
     </span>
    </p>
   </div>
   <div class='ocr_carea' id='block_1_18' title="bbox 1839 125 1901 152">
    <p class='ocr_par' dir='ltr' id='par_1_18' title="bbox 1839 125 1901 152">
     <span class='ocr_line' id='line_1_18' title="bbox 1839 125 1901 152; baseline 0 0"><span class='ocrx_word' id='word_1_118' title='bbox 1839 125 1901 152; x_wconf 78' lang='lat'>776</span> 
     </span>
    </p>
   </div>
   <div class='ocr_carea' id='block_1_19' title="bbox 1132 185 1901 229">
    <p class='ocr_par' dir='ltr' id='par_1_19' title="bbox 1132 185 1901 229">
     <span class='ocr_line' id='line_1_19' title="bbox 1132 185 1901 229; baseline -0.016 -8"><span class='ocrx_word' id='word_1_119' title='bbox 1132 193 1227 229; x_wconf 86' lang='grc' dir='ltr'>Ἐρώτ.</span> <span class='ocrx_word' id='word_1_120' title='bbox 1245 193 1276 220; x_wconf 86' lang='grc' dir='ltr'>δ’.</span> <span class='ocrx_word' id='word_1_121' title='bbox 1291 192 1346 219; x_wconf 73' lang='grc' dir='ltr'>Καὶ</span> <span class='ocrx_word' id='word_1_122' title='bbox 1362 192 1399 223; x_wconf 85' lang='grc' dir='ltr'>ὡς</span> <span class='ocrx_word' id='word_1_123' title='bbox 1412 192 1452 218; x_wconf 77' lang='grc' dir='ltr'>ἔνι</span> <span class='ocrx_word' id='word_1_124' title='bbox 1469 190 1520 224; x_wconf 79' lang='grc' dir='ltr'>εἷς,</span> <span class='ocrx_word' id='word_1_125' title='bbox 1532 189 1591 221; x_wconf 84' lang='grc' dir='ltr'>πῶς</span> <span class='ocrx_word' id='word_1_126' title='bbox 1605 188 1721 223; x_wconf 83' lang='grc' dir='ltr'>λέγομεν</span> <span class='ocrx_word' id='word_1_127' title='bbox 1735 185 1826 212; x_wconf 71' lang='grc' dir='ltr'>αὐτὸν</span> <span class='ocrx_word' id='word_1_128' title='bbox 1845 188 1901 210; x_wconf 72' lang='grc' dir='ltr'>τον</span> 
     </span>
    </p>
   </div>
   <div class='ocr_carea' id='block_1_20' title="bbox 1094 230 1901 274">
    <p class='ocr_par' dir='ltr' id='par_1_20' title="bbox 1094 230 1901 274">
     <span class='ocr_line' id='line_1_20' title="bbox 1094 230 1901 274; baseline -0.012 -8"><span class='ocrx_word' id='word_1_129' title='bbox 1094 239 1143 266; x_wconf 70' lang='grc' dir='ltr'>ἕνα</span> <span class='ocrx_word' id='word_1_130' title='bbox 1165 239 1230 265; x_wconf 85' lang='grc' dir='ltr'>Θεὸν</span> <span class='ocrx_word' id='word_1_131' title='bbox 1255 237 1487 274; x_wconf 82' lang='grc' dir='ltr'>τρισυπόστατον,</span> <span class='ocrx_word' id='word_1_132' title='bbox 1507 235 1634 270; x_wconf 83' lang='grc' dir='ltr'>Πατέρα,</span> <span class='ocrx_word' id='word_1_133' title='bbox 1660 233 1707 260; x_wconf 76' lang='grc' dir='ltr'>καὶ</span> <span class='ocrx_word' id='word_1_134' title='bbox 1729 232 1807 261; x_wconf 84' lang='grc' dir='ltr'>Υἱὺν,</span> <span class='ocrx_word' id='word_1_135' title='bbox 1844 230 1901 257; x_wconf 80' lang='grc' dir='ltr'>καὶ</span> 
     </span>
    </p>
   </div>
   <div class='ocr_carea' id='block_1_21' title="bbox 1093 276 1901 320">
    <p class='ocr_par' dir='ltr' id='par_1_21' title="bbox 1093 276 1901 320">
     <span class='ocr_line' id='line_1_21' title="bbox 1093 276 1901 320; baseline -0.012 -9"><span class='ocrx_word' id='word_1_136' title='bbox 1093 284 1171 318; x_wconf 80' lang='grc' dir='ltr'>ἅγιον</span> <span class='ocrx_word' id='word_1_137' title='bbox 1194 284 1323 320; x_wconf 77' lang='grc' dir='ltr'>Πνεῦμας</span> <span class='ocrx_word' id='word_1_138' title='bbox 1350 284 1416 310; x_wconf 82' lang='grc' dir='ltr'>Ἰδοὺ</span> <span class='ocrx_word' id='word_1_139' title='bbox 1442 283 1496 318; x_wconf 83' lang='grc' dir='ltr'>γὰρ</span> <span class='ocrx_word' id='word_1_140' title='bbox 1518 283 1592 317; x_wconf 80' lang='grc' dir='ltr'>τρεῖς</span> <span class='ocrx_word' id='word_1_141' title='bbox 1607 279 1732 314; x_wconf 76' lang='grc' dir='ltr'>λέγομεν,</span> <span class='ocrx_word' id='word_1_142' title='bbox 1759 277 1812 304; x_wconf 79' lang='grc' dir='ltr'>καὶ</span> <span class='ocrx_word' id='word_1_143' title='bbox 1842 276 1901 310; x_wconf 78' lang='grc' dir='ltr'>οὐχ</span> 
     </span>
    </p>
   </div>
   <div class='ocr_carea' id='block_1_22' title="bbox 1093 322 1901 364">
    <p class='ocr_par' dir='ltr' id='par_1_22' title="bbox 1093 322 1901 364">
     <span class='ocr_line' id='line_1_22' title="bbox 1093 322 1901 364; baseline -0.01 -8"><span class='ocrx_word' id='word_1_144' title='bbox 1093 330 1151 358; x_wconf 77' lang='grc' dir='ltr'>ἕνα.</span> <span class='ocrx_word' id='word_1_145' title='bbox 1176 329 1255 357; x_wconf 82' lang='grc' dir='ltr'>Ἀλλὰ</span> <span class='ocrx_word' id='word_1_146' title='bbox 1279 329 1383 362; x_wconf 78' lang='grc' dir='ltr'>δίδαξον</span> <span class='ocrx_word' id='word_1_147' title='bbox 1407 329 1472 364; x_wconf 84' lang='grc' dir='ltr'>ἡμῖν</span> <span class='ocrx_word' id='word_1_148' title='bbox 1496 327 1555 358; x_wconf 84' lang='grc' dir='ltr'>πῶς</span> <span class='ocrx_word' id='word_1_149' title='bbox 1576 327 1648 352; x_wconf 72' lang='grc' dir='ltr'>ἐστιν</span> <span class='ocrx_word' id='word_1_150' title='bbox 1670 322 1710 356; x_wconf 76' lang='grc' dir='ltr'>εἷς</span> <span class='ocrx_word' id='word_1_151' title='bbox 1726 323 1814 355; x_wconf 84' lang='grc' dir='ltr'>Θεός·</span> <span class='ocrx_word' id='word_1_152' title='bbox 1844 322 1901 349; x_wconf 72' lang='grc' dir='ltr'>καὶ</span> 
     </span>
    </p>
   </div>
   <div class='ocr_carea' id='block_1_23' title="bbox 1094 369 1900 411">
    <p class='ocr_par' dir='ltr' id='par_1_23' title="bbox 1094 369 1900 411">
     <span class='ocr_line' id='line_1_23' title="bbox 1094 369 1900 411; baseline -0.011 -8"><span class='ocrx_word' id='word_1_153' title='bbox 1094 376 1153 408; x_wconf 77' lang='grc' dir='ltr'>πῶς</span> <span class='ocrx_word' id='word_1_154' title='bbox 1169 376 1250 403; x_wconf 80' lang='grc' dir='ltr'>πάλιν</span> <span class='ocrx_word' id='word_1_155' title='bbox 1271 376 1335 411; x_wconf 86' lang='grc' dir='ltr'>τρία</span> <span class='ocrx_word' id='word_1_156' title='bbox 1352 375 1484 411; x_wconf 82' lang='grc' dir='ltr'>πρόσωπα</span> <span class='ocrx_word' id='word_1_157' title='bbox 1501 373 1564 409; x_wconf 75' lang='grc' dir='ltr'>περὶ</span> <span class='ocrx_word' id='word_1_158' title='bbox 1584 371 1651 398; x_wconf 76' lang='grc' dir='ltr'>Θεοῦ</span> <span class='ocrx_word' id='word_1_159' title='bbox 1667 371 1794 405; x_wconf 79' lang='grc' dir='ltr'>λέγομεν.</span> <span class='ocrx_word' id='word_1_160' title='bbox 1815 369 1900 395; x_wconf 82' lang='grc' dir='ltr'>Θαυ-</span> 
     </span>
    </p>
   </div>
   <div class='ocr_carea' id='block_1_24' title="bbox 1096 415 1898 458">
    <p class='ocr_par' dir='ltr' id='par_1_24' title="bbox 1096 415 1898 458">
     <span class='ocr_line' id='line_1_24' title="bbox 1096 415 1898 458; baseline -0.009 -10"><span class='ocrx_word' id='word_1_161' title='bbox 1096 422 1196 458; x_wconf 75' lang='grc' dir='ltr'>μαστὸν</span> <span class='ocrx_word' id='word_1_162' title='bbox 1209 423 1275 457; x_wconf 80' lang='grc' dir='ltr'>ἡμῖν</span> <span class='ocrx_word' id='word_1_163' title='bbox 1294 421 1366 448; x_wconf 87' lang='grc' dir='ltr'>δοκεῖ</span> <span class='ocrx_word' id='word_1_164' title='bbox 1381 420 1471 452; x_wconf 76' lang='grc' dir='ltr'>τοῦτο,</span> <span class='ocrx_word' id='word_1_165' title='bbox 1483 420 1557 451; x_wconf 80' lang='grc' dir='ltr'>ὅπως</span> <span class='ocrx_word' id='word_1_166' title='bbox 1574 418 1621 446; x_wconf 75' lang='grc' dir='ltr'>καὶ</span> <span class='ocrx_word' id='word_1_167' title='bbox 1634 415 1674 450; x_wconf 77' lang='grc' dir='ltr'>εἷς</span> <span class='ocrx_word' id='word_1_168' title='bbox 1689 418 1761 443; x_wconf 76' lang='grc' dir='ltr'>ἐστιν</span> <span class='ocrx_word' id='word_1_169' title='bbox 1776 417 1791 443; x_wconf 83' lang='lat'>6</span> <span class='ocrx_word' id='word_1_170' title='bbox 1808 415 1898 447; x_wconf 82' lang='grc' dir='ltr'>Θεὸς,</span> 
     </span>
    </p>
   </div>
   <div class='ocr_carea' id='block_1_25' title="bbox 1095 465 1525 502">
    <p class='ocr_par' dir='ltr' id='par_1_25' title="bbox 1095 465 1525 502">
     <span class='ocr_line' id='line_1_25' title="bbox 1095 465 1525 502; baseline -0.002 -8"><span class='ocrx_word' id='word_1_171' title='bbox 1095 468 1142 494; x_wconf 78' lang='grc' dir='ltr'>καὶ</span> <span class='ocrx_word' id='word_1_172' title='bbox 1157 467 1220 501; x_wconf 80' lang='grc' dir='ltr'>τρία</span> <span class='ocrx_word' id='word_1_173' title='bbox 1235 467 1268 493; x_wconf 79' lang='grc' dir='ltr'>τὰ</span> <span class='ocrx_word' id='word_1_174' title='bbox 1283 466 1417 502; x_wconf 86' lang='grc' dir='ltr'>πρόσωπα</span> <span class='ocrx_word' id='word_1_175' title='bbox 1432 465 1525 493; x_wconf 80' lang='grc' dir='ltr'>αὑτοῦ.</span> 
     </span>
    </p>
   </div>
   <div class='ocr_carea' id='block_1_26' title="bbox 1136 550 1897 589">
    <p class='ocr_par' dir='ltr' id='par_1_26' title="bbox 1136 550 1897 589">
     <span class='ocr_line' id='line_1_26' title="bbox 1136 550 1897 589; baseline -0.008 -7"><span class='ocrx_word' id='word_1_176' title='bbox 1136 555 1230 582; x_wconf 78' lang='grc' dir='ltr'>’Λπόκ.</span> <span class='ocrx_word' id='word_1_177' title='bbox 1248 555 1347 581; x_wconf 73' lang='grc' dir='ltr'>Ἄκουε</span> <span class='ocrx_word' id='word_1_178' title='bbox 1363 553 1491 586; x_wconf 76' lang='grc' dir='ltr'>συνετῶς,</span> <span class='ocrx_word' id='word_1_179' title='bbox 1512 553 1559 580; x_wconf 72' lang='grc' dir='ltr'>καὶ</span> <span class='ocrx_word' id='word_1_180' title='bbox 1573 553 1679 589; x_wconf 78' lang='grc' dir='ltr'>νοήσεις</span> <span class='ocrx_word' id='word_1_181' title='bbox 1693 552 1723 578; x_wconf 86' lang='grc' dir='ltr'>τδ</span> <span class='ocrx_word' id='word_1_182' title='bbox 1737 551 1788 585; x_wconf 78' lang='grc' dir='ltr'>τῆς</span> <span class='ocrx_word' id='word_1_183' title='bbox 1807 550 1897 584; x_wconf 67' lang='grc' dir='ltr'>ἁγίας</span> 
     </span>
    </p>
   </div>
   <div class='ocr_carea' id='block_1_27' title="bbox 1095 595 1897 637">
    <p class='ocr_par' dir='ltr' id='par_1_27' title="bbox 1095 595 1897 637">
     <span class='ocr_line' id='line_1_27' title="bbox 1095 595 1897 637; baseline -0.007 -10"><span class='ocrx_word' id='word_1_184' title='bbox 1095 600 1210 637; x_wconf 75' lang='grc' dir='ltr'>Τριάδος</span> <span class='ocrx_word' id='word_1_185' title='bbox 1228 600 1391 635; x_wconf 77' lang='grc' dir='ltr'>μυστήριον,</span> <span class='ocrx_word' id='word_1_186' title='bbox 1410 598 1500 630; x_wconf 78' lang='grc' dir='ltr'>καθὼς</span> <span class='ocrx_word' id='word_1_187' title='bbox 1524 597 1634 624; x_wconf 77' lang='grc' dir='ltr'>δύναται</span> <span class='ocrx_word' id='word_1_188' title='bbox 1655 596 1716 627; x_wconf 74' lang='grc' dir='ltr'>νοῦς</span> <span class='ocrx_word' id='word_1_189' title='bbox 1733 595 1897 631; x_wconf 76' lang='grc' dir='ltr'>ἀνθρώπων</span> 
     </span>
    </p>
   </div>
   <div class='ocr_carea' id='block_1_28' title="bbox 1096 641 1896 682">
    <p class='ocr_par' dir='ltr' id='par_1_28' title="bbox 1096 641 1896 682">
     <span class='ocr_line' id='line_1_28' title="bbox 1096 641 1896 682; baseline -0.009 -9"><span class='ocrx_word' id='word_1_190' title='bbox 1096 647 1200 682; x_wconf 76' lang='grc' dir='ltr'>νοῆσαι.</span> <span class='ocrx_word' id='word_1_191' title='bbox 1222 647 1265 677; x_wconf 85' lang='grc' dir='ltr'>Ὣς</span> <span class='ocrx_word' id='word_1_192' title='bbox 1282 646 1343 680; x_wconf 79' lang='grc' dir='ltr'>ἐμοὶ</span> <span class='ocrx_word' id='word_1_193' title='bbox 1361 645 1429 680; x_wconf 86' lang='grc' dir='ltr'>πλὴν</span> <span class='ocrx_word' id='word_1_194' title='bbox 1443 644 1526 676; x_wconf 77' lang='grc' dir='ltr'>δοκεῖ,</span> <span class='ocrx_word' id='word_1_195' title='bbox 1541 643 1608 679; x_wconf 78' lang='grc' dir='ltr'>πρὸς</span> <span class='ocrx_word' id='word_1_196' title='bbox 1621 642 1671 677; x_wconf 79' lang='grc' dir='ltr'>τὴν</span> <span class='ocrx_word' id='word_1_197' title='bbox 1683 642 1752 668; x_wconf 78' lang='grc' dir='ltr'>κατὰ</span> <span class='ocrx_word' id='word_1_198' title='bbox 1769 641 1896 676; x_wconf 75' lang='grc' dir='ltr'>δύναμιν</span> 
     </span>
    </p>
   </div>
   <div class='ocr_carea' id='block_1_29' title="bbox 1095 687 1896 728">
    <p class='ocr_par' dir='ltr' id='par_1_29' title="bbox 1095 687 1896 728">
     <span class='ocr_line' id='line_1_29' title="bbox 1095 687 1896 728; baseline -0.009 -9"><span class='ocrx_word' id='word_1_199' title='bbox 1095 695 1162 728; x_wconf 86' lang='grc' dir='ltr'>ἡμῖν</span> <span class='ocrx_word' id='word_1_200' title='bbox 1178 693 1231 719; x_wconf 84' lang='grc' dir='ltr'>τῶν</span> <span class='ocrx_word' id='word_1_201' title='bbox 1245 692 1343 724; x_wconf 79' lang='grc' dir='ltr'>λέξεων</span> <span class='ocrx_word' id='word_1_202' title='bbox 1364 691 1473 725; x_wconf 77' lang='grc' dir='ltr'>λέγεται</span> <span class='ocrx_word' id='word_1_203' title='bbox 1494 690 1584 717; x_wconf 75' lang='grc' dir='ltr'>τοῦτο.</span> <span class='ocrx_word' id='word_1_204' title='bbox 1607 689 1635 715; x_wconf 90' lang='grc' dir='ltr'><strong>Ὀ</strong></span> <span class='ocrx_word' id='word_1_205' title='bbox 1652 690 1706 724; x_wconf 79' lang='grc' dir='ltr'>γὰρ</span> <span class='ocrx_word' id='word_1_206' title='bbox 1721 687 1787 718; x_wconf 69' lang='grc' dir='ltr'>Θεὸς</span> <span class='ocrx_word' id='word_1_207' title='bbox 1807 687 1896 722; x_wconf 85' lang='grc' dir='ltr'>ἀνερ-</span> 
     </span>
    </p>
   </div>
   <div class='ocr_carea' id='block_1_30' title="bbox 1098 733 1895 775">
    <p class='ocr_par' dir='ltr' id='par_1_30' title="bbox 1098 733 1895 775">
     <span class='ocr_line' id='line_1_30' title="bbox 1098 733 1895 775; baseline -0.01 -9"><span class='ocrx_word' id='word_1_208' title='bbox 1098 739 1227 775; x_wconf 77' lang='grc' dir='ltr'>μήνευτός</span> <span class='ocrx_word' id='word_1_209' title='bbox 1238 740 1305 770; x_wconf 74' lang='grc' dir='ltr'>ἐστι,</span> <span class='ocrx_word' id='word_1_210' title='bbox 1320 737 1421 764; x_wconf 63' lang='grc' dir='ltr'>καὶδιὲι</span> <span class='ocrx_word' id='word_1_211' title='bbox 1436 737 1515 763; x_wconf 79' lang='grc' dir='ltr'>τοῦτο</span> <span class='ocrx_word' id='word_1_212' title='bbox 1526 737 1557 762; x_wconf 76' lang='grc' dir='ltr'>οὺ</span> <span class='ocrx_word' id='word_1_213' title='bbox 1569 734 1707 770; x_wconf 80' lang='grc' dir='ltr'>δυνάμεθα</span> <span class='ocrx_word' id='word_1_214' title='bbox 1722 733 1895 760; x_wconf 75' lang='grc' dir='ltr'>καταλαϐεῖν</span> 
     </span>
    </p>
   </div>
   <div class='ocr_carea' id='block_1_31' title="bbox 1096 778 1895 819">
    <p class='ocr_par' dir='ltr' id='par_1_31' title="bbox 1096 778 1895 819">
     <span class='ocr_line' id='line_1_31' title="bbox 1096 778 1895 819; baseline -0.011 -8"><span class='ocrx_word' id='word_1_215' title='bbox 1096 784 1179 812; x_wconf 77' lang='grc' dir='ltr'>αὑτοῦ</span> <span class='ocrx_word' id='word_1_216' title='bbox 1190 784 1238 819; x_wconf 79' lang='grc' dir='ltr'>τὴν</span> <span class='ocrx_word' id='word_1_217' title='bbox 1252 783 1332 818; x_wconf 75' lang='grc' dir='ltr'>φύσιν</span> <span class='ocrx_word' id='word_1_218' title='bbox 1344 791 1350 798; x_wconf 94' lang='grc'><strong>·</strong></span> <span class='ocrx_word' id='word_1_219' title='bbox 1367 782 1426 809; x_wconf 66' lang='grc' dir='ltr'>οὐδὲ</span> <span class='ocrx_word' id='word_1_220' title='bbox 1443 782 1534 816; x_wconf 81' lang='grc' dir='ltr'>ὅμοιος</span> <span class='ocrx_word' id='word_1_221' title='bbox 1547 779 1624 815; x_wconf 79' lang='grc' dir='ltr'>ἡμῶν</span> <span class='ocrx_word' id='word_1_222' title='bbox 1637 780 1695 805; x_wconf 79' lang='grc' dir='ltr'>ἐστι</span> <span class='ocrx_word' id='word_1_223' title='bbox 1711 778 1895 813; x_wconf 77' lang='grc' dir='ltr'>μονοπρόσω-</span> 
     </span>
    </p>
   </div>
   <div class='ocr_carea' id='block_1_32' title="bbox 1098 824 1895 864">
    <p class='ocr_par' dir='ltr' id='par_1_32' title="bbox 1098 824 1895 864">
     <span class='ocr_line' id='line_1_32' title="bbox 1098 824 1895 864; baseline -0.009 -8"><span class='ocrx_word' id='word_1_224' title='bbox 1098 838 1157 861; x_wconf 76' lang='grc' dir='ltr'>πος.</span> <span class='ocrx_word' id='word_1_225' title='bbox 1180 829 1211 855; x_wconf 66' lang='lat' dir='ltr'><strong>Et</strong></span> <span class='ocrx_word' id='word_1_226' title='bbox 1228 829 1282 864; x_wconf 77' lang='grc' dir='ltr'>γὰρ</span> <span class='ocrx_word' id='word_1_227' title='bbox 1298 826 1332 863; x_wconf 78' lang='grc' dir='ltr'>ἦν</span> <span class='ocrx_word' id='word_1_228' title='bbox 1349 827 1568 863; x_wconf 74' lang='grc' dir='ltr'>μονοπρόσωπος,</span> <span class='ocrx_word' id='word_1_229' title='bbox 1585 824 1767 859; x_wconf 81' lang='grc' dir='ltr'>ὲγινώσκομεν</span> <span class='ocrx_word' id='word_1_230' title='bbox 1787 825 1823 850; x_wconf 78' lang='grc' dir='ltr'>ἂν</span> <span class='ocrx_word' id='word_1_231' title='bbox 1842 824 1895 850; x_wconf 75' lang='grc' dir='ltr'>αὒ-</span> 
     </span>
    </p>
   </div>
   <div class='ocr_carea' id='block_1_33' title="bbox 257 867 1049 922">
    <p class='ocr_par' dir='ltr' id='par_1_33' title="bbox 257 880 1045 922">
     <span class='ocr_line' id='line_1_33' title="bbox 257 880 1045 922; baseline -0.016 -7"><span class='ocrx_word' id='word_1_232' title='bbox 257 895 310 915; x_wconf 88' lang='lat' dir='ltr'>una</span> <span class='ocrx_word' id='word_1_233' title='bbox 325 893 453 922; x_wconf 85' lang='lat' dir='ltr'>persona,</span> <span class='ocrx_word' id='word_1_234' title='bbox 481 889 711 919; x_wconf 64' lang='lat' dir='ltr'>COSIIOSCCI&#39;CIDUS</span> <span class='ocrx_word' id='word_1_235' title='bbox 731 889 803 910; x_wconf 76' lang='lat' dir='ltr'>Cillll.</span> <span class='ocrx_word' id='word_1_236' title='bbox 826 880 865 906; x_wconf 84' lang='grc' dir='ltr'>ιιιὶ</span> <span class='ocrx_word' id='word_1_237' title='bbox 885 886 934 906; x_wconf 91' lang='lat' dir='ltr'>nos</span> <span class='ocrx_word' id='word_1_238' title='bbox 952 882 1045 904; x_wconf 78' lang='lat' dir='ltr'>IIIulllO</span> 
     </span>
    </p>
   </div>
   <div class='ocr_carea' id='block_1_34' title="bbox 1102 867 1893 922">
    <p class='ocr_par' dir='ltr' id='par_1_34' title="bbox 1102 867 1893 908">
     <span class='ocr_line' id='line_1_34' title="bbox 1102 867 1893 908; baseline -0.008 -7"><span class='ocrx_word' id='word_1_239' title='bbox 1102 875 1149 907; x_wconf 70' lang='grc' dir='ltr'>τὸν,</span> <span class='ocrx_word' id='word_1_240' title='bbox 1163 874 1200 906; x_wconf 83' lang='grc' dir='ltr'>ὡς</span> <span class='ocrx_word' id='word_1_241' title='bbox 1217 873 1401 908; x_wconf 76' lang='grc' dir='ltr'>ὲγινώσκομεν</span> <span class='ocrx_word' id='word_1_242' title='bbox 1418 872 1548 906; x_wconf 78' lang='grc' dir='ltr'>ἀλλήλους</span> <span class='ocrx_word' id='word_1_243' title='bbox 1563 872 1647 906; x_wconf 83' lang='grc' dir='ltr'>ἡμᾶς.</span> <span class='ocrx_word' id='word_1_244' title='bbox 1670 870 1738 896; x_wconf 82' lang='grc' dir='ltr'>Ἀλλ’</span> <span class='ocrx_word' id='word_1_245' title='bbox 1753 869 1830 896; x_wconf 74' lang='grc' dir='ltr'>ἐστιν</span> <span class='ocrx_word' id='word_1_246' title='bbox 1851 867 1893 901; x_wconf 73' lang='grc' dir='ltr'>εἷς</span> 
     </span>
    </p>
   </div>
   <div class='ocr_carea' id='block_1_35' title="bbox 257 927 1045 963">
    <p class='ocr_par' dir='ltr' id='par_1_35' title="bbox 257 927 1045 963">
     <span class='ocr_line' id='line_1_35' title="bbox 257 927 1045 963; baseline -0.014 -3"><span class='ocrx_word' id='word_1_247' title='bbox 257 934 393 960; x_wconf 76' lang='lat' dir='ltr'>novimus.</span> <span class='ocrx_word' id='word_1_248' title='bbox 419 931 471 958; x_wconf 83' lang='lat' dir='ltr'>Sed</span> <span class='ocrx_word' id='word_1_249' title='bbox 492 935 534 958; x_wconf 83' lang='lat' dir='ltr'><strong>est</strong></span> <span class='ocrx_word' id='word_1_250' title='bbox 553 937 625 956; x_wconf 88' lang='lat' dir='ltr'>unus</span> <span class='ocrx_word' id='word_1_251' title='bbox 642 927 751 963; x_wconf 85' lang='lat' dir='ltr'><strong>quidem</strong></span> <span class='ocrx_word' id='word_1_252' title='bbox 771 927 851 957; x_wconf 83' lang='lat' dir='ltr'><strong>Deus,</strong></span> <span class='ocrx_word' id='word_1_253' title='bbox 870 929 927 952; x_wconf 86' lang='lat' dir='ltr'>tres</span> <span class='ocrx_word' id='word_1_254' title='bbox 956 929 1045 950; x_wconf 89' lang='lat' dir='ltr'>autem</span> 
     </span>
    </p>
   </div>
   <div class='ocr_carea' id='block_1_36' title="bbox 258 972 1044 1016">
    <p class='ocr_par' dir='ltr' id='par_1_36' title="bbox 258 972 1044 1016">
     <span class='ocr_line' id='line_1_36' title="bbox 258 972 1044 1016; baseline -0.014 -8"><span class='ocrx_word' id='word_1_255' title='bbox 258 982 319 1016; x_wconf 87' lang='lat' dir='ltr'><strong>ejus</strong></span> <span class='ocrx_word' id='word_1_256' title='bbox 347 984 411 1007; x_wconf 91' lang='lat' dir='ltr'>sunt</span> <span class='ocrx_word' id='word_1_257' title='bbox 430 985 565 1014; x_wconf 65' lang='lat' dir='ltr'>personal.</span> <span class='ocrx_word' id='word_1_258' title='bbox 592 976 625 1002; x_wconf 85' lang='lat' dir='ltr'>Et</span> <span class='ocrx_word' id='word_1_259' title='bbox 640 976 701 1003; x_wconf 79' lang='lat' dir='ltr'><strong>vide</strong></span> <span class='ocrx_word' id='word_1_260' title='bbox 731 983 804 1002; x_wconf 92' lang='lat' dir='ltr'>nune</span> <span class='ocrx_word' id='word_1_261' title='bbox 827 981 888 1008; x_wconf 63' lang='lat' dir='ltr'><strong>quae</strong></span> <span class='ocrx_word' id='word_1_262' title='bbox 907 972 1044 999; x_wconf 84' lang='lat' dir='ltr'>dicantur.</span> 
     </span>
    </p>
   </div>
   <div class='ocr_carea' id='block_1_37' title="bbox 258 1017 1048 1060">
    <p class='ocr_par' dir='ltr' id='par_1_37' title="bbox 258 1017 1048 1060">
     <span class='ocr_line' id='line_1_37' title="bbox 258 1017 1048 1060; baseline -0.013 -7"><span class='ocrx_word' id='word_1_263' title='bbox 258 1024 494 1060; x_wconf 77' lang='lat' dir='ltr'><strong>Quemadmodum</strong></span> <span class='ocrx_word' id='word_1_264' title='bbox 514 1024 554 1050; x_wconf 92' lang='lat' dir='ltr'>sol</span> <span class='ocrx_word' id='word_1_265' title='bbox 570 1026 612 1049; x_wconf 83' lang='lat' dir='ltr'><strong>est</strong></span> <span class='ocrx_word' id='word_1_266' title='bbox 627 1030 698 1048; x_wconf 83' lang='lat' dir='ltr'><strong>unus</strong></span> <span class='ocrx_word' id='word_1_267' title='bbox 719 1030 725 1047; x_wconf 73' lang='grc' dir='ltr'>ε</span> <span class='ocrx_word' id='word_1_268' title='bbox 745 1021 785 1047; x_wconf 89' lang='lat' dir='ltr'>sol</span> <span class='ocrx_word' id='word_1_269' title='bbox 801 1024 891 1046; x_wconf 86' lang='lat' dir='ltr'>autem</span> <span class='ocrx_word' id='word_1_270' title='bbox 908 1017 990 1044; x_wconf 89' lang='lat' dir='ltr'><strong>habet</strong></span> <span class='ocrx_word' id='word_1_271' title='bbox 1003 1024 1048 1044; x_wconf 81' lang='lat' dir='ltr'>ra-</span> 
     </span>
    </p>
   </div>
   <div class='ocr_carea' id='block_1_38' title="bbox 258 1067 1048 1101">
    <p class='ocr_par' dir='ltr' id='par_1_38' title="bbox 258 1067 1048 1101">
     <span class='ocr_line' id='line_1_38' title="bbox 258 1067 1048 1101; baseline -0.014 -1"><span class='ocrx_word' id='word_1_272' title='bbox 258 1073 333 1100; x_wconf 92' lang='lat' dir='ltr'><strong>dium</strong></span> <span class='ocrx_word' id='word_1_273' title='bbox 348 1076 375 1098; x_wconf 90' lang='lat' dir='ltr'>et</span> <span class='ocrx_word' id='word_1_274' title='bbox 393 1071 493 1101; x_wconf 82' lang='lat' dir='ltr'>lucem,</span> <span class='ocrx_word' id='word_1_275' title='bbox 509 1073 536 1096; x_wconf 94' lang='lat' dir='ltr'><strong>et</strong></span> <span class='ocrx_word' id='word_1_276' title='bbox 558 1073 624 1096; x_wconf 87' lang='lat' dir='ltr'>sunt</span> <span class='ocrx_word' id='word_1_277' title='bbox 644 1068 671 1094; x_wconf 88' lang='lat' dir='ltr'><strong>in</strong></span> <span class='ocrx_word' id='word_1_278' title='bbox 690 1067 746 1094; x_wconf 88' lang='lat' dir='ltr'>sole</span> <span class='ocrx_word' id='word_1_279' title='bbox 764 1071 820 1092; x_wconf 89' lang='lat' dir='ltr'><strong>tres</strong></span> <span class='ocrx_word' id='word_1_280' title='bbox 842 1071 965 1100; x_wconf 77' lang='lat' dir='ltr'>personae</span> <span class='ocrx_word' id='word_1_281' title='bbox 980 1072 986 1090; x_wconf 90' lang='lat'>:</span> <span class='ocrx_word' id='word_1_282' title='bbox 1002 1071 1048 1090; x_wconf 91' lang='lat' dir='ltr'>or-</span> 
     </span>
    </p>
   </div>
   <div class='ocr_carea' id='block_1_39' title="bbox 229 1109 1046 1149">
    <p class='ocr_par' dir='ltr' id='par_1_39' title="bbox 229 1109 1046 1149">
     <span class='ocr_line' id='line_1_39' title="bbox 229 1109 1046 1149; baseline -0.012 -4"><span class='ocrx_word' id='word_1_283' title='bbox 229 1120 232 1123; x_wconf 59' lang='grc'><strong>⁴</strong></span> <span class='ocrx_word' id='word_1_284' title='bbox 258 1118 313 1149; x_wconf 85' lang='lat' dir='ltr'><strong>bis,</strong></span> <span class='ocrx_word' id='word_1_285' title='bbox 330 1117 424 1143; x_wconf 82' lang='lat' dir='ltr'>radius</span> <span class='ocrx_word' id='word_1_286' title='bbox 443 1119 470 1142; x_wconf 90' lang='lat' dir='ltr'><strong>et</strong></span> <span class='ocrx_word' id='word_1_287' title='bbox 485 1117 541 1141; x_wconf 75' lang='lat' dir='ltr'>lux.</span> <span class='ocrx_word' id='word_1_288' title='bbox 558 1114 639 1141; x_wconf 83' lang='lat' dir='ltr'>Orbis</span> <span class='ocrx_word' id='word_1_289' title='bbox 655 1113 765 1148; x_wconf 80' lang='lat' dir='ltr'><strong>quidem</strong></span> <span class='ocrx_word' id='word_1_290' title='bbox 782 1115 824 1138; x_wconf 85' lang='lat' dir='ltr'><strong>est</strong></span> <span class='ocrx_word' id='word_1_291' title='bbox 842 1109 1046 1144; x_wconf 81' lang='lat' dir='ltr'>receptaculum</span> 
     </span>
    </p>
   </div>
   <div class='ocr_carea' id='block_1_40' title="bbox 260 1157 1048 1194">
    <p class='ocr_par' dir='ltr' id='par_1_40' title="bbox 260 1157 1048 1194">
     <span class='ocr_line' id='line_1_40' title="bbox 260 1157 1048 1194; baseline -0.01 -5"><span class='ocrx_word' id='word_1_292' title='bbox 260 1163 344 1190; x_wconf 89' lang='lat' dir='ltr'>solis:</span> <span class='ocrx_word' id='word_1_293' title='bbox 358 1162 452 1188; x_wconf 84' lang='lat' dir='ltr'>radius</span> <span class='ocrx_word' id='word_1_294' title='bbox 469 1168 542 1190; x_wconf 84' lang='lat' dir='ltr'><strong>vero,</strong></span> <span class='ocrx_word' id='word_1_295' title='bbox 560 1159 606 1194; x_wconf 93' lang='lat' dir='ltr'><strong>qui</strong></span> <span class='ocrx_word' id='word_1_296' title='bbox 624 1158 765 1186; x_wconf 83' lang='lat' dir='ltr'><strong>descendit</strong></span> <span class='ocrx_word' id='word_1_297' title='bbox 783 1157 901 1187; x_wconf 82' lang='lat' dir='ltr'><strong>lucidus,</strong></span> <span class='ocrx_word' id='word_1_298' title='bbox 918 1162 1048 1190; x_wconf 82' lang='lat' dir='ltr'>repercu-</span> 
     </span>
    </p>
   </div>
   <div class='ocr_carea' id='block_1_41' title="bbox 261 1200 1047 1232">
    <p class='ocr_par' dir='ltr' id='par_1_41' title="bbox 261 1200 1047 1232">
     <span class='ocr_line' id='line_1_41' title="bbox 261 1200 1047 1232; baseline -0.008 0"><span class='ocrx_word' id='word_1_299' title='bbox 261 1207 329 1232; x_wconf 87' lang='lat' dir='ltr'>titur</span> <span class='ocrx_word' id='word_1_300' title='bbox 341 1205 373 1231; x_wconf 91' lang='lat' dir='ltr'>ad</span> <span class='ocrx_word' id='word_1_301' title='bbox 387 1209 488 1231; x_wconf 88' lang='lat' dir='ltr'>terram</span> <span class='ocrx_word' id='word_1_302' title='bbox 502 1213 508 1230; x_wconf 75' lang='grc' dir='ltr'>ε</span> <span class='ocrx_word' id='word_1_303' title='bbox 523 1204 615 1231; x_wconf 89' lang='lat' dir='ltr'>lumen</span> <span class='ocrx_word' id='word_1_304' title='bbox 630 1211 694 1230; x_wconf 81' lang='lat' dir='ltr'>vero</span> <span class='ocrx_word' id='word_1_305' title='bbox 709 1203 781 1229; x_wconf 84' lang='lat' dir='ltr'><strong>lut&#39;ct</strong></span> <span class='ocrx_word' id='word_1_306' title='bbox 795 1201 877 1228; x_wconf 86' lang='lat' dir='ltr'>etiam</span> <span class='ocrx_word' id='word_1_307' title='bbox 893 1201 920 1227; x_wconf 94' lang='lat' dir='ltr'>in</span> <span class='ocrx_word' id='word_1_308' title='bbox 934 1200 1047 1227; x_wconf 57' lang='lat' dir='ltr'>umbros</span> 
     </span>
    </p>
   </div>
   <div class='ocr_carea' id='block_1_42' title="bbox 261 1249 1044 1281">
    <p class='ocr_par' dir='ltr' id='par_1_42' title="bbox 261 1249 1044 1281">
     <span class='ocr_line' id='line_1_42' title="bbox 261 1249 1044 1281; baseline -0.006 -3"><span class='ocrx_word' id='word_1_309' title='bbox 261 1252 299 1279; x_wconf 87' lang='lat' dir='ltr'>sis</span> <span class='ocrx_word' id='word_1_310' title='bbox 320 1252 388 1278; x_wconf 90' lang='lat' dir='ltr'><strong>locis</strong></span> <span class='ocrx_word' id='word_1_311' title='bbox 407 1251 466 1278; x_wconf 83' lang='lat' dir='ltr'><strong>sine</strong></span> <span class='ocrx_word' id='word_1_312' title='bbox 491 1250 576 1277; x_wconf 83' lang='lat' dir='ltr'>radio.</span> <span class='ocrx_word' id='word_1_313' title='bbox 593 1249 625 1276; x_wconf 86' lang='lat' dir='ltr'>Et</span> <span class='ocrx_word' id='word_1_314' title='bbox 647 1257 712 1276; x_wconf 85' lang='lat' dir='ltr'>ecce</span> <span class='ocrx_word' id='word_1_315' title='bbox 735 1253 792 1276; x_wconf 88' lang='lat' dir='ltr'>tres</span> <span class='ocrx_word' id='word_1_316' title='bbox 814 1251 879 1275; x_wconf 89' lang='lat' dir='ltr'>sunt</span> <span class='ocrx_word' id='word_1_317' title='bbox 898 1254 1044 1281; x_wconf 64' lang='lat' dir='ltr'>personat:</span> 
     </span>
    </p>
   </div>
   <div class='ocr_carea' id='block_1_43' title="bbox 232 1293 1045 1328">
    <p class='ocr_par' dir='ltr' id='par_1_43' title="bbox 232 1293 1045 1328">
     <span class='ocr_line' id='line_1_43' title="bbox 232 1293 1045 1328; baseline -0.006 -4"><span class='ocrx_word' id='word_1_318' title='bbox 232 1309 234 1313; x_wconf 62' lang='grc' dir='ltr'>ν</span> <span class='ocrx_word' id='word_1_319' title='bbox 261 1297 347 1328; x_wconf 85' lang='lat' dir='ltr'>orbis,</span> <span class='ocrx_word' id='word_1_320' title='bbox 364 1297 457 1323; x_wconf 83' lang='lat' dir='ltr'>radius</span> <span class='ocrx_word' id='word_1_321' title='bbox 473 1300 500 1323; x_wconf 91' lang='lat' dir='ltr'>et</span> <span class='ocrx_word' id='word_1_322' title='bbox 515 1296 572 1322; x_wconf 76' lang='lat' dir='ltr'>lux.</span> <span class='ocrx_word' id='word_1_323' title='bbox 587 1295 645 1322; x_wconf 76' lang='lat' dir='ltr'>Non</span> <span class='ocrx_word' id='word_1_324' title='bbox 663 1295 781 1322; x_wconf 83' lang='lat' dir='ltr'>dicimus</span> <span class='ocrx_word' id='word_1_325' title='bbox 794 1300 883 1321; x_wconf 88' lang='lat' dir='ltr'>autem</span> <span class='ocrx_word' id='word_1_326' title='bbox 896 1297 952 1320; x_wconf 85' lang='lat' dir='ltr'>tres</span> <span class='ocrx_word' id='word_1_327' title='bbox 963 1293 1045 1325; x_wconf 87' lang='lat' dir='ltr'>soles,</span> 
     </span>
    </p>
   </div>
   <div class='ocr_carea' id='block_1_44' title="bbox 262 1339 1047 1375">
    <p class='ocr_par' dir='ltr' id='par_1_44' title="bbox 262 1339 1047 1375">
     <span class='ocr_line' id='line_1_44' title="bbox 262 1339 1047 1375; baseline -0.005 -5"><span class='ocrx_word' id='word_1_328' title='bbox 262 1344 308 1370; x_wconf 84' lang='lat' dir='ltr'>sed</span> <span class='ocrx_word' id='word_1_329' title='bbox 325 1351 408 1370; x_wconf 87' lang='lat' dir='ltr'>unum</span> <span class='ocrx_word' id='word_1_330' title='bbox 426 1343 508 1369; x_wconf 86' lang='lat' dir='ltr'>solem</span> <span class='ocrx_word' id='word_1_331' title='bbox 523 1351 529 1369; x_wconf 93' lang='lat'>:</span> <span class='ocrx_word' id='word_1_332' title='bbox 542 1350 591 1369; x_wconf 85' lang='lat' dir='ltr'>nec</span> <span class='ocrx_word' id='word_1_333' title='bbox 603 1342 719 1369; x_wconf 87' lang='lat' dir='ltr'>dicimus</span> <span class='ocrx_word' id='word_1_334' title='bbox 734 1349 814 1367; x_wconf 89' lang='lat' dir='ltr'>unam</span> <span class='ocrx_word' id='word_1_335' title='bbox 829 1347 986 1375; x_wconf 84' lang='lat' dir='ltr'><strong>personam,</strong></span> <span class='ocrx_word' id='word_1_336' title='bbox 999 1339 1047 1366; x_wconf 86' lang='lat' dir='ltr'>sed</span> 
     </span>
    </p>
   </div>
   <div class='ocr_carea' id='block_1_45' title="bbox 261 1385 1045 1423">
    <p class='ocr_par' dir='ltr' id='par_1_45' title="bbox 261 1385 1045 1423">
     <span class='ocr_line' id='line_1_45' title="bbox 261 1385 1045 1423; baseline -0.005 -8"><span class='ocrx_word' id='word_1_337' title='bbox 261 1392 328 1416; x_wconf 84' lang='lat' dir='ltr'>tres.</span> <span class='ocrx_word' id='word_1_338' title='bbox 345 1388 372 1415; x_wconf 87' lang='lat' dir='ltr'>Si</span> <span class='ocrx_word' id='word_1_339' title='bbox 384 1389 456 1416; x_wconf 89' lang='lat' dir='ltr'><strong>enim</strong></span> <span class='ocrx_word' id='word_1_340' title='bbox 473 1389 660 1423; x_wconf 76' lang='lat' dir='ltr'><strong>interrogeris,</strong></span> <span class='ocrx_word' id='word_1_341' title='bbox 676 1393 743 1423; x_wconf 86' lang='lat' dir='ltr'>quot</span> <span class='ocrx_word' id='word_1_342' title='bbox 764 1387 819 1414; x_wconf 89' lang='lat' dir='ltr'><strong>sint</strong></span> <span class='ocrx_word' id='word_1_343' title='bbox 835 1385 906 1413; x_wconf 88' lang='lat' dir='ltr'>soles</span> <span class='ocrx_word' id='word_1_344' title='bbox 925 1385 952 1412; x_wconf 91' lang='lat' dir='ltr'>in</span> <span class='ocrx_word' id='word_1_345' title='bbox 965 1385 1045 1418; x_wconf 72' lang='lat' dir='ltr'><strong>cmlo,</strong></span> 
     </span>
    </p>
   </div>
   <div class='ocr_carea' id='block_1_46' title="bbox 262 1434 1048 1468">
    <p class='ocr_par' dir='ltr' id='par_1_46' title="bbox 262 1434 1048 1468">
     <span class='ocr_line' id='line_1_46' title="bbox 262 1434 1048 1468; baseline -0.003 -7"><span class='ocrx_word' id='word_1_346' title='bbox 262 1434 387 1462; x_wconf 76' lang='lat' dir='ltr'><strong>dicturus</strong></span> <span class='ocrx_word' id='word_1_347' title='bbox 407 1442 446 1465; x_wconf 88' lang='lat' dir='ltr'>es,</span> <span class='ocrx_word' id='word_1_348' title='bbox 462 1435 532 1468; x_wconf 83' lang='lat' dir='ltr'><strong>quod</strong></span> <span class='ocrx_word' id='word_1_349' title='bbox 557 1443 628 1461; x_wconf 83' lang='lat' dir='ltr'>llllllS</span> <span class='ocrx_word' id='word_1_350' title='bbox 643 1435 679 1461; x_wconf 90' lang='lat' dir='ltr'><strong>sit</strong></span> <span class='ocrx_word' id='word_1_351' title='bbox 700 1434 741 1461; x_wconf 90' lang='lat' dir='ltr'>sol</span> <span class='ocrx_word' id='word_1_352' title='bbox 756 1443 762 1461; x_wconf 88' lang='lat'><strong>:</strong></span> <span class='ocrx_word' id='word_1_353' title='bbox 775 1434 798 1461; x_wconf 85' lang='lat' dir='ltr'>si</span> <span class='ocrx_word' id='word_1_354' title='bbox 817 1441 882 1460; x_wconf 81' lang='lat' dir='ltr'>vero</span> <span class='ocrx_word' id='word_1_355' title='bbox 896 1434 1048 1468; x_wconf 81' lang='lat' dir='ltr'>interroge-</span> 
     </span>
    </p>
   </div>
   <div class='ocr_carea' id='block_1_47' title="bbox 264 1478 1045 1514">
    <p class='ocr_par' dir='ltr' id='par_1_47' title="bbox 264 1478 1045 1514">
     <span class='ocr_line' id='line_1_47' title="bbox 264 1478 1045 1514; baseline -0.003 -7"><span class='ocrx_word' id='word_1_356' title='bbox 264 1480 316 1511; x_wconf 87' lang='lat' dir='ltr'><strong>ris,</strong></span> <span class='ocrx_word' id='word_1_357' title='bbox 333 1483 399 1514; x_wconf 90' lang='lat' dir='ltr'><strong>quot</strong></span> <span class='ocrx_word' id='word_1_358' title='bbox 409 1480 463 1506; x_wconf 92' lang='lat' dir='ltr'>sint</span> <span class='ocrx_word' id='word_1_359' title='bbox 475 1487 596 1514; x_wconf 64' lang='lat' dir='ltr'>persona?</span> <span class='ocrx_word' id='word_1_360' title='bbox 608 1479 683 1509; x_wconf 84' lang='lat' dir='ltr'>solis,</span> <span class='ocrx_word' id='word_1_361' title='bbox 699 1478 823 1505; x_wconf 85' lang='lat' dir='ltr'>dicturus</span> <span class='ocrx_word' id='word_1_362' title='bbox 837 1487 877 1511; x_wconf 89' lang='lat' dir='ltr'><strong>es,</strong></span> <span class='ocrx_word' id='word_1_363' title='bbox 889 1478 962 1512; x_wconf 88' lang='lat' dir='ltr'><strong>quod</strong></span> <span class='ocrx_word' id='word_1_364' title='bbox 975 1483 1045 1505; x_wconf 87' lang='lat' dir='ltr'><strong>tres:</strong></span> 
     </span>
    </p>
   </div>
   <div class='ocr_carea' id='block_1_48' title="bbox 264 1523 1047 1558">
    <p class='ocr_par' dir='ltr' id='par_1_48' title="bbox 264 1523 1047 1558">
     <span class='ocr_line' id='line_1_48' title="bbox 264 1523 1047 1558; baseline -0.003 -5"><span class='ocrx_word' id='word_1_365' title='bbox 264 1526 350 1558; x_wconf 87' lang='lat' dir='ltr'>orbis,</span> <span class='ocrx_word' id='word_1_366' title='bbox 368 1526 461 1552; x_wconf 76' lang='lat' dir='ltr'>radius</span> <span class='ocrx_word' id='word_1_367' title='bbox 475 1529 501 1551; x_wconf 87' lang='lat' dir='ltr'><strong>et</strong></span> <span class='ocrx_word' id='word_1_368' title='bbox 518 1525 563 1551; x_wconf 77' lang='lat' dir='ltr'>lux</span> <span class='ocrx_word' id='word_1_369' title='bbox 580 1534 586 1552; x_wconf 88' lang='lat'>:</span> <span class='ocrx_word' id='word_1_370' title='bbox 600 1525 640 1551; x_wconf 88' lang='lat' dir='ltr'><strong>sic</strong></span> <span class='ocrx_word' id='word_1_371' title='bbox 653 1525 733 1552; x_wconf 88' lang='lat' dir='ltr'>etiam</span> <span class='ocrx_word' id='word_1_372' title='bbox 744 1523 834 1558; x_wconf 78' lang='lat' dir='ltr'>cogita</span> <span class='ocrx_word' id='word_1_373' title='bbox 849 1523 882 1551; x_wconf 89' lang='lat' dir='ltr'>de</span> <span class='ocrx_word' id='word_1_374' title='bbox 897 1523 962 1551; x_wconf 85' lang='lat' dir='ltr'><strong>Deo.</strong></span> <span class='ocrx_word' id='word_1_375' title='bbox 976 1523 1047 1551; x_wconf 89' lang='lat' dir='ltr'>Deus</span> 
     </span>
    </p>
   </div>
   <div class='ocr_carea' id='block_1_49' title="bbox 265 1569 1047 1606">
    <p class='ocr_par' dir='ltr' id='par_1_49' title="bbox 265 1569 1047 1606">
     <span class='ocr_line' id='line_1_49' title="bbox 265 1569 1047 1606; baseline -0.003 -8"><span class='ocrx_word' id='word_1_376' title='bbox 265 1576 307 1598; x_wconf 87' lang='lat' dir='ltr'><strong>est</strong></span> <span class='ocrx_word' id='word_1_377' title='bbox 326 1580 408 1602; x_wconf 89' lang='lat' dir='ltr'>unus,</span> <span class='ocrx_word' id='word_1_378' title='bbox 426 1579 550 1606; x_wconf 69' lang='lat' dir='ltr'>pet‘sonm</span> <span class='ocrx_word' id='word_1_379' title='bbox 575 1574 664 1597; x_wconf 89' lang='lat' dir='ltr'>autem</span> <span class='ocrx_word' id='word_1_380' title='bbox 688 1570 768 1598; x_wconf 88' lang='lat' dir='ltr'>unius</span> <span class='ocrx_word' id='word_1_381' title='bbox 792 1569 840 1596; x_wconf 87' lang='lat' dir='ltr'>Dei</span> <span class='ocrx_word' id='word_1_382' title='bbox 863 1573 930 1601; x_wconf 84' lang='lat' dir='ltr'>tres,</span> <span class='ocrx_word' id='word_1_383' title='bbox 948 1569 1047 1603; x_wconf 81' lang='lat' dir='ltr'>Patris,</span> 
     </span>
    </p>
   </div>
   <div class='ocr_carea' id='block_1_50' title="bbox 265 1614 1050 1651">
    <p class='ocr_par' dir='ltr' id='par_1_50' title="bbox 265 1614 1050 1651">
     <span class='ocr_line' id='line_1_50' title="bbox 265 1614 1050 1651; baseline -0.003 -8"><span class='ocrx_word' id='word_1_384' title='bbox 265 1616 338 1647; x_wconf 77' lang='lat' dir='ltr'><strong>Filii.</strong></span> <span class='ocrx_word' id='word_1_385' title='bbox 350 1621 377 1644; x_wconf 89' lang='lat' dir='ltr'><strong>et</strong></span> <span class='ocrx_word' id='word_1_386' title='bbox 391 1617 509 1651; x_wconf 77' lang='lat' dir='ltr'><strong>Spiritus</strong></span> <span class='ocrx_word' id='word_1_387' title='bbox 525 1615 622 1643; x_wconf 86' lang='lat' dir='ltr'>sancti.</span> <span class='ocrx_word' id='word_1_388' title='bbox 638 1614 670 1641; x_wconf 81' lang='lat' dir='ltr'>Et</span> <span class='ocrx_word' id='word_1_389' title='bbox 691 1623 724 1641; x_wconf 71' lang='lat' dir='ltr'>ex</span> <span class='ocrx_word' id='word_1_390' title='bbox 744 1615 794 1641; x_wconf 91' lang='lat' dir='ltr'>hoe</span> <span class='ocrx_word' id='word_1_391' title='bbox 816 1622 962 1649; x_wconf 81' lang='lat' dir='ltr'>cognosce,</span> <span class='ocrx_word' id='word_1_392' title='bbox 977 1615 1050 1649; x_wconf 86' lang='lat' dir='ltr'><strong>quod</strong></span> 
     </span>
    </p>
   </div>
   <div class='ocr_carea' id='block_1_51' title="bbox 265 1659 1050 1697">
    <p class='ocr_par' dir='ltr' id='par_1_51' title="bbox 265 1659 1050 1697">
     <span class='ocr_line' id='line_1_51' title="bbox 265 1659 1050 1697; baseline -0.004 -8"><span class='ocrx_word' id='word_1_393' title='bbox 265 1661 494 1697; x_wconf 79' lang='lat' dir='ltr'><strong>quemadmodum</strong></span> <span class='ocrx_word' id='word_1_394' title='bbox 518 1661 559 1687; x_wconf 83' lang='lat' dir='ltr'>sol</span> <span class='ocrx_word' id='word_1_395' title='bbox 582 1663 691 1687; x_wconf 82' lang='lat' dir='ltr'>eanstat</span> <span class='ocrx_word' id='word_1_396' title='bbox 706 1659 794 1686; x_wconf 92' lang='lat' dir='ltr'><strong>tribus</strong></span> <span class='ocrx_word' id='word_1_397' title='bbox 810 1661 946 1693; x_wconf 83' lang='lat' dir='ltr'>personis,</span> <span class='ocrx_word' id='word_1_398' title='bbox 963 1660 1000 1686; x_wconf 89' lang='lat' dir='ltr'>ita</span> <span class='ocrx_word' id='word_1_399' title='bbox 1023 1663 1050 1686; x_wconf 88' lang='lat' dir='ltr'><strong>et</strong></span> 
     </span>
    </p>
   </div>
   <div class='ocr_carea' id='block_1_52' title="bbox 265 1704 1051 1740">
    <p class='ocr_par' dir='ltr' id='par_1_52' title="bbox 265 1704 1051 1740">
     <span class='ocr_line' id='line_1_52' title="bbox 265 1704 1051 1740; baseline -0.004 -6"><span class='ocrx_word' id='word_1_400' title='bbox 265 1715 337 1734; x_wconf 94' lang='lat' dir='ltr'>unus</span> <span class='ocrx_word' id='word_1_401' title='bbox 355 1707 425 1734; x_wconf 84' lang='lat' dir='ltr'>Deus</span> <span class='ocrx_word' id='word_1_402' title='bbox 441 1706 530 1733; x_wconf 88' lang='lat' dir='ltr'>tribus</span> <span class='ocrx_word' id='word_1_403' title='bbox 550 1705 685 1740; x_wconf 85' lang='lat' dir='ltr'><strong>personis.</strong></span> <span class='ocrx_word' id='word_1_404' title='bbox 703 1704 795 1740; x_wconf 79' lang='lat' dir='ltr'>Typus</span> <span class='ocrx_word' id='word_1_405' title='bbox 817 1705 889 1732; x_wconf 87' lang='lat' dir='ltr'>enim</span> <span class='ocrx_word' id='word_1_406' title='bbox 905 1705 994 1732; x_wconf 80' lang='lat' dir='ltr'>Patris</span> <span class='ocrx_word' id='word_1_407' title='bbox 1008 1709 1051 1732; x_wconf 86' lang='lat' dir='ltr'>est</span> 
     </span>
    </p>
   </div>
   <div class='ocr_carea' id='block_1_53' title="bbox 265 1750 1051 1788">
    <p class='ocr_par' dir='ltr' id='par_1_53' title="bbox 265 1750 1051 1788">
     <span class='ocr_line' id='line_1_53' title="bbox 265 1750 1051 1788; baseline -0.003 -8"><span class='ocrx_word' id='word_1_408' title='bbox 265 1754 342 1781; x_wconf 86' lang='lat' dir='ltr'>orbis</span> <span class='ocrx_word' id='word_1_409' title='bbox 354 1753 451 1780; x_wconf 86' lang='lat' dir='ltr'>solaris</span> <span class='ocrx_word' id='word_1_410' title='bbox 465 1763 471 1779; x_wconf 86' lang='lat'>:</span> <span class='ocrx_word' id='word_1_411' title='bbox 486 1757 565 1788; x_wconf 82' lang='lat' dir='ltr'>typus</span> <span class='ocrx_word' id='word_1_412' title='bbox 575 1751 635 1778; x_wconf 83' lang='lat' dir='ltr'>Filii</span> <span class='ocrx_word' id='word_1_413' title='bbox 651 1755 693 1778; x_wconf 90' lang='lat' dir='ltr'>est</span> <span class='ocrx_word' id='word_1_414' title='bbox 708 1751 802 1778; x_wconf 84' lang='lat' dir='ltr'>radius</span> <span class='ocrx_word' id='word_1_415' title='bbox 815 1760 820 1777; x_wconf 93' lang='lat'><strong>:</strong></span> <span class='ocrx_word' id='word_1_416' title='bbox 837 1755 917 1785; x_wconf 80' lang='lat' dir='ltr'><strong>typus</strong></span> <span class='ocrx_word' id='word_1_417' title='bbox 934 1750 1051 1786; x_wconf 86' lang='lat' dir='ltr'><strong>Spiritus</strong></span> 
     </span>
    </p>
   </div>
   <div class='ocr_carea' id='block_1_54' title="bbox 266 1795 1051 1829">
    <p class='ocr_par' dir='ltr' id='par_1_54' title="bbox 266 1795 1051 1829">
     <span class='ocr_line' id='line_1_54' title="bbox 266 1795 1051 1829; baseline -0.003 -3"><span class='ocrx_word' id='word_1_418' title='bbox 266 1800 355 1826; x_wconf 78' lang='lat' dir='ltr'>sancti</span> <span class='ocrx_word' id='word_1_419' title='bbox 378 1805 419 1825; x_wconf 82' lang='lat' dir='ltr'>est</span> <span class='ocrx_word' id='word_1_420' title='bbox 439 1798 528 1825; x_wconf 87' lang='lat' dir='ltr'><strong>lumen</strong></span> <span class='ocrx_word' id='word_1_421' title='bbox 559 1797 635 1824; x_wconf 78' lang='lat' dir='ltr'>solis.</span> <span class='ocrx_word' id='word_1_422' title='bbox 661 1796 788 1829; x_wconf 79' lang='lat' dir='ltr'>Proinde,</span> <span class='ocrx_word' id='word_1_423' title='bbox 805 1797 852 1824; x_wconf 89' lang='lat' dir='ltr'>die</span> <span class='ocrx_word' id='word_1_424' title='bbox 869 1798 905 1823; x_wconf 85' lang='lat' dir='ltr'>ita</span> <span class='ocrx_word' id='word_1_425' title='bbox 920 1806 926 1823; x_wconf 90' lang='lat'>:</span> <span class='ocrx_word' id='word_1_426' title='bbox 940 1795 970 1823; x_wconf 91' lang='lat' dir='ltr'><strong>ln</strong></span> <span class='ocrx_word' id='word_1_427' title='bbox 993 1797 1051 1824; x_wconf 88' lang='lat' dir='ltr'><strong>sole</strong></span> 
     </span>
    </p>
   </div>
   <div class='ocr_carea' id='block_1_55' title="bbox 233 1842 1052 1875">
    <p class='ocr_par' dir='ltr' id='par_1_55' title="bbox 233 1842 1052 1875">
     <span class='ocr_line' id='line_1_55' title="bbox 233 1842 1052 1875; baseline -0.005 -4"><span class='ocrx_word' id='word_1_428' title='bbox 233 1847 235 1850; x_wconf 90' lang='lat'>‘</span> <span class='ocrx_word' id='word_1_429' title='bbox 266 1844 352 1875; x_wconf 88' lang='lat' dir='ltr'>orbis,</span> <span class='ocrx_word' id='word_1_430' title='bbox 373 1844 465 1870; x_wconf 91' lang='lat' dir='ltr'>radius</span> <span class='ocrx_word' id='word_1_431' title='bbox 492 1847 519 1870; x_wconf 77' lang='lat' dir='ltr'>et</span> <span class='ocrx_word' id='word_1_432' title='bbox 542 1844 653 1870; x_wconf 84' lang='lat' dir='ltr'><strong>lumen:</strong></span> <span class='ocrx_word' id='word_1_433' title='bbox 669 1850 723 1869; x_wconf 91' lang='lat' dir='ltr'>non</span> <span class='ocrx_word' id='word_1_434' title='bbox 741 1842 860 1869; x_wconf 90' lang='lat' dir='ltr'>dicimus</span> <span class='ocrx_word' id='word_1_435' title='bbox 884 1845 979 1868; x_wconf 86' lang='lat' dir='ltr'>autem</span> <span class='ocrx_word' id='word_1_436' title='bbox 997 1845 1052 1868; x_wconf 87' lang='lat' dir='ltr'>tres</span> 
     </span>
    </p>
   </div>
   <div class='ocr_carea' id='block_1_56' title="bbox 266 1886 1054 1922">
    <p class='ocr_par' dir='ltr' id='par_1_56' title="bbox 266 1886 1054 1922">
     <span class='ocr_line' id='line_1_56' title="bbox 266 1886 1054 1922; baseline -0.005 -5"><span class='ocrx_word' id='word_1_437' title='bbox 266 1891 349 1922; x_wconf 81' lang='lat' dir='ltr'>soles,</span> <span class='ocrx_word' id='word_1_438' title='bbox 366 1890 413 1916; x_wconf 88' lang='lat' dir='ltr'>sed</span> <span class='ocrx_word' id='word_1_439' title='bbox 430 1897 513 1916; x_wconf 91' lang='lat' dir='ltr'>unum</span> <span class='ocrx_word' id='word_1_440' title='bbox 530 1893 557 1915; x_wconf 86' lang='lat' dir='ltr'><strong>et</strong></span> <span class='ocrx_word' id='word_1_441' title='bbox 572 1889 660 1915; x_wconf 85' lang='lat' dir='ltr'><strong>solum</strong></span> <span class='ocrx_word' id='word_1_442' title='bbox 675 1887 820 1915; x_wconf 82' lang='lat' dir='ltr'>:similiter</span> <span class='ocrx_word' id='word_1_443' title='bbox 833 1892 860 1914; x_wconf 89' lang='lat' dir='ltr'>et</span> <span class='ocrx_word' id='word_1_444' title='bbox 876 1887 903 1913; x_wconf 90' lang='lat' dir='ltr'>in</span> <span class='ocrx_word' id='word_1_445' title='bbox 920 1886 986 1918; x_wconf 89' lang='lat' dir='ltr'><strong>Deo,</strong></span> <span class='ocrx_word' id='word_1_446' title='bbox 1001 1886 1054 1914; x_wconf 82' lang='lat' dir='ltr'>Pa-</span> 
     </span>
    </p>
   </div>
   <div class='ocr_carea' id='block_1_57' title="bbox 267 1930 1053 1968">
    <p class='ocr_par' dir='ltr' id='par_1_57' title="bbox 267 1930 1053 1968">
     <span class='ocr_line' id='line_1_57' title="bbox 267 1930 1053 1968; baseline -0.005 -7"><span class='ocrx_word' id='word_1_447' title='bbox 267 1938 319 1965; x_wconf 89' lang='lat' dir='ltr'>ter,</span> <span class='ocrx_word' id='word_1_448' title='bbox 336 1933 421 1960; x_wconf 86' lang='lat' dir='ltr'><strong>Filius</strong></span> <span class='ocrx_word' id='word_1_449' title='bbox 442 1937 469 1960; x_wconf 91' lang='lat' dir='ltr'><strong>et</strong></span> <span class='ocrx_word' id='word_1_450' title='bbox 491 1933 611 1968; x_wconf 87' lang='lat' dir='ltr'><strong>Spiritus</strong></span> <span class='ocrx_word' id='word_1_451' title='bbox 629 1936 752 1963; x_wconf 85' lang='lat' dir='ltr'><strong>sanctus,</strong></span> <span class='ocrx_word' id='word_1_452' title='bbox 768 1939 839 1958; x_wconf 92' lang='lat' dir='ltr'>unus</span> <span class='ocrx_word' id='word_1_453' title='bbox 860 1930 940 1962; x_wconf 86' lang='lat' dir='ltr'><strong>Deus,</strong></span> <span class='ocrx_word' id='word_1_454' title='bbox 957 1935 984 1958; x_wconf 86' lang='lat' dir='ltr'>et</span> <span class='ocrx_word' id='word_1_455' title='bbox 999 1939 1053 1958; x_wconf 89' lang='lat' dir='ltr'>non</span> 
     </span>
    </p>
   </div>
   <div class='ocr_carea' id='block_1_58' title="bbox 266 1975 1055 2010">
    <p class='ocr_par' dir='ltr' id='par_1_58' title="bbox 266 1975 1055 2010">
     <span class='ocr_line' id='line_1_58' title="bbox 266 1975 1055 2010; baseline -0.006 -5"><span class='ocrx_word' id='word_1_456' title='bbox 266 1982 332 2005; x_wconf 83' lang='lat' dir='ltr'>tres.</span> <span class='ocrx_word' id='word_1_457' title='bbox 345 1978 378 2004; x_wconf 85' lang='lat' dir='ltr'><strong>Et</strong></span> <span class='ocrx_word' id='word_1_458' title='bbox 394 1977 525 2009; x_wconf 80' lang='lat' dir='ltr'>vicissim,</span> <span class='ocrx_word' id='word_1_459' title='bbox 541 1977 585 2004; x_wconf 87' lang='lat' dir='ltr'>die</span> <span class='ocrx_word' id='word_1_460' title='bbox 598 1976 635 2002; x_wconf 89' lang='lat' dir='ltr'>ita</span> <span class='ocrx_word' id='word_1_461' title='bbox 652 1984 660 2003; x_wconf 89' lang='lat'><strong>:</strong></span> <span class='ocrx_word' id='word_1_462' title='bbox 678 1975 706 2002; x_wconf 94' lang='lat' dir='ltr'><strong>ln</strong></span> <span class='ocrx_word' id='word_1_463' title='bbox 724 1975 781 2003; x_wconf 88' lang='lat' dir='ltr'>sole</span> <span class='ocrx_word' id='word_1_464' title='bbox 798 1975 989 2010; x_wconf 84' lang='lat' dir='ltr'>inseparabilis</span> <span class='ocrx_word' id='word_1_465' title='bbox 1008 1982 1055 2000; x_wconf 86' lang='lat' dir='ltr'>or-</span> 
     </span>
    </p>
   </div>
   <div class='ocr_carea' id='block_1_59' title="bbox 267 2022 1055 2056">
    <p class='ocr_par' dir='ltr' id='par_1_59' title="bbox 267 2022 1055 2056">
     <span class='ocr_line' id='line_1_59' title="bbox 267 2022 1055 2056; baseline -0.006 -4"><span class='ocrx_word' id='word_1_466' title='bbox 267 2025 320 2054; x_wconf 87' lang='lat' dir='ltr'>bis,</span> <span class='ocrx_word' id='word_1_467' title='bbox 341 2028 367 2050; x_wconf 91' lang='lat' dir='ltr'>et</span> <span class='ocrx_word' id='word_1_468' title='bbox 384 2023 478 2050; x_wconf 87' lang='lat' dir='ltr'>radius</span> <span class='ocrx_word' id='word_1_469' title='bbox 492 2027 519 2049; x_wconf 87' lang='lat' dir='ltr'><strong>et</strong></span> <span class='ocrx_word' id='word_1_470' title='bbox 532 2023 634 2053; x_wconf 89' lang='lat' dir='ltr'><strong>lumen,</strong></span> <span class='ocrx_word' id='word_1_471' title='bbox 648 2029 701 2048; x_wconf 91' lang='lat' dir='ltr'>non</span> <span class='ocrx_word' id='word_1_472' title='bbox 715 2022 786 2048; x_wconf 90' lang='lat' dir='ltr'><strong>enim</strong></span> <span class='ocrx_word' id='word_1_473' title='bbox 803 2025 980 2056; x_wconf 79' lang='lat' dir='ltr'>segregantur</span> <span class='ocrx_word' id='word_1_474' title='bbox 998 2028 1012 2047; x_wconf 89' lang='lat' dir='ltr'>a</span> <span class='ocrx_word' id='word_1_475' title='bbox 1025 2028 1055 2048; x_wconf 76' lang='lat' dir='ltr'><strong>se</strong></span> 
     </span>
    </p>
   </div>
   <div class='ocr_carea' id='block_1_60' title="bbox 268 2065 1054 2100">
    <p class='ocr_par' dir='ltr' id='par_1_60' title="bbox 268 2065 1054 2100">
     <span class='ocr_line' id='line_1_60' title="bbox 268 2065 1054 2100; baseline -0.001 -5"><span class='ocrx_word' id='word_1_476' title='bbox 268 2069 396 2100; x_wconf 80' lang='lat' dir='ltr'>invicem,</span> <span class='ocrx_word' id='word_1_477' title='bbox 412 2072 439 2095; x_wconf 85' lang='lat' dir='ltr'>et.</span> <span class='ocrx_word' id='word_1_478' title='bbox 451 2068 573 2095; x_wconf 89' lang='lat' dir='ltr'>eamdem</span> <span class='ocrx_word' id='word_1_479' title='bbox 589 2067 624 2094; x_wconf 93' lang='lat' dir='ltr'>ob</span> <span class='ocrx_word' id='word_1_480' title='bbox 641 2074 753 2094; x_wconf 86' lang='lat' dir='ltr'>causam</span> <span class='ocrx_word' id='word_1_481' title='bbox 770 2067 881 2098; x_wconf 82' lang='lat' dir='ltr'>dicitur,</span> <span class='ocrx_word' id='word_1_482' title='bbox 899 2074 970 2094; x_wconf 90' lang='lat' dir='ltr'>unus</span> <span class='ocrx_word' id='word_1_483' title='bbox 984 2065 1054 2094; x_wconf 88' lang='lat' dir='ltr'>Dens</span> 
     </span>
    </p>
   </div>
   <div class='ocr_carea' id='block_1_61' title="bbox 268 2114 1056 2148">
    <p class='ocr_par' dir='ltr' id='par_1_61' title="bbox 268 2114 1056 2148">
     <span class='ocr_line' id='line_1_61' title="bbox 268 2114 1056 2148; baseline -0.004 -7"><span class='ocrx_word' id='word_1_484' title='bbox 268 2118 294 2141; x_wconf 90' lang='lat' dir='ltr'><strong>et</strong></span> <span class='ocrx_word' id='word_1_485' title='bbox 306 2121 358 2141; x_wconf 91' lang='lat' dir='ltr'>non</span> <span class='ocrx_word' id='word_1_486' title='bbox 381 2118 448 2144; x_wconf 88' lang='lat' dir='ltr'>tres,</span> <span class='ocrx_word' id='word_1_487' title='bbox 471 2114 599 2148; x_wconf 89' lang='lat' dir='ltr'><strong>quoniam</strong></span> <span class='ocrx_word' id='word_1_488' title='bbox 616 2121 668 2139; x_wconf 89' lang='lat' dir='ltr'>non</span> <span class='ocrx_word' id='word_1_489' title='bbox 691 2116 870 2147; x_wconf 77' lang='lat' dir='ltr'>segregantur</span> <span class='ocrx_word' id='word_1_490' title='bbox 887 2117 944 2139; x_wconf 91' lang='lat' dir='ltr'>tres</span> <span class='ocrx_word' id='word_1_491' title='bbox 961 2119 1056 2147; x_wconf 88' lang='lat' dir='ltr'>perso-</span> 
     </span>
    </p>
   </div>
   <div class='ocr_carea' id='block_1_62' title="bbox 268 2157 1056 2194">
    <p class='ocr_par' dir='ltr' id='par_1_62' title="bbox 268 2157 1056 2194">
     <span class='ocr_line' id='line_1_62' title="bbox 268 2157 1056 2194; baseline -0.004 -7"><span class='ocrx_word' id='word_1_492' title='bbox 268 2167 321 2191; x_wconf 69' lang='lat' dir='ltr'>naz,</span> <span class='ocrx_word' id='word_1_493' title='bbox 340 2159 441 2192; x_wconf 86' lang='lat' dir='ltr'>Patris,</span> <span class='ocrx_word' id='word_1_494' title='bbox 457 2158 518 2186; x_wconf 88' lang='lat' dir='ltr'>Filii</span> <span class='ocrx_word' id='word_1_495' title='bbox 539 2164 567 2186; x_wconf 89' lang='lat' dir='ltr'><strong>et</strong></span> <span class='ocrx_word' id='word_1_496' title='bbox 586 2158 706 2194; x_wconf 91' lang='lat' dir='ltr'>Spiritus</span> <span class='ocrx_word' id='word_1_497' title='bbox 728 2158 817 2185; x_wconf 83' lang='lat' dir='ltr'><strong>sancti</strong></span> <span class='ocrx_word' id='word_1_498' title='bbox 833 2158 914 2185; x_wconf 91' lang='lat' dir='ltr'>unius</span> <span class='ocrx_word' id='word_1_499' title='bbox 927 2157 974 2185; x_wconf 85' lang='lat' dir='ltr'>Dei</span> <span class='ocrx_word' id='word_1_500' title='bbox 992 2165 1007 2184; x_wconf 89' lang='lat' dir='ltr'>a</span> <span class='ocrx_word' id='word_1_501' title='bbox 1027 2164 1056 2184; x_wconf 90' lang='lat' dir='ltr'>se</span> 
     </span>
    </p>
   </div>
   <div class='ocr_carea' id='block_1_63' title="bbox 269 2204 1090 2250">
    <p class='ocr_par' dir='ltr' id='par_1_63' title="bbox 269 2204 1090 2250">
     <span class='ocr_line' id='line_1_63' title="bbox 269 2204 1090 2250; baseline -0.004 -18"><span class='ocrx_word' id='word_1_502' title='bbox 269 2206 394 2233; x_wconf 85' lang='lat' dir='ltr'>invicem.</span> <span class='ocrx_word' id='word_1_503' title='bbox 418 2205 450 2232; x_wconf 87' lang='lat' dir='ltr'>Et</span> <span class='ocrx_word' id='word_1_504' title='bbox 474 2205 701 2240; x_wconf 88' lang='lat' dir='ltr'>quemadmodum</span> <span class='ocrx_word' id='word_1_505' title='bbox 724 2204 799 2232; x_wconf 88' lang='lat' dir='ltr'>orbis</span> <span class='ocrx_word' id='word_1_506' title='bbox 826 2204 924 2231; x_wconf 88' lang='lat' dir='ltr'>solaris</span> <span class='ocrx_word' id='word_1_507' title='bbox 941 2206 1053 2238; x_wconf 77' lang='lat' dir='ltr'>generat</span> <span class='ocrx_word' id='word_1_508' title='bbox 1070 2224 1090 2250; x_wconf 66' lang='grc' dir='ltr'>υ</span> 
     </span>
    </p>
   </div>
   <div class='ocr_carea' id='block_1_64' title="bbox 268 2249 1054 2284">
    <p class='ocr_par' dir='ltr' id='par_1_64' title="bbox 268 2249 1054 2284">
     <span class='ocr_line' id='line_1_64' title="bbox 268 2249 1054 2284; baseline -0.003 -7"><span class='ocrx_word' id='word_1_509' title='bbox 268 2251 387 2284; x_wconf 84' lang='lat' dir='ltr'>radium,</span> <span class='ocrx_word' id='word_1_510' title='bbox 403 2255 429 2278; x_wconf 90' lang='lat' dir='ltr'><strong>ct</strong></span> <span class='ocrx_word' id='word_1_511' title='bbox 445 2251 542 2278; x_wconf 84' lang='lat' dir='ltr'><strong>emittit</strong></span> <span class='ocrx_word' id='word_1_512' title='bbox 561 2251 650 2277; x_wconf 90' lang='lat' dir='ltr'><strong>lumen</strong></span> <span class='ocrx_word' id='word_1_513' title='bbox 666 2259 672 2276; x_wconf 86' lang='lat'>:</span> <span class='ocrx_word' id='word_1_514' title='bbox 687 2250 723 2276; x_wconf 81' lang='lat' dir='ltr'>ita</span> <span class='ocrx_word' id='word_1_515' title='bbox 746 2249 817 2276; x_wconf 87' lang='lat' dir='ltr'><strong>Deus</strong></span> <span class='ocrx_word' id='word_1_516' title='bbox 832 2253 859 2276; x_wconf 89' lang='lat' dir='ltr'>et</span> <span class='ocrx_word' id='word_1_517' title='bbox 874 2249 955 2276; x_wconf 88' lang='lat' dir='ltr'>Pater</span> <span class='ocrx_word' id='word_1_518' title='bbox 971 2255 1054 2283; x_wconf 76' lang='lat' dir='ltr'><strong>gene-</strong></span> 
     </span>
    </p>
   </div>
   <div class='ocr_carea' id='block_1_65' title="bbox 268 2294 1054 2330">
    <p class='ocr_par' dir='ltr' id='par_1_65' title="bbox 268 2294 1054 2330">
     <span class='ocr_line' id='line_1_65' title="bbox 268 2294 1054 2330; baseline -0.003 -8"><span class='ocrx_word' id='word_1_519' title='bbox 268 2300 310 2322; x_wconf 87' lang='lat' dir='ltr'>rat</span> <span class='ocrx_word' id='word_1_520' title='bbox 326 2295 435 2327; x_wconf 85' lang='lat' dir='ltr'>Filium,</span> <span class='ocrx_word' id='word_1_521' title='bbox 455 2300 482 2323; x_wconf 87' lang='lat' dir='ltr'>et</span> <span class='ocrx_word' id='word_1_522' title='bbox 495 2296 594 2323; x_wconf 86' lang='lat' dir='ltr'>emittit</span> <span class='ocrx_word' id='word_1_523' title='bbox 610 2295 742 2330; x_wconf 87' lang='lat' dir='ltr'>Spiritum</span> <span class='ocrx_word' id='word_1_524' title='bbox 761 2300 896 2322; x_wconf 89' lang='lat' dir='ltr'>sanctum.</span> <span class='ocrx_word' id='word_1_525' title='bbox 913 2294 1054 2329; x_wconf 83' lang='lat' dir='ltr'><strong>Perpende</strong></span> 
     </span>
    </p>
   </div>
   <div class='ocr_carea' id='block_1_66' title="bbox 269 2339 1052 2376">
    <p class='ocr_par' dir='ltr' id='par_1_66' title="bbox 269 2339 1052 2376">
     <span class='ocr_line' id='line_1_66' title="bbox 269 2339 1052 2376; baseline -0.003 -8"><span class='ocrx_word' id='word_1_526' title='bbox 269 2341 424 2376; x_wconf 75' lang='lat' dir='ltr'><strong>diligenter,</strong></span> <span class='ocrx_word' id='word_1_527' title='bbox 440 2340 667 2376; x_wconf 80' lang='lat' dir='ltr'>quemadmodum</span> <span class='ocrx_word' id='word_1_528' title='bbox 683 2340 776 2368; x_wconf 86' lang='lat' dir='ltr'>radius</span> <span class='ocrx_word' id='word_1_529' title='bbox 788 2340 854 2368; x_wconf 84' lang='lat' dir='ltr'>solis</span> <span class='ocrx_word' id='word_1_530' title='bbox 866 2339 1007 2367; x_wconf 82' lang='lat' dir='ltr'>descendit</span> <span class='ocrx_word' id='word_1_531' title='bbox 1020 2347 1052 2366; x_wconf 80' lang='lat' dir='ltr'>ex</span> 
     </span>
    </p>
   </div>
   <div class='ocr_carea' id='block_1_67' title="bbox 269 2386 1053 2421">
    <p class='ocr_par' dir='ltr' id='par_1_67' title="bbox 269 2386 1053 2421">
     <span class='ocr_line' id='line_1_67' title="bbox 269 2386 1053 2421; baseline -0.003 -7"><span class='ocrx_word' id='word_1_532' title='bbox 269 2388 340 2415; x_wconf 75' lang='lat' dir='ltr'><strong>cmlo</strong></span> <span class='ocrx_word' id='word_1_533' title='bbox 357 2388 390 2414; x_wconf 90' lang='lat' dir='ltr'>ad</span> <span class='ocrx_word' id='word_1_534' title='bbox 408 2391 520 2419; x_wconf 89' lang='lat' dir='ltr'>terram,</span> <span class='ocrx_word' id='word_1_535' title='bbox 543 2394 630 2421; x_wconf 83' lang='lat' dir='ltr'><strong>neque</strong></span> <span class='ocrx_word' id='word_1_536' title='bbox 655 2386 689 2413; x_wconf 87' lang='lat' dir='ltr'>ab</span> <span class='ocrx_word' id='word_1_537' title='bbox 707 2386 774 2413; x_wconf 89' lang='lat' dir='ltr'>orbe</span> <span class='ocrx_word' id='word_1_538' title='bbox 800 2386 882 2413; x_wconf 88' lang='lat' dir='ltr'>solari</span> <span class='ocrx_word' id='word_1_539' title='bbox 900 2391 1053 2420; x_wconf 81' lang='lat' dir='ltr'>separatur,</span> 
     </span>
    </p>
   </div>
   <div class='ocr_carea' id='block_1_68' title="bbox 269 2432 1055 2466">
    <p class='ocr_par' dir='ltr' id='par_1_68' title="bbox 269 2432 1055 2466">
     <span class='ocr_line' id='line_1_68' title="bbox 269 2432 1055 2466; baseline -0.003 -6"><span class='ocrx_word' id='word_1_540' title='bbox 269 2441 320 2460; x_wconf 84' lang='lat' dir='ltr'><strong>nec</strong></span> <span class='ocrx_word' id='word_1_541' title='bbox 333 2442 346 2459; x_wconf 93' lang='lat' dir='ltr'>a</span> <span class='ocrx_word' id='word_1_542' title='bbox 362 2433 432 2461; x_wconf 61' lang='lat' dir='ltr'><strong>cutio</strong></span> <span class='ocrx_word' id='word_1_543' title='bbox 451 2433 537 2465; x_wconf 83' lang='lat' dir='ltr'>abest,</span> <span class='ocrx_word' id='word_1_544' title='bbox 561 2440 650 2466; x_wconf 87' lang='lat' dir='ltr'>neque</span> <span class='ocrx_word' id='word_1_545' title='bbox 668 2439 683 2458; x_wconf 87' lang='lat' dir='ltr'>a</span> <span class='ocrx_word' id='word_1_546' title='bbox 707 2435 791 2464; x_wconf 89' lang='lat' dir='ltr'>terra,</span> <span class='ocrx_word' id='word_1_547' title='bbox 819 2432 868 2459; x_wconf 84' lang='lat' dir='ltr'>sed</span> <span class='ocrx_word' id='word_1_548' title='bbox 891 2437 933 2459; x_wconf 87' lang='lat' dir='ltr'>est</span> <span class='ocrx_word' id='word_1_549' title='bbox 948 2432 974 2458; x_wconf 92' lang='lat' dir='ltr'><strong>in</strong></span> <span class='ocrx_word' id='word_1_550' title='bbox 989 2432 1055 2459; x_wconf 88' lang='lat' dir='ltr'>orbe</span> 
     </span>
    </p>
   </div>
   <div class='ocr_carea' id='block_1_69' title="bbox 223 2478 1056 2513">
    <p class='ocr_par' dir='ltr' id='par_1_69' title="bbox 223 2478 1056 2513">
     <span class='ocr_line' id='line_1_69' title="bbox 223 2478 1056 2513; baseline -0.002 -6"><span class='ocrx_word' id='word_1_551' title='bbox 223 2490 226 2491; x_wconf 64' lang='lat'><strong><em>&#39;</em></strong></span> <span class='ocrx_word' id='word_1_552' title='bbox 270 2480 365 2511; x_wconf 85' lang='lat' dir='ltr'>solari,</span> <span class='ocrx_word' id='word_1_553' title='bbox 381 2483 407 2506; x_wconf 88' lang='lat' dir='ltr'>ct</span> <span class='ocrx_word' id='word_1_554' title='bbox 424 2480 450 2506; x_wconf 95' lang='lat' dir='ltr'>in</span> <span class='ocrx_word' id='word_1_555' title='bbox 466 2479 548 2509; x_wconf 78' lang='lat' dir='ltr'><strong>cmlo,</strong></span> <span class='ocrx_word' id='word_1_556' title='bbox 572 2483 598 2505; x_wconf 90' lang='lat' dir='ltr'>et</span> <span class='ocrx_word' id='word_1_557' title='bbox 615 2478 642 2505; x_wconf 86' lang='lat' dir='ltr'>in</span> <span class='ocrx_word' id='word_1_558' title='bbox 667 2481 751 2511; x_wconf 82' lang='lat' dir='ltr'>terra,</span> <span class='ocrx_word' id='word_1_559' title='bbox 767 2482 793 2506; x_wconf 90' lang='lat' dir='ltr'><strong>et</strong></span> <span class='ocrx_word' id='word_1_560' title='bbox 811 2478 926 2513; x_wconf 84' lang='lat' dir='ltr'><strong>ubique;</strong></span> <span class='ocrx_word' id='word_1_561' title='bbox 942 2478 988 2505; x_wconf 90' lang='lat' dir='ltr'><strong>sed</strong></span> <span class='ocrx_word' id='word_1_562' title='bbox 1007 2485 1056 2505; x_wconf 85' lang='lat' dir='ltr'>ne-</span> 
     </span>
    </p>
   </div>
   <div class='ocr_carea' id='block_1_70' title="bbox 270 2524 1054 2562">
    <p class='ocr_par' dir='ltr' id='par_1_70' title="bbox 270 2524 1054 2562">
     <span class='ocr_line' id='line_1_70' title="bbox 270 2524 1054 2562; baseline -0.001 -8"><span class='ocrx_word' id='word_1_563' title='bbox 270 2535 323 2562; x_wconf 89' lang='lat' dir='ltr'>que</span> <span class='ocrx_word' id='word_1_564' title='bbox 344 2526 370 2552; x_wconf 89' lang='lat' dir='ltr'>in</span> <span class='ocrx_word' id='word_1_565' title='bbox 386 2525 574 2560; x_wconf 82' lang='lat' dir='ltr'>superioribus</span> <span class='ocrx_word' id='word_1_566' title='bbox 593 2524 697 2557; x_wconf 81' lang='lat' dir='ltr'><strong>deﬁcit,</strong></span> <span class='ocrx_word' id='word_1_567' title='bbox 711 2532 799 2560; x_wconf 89' lang='lat' dir='ltr'><strong>neque</strong></span> <span class='ocrx_word' id='word_1_568' title='bbox 817 2526 843 2552; x_wconf 93' lang='lat' dir='ltr'><strong>in</strong></span> <span class='ocrx_word' id='word_1_569' title='bbox 861 2525 1054 2559; x_wconf 81' lang='lat' dir='ltr'>inferioribus;</span> 
     </span>
    </p>
   </div>
   <div class='ocr_carea' id='block_1_71' title="bbox 271 2570 1056 2600">
    <p class='ocr_par' dir='ltr' id='par_1_71' title="bbox 271 2570 1056 2600">
     <span class='ocr_line' id='line_1_71' title="bbox 271 2570 1056 2600; baseline -0.004 0"><span class='ocrx_word' id='word_1_570' title='bbox 271 2576 312 2600; x_wconf 86' lang='lat' dir='ltr'>sic</span> <span class='ocrx_word' id='word_1_571' title='bbox 327 2573 410 2599; x_wconf 82' lang='lat' dir='ltr'><strong>etiam</strong></span> <span class='ocrx_word' id='word_1_572' title='bbox 435 2570 520 2598; x_wconf 86' lang='lat' dir='ltr'>Filius</span> <span class='ocrx_word' id='word_1_573' title='bbox 540 2575 566 2598; x_wconf 90' lang='lat' dir='ltr'>et</span> <span class='ocrx_word' id='word_1_574' title='bbox 581 2570 700 2598; x_wconf 82' lang='lat' dir='ltr'>Verbum</span> <span class='ocrx_word' id='word_1_575' title='bbox 720 2570 766 2598; x_wconf 87' lang='lat' dir='ltr'>Dei</span> <span class='ocrx_word' id='word_1_576' title='bbox 785 2570 929 2598; x_wconf 73' lang='lat' dir='ltr'>descendit</span> <span class='ocrx_word' id='word_1_577' title='bbox 947 2570 980 2596; x_wconf 85' lang='lat' dir='ltr'>ad</span> <span class='ocrx_word' id='word_1_578' title='bbox 1002 2575 1056 2597; x_wconf 90' lang='lat' dir='ltr'>ter-</span> 
     </span>
    </p>
   </div>
   <div class='ocr_carea' id='block_1_72' title="bbox 270 2615 1056 2651">
    <p class='ocr_par' dir='ltr' id='par_1_72' title="bbox 270 2615 1056 2651">
     <span class='ocr_line' id='line_1_72' title="bbox 270 2615 1056 2651; baseline -0.005 -6"><span class='ocrx_word' id='word_1_579' title='bbox 270 2625 340 2650; x_wconf 87' lang='lat' dir='ltr'>ram,</span> <span class='ocrx_word' id='word_1_580' title='bbox 355 2620 382 2644; x_wconf 87' lang='lat' dir='ltr'>et</span> <span class='ocrx_word' id='word_1_581' title='bbox 395 2624 482 2651; x_wconf 89' lang='lat' dir='ltr'><strong>neque</strong></span> <span class='ocrx_word' id='word_1_582' title='bbox 490 2615 600 2643; x_wconf 87' lang='lat' dir='ltr'>Patrem</span> <span class='ocrx_word' id='word_1_583' title='bbox 615 2615 771 2651; x_wconf 83' lang='lat' dir='ltr'>dereliquit,</span> <span class='ocrx_word' id='word_1_584' title='bbox 783 2623 871 2651; x_wconf 89' lang='lat' dir='ltr'><strong>neque</strong></span> <span class='ocrx_word' id='word_1_585' title='bbox 885 2615 996 2648; x_wconf 78' lang='lat' dir='ltr'><strong>coelum,</strong></span> <span class='ocrx_word' id='word_1_586' title='bbox 1010 2623 1056 2642; x_wconf 88' lang='lat' dir='ltr'>ne-</span> 
     </span>
    </p>
   </div>
   <div class='ocr_carea' id='block_1_73' title="bbox 271 2659 1056 2696">
    <p class='ocr_par' dir='ltr' id='par_1_73' title="bbox 271 2659 1056 2696">
     <span class='ocr_line' id='line_1_73' title="bbox 271 2659 1056 2696; baseline -0.003 -8"><span class='ocrx_word' id='word_1_587' title='bbox 271 2669 326 2696; x_wconf 92' lang='lat' dir='ltr'>que</span> <span class='ocrx_word' id='word_1_588' title='bbox 339 2666 440 2688; x_wconf 82' lang='lat' dir='ltr'>terram</span> <span class='ocrx_word' id='word_1_589' title='bbox 455 2670 462 2688; x_wconf 86' lang='lat'><strong><em>:</em></strong></span> <span class='ocrx_word' id='word_1_590' title='bbox 476 2661 523 2688; x_wconf 90' lang='lat' dir='ltr'>sed</span> <span class='ocrx_word' id='word_1_591' title='bbox 545 2665 605 2688; x_wconf 83' lang='lat' dir='ltr'>erat</span> <span class='ocrx_word' id='word_1_592' title='bbox 618 2660 645 2687; x_wconf 93' lang='lat' dir='ltr'><strong>in</strong></span> <span class='ocrx_word' id='word_1_593' title='bbox 661 2661 765 2696; x_wconf 80' lang='lat' dir='ltr'><strong>gremio</strong></span> <span class='ocrx_word' id='word_1_594' title='bbox 781 2659 870 2688; x_wconf 84' lang='lat' dir='ltr'>Patris</span> <span class='ocrx_word' id='word_1_595' title='bbox 885 2659 1056 2694; x_wconf 88' lang='lat' dir='ltr'>inseparabi-</span> 
     </span>
    </p>
   </div>
   <div class='ocr_carea' id='block_1_74' title="bbox 272 2705 1056 2741">
    <p class='ocr_par' dir='ltr' id='par_1_74' title="bbox 272 2705 1056 2741">
     <span class='ocr_line' id='line_1_74' title="bbox 272 2705 1056 2741; baseline -0.003 -7"><span class='ocrx_word' id='word_1_596' title='bbox 272 2707 316 2738; x_wconf 88' lang='lat' dir='ltr'><strong>lis,</strong></span> <span class='ocrx_word' id='word_1_597' title='bbox 338 2710 365 2734; x_wconf 89' lang='lat' dir='ltr'>et</span> <span class='ocrx_word' id='word_1_598' title='bbox 387 2714 481 2741; x_wconf 84' lang='lat' dir='ltr'>supra,</span> <span class='ocrx_word' id='word_1_599' title='bbox 508 2711 536 2733; x_wconf 89' lang='lat' dir='ltr'><strong>et</strong></span> <span class='ocrx_word' id='word_1_600' title='bbox 564 2705 634 2733; x_wconf 87' lang='lat' dir='ltr'>inl‘ra</span> <span class='ocrx_word' id='word_1_601' title='bbox 650 2710 677 2734; x_wconf 92' lang='lat' dir='ltr'><strong>et</strong></span> <span class='ocrx_word' id='word_1_602' title='bbox 694 2706 916 2741; x_wconf 83' lang='lat' dir='ltr'>ubiquezneqne</span> <span class='ocrx_word' id='word_1_603' title='bbox 939 2713 1056 2740; x_wconf 86' lang='lat' dir='ltr'>usquam</span> 
     </span>
    </p>
   </div>
   <div class='ocr_carea' id='block_1_75' title="bbox 270 2752 1058 2787">
    <p class='ocr_par' dir='ltr' id='par_1_75' title="bbox 270 2752 1058 2787">
     <span class='ocr_line' id='line_1_75' title="bbox 270 2752 1058 2787; baseline -0.001 -7"><span class='ocrx_word' id='word_1_604' title='bbox 270 2753 443 2781; x_wconf 72' lang='lat' dir='ltr'>desideratus</span> <span class='ocrx_word' id='word_1_605' title='bbox 455 2756 506 2779; x_wconf 91' lang='lat' dir='ltr'>est.</span> <span class='ocrx_word' id='word_1_606' title='bbox 520 2752 553 2778; x_wconf 87' lang='lat' dir='ltr'>Et</span> <span class='ocrx_word' id='word_1_607' title='bbox 566 2752 795 2787; x_wconf 80' lang='lat' dir='ltr'><strong>quemadmodum</strong></span> <span class='ocrx_word' id='word_1_608' title='bbox 810 2753 901 2779; x_wconf 89' lang='lat' dir='ltr'>lumen</span> <span class='ocrx_word' id='word_1_609' title='bbox 915 2753 1004 2780; x_wconf 88' lang='lat' dir='ltr'>solare</span> <span class='ocrx_word' id='word_1_610' title='bbox 1016 2757 1058 2780; x_wconf 87' lang='lat' dir='ltr'><strong>est</strong></span> 
     </span>
    </p>
   </div>
   <div class='ocr_carea' id='block_1_76' title="bbox 271 2797 1057 2830">
    <p class='ocr_par' dir='ltr' id='par_1_76' title="bbox 271 2797 1057 2830">
     <span class='ocr_line' id='line_1_76' title="bbox 271 2797 1057 2830; baseline 0.003 -7"><span class='ocrx_word' id='word_1_611' title='bbox 271 2802 299 2824; x_wconf 92' lang='lat' dir='ltr'><strong>et</strong></span> <span class='ocrx_word' id='word_1_612' title='bbox 319 2798 345 2823; x_wconf 93' lang='lat' dir='ltr'><strong>in</strong></span> <span class='ocrx_word' id='word_1_613' title='bbox 365 2798 432 2824; x_wconf 89' lang='lat' dir='ltr'>orbe</span> <span class='ocrx_word' id='word_1_614' title='bbox 459 2797 554 2830; x_wconf 82' lang='lat' dir='ltr'>solari,</span> <span class='ocrx_word' id='word_1_615' title='bbox 577 2801 603 2825; x_wconf 88' lang='lat' dir='ltr'><strong>et</strong></span> <span class='ocrx_word' id='word_1_616' title='bbox 620 2797 647 2824; x_wconf 91' lang='lat' dir='ltr'>in</span> <span class='ocrx_word' id='word_1_617' title='bbox 672 2798 757 2830; x_wconf 86' lang='lat' dir='ltr'>radio,</span> <span class='ocrx_word' id='word_1_618' title='bbox 777 2803 803 2825; x_wconf 91' lang='lat' dir='ltr'><strong>et</strong></span> <span class='ocrx_word' id='word_1_619' title='bbox 827 2798 855 2824; x_wconf 92' lang='lat' dir='ltr'>in</span> <span class='ocrx_word' id='word_1_620' title='bbox 878 2799 959 2830; x_wconf 67' lang='lat' dir='ltr'><strong>coelo,</strong></span> <span class='ocrx_word' id='word_1_621' title='bbox 983 2804 1009 2825; x_wconf 85' lang='lat' dir='ltr'><strong>et</strong></span> <span class='ocrx_word' id='word_1_622' title='bbox 1029 2799 1057 2825; x_wconf 88' lang='lat' dir='ltr'>in</span> 
     </span>
    </p>
   </div>
   <div class='ocr_carea' id='block_1_77' title="bbox 273 2843 1057 2879">
    <p class='ocr_par' dir='ltr' id='par_1_77' title="bbox 273 2843 1057 2879">
     <span class='ocr_line' id='line_1_77' title="bbox 273 2843 1057 2879; baseline 0.003 -10"><span class='ocrx_word' id='word_1_623' title='bbox 273 2847 356 2874; x_wconf 87' lang='lat' dir='ltr'>terra,</span> <span class='ocrx_word' id='word_1_624' title='bbox 373 2847 400 2870; x_wconf 83' lang='lat' dir='ltr'>et</span> <span class='ocrx_word' id='word_1_625' title='bbox 415 2843 566 2878; x_wconf 77' lang='lat' dir='ltr'>ingreditur</span> <span class='ocrx_word' id='word_1_626' title='bbox 579 2843 686 2876; x_wconf 90' lang='lat' dir='ltr'>domos,</span> <span class='ocrx_word' id='word_1_627' title='bbox 702 2848 729 2871; x_wconf 86' lang='lat' dir='ltr'>et</span> <span class='ocrx_word' id='word_1_628' title='bbox 744 2843 843 2879; x_wconf 85' lang='lat' dir='ltr'>ubique</span> <span class='ocrx_word' id='word_1_629' title='bbox 860 2849 887 2871; x_wconf 85' lang='lat' dir='ltr'><strong>et</strong></span> <span class='ocrx_word' id='word_1_630' title='bbox 903 2844 1057 2878; x_wconf 88' lang='lat' dir='ltr'>illuminat;</span> 
     </span>
    </p>
   </div>
   <div class='ocr_carea' id='block_1_78' title="bbox 1097 915 1892 954">
    <p class='ocr_par' dir='ltr' id='par_1_78' title="bbox 1097 915 1892 954">
     <span class='ocr_line' id='line_1_78' title="bbox 1097 915 1892 954; baseline -0.005 -9"><span class='ocrx_word' id='word_1_631' title='bbox 1097 919 1146 954; x_wconf 82' lang='grc' dir='ltr'>μὲν</span> <span class='ocrx_word' id='word_1_632' title='bbox 1167 919 1181 945; x_wconf 87' lang='lat'>6</span> <span class='ocrx_word' id='word_1_633' title='bbox 1203 917 1278 949; x_wconf 81' lang='grc' dir='ltr'>Θεὸς,</span> <span class='ocrx_word' id='word_1_634' title='bbox 1298 917 1332 944; x_wconf 68' lang='grc' dir='ltr'>τὰ</span> <span class='ocrx_word' id='word_1_635' title='bbox 1344 918 1371 944; x_wconf 78' lang='grc' dir='ltr'>δὲ</span> <span class='ocrx_word' id='word_1_636' title='bbox 1388 917 1522 953; x_wconf 72' lang='grc' dir='ltr'>πρόσωπα</span> <span class='ocrx_word' id='word_1_637' title='bbox 1541 915 1624 942; x_wconf 73' lang='grc' dir='ltr'>αὑτοῦ</span> <span class='ocrx_word' id='word_1_638' title='bbox 1638 915 1708 951; x_wconf 81' lang='grc' dir='ltr'>τρία.</span> <span class='ocrx_word' id='word_1_639' title='bbox 1729 916 1783 942; x_wconf 82' lang='grc' dir='ltr'>Καὶ</span> <span class='ocrx_word' id='word_1_640' title='bbox 1803 915 1892 950; x_wconf 78' lang='grc' dir='ltr'>βλέπε</span> 
     </span>
    </p>
   </div>
   <div class='ocr_carea' id='block_1_79' title="bbox 1096 959 1892 999">
    <p class='ocr_par' dir='ltr' id='par_1_79' title="bbox 1096 959 1892 999">
     <span class='ocr_line' id='line_1_79' title="bbox 1096 959 1892 999; baseline -0.004 -9"><span class='ocrx_word' id='word_1_641' title='bbox 1096 965 1198 999; x_wconf 76' lang='grc' dir='ltr'>ἁπάρτι</span> <span class='ocrx_word' id='word_1_642' title='bbox 1211 964 1245 990; x_wconf 74' lang='grc' dir='ltr'>τὰ</span> <span class='ocrx_word' id='word_1_643' title='bbox 1258 963 1399 998; x_wconf 79' lang='grc' dir='ltr'>λεγόμενα.</span> <span class='ocrx_word' id='word_1_644' title='bbox 1414 963 1519 998; x_wconf 81' lang='grc' dir='ltr'>’Ὠσπερ</span> <span class='ocrx_word' id='word_1_645' title='bbox 1533 962 1608 997; x_wconf 76' lang='grc' dir='ltr'>ἥλιος</span> <span class='ocrx_word' id='word_1_646' title='bbox 1625 962 1663 988; x_wconf 71' lang='lat' dir='ltr'>Evr.</span> <span class='ocrx_word' id='word_1_647' title='bbox 1678 959 1728 993; x_wconf 80' lang='grc' dir='ltr'>εἷς,</span> <span class='ocrx_word' id='word_1_648' title='bbox 1742 962 1756 988; x_wconf 93' lang='lat'>6</span> <span class='ocrx_word' id='word_1_649' title='bbox 1769 961 1798 988; x_wconf 77' lang='grc' dir='ltr'>δὲ</span> <span class='ocrx_word' id='word_1_650' title='bbox 1812 961 1892 997; x_wconf 79' lang='grc' dir='ltr'>ἥλιος</span> 
     </span>
    </p>
   </div>
   <div class='ocr_carea' id='block_1_80' title="bbox 1097 1007 1893 1045">
    <p class='ocr_par' dir='ltr' id='par_1_80' title="bbox 1097 1007 1893 1045">
     <span class='ocr_line' id='line_1_80' title="bbox 1097 1007 1893 1045; baseline -0.004 -9"><span class='ocrx_word' id='word_1_651' title='bbox 1097 1010 1152 1045; x_wconf 69' lang='grc' dir='ltr'>ἔχει</span> <span class='ocrx_word' id='word_1_652' title='bbox 1165 1011 1261 1036; x_wconf 84' lang='grc' dir='ltr'>ἀκτῖνα</span> <span class='ocrx_word' id='word_1_653' title='bbox 1275 1011 1320 1036; x_wconf 83' lang='grc' dir='ltr'>καὶ</span> <span class='ocrx_word' id='word_1_654' title='bbox 1332 1009 1400 1044; x_wconf 76' lang='grc' dir='ltr'>φῶς,</span> <span class='ocrx_word' id='word_1_655' title='bbox 1412 1009 1460 1035; x_wconf 70' lang='grc' dir='ltr'>καὶ</span> <span class='ocrx_word' id='word_1_656' title='bbox 1473 1009 1542 1035; x_wconf 82' lang='grc' dir='ltr'>εἰσὶν</span> <span class='ocrx_word' id='word_1_657' title='bbox 1555 1009 1584 1034; x_wconf 88' lang='grc' dir='ltr'>ὲν</span> <span class='ocrx_word' id='word_1_658' title='bbox 1597 1007 1636 1044; x_wconf 77' lang='grc' dir='ltr'>τῷ</span> <span class='ocrx_word' id='word_1_659' title='bbox 1649 1007 1715 1043; x_wconf 82' lang='grc' dir='ltr'>ἡλίῳ</span> <span class='ocrx_word' id='word_1_660' title='bbox 1725 1008 1789 1042; x_wconf 81' lang='grc' dir='ltr'>τρία</span> <span class='ocrx_word' id='word_1_661' title='bbox 1806 1007 1893 1043; x_wconf 74' lang='grc' dir='ltr'>πρόσ-</span> 
     </span>
    </p>
   </div>
   <div class='ocr_carea' id='block_1_81' title="bbox 1097 1054 1891 1088">
    <p class='ocr_par' dir='ltr' id='par_1_81' title="bbox 1097 1054 1891 1088">
     <span class='ocr_line' id='line_1_81' title="bbox 1097 1054 1891 1088; baseline -0.004 -6"><span class='ocrx_word' id='word_1_662' title='bbox 1097 1064 1168 1087; x_wconf 82' lang='grc' dir='ltr'>ωπα,</span> <span class='ocrx_word' id='word_1_663' title='bbox 1186 1055 1286 1087; x_wconf 84' lang='grc' dir='ltr'>δίσκος,</span> <span class='ocrx_word' id='word_1_664' title='bbox 1304 1055 1392 1086; x_wconf 80' lang='grc' dir='ltr'>ἀκτὶς,</span> <span class='ocrx_word' id='word_1_665' title='bbox 1409 1054 1456 1081; x_wconf 77' lang='grc' dir='ltr'>καὶ</span> <span class='ocrx_word' id='word_1_666' title='bbox 1481 1054 1554 1088; x_wconf 47' lang='grc' dir='ltr'>φῶς</span> <span class='ocrx_word' id='word_1_667' title='bbox 1576 1055 1622 1081; x_wconf 73' lang='grc' dir='ltr'>καὶ</span> <span class='ocrx_word' id='word_1_668' title='bbox 1640 1054 1730 1085; x_wconf 81' lang='grc' dir='ltr'>δίσκος</span> <span class='ocrx_word' id='word_1_669' title='bbox 1747 1054 1796 1088; x_wconf 81' lang='grc' dir='ltr'>μὲν</span> <span class='ocrx_word' id='word_1_670' title='bbox 1819 1062 1891 1080; x_wconf 74' lang='grc' dir='ltr'>καυ-</span> 
     </span>
    </p>
   </div>
   <div class='ocr_carea' id='block_1_82' title="bbox 1097 1097 1892 1137">
    <p class='ocr_par' dir='ltr' id='par_1_82' title="bbox 1097 1097 1892 1137">
     <span class='ocr_line' id='line_1_82' title="bbox 1097 1097 1892 1137; baseline -0.001 -10"><span class='ocrx_word' id='word_1_671' title='bbox 1097 1097 1153 1137; x_wconf 82' lang='grc' dir='ltr'>χίον</span> <span class='ocrx_word' id='word_1_672' title='bbox 1168 1102 1215 1128; x_wconf 80' lang='grc' dir='ltr'>τοῦ</span> <span class='ocrx_word' id='word_1_673' title='bbox 1229 1102 1319 1137; x_wconf 80' lang='grc' dir='ltr'>ἡλίου,</span> <span class='ocrx_word' id='word_1_674' title='bbox 1333 1102 1410 1133; x_wconf 83' lang='grc' dir='ltr'>ἀκτὶς</span> <span class='ocrx_word' id='word_1_675' title='bbox 1426 1101 1455 1128; x_wconf 80' lang='grc' dir='ltr'>δὲ</span> <span class='ocrx_word' id='word_1_676' title='bbox 1469 1101 1687 1136; x_wconf 73' lang='grc' dir='ltr'>καταϐαινομένη</span> <span class='ocrx_word' id='word_1_677' title='bbox 1709 1099 1892 1136; x_wconf 74' lang='grc' dir='ltr'>λαμπαδοφα-</span> 
     </span>
    </p>
   </div>
   <div class='ocr_carea' id='block_1_83' title="bbox 1097 1146 1889 1184">
    <p class='ocr_par' dir='ltr' id='par_1_83' title="bbox 1097 1146 1889 1184">
     <span class='ocr_line' id='line_1_83' title="bbox 1097 1146 1889 1184; baseline -0.003 -10"><span class='ocrx_word' id='word_1_678' title='bbox 1097 1148 1149 1180; x_wconf 80' lang='grc' dir='ltr'>νὼς</span> <span class='ocrx_word' id='word_1_679' title='bbox 1164 1149 1211 1175; x_wconf 81' lang='grc' dir='ltr'>καὶ</span> <span class='ocrx_word' id='word_1_680' title='bbox 1225 1148 1358 1184; x_wconf 82' lang='grc' dir='ltr'>κρούουσα</span> <span class='ocrx_word' id='word_1_681' title='bbox 1372 1147 1441 1183; x_wconf 73' lang='grc' dir='ltr'>πρὸς</span> <span class='ocrx_word' id='word_1_682' title='bbox 1456 1147 1505 1184; x_wconf 81' lang='grc' dir='ltr'>τὴν</span> <span class='ocrx_word' id='word_1_683' title='bbox 1518 1147 1586 1183; x_wconf 61' lang='grc' dir='ltr'>γῆν</span> <span class='ocrx_word' id='word_1_684' title='bbox 1602 1148 1659 1182; x_wconf 80' lang='grc' dir='ltr'>φῶς</span> <span class='ocrx_word' id='word_1_685' title='bbox 1670 1147 1699 1174; x_wconf 82' lang='grc' dir='ltr'>δὲ</span> <span class='ocrx_word' id='word_1_686' title='bbox 1712 1147 1742 1173; x_wconf 83' lang='grc' dir='ltr'>τὺ</span> <span class='ocrx_word' id='word_1_687' title='bbox 1757 1146 1889 1181; x_wconf 78' lang='grc' dir='ltr'>φωτίζον,</span> 
     </span>
    </p>
   </div>
   <div class='ocr_carea' id='block_1_84' title="bbox 1097 1194 1892 1229">
    <p class='ocr_par' dir='ltr' id='par_1_84' title="bbox 1097 1194 1892 1229">
     <span class='ocr_line' id='line_1_84' title="bbox 1097 1194 1892 1229; baseline -0.003 -8"><span class='ocrx_word' id='word_1_688' title='bbox 1097 1195 1144 1221; x_wconf 77' lang='grc' dir='ltr'>καὶ</span> <span class='ocrx_word' id='word_1_689' title='bbox 1163 1196 1277 1227; x_wconf 73' lang='grc' dir='ltr'>εἰς’τοϋς</span> <span class='ocrx_word' id='word_1_690' title='bbox 1294 1194 1465 1226; x_wconf 76' lang='grc' dir='ltr'>ἐπισκιώδεις</span> <span class='ocrx_word' id='word_1_691' title='bbox 1481 1194 1578 1226; x_wconf 79' lang='grc' dir='ltr'>τόπους</span> <span class='ocrx_word' id='word_1_692' title='bbox 1592 1194 1677 1229; x_wconf 80' lang='grc' dir='ltr'>χωρὶς</span> <span class='ocrx_word' id='word_1_693' title='bbox 1694 1194 1813 1225; x_wconf 82' lang='grc' dir='ltr'>ἀκτῖνος.</span> <span class='ocrx_word' id='word_1_694' title='bbox 1833 1194 1892 1221; x_wconf 65' lang='grc' dir='ltr'>Καὶ</span> 
     </span>
    </p>
   </div>
   <div class='ocr_carea' id='block_1_85' title="bbox 1099 1238 1892 1275">
    <p class='ocr_par' dir='ltr' id='par_1_85' title="bbox 1099 1238 1892 1275">
     <span class='ocr_line' id='line_1_85' title="bbox 1099 1238 1892 1275; baseline -0.001 -9"><span class='ocrx_word' id='word_1_695' title='bbox 1099 1239 1153 1266; x_wconf 59' lang='lat' dir='ltr'>laci:</span> <span class='ocrx_word' id='word_1_696' title='bbox 1168 1240 1301 1275; x_wconf 80' lang='grc' dir='ltr'>πρόσωπα</span> <span class='ocrx_word' id='word_1_697' title='bbox 1319 1239 1369 1274; x_wconf 84' lang='grc' dir='ltr'>μὲν</span> <span class='ocrx_word' id='word_1_698' title='bbox 1387 1239 1460 1274; x_wconf 82' lang='grc' dir='ltr'>τρία,</span> <span class='ocrx_word' id='word_1_699' title='bbox 1477 1239 1577 1271; x_wconf 81' lang='grc' dir='ltr'>δίσκος,</span> <span class='ocrx_word' id='word_1_700' title='bbox 1592 1239 1681 1270; x_wconf 79' lang='grc' dir='ltr'>ἀκτὶς,</span> <span class='ocrx_word' id='word_1_701' title='bbox 1697 1238 1744 1265; x_wconf 79' lang='grc' dir='ltr'>καὶ</span> <span class='ocrx_word' id='word_1_702' title='bbox 1765 1239 1834 1272; x_wconf 76' lang='grc' dir='ltr'>φῶς.</span> <span class='ocrx_word' id='word_1_703' title='bbox 1851 1239 1892 1265; x_wconf 80' lang='grc' dir='ltr'>οὐ</span> 
     </span>
    </p>
   </div>
   <div class='ocr_carea' id='block_1_86' title="bbox 1097 1283 1892 1321">
    <p class='ocr_par' dir='ltr' id='par_1_86' title="bbox 1097 1283 1892 1321">
     <span class='ocr_line' id='line_1_86' title="bbox 1097 1283 1892 1321; baseline -0.003 -9"><span class='ocrx_word' id='word_1_704' title='bbox 1097 1285 1214 1321; x_wconf 66' lang='grc' dir='ltr'>λέγομεν</span> <span class='ocrx_word' id='word_1_705' title='bbox 1226 1285 1254 1311; x_wconf 79' lang='grc' dir='ltr'>δὲ</span> <span class='ocrx_word' id='word_1_706' title='bbox 1273 1287 1344 1320; x_wconf 80' lang='grc' dir='ltr'>τρεῖς</span> <span class='ocrx_word' id='word_1_707' title='bbox 1355 1285 1458 1319; x_wconf 80' lang='grc' dir='ltr'>ἡλίους,</span> <span class='ocrx_word' id='word_1_708' title='bbox 1469 1284 1525 1312; x_wconf 81' lang='grc' dir='ltr'>ἀλλ’</span> <span class='ocrx_word' id='word_1_709' title='bbox 1538 1285 1586 1311; x_wconf 74' lang='grc' dir='ltr'>ἕνα</span> <span class='ocrx_word' id='word_1_710' title='bbox 1599 1284 1684 1319; x_wconf 74' lang='grc' dir='ltr'>ἣλιον,</span> <span class='ocrx_word' id='word_1_711' title='bbox 1698 1283 1757 1310; x_wconf 77' lang='grc' dir='ltr'><strong>οὐδὲ</strong></span> <span class='ocrx_word' id='word_1_712' title='bbox 1771 1283 1892 1319; x_wconf 81' lang='grc' dir='ltr'>λέγομεν</span> 
     </span>
    </p>
   </div>
   <div class='ocr_carea' id='block_1_87' title="bbox 1098 1329 1891 1367">
    <p class='ocr_par' dir='ltr' id='par_1_87' title="bbox 1098 1329 1891 1367">
     <span class='ocr_line' id='line_1_87' title="bbox 1098 1329 1891 1367; baseline -0.004 -9"><span class='ocrx_word' id='word_1_713' title='bbox 1098 1331 1242 1367; x_wconf 78' lang='grc' dir='ltr'>πρόσωπον</span> <span class='ocrx_word' id='word_1_714' title='bbox 1259 1331 1298 1363; x_wconf 87' lang='grc' dir='ltr'>ἒν,</span> <span class='ocrx_word' id='word_1_715' title='bbox 1314 1331 1381 1358; x_wconf 86' lang='grc' dir='ltr'>ἀλλὰ</span> <span class='ocrx_word' id='word_1_716' title='bbox 1395 1331 1528 1366; x_wconf 79' lang='grc' dir='ltr'>πρόσωπα</span> <span class='ocrx_word' id='word_1_717' title='bbox 1543 1330 1615 1366; x_wconf 84' lang='grc' dir='ltr'>τρία.</span> <span class='ocrx_word' id='word_1_718' title='bbox 1636 1330 1699 1356; x_wconf 74' lang='grc' dir='ltr'>Ἐὰν</span> <span class='ocrx_word' id='word_1_719' title='bbox 1712 1329 1766 1365; x_wconf 77' lang='grc' dir='ltr'>γὰρ</span> <span class='ocrx_word' id='word_1_720' title='bbox 1779 1331 1891 1366; x_wconf 76' lang='grc' dir='ltr'>ἐρωτη-</span> 
     </span>
    </p>
   </div>
   <div class='ocr_carea' id='block_1_88' title="bbox 1098 1377 1890 1416">
    <p class='ocr_par' dir='ltr' id='par_1_88' title="bbox 1098 1377 1890 1416">
     <span class='ocr_line' id='line_1_88' title="bbox 1098 1377 1890 1416; baseline -0.005 -9"><span class='ocrx_word' id='word_1_721' title='bbox 1098 1380 1158 1416; x_wconf 79' lang='grc' dir='ltr'>θῇς,</span> <span class='ocrx_word' id='word_1_722' title='bbox 1173 1381 1214 1406; x_wconf 84' lang='grc' dir='ltr'>δτι</span> <span class='ocrx_word' id='word_1_723' title='bbox 1232 1380 1308 1407; x_wconf 77' lang='grc' dir='ltr'>πόσοι</span> <span class='ocrx_word' id='word_1_724' title='bbox 1328 1379 1399 1415; x_wconf 71' lang='grc' dir='ltr'>ἣλιοι</span> <span class='ocrx_word' id='word_1_725' title='bbox 1417 1380 1444 1405; x_wconf 83' lang='grc' dir='ltr'>ἐν</span> <span class='ocrx_word' id='word_1_726' title='bbox 1460 1378 1498 1413; x_wconf 85' lang='grc' dir='ltr'>τῷ</span> <span class='ocrx_word' id='word_1_727' title='bbox 1518 1377 1642 1414; x_wconf 77' lang='grc' dir='ltr'>οὐρανῷ,</span> <span class='ocrx_word' id='word_1_728' title='bbox 1657 1377 1762 1413; x_wconf 79' lang='grc' dir='ltr'>μέλλεις</span> <span class='ocrx_word' id='word_1_729' title='bbox 1787 1378 1890 1408; x_wconf 82' lang='grc' dir='ltr'>εἰπεῖν,</span> 
     </span>
    </p>
   </div>
   <div class='ocr_carea' id='block_1_89' title="bbox 1097 1421 1890 1460">
    <p class='ocr_par' dir='ltr' id='par_1_89' title="bbox 1097 1421 1890 1460">
     <span class='ocr_line' id='line_1_89' title="bbox 1097 1421 1890 1460; baseline -0.006 -8"><span class='ocrx_word' id='word_1_730' title='bbox 1097 1425 1138 1452; x_wconf 80' lang='grc' dir='ltr'>ὃτι</span> <span class='ocrx_word' id='word_1_731' title='bbox 1151 1425 1225 1460; x_wconf 74' lang='grc' dir='ltr'>ἥλιος</span> <span class='ocrx_word' id='word_1_732' title='bbox 1240 1422 1279 1456; x_wconf 77' lang='grc' dir='ltr'>εἷς</span> <span class='ocrx_word' id='word_1_733' title='bbox 1292 1426 1365 1451; x_wconf 78' lang='grc' dir='ltr'>ἐστιν</span> <span class='ocrx_word' id='word_1_734' title='bbox 1376 1432 1382 1439; x_wconf 90' lang='grc'><strong>·</strong></span> <span class='ocrx_word' id='word_1_735' title='bbox 1396 1425 1420 1450; x_wconf 80' lang='grc' dir='ltr'>εἰ</span> <span class='ocrx_word' id='word_1_736' title='bbox 1434 1424 1455 1450; x_wconf 77' lang='grc' dir='ltr'>δ’</span> <span class='ocrx_word' id='word_1_737' title='bbox 1469 1423 1619 1458; x_wconf 72' lang='grc' dir='ltr'>ἐρωτηθῇς,</span> <span class='ocrx_word' id='word_1_738' title='bbox 1635 1423 1683 1448; x_wconf 69' lang='grc' dir='ltr'>ὃτιν</span> <span class='ocrx_word' id='word_1_739' title='bbox 1692 1422 1824 1457; x_wconf 76' lang='grc' dir='ltr'>πρόσωπα</span> <span class='ocrx_word' id='word_1_740' title='bbox 1840 1421 1890 1448; x_wconf 79' lang='grc' dir='ltr'>τοῦ</span> 
     </span>
    </p>
   </div>
   <div class='ocr_carea' id='block_1_90' title="bbox 1098 1466 1889 1507">
    <p class='ocr_par' dir='ltr' id='par_1_90' title="bbox 1098 1466 1889 1507">
     <span class='ocr_line' id='line_1_90' title="bbox 1098 1466 1889 1507; baseline -0.008 -9"><span class='ocrx_word' id='word_1_741' title='bbox 1098 1471 1173 1507; x_wconf 84' lang='grc' dir='ltr'>ἡλίου</span> <span class='ocrx_word' id='word_1_742' title='bbox 1197 1471 1267 1497; x_wconf 68' lang='grc' dir='ltr'>πόσα</span> <span class='ocrx_word' id='word_1_743' title='bbox 1286 1470 1354 1502; x_wconf 77' lang='grc' dir='ltr'>ἐστὶ,</span> <span class='ocrx_word' id='word_1_744' title='bbox 1379 1469 1484 1504; x_wconf 82' lang='grc' dir='ltr'>μέλλεις</span> <span class='ocrx_word' id='word_1_745' title='bbox 1501 1469 1602 1500; x_wconf 74' lang='grc' dir='ltr'>εἰπεῖν,</span> <span class='ocrx_word' id='word_1_746' title='bbox 1627 1467 1669 1494; x_wconf 81' lang='grc' dir='ltr'>ὅτι</span> <span class='ocrx_word' id='word_1_747' title='bbox 1684 1467 1763 1503; x_wconf 81' lang='grc' dir='ltr'>τρία,</span> <span class='ocrx_word' id='word_1_748' title='bbox 1780 1466 1889 1498; x_wconf 78' lang='grc' dir='ltr'>δίσκος,</span> 
     </span>
    </p>
   </div>
   <div class='ocr_carea' id='block_1_91' title="bbox 1100 1512 1889 1551">
    <p class='ocr_par' dir='ltr' id='par_1_91' title="bbox 1100 1512 1889 1551">
     <span class='ocr_line' id='line_1_91' title="bbox 1100 1512 1889 1551; baseline -0.006 -7"><span class='ocrx_word' id='word_1_749' title='bbox 1100 1518 1179 1549; x_wconf 79' lang='grc' dir='ltr'>ἀκτὶς</span> <span class='ocrx_word' id='word_1_750' title='bbox 1189 1537 1196 1549; x_wconf 87' lang='grc'>,</span> <span class='ocrx_word' id='word_1_751' title='bbox 1214 1517 1261 1543; x_wconf 73' lang='grc' dir='ltr'>καὶ</span> <span class='ocrx_word' id='word_1_752' title='bbox 1277 1516 1347 1551; x_wconf 81' lang='grc' dir='ltr'>φῶς·</span> <span class='ocrx_word' id='word_1_753' title='bbox 1364 1515 1436 1542; x_wconf 71' lang='grc' dir='ltr'>οὕτω</span> <span class='ocrx_word' id='word_1_754' title='bbox 1457 1515 1511 1542; x_wconf 87' lang='grc' dir='ltr'>νόει</span> <span class='ocrx_word' id='word_1_755' title='bbox 1525 1514 1572 1541; x_wconf 79' lang='grc' dir='ltr'>καὶ</span> <span class='ocrx_word' id='word_1_756' title='bbox 1587 1514 1651 1549; x_wconf 83' lang='grc' dir='ltr'>περὶ</span> <span class='ocrx_word' id='word_1_757' title='bbox 1665 1513 1712 1540; x_wconf 80' lang='grc' dir='ltr'>τοῦ</span> <span class='ocrx_word' id='word_1_758' title='bbox 1726 1512 1804 1540; x_wconf 82' lang='grc' dir='ltr'>Θεοῦ.</span> <span class='ocrx_word' id='word_1_759' title='bbox 1820 1512 1889 1544; x_wconf 77' lang='grc' dir='ltr'>Θεὸς</span> 
     </span>
    </p>
   </div>
   <div class='ocr_carea' id='block_1_92' title="bbox 1103 1559 1887 1600">
    <p class='ocr_par' dir='ltr' id='par_1_92' title="bbox 1103 1559 1887 1600">
     <span class='ocr_line' id='line_1_92' title="bbox 1103 1559 1887 1600; baseline -0.006 -10"><span class='ocrx_word' id='word_1_760' title='bbox 1103 1565 1150 1600; x_wconf 78' lang='grc' dir='ltr'>μὲν</span> <span class='ocrx_word' id='word_1_761' title='bbox 1167 1560 1223 1595; x_wconf 77' lang='grc' dir='ltr'>εἷς,</span> <span class='ocrx_word' id='word_1_762' title='bbox 1241 1562 1375 1597; x_wconf 78' lang='grc' dir='ltr'>πρόσωπα</span> <span class='ocrx_word' id='word_1_763' title='bbox 1389 1561 1417 1588; x_wconf 81' lang='grc' dir='ltr'>δὲ</span> <span class='ocrx_word' id='word_1_764' title='bbox 1439 1561 1486 1587; x_wconf 79' lang='grc' dir='ltr'>τοῦ</span> <span class='ocrx_word' id='word_1_765' title='bbox 1504 1561 1562 1592; x_wconf 74' lang='grc' dir='ltr'>ἐνὸς</span> <span class='ocrx_word' id='word_1_766' title='bbox 1582 1560 1649 1587; x_wconf 84' lang='grc' dir='ltr'>Θεοῦ</span> <span class='ocrx_word' id='word_1_767' title='bbox 1671 1559 1745 1595; x_wconf 86' lang='grc' dir='ltr'>τρία,</span> <span class='ocrx_word' id='word_1_768' title='bbox 1767 1559 1887 1595; x_wconf 79' lang='grc' dir='ltr'>Πατρὸς,</span> 
     </span>
    </p>
   </div>
   <div class='ocr_carea' id='block_1_93' title="bbox 1102 1606 1886 1643">
    <p class='ocr_par' dir='ltr' id='par_1_93' title="bbox 1102 1606 1886 1643">
     <span class='ocr_line' id='line_1_93' title="bbox 1102 1606 1886 1643; baseline -0.005 -7"><span class='ocrx_word' id='word_1_769' title='bbox 1102 1609 1178 1643; x_wconf 83' lang='grc' dir='ltr'>Υἱοῦ,</span> <span class='ocrx_word' id='word_1_770' title='bbox 1195 1609 1241 1636; x_wconf 80' lang='grc' dir='ltr'>καὶ</span> <span class='ocrx_word' id='word_1_771' title='bbox 1252 1608 1327 1642; x_wconf 83' lang='grc' dir='ltr'>ἁγίου</span> <span class='ocrx_word' id='word_1_772' title='bbox 1345 1607 1513 1642; x_wconf 81' lang='grc' dir='ltr'>Πνεύματος.</span> <span class='ocrx_word' id='word_1_773' title='bbox 1529 1607 1583 1633; x_wconf 76' lang='grc' dir='ltr'>Καὶ</span> <span class='ocrx_word' id='word_1_774' title='bbox 1599 1608 1631 1633; x_wconf 83' lang='grc' dir='ltr'>ἐκ</span> <span class='ocrx_word' id='word_1_775' title='bbox 1646 1606 1740 1633; x_wconf 83' lang='grc' dir='ltr'>τούτου</span> <span class='ocrx_word' id='word_1_776' title='bbox 1758 1606 1886 1640; x_wconf 78' lang='grc' dir='ltr'>γίνωσκε,</span> 
     </span>
    </p>
   </div>
   <div class='ocr_carea' id='block_1_94' title="bbox 1101 1649 1887 1690">
    <p class='ocr_par' dir='ltr' id='par_1_94' title="bbox 1101 1649 1887 1690">
     <span class='ocr_line' id='line_1_94' title="bbox 1101 1649 1887 1690; baseline -0.006 -7"><span class='ocrx_word' id='word_1_777' title='bbox 1101 1657 1153 1688; x_wconf 81' lang='grc' dir='ltr'>ὅτι,</span> <span class='ocrx_word' id='word_1_778' title='bbox 1170 1655 1264 1690; x_wconf 81' lang='grc' dir='ltr'>ὥσπερ</span> <span class='ocrx_word' id='word_1_779' title='bbox 1280 1656 1294 1681; x_wconf 85' lang='lat'>6</span> <span class='ocrx_word' id='word_1_780' title='bbox 1306 1653 1381 1689; x_wconf 73' lang='grc' dir='ltr'>ἥλιός</span> <span class='ocrx_word' id='word_1_781' title='bbox 1393 1655 1451 1680; x_wconf 78' lang='grc' dir='ltr'>ἐστι</span> <span class='ocrx_word' id='word_1_782' title='bbox 1464 1653 1672 1689; x_wconf 81' lang='grc' dir='ltr'>τριπρόσωπος.</span> <span class='ocrx_word' id='word_1_783' title='bbox 1689 1653 1760 1679; x_wconf 76' lang='grc' dir='ltr'>οὕτω</span> <span class='ocrx_word' id='word_1_784' title='bbox 1779 1653 1825 1679; x_wconf 74' lang='grc' dir='ltr'>καὶ</span> <span class='ocrx_word' id='word_1_785' title='bbox 1847 1649 1887 1684; x_wconf 80' lang='grc' dir='ltr'>εἷς</span> 
     </span>
    </p>
   </div>
   <div class='ocr_carea' id='block_1_95' title="bbox 1101 1698 1886 1736">
    <p class='ocr_par' dir='ltr' id='par_1_95' title="bbox 1101 1698 1886 1736">
     <span class='ocr_line' id='line_1_95' title="bbox 1101 1698 1886 1736; baseline -0.004 -8"><span class='ocrx_word' id='word_1_786' title='bbox 1101 1702 1168 1733; x_wconf 76' lang='grc' dir='ltr'>Θεὸς</span> <span class='ocrx_word' id='word_1_787' title='bbox 1185 1700 1409 1736; x_wconf 73' lang='grc' dir='ltr'>τρισυπόστατος.</span> <span class='ocrx_word' id='word_1_788' title='bbox 1427 1698 1517 1730; x_wconf 86' lang='grc' dir='ltr'>Τύπος</span> <span class='ocrx_word' id='word_1_789' title='bbox 1533 1698 1587 1734; x_wconf 78' lang='grc' dir='ltr'>γὰρ</span> <span class='ocrx_word' id='word_1_790' title='bbox 1602 1699 1648 1725; x_wconf 75' lang='grc' dir='ltr'>τοῦ</span> <span class='ocrx_word' id='word_1_791' title='bbox 1664 1698 1770 1734; x_wconf 85' lang='grc' dir='ltr'>Πατρός</span> <span class='ocrx_word' id='word_1_792' title='bbox 1787 1699 1859 1726; x_wconf 76' lang='grc' dir='ltr'>ἔστιν</span> <span class='ocrx_word' id='word_1_793' title='bbox 1872 1699 1886 1725; x_wconf 97' lang='lat'>6</span> 
     </span>
    </p>
   </div>
   <div class='ocr_carea' id='block_1_96' title="bbox 1101 1744 1887 1782">
    <p class='ocr_par' dir='ltr' id='par_1_96' title="bbox 1101 1744 1887 1782">
     <span class='ocr_line' id='line_1_96' title="bbox 1101 1744 1887 1782; baseline -0.004 -8"><span class='ocrx_word' id='word_1_794' title='bbox 1101 1747 1192 1778; x_wconf 75' lang='grc' dir='ltr'>δίσκος</span> <span class='ocrx_word' id='word_1_795' title='bbox 1205 1747 1219 1772; x_wconf 91' lang='lat'>6</span> <span class='ocrx_word' id='word_1_796' title='bbox 1237 1745 1358 1782; x_wconf 63' lang='grc' dir='ltr'>ἡλιακὺς,</span> <span class='ocrx_word' id='word_1_797' title='bbox 1373 1744 1456 1776; x_wconf 82' lang='grc' dir='ltr'>τύπος</span> <span class='ocrx_word' id='word_1_798' title='bbox 1477 1745 1524 1771; x_wconf 82' lang='grc' dir='ltr'>τοῦ</span> <span class='ocrx_word' id='word_1_799' title='bbox 1538 1745 1603 1772; x_wconf 82' lang='grc' dir='ltr'>Υἱοῦ</span> <span class='ocrx_word' id='word_1_800' title='bbox 1618 1746 1691 1772; x_wconf 75' lang='grc' dir='ltr'>ἐστιν</span> <span class='ocrx_word' id='word_1_801' title='bbox 1706 1746 1722 1781; x_wconf 86' lang='grc' dir='ltr'>ἡ</span> <span class='ocrx_word' id='word_1_802' title='bbox 1739 1745 1825 1778; x_wconf 54' lang='lat' dir='ltr'>duc-32¢,</span> <span class='ocrx_word' id='word_1_803' title='bbox 1841 1745 1887 1773; x_wconf 81' lang='grc' dir='ltr'>τύ-</span> 
     </span>
    </p>
   </div>
   <div class='ocr_carea' id='block_1_97' title="bbox 1103 1791 1886 1826">
    <p class='ocr_par' dir='ltr' id='par_1_97' title="bbox 1103 1791 1886 1826">
     <span class='ocr_line' id='line_1_97' title="bbox 1103 1791 1886 1826; baseline -0.003 -6"><span class='ocrx_word' id='word_1_804' title='bbox 1103 1801 1153 1824; x_wconf 83' lang='grc' dir='ltr'>πος</span> <span class='ocrx_word' id='word_1_805' title='bbox 1164 1792 1211 1818; x_wconf 82' lang='grc' dir='ltr'>τοῦ</span> <span class='ocrx_word' id='word_1_806' title='bbox 1223 1792 1301 1826; x_wconf 83' lang='grc' dir='ltr'>ἁγίου</span> <span class='ocrx_word' id='word_1_807' title='bbox 1316 1791 1474 1826; x_wconf 79' lang='grc' dir='ltr'>Πνεύματός</span> <span class='ocrx_word' id='word_1_808' title='bbox 1486 1792 1543 1818; x_wconf 80' lang='grc' dir='ltr'>ἐστι</span> <span class='ocrx_word' id='word_1_809' title='bbox 1556 1791 1588 1818; x_wconf 74' lang='grc' dir='ltr'>τὸ</span> <span class='ocrx_word' id='word_1_810' title='bbox 1603 1791 1661 1826; x_wconf 75' lang='grc' dir='ltr'>φῶς</span> <span class='ocrx_word' id='word_1_811' title='bbox 1673 1791 1720 1818; x_wconf 77' lang='grc' dir='ltr'>τοῦ</span> <span class='ocrx_word' id='word_1_812' title='bbox 1732 1791 1816 1826; x_wconf 80' lang='grc' dir='ltr'>ἡλίου.</span> <span class='ocrx_word' id='word_1_813' title='bbox 1833 1792 1886 1818; x_wconf 75' lang='grc' dir='ltr'>Καὶ</span> 
     </span>
    </p>
   </div>
   <div class='ocr_carea' id='block_1_98' title="bbox 1103 1838 1884 1874">
    <p class='ocr_par' dir='ltr' id='par_1_98' title="bbox 1103 1838 1884 1874">
     <span class='ocr_line' id='line_1_98' title="bbox 1103 1838 1884 1874; baseline -0.001 -9"><span class='ocrx_word' id='word_1_814' title='bbox 1103 1840 1165 1866; x_wconf 76' lang='grc' dir='ltr'><strong>εἰπὲ</strong></span> <span class='ocrx_word' id='word_1_815' title='bbox 1179 1838 1265 1871; x_wconf 77' lang='grc' dir='ltr'>οὕτως</span> <span class='ocrx_word' id='word_1_816' title='bbox 1276 1847 1283 1854; x_wconf 83' lang='grc'><strong><em>⁸</em></strong></span> <span class='ocrx_word' id='word_1_817' title='bbox 1307 1839 1368 1865; x_wconf 73' lang='grc' dir='ltr'>Ἐπὶ</span> <span class='ocrx_word' id='word_1_818' title='bbox 1382 1838 1429 1865; x_wconf 80' lang='grc' dir='ltr'>τοῦ</span> <span class='ocrx_word' id='word_1_819' title='bbox 1449 1838 1524 1874; x_wconf 88' lang='grc' dir='ltr'>ἡλίου</span> <span class='ocrx_word' id='word_1_820' title='bbox 1538 1838 1638 1870; x_wconf 78' lang='grc' dir='ltr'>δίσκος,</span> <span class='ocrx_word' id='word_1_821' title='bbox 1655 1838 1742 1871; x_wconf 74' lang='grc' dir='ltr'>ἀκτὶς,</span> <span class='ocrx_word' id='word_1_822' title='bbox 1756 1838 1803 1865; x_wconf 76' lang='grc' dir='ltr'>καὶ</span> <span class='ocrx_word' id='word_1_823' title='bbox 1819 1839 1884 1872; x_wconf 59' lang='grc' dir='ltr'>φῶς</span> 
     </span>
    </p>
   </div>
   <div class='ocr_carea' id='block_1_99' title="bbox 1103 1884 1884 1921">
    <p class='ocr_par' dir='ltr' id='par_1_99' title="bbox 1103 1884 1884 1921">
     <span class='ocr_line' id='line_1_99' title="bbox 1103 1884 1884 1921; baseline 0 -9"><span class='ocrx_word' id='word_1_824' title='bbox 1103 1885 1133 1912; x_wconf 82' lang='grc' dir='ltr'>οὒ</span> <span class='ocrx_word' id='word_1_825' title='bbox 1154 1885 1270 1921; x_wconf 81' lang='grc' dir='ltr'>λέγομεν</span> <span class='ocrx_word' id='word_1_826' title='bbox 1292 1885 1321 1913; x_wconf 80' lang='grc' dir='ltr'>δὲ</span> <span class='ocrx_word' id='word_1_827' title='bbox 1348 1886 1421 1921; x_wconf 74' lang='grc' dir='ltr'>τρεῖς</span> <span class='ocrx_word' id='word_1_828' title='bbox 1444 1884 1545 1920; x_wconf 78' lang='grc' dir='ltr'>ἡλίους,</span> <span class='ocrx_word' id='word_1_829' title='bbox 1571 1884 1628 1911; x_wconf 75' lang='grc' dir='ltr'>ἀλλ’</span> <span class='ocrx_word' id='word_1_830' title='bbox 1650 1885 1698 1911; x_wconf 78' lang='grc' dir='ltr'>ἕνα</span> <span class='ocrx_word' id='word_1_831' title='bbox 1722 1885 1768 1911; x_wconf 71' lang='grc' dir='ltr'>καὶ</span> <span class='ocrx_word' id='word_1_832' title='bbox 1791 1884 1884 1920; x_wconf 79' lang='grc' dir='ltr'>μόνον·</span> 
     </span>
    </p>
   </div>
   <div class='ocr_carea' id='block_1_100' title="bbox 1104 1930 1887 1967">
    <p class='ocr_par' dir='ltr' id='par_1_100' title="bbox 1104 1930 1887 1967">
     <span class='ocr_line' id='line_1_100' title="bbox 1104 1930 1887 1967; baseline 0 -9"><span class='ocrx_word' id='word_1_833' title='bbox 1104 1932 1202 1966; x_wconf 79' lang='grc' dir='ltr'>ὁμοίως</span> <span class='ocrx_word' id='word_1_834' title='bbox 1216 1932 1262 1958; x_wconf 66' lang='grc' dir='ltr'>καὶ</span> <span class='ocrx_word' id='word_1_835' title='bbox 1274 1932 1319 1958; x_wconf 64' lang='grc' dir='ltr'>ἐπὶ</span> <span class='ocrx_word' id='word_1_836' title='bbox 1331 1931 1408 1963; x_wconf 77' lang='grc' dir='ltr'>Θεοῦ,</span> <span class='ocrx_word' id='word_1_837' title='bbox 1422 1930 1527 1967; x_wconf 78' lang='grc' dir='ltr'>Πατὴρ,</span> <span class='ocrx_word' id='word_1_838' title='bbox 1542 1931 1616 1963; x_wconf 75' lang='grc' dir='ltr'>Υἱὸς,</span> <span class='ocrx_word' id='word_1_839' title='bbox 1631 1931 1678 1957; x_wconf 76' lang='grc' dir='ltr'>καὶ</span> <span class='ocrx_word' id='word_1_840' title='bbox 1690 1930 1764 1965; x_wconf 79' lang='grc' dir='ltr'>ἆγιόν</span> <span class='ocrx_word' id='word_1_841' title='bbox 1776 1931 1887 1967; x_wconf 77' lang='grc' dir='ltr'>Πνεῦμα</span> 
     </span>
    </p>
   </div>
   <div class='ocr_carea' id='block_1_101' title="bbox 1104 1974 1886 2011">
    <p class='ocr_par' dir='ltr' id='par_1_101' title="bbox 1104 1974 1886 2011">
     <span class='ocr_line' id='line_1_101' title="bbox 1104 1974 1886 2011; baseline 0.001 -9"><span class='ocrx_word' id='word_1_842' title='bbox 1104 1974 1144 2008; x_wconf 79' lang='grc' dir='ltr'>εἷς</span> <span class='ocrx_word' id='word_1_843' title='bbox 1154 1976 1229 2008; x_wconf 81' lang='grc' dir='ltr'>Θεὸς,</span> <span class='ocrx_word' id='word_1_844' title='bbox 1246 1976 1294 2003; x_wconf 79' lang='grc' dir='ltr'>καὶ</span> <span class='ocrx_word' id='word_1_845' title='bbox 1309 1976 1339 2003; x_wconf 81' lang='grc' dir='ltr'>οὺ</span> <span class='ocrx_word' id='word_1_846' title='bbox 1357 1977 1440 2011; x_wconf 76' lang='grc' dir='ltr'>τρεῖς.</span> <span class='ocrx_word' id='word_1_847' title='bbox 1457 1975 1513 2002; x_wconf 72' lang='grc' dir='ltr'>Καὶ</span> <span class='ocrx_word' id='word_1_848' title='bbox 1534 1976 1613 2002; x_wconf 70' lang='grc' dir='ltr'>πάλιν</span> <span class='ocrx_word' id='word_1_849' title='bbox 1628 1976 1688 2002; x_wconf 81' lang='grc' dir='ltr'>εἰπὲ</span> <span class='ocrx_word' id='word_1_850' title='bbox 1703 1975 1803 2007; x_wconf 76' lang='grc' dir='ltr'>οὕτως·</span> <span class='ocrx_word' id='word_1_851' title='bbox 1826 1977 1886 2003; x_wconf 76' lang='grc' dir='ltr'>Ἐπὶ</span> 
     </span>
    </p>
   </div>
   <div class='ocr_carea' id='block_1_102' title="bbox 1103 2021 1885 2058">
    <p class='ocr_par' dir='ltr' id='par_1_102' title="bbox 1103 2021 1885 2058">
     <span class='ocr_line' id='line_1_102' title="bbox 1103 2021 1885 2058; baseline 0.003 -10"><span class='ocrx_word' id='word_1_852' title='bbox 1103 2022 1151 2049; x_wconf 81' lang='grc' dir='ltr'>τοῦ</span> <span class='ocrx_word' id='word_1_853' title='bbox 1176 2022 1250 2057; x_wconf 90' lang='grc' dir='ltr'>ἡλίου</span> <span class='ocrx_word' id='word_1_854' title='bbox 1269 2022 1418 2058; x_wconf 82' lang='grc' dir='ltr'>ἀχώριστος</span> <span class='ocrx_word' id='word_1_855' title='bbox 1434 2022 1448 2048; x_wconf 92' lang='lat'>6</span> <span class='ocrx_word' id='word_1_856' title='bbox 1469 2021 1570 2054; x_wconf 80' lang='grc' dir='ltr'>δίσκος,</span> <span class='ocrx_word' id='word_1_857' title='bbox 1589 2023 1666 2057; x_wconf 76' lang='grc' dir='ltr'>καὶὴ</span> <span class='ocrx_word' id='word_1_858' title='bbox 1687 2023 1775 2054; x_wconf 64' lang='grc' dir='ltr'>ἀκτὶς,</span> <span class='ocrx_word' id='word_1_859' title='bbox 1793 2023 1838 2049; x_wconf 72' lang='grc' dir='ltr'>καὶ</span> <span class='ocrx_word' id='word_1_860' title='bbox 1856 2023 1885 2050; x_wconf 78' lang='grc' dir='ltr'>τὸ</span> 
     </span>
    </p>
   </div>
   <div class='ocr_carea' id='block_1_103' title="bbox 1105 2067 1885 2103">
    <p class='ocr_par' dir='ltr' id='par_1_103' title="bbox 1105 2067 1885 2103">
     <span class='ocr_line' id='line_1_103' title="bbox 1105 2067 1885 2103; baseline 0.001 -10"><span class='ocrx_word' id='word_1_861' title='bbox 1105 2067 1178 2103; x_wconf 81' lang='grc' dir='ltr'>φῶς·</span> <span class='ocrx_word' id='word_1_862' title='bbox 1194 2068 1224 2094; x_wconf 79' lang='grc' dir='ltr'>οὐ</span> <span class='ocrx_word' id='word_1_863' title='bbox 1239 2067 1292 2103; x_wconf 77' lang='grc' dir='ltr'>γὰρ</span> <span class='ocrx_word' id='word_1_864' title='bbox 1308 2067 1468 2103; x_wconf 80' lang='grc' dir='ltr'>χωρίζονται</span> <span class='ocrx_word' id='word_1_865' title='bbox 1485 2068 1531 2094; x_wconf 85' lang='grc' dir='ltr'>ἀπ’</span> <span class='ocrx_word' id='word_1_866' title='bbox 1548 2067 1678 2103; x_wconf 83' lang='grc' dir='ltr'>ἀλλήλων,</span> <span class='ocrx_word' id='word_1_867' title='bbox 1693 2067 1738 2094; x_wconf 73' lang='grc' dir='ltr'>διὰ</span> <span class='ocrx_word' id='word_1_868' title='bbox 1749 2067 1825 2094; x_wconf 81' lang='grc' dir='ltr'>τοῦτο</span> <span class='ocrx_word' id='word_1_869' title='bbox 1843 2068 1885 2095; x_wconf 75' lang='grc' dir='ltr'>λέ-</span> 
     </span>
    </p>
   </div>
   <div class='ocr_carea' id='block_1_104' title="bbox 1105 2113 1884 2149">
    <p class='ocr_par' dir='ltr' id='par_1_104' title="bbox 1105 2113 1884 2149">
     <span class='ocr_line' id='line_1_104' title="bbox 1105 2113 1884 2149; baseline 0 -9"><span class='ocrx_word' id='word_1_870' title='bbox 1105 2122 1181 2148; x_wconf 78' lang='grc' dir='ltr'>γεται</span> <span class='ocrx_word' id='word_1_871' title='bbox 1195 2114 1242 2141; x_wconf 73' lang='grc' dir='ltr'>καὶ</span> <span class='ocrx_word' id='word_1_872' title='bbox 1255 2113 1295 2146; x_wconf 78' lang='grc' dir='ltr'>εἷς</span> <span class='ocrx_word' id='word_1_873' title='bbox 1312 2113 1388 2146; x_wconf 82' lang='grc' dir='ltr'>Θεὸς,</span> <span class='ocrx_word' id='word_1_874' title='bbox 1400 2113 1447 2140; x_wconf 79' lang='grc' dir='ltr'>καὶ</span> <span class='ocrx_word' id='word_1_875' title='bbox 1459 2113 1489 2140; x_wconf 79' lang='grc' dir='ltr'>οὺ</span> <span class='ocrx_word' id='word_1_876' title='bbox 1502 2115 1577 2149; x_wconf 80' lang='grc' dir='ltr'>τρεῖς</span> <span class='ocrx_word' id='word_1_877' title='bbox 1590 2122 1596 2128; x_wconf 91' lang='grc'><strong>·</strong></span> <span class='ocrx_word' id='word_1_878' title='bbox 1609 2113 1675 2140; x_wconf 73' lang='grc' dir='ltr'>διότι</span> <span class='ocrx_word' id='word_1_879' title='bbox 1684 2114 1714 2140; x_wconf 88' lang='grc' dir='ltr'>οὐ</span> <span class='ocrx_word' id='word_1_880' title='bbox 1729 2113 1884 2149; x_wconf 78' lang='grc' dir='ltr'>χωρίζονται</span> 
     </span>
    </p>
   </div>
   <div class='ocr_carea' id='block_1_105' title="bbox 1105 2159 1884 2196">
    <p class='ocr_par' dir='ltr' id='par_1_105' title="bbox 1105 2159 1884 2196">
     <span class='ocr_line' id='line_1_105' title="bbox 1105 2159 1884 2196; baseline -0.001 -9"><span class='ocrx_word' id='word_1_881' title='bbox 1105 2160 1140 2187; x_wconf 78' lang='grc' dir='ltr'>τὰ</span> <span class='ocrx_word' id='word_1_882' title='bbox 1155 2159 1217 2196; x_wconf 78' lang='grc' dir='ltr'>τρία</span> <span class='ocrx_word' id='word_1_883' title='bbox 1232 2160 1375 2196; x_wconf 83' lang='grc' dir='ltr'>πρόσωπα,</span> <span class='ocrx_word' id='word_1_884' title='bbox 1390 2159 1436 2186; x_wconf 81' lang='grc' dir='ltr'>τοῦ</span> <span class='ocrx_word' id='word_1_885' title='bbox 1449 2167 1478 2187; x_wconf 76' lang='grc' dir='ltr'>τε</span> <span class='ocrx_word' id='word_1_886' title='bbox 1492 2159 1608 2195; x_wconf 74' lang='grc' dir='ltr'>Πατρος,</span> <span class='ocrx_word' id='word_1_887' title='bbox 1626 2159 1674 2186; x_wconf 72' lang='grc' dir='ltr'>καὶ</span> <span class='ocrx_word' id='word_1_888' title='bbox 1689 2160 1735 2186; x_wconf 76' lang='grc' dir='ltr'>τοῦ</span> <span class='ocrx_word' id='word_1_889' title='bbox 1751 2160 1826 2191; x_wconf 80' lang='grc' dir='ltr'>Υίοῦ,</span> <span class='ocrx_word' id='word_1_890' title='bbox 1842 2161 1884 2187; x_wconf 75' lang='grc' dir='ltr'>καὶ</span> 
     </span>
    </p>
   </div>
   <div class='ocr_carea' id='block_1_106' title="bbox 1106 2205 1881 2243">
    <p class='ocr_par' dir='ltr' id='par_1_106' title="bbox 1106 2205 1881 2243">
     <span class='ocr_line' id='line_1_106' title="bbox 1106 2205 1881 2243; baseline 0 -10"><span class='ocrx_word' id='word_1_891' title='bbox 1106 2206 1153 2233; x_wconf 75' lang='grc' dir='ltr'>τοῦ</span> <span class='ocrx_word' id='word_1_892' title='bbox 1173 2207 1250 2241; x_wconf 85' lang='grc' dir='ltr'>ἁγίου</span> <span class='ocrx_word' id='word_1_893' title='bbox 1277 2207 1451 2241; x_wconf 81' lang='grc' dir='ltr'>Πνεύματος,</span> <span class='ocrx_word' id='word_1_894' title='bbox 1466 2205 1514 2232; x_wconf 83' lang='grc' dir='ltr'>τοῦ</span> <span class='ocrx_word' id='word_1_895' title='bbox 1531 2206 1590 2238; x_wconf 75' lang='grc' dir='ltr'>ἑνὸς</span> <span class='ocrx_word' id='word_1_896' title='bbox 1609 2206 1676 2233; x_wconf 83' lang='grc' dir='ltr'>Θεοῦ</span> <span class='ocrx_word' id='word_1_897' title='bbox 1693 2206 1739 2233; x_wconf 82' lang='grc' dir='ltr'>ἀπ’</span> <span class='ocrx_word' id='word_1_898' title='bbox 1756 2206 1881 2243; x_wconf 72' lang='grc' dir='ltr'>ἀλλήλων,</span> 
     </span>
    </p>
   </div>
   <div class='ocr_carea' id='block_1_107' title="bbox 1105 2251 1882 2288">
    <p class='ocr_par' dir='ltr' id='par_1_107' title="bbox 1105 2251 1882 2288">
     <span class='ocr_line' id='line_1_107' title="bbox 1105 2251 1882 2288; baseline 0.001 -10"><span class='ocrx_word' id='word_1_899' title='bbox 1105 2252 1160 2279; x_wconf 78' lang='grc' dir='ltr'>Καὶ</span> <span class='ocrx_word' id='word_1_900' title='bbox 1173 2252 1267 2288; x_wconf 83' lang='grc' dir='ltr'>ὥσπερ</span> <span class='ocrx_word' id='word_1_901' title='bbox 1277 2253 1291 2278; x_wconf 89' lang='lat'>6</span> <span class='ocrx_word' id='word_1_902' title='bbox 1303 2252 1394 2283; x_wconf 81' lang='grc' dir='ltr'>δίσκος</span> <span class='ocrx_word' id='word_1_903' title='bbox 1410 2253 1424 2278; x_wconf 87' lang='lat'>6</span> <span class='ocrx_word' id='word_1_904' title='bbox 1437 2252 1548 2287; x_wconf 68' lang='grc' dir='ltr'>ἡλιακὸς</span> <span class='ocrx_word' id='word_1_905' title='bbox 1560 2252 1642 2288; x_wconf 84' lang='grc' dir='ltr'>γεννᾷ</span> <span class='ocrx_word' id='word_1_906' title='bbox 1661 2251 1709 2288; x_wconf 77' lang='grc' dir='ltr'>τὴν</span> <span class='ocrx_word' id='word_1_907' title='bbox 1720 2253 1826 2282; x_wconf 82' lang='grc' dir='ltr'>ἀκτῖνα.</span> <span class='ocrx_word' id='word_1_908' title='bbox 1840 2254 1882 2279; x_wconf 80' lang='grc' dir='ltr'>καὶ</span> 
     </span>
    </p>
   </div>
   <div class='ocr_carea' id='block_1_108' title="bbox 1103 2297 1884 2334">
    <p class='ocr_par' dir='ltr' id='par_1_108' title="bbox 1103 2297 1884 2334">
     <span class='ocr_line' id='line_1_108' title="bbox 1103 2297 1884 2334; baseline 0.001 -10"><span class='ocrx_word' id='word_1_909' title='bbox 1103 2297 1247 2334; x_wconf 81' lang='grc' dir='ltr'>ὲκπορεύει</span> <span class='ocrx_word' id='word_1_910' title='bbox 1264 2298 1293 2324; x_wconf 84' lang='grc' dir='ltr'>τὸ</span> <span class='ocrx_word' id='word_1_911' title='bbox 1306 2298 1361 2332; x_wconf 83' lang='grc' dir='ltr'>φῶς</span> <span class='ocrx_word' id='word_1_912' title='bbox 1370 2307 1377 2313; x_wconf 90' lang='grc'>·</span> <span class='ocrx_word' id='word_1_913' title='bbox 1389 2297 1461 2325; x_wconf 76' lang='grc' dir='ltr'>οὕτω</span> <span class='ocrx_word' id='word_1_914' title='bbox 1475 2298 1520 2325; x_wconf 71' lang='grc' dir='ltr'>καὶ</span> <span class='ocrx_word' id='word_1_915' title='bbox 1536 2300 1550 2325; x_wconf 92' lang='lat'>6</span> <span class='ocrx_word' id='word_1_916' title='bbox 1565 2298 1630 2330; x_wconf 79' lang='grc' dir='ltr'>Θεὸς</span> <span class='ocrx_word' id='word_1_917' title='bbox 1642 2299 1689 2325; x_wconf 73' lang='grc' dir='ltr'>καὶ</span> <span class='ocrx_word' id='word_1_918' title='bbox 1706 2299 1800 2334; x_wconf 81' lang='grc' dir='ltr'>Πατὴρ</span> <span class='ocrx_word' id='word_1_919' title='bbox 1808 2300 1884 2333; x_wconf 78' lang='grc' dir='ltr'>γεννᾷ</span> 
     </span>
    </p>
   </div>
   <div class='ocr_carea' id='block_1_109' title="bbox 1104 2341 1883 2378">
    <p class='ocr_par' dir='ltr' id='par_1_109' title="bbox 1104 2341 1883 2378">
     <span class='ocr_line' id='line_1_109' title="bbox 1104 2341 1883 2378; baseline 0 -9"><span class='ocrx_word' id='word_1_920' title='bbox 1104 2343 1149 2369; x_wconf 77' lang='grc' dir='ltr'>τὸν</span> <span class='ocrx_word' id='word_1_921' title='bbox 1166 2343 1229 2370; x_wconf 79' lang='grc' dir='ltr'>Υἱὺν</span> <span class='ocrx_word' id='word_1_922' title='bbox 1246 2343 1293 2369; x_wconf 77' lang='grc' dir='ltr'>καὶ</span> <span class='ocrx_word' id='word_1_923' title='bbox 1307 2341 1450 2378; x_wconf 84' lang='grc' dir='ltr'>ὲκπορεύει</span> <span class='ocrx_word' id='word_1_924' title='bbox 1465 2343 1510 2369; x_wconf 77' lang='grc' dir='ltr'>καὶ</span> <span class='ocrx_word' id='word_1_925' title='bbox 1523 2343 1552 2369; x_wconf 75' lang='grc' dir='ltr'>τὸ</span> <span class='ocrx_word' id='word_1_926' title='bbox 1570 2342 1681 2378; x_wconf 75' lang='grc' dir='ltr'>Πνεῦμα</span> <span class='ocrx_word' id='word_1_927' title='bbox 1701 2343 1787 2377; x_wconf 83' lang='grc' dir='ltr'>ἆγιον.</span> <span class='ocrx_word' id='word_1_928' title='bbox 1803 2343 1883 2370; x_wconf 76' lang='grc' dir='ltr'>Βλέπε</span> 
     </span>
    </p>
   </div>
   <div class='ocr_carea' id='block_1_110' title="bbox 1106 2388 1883 2424">
    <p class='ocr_par' dir='ltr' id='par_1_110' title="bbox 1106 2388 1883 2424">
     <span class='ocr_line' id='line_1_110' title="bbox 1106 2388 1883 2424; baseline 0.001 -10"><span class='ocrx_word' id='word_1_929' title='bbox 1106 2388 1242 2420; x_wconf 82' lang='grc' dir='ltr'>συνετῶς·</span> <span class='ocrx_word' id='word_1_930' title='bbox 1263 2389 1368 2424; x_wconf 79' lang='grc' dir='ltr'>Ὠσπερ</span> <span class='ocrx_word' id='word_1_931' title='bbox 1387 2389 1404 2424; x_wconf 88' lang='grc' dir='ltr'>ἡ</span> <span class='ocrx_word' id='word_1_932' title='bbox 1425 2389 1505 2420; x_wconf 70' lang='grc' dir='ltr'>ἀκτὶς</span> <span class='ocrx_word' id='word_1_933' title='bbox 1526 2388 1571 2415; x_wconf 80' lang='grc' dir='ltr'>τοῦ</span> <span class='ocrx_word' id='word_1_934' title='bbox 1593 2388 1667 2424; x_wconf 81' lang='grc' dir='ltr'>ἡλίου</span> <span class='ocrx_word' id='word_1_935' title='bbox 1687 2389 1840 2416; x_wconf 76' lang='grc' dir='ltr'>καταϐαίνει</span> <span class='ocrx_word' id='word_1_936' title='bbox 1857 2389 1883 2421; x_wconf 73' lang='grc' dir='ltr'>ἐξ</span> 
     </span>
    </p>
   </div>
   <div class='ocr_carea' id='block_1_111' title="bbox 1105 2433 1882 2470">
    <p class='ocr_par' dir='ltr' id='par_1_111' title="bbox 1105 2433 1882 2470">
     <span class='ocr_line' id='line_1_111' title="bbox 1105 2433 1882 2470; baseline 0.003 -10"><span class='ocrx_word' id='word_1_937' title='bbox 1105 2433 1219 2470; x_wconf 81' lang='grc' dir='ltr'>οὐρανοῦ</span> <span class='ocrx_word' id='word_1_938' title='bbox 1236 2433 1304 2470; x_wconf 75' lang='grc' dir='ltr'>πρὸς</span> <span class='ocrx_word' id='word_1_939' title='bbox 1322 2434 1369 2469; x_wconf 80' lang='grc' dir='ltr'>τὴν</span> <span class='ocrx_word' id='word_1_940' title='bbox 1384 2433 1447 2470; x_wconf 86' lang='grc' dir='ltr'>γῆν,</span> <span class='ocrx_word' id='word_1_941' title='bbox 1470 2434 1516 2460; x_wconf 72' lang='grc' dir='ltr'>καὶ</span> <span class='ocrx_word' id='word_1_942' title='bbox 1531 2433 1593 2460; x_wconf 67' lang='grc' dir='ltr'>οὔτε</span> <span class='ocrx_word' id='word_1_943' title='bbox 1607 2434 1655 2460; x_wconf 82' lang='grc' dir='ltr'>τοῦ</span> <span class='ocrx_word' id='word_1_944' title='bbox 1670 2434 1782 2470; x_wconf 79' lang='grc' dir='ltr'>ἡλιακοῦ</span> <span class='ocrx_word' id='word_1_945' title='bbox 1798 2435 1882 2462; x_wconf 75' lang='grc' dir='ltr'>δίσκου</span> 
     </span>
    </p>
   </div>
   <div class='ocr_carea' id='block_1_112' title="bbox 1106 2475 1883 2516">
    <p class='ocr_par' dir='ltr' id='par_1_112' title="bbox 1106 2475 1883 2516">
     <span class='ocr_line' id='line_1_112' title="bbox 1106 2475 1883 2516; baseline 0.001 -10"><span class='ocrx_word' id='word_1_946' title='bbox 1106 2480 1261 2516; x_wconf 78' lang='grc' dir='ltr'>χωρίζεται,</span> <span class='ocrx_word' id='word_1_947' title='bbox 1275 2479 1336 2506; x_wconf 68' lang='grc' dir='ltr'>οὔτε</span> <span class='ocrx_word' id='word_1_948' title='bbox 1354 2481 1387 2506; x_wconf 83' lang='grc' dir='ltr'>ἐκ</span> <span class='ocrx_word' id='word_1_949' title='bbox 1399 2478 1446 2505; x_wconf 83' lang='grc' dir='ltr'>τοῦ</span> <span class='ocrx_word' id='word_1_950' title='bbox 1461 2478 1575 2516; x_wconf 76' lang='grc' dir='ltr'>οὐρανοῦ</span> <span class='ocrx_word' id='word_1_951' title='bbox 1589 2478 1686 2512; x_wconf 85' lang='grc' dir='ltr'>λείπει,</span> <span class='ocrx_word' id='word_1_952' title='bbox 1700 2479 1762 2506; x_wconf 82' lang='grc' dir='ltr'>οὔτε</span> <span class='ocrx_word' id='word_1_953' title='bbox 1777 2480 1827 2507; x_wconf 80' lang='grc' dir='ltr'>ἀπὸ</span> <span class='ocrx_word' id='word_1_954' title='bbox 1837 2475 1883 2516; x_wconf 64' lang='grc' dir='ltr'>τῆς,</span> 
     </span>
    </p>
   </div>
   <div class='ocr_carea' id='block_1_113' title="bbox 1106 2524 1880 2562">
    <p class='ocr_par' dir='ltr' id='par_1_113' title="bbox 1106 2524 1880 2562">
     <span class='ocr_line' id='line_1_113' title="bbox 1106 2524 1880 2562; baseline 0 -9"><span class='ocrx_word' id='word_1_955' title='bbox 1106 2527 1168 2561; x_wconf 71' lang='grc' dir='ltr'>γῆς,</span> <span class='ocrx_word' id='word_1_956' title='bbox 1177 2526 1234 2553; x_wconf 79' lang='grc' dir='ltr'>ἀλλ’</span> <span class='ocrx_word' id='word_1_957' title='bbox 1242 2526 1299 2553; x_wconf 79' lang='grc' dir='ltr'>ἔστι</span> <span class='ocrx_word' id='word_1_958' title='bbox 1309 2526 1356 2553; x_wconf 77' lang='grc' dir='ltr'>καί</span> <span class='ocrx_word' id='word_1_959' title='bbox 1363 2526 1391 2552; x_wconf 80' lang='grc' dir='ltr'>ἐν</span> <span class='ocrx_word' id='word_1_960' title='bbox 1401 2525 1440 2561; x_wconf 82' lang='grc' dir='ltr'>τῷ</span> <span class='ocrx_word' id='word_1_961' title='bbox 1452 2525 1555 2560; x_wconf 82' lang='grc' dir='ltr'>ἡλιακῷ</span> <span class='ocrx_word' id='word_1_962' title='bbox 1563 2524 1647 2560; x_wconf 84' lang='grc' dir='ltr'>δίσκῳ</span> <span class='ocrx_word' id='word_1_963' title='bbox 1655 2545 1662 2557; x_wconf 93' lang='grc'>,</span> <span class='ocrx_word' id='word_1_964' title='bbox 1671 2526 1717 2552; x_wconf 79' lang='grc' dir='ltr'>καὶ</span> <span class='ocrx_word' id='word_1_965' title='bbox 1725 2526 1754 2552; x_wconf 77' lang='grc' dir='ltr'>ἐν</span> <span class='ocrx_word' id='word_1_966' title='bbox 1764 2526 1800 2561; x_wconf 83' lang='grc' dir='ltr'>τῷ</span> <span class='ocrx_word' id='word_1_967' title='bbox 1809 2527 1880 2562; x_wconf 41' lang='grc' dir='ltr'>οὐρα.</span> 
     </span>
    </p>
   </div>
   <div class='ocr_carea' id='block_1_114' title="bbox 1107 2570 1875 2606">
    <p class='ocr_par' dir='ltr' id='par_1_114' title="bbox 1107 2570 1875 2606">
     <span class='ocr_line' id='line_1_114' title="bbox 1107 2570 1875 2606; baseline 0.001 -9"><span class='ocrx_word' id='word_1_968' title='bbox 1107 2570 1154 2605; x_wconf 84' lang='grc' dir='ltr'>νῷ,</span> <span class='ocrx_word' id='word_1_969' title='bbox 1166 2571 1212 2598; x_wconf 70' lang='grc' dir='ltr'>καὶ</span> <span class='ocrx_word' id='word_1_970' title='bbox 1221 2572 1248 2597; x_wconf 77' lang='grc' dir='ltr'>ὲν</span> <span class='ocrx_word' id='word_1_971' title='bbox 1256 2572 1289 2606; x_wconf 82' lang='grc' dir='ltr'>τῇ</span> <span class='ocrx_word' id='word_1_972' title='bbox 1298 2572 1345 2606; x_wconf 83' lang='grc' dir='ltr'>γῇ,</span> <span class='ocrx_word' id='word_1_973' title='bbox 1354 2570 1401 2598; x_wconf 72' lang='grc' dir='ltr'>καὶ</span> <span class='ocrx_word' id='word_1_974' title='bbox 1416 2570 1564 2606; x_wconf 75' lang='grc' dir='ltr'>πανταχοῦ,</span> <span class='ocrx_word' id='word_1_975' title='bbox 1578 2571 1624 2597; x_wconf 79' lang='grc' dir='ltr'>καὶ</span> <span class='ocrx_word' id='word_1_976' title='bbox 1638 2570 1699 2597; x_wconf 72' lang='grc' dir='ltr'>οὔτε</span> <span class='ocrx_word' id='word_1_977' title='bbox 1707 2570 1760 2597; x_wconf 77' lang='grc' dir='ltr'>τῶν</span> <span class='ocrx_word' id='word_1_978' title='bbox 1772 2571 1825 2598; x_wconf 81' lang='grc' dir='ltr'>ἄνω</span> <span class='ocrx_word' id='word_1_979' title='bbox 1838 2573 1875 2598; x_wconf 84' lang='grc' dir='ltr'>λεί</span> 
     </span>
    </p>
   </div>
   <div class='ocr_carea' id='block_1_115' title="bbox 1108 2616 1881 2651">
    <p class='ocr_par' dir='ltr' id='par_1_115' title="bbox 1108 2616 1881 2651">
     <span class='ocr_line' id='line_1_115' title="bbox 1108 2616 1881 2651; baseline 0.001 -8"><span class='ocrx_word' id='word_1_980' title='bbox 1108 2626 1168 2649; x_wconf 77' lang='grc' dir='ltr'>πει,</span> <span class='ocrx_word' id='word_1_981' title='bbox 1185 2616 1247 2643; x_wconf 75' lang='grc' dir='ltr'>οὕτε</span> <span class='ocrx_word' id='word_1_982' title='bbox 1261 2616 1314 2643; x_wconf 81' lang='grc' dir='ltr'>τῶν</span> <span class='ocrx_word' id='word_1_983' title='bbox 1327 2617 1403 2643; x_wconf 82' lang='grc' dir='ltr'>κάτω</span> <span class='ocrx_word' id='word_1_984' title='bbox 1415 2624 1421 2631; x_wconf 84' lang='grc'><em>’</em></span> <span class='ocrx_word' id='word_1_985' title='bbox 1430 2616 1501 2642; x_wconf 73' lang='grc' dir='ltr'>οὕτω</span> <span class='ocrx_word' id='word_1_986' title='bbox 1516 2616 1562 2643; x_wconf 77' lang='grc' dir='ltr'>καὶ</span> <span class='ocrx_word' id='word_1_987' title='bbox 1575 2617 1590 2643; x_wconf 86' lang='lat'>6</span> <span class='ocrx_word' id='word_1_988' title='bbox 1602 2616 1665 2648; x_wconf 71' lang='grc' dir='ltr'>Υἱὸς</span> <span class='ocrx_word' id='word_1_989' title='bbox 1679 2617 1726 2643; x_wconf 83' lang='grc' dir='ltr'>καὶ</span> <span class='ocrx_word' id='word_1_990' title='bbox 1742 2617 1824 2651; x_wconf 80' lang='grc' dir='ltr'>Λόγος</span> <span class='ocrx_word' id='word_1_991' title='bbox 1840 2618 1881 2644; x_wconf 67' lang='grc' dir='ltr'>τοῦ</span> 
     </span>
    </p>
   </div>
   <div class='ocr_carea' id='block_1_116' title="bbox 1107 2662 1880 2701">
    <p class='ocr_par' dir='ltr' id='par_1_116' title="bbox 1107 2662 1880 2701">
     <span class='ocr_line' id='line_1_116' title="bbox 1107 2662 1880 2701; baseline 0.001 -13"><span class='ocrx_word' id='word_1_992' title='bbox 1107 2662 1174 2689; x_wconf 84' lang='grc' dir='ltr'>Θεοῦ</span> <span class='ocrx_word' id='word_1_993' title='bbox 1189 2662 1306 2698; x_wconf 77' lang='grc' dir='ltr'>κατῆλθε</span> <span class='ocrx_word' id='word_1_994' title='bbox 1322 2663 1391 2697; x_wconf 76' lang='grc' dir='ltr'>πρὸς</span> <span class='ocrx_word' id='word_1_995' title='bbox 1404 2662 1453 2697; x_wconf 81' lang='grc' dir='ltr'>τὴν</span> <span class='ocrx_word' id='word_1_996' title='bbox 1466 2663 1529 2698; x_wconf 85' lang='grc' dir='ltr'>γῆν,</span> <span class='ocrx_word' id='word_1_997' title='bbox 1540 2663 1587 2689; x_wconf 81' lang='grc' dir='ltr'>καὶ</span> <span class='ocrx_word' id='word_1_998' title='bbox 1600 2662 1662 2701; x_wconf 71' lang='grc' dir='ltr'>οὔτε</span> <span class='ocrx_word' id='word_1_999' title='bbox 1679 2664 1711 2689; x_wconf 84' lang='grc' dir='ltr'>ὲκ</span> <span class='ocrx_word' id='word_1_1000' title='bbox 1726 2663 1773 2689; x_wconf 73' lang='grc' dir='ltr'>τοῦ</span> <span class='ocrx_word' id='word_1_1001' title='bbox 1787 2663 1880 2699; x_wconf 45' lang='grc' dir='ltr'>Πτερᾶ</span> 
     </span>
    </p>
   </div>
   <div class='ocr_carea' id='block_1_117' title="bbox 1108 2707 1879 2744">
    <p class='ocr_par' dir='ltr' id='par_1_117' title="bbox 1108 2707 1879 2744">
     <span class='ocr_line' id='line_1_117' title="bbox 1108 2707 1879 2744; baseline 0 -10"><span class='ocrx_word' id='word_1_1002' title='bbox 1108 2708 1208 2740; x_wconf 78' lang='grc' dir='ltr'>ἔλειπε,</span> <span class='ocrx_word' id='word_1_1003' title='bbox 1222 2707 1283 2734; x_wconf 81' lang='grc' dir='ltr'>οὗτε</span> <span class='ocrx_word' id='word_1_1004' title='bbox 1293 2709 1325 2734; x_wconf 81' lang='grc' dir='ltr'>ὲκ</span> <span class='ocrx_word' id='word_1_1005' title='bbox 1340 2707 1395 2734; x_wconf 83' lang='grc' dir='ltr'>τῶν</span> <span class='ocrx_word' id='word_1_1006' title='bbox 1403 2708 1534 2743; x_wconf 74' lang='grc' dir='ltr'>οὐρανῶν,</span> <span class='ocrx_word' id='word_1_1007' title='bbox 1543 2707 1604 2735; x_wconf 69' lang='grc' dir='ltr'>οὔτε</span> <span class='ocrx_word' id='word_1_1008' title='bbox 1615 2709 1646 2735; x_wconf 81' lang='grc' dir='ltr'>ἐκ</span> <span class='ocrx_word' id='word_1_1009' title='bbox 1659 2709 1708 2744; x_wconf 81' lang='grc' dir='ltr'>τῆς</span> <span class='ocrx_word' id='word_1_1010' title='bbox 1717 2709 1768 2743; x_wconf 80' lang='grc' dir='ltr'>γῆς</span> <span class='ocrx_word' id='word_1_1011' title='bbox 1776 2717 1783 2724; x_wconf 94' lang='grc'><strong>·</strong></span> <span class='ocrx_word' id='word_1_1012' title='bbox 1795 2707 1879 2744; x_wconf 66' lang='grc' dir='ltr'>ὰλλ“ἧι</span> 
     </span>
    </p>
   </div>
   <div class='ocr_carea' id='block_1_118' title="bbox 1108 2752 1873 2788">
    <p class='ocr_par' dir='ltr' id='par_1_118' title="bbox 1108 2752 1873 2788">
     <span class='ocr_line' id='line_1_118' title="bbox 1108 2752 1873 2788; baseline 0.001 -9"><span class='ocrx_word' id='word_1_1013' title='bbox 1108 2753 1155 2779; x_wconf 76' lang='grc' dir='ltr'>καὶ</span> <span class='ocrx_word' id='word_1_1014' title='bbox 1163 2753 1192 2779; x_wconf 79' lang='grc' dir='ltr'>ἐν</span> <span class='ocrx_word' id='word_1_1015' title='bbox 1210 2754 1266 2784; x_wconf 83' lang='grc' dir='ltr'>τοῖς</span> <span class='ocrx_word' id='word_1_1016' title='bbox 1279 2752 1390 2785; x_wconf 83' lang='grc' dir='ltr'>κόλποις</span> <span class='ocrx_word' id='word_1_1017' title='bbox 1402 2752 1451 2779; x_wconf 78' lang='grc' dir='ltr'>τοῦ</span> <span class='ocrx_word' id='word_1_1018' title='bbox 1471 2753 1577 2788; x_wconf 65' lang='lat' dir='ltr'>Harpe;</span> <span class='ocrx_word' id='word_1_1019' title='bbox 1591 2753 1753 2788; x_wconf 83' lang='grc' dir='ltr'>ἀχώριστος,</span> <span class='ocrx_word' id='word_1_1020' title='bbox 1768 2754 1812 2780; x_wconf 78' lang='grc' dir='ltr'>καὶ</span> <span class='ocrx_word' id='word_1_1021' title='bbox 1823 2754 1873 2780; x_wconf 79' lang='grc' dir='ltr'>ἀνω</span> 
     </span>
    </p>
   </div>
   <div class='ocr_carea' id='block_1_119' title="bbox 1108 2798 1878 2833">
    <p class='ocr_par' dir='ltr' id='par_1_119' title="bbox 1108 2798 1878 2833">
     <span class='ocr_line' id='line_1_119' title="bbox 1108 2798 1878 2833; baseline 0.003 -9"><span class='ocrx_word' id='word_1_1022' title='bbox 1108 2798 1155 2825; x_wconf 76' lang='grc' dir='ltr'>καὶ</span> <span class='ocrx_word' id='word_1_1023' title='bbox 1169 2798 1308 2830; x_wconf 75' lang='grc' dir='ltr'>κάτω,καὶ</span> <span class='ocrx_word' id='word_1_1024' title='bbox 1323 2798 1460 2833; x_wconf 82' lang='grc' dir='ltr'>πανταχοῦ</span> <span class='ocrx_word' id='word_1_1025' title='bbox 1468 2807 1475 2813; x_wconf 90' lang='grc'><strong>·</strong></span> <span class='ocrx_word' id='word_1_1026' title='bbox 1487 2798 1534 2825; x_wconf 71' lang='grc' dir='ltr'>καὶ</span> <span class='ocrx_word' id='word_1_1027' title='bbox 1545 2799 1598 2825; x_wconf 76' lang='grc' dir='ltr'>οὐδ’</span> <span class='ocrx_word' id='word_1_1028' title='bbox 1606 2799 1637 2825; x_wconf 79' lang='grc' dir='ltr'>ἐκ</span> <span class='ocrx_word' id='word_1_1029' title='bbox 1644 2807 1715 2832; x_wconf 83' lang='grc' dir='ltr'>τινος</span> <span class='ocrx_word' id='word_1_1030' title='bbox 1729 2799 1825 2826; x_wconf 78' lang='grc' dir='ltr'>ἔλειπε.</span> <span class='ocrx_word' id='word_1_1031' title='bbox 1835 2801 1878 2826; x_wconf 70' lang='grc' dir='ltr'>Ιὶῖί</span> 
     </span>
    </p>
   </div>
   <div class='ocr_carea' id='block_1_120' title="bbox 1090 2843 1873 2888">
    <p class='ocr_par' dir='ltr' id='par_1_120' title="bbox 1090 2843 1873 2888">
     <span class='ocr_line' id='line_1_120' title="bbox 1090 2843 1873 2888; baseline 0.003 -17"><span class='ocrx_word' id='word_1_1032' title='bbox 1090 2886 1092 2888; x_wconf 18' lang='grc' dir='ltr'><strong>η</strong></span> <span class='ocrx_word' id='word_1_1033' title='bbox 1109 2843 1201 2887; x_wconf 19' lang='grc' dir='ltr'>ῶλσμπερ</span> <span class='ocrx_word' id='word_1_1034' title='bbox 1210 2845 1239 2871; x_wconf 80' lang='grc' dir='ltr'>τὸ</span> <span class='ocrx_word' id='word_1_1035' title='bbox 1247 2845 1359 2880; x_wconf 56' lang='grc' dir='ltr'>ἡλιακὴν</span> <span class='ocrx_word' id='word_1_1036' title='bbox 1369 2844 1426 2879; x_wconf 64' lang='grc' dir='ltr'>φῶς</span> <span class='ocrx_word' id='word_1_1037' title='bbox 1435 2846 1493 2871; x_wconf 76' lang='grc' dir='ltr'>ἐστι</span> <span class='ocrx_word' id='word_1_1038' title='bbox 1501 2845 1548 2872; x_wconf 84' lang='grc' dir='ltr'>καὶ</span> <span class='ocrx_word' id='word_1_1039' title='bbox 1555 2846 1583 2872; x_wconf 81' lang='grc' dir='ltr'>ὲν</span> <span class='ocrx_word' id='word_1_1040' title='bbox 1594 2845 1632 2881; x_wconf 79' lang='grc' dir='ltr'>τῷ</span> <span class='ocrx_word' id='word_1_1041' title='bbox 1641 2845 1724 2879; x_wconf 81' lang='grc' dir='ltr'>δίσκῳ</span> <span class='ocrx_word' id='word_1_1042' title='bbox 1732 2845 1770 2881; x_wconf 79' lang='grc' dir='ltr'>τῷ</span> <span class='ocrx_word' id='word_1_1043' title='bbox 1777 2846 1873 2882; x_wconf 74' lang='grc' dir='ltr'>ἡλιακῷ</span> 
     </span>
    </p>
   </div>
  </div>
