1940 3068
92 165 148 193 711

731 163 964 199 QUIESTiONES
982 163 1086 192 ΔΗΕ.

1671 167 1721 194 773

91 219 142 247 καὶ
162 219 191 245 ὲν
206 220 239 255 τῇ
257 218 356 250 ἀκτῖνι,
378 219 424 245 καὶ
438 219 467 245 ὲν
483 218 521 254 τῷ
537 218 660 255 οὐρανῷ,
676 219 723 246 καὶ
736 221 764 246 ἐν
781 221 814 255 τῇ
832 221 875 254 γῇ,

932 218 969 244 ita
978 221 1005 245 et
1015 217 1135 253 Spiritus
1147 222 1270 250 sanctus,
1284 223 1310 245 et
1324 226 1387 246 cum
1398 218 1478 247 Patre
1492 223 1544 252 est,
1556 224 1584 248 et
1597 228 1658 248 cum
1673 221 1720 248 Fi-

91 266 140 293 καὶ
154 265 305 300 εἰσέρχεται
317 265 346 290 ὲν
356 266 416 296 ταῖς
428 264 527 296 οἰκίαις
541 265 588 291 καὶ
602 265 751 299 πανταχοῦ,
765 265 811 290 καὶ
825 273 881 298 φω-

90 311 178 343 τίζει·
195 309 265 336 οὕτω
298 310 344 336 καὶ
361 309 390 335 τὸ
410 309 524 344 Πνεῦμα
543 309 573 336 τὺ
593 310 669 343 ἆγιον
685 310 732 335 καὶ
749 309 817 344 μετὰ
833 309 879 334 τοῦ

91 355 200 391 Πατρός
215 356 283 385 ἐστι,
300 354 347 380 κα.)⁸
364 354 434 389 μετὰ
447 355 493 380 τοῦ
508 354 585 386 Υὶοῦ,
601 355 648 381 καὶ
664 354 720 381 ἄνω
732 354 779 380 καὶ
795 354 879 386 κάτω,

90 402 139 428 καὶ
159 401 247 428 πάντα
265 400 408 436 ἄνθρωπον
428 400 548 434 φωτίζει,
574 401 621 427 καὶ
641 400 670 426 οὐ
691 400 779 426 λείπει
803 400 878 426 ποτέ.

93 457 104 473 ι
125 448 161 473 Τὸ
184 447 237 482 γὰρ
257 445 369 481 Πνεῦμα
395 446 425 472 τὸ
446 446 532 480 ἅγιον,
565 456 574 472 ι
598 446 681 482 φησὶν
702 448 716 472 ὁ
734 446 881 478 ἀπόστολος

89 493 208 524 Παῦλος,
229 501 238 517 ‹
257 492 346 518 πάντα
364 493 473 528 ἐρευνᾷ,
498 492 545 519 καὶ
564 491 596 519 τὰ
614 492 683 527 βάθη
703 492 749 518 τοῦ
770 492 846 519 Θεοῦ.
868 502 877 518 ι

95 537 162 563 Ἰδοὺ
176 537 278 568 λοιπὸν,
293 535 387 572 ὥσπερ
400 536 429 562 ὂν
445 537 494 563 οὐκ
508 536 619 572 οἴδαμέν
636 545 711 568 ποτε,
726 537 786 563 οὐδὲ
798 537 880 571 γινώ-

90 590 168 608 σκειν
179 581 325 616 δυνάμεθα,
343 581 463 613 ποταπὸς
477 579 526 616 ἦν·
541 582 605 607 ὅταν
619 582 647 607 δὲ
662 581 760 617 ἴδωμεν
774 582 823 618 τὴν
840 584 880 608 el-

90 627 157 653 κόνα
170 626 262 658 αὑτοῦ,
276 627 336 652 τότε
352 626 449 661 μικρὸν
463 626 647 661 κατανοοῦμεν
661 626 706 652 τὸν
718 626 880 661 χαρακτῆρα

88 672 138 698 τοῦ
155 671 301 708 προσώπου
319 672 416 698 αὐτοῦ’
438 672 508 698 οὕτω
541 681 585 708 μοι
608 673 662 699 νόει
684 674 731 699 καὶ
748 674 811 708 περὶ
832 674 879 700 τοῦ

88 718 169 746 Θεοῦ.
190 729 198 744 ι
216 718 267 744 Τὸν
284 718 338 753 γὰρ
355 718 419 744 Θεὸν
434 718 521 750 οὐδεὶς
534 718 638 753 ἑώρακε
654 718 774 745 πώποτε.
794 729 803 744 ι
819 719 880 750 Πῶς

87 761 136 790 οὖν
162 763 242 790 αὐτὸν
266 763 466 790 καταλαϐέσθαι
487 764 548 790 τινὰ
563 763 690 797 δύναται;
709 764 767 791 ἀλλ’
787 765 879 800 ἐπειδὴ

89 810 149 844 φῶς
171 811 227 836 ἐστι
248 811 294 836 καὶ
314 808 475 845 ὀνομάζεται
496 811 510 835 ὁ
527 810 608 842 Θεὸς,
626 812 657 837 ὲκ
682 812 729 837 τοῦ
751 812 879 847 αἰσθητοῦ

87 855 185 882 τούτου
200 855 288 890 φωτὸς
304 854 500 890 ὲξεικονίζομεν
520 855 600 881 αὐτὸν
610 876 617 887 ,
635 855 705 882 ὥστε
719 856 819 888 λοιπὸν,
842 857 879 889 ὡς

87 901 267 936 προείπομεν,
281 901 320 931 εὶς
332 900 416 926 τύπον
427 900 474 926 τοῦ
489 900 563 935 ἡλίου
581 901 818 936 χαρακτηρίζομεν
830 901 878 936 τὴν

87 947 170 981 ἁγίαν
197 946 311 982 Τριάδα,
329 945 453 980 λέγοντες
473 943 541 972 εἶναι
562 945 608 972 τὸν
634 946 683 980 μὲν
706 946 815 982 Πατέρα
838 947 878 973 δί-

88 1002 164 1024 σκον,
179 993 224 1018 τὸν
241 993 269 1019 δὲ
284 992 346 1018 Υἱὸν
361 992 468 1026 ἀκτῖνα,
481 991 511 1018 τὸ
524 991 552 1018 δὲ
563 991 674 1027 Πνεῦμα
687 992 716 1018 τὸ
730 992 806 1026 ἅγιον
822 993 879 1027 φῶς

87 1041 121 1066 ἐκ
137 1040 235 1074 φωτός.
254 1039 309 1065 Καὶ
329 1038 423 1073 ὥσπερ
439 1038 453 1063 ὁ
469 1038 569 1070 δίσκος,
586 1038 634 1064 καὶ¹
649 1039 665 1073 ἡ
681 1038 769 1071 ἀκτὶς,
788 1039 834 1065 καὶ
849 1040 878 1065 τὸ

86 1086 146 1120 φῶς
159 1086 187 1112 ἓν
202 1087 254 1112 εἰσι
269 1085 316 1111 καὶ
330 1085 402 1120 τρία,
418 1085 574 1120 ἀμερίστως
606 1083 770 1120 μεριζόμενα
780 1105 786 1115 ,
807 1084 878 1111 οὕτω

87 1132 136 1158 καὶ
151 1133 165 1157 6
185 1131 252 1162 Θεὸς
267 1132 284 1166 ἡ
303 1131 397 1167 Τριὰς,
419 1132 433 1158 ό
455 1132 559 1166 Πατὴρ,
581 1132 628 1158 καὶ
646 1132 660 1157 6
681 1131 754 1162 Υἱὸς,
776 1131 823 1158 καὶ
848 1132 878 1158 τὸ

86 1176 200 1212 Πνεῦμα
213 1176 243 1202 τὸ
258 1176 345 1209 ἆγιον,
368 1176 396 1202 ἓν
411 1177 468 1202 ἐστι
483 1176 530 1202 καὶ
544 1175 622 1212 τρία,
647 1176 812 1211 μεριζόμενα
829 1176 878 1211 μὲν

86 1223 144 1253 τοῖς
157 1221 312 1257 προσώποις
325 1222 394 1248 κατὰ
404 1221 448 1248 τδν
463 1222 548 1256 ἥλιον,
557 1221 691 1257 ἀμέριστα
702 1222 730 1248 δὲ
748 1223 780 1257 τῇ
799 1222 877 1256 φύσει

86 1268 259 1303 διαμένοντα.
286 1268 341 1294 Καὶ
368 1267 462 1302 ὥσπερ
483 1268 497 1293 ὁ
521 1267 611 1300 δίσκος
633 1268 679 1294 τοῦ
698 1268 773 1303 ἡλίου
797 1269 877 1303 μόνος

87 1314 163 1340 ἐστὶν
181 1314 266 1345 αἴτιος
282 1314 329 1340 καὶ
350 1314 500 1349 ἀγένητος,
524 1315 540 1348 ἡ
566 1314 593 1340 δὲ
610 1314 688 1346 ἀκτὶς
705 1314 815 1350 αἱτιατὴ
829 1316 876 1341 καὶ

88 1361 189 1396 γενητὴ
204 1361 236 1387 ἐκ
249 1360 295 1386 τοῦ
311 1360 419 1391 δίσκου,
437 1360 466 1386 τὺ
480 1360 509 1386 δὲ
528 1360 586 1394 φῶς
601 1361 764 1396 ἑκπορευτὸν
780 1362 812 1387 ἐκ
828 1361 877 1395 μό-

88 1415 134 1433 νου
153 1407 199 1433 τοῦ
213 1407 315 1437 δίσκου,
330 1406 374 1433 διὰ
391 1406 420 1432 τὸ
435 1407 484 1441 τῆς
502 1407 609 1438 ἀκτῖνος
622 1407 795 1442 πεμπόμενον
805 1428 812 1439 ,
829 1408 876 1434 καὶ

87 1452 267 1488 καταλάμπον
280 1451 315 1478 τὰ
347 1451 487 1486 περίγεια’
502 1451 573 1478 οὓτω
589 1451 636 1478 καὶ
648 1452 662 1477 6
678 1451 744 1483 Θεὸς
760 1452 806 1478 καὶ
820 1453 874 1478 Πα-

87 1499 140 1534 τὴρ
151 1499 231 1530 αὐτὸς
248 1499 325 1532 μόνος
338 1498 411 1524 ἐστὶν
426 1498 511 1529 αἴτιος
527 1499 582 1528 τοῖς
594 1497 654 1523 δυσὶ
667 1498 713 1524 καὶ
724 1498 854 1533 ἀγένητος
866 1507 874 1514 ·

86 1545 101 1571 6
113 1545 141 1571 δὲ
152 1545 214 1576 Υἱὸς
229 1545 261 1571 ὲκ
277 1545 355 1580 μόνου
368 1544 414 1571 τοῦ
427 1544 533 1579 Πατρδς
544 1544 664 1575 diruto;
675 1544 721 1570 καὶ
733 1545 872 1579 γεννητόν

933 263 979 294 lio,
997 267 1024 290 et
1037 271 1130 298 supra,
1145 268 1172 291 et
1186 264 1267 296 infra,
1284 270 1311 292 et
1324 272 1419 292 omnes
1434 265 1557 293 homines
1572 267 1719 299 illuminat,

932 316 982 336 nec
997 309 1088 336 deﬁcit
1103 317 1233 344 unquam.
1251 319 1260 335 ‹
1280 309 1398 345 Spiritus
1417 311 1489 337 enim
1509 315 1631 343 sanctus,
1651 321 1660 338 ι
1679 312 1721 339 in-

932 355 990 388 quit
1015 355 1156 390 apostolus
1179 355 1290 387 Paulus,
1318 364 1328 380 «
1344 355 1435 382 omnia
1459 360 1614 389 scrutatur,
1639 357 1720 384 etiam

932 399 1067 434 profunda
1089 399 1135 427 Dei
1147 401 1168 426 ⁸.
1184 410 1193 426 ι
1223 400 1293 427 Ecce
1313 400 1369 434 jam
1392 401 1528 435 quomodo
1558 409 1637 436 quem
1659 406 1721 428 ante

931 453 987 473 non
998 446 1125 474 novimus
1138 453 1268 481 unquam,
1285 455 1373 480 neque
1388 454 1554 480 cognoscere
1567 448 1717 482 potuimus.

931 492 1021 528 qualis
1045 495 1128 523 esset,
1146 493 1256 527 quando
1274 496 1365 519 autem
1381 493 1494 527 elligiem
1509 492 1569 528 ejus
1583 493 1719 524 videmus.

931 542 997 565 tunc
1018 546 1051 565 ex
1068 542 1145 573 parte
1168 539 1360 572 cognoscimus
1386 539 1571 566 characterem
1598 546 1721 573 personae

931 583 1001 618 ejus,
1028 584 1066 610 ita
1094 587 1122 610 tu
1144 583 1210 610 mihi
1227 584 1347 619 cogitato
1371 583 1405 611 de
1429 583 1494 611 Deo.
1519 584 1623 612 «Deum
1647 585 1720 611 enim

931 636 1011 656 nemo
1026 629 1094 656 vidit
1111 637 1248 664 unquam;
1265 639 1275 655 ι
1292 629 1429 664 quomodo
1451 630 1534 664 igitur
1554 630 1629 656 illum
1645 637 1721 657 com-

930 675 1100 710 prehendere
1123 675 1184 710 quis
1202 675 1308 710 possit?
1329 675 1376 702 sed
1393 675 1612 710 quamloquidem
1628 677 1720 704 lumen

930 725 973 749 est
990 727 1017 749 et
1027 721 1128 748 dicitur
1144 721 1228 753 Deus,
1238 729 1270 748 ex
1279 721 1331 748 hac
1343 721 1466 749 sensibili
1483 721 1544 748 luce
1561 722 1720 748 similitudi-

931 774 992 793 nem
1007 767 1131 801 capimus
1144 765 1203 798 Dei,
1221 769 1251 792 ut
1268 765 1407 800 deinceps.
1429 766 1657 800 quemadmodum
1673 775 1720 794 su-

930 820 980 848 pra
1001 812 1131 846 diximus,
1149 813 1183 839 ad
1202 816 1295 847 typum
1319 812 1385 840 solis
1402 812 1576 840 conferamus
1597 817 1719 840 sanetam

931 858 1103 890 Trinitatem,
1124 858 1246 885 dicentes
1263 865 1324 885 esse
1348 858 1457 893 quidem
1477 858 1586 886 Patrem
1612 859 1717 892 orbem,

897 903 1029 943 “Filium
1055 904 1173 937 radium,
1200 904 1330 939 Spiritum
1355 909 1481 932 sanetum
1504 907 1595 933 lumen
1621 914 1654 933 ex
1677 906 1720 934 lu~

933 951 1016 978 mine.
1037 950 1070 977 Et
1094 951 1165 978 sicut
1190 951 1276 984 orbis,
1295 954 1323 978 et
1341 951 1446 982 radius.
1469 956 1496 979 et
1518 953 1608 979 lumen
1633 961 1718 980 unum

934 1001 999 1024 sunt
1014 1001 1040 1023 et
1054 997 1117 1029 tria,
1136 996 1252 1024 indivise
1266 997 1363 1029 divisa,
1387 997 1423 1023 ita
1438 997 1518 1032 282
1530 1002 1556 1025 et
1570 998 1640 1025 Deus
1658 998 1719 1026 Tri-

929 1041 1013 1074 nitas,
1029 1041 1120 1074 Paler,
1142 1041 1241 1074 Filius,
1257 1046 1284 1069 et
1304 1041 1424 1077 Spiritus
1447 1047 1559 1070 sanctus
1575 1051 1657 1070 unum
1675 1049 1718 1072 est

929 1090 955 1114 et
969 1088 1032 1120 tria,
1057 1087 1144 1115 divisa
1159 1088 1269 1122 quidem
1287 1088 1422 1122 personis,
1434 1089 1517 1116 veluti
1532 1090 1583 1120 sol,
1600 1089 1717 1117 indivisa

928 1140 993 1160 vero
1007 1132 1097 1168 quoad
1115 1133 1296 1160 substantiam
1311 1135 1507 1168 permanentia.
1532 1134 1565 1162 Et
1586 1136 1718 1170 quemad-

929 1179 1040 1206 modum
1056 1180 1132 1207 orbis
1141 1180 1208 1207 solis
1221 1180 1298 1208 solus
1312 1185 1354 1208 est
1369 1188 1452 1208 causa
1466 1185 1492 1208 et
1508 1181 1655 1216 ingenitus,
1671 1190 1716 1209 ra-

928 1225 990 1253 dius
1007 1232 1073 1252 vero
1089 1225 1201 1253 eﬂ'ectus
1217 1230 1244 1253 ct
1259 1227 1366 1261 genitus
1382 1234 1415 1253 ex
1427 1227 1502 1259 orbe,
1516 1227 1606 1254 lumen
1626 1233 1716 1255 autem

928 1271 1081 1306 procedens
1102 1279 1134 1299 ex
1151 1272 1210 1299 solo
1225 1272 1302 1304 orbe,
1316 1280 1364 1307 per
1379 1272 1484 1299 radium
1499 1273 1626 1307 missum,
1640 1278 1667 1301 et
1684 1274 1717 1301 il-

927 1316 1067 1344 luminans
1084 1321 1192 1345 terrena
1206 1327 1213 1345 :
1226 1318 1263 1344 ita
1282 1317 1354 1346 Deus
1373 1323 1400 1346 et
1415 1318 1496 1345 Pater
1510 1319 1568 1353 ipse
1583 1320 1659 1347 solus
1673 1324 1717 1347 est

927 1369 1011 1390 causa
1034 1363 1141 1390 duabus
1158 1364 1283 1398 personis
1305 1367 1333 1391 et
1352 1364 1505 1399 ingenitus:
1520 1365 1605 1392 Filius
1624 1370 1715 1393 autem

926 1415 960 1435 ex
973 1408 1032 1436 solo
1047 1408 1126 1436 Patre
1140 1413 1269 1437 causatus
1285 1413 1312 1437 et
1328 1411 1436 1444 genitus
1449 1420 1455 1438 :
1471 1415 1497 1438 et
1511 1411 1629 1446 Spiritus
1652 1420 1716 1439 san-

926 1458 987 1482 ctus
1005 1463 1036 1482 ex
1052 1455 1111 1482 solo
1125 1455 1206 1484 Patre
1229 1460 1363 1484 causatus
1380 1462 1407 1484 et
1425 1458 1585 1492 procedens,
1605 1458 1652 1485 sed
1666 1466 1715 1492 per

926 1499 1025 1527 Filium
1045 1501 1072 1527 in
1088 1502 1220 1529 mundum
1238 1502 1352 1530 missus.
1371 1503 1461 1538 Atque
1477 1504 1514 1530 ita
1532 1504 1623 1531 animo
1642 1507 1712 1536 tene.

926 1551 953 1574 et
967 1547 1115 1582 perpende,
1131 1552 1158 1575 et
1174 1548 1255 1576 crede
1270 1549 1303 1576 de
1315 1548 1381 1576 Deo.

87 1591 136 1617 καὶ
149 1591 214 1617 αὐτο
235 1590 264 1616 τδ
280 1590 390 1625 Πνεῦμα
414 1591 446 1617 ὲκ
465 1590 545 1625 μόνον
566 1589 612 1616 τοῦ
630 1589 738 1625 Πατρδς
755 1590 875 1617 αἰτιατὲν
895 1592 942 1618 καὶ
956 1581 1131 1628 ὲκπόρευτὺν,
1151 1593 1194 1620 διὰ
1207 1593 1234 1620 δὲ
1250 1593 1296 1620 τοῦ
1317 1593 1380 1620 Υἱοῦ
1399 1581 1430 1620 ὲν
1447 1594 1485 1630 τῷ
1519 1595 1613 1630 κόσμῳ
1644 1595 1714 1622 ἁπο-

88 1635 274 1670 στελλὸμενον.
296 1636 351 1662 Καὶ
369 1635 455 1666 οὕτως
471 1634 527 1670 ἔχε,
544 1635 591 1662 καὶ
614 1635 678 1668 νόει,
696 1635 741 1661 καὶ
763 1635 873 1662 πίστευε
894 1637 958 1673 περὶ
974 1637 1052 1664 Θεοῦ.

122 1694 154 1719 Et
173 1693 195 1719 δ’
209 1693 258 1720 οὑκ
280 1694 360 1729 ἀρκεῖ
375 1702 416 1720 σοι
431 1693 461 1720 τὸ
476 1693 522 1720 τοῦ
544 1694 621 1729 ἡλίου
638 1694 811 1729 παράδειγμα
835 1696 874 1727 εἰς

960 1697 1038 1729 Quod
1056 1697 1079 1724 si
1093 1705 1148 1724 non
1160 1698 1195 1724 sit
1211 1698 1258 1725 tibi
1276 1698 1342 1727 solis
1363 1700 1519 1734 exemplum
1535 1700 1603 1728 satis
1618 1699 1652 1727 ad
1667 1707 1713 1727 eo-

86 1737 234 1772 ὲπῐγνωσιν
256 1739 306 1773 τῆς
330 1739 544 1774 τρισυποστάτου
568 1739 710 1774 Θεότητος,
730 1740 811 1775 βλέπε
828 1742 874 1767 καὶ

85 1783 170 1818 ἄλλην
189 1783 280 1810 εἰκόνα.
300 1784 385 1810 Θεοῦ·
403 1784 461 1811 ἐστι
479 1784 507 1811 δὲ
525 1786 541 1820 ἡ
559 1785 631 1821 ψυχὴ
648 1785 695 1812 τοῦ
719 1786 872 1822 ἀνθρώπου.

88 1829 154 1855 Ὅτε
178 1830 233 1864 γὰρ
253 1829 365 1864 ἔμελλεν
385 1829 398 1855 6
418 1829 483 1861 Θεὸς
509 1829 638 1856 πλάσσειν
655 1830 700 1856 τὸν
720 1830 872 1866 ἄνθρωπον,

85 1873 146 1900 εἷπε
157 1883 164 1888 ·
183 1884 192 1900 ι
215 1875 376 1910 Ποιήσωμεν
389 1875 530 1910 ἄνθρωπον
546 1877 607 1902 κατ’
624 1876 715 1902 εἰκόνα
735 1876 874 1912 ἡμετέραν

85 1920 134 1947 καὶ
147 1915 208 1946 καθ⁴
222 1920 359 1955 ὁμοίωσιν.
376 1930 386 1946 ι
409 1920 474 1947 Ἰδοὺ
488 1920 591 1953 λοιπὸν,
606 1922 620 1947 ὁ
633 1921 774 1956 ἄνθρωπος
791 1923 873 1948 εἰκών

86 1967 145 1992 ἐστι
156 1965 202 1992 τοῦ
217 1965 295 1996 Θεοῦ,
315 1966 399 2001 ἤγουν
415 1967 430 2002 ἡ
448 1965 519 2001 ψυχὴ
534 1966 580 1992 τοῦ
596 1967 751 2002 ἀνθρώπου.
772 1967 831 1994 Ἔνι
844 1967 873 1993 δὲ

84 2012 104 2047 ἡ
125 2011 198 2046 ψυχὴ
214 2011 260 2037 τοῦ
277 2010 422 2046 ἀνθρώπου
439 2012 488 2047 μία
509 2012 568 2047 μὲν,
590 2012 804 2047 τρισυπόστατος
828 2013 871 2038 δέ·

84 2057 150 2093 τρία
161 2058 293 2093 πρόσωπα
305 2057 360 2091 ἔχει
373 2058 389 2092 ἡ
403 2057 486 2092 ψυχή·
499 2058 545 2084 καὶ
560 2058 628 2090 πῶς
639 2058 763 2085 ἄκουσον.
779 2059 873 2084 Ἔστιν

85 2104 103 2139 ὴ
120 2103 192 2138 ψυχὴ
207 2103 236 2129 ἓν
254 2104 416 2139 πρόσωπον·
435 2105 451 2139 ἡ
474 2103 503 2130 δὲ
522 2104 595 2139 ψυχὴ
619 2105 701 2139 γεννᾷ
720 2104 765 2131 τὸν
782 2105 872 2139 λόγον,

85 2150 133 2177 καὶ
150 2150 203 2176 ἰδοὺ
216 2151 230 2176 ό
246 2150 324 2184 λόγος
339 2150 402 2177 ἄλλο
422 2150 575 2186 πρόσωπον.
598 2151 630 2177 ’Π
643 2150 714 2186 ψυχὴ
729 2151 872 2186 ὲκπορεύει

85 2197 135 2223 καὶ
156 2191 210 2230 τὴν
231 2197 333 2232 πνοὴν,
359 2197 406 2224 καὶ
430 2197 484 2223 ἰδοὺ
505 2198 522 2232 ἡ
546 2197 614 2232 moi]
637 2197 871 2233 ἄλλο’πρόσωπον.

91 2242 158 2269 Ἰδοὺ
173 2243 305 2277 πρόσωπα
318 2242 389 2277 τρία,
401 2242 485 2278 ψυχὴ,
499 2243 587 2276 λόγος,
601 2243 647 2269 καὶ
663 2244 740 2279 πνοή.
755 2244 809 2270 Καὶ
819 2244 872 2279 γὰρ

84 2290 100 2315 6
116 2289 193 2322 λόγος
209 2290 255 2316 καὶ
275 2290 291 2325 ἡ
307 2289 375 2324 πνοὴ
395 2289 444 2324 τῆς
466 2289 554 2325 ψυχῆς
575 2289 653 2321 εἰσιν,
672 2290 701 2316 οὺ
717 2289 763 2316 τοῦ
781 2289 873 2325 σώμα-

84 2343 141 2367 τος,
157 2335 260 2370 ἐπειδὴ,
275 2335 326 2369 τῆς
345 2335 432 2370 ψυχῆς
450 2335 609 2370 ὲξελῦούσης
625 2335 657 2362 ὲκ
671 2336 717 2362 τοῦ
736 2336 871 2371 σώματος,

924 1743 1073 1778 gnitioncm
1097 1743 1206 1771 deitatis
1223 1744 1311 1771 tribus
1333 1744 1528 1780 hypostasibus
1549 1746 1711 1777 constantis,

925 1788 986 1816 vide
1001 1793 1027 1816 et
1046 1788 1128 1816 aliam
1144 1790 1289 1826 imaginem
1303 1790 1362 1822 Dei,
1386 1799 1446 1826 quae
1461 1795 1504 1819 cst
1517 1792 1609 1819 anima
1626 1792 1714 1819 homi-

925 1835 980 1862 nis.
998 1835 1114 1868 Quando
1128 1837 1201 1864 enim
1217 1837 1385 1866 formaturus
1400 1842 1460 1866 erat
1473 1838 1546 1866 Deus
1562 1838 1711 1870 hominem,

926 1882 996 1908 dixit
1016 1891 1024 1910 ;
1043 1891 1052 1908 ‹
1074 1881 1220 1911 Faciamus
1244 1883 1382 1911 hominem
1408 1883 1442 1911 ad
1464 1884 1610 1918 imaginem
1632 1888 1659 1912 et
1678 1885 1712 1912 ad

927 1927 1134 1954 similitudinem
1149 1928 1302 1955 nostram".
1319 1938 1328 1954 ι
1347 1928 1419 1956 Ecce
1435 1929 1518 1964 igitur
1531 1929 1612 1956 homo
1622 1930 1711 1964 imago

925 1975 968 1998 est
980 1971 1039 2003 Dei,
1055 1971 1160 1999 scilicet
1184 1973 1273 1999 anima
1296 1972 1425 2001 hominis.
1441 1972 1490 2000 Est
1512 1977 1602 2000 autem
1621 1973 1711 2000 anima

927 2017 1045 2044 hominis
1062 2025 1116 2044 una
1138 2018 1258 2052 quidem,
1276 2019 1323 2046 sed
1343 2019 1431 2046 tribus
1449 2019 1635 2046 subsistentiis
1649 2026 1712 2045 con-

926 2064 1003 2089 stans
1019 2070 1026 2088 :
1041 2066 1095 2089 tres
1117 2070 1248 2098 personas
1278 2063 1359 2091 habet
1375 2063 1465 2090 anima
1476 2083 1483 2094 ,
1510 2067 1537 2090 et
1556 2062 1712 2098 quomodo?

926 2107 999 2134 audi.
1020 2107 1068 2135 Est
1088 2109 1179 2136 anima
1199 2117 1253 2137 una
1271 2118 1409 2145 persona:
1425 2109 1516 2136 anima
1541 2117 1606 2136 vero
1626 2116 1712 2143 gene-

926 2157 969 2180 rat
985 2154 1131 2189 rationem,
1145 2159 1172 2183 et
1187 2163 1251 2183 ecce
1267 2156 1338 2183 ratio
1362 2157 1447 2184 altera
1462 2162 1581 2191 persona
1595 2165 1601 2182 :
1616 2157 1709 2181 anima

926 2201 1016 2226 autem
1035 2200 1134 2227 emittit
1149 2201 1289 2235 spiritum,
1313 2204 1341 2227 et
1362 2208 1427 2227 ecce
1450 2200 1565 2235 spiritus
1582 2200 1633 2226 alia
1648 2207 1711 2234 per~

926 2252 1004 2272 sona.
1022 2244 1092 2272 Ecce
1105 2253 1227 2280 persona:
1248 2250 1316 2278 tres,
1333 2246 1434 2278 anima,
1450 2245 1532 2277 ratio,
1548 2249 1575 2272 et
1585 2245 1710 2280 spiritus.

925 2290 1030 2318 Etenim
1044 2291 1114 2318 ratio
1125 2295 1152 2318 et
1166 2291 1281 2326 spiritus
1297 2291 1394 2318 animae
1411 2294 1486 2323 sunt,
1504 2298 1558 2317 non
1573 2291 1708 2324 e0rporis,

925 2336 1055 2371 quoniam
1080 2337 1170 2364 anima
1191 2344 1301 2372 egressa
1326 2345 1360 2364 ex
1381 2344 1506 2372 corpore,
1528 2344 1616 2372 neque
1640 2336 1710 2363 ratio

83 2380 146 2407 οὔτε
161 2380 238 2415 λόγος
259 2381 421 2416 ὲναπομένει
436 2380 474 2416 τῷ
488 2380 602 2416 σώματι,
623 2381 685 2408 οὔτε
705 2382 790 2418 πνοὴ,
806 2382 873 2408 ἀλλὰ

927 2386 1018 2410 manet
1028 2383 1057 2410 in
1073 2389 1198 2417 corpore.
1216 2390 1304 2417 neque
1319 2382 1443 2417 spiritus,
1459 2381 1505 2409 sed
1524 2382 1597 2416 jacet
1609 2389 1710 2416 corpus

84 2426 174 2452 κεῖται
187 2425 218 2452 τὸ
231 2426 309 2461 σῶμα
322 2427 368 2452 καὶ
385 2426 486 2453 ἄπνουν
509 2427 555 2453 καὶ
569 2426 676 2460 ἄλογον.
703 2427 731 2453 ’0
750 2427 777 2453 δὲ
793 2427 871 2461 λόγος

85 2471 133 2497 καὶ
147 2471 164 2505 ἡ
180 2471 247 2506 πνοή
262 2471 314 2497 εισι
334 2470 402 2505 μετὰ
417 2473 466 2506 τῆς
480 2471 567 2507 ψυχῆς
578 2480 584 2486 ·
602 2473 648 2498 καὶ
662 2473 694 2498 ἐκ
708 2472 802 2498 τούτου
825 2472 872 2507 δῆ-

83 2515 130 2541 λόν
147 2516 232 2548 ἐστιν,
247 2516 295 2548 ὡς,
312 2516 352 2542 ὅτι
368 2517 414 2543 καὶ
432 2517 448 2543 ό
466 2517 544 2551 λόγος
561 2518 608 2544 καὶ
628 2518 644 2552 ἡ
661 2517 729 2552 πνοὴ
750 2517 803 2543 ἀπὸ
822 2517 872 2552 τῆς

83 2561 174 2596 ψυχῆς
192 2563 255 2592 εἰσιν
274 2563 320 2588 καὶ
333 2562 383 2597 τῆς
395 2563 483 2598 ψυχῆς
507 2564 560 2589 εἰσι
575 2564 724 2598 πρόσωπα·
750 2563 796 2590 καὶ
818 2564 872 2589 ἰδοὺ

84 2607 177 2635 λοιπὸν
189 2609 207 2642 ἡ
219 2607 291 2643 ψυχὴ
308 2609 453 2643 πρόσωπον
468 2609 507 2641 ἓν,
525 2609 572 2635 καὶ
585 2610 599 2636 ὁ
612 2609 688 2642 λόγος
708 2609 771 2635 ἄλλο
788 2610 871 2645 πρόσ-

84 2663 176 2686 ωπον,
204 2655 250 2681 καὶ
275 2655 291 2689 ἡ
319 2654 386 2690 πνοὴ
412 2655 505 2690 ἕτερον
536 2655 690 2690 πρόσωπον.
723 2655 787 2682 Ἰδοὺ
808 2656 871 2690 τρία

85 2701 219 2736 πρόσωπα
239 2701 287 2736 τῆς
306 2700 405 2736 ψυχῆς,
425 2701 492 2727 ἀλλὰ
505 2701 577 2736 ψυχὴ
596 2702 660 2736 μία,
679 2702 725 2727 καὶ
740 2702 770 2727 οὺ
786 2703 869 2735 τρεῖς.

84 2746 117 2773 El
133 2746 187 2781 γὰρ
212 2746 370 2781 ἐρωτηθῇς,
391 2747 477 2778 πόσας
501 2746 589 2782 ψυχὰς
606 2748 662 2782 ἔχει
680 2749 693 2773 6
712 2747 869 2783 ἄνθρωπος;

85 2791 194 2827 μέλλεις
207 2792 303 2823 εἰπεῖν,
317 2791 358 2818 ὅτι
374 2793 447 2826 μιαν.
470 2793 531 2819 Ἐὰν
548 2793 575 2819 δὲ
591 2793 729 2830 ἐρωτηθῇς
742 2797 787 2820 καὶ
803 2794 872 2820 πόσει

121 2867 133 2883 ⁸
155 2866 244 2896 ICor.
262 2876 296 2899 ιι,
315 2870 358 2896 10.
396 2869 407 2885 ⁹
426 2870 543 2900 Gemit.
560 2871 606 2898 26.

209 2916 342 2946 Ριτιιοι..
359 2917 418 2946 Gn.
439 2918 583 2950 XXVIII.

926 2429 986 2456 sine
1003 2429 1103 2464 spiritu
1123 2433 1150 2456 et
1172 2429 1230 2456 sine
1247 2429 1363 2456 ratione.
1380 2428 1460 2455 Ratio
1475 2436 1540 2455 vero
1555 2433 1582 2455 et
1597 2428 1710 2463 spiritus

925 2478 990 2502 sunt
1006 2482 1068 2501 cum
1091 2475 1180 2502 anima
1195 2484 1202 2502 :
1217 2479 1244 2502 et
1257 2475 1319 2502 inde
1334 2476 1423 2510 palam
1441 2479 1493 2506 est,
1508 2474 1582 2509 quod
1597 2475 1660 2509 quia
1683 2480 1710 2501 et

923 2521 994 2548 ratio
1017 2524 1044 2548 et
1070 2520 1184 2555 spiritus
1212 2520 1248 2547 ab
1276 2520 1366 2547 anima
1393 2525 1468 2552 sunt,
1487 2520 1570 2548 etiam
1585 2527 1711 2554 persona:

926 2566 1023 2593 anima:
1048 2569 1131 2593 sunt:
1149 2566 1240 2601 itaque
1264 2573 1328 2593 ecce
1345 2566 1435 2593 anima
1452 2573 1569 2601 persona
1594 2572 1660 2597 una,
1683 2569 1711 2592 et

924 2612 994 2638 ratio
1020 2619 1136 2646 persona
1162 2612 1258 2644 altera,
1288 2617 1315 2639 et
1340 2612 1453 2646 spiritus
1476 2618 1593 2647 persona
1617 2610 1709 2638 tertia.

925 2657 997 2686 Ecce
1013 2664 1069 2686 tres
1084 2666 1206 2693 personae
1226 2658 1334 2690 animm,
1354 2658 1402 2686 sed
1417 2658 1507 2685 anima
1524 2665 1588 2688 una.
1610 2661 1637 2684 et
1655 2664 1710 2684 non

924 2707 991 2731 tres.
1022 2703 1051 2730 Si
1076 2705 1148 2731 enim
1177 2704 1355 2739 interrogeris
1382 2707 1450 2739 quot
1480 2703 1587 2731 animas
1612 2702 1711 2730 habeat

926 2748 1017 2780 homo,
1038 2748 1204 2783 respondere
1229 2749 1323 2781 debes,
1338 2749 1411 2783 quod
1432 2756 1525 2776 unam.
1544 2748 1572 2774 Si
1586 2755 1650 2775 vero
1668 2747 1711 2774 in-

925 2795 1084 2830 terrogeris,
1100 2800 1168 2830 quot
1188 2796 1243 2823 sint
1260 2803 1385 2831 personae
1401 2795 1508 2828 animae,
1525 2794 1652 2822 convenit
1670 2800 1712 2821 re-

1512 2918 1550 2948 25
