1940 3068
238 143 288 169 πθ

815 137 843 164 S.
863 130 1092 163 ATHANASZUS.
1112 146 1147 150 —
1162 130 1273 158 DUBIA.

1805 125 1865 153 781)

236 201 379 236 spondere,
399 198 470 234 quod
487 202 542 225 tres
557 208 562 224 :
575 197 703 232 quoniam
719 196 819 229 anima,
835 196 906 222 ratio
919 199 946 222 et
961 193 1018 228 spi-

1078 191 1202 226 τρόςωπά
1226 191 1278 216 εισι
1301 190 1352 224 τῆς
1375 189 1480 225 ψυχῆςς
1503 188 1617 224 ἁρμόζει
1636 188 1669 214 ἶν’
1689 187 1792 219 εἴποις,
1817 187 1865 213 ὅτι

237 247 316 278 ritus,
339 253 393 273 una
410 245 510 276 anima,
534 247 561 270 ct
576 249 699 277 personae
715 245 780 269 tres.
799 240 831 267 Et
845 246 887 268 est
910 239 1018 274 quidem

237 294 326 319 anima
347 293 436 326 imago
455 289 544 316 Patris
561 299 567 316 ;
582 289 651 315 ratio
683 287 790 319 animm,
810 287 898 321 imago
917 285 978 312 Filii
993 289 1020 312 et

237 338 318 365 Verbi
339 337 385 364 Dei
400 346 406 363 :
423 336 536 370 spiritus
557 326 626 360 vero
652 333 760 364 animae,
786 333 875 366 imago
902 331 1019 365 Spiritus

237 383 336 411 sancti.
359 382 590 416 Quemadmodum
617 381 688 407 enim
706 379 796 406 anima
821 378 957 413 ingenita,
982 377 1019 404 ita

236 434 262 456 et
276 429 347 456 Deus
361 432 388 456 et
400 427 481 454 Pater
495 426 633 461 ingenitus
647 435 652 452 :
668 429 694 452 et
709 423 937 459 quemadmodum
950 421 1020 448 ratio

236 475 325 509 genita
344 473 378 499 ab
398 473 489 499 anima
499 492 506 504 ,
521 473 558 498 ita
573 475 601 498 et
615 469 732 498 Verbum
749 469 795 496 Dei
810 473 903 495 natum
919 475 952 494 ex
969 465 1020 492 Pa-

237 523 278 545 tre
295 522 338 545 :et
350 519 422 545 sicut
437 517 550 551 spiritus
565 514 686 550 procedit
697 514 730 541 ab
743 513 832 540 anima
842 532 849 543 ,
866 512 903 538 ita
918 515 944 538 et
959 510 1020 545 Spi-

236 565 308 591 ritus
340 567 451 592 sanctus
476 562 599 597 procedit
619 569 633 587 a
659 560 748 587 Patre.
772 559 862 592 Quare
885 558 929 584 dic
955 558 1018 585 ita:

237 611 344 642 Anima,
371 609 440 636 ratio
459 612 485 635 et
504 608 627 643 spiritus.
644 607 733 633 anima
755 613 820 637 una,
832 608 859 631 et
875 611 930 631 non
951 607 1018 630 tres.

236 655 429 690 Inseparabilis
444 654 516 681 enim
532 654 601 679 ratio
619 657 645 678 et
661 651 774 686 spiritus
796 650 829 676 ab
846 649 949 676 anima.
976 647 1020 674 Si-

237 699 337 726 militer
353 697 443 728 Pater.
463 701 490 724 et
505 696 589 723 Filius
614 695 670 722 sive
687 694 818 726 Verbum,
842 697 869 720 et
888 692 1018 727 Spiritus,

237 753 308 772 unus
324 744 396 771 Deus
421 747 448 770 et
465 750 520 769 non
537 746 609 775 tres;
631 739 813 775 inseparabile
837 739 937 773 quippe
952 738 1020 766 Ver-

236 791 300 817 bum
320 793 347 817 et
364 789 482 824 Spiritus
498 788 608 815 divinus
622 794 637 813 a
650 786 740 814 Patre.
759 786 791 812 Et
808 785 879 812 sicut
896 784 1020 812 invisibi-

237 837 271 863 lis
287 841 329 863 est
351 836 451 866 anima,
466 834 503 860 ita
519 833 663 860 invisibilis
678 831 760 859 etiam
776 835 818 858 est
832 830 914 858 Deus.
931 830 964 857 Et
979 830 1019 857 sic

236 888 299 908 cum
314 880 423 907 dubitas
445 880 473 905 in
496 882 586 905 mente
607 881 664 908 tua,
687 880 712 903 et
729 876 808 909 dicis,
826 875 963 910 quomodo
986 875 1022 903 sit
1037 860 1058 886 Β

239 926 310 952 Deus
330 933 413 957 unus,
429 927 456 951 et
472 923 554 951 simul
575 927 682 950 constet
702 922 791 948 tribus
808 921 1022 957 hypostasibus;

237 972 381 999 considera
399 971 517 997 animam
533 974 617 1000 tuam,
634 973 661 996 et
675 968 719 995 dic
733 977 739 994 :
759 967 836 994 Sicut
849 968 939 994 anima
962 975 1024 994 mea

238 1022 291 1041 una
309 1018 362 1046 est,
390 1014 437 1041 sed
463 1016 571 1040 constat
587 1013 674 1039 tribus
690 1011 894 1047 hypostasibus,
920 1013 1022 1045 anima,

237 1060 357 1091 ratione,
371 1065 399 1087 et
415 1059 510 1094 spiritu
526 1060 582 1086 :ita
599 1059 668 1086 Deus
684 1066 756 1085 unus
776 1062 827 1090 est,
852 1057 898 1084 sed
915 1061 1024 1085 constat

237 1105 327 1132 tribus
342 1105 548 1140 hypostasibus,
562 1104 654 1136 Patre,
670 1108 697 1130 et
708 1103 788 1134 Filio,
801 1107 828 1130 et
842 1102 946 1137 Spiritu
958 1110 1023 1130 san-

238 1156 293 1178 cto.
311 1151 344 1177 Et
357 1151 402 1178 die
414 1151 484 1185 apud
498 1151 619 1178 animum
635 1154 722 1182 tuum,
737 1149 810 1184 quod
826 1150 849 1176 si
864 1151 955 1176 anima
964 1149 1024 1184 opi-

239 1197 330 1223 ﬁcium
343 1196 400 1227 Dei,
412 1195 536 1223 similiter
546 1199 573 1222 et
584 1195 636 1228 sol,
646 1198 754 1222 constat
767 1195 856 1222 tribus
869 1195 1025 1229 hypostasi-

240 1242 302 1273 bus,
322 1245 420 1268 natura
437 1244 527 1268 autem
542 1247 635 1268 eorum
656 1248 720 1273 una,
732 1245 836 1276 quanto
850 1241 936 1275 magis
953 1239 1024 1267 Deus

240 1286 328 1314 factor
343 1286 468 1313 illorum!
484 1285 578 1312 Nonne
597 1286 625 1312 in
647 1285 730 1312 Deum
746 1286 820 1312 cadit
847 1289 877 1312 ut
904 1285 940 1312 sit
954 1292 1024 1312 unus

241 1336 349 1363 natura,
362 1336 388 1358 et
399 1331 487 1358 tribus
505 1332 631 1366 personis
644 1332 773 1359 constet?
789 1332 843 1359 imo
858 1331 885 1358 id
907 1331 935 1359 in
949 1332 1024 1358 illum

241 1377 323 1404 cadit.
337 1376 571 1410 Quemadmodum
591 1377 786 1409 enim-anima,
810 1377 885 1404 ration
903 1381 930 1404 et
945 1377 1026 1411 spiri-

241 1428 286 1451 tus
312 1429 366 1451 tres
391 1428 454 1452 sunt
472 1431 604 1458 personae.
620 1427 648 1451 et
674 1432 726 1451 una
750 1427 847 1450 natura
869 1424 976 1455 animm,
999 1427 1026 1450 et

241 1476 295 1495 non
313 1472 368 1495 tres
392 1468 488 1497 enim:
501 1478 507 1495 :
522 1468 558 1495 ita
575 1467 667 1501 Pater,
687 1474 714 1496 et
737 1468 832 1501 Filius,
859 1472 885 1495 et
907 1468 1025 1503 Spiritus

242 1518 366 1547 sanctus,
382 1518 438 1541 tres
452 1521 584 1549 personat,
600 1518 627 1542 et
638 1522 710 1542 unus
724 1518 821 1541 natura
834 1513 914 1546 Deus,
930 1519 957 1541 et
971 1522 1025 1541 non

242 1563 298 1586 tres
314 1559 364 1586 Dii.
383 1560 421 1586 lta
434 1560 456 1586 si
469 1566 575 1593 semper
587 1559 769 1592 ratiocineris,
786 1567 842 1586 non
855 1559 1028 1594 blasphema-

243 1606 284 1633 bis
301 1606 329 1632 in
344 1609 465 1633 sanctam
480 1605 653 1633 Trinitatem.

280 1736 333 1764 Sed
344 1737 399 1771 jam
413 1740 439 1764 et
454 1737 535 1763 aliam
551 1737 757 1764 similitudinem
772 1736 818 1764 Dei
829 1738 904 1769 audi,
916 1737 1025 1765 dilecte.

244 1783 316 1810 Ecce
328 1782 399 1816 ignis
410 1789 481 1808 unus
493 1785 546 1813 est,
560 1781 607 1808 sed
622 1789 654 1809 ex
669 1781 759 1808 tribus
775 1785 884 1808 constat
895 1781 1027 1816 byposta—

244 1827 332 1854 sibus.
352 1826 411 1861 lpse
432 1827 505 1854 enim
528 1834 598 1854 unus
610 1830 652 1854 est
674 1826 815 1860 subjectus
832 1826 914 1861 ignis,
932 1826 1028 1855 urendi

244 1875 336 1898 autem
359 1871 400 1898 vis
422 1876 464 1898 est
486 1871 538 1898 alia
559 1878 676 1906 persona
697 1875 744 1898 :et
766 1871 808 1898 vis
827 1871 937 1898 luccndi
963 1872 1027 1899 item

245 1918 298 1944 alia
315 1925 442 1951 persona.
462 1917 531 1945 Ecce
550 1925 615 1952 ergo
631 1921 686 1945 tres
706 1925 830 1952 personze
845 1918 926 1945 unius
946 1918 1027 1953 ignis,

244 1964 349 1990 scilicet
363 1964 504 1998 subjectus
519 1963 599 1999 ignis.
622 1964 664 1991 vis
681 1964 789 1995 urendi,
808 1968 835 1992 et
853 1965 963 1992 luceudi
977 1965 1028 1991 vis.

245 2007 305 2036 Una
322 2013 412 2036 autem
431 2013 473 2036 est
489 2014 588 2036 natura
603 2009 684 2044 ignis,
701 2013 728 2036 et
746 2017 800 2036 non
818 2014 873 2037 tres
887 2020 892 2037 :
904 2011 1030 2039 similiter

245 2055 326 2082 etiam
353 2055 381 2081 in
409 2054 472 2082 Deo.
493 2054 573 2082 Pater
592 2055 664 2082 enim
687 2059 729 2083 est
739 2056 819 2091 283
837 2056 916 2091 ignis,
944 2056 1029 2086 Filius

245 2103 287 2127 est
313 2100 409 2127 urendi
426 2100 477 2132 vis,
495 2104 521 2127 et
535 2099 656 2135 Spiritus
677 2106 789 2129 sanctus
812 2105 853 2128 est
871 2102 913 2129 vis
930 2102 1030 2129 illumi-

246 2153 325 2173 nans.
347 2146 380 2173 Et
396 2146 624 2181 quemadmodum
653 2146 680 2173 in
705 2146 778 2181 igne,
795 2147 883 2182 ignem
907 2152 1029 2175 urentem

1069 236 1146 270 τρία·
1164 235 1256 270 ἐπειδὴ
1273 235 1354 270 ψυχὴ,
1371 235 1448 268 λόγος
1476 234 1524 260 καὶ
1541 234 1620 269 πνοὴ,
1638 233 1686 268 μία
1702 232 1793 267 ψυχὴ,
1811 232 1866 257 καὶ

1048 296 1050 298 -
1070 281 1201 316 πρόσωπα
1217 280 1289 314 τρία.
1314 280 1368 306 Καὶ
1388 279 1445 305 ἐστι
1464 279 1513 314 μὲν
1528 279 1545 314 ἡ
1562 277 1634 313 ψυχὴ
1651 278 1689 308 εἰς
1704 276 1789 303 τύπον
1811 275 1865 302 τοῦ

1070 326 1191 361 Πατρός·
1208 327 1222 352 6
1237 326 1265 352 δὲ
1288 326 1365 359 λόγος
1384 325 1432 360 τῆς
1448 324 1535 359 ψυχῆς
1559 325 1598 355 εἰς
1619 323 1703 350 τύπον
1718 322 1765 349 τοῦ
1790 321 1865 347 Υιοῦ

1070 372 1116 397 καὶ
1133 372 1219 403 Λόγου
1234 370 1281 398 τοῦ
1301 371 1368 397 Θεοῦ
1378 379 1384 384 ·
1398 371 1415 405 ἡ
1429 370 1456 396 δὲ
1473 369 1540 404 πνοὴ
1557 369 1608 404 τῆς
1621 368 1710 403 ψυχῆς
1721 368 1760 398 εἱς
1773 366 1865 393 τύπον

1070 418 1115 444 τοῦ
1140 418 1217 451 ἁγίου
1239 416 1406 452 Πνεύμστος.
1433 416 1476 447 Ὠς
1495 414 1549 450 γὰρ
1572 414 1678 450 ἡψυχὴ
1701 413 1864 448 ἁγέννητος,

1069 464 1140 490 οὕτω
1158 465 1204 490 καὶ
1223 464 1237 489 ὁ
1252 463 1317 495 Θεὸς
1340 463 1387 489 καὶ
1403 462 1498 498 Πατὴρ
1517 462 1665 496 ἀγέννητο’
1697 460 1744 486 καὶ
1764 459 1866 493 ὥσπερ

1069 511 1083 537 6
1098 510 1177 544 λόγος
1190 509 1318 545 γεννητὸς
1339 509 1392 535 ἀπὸ
1408 509 1457 544 τῆς
1473 508 1572 542 ψυχῆς,
1599 507 1670 534 οὕτω
1685 507 1731 533 καὶ
1745 507 1759 532 ὁ
1772 506 1865 540 Λόγος

1069 555 1116 583 τοῦ
1135 555 1201 582 Θεοῦ
1221 555 1347 590 γεννητὸς
1361 555 1415 581 ἀπὸ
1428 554 1475 580 τοῦ
1493 554 1615 589 Πατρός·
1632 554 1680 580 καὶ
1697 552 1825 586 καθάπερ
1845 554 1862 586 ὴ

1070 601 1138 636 πνοὴ
1171 601 1323 636 ὲκπορευτὴ
1365 600 1419 627 ἀπὸ
1447 600 1497 635 τῆς
1523 600 1622 635 ψυχῆς,
1651 599 1721 625 οὕτω
1751 598 1798 625 καὶ
1831 598 1865 624 τὸ

1069 645 1182 681 Πνεῦμα
1203 646 1233 672 τὸ
1249 646 1325 680 ἅγιον
1350 645 1515 682 ἐκπορευτὸν
1532 645 1585 672 ἀπὸ
1601 645 1648 672 τοῦ
1666 645 1781 680 Πατρός.
1804 644 1865 670 Καὶ

1069 689 1145 717 εἶπον
1160 690 1246 717 οῦτω’
1263 690 1354 726 Ψυχὴ,
1366 691 1443 726 λόγος
1461 691 1507 717 καὶ
1524 691 1603 726 πνοὴ,
1622 691 1675 726 μία
1706 689 1789 725 ψυχὴ,
1813 690 1864 716 καὶ

1070 737 1099 762 οὔ
1124 738 1197 772 τρεῖς
1215 744 1222 751 '
1246 736 1397 772 ἀχώριστος
1419 737 1473 772 γὰρ
1489 737 1503 763 6
1519 736 1596 771 λόγος
1613 737 1659 764 καὶ
1681 737 1697 771 ἠ
1806 736 1865 762 ἀπὸ

1070 781 1119 816 τῆς
1140 782 1239 816 ψυχῆς.
1252 782 1367 817 Ὁμοίως
1391 782 1496 818 Πατὴρ,
1521 783 1567 808 καὶ
1589 782 1662 814 Υἱὸς,
1688 782 1747 816 ἦτοι
1764 782 1863 815 Λόγος,

1069 827 1117 853 καὶ
1132 826 1253 862 Πνεῦμα,
1274 825 1313 859 εἷς
1324 827 1400 860 Θεὸς,
1413 828 1459 855 καὶ
1476 829 1506 854 οὐ
1523 829 1596 863 τρεῖς
1611 836 1618 844 ·
1644 827 1792 863 ἁχώριστος
1806 828 1864 862 γὰρ

1073 876 1087 901 6
1098 875 1183 908 Λόγος
1198 875 1244 901 καὶ
1258 874 1287 901 τὸ
1303 874 1415 908 Πνεῦμα
1433 875 1464 901 τὸ
1479 873 1549 901 θεῖον
1562 875 1593 901 ἐκ
1611 874 1658 900 τοῦ
1674 874 1790 909 Πατρός.
1806 875 1864 900 Καὶ

1073 915 1197 957 καθάπερ
1214 921 1355 956 ἀόρατοςή
1369 920 1453 956 eam,
1468 919 1553 952 οὕτως
1565 920 1678 956 ἀόρατος
1696 921 1743 947 καὶ
1757 921 1771 946 ὸ
1783 920 1864 951 Θεός.

1073 967 1127 993 Καὶ
1140 967 1226 998 οὕτως
1243 967 1305 993 ὅταν
1321 966 1456 999 διατάξεις
1470 967 1498 993 ἐν
1512 967 1550 1002 τῷ
1569 968 1610 993 νοΐ
1626 975 1683 998 σου,
1697 966 1865 1000 καῖ’λέγεις,

1075 1012 1132 1044 πῶς
1147 1012 1186 1038 ἔνι
1198 1013 1212 1039 6
1226 1013 1292 1044 Θεὸς
1306 1010 1355 1045 εἷς,
1372 1012 1418 1039 καὶ
1431 1012 1468 1039 ἔν’
1483 1013 1530 1038 ναὶ
1544 1013 1774 1048 τρισυπόστατος;
1787 1012 1867 1039 ἐνθυ-

1075 1057 1125 1092 μοῦ
1141 1057 1190 1092 τῆς
1211 1058 1301 1093 ψυχῆς
1324 1066 1381 1090 σου,
1399 1058 1446 1085 καὶ
1462 1057 1542 1092 λέγε’
1564 1057 1669 1093 ’Ὠσπερ
1689 1059 1705 1092 ἡ
1721 1057 1794 1093 ψυχή
1812 1067 1867 1093 μου

1076 1104 1124 1138 μία
1136 1104 1220 1135 ἐστὶν,
1237 1103 1304 1130 ἀλλὰ
1320 1104 1367 1130 καὶ
1380 1103 1605 1139 τρισυπόστατος,
1620 1103 1702 1138 ψυχὴ,
1714 1103 1802 1138 λόγος.
1818 1105 1868 1130 καὶ

1075 1149 1156 1183 πνοή’
1171 1148 1241 1175 οὕτω
1270 1149 1318 1175 καὶ
1332 1150 1345 1175 6
1358 1149 1424 1180 Θεὸς
1437 1147 1476 1181 εἷς
1490 1151 1573 1180 ἐστιν,
1588 1149 1644 1176 ἀλλ’
1657 1149 1713 1176 ἐστι
1728 1150 1775 1176 καὶ
1786 1159 1867 1184 τρισ-

1075 1194 1235 1226 υπόστατος,
1254 1194 1366 1230 Πατὴρ,
1387 1194 1483 1229 Λόγος,
1506 1195 1552 1221 καὶ
1574 1195 1685 1230 Πνεῦμα
1704 1194 1790 1229 ἅγιον.
1809 1197 1869 1223 Καὶ

1075 1239 1136 1273 λέγε
1156 1241 1185 1266 ὲν
1204 1239 1243 1275 τῷ
1256 1241 1296 1266 νοΐ
1310 1249 1367 1272 σου,
1383 1241 1435 1273 ὅτι,
1451 1241 1498 1267 ἐὰν
1512 1242 1529 1276 ή
1549 1241 1632 1276 ψυχὴ,
1648 1242 1678 1267 τὸ
1695 1242 1800 1276 ποίημα
1816 1243 1866 1268 τοῦ

1079 1285 1157 1317 Θεοῦ,
1171 1286 1270 1321 ὁμοίως
1287 1287 1334 1312 καὶ
1355 1287 1368 1312 ό
1385 1287 1469 1322 ἥλιός,
1493 1288 1551 1313 ἐστι
1563 1287 1786 1322 τρισυτώστατος.
1803 1289 1820 1323 ἡ
1837 1288 1867 1314 δὲ

1076 1331 1157 1365 φύσις
1181 1331 1271 1358 αὐτῶν
1295 1332 1360 1368 μία·
1377 1333 1453 1368 πόσῳ
1476 1326 1575 1367 μᾶλλον
1594 1334 1608 1359 ό
1627 1333 1693 1364 Θεὸς
1714 1334 1728 1359 ὀ
1750 1334 1867 1369 ποιητὴς

1075 1378 1191 1404 τούτωνὶ
1210 1378 1266 1404 Οὐκ
1281 1378 1416 1413 ἐνδέχεται
1434 1378 1465 1405 τὸ
1487 1377 1556 1406 εἶναι
1577 1378 1680 1410 οὓτως,
1701 1379 1771 1406 ὥστε
1795 1378 1867 1407 εἶναι

1077 1422 1156 1449 αὑτὸν
1173 1423 1220 1449 ἕνα
1244 1425 1276 1458 τῇ
1299 1422 1390 1458 φύσει,
1414 1424 1461 1450 καὶ
1480 1424 1693 1459 τρισυπὸστατον
1709 1427 1763 1456 τοῖς
1782 1434 1868 1460 προετ-

1077 1469 1179 1500 ώποιςς
1199 1469 1246 1496 καὶ
1259 1468 1366 1504 ἀληθῶς
1385 1469 1531 1505 ἐνδέχεται.
1552 1469 1595 1501 Ὠς
1621 1470 1674 1506 γὰρ
1687 1470 1769 1506 ψυχὴ,
1786 1470 1868 1505 λόγος

1078 1514 1125 1541 καὶ
1145 1514 1212 1550 πνοὴ
1231 1514 1294 1550 τρία
1309 1514 1452 1550 πρόσωπα,
1473 1515 1520 1541 καὶ
1539 1515 1589 1550 μία
1603 1515 1683 1550 φύσις
1697 1516 1799 1551 ψυχῆς,
1817 1517 1866 1543 καὶ

1077 1561 1107 1587 οὐ
1127 1562 1201 1596 τρεῖς
1236 1560 1336 1595 ψυχαί·
1355 1559 1426 1587 οὕτω
1450 1560 1554 1596 Πατὴρ,
1576 1561 1661 1595 Λόγος
1685 1562 1732 1588 καὶ
1755 1561 1867 1598 Πνεῦμα

1078 1607 1166 1640 ἅγιον,
1187 1607 1249 1643 τρία
1265 1608 1414 1643 πρόσωπα,
1428 1608 1473 1634 καὶ
1488 1605 1527 1639 εἷς
1544 1609 1577 1643 τῇ
1590 1609 1668 1643 φύσει
1678 1609 1754 1641 Θεὸς,
1773 1609 1820 1636 καὶ
1835 1611 1866 1636 οὐ

1078 1654 1152 1687 τρεῖς
1179 1652 1244 1679 θεοί.
1274 1652 1368 1684 Οὕτως
1390 1653 1438 1679 ἐὰν
1461 1654 1604 1690 συλλογίζῃ
1623 1655 1748 1687 πάντοτε,
1771 1656 1802 1682 οὐ
1829 1656 1866 1691 μὴ

1079 1698 1278 1735 βλασφημήσῃς
1293 1699 1340 1724 ὲπὶ
1352 1699 1401 1734 τῆς
1417 1699 1497 1732 ἁγίας
1517 1699 1641 1735 Τριάδος.

1121 1745 1200 1771 Ἀλλὰ
1214 1744 1305 1780 ἀκμὴν
1317 1745 1364 1772 καὶ
1376 1745 1459 1781 ἄλλην
1472 1745 1563 1772 εἰκόνα
1576 1746 1644 1772 Θεοῦ
1659 1746 1785 1778 ἄκουσον,
1796 1748 1866 1782 ἀγα-

1078 1790 1157 1825 πητέ.
1178 1790 1242 1816 Ἰδοὺ
1261 1789 1293 1816 τὸ
1309 1790 1364 1825 πῦρ
1383 1790 1412 1816 ἓν
1427 1791 1494 1822 ἐστι,
1512 1789 1600 1821 ἄλλως
1621 1791 1667 1817 καὶ
1686 1791 1867 1826 τρισυπόστα-

1077 1844 1132 1862 τον.
1151 1836 1221 1862 Αὐτὸ
1237 1835 1291 1871 γὰρ
1310 1836 1339 1862 ἐν
1362 1837 1419 1863 ἐστι
1442 1836 1471 1863 τὸ
1495 1836 1674 1872 ὑποκείμενον
1701 1837 1766 1872 πῦρ,
1785 1838 1816 1864 τὸ
1838 1838 1867 1864 δὲ

1079 1881 1225 1908 καυπικὸν
1241 1881 1323 1908 αὐτοῦ
1344 1881 1437 1918 ἓτερον
1456 1882 1612 1918 πρόσωπον,
1633 1882 1680 1909 καὶ⁸
1695 1882 1726 1909 τὸ
1739 1892 1868 1916 (pinnati-

1080 1928 1127 1954 κὸν
1146 1928 1228 1955 αὐτοῦ
1251 1928 1314 1955 ἄλλο
1332 1928 1486 1963 πρόσωπον.
1510 1928 1574 1955 Ἰδοὺ
1591 1928 1682 1954 λοιπὸν
1706 1929 1768 1964 τρία
1785 1929 1870 1965 πρόσο

1081 1983 1144 2000 ωπα
1169 1974 1215 2000 τοῦ
1242 1975 1300 2006 ἑνὸς
1321 1975 1422 2010 πυρὸς,
1448 1975 1531 2010 ἠγουν
1553 1974 1584 2001 τὸ
1604 1974 1780 2010 ὑποκείμενον
1802 1975 1868 2010 πῦρ.

1080 2021 1126 2047 καὶ
1144 2022 1174 2046 τὸ
1190 2021 1350 2053 καυστικὸν,
1366 2022 1412 2048 καὶ
1426 2021 1456 2048 τὸ
1473 2021 1633 2056 φωτιστικὸν
1650 2030 1656 2037 ·
1677 2021 1726 2056 μία
1738 2021 1766 2048 δὲ
1789 2022 1870 2056 φύσις

1079 2066 1125 2092 τοῦ
1140 2067 1224 2101 πυρὸς
1234 2087 1241 2099 ,
1257 2066 1302 2093 καὶ
1318 2067 1348 2093 οὐ
1366 2068 1449 2102 τρεῖς.
1465 2067 1579 2102 ὀμοίως
1591 2067 1637 2094 καὶ
1658 2067 1702 2094 ἐπὶ
1719 2067 1765 2093 τοῦ
1782 2067 1850 2094 Θεοῦ
1860 2076 1868 2082 ο

1080 2112 1094 2137 ὁ
1110 2112 1163 2147 γὰρ
1181 2112 1276 2147 Πατὴρ
1297 2112 1336 2138 ἔνι
1357 2112 1387 2138 τὸ
1405 2112 1477 2146 πῦρ,
1493 2113 1508 2138 ό
1525 2112 1588 2144 Υἱὸς
1602 2113 1633 2139 τὸ
1647 2112 1804 2144 κανστικὸν,
1823 2114 1871 2139 καὶ

1080 2158 1109 2183 τὸ
1123 2158 1234 2193 Πνεῦμα
1247 2158 1276 2184 τὸ
1289 2158 1364 2192 ἆγιον
1376 2157 1416 2185 ἔνι
1429 2158 1459 2184 τὸ
1475 2158 1644 2192 φωτιστιχόν.
1657 2158 1712 2184 Καὶ
1721 2157 1815 2193 ὥσπερ
1825 2158 1870 2184 ἐπὶ

247 2196 273 2218 et
290 2192 435 2224 lucentem,
449 2196 476 2219 et
493 2191 581 2226 ipsum
602 2192 767 2227 subjectum,
783 2194 870 2228 ignem
888 2202 973 2221 unum
989 2194 1025 2222 di<

1081 2205 1128 2231 τοῦ
1141 2206 1235 2240 πυρὸς,
1249 2206 1280 2231 τὸ
1296 2205 1360 2240 πῦρ,
1376 2205 1406 2231 τὸ
1420 2204 1580 2235 καυστικὸν,
1596 2204 1643 2231 καὶ
1654 2203 1684 2229 τὸ
1698 2203 1868 2237 φωτιστικὸν,

247 2239 345 2269 cimus,
361 2241 387 2265 et
401 2246 455 2264 non
475 2242 550 2265 tres:
567 2238 604 2265 ita
617 2239 699 2266 etiam
715 2239 742 2266 in
759 2239 814 2267 Deo
827 2245 881 2267 tres
898 2248 1029 2275 personas

248 2283 363 2315 Patrem,
391 2289 418 2311 et
435 2283 545 2316 Filium,
568 2288 594 2311 et
625 2284 756 2319 Spiritum
782 2289 919 2317 sanctum,
945 2286 1029 2313 Deum

247 2338 329 2356 unum
343 2330 469 2361 dicimus,
483 2334 509 2357 et
522 2338 576 2356 non
591 2335 655 2358 tres.
669 2330 702 2358 Et
717 2331 788 2366 quod
804 2332 913 2366 quidem
925 2336 1031 2367 spectat

248 2376 427 2410 cognitionem
448 2379 549 2403 sanctae
572 2375 716 2404 Trinitatis
741 2377 797 2404 limi.
818 2378 952 2404 suﬂiciant
971 2386 1031 2406 crc-

247 2422 330 2450 denu.

280 2523 381 2551 Verum
403 2523 467 2551 audi
490 2527 516 2551 et
539 2524 612 2551 aliud
630 2529 759 2559 praeterea
777 2525 949 2560 mysterium.
966 2524 1033 2553 Ver-

249 2574 310 2597 bum
329 2569 448 2597 hominis
465 2569 599 2604 duplicem
624 2570 704 2598 habet
726 2571 941 2605 generationem,
958 2575 985 2598 et
1006 2572 1033 2598 in

249 2616 352 2643 duabus
369 2615 515 2643 lationibus
535 2622 680 2651 generatur
696 2625 703 2642 :
727 2625 809 2644 unam
826 2618 935 2652 quidem
955 2618 1034 2645 latio-

249 2671 308 2689 nem
323 2663 405 2690 habet
417 2663 452 2690 ab
470 2663 572 2695 anima,
590 2663 702 2691 alteram
717 2671 731 2690 a
744 2664 824 2692 labiis
845 2675 850 2692 :
871 2668 897 2692 et
911 2665 1034 2691 nascitur

249 2708 357 2742 quidem
377 2715 467 2736 sermo
482 2709 600 2736 hominis
612 2710 647 2736 ab
662 2710 762 2740 anima.
775 2718 836 2737 cum
854 2711 916 2745 quis
932 2711 1034 2746 cogitat

251 2753 350 2787 aliquid
382 2752 473 2780 dicere
499 2763 506 2780 :
535 2754 663 2788 cogitatio
685 2755 757 2782 enim
784 2754 870 2789 prima
895 2755 1034 2790 generatio

251 2798 348 2824 dicitur
357 2799 441 2830 verbi,
453 2799 516 2833 quia
528 2799 627 2832 cogitat
639 2800 817 2833 pronuntiare
829 2800 894 2827 illud
904 2800 1015 2828 verbum
1027 2810 1033 2828 :

251 2851 302 2870 non
312 2843 415 2878 profert
434 2848 522 2871 autem
535 2845 600 2871 illud
617 2845 714 2878 labiis;
731 2845 778 2872 sed
792 2850 882 2874 servat
899 2854 960 2874 eum
977 2854 1035 2876 scr-

1081 2250 1128 2276 καὶ
1146 2250 1211 2276 αὐτὸ
1229 2250 1260 2276 τὸ
1281 2250 1459 2285 ὑποκείμενον
1478 2249 1547 2284 πῦρ,
1571 2249 1600 2274 ἓν
1624 2248 1754 2283 λέγομεν,
1775 2248 1822 2274 καὶ
1838 2247 1868 2273 οὐ

1081 2297 1160 2330 τρία·
1176 2296 1246 2322 οὕτω
1271 2295 1386 2331 λέγομεν
1401 2295 1448 2322 καὶ
1464 2295 1510 2322 ἐπὶ
1524 2294 1570 2321 τοῦ
1581 2294 1648 2321 Θεοῦ
1664 2294 1699 2321 τὰ
1711 2293 1772 2329 τρία
1786 2293 1868 2329 πρόσ-

1081 2352 1153 2374 ωπα,
1165 2342 1210 2369 τόν
1229 2350 1259 2368 τε
1277 2341 1396 2377 Πατέρα,
1409 2341 1455 2368 καὶ
1468 2340 1541 2373 Υἰὸν,
1555 2340 1601 2366 καὶ
1615 2340 1645 2366 τὸ
1662 2340 1737 2374 ἂγιον
1749 2339 1868 2374 Πνεῦμα,

1082 2389 1147 2415 Θεὸν
1168 2389 1216 2415 Eva.
1232 2388 1357 2422 λέγομεν,
1378 2387 1424 2413 καὶ
1446 2386 1477 2413 οὑ
1493 2388 1576 2422 τρεῖς.
1596 2386 1651 2412 Καὶ
1672 2385 1736 2421 περὶ
1753 2385 1802 2420 μὲν
1821 2385 1870 2420 τῆς

1083 2432 1255 2467 ἐπιγνώσεως
1277 2433 1326 2468 τῆς
1351 2432 1431 2466 ἁγίας
1450 2431 1563 2466 Τριάδος
1586 2430 1705 2467 ἀρκείτω
1726 2430 1813 2457 ταῦτα
1831 2430 1870 2465 τῷ

1084 2480 1247 2506 πιστεύοντι.

1119 2525 1190 2561 Πλὴν
1200 2525 1314 2552 ἄκουσον
1328 2524 1376 2550 καὶ
1390 2523 1454 2550 ἄλλο
1466 2523 1535 2559 πρὸς
1548 2522 1653 2554 τούτοις
1665 2523 1825 2558 μυστήριον.
1842 2523 1872 2550 '0

1083 2573 1160 2605 λόγος
1174 2571 1221 2598 τοῦ
1233 2570 1378 2606 ἀνθρώπου
1391 2569 1488 2604 διπλῆν
1500 2569 1556 2604 ἕχει
1567 2569 1617 2604 τὴν
1631 2569 1767 2604 γέννησιν,
1781 2569 1827 2595 καὶ
1843 2570 1873 2595 ἐν

1084 2618 1144 2645 δυσὶ
1159 2618 1254 2652 φοραῖς
1268 2616 1395 2651 γεννᾶται
1406 2625 1412 2630 ·
1435 2615 1499 2651 μίαν
1516 2615 1565 2650 μὲν
1581 2614 1666 2650 φορὰν
1678 2615 1804 2649 γεννᾶται
1819 2615 1874 2641 ἀπὸ

1084 2665 1135 2699 τῆς
1144 2663 1242 2698 ψυχῆς,
1259 2663 1355 2698 ἑτέραν
1363 2662 1392 2688 δὲ
1404 2661 1457 2688 ἀπὸ
1473 2661 1527 2687 τῶν
1544 2661 1665 2696 χειλέων.
1678 2661 1733 2688 Καὶ
1747 2661 1874 2695 γεννᾶται

1088 2710 1136 2746 μὲν
1148 2712 1162 2737 ὁ
1174 2710 1251 2743 λόγος
1265 2709 1311 2735 τοῦ
1327 2708 1470 2743 ἀνθρώπου
1486 2707 1540 2735 ἀπὸ
1556 2707 1606 2742 τῆς
1628 2707 1728 2742 ψυχῆς,
1749 2707 1811 2733 ὅταν
1831 2707 1875 2733 ὲν-

1087 2754 1194 2790 θυμηθῇ
1210 2763 1252 2785 τις
1269 2755 1355 2780 εἰπεῖν
1365 2762 1402 2780 τι.
1423 2753 1455 2779 Ἦ
1472 2752 1526 2788 γὰρ
1540 2752 1687 2788 ὲνθύμησις
1704 2752 1799 2788 πρώτη
1812 2752 1874 2785 γέν-

1085 2807 1162 2834 νησις
1178 2799 1285 2833 λέγεται
1306 2797 1455 2830 τοῦλόγου,
1473 2797 1534 2822 ἐπεὶ
1554 2796 1709 2831 ἐνθυμεῖται
1729 2796 1774 2822 τοῦ
1789 2798 1875 2824 εἰπεῖν

1087 2846 1188 2872 ἐκεῖνον
1199 2844 1243 2871 τὸν
1256 2844 1333 2878 λόγον
1343 2851 1350 2858 ·
1361 2843 1391 2869 οὺ
1403 2843 1475 2876 λέγει
1489 2842 1516 2869 δὲ
1528 2841 1621 2870 τοῦτον
1632 2842 1675 2869 διὰ
1688 2842 1741 2869 τῶν
1754 2842 1875 2878 χειλέων,
