1940 3068
226 132 277 160 783

225 232 297 259 tati?

261 276 343 313 284
358 275 439 303 Ras».
457 275 607 302 Commune
625 278 677 307 est,
698 275 816 302 essentia
832 283 839 301 :
855 282 1009 307 commune,

227 324 360 359 principio
377 330 471 349 carere
490 330 498 349 :
518 328 673 352 commune,
687 321 817 356 potentia,
829 321 948 353 bonitas,
966 328 1010 348 sa-

227 369 338 405 pientia,
349 368 464 402 justitia.
477 366 574 394 Omnia
586 367 657 394 enim
669 367 809 402 aequaliter
822 367 903 394 habet
917 367 1008 398 Pater,

226 419 252 443 et
265 414 360 446 Filius,
380 418 407 441 et
427 413 544 448 Spiritus
558 417 682 444 sanctus,
695 417 874 448 praeterquam
887 413 1009 448 proprie-

226 465 297 488 tates
320 467 396 487 suas.
420 459 564 494 Proprium
584 458 657 486 enim
673 458 764 486 Patris
779 459 888 493 quidem
907 459 1010 494 ingeni-

225 511 284 534 tum
299 514 359 534 eSSc
375 515 380 533 :
394 505 456 533 Filii
471 512 545 538 vero,
563 505 683 540 genitum
700 511 762 532 esse
783 513 789 532 :
807 504 926 539 Spiritus
944 511 1008 533 san-

225 554 263 581 cti
279 553 436 589 procedere.

261 600 371 632 Quasr.
390 597 434 624 Vl.
456 597 485 624 In
501 596 567 630 Deo,
584 599 648 632 quot
664 595 804 624 conﬁteris
817 595 974 624 essentias?

261 691 342 718 Rrsr.
371 689 458 717 Unam
480 689 627 717 essentiam
649 688 727 721 dico,
752 695 832 714 unam
862 691 1007 720 naturam,

225 745 307 765 unam
326 737 451 766 formam.
468 744 551 763 unum
569 743 666 771 genus,
681 743 764 762 unam
783 735 908 771 gloriam,
926 742 1008 762 unam

225 783 383 817 dignitatem
397 787 424 809 et
438 782 664 809 dominationem.

259 830 369 862 Qulssr.
383 828 439 856 V'll.
455 828 622 864 llypustases
635 831 736 860 autem,
747 832 814 863 quot
826 826 966 855 conﬁteris
980 827 1007 854 in

225 875 280 904 Deo
290 877 302 903 ‘!

260 920 341 948 Resr.
364 919 432 948 Tres
447 920 609 955 hypostases
623 919 766 951 conﬁteor,
781 922 838 946 tres
855 925 988 954 personas
999 938 1006 951 ,

223 967 277 994 tria
290 966 411 1002 propria,
430 966 480 992 tria
493 965 643 996 individua,
657 970 712 992 tres
725 965 909 993 characteres.

259 1013 370 1046 Qunasr.
386 1011 453 1039 V'lll.
472 1010 562 1044 Quare
575 1011 674 1038 dicitur
690 1011 779 1044 Pater,
796 1010 893 1038 Pater?

259 1058 341 1086 Res».
365 1057 446 1085 Pater
467 1057 567 1084 dicitur
590 1057 678 1089 Deus,
693 1057 772 1092 quasi
796 1057 885 1083 πάντα
904 1056 1007 1092 τηρῶν,

224 1105 250 1132 id
265 1109 318 1139 est,
335 1103 426 1131 omnia
452 1110 618 1131 conservans
632 1112 640 1136 ;
664 1103 743 1138 quasi
758 1103 880 1130 omnium
898 1109 1009 1130 conser~

223 1156 311 1180 vator.

257 1197 369 1230 Quas'r.
391 1194 436 1223 IX.
454 1195 485 1222 Et
501 1194 597 1226 Filius,
614 1201 699 1229 quare
713 1194 814 1221 dicitur
829 1193 938 1222 Filius?

259 1242 340 1270 Resp.
358 1242 422 1273 Υἱὸς
443 1249 491 1269 seu
506 1240 591 1268 Filius
604 1240 713 1273 dicitur,
728 1240 807 1275 quasi
823 1237 893 1273 οἷος,
914 1240 941 1267 id
956 1243 1006 1274 est,

224 1287 287 1314 talis
301 1292 327 1314 et
341 1286 455 1321 aequalis
475 1295 481 1311 :
497 1285 585 1320 qualis
597 1285 669 1312 enim
687 1284 778 1316 Pater,
794 1284 856 1313 talis
873 1291 898 1312 et
910 1284 1005 1312 Filius.

223 1332 344 1361 Vertitur
359 1333 430 1360 enim
445 1341 460 1359 ο
473 1332 501 1360 in
515 1341 542 1365 ο,
562 1335 589 1359 et
604 1332 634 1358 lit
649 1330 718 1363 υἱός.
735 1330 860 1366 [Equalis
871 1331 943 1358 enim
962 1329 1007 1358 Fi-

222 1378 276 1406 lius
289 1382 331 1406 est
342 1378 415 1405 Patri
424 1377 461 1413 (7)
471 1398 479 1406 .

258 1424 370 1457 Qnesr.
399 1423 433 1452 Χ.
463 1423 496 1450 Et
525 1422 656 1459 Spiritus,
677 1430 764 1458 quare
788 1421 889 1450 dicitur
917 1421 1007 1458 Spiri—

222 1471 291 1499 tus?

257 1518 339 1545 Rasr.
365 1516 487 1552 Πνεῦμα,
511 1523 560 1544 seu
585 1515 702 1551 Spiritus
723 1516 833 1549 oicitur,
856 1516 928 1552 quod
953 1518 1007 1544 πᾶν
1021 1535 1042 1564 c

222 1563 322 1599 νεῦμα,
343 1563 369 1590 id
383 1567 436 1595 est,
449 1570 557 1590 omnem
570 1567 666 1590 nutum
680 1566 759 1590 acute
772 1563 915 1598 intelligat,
930 1563 1006 1590 scili-

223 1613 266 1636 cet
287 1608 378 1636 omnis
405 1612 488 1636 nutus
510 1608 684 1643 cognoscitur
705 1616 759 1635 uno
780 1608 878 1635 intuitu
905 1617 952 1644 per
976 1609 1008 1635 il—

224 1655 291 1683 lum.
317 1663 326 1680 ι
356 1653 475 1689 Spiritus
501 1654 573 1681 enim
602 1657 715 1682 sanctus
739 1654 831 1682 omnia
855 1659 1005 1688 scrutatur,

223 1701 305 1728 ctiam
320 1701 455 1735 profunda
469 1700 516 1726 Dei
531 1700 564 1727 ‘°.
584 1708 594 1725 ι

259 1746 370 1779 Ωιιιεετ.
384 1745 431 1773 XI.
445 1746 475 1773 ln
490 1745 556 1777 Deo,
576 1748 642 1780 quot
657 1749 721 1772 sunt
738 1746 850 1773 causae?

259 1791 340 1818 Resr.
355 1791 470 1818 Unicam
492 1791 554 1818 dico
576 1790 603 1818 in
625 1790 680 1818 Deo
700 1798 821 1824 causam,
837 1794 865 1818 et
887 1790 944 1818 hac
965 1794 1007 1818 est

224 1837 314 1864 Pater.
338 1836 399 1872 Ipse
425 1837 496 1864 enim
526 1835 607 1863 Pater
628 1836 713 1871 gignit
734 1836 832 1863 Filium
857 1839 885 1863 et
907 1836 1006 1864 emittit

226 1882 369 1916 Spiritum.
384 1882 473 1915 Quare
489 1881 575 1914 disce,
591 1882 664 1917 quod
679 1882 759 1909 Pater
772 1882 847 1909 solus
863 1881 897 1909 sit
910 1889 1004 1909 causa.

224 1927 310 1955 Filius
329 1935 383 1955 non
400 1931 443 1954 est
458 1935 551 1960 causa,
571 1928 619 1955 sed
634 1931 772 1955 causatus.
793 1927 825 1954 Et
841 1927 881 1955 sic
895 1927 1005 1962 quidem

224 1979 307 2000 causa
335 1976 378 2000 est
401 1972 477 2000 solus
500 1972 590 1999 Pater.
613 1972 734 2000 Causata
757 1980 823 2000 vero
846 1976 911 2000 sunt
941 1972 1006 2010 duo,

224 2017 310 2045 Filius
322 2022 348 2045 et
364 2017 493 2053 Spiritus.
506 2017 595 2045 Causa
611 2022 700 2045 autem
714 2017 815 2044 dicitur
826 2017 916 2051 Pater,
933 2018 1005 2053 quod

224 2065 318 2099 gignat
337 2068 364 2092 et
380 2071 434 2091 non
449 2063 596 2099 gignatur:
614 2063 687 2099 quod
700 2064 815 2096 emittat,
831 2068 858 2091 et
875 2071 928 2091 non
944 2071 1007 2099 pro-

225 2110 313 2137 cedat.
330 2109 420 2145 Gignit
435 2110 506 2137 enim
521 2109 630 2143 Filium,
647 2113 674 2136 et
685 2109 785 2136 emittit
799 2109 929 2144 Spiritum
943 2117 1007 2137 sau-

225 2161 310 2184 ctum.
327 2157 359 2184 Et
374 2160 518 2192 propterea
532 2155 633 2184 dicitur
645 2156 726 2183 Pater
740 2163 834 2183 causa.

261 2247 370 2282 Quns'r.
383 2247 441 2276 XII.
460 2247 492 2274 Et
510 2251 576 2283 quot
593 2250 657 2275 sunt
671 2251 782 2275 causata
795 2247 807 2273 ἰ

260 2294 342 2322 Βεερ.
367 2295 435 2326 Duo,
459 2293 544 2321 Filius
568 2297 596 2320 et
618 2291 747 2328 Spiritus.
771 2291 830 2319 Non
846 2291 930 2327 gignit
963 2290 1008 2318 Fi-

224 2341 289 2373 lius.
315 2340 362 2368 sed
380 2340 510 2375 gignitur,
532 2342 558 2366 et
580 2343 725 2373 propterea
745 2338 846 2365 dicitur
865 2341 1006 2364 causatus.

225 2386 325 2420 Quare,
350 2386 373 2413 si
394 2385 456 2421 quis
480 2387 507 2412 te
534 2384 681 2419 rogaverit,
707 2387 774 2418 quot
800 2383 828 2410 in
858 2382 913 2410 Deo
943 2390 1008 2409 cau-

225 2439 270 2460 sas
303 2430 464 2458 conﬁteris?
495 2429 539 2457 dic
570 2436 578 2455 :
609 2436 692 2455 unam
720 2435 830 2456 causam
865 2427 937 2455 dico.
974 2427 1007 2453 Et

225 2477 313 2512 qualis
336 2477 394 2504 haec
415 2475 476 2504 est?
511 2473 601 2501 Pater.
633 2473 667 2500 Et
691 2481 776 2509 quare
799 2473 900 2500 dicitur
925 2479 1008 2498 causa

224 2523 328 2552 Pater?
342 2522 413 2556 Quia
430 2521 517 2557 gignit
533 2519 632 2547 Filium
649 2524 676 2547 et
694 2520 793 2547 emittit
814 2519 956 2554 Spiritum.
979 2517 1008 2545 Si

225 2577 291 2598 vero
301 2569 363 2605 quis
376 2572 402 2595 te
422 2568 580 2602 interroget,
594 2569 661 2601 quot
680 2569 790 2593 causata
811 2564 879 2592 dicis
894 2565 922 2591 in
935 2563 1009 2591 Deo?

225 2616 279 2648 dic,
292 2615 358 2642 duo.
374 2613 469 2646 Qualia
493 2616 583 2638 autem
599 2611 670 2638 ista?
686 2609 771 2637 Filius
788 2614 816 2636 et
831 2609 959 2644 Spiritus.
975 2608 1007 2636 Et

225 2671 309 2699 quare
326 2660 497 2697 appellantur
511 2656 717 2690 causata?Quia
734 2657 855 2693 gignitur
868 2655 964 2687 Filius,
979 2659 1007 2682 et

261 2752 282 2768 "
300 2751 310 2778 l
325 2752 387 2779 Cor.
405 2759 445 2783 ιι,
463 2749 496 2777 to

268 2843 306 2880 (7)
321 2842 383 2869 liatc
397 2841 423 2869 in
446 2843 562 2868 tractatu
580 2838 615 2866 De
633 2835 840 2873 deﬁnitionibus,
858 2834 909 2863 sub
937 2832 1045 2860 initium

795 129 823 156 S.
845 129 1073 157 ATHANASIUS.
1092 144 1128 149 —
1145 128 1257 156 DUBlA.

261 187 370 220 Qusr
400 185 429 213 ν.
456 185 526 218 Quiu
549 192 693 212 commune
721 189 763 212 est
790 189 891 212 sanctze
917 185 1008 212 Triui-
1023 190 1046 219 Α

1789 130 1846 158 788

1102 185 1196 220 Ἐρώτ.
1215 188 1245 211 ε’.
1258 185 1290 210 Τί
1301 185 1332 211 τὺ
1346 185 1434 212 κοινὸν
1445 186 1493 221 τῆς
1507 186 1588 220 ἁγίας
1604 186 1733 222 τριάδοςς

1101 276 1195 302 Ἀπόκ.
1207 276 1303 303 Κοινὸν
1317 277 1333 312 ἡ
1349 277 1443 304 οὐσία·
1460 277 1548 304 κοινὸν
1562 277 1591 304 τὺ
1603 278 1719 314 ἄναρχον
1728 286 1735 293 ·
1752 279 1846 306 κοινὸν

1059 323 1075 357 ἡ
1086 321 1209 356 δύναμις,
1220 322 1236 356 ὴ
1252 321 1397 356 ἀγαθότης,
1409 323 1425 358 ἡ
1438 322 1529 356 σοφία,
1547 324 1563 358 ἠ
1574 323 1739 358 δικαιοσύνη.
1749 324 1846 351 Πάντα

1059 368 1113 402 γὰρ
1128 368 1156 400 ἐξ
1172 367 1228 394 [σου
1245 367 1300 402 ἔχει
1324 368 1338 394 6
1352 367 1456 403 Πατὴρ,
1471 368 1518 394 καὶ
1540 370 1553 395 ὁ
1571 369 1643 401 Υἱὸς,
1661 369 1750 396 καὶτὸ
1763 370 1846 403 ἆγιον

1058 414 1181 449 Πνεῦμα,
1203 413 1272 449 πλὴν
1286 413 1340 440 τῶν
1362 413 1434 440 ἰδίων
1450 414 1549 441 αὐτῶν.
1567 415 1646 442 Ἴδιον
1659 415 1714 451 γὰρ
1732 415 1778 442 τοῦ
1793 416 1846 451 μὲν

1059 459 1165 495 Πατρὺς
1176 459 1205 485 τὸ
1216 460 1371 494 ἀγέννητον,
1384 459 1430 486 τοῦ
1449 459 1476 486 δὲ
1485 459 1549 486 Υἰοῦ
1560 460 1590 487 τὸ
1600 461 1738 496 γεννητὸν,
1751 461 1800 488 τοῦ
1815 462 1846 488 δὲ

1059 505 1135 539 ἁγίου
1151 505 1309 540 Πνεύματος
1325 504 1355 531 τὸ
1368 506 1541 541 ὲκπορευτόν.

1101 597 1194 633 Ἐρώτ.
1222 601 1258 630 ς’.
1282 598 1342 625 Ἐπὶ
1363 598 1411 625 τοῦ
1435 598 1501 625 Θεοῦ
1524 598 1610 630 πόσας
1630 599 1724 632 οὐσίας
1746 599 1845 635 ὁμολο-

1078 645 1116 674 εῖς
1127 652 1134 676 ;

1078 652 1134 676 Et”;

1058 651 1076 677 γ
1100 661 1192 717 ζὰπόκ.
1211 690 1283 717 Μίαν
1294 690 1387 717 οὐσίαν
1407 690 1489 725 λέγω,
1505 690 1569 726 μίαν
1583 691 1673 726 φύσιν.
1695 691 1760 727 μίαν
1774 701 1845 728 μορ-

1059 737 1122 773 φὴν,
1131 737 1159 764 ἓν
1172 737 1260 771 γένος,
1278 737 1341 773 μίαν
1353 737 1441 771 δόξαν,
1455 737 1519 773 μίαν
1533 738 1610 770 ἀξίαν
1627 738 1673 764 καὶ
1683 738 1844 774 κυριότητα.

1101 831 1194 866 Ἐρώτ.
1208 830 1240 862 ζ’.
1259 831 1436 862 ’Υποστάσεις
1448 831 1476 857 δὲ
1487 831 1571 863 πόσας
1584 830 1721 867 ὁμολογεῖς
1735 831 1782 858 ἐπὶ
1794 831 1844 857 τοῦ

1021 861 1044 891 Β
1058 877 1125 904 Θεοῦ
1132 861 1143 910 ’ς

1099 923 1192 950 Ἀπόκ,
1210 923 1290 959 Τρεῖς
1302 923 1463 954 ὑποστάσεις
1473 922 1606 957 ὁμολογῶ,
1618 922 1681 958 τρία
1697 921 1843 957 πρόσωπα,

1056 969 1119 1004 τρία
1136 968 1200 1000 ἴδια,
1217 969 1280 1004 τρία
1296 968 1394 1003 ἄτομα,
1406 969 1453 995 καὶ
1473 969 1547 1003 τρεῖς
1564 967 1750 1003 χαρακτῆρας.

1099 1013 1195 1050 Ἐρώτ.
1209 1017 1243 1049 η’.
1261 1014 1309 1040 Διὰ
1322 1014 1347 1040 τί
1360 1014 1468 1048 λέγεται
1483 1013 1498 1040 ὁ
1514 1014 1608 1049 Πατὴρ
1621 1014 1733 1049 Πατήρ;

1099 1061 1192 1087 Ἀπόκ.
1222 1060 1316 1095 Πατὴρ
1345 1060 1454 1094 λέγεται
1475 1061 1490 1086 6
1513 1059 1599 1092 Θεὸς,
1623 1059 1661 1091 ὡς
1683 1059 1718 1086 τὰ
1752 1059 1844 1086 πάντα

1057 1106 1164 1143 τηρῶν·
1181 1105 1280 1132 ὡσανεὶ
1295 1106 1403 1132 πάντων
1418 1105 1548 1141 τηρητὴς.

1099 1197 1195 1232 Ἑρώτ.
1212 1196 1243 1223 θ’.
1260 1196 1314 1223 Καὶ
1326 1196 1340 1222 6
1355 1196 1418 1228 Υἱὸς
1435 1196 1479 1223 διὰ
1494 1196 1519 1222 τί
1532 1195 1641 1230 λέγεται
1656 1195 1719 1227 Υἱός

1099 1243 1192 1270 ’Δπόκ.
1208 1242 1270 1274 Υἱὸς
1293 1241 1401 1275 λέγεται
1420 1242 1495 1278 παρὰ
1520 1241 1550 1268 τὸ
1564 1239 1628 1273 οἶος,
1652 1242 1732 1277 ἧτουν
1750 1241 1842 1273 ὁποῖος

1058 1289 1104 1314 καὶ
1115 1289 1220 1323 ὄμοιος’
1238 1285 1293 1319 οἶος
1308 1287 1362 1324 γὰρ
1382 1289 1396 1314 ὁ
1414 1287 1517 1323 Πατὴρ,
1538 1287 1657 1318 τοιοῦτος
1671 1287 1717 1313 καὶ
1735 1287 1749 1312 ὁ
1765 1286 1842 1318 Υἱὸς,

1057 1335 1105 1360 καὶ
1115 1335 1202 1369 τροπῇ
1218 1333 1265 1360 τοῦ
1281 1342 1297 1360 ο
1314 1334 1353 1366 είς
1366 1343 1396 1366 υ,
1412 1333 1477 1365 υἱός.
1492 1333 1601 1369 Ὀμοιος
1616 1333 1669 1369 γὰρ
1691 1333 1706 1359 6
1722 1333 1786 1365 Υἱὸς
1801 1333 1840 1368 τῷ

1057 1379 1154 1407 Ματρί.

1101 1388 1115 1406 τ
1137 1388 1154 1405 ι.

1099 1388 1195 1461 ‘Eppib-r.
1208 1428 1234 1451 t'.
1249 1423 1305 1451 Kal
1317 1425 1348 1451 τὺ
1363 1424 1475 1460 Πνεῦμα
1491 1424 1535 1451 διὰ
1548 1425 1574 1452 τί
1588 1425 1697 1459 λέγεται
1710 1424 1822 1459 Πνεῦμα
1834 1433 1841 1456 ;

1100 1517 1194 1544 ’Δπόκ.
1212 1516 1324 1552 Πνεῦμα
1340 1516 1448 1550 λέγεται
1459 1516 1534 1552 παρὰ
1546 1516 1576 1542 τὸ
1593 1517 1645 1543 πᾶν
1657 1515 1745 1550 νεῦμα
1758 1515 1843 1547 ὀξέως

1060 1563 1191 1594 ἐπινοεῖν,
1216 1562 1299 1597 ἤγουν
1325 1563 1398 1588 πᾶσα
1420 1561 1510 1593 νεῦσις
1534 1561 1670 1596 συντόμως
1695 1560 1843 1587 ἐπινοεῖται

1058 1608 1091 1634 δι’
1108 1607 1200 1634 αὐτοῦ.
1218 1617 1227 1633 ι
1240 1607 1276 1634 Τὸ
1296 1607 1349 1642 γὰρ
1374 1607 1448 1641 ἆγιον
1461 1607 1572 1642 Πνεῦμα
1592 1607 1624 1632 τὰ
1640 1606 1728 1633 πάντα
1744 1606 1842 1642 ἐρευνᾷ

1060 1652 1107 1678 καὶ
1122 1652 1157 1678 τὰ
1174 1651 1243 1687 βάθη
1259 1651 1306 1678 τοῦ
1325 1651 1419 1678 Θεοῦ.»

1215 1747 1255 1769 ια’.
1275 1742 1337 1769 Ἐπὶ
1351 1743 1396 1770 τοῦ
1411 1742 1478 1769 Θεοῦ
1495 1743 1566 1770 πόσα
1584 1743 1674 1776 atria;

1100 1790 1193 1816 Ἀπόκ.
1214 1790 1261 1816 Ἓν
1272 1790 1357 1816 αἴτιον
1373 1789 1419 1816 ἐπὶ
1433 1788 1500 1816 Θεοῦ
1514 1789 1594 1824 λέγω,
1612 1790 1658 1816 καὶ
1674 1788 1753 1816 τοῦτό
1765 1790 1841 1816 ἐστιν

1058 1836 1073 1862 6
1088 1835 1192 1871 Πατήρ.
1217 1835 1302 1867 Αὐτὸς
1321 1835 1374 1870 γὰρ
1392 1836 1407 1862 ὁ
1420 1835 1514 1870 Πατὴρ
1534 1836 1613 1870 γεννᾷ
1633 1835 1678 1862 τὸν
1699 1835 1771 1868 Υὶὺν,
1794 1836 1842 1862 καὶ

1059 1880 1204 1916 ὲκπορεύει
1227 1881 1274 1908 καὶ
1294 1879 1325 1907 τὸ
1350 1879 1472 1915 Πνεῦμα.
1499 1880 1598 1907 Λοιπὸν
1613 1881 1745 1915 γίνωσκε,
1771 1881 1812 1908 ὅτι
1827 1883 1842 1908 ὸ

1059 1928 1154 1963 Πατὴρ
1171 1927 1248 1963 μόνος
1260 1927 1332 1953 ἐστὶν
1344 1926 1428 1958 αἴτιος
1437 1935 1444 1942 ·
1457 1927 1471 1953 6
1482 1926 1509 1952 δὲ
1523 1927 1586 1958 Υἱὸς
1600 1927 1649 1953 οὐκ
1662 1927 1735 1953 ἐστιν
1745 1926 1840 1960 αἴτιος,

1059 1974 1116 2001 ἀλλ’
1134 1974 1263 2005 αἰτιατός.
1280 1973 1360 1999 Ὥστε
1377 1973 1425 2008 μὲν
1437 1973 1522 2004 αἴτιός
1535 1973 1593 1999 ἐστι
1609 1973 1688 2007 μόνος
1700 1973 1714 1999 ὁ
1728 1973 1838 2008 Πατήρ·

1058 2019 1094 2046 τὰ
1109 2019 1138 2045 δὲ
1151 2018 1259 2045 αἰτιατὰ
1271 2017 1327 2050 δύο,
1346 2018 1360 2043 6
1376 2017 1440 2049 Υἱὸς
1455 2017 1501 2044 καὶ
1516 2017 1545 2044 τὸ
1569 2017 1689 2052 Πνεῦμα.
1707 2017 1796 2048 Αἴτιος
1812 2017 1840 2044 δὲ

1059 2065 1168 2099 λέγεται
1194 2066 1208 2092 6
1232 2064 1344 2099 Πατὴρ,
1370 2063 1436 2090 διότι
1450 2064 1531 2100 γεννᾷ
1545 2084 1552 2096 ,
1572 2065 1619 2090 καὶ
1640 2064 1670 2091 οὺ
1694 2065 1839 2098 γεννᾶται,

1060 2110 1203 2146 ὲκπορεύει
1219 2111 1265 2137 καὶ
1278 2111 1328 2137 οὐκ
1343 2110 1530 2146 ἐπιπορεύεται.
1543 2110 1627 2146 Γεννᾷ
1639 2111 1686 2145 μὲν
1704 2110 1748 2136 τὸν
1759 2110 1822 2136 Υἱόν
1832 2120 1838 2126 ·

1059 2157 1203 2192 ὲκπορεύει
1215 2156 1243 2182 δὲ
1259 2156 1306 2183 καὶ
1319 2156 1349 2182 τὸ
1364 2156 1474 2191 Πνεῦμα
1489 2156 1518 2183 τὸ
1533 2157 1619 2190 ἅγιον.
1638 2156 1692 2183 Καὶ
1704 2155 1747 2183 διὰ
1762 2155 1841 2182 τοῦτο

1022 2210 1047 2240 ι)
1060 2200 1169 2235 λέγεται
1184 2200 1199 2227 6
1218 2201 1311 2236 Πατὴρ
1328 2200 1423 2232 αἴτιος.

1101 2245 1196 2282 Ἐρώτ.
1212 2245 1256 2281 ιβ’.
1269 2247 1323 2272 Καὶ
1339 2246 1409 2272 πόσα
1422 2246 1544 2279 αἱτιατά;

1100 2292 1194 2319 Ἀπόκ.
1217 2292 1330 2318 Αἰτιατὰ
1343 2291 1404 2323 δύο,
1419 2292 1433 2318 6
1449 2292 1513 2324 Υἱὸς
1539 2292 1585 2319 καὶ
1605 2291 1635 2318 τὸ
1656 2289 1776 2326 Πνεῦμα.
1803 2291 1840 2318 Οὐ

1059 2338 1140 2372 γεννᾷ
1156 2337 1170 2363 6
1185 2336 1261 2368 Υἱὸς,
1278 2335 1345 2363 ἀλλὰ
1361 2337 1498 2370 γεννᾶται,
1515 2337 1560 2363 καὶ
1576 2337 1618 2364 διὰ
1641 2336 1720 2363 τοῦτο
1734 2337 1840 2371 λέγεται

1059 2381 1188 2414 alata-56g.
1201 2382 1299 2408 Λοιπὸν
1311 2381 1358 2408 ὲάν
1370 2388 1411 2411 τις
1429 2381 1564 2416 ἐρωτήσῃ,
1575 2381 1615 2407 ὅτι
1628 2381 1674 2406 ἐπὶ
1686 2379 1752 2406 Θεοῦ
1771 2380 1842 2405 πόσα

1061 2427 1133 2453 αἴτια
1145 2426 1299 2462 ὁμολογεῖς;
1313 2425 1383 2458 εἰπὲ,
1398 2425 1427 2452 ἓν
1439 2425 1524 2452 αἴτιον
1538 2425 1617 2459 λέγω.
1630 2425 1685 2451 Καὶ
1698 2425 1772 2451 ποῖόν
1785 2426 1842 2450 ἐστι

1060 2471 1159 2504 τοῦτο;
1178 2471 1207 2497 ’0
1225 2471 1329 2506 Πατήρ.
1344 2471 1398 2496 Καὶ
1413 2470 1457 2497 διὰ
1475 2471 1501 2496 τί
1521 2470 1627 2504 λέγεται
1647 2470 1732 2501 αἴτιος
1752 2470 1766 2495 6
1787 2470 1844 2496 Ila-

1060 2520 1129 2553 τήρ;
1147 2517 1218 2544 Διότι
1242 2517 1322 2552 γεννᾷ
1348 2517 1392 2543 τὸν
1419 2516 1482 2543 Υἱὺν
1499 2516 1547 2543 καὶ
1574 2516 1717 2551 ὲκπορεύει
1741 2516 1788 2542 καὶ
1813 2516 1842 2542 τὸ

1060 2563 1181 2598 Πνεῦμα.
1205 2563 1267 2589 Ἐὰν
1283 2563 1311 2589 δὲ
1326 2562 1451 2598 ἐρωτήσῃ
1466 2571 1506 2592 σε,
1522 2562 1562 2588 ὅτι
1581 2561 1651 2588 πόσα
1667 2560 1777 2587 αἰτιατὰ
1797 2561 1841 2586 λέ-

1058 2616 1116 2642 γεις
1130 2608 1176 2634 ἐπὶ
1189 2607 1233 2634 τοῦ
1246 2606 1311 2634 Θεοῦ
1323 2616 1330 2639 ;
1346 2607 1407 2633 εἰπὲ
1421 2607 1476 2634 δύο.
1488 2607 1555 2632 Ποῖα
1569 2606 1597 2632 δὲ
1610 2605 1713 2637 ταῦτας
1732 2605 1761 2631 Ι0
1779 2604 1842 2636 Υιὺς

1058 2654 1104 2680 καὶ
1120 2654 1149 2681 τὸ
1166 2653 1290 2690 Πνεῦμα,
1306 2653 1360 2680 Καὶ
1380 2652 1427 2680 διὰ
1441 2653 1467 2680 τί
1489 2652 1611 2686 λέγονται
1627 2651 1750 2684 αἰτιατά;
1770 2652 1842 2678 Διότι
