1940 3068
116 162 170 191 ’185

116 220 244 253 γεννᾶται
258 220 271 245 6
283 220 353 251 Υἱὸς,
366 220 412 246 καὶ
426 220 454 245 ού
467 221 560 254 γεννᾷ·
577 221 752 256 ἐκπορεύεται
768 222 796 247 δὲ
810 222 854 248 καὶ
866 224 895 248 τὸ

116 263 239 299 Πνεῦμα,
251 264 297 290 καὶ
313 264 361 290 οὐκ
371 265 523 299 ἐκπορεύει.

161 309 256 345 Ἐρὼτ.
285 312 328 343 ιγ’.
358 309 419 335 Ἐπὶ
447 311 495 344 τῆς
517 310 594 343 ἁγίας
616 311 728 346 Τριάδος
752 311 793 342 τις
818 311 893 346 πρῶ-

117 361 179 386 τος

159 398 253 425 Ἀπόκ.
272 399 333 425 Ἐπὶ
351 399 402 433 τῆς
426 399 507 432 ἁγίας
533 401 645 435 Τριάδος
667 401 755 433 οὐδεὶς
775 402 893 437 πρῶτος,

117 445 164 471 καὶ
181 445 267 476 οὐδεὶς
279 444 399 480 ὕστερος,
415 445 470 471 ἀλλ’
490 446 546 480 ἅμα
561 446 664 482 Πατὴρ,
680 446 737 481 ἅμα
750 447 822 478 Υἱὸς,
837 448 895 483 ἆμα

116 489 228 525 Πνεῦμα
243 489 318 523 ἅγιον
328 498 336 506 ο
352 491 399 517 καὶ
414 490 457 517 διὰ
476 491 554 517 τοῦτο
567 492 613 518 καὶ
634 492 792 527 συνάναρχοι
805 493 895 527 λέγον-

116 545 173 568 ται,
191 536 236 562 καὶ
250 536 370 571 ἄναρχοι.
388 537 521 572 Ἀναρχον
542 537 570 564 δὲ
585 538 692 571 λέγεται
713 538 742 564 τὸ
771 538 823 574 πρὸ
846 539 896 574 τῆς

114 581 204 616 ἀρχῆς
214 581 254 607 όν.
271 581 403 615 Ἀναρχος
414 581 505 608 λοιπὸν
517 582 530 608 6
543 582 646 618 Πατὴρ,
661 583 776 618 ἄναρχος
791 584 805 610 6
821 583 893 614 Υἱὸς,

115 626 234 661 ἄναρχον
250 626 280 652 τὸ
293 626 402 661 Πνεῦμα
416 627 445 653 τὸ
456 626 541 661 ἅγιον.
559 628 613 654 Καὶ
623 628 671 663 οὐχ
681 629 695 655 6
712 629 762 664 μὲν
777 629 894 664 πρῶτος,

115 673 130 697 6
142 672 165 697 δ’
185 670 307 707 ὖπτερος,
324 671 380 697 ἀλλ’
406 671 463 706 ἅμα
479 673 503 698 oi
529 674 616 708 τρεῖς,
641 673 744 709 Πατὴρ,
769 675 832 706 Υἱὸς
850 677 896 702 καὶ

116 716 226 752 Πνεῦμα
241 718 334 751 ἅγιον.
359 717 408 744 Διὰ
423 718 501 744 τοῦτο
523 718 571 745 καὶ
595 719 755 756 συνάναρχοι
776 721 822 747 καὶ
844 722 896 748 εἰσὶ

115 764 164 788 καὶ
175 761 362 798 ὀνομάζονται.

160 857 256 892 Ἐρώτ.
275 857 314 884 ιδ’.
330 858 480 893 Σαφήνισον
490 859 556 894 ἡμῖν
570 860 617 887 καὶ
630 859 718 892 τοῦτο,
734 862 790 893 πῶς
807 863 821 889 6
832 862 895 894 Υἱὸς

115 902 164 930 καὶ
175 903 260 937 Λόγος
275 903 321 929 τοῦ
342 903 409 930 Θεοῦ
421 904 548 938 γεννᾶται
563 905 595 931 ἐκ
609 905 714 940 Πατρός
725 915 732 922 ·
749 906 828 933 τοῦτο
842 907 895 943 γὰρ

113 948 262 984 ἐκπλήττει
277 949 362 983 ἡμᾶς.

159 994 254 1021 ’Δπόκ.
277 995 351 1021 Ἐπεὶ
367 996 381 1021 6
397 995 462 1027 Θεὸς
478 994 629 1031 ἀθεώρητός
646 997 760 1023 ἐστικαὶ
776 997 896 1033 ἀνερμή-

115 1049 219 1072 νευτος,
240 1040 299 1066 οὐδὲ
321 1041 398 1067 τοῦτο
421 1041 586 1077 ἑρμηνεῦσαι
602 1042 747 1077 δυνάμεθα.
764 1043 825 1075 Πῶς
843 1044 897 1079 γάρ

116 1095 158 1118 τις
180 1084 346 1121 ἑρμηνεῦσαι
365 1085 485 1118 δύναται,
505 1086 519 1113 ὃ
536 1087 641 1113 οὐδέπω
662 1088 742 1119 αὐτὸς
758 1088 895 1122 ἐθεάσατο,

117 1132 134 1166 ἢ
149 1133 214 1168 παρ’
230 1132 315 1159 ἄλλων
329 1133 430 1168 ἀκήκοε
442 1132 567 1165 πώποτε;
581 1133 653 1169 Πλὴν
668 1134 700 1160 ἐκ
711 1134 765 1160 τῶν
779 1136 897 1170 ποιημά-

113 1185 167 1204 των
181 1177 275 1210 αὑτοῦ,
290 1178 371 1213 φημὶ,
385 1177 431 1204 τοῦ
442 1178 527 1213 Λόγου
541 1179 588 1205 καὶ
601 1179 668 1205 Θεοῦ
677 1179 797 1212 τυπικῶς
812 1180 896 1207 εἴπω-

117 1231 177 1256 μ;ν,
191 1223 251 1249 δσον
264 1223 295 1249 τὸ
310 1224 379 1250 κατὰ
391 1223 512 1259 δύναμιν.
527 1224 645 1259 Νοητὲον
661 1225 720 1260 μὲν,
738 1226 788 1258 ὅτι,
804 1225 896 1262 ὥσπερ

115 1267 130 1291 6
154 1266 232 1300 λόγος
254 1267 301 1293 τοῦ
327 1267 470 1303 ἀνθρώπου
495 1270 621 1303 γεννᾶται
652 1270 706 1297 ἀπὸ
727 1271 777 1305 τῆς
808 1271 896 1307 ψυχῆς

115 1311 243 1346 ἁσπόρως
266 1312 313 1338 καὶ
337 1313 542 1349 ἀκατανοήτως,
563 1315 648 1347 οὕτως
662 1317 788 1349 γεννᾶται
815 1318 860 1344 καὶ
883 1319 897 1344 6

113 1356 200 1390 Λόγος
215 1356 269 1384 ἀπὺ
284 1358 330 1384 τοῦ
344 1359 459 1394 Πατρός.
471 1359 526 1386 Καὶ
543 1359 581 1391 ὡς
592 1362 718 1394 γεννᾶται
733 1361 788 1397 πῦρ
803 1363 834 1389 ἐκ
849 1362 896 1390 τοῦ

114 1401 210 1435 πυρὸς,
226 1402 272 1428 καὶ
285 1401 342 1436 φῶς
358 1403 390 1428 ἐκ
402 1402 448 1429 τοῦ
460 1404 557 1437 φωτὸς,
571 1404 656 1436 οὕτως
670 1407 793 1440 γεννᾶται
808 1408 822 1434 6
835 1407 896 1439 Υἱὸς

114 1447 163 1474 καὶ
175 1447 260 1481 Λόγος
269 1447 315 1474 τοῦ
328 1447 394 1474 Θεοῦ
406 1449 458 1475 ἀπὸ
471 1449 517 1476 τοῦ
534 1450 649 1486 Πατρός.

157 1492 251 1528 Ἑρώτ.
263 1496 302 1520 ιε’.
317 1493 373 1521 Καὶ
387 1494 418 1520 τδ
431 1494 507 1529 ἅγιον
521 1495 632 1531 Πνεῦμα
645 1496 704 1529 πῶς
718 1498 895 1534 ἐκπορεύεται

112 1538 167 1564 ἀπὸ
186 1539 232 1565 τοῦ
250 1541 356 1576 Πατρός
367 1550 374 1574 ;

155 1584 249 1611 ’Δπόκ.
263 1586 364 1621 Πρέπει
383 1596 411 1613 σε
423 1587 469 1615 καὶ
480 1590 544 1624 περὶ
558 1589 652 1616 τούτου
666 1590 703 1626 μὴ
715 1591 829 1626 ἐρωτᾷν.
839 1593 894 1618 Καὶ⁹

113 1628 193 1656 τοῦτο
215 1629 269 1665 γὰρ
283 1631 493 1667 ἀνερμήνευτον.
520 1634 592 1669 Πλὴν
616 1635 732 1670 μάνθανε
755 1636 800 1662 καὶ
829 1637 893 1671 περὶ

113 1673 219 1702 τούτου.
233 1677 336 1713 Ὥσπερ
348 1677 394 1704 οὖν
412 1679 428 1714 ἡ
443 1679 564 1715 ἀναπνοὴ
578 1680 625 1706 τοῦ
639 1680 780 1716 ἀνθρώπου
799 1683 831 1708 ἐκ
845 1682 894 1717 τῆς

114 1719 202 1755 ψυχῆς
222 1722 409 1757 ἐκπορεύεται,
429 1724 515 1755 οὕτως
532 1725 577 1751 καὶ
593 1725 623 1752 τὸ
639 1725 751 1761 Πνεῦμα
766 1727 796 1753 τὺ
818 1727 894 1761 ἅγιον

114 1766 189 1801 παρὰ
210 1767 256 1793 τοῦ
277 1768 382 1804 Πατρὸς
398 1769 584 1806 ἐκπορεύεται.
603 1771 658 1797 Καὶ
674 1771 711 1804 ὡς
726 1773 742 1807 ἠ
757 1771 813 1798 Εὕα
832 1772 893 1799 οὔτε

113 1811 228 1847 γεννητὴ
246 1812 305 1839 οὔτε
319 1814 472 1850 ἀγέννητος,
496 1816 564 1843 ἀλλᾶ
588 1817 687 1852 μέσως,
708 1817 793 1849 οὔτως
804 1819 850 1844 καὶ
865 1819 894 1845 τὸ

114 1856 192 1890 ἅγιον
209 1858 321 1893 Πνεῦμα
338 1860 413 1895 παρὰ
433 1860 480 1887 τοῦ
501 1861 608 1896 Πατρός
626 1862 813 1897 ἐκπορεύεται.
840 1864 894 1889 Καὶ

114 1902 170 1937 γὰρ
182 1903 196 1928 6
216 1903 301 1939 Ἀδὰμ
315 1905 471 1941 ἀγέννητος,
488 1907 502 1933 6
518 1907 545 1933 δὲ
568 1907 622 1942 Σὴθ
646 1909 789 1944 γεννητὸς,
816 1909 863 1935 καὶ
876 1911 892 1944 ὴ

115 1945 172 1972 Εὕα
197 1947 359 1984 ὲκπορευτή.
382 1950 414 1976 Ἠ
439 1950 492 1986 γὰρ
517 1951 572 1978 Εὕα
598 1951 659 1978 οὔτε
683 1953 831 1988 ἐγεννήθη,
857 1954 894 1985 ὼς

114 1991 245 2028 ἐγεννήθη
259 1993 273 2018 6
285 1993 348 2029 Σὴθ,
360 1993 421 2021 οὔτε
437 1995 583 2031 ἀγέννητος
596 1994 640 2032 ἦν,
655 1997 748 2032 ὥσπερ
761 1999 775 2024 6
793 1997 877 2032 Ἀδάμ
886 2006 893 2013 ο

114 2036 172 2063 ἀλλ’
189 2039 322 2075 ἐπορεύθη
340 2040 372 2066 ἐκ
390 2041 439 2076 τῆς
454 2041 572 2077 πλευρᾶς
586 2042 633 2068 τοῦ
651 2042 746 2078 Ἀδάμ.
761 2043 815 2070 Καὶ
831 2041 865 2079 ἦν
881 2044 895 2070 ὁ

123 2081 208 2118 Ἀδὰμ
224 2083 369 2119 ἀγέννητος
391 2087 430 2118 εἰς
443 2086 525 2113 τύπον
543 2087 590 2114 τοῦ
611 2088 758 2124 ἀγεννήτου
775 2088 893 2123 Πατρός*

115 2127 131 2153 6
143 2127 171 2153 δὲ
187 2127 241 2164 Σὴο
255 2130 383 2165 γεννητὸς
394 2131 433 2162 εἰς
448 2131 532 2159 τύπον
546 2132 592 2159 τοῦ
607 2132 734 2168 γεννητοῦ
751 2133 831 2159 Υἱοῦ·
850 2134 896 2160 καὶ

114 2174 132 2208 ή
155 2173 212 2200 Εὕα
238 2175 389 2210 ἐκπορευτὴ
412 2177 445 2202 ἐκ
468 2177 517 2211 τῆς
535 2177 654 2212 πλευρᾶς
675 2176 722 2204 τοῦ
753 2177 838 2213 ’Λδὰμ
857 2178 896 2210 εἰς

116 2217 201 2244 τύπον
214 2219 260 2245 τοῦ
281 2221 413 2255 παναγίου
431 2221 597 2256 Πνεύματος.
615 2223 661 2254 Εἰς
681 2222 734 2259 γὰρ
752 2223 814 2254 τοὺς
830 2231 897 2258 προ-

116 2263 239 2299 πάτορας
254 2265 333 2300 ὴμῶν
353 2266 478 2302 ἐτυπώθη
496 2268 513 2302 ἡ
533 2268 597 2301 ἁγία
613 2268 706 2304 Τριάς.
728 2269 795 2295 Ἀλλ’
817 2270 830 2295 6
848 2270 896 2305 μὲν

123 2308 218 2344 Ἀδὰμ,
232 2311 278 2336 καὶ
297 2310 311 2336 6
326 2311 391 2346 Σὴθ,
416 2312 462 2338 καὶ
485 2313 501 2346 ἡ
523 2312 579 2339 Εὔα
605 2313 717 2348 σώματα
740 2311 826 2348 ἦσαν,
851 2314 898 2341 καὶ

117 2355 247 2390 χωριστοὶ
263 2353 332 2391 ἦσαν
344 2358 390 2384 ἀπ’
403 2358 525 2393 ἀλλήλων
534 2367 540 2373 ·
555 2359 569 2385 6
580 2358 607 2385 δὲ
623 2359 688 2390 Θεὸς
701 2360 746 2386 καὶ
764 2359 869 2395 Πατὴρ,
883 2361 898 2386 ὁ

118 2399 193 2432 Υἱὸς,
210 2401 257 2428 καὶ
270 2402 300 2428 τὸ
313 2402 389 2437 ἅγιον
400 2403 520 2438 Πνεῦμα,
537 2402 597 2429 οὔτε
613 2403 726 2439 σώματά
742 2405 818 2436 εἰσιν,
837 2403 898 2430 οὕτε

119 2447 247 2482 χωριστοί
268 2449 335 2476 εἰσιν
359 2449 405 2475 ἀπ’
424 2449 555 2485 ἀλλήλων.
572 2450 660 2481 Μόνος
674 2450 702 2476 6's
721 2451 735 2476 6
748 2450 831 2480 τύπος
850 2449 899 2484 τῆς

119 2492 283 2530 ἅγεννησίας
294 2495 340 2521 τοῦ
354 2495 460 2531 Πατρὸς
472 2495 612 2531 θεωρεῖται
625 2497 665 2527 εις
683 2496 729 2522 τὸν
753 2495 899 2530 ἀγέννητον

119 2551 123 2554 ~
135 2538 223 2574 Δδὰμ,
241 2540 287 2566 καὶ
302 2540 316 2567 6
327 2540 411 2572 τύπος
425 2541 476 2576 τῆς
489 2542 641 2576 γεννήσεως
654 2541 700 2567 τοῦ
719 2541 783 2567 Tim?
801 2542 840 2572 si;
854 2540 900 2567 τὸν

122 2585 246 2620 γεννητὸν
265 2584 327 2619 Σὴθ,
359 2584 406 2610 καὶ
428 2585 442 2610 6
463 2582 547 2617 τύπος
573 2585 622 2620 τῆς
637 2585 823 2621 ἐκπορεύσεως
848 2584 894 2611 τοῦ

122 2631 176 2658 Καὶ
190 2630 275 2662 οὕτως
287 2631 340 2659 νόει
355 2631 400 2658 καὶ
413 2631 476 2667 περὶ
488 2631 592 2660 τούτου,

151 2676 299 2712 Ἐρώτησις
309 2675 429 2714 ις’.¹Ἀρα
436 2680 562 2713 χωρεῖται
569 2678 654 2710 όΘεδς
662 2679 690 2705 ἐν
696 2678 734 2704 ἐνὶ
742 2677 826 2713 τόπῳ,
835 2678 851 2712 ἢ
859 2676 900 2709 οὗ;

154 2723 249 2750 ’Δπόκ.
277 2723 396 2759 Πρόσθες
420 2724 465 2750 τὸν
483 2724 544 2750 νοῦν
567 2733 624 2756 σου,
641 2725 687 2751 καὶ
702 2725 807 2759 νόησον,
823 2725 863 2750 ὃτι
886 2725 900 2750 6

121 2767 187 2800 Θεὸς
215 2768 272 2802 φῶς
295 2769 368 2795 ἐστιν
394 2769 548 2804 ἀθεώρητον
578 2771 625 2796 καὶ
648 2769 806 2804 ἁχώρητον·
837 2768 898 2795 οὕτε

121 2813 265 2849 θεωρεῖται
279 2815 293 2841 6
307 2815 384 2847 Θεὸς,
400 2815 461 2842 οὔτε
477 2816 603 2851 χωρείταί
627 2824 689 2842 που.
709 2815 763 2842 Καὶ
787 2814 848 2841 ἐπεὶ
868 2815 897 2840 ού

123 2861 249 2895 χωρείται
269 2861 308 2891 εἰς
330 2860 359 2886 τ’ὺ
375 2861 446 2892 πᾶν,
467 2860 524 2891 πῶς
549 2861 588 2887 ενι
609 2860 719 2887 δυνατὸν
742 2859 855 2893 φανῆναι
882 2859 898 2892 ἢ

730 163 958 197 ρυτεετιοκεδ
977 165 1077 191 ALL-E.

1670 166 1720 189 786

911 226 999 252 Anon
1028 222 1127 257 gignit;
1167 222 1287 256 procedit
1317 225 1406 248 autem
1443 221 1575 256 Spiritus,
1613 227 1640 249 et
1666 231 1720 250 non

943 267 1049 294 emittit.

978 312 1086 344 Qumsr.
1113 311 1183 338 Xlll.
1207 311 1235 338 ln
1257 315 1351 339 sancta
1375 317 1464 338 autem
1489 310 1633 345 Trinitate,
1660 314 1722 348 quis

944 357 1060 392 primus?

979 401 1060 428 llesr.
1079 402 1108 428 ln
1126 405 1219 429 sancta
1232 401 1365 428 Triuitate
1380 409 1460 428 nemo
1471 402 1587 436 primus,
1601 407 1626 430 et
1643 411 1723 430 nemo

945 451 1097 482 postremus
1121 456 1128 474 :
1154 447 1200 474 sed
1218 447 1296 473 simul
1314 447 1402 480 Pater,
1424 447 1506 474 simul
1525 447 1620 479 Filius,
1641 448 1722 475 simul

945 492 1061 526 Spiritus
1088 496 1223 519 sanctus:
1249 494 1276 518 ct
1299 491 1360 518 ideo
1377 492 1458 519 etiam
1484 493 1565 519 sunul
1589 493 1722 528 principio

944 542 1069 564 carentes
1085 537 1222 568 dicuntur,
1240 541 1267 564 et
1287 537 1355 564 initii
1374 541 1509 572 expertes.
1524 537 1654 572 Principii
1676 547 1722 565 ex-

947 590 1008 616 pers
1043 586 1132 608 autem
1161 582 1271 613 dicitur,
1296 581 1368 615 quod
1398 585 1460 608 ante
1485 582 1648 616 principium
1670 586 1721 608 est.

945 626 1080 660 Principio
1103 634 1168 662 ergo
1187 630 1261 653 caret
1284 625 1372 656 Pater,
1387 625 1520 660 principio
1540 630 1613 652 caret
1626 625 1720 657 Filius.

944 672 1077 707 principio
1094 677 1167 699 caret
1183 670 1300 706 Spiritus
1314 675 1434 698 sanctus.
1448 671 1535 705 Atque
1549 671 1585 698 ita
1599 679 1648 698 nec
1664 672 1721 706 pri—

944 726 1015 749 mus,
1033 725 1083 745 nec
1095 718 1216 748 ultimus,
1239 716 1285 744 sed
1304 717 1384 744 simul
1402 720 1468 748 tres,
1489 716 1578 748 Pater,
1598 716 1682 744 Filius
1696 721 1723 744 et

946 762 1063 797 Spiritus
1076 767 1197 789 sanctus.
1210 761 1390 794 Quamobrem
1409 763 1491 789 etiam
1504 761 1583 788 simul
1597 761 1723 796 principii

943 811 1066 842 expertes
1080 811 1106 833 et
1118 811 1180 834 sunt
1188 811 1215 834 et
1226 807 1361 834 dicuntur.

983 852 1188 886 ρυεδτκΧιν.
1215 852 1327 880 Declara
1352 852 1430 880 nobis
1455 855 1482 880 et
1506 852 1574 884 hoc,
1590 851 1724 886 quomoda

912 889 932 916 Β
946 898 1030 926 Filius
1042 902 1068 925 et
1078 897 1196 925 Verbum
1209 898 1254 925 Dei
1267 898 1393 933 gignatur
1403 905 1418 925 a
1429 897 1508 925 Patre
1524 908 1530 925 :
1548 898 1572 924 id
1585 899 1657 925 enim
1674 904 1724 926 nos

947 943 1136 979 obstupefacit.

981 988 1060 1023 Rssr,
1079 987 1147 1020 Quia
1158 987 1229 1015 Deus
1245 987 1382 1015 intellectu
1405 994 1459 1014 non
1483 988 1598 1022 capitur.
1613 995 1661 1014 nec
1677 996 1724 1014 ex-

947 1036 1072 1070 plicatur.
1096 1042 1184 1068 neque
1205 1034 1256 1061 hoc
1276 1041 1422 1069 possumus
1444 1034 1629 1068 interpretari.
1651 1034 1724 1066 Quo-

946 1079 1026 1106 modo
1037 1079 1109 1106 enim
1121 1079 1181 1113 quis
1195 1085 1321 1114 exponat,
1334 1078 1406 1113 quod
1418 1086 1555 1113 nunquam
1575 1079 1632 1113 ipse
1645 1078 1722 1111 vidit,

946 1129 993 1152 aut
1011 1124 1045 1152 ab
1065 1125 1118 1152 alio
1138 1125 1228 1160 aliquo
1251 1124 1372 1152 audivit?
1396 1124 1521 1151 Attamen
1544 1132 1576 1151 ex
1597 1123 1726 1158 operibus

946 1170 1015 1204 ejus,
1034 1177 1130 1204 nempe
1140 1168 1220 1196 Verbi
1233 1173 1258 1197 et
1273 1168 1331 1200 Dei,
1346 1168 1459 1204 ﬁgurate
1468 1168 1620 1203 loquamur,
1634 1167 1722 1202 quoad

946 1215 1005 1250 ejus
1019 1215 1075 1243 iieri
1089 1219 1189 1250 potest.
1205 1213 1386 1249 Cogitandum
1399 1215 1482 1245 enim,
1498 1213 1580 1248 quod.
1594 1212 1724 1248 quemad-

946 1262 1056 1288 modum
1077 1269 1167 1288 sermo
1186 1261 1306 1288 hominis
1329 1263 1474 1295 generatur
1496 1260 1530 1286 ab
1550 1259 1640 1285 anima
1664 1258 1724 1286 sine

947 1307 1058 1336 semine.
1072 1310 1097 1333 et
1110 1313 1191 1341 supra
1211 1313 1318 1333 omnem
1338 1305 1525 1337 intellectum;
1548 1304 1583 1331 ita
1605 1302 1724 1339 gignitur

946 1358 972 1380 et
987 1351 1104 1380 Verbum
1118 1360 1132 1379 ιι
1143 1351 1232 1379 Patre.
1241 1351 1272 1378 Et
1284 1351 1354 1378 sicut
1369 1354 1513 1386 generatur
1527 1350 1596 1384 ignis
1607 1358 1639 1376 cx
1651 1350 1724 1384 igne,

946 1403 973 1426 et
993 1399 1084 1426 lumen
1101 1406 1134 1426 ex
1157 1398 1260 1425 lumine
1272 1417 1280 1430 ,
1298 1398 1335 1424 ita
1355 1400 1500 1433 generatur
1514 1395 1599 1423 Filius
1613 1398 1640 1422 et
1656 1394 1710 1422 Ver

947 1445 1010 1472 Lum
1024 1444 1069 1471 Dei
1085 1451 1099 1470 a
1113 1443 1202 1470 Patre.

982 1489 1062 1524 285
1078 1489 1186 1522 Quasr.
1205 1487 1261 1515 XV.
1278 1487 1310 1515 Et
1322 1487 1441 1524 Spiritus
1457 1490 1578 1517 sanctus.
1588 1486 1724 1521 quomodo

908 1553 930 1582 ς
947 1536 1066 1570 procedit
1080 1543 1095 1561 a
1111 1534 1208 1560 Patre?

983 1580 1064 1608 RESP.
1079 1579 1170 1614 Neque
1194 1584 1219 1606 te
1246 1579 1280 1606 de
1297 1579 1347 1606 hac
1375 1586 1404 1606 re
1428 1584 1548 1612 quaerere
1574 1576 1660 1603 decet.
1677 1575 1725 1602 Est

946 1626 1016 1653 enim
1028 1625 1116 1652 ethoc
1135 1623 1332 1659 inexplicabile.
1349 1623 1427 1651 Disce
1451 1627 1541 1649 tamen
1565 1621 1616 1648 hac
1643 1621 1725 1648 etiam

946 1672 980 1699 de
994 1679 1032 1698 re.
1050 1669 1280 1703 Quemadmodum
1296 1669 1378 1704 igitur
1397 1666 1540 1702 respiratio
1560 1665 1677 1692 hominis
1691 1671 1726 1691 cx

947 1717 1035 1744 anima
1069 1715 1202 1751 procedit,
1223 1715 1261 1742 ita
1288 1718 1314 1741 et
1348 1713 1465 1748 Spiritus
1486 1714 1600 1741 sanctus
1615 1717 1629 1736 a
1645 1710 1725 1736 Patre

947 1762 1076 1798 procedit.
1091 1761 1125 1788 Et
1153 1761 1224 1789 sicut
1247 1760 1300 1787 Eva
1327 1767 1414 1794 neque
1428 1758 1528 1794 genita,
1544 1763 1631 1790 neque
1646 1755 1724 1790 inge-

947 1812 1014 1840 nita,
1030 1807 1077 1835 sed
1096 1807 1184 1834 media
1201 1809 1273 1836 erat,
1294 1805 1331 1832 ita
1349 1805 1429 1831 etiam
1452 1803 1571 1838 Spiritus
1585 1804 1696 1828 sanctus
1708 1807 1725 1827 a

946 1854 1026 1880 Patre
1045 1852 1177 1888 procedit.
1194 1851 1297 1879 Etenim
1318 1849 1403 1877 Adam
1419 1848 1566 1884 ingenitus,
1584 1846 1650 1873 Seth
1661 1853 1725 1873 vero

948 1901 1063 1936 genitus,
1083 1903 1110 1926 et
1141 1898 1196 1924 Eva
1219 1896 1379 1932 procedens.
1403 1894 1458 1921 Eva
1478 1893 1550 1921 enim
1575 1900 1663 1926 neque
1679 1899 1725 1926 ge-

948 1945 1003 1972 nita
1014 1948 1066 1975 est.
1080 1947 1109 1970 ut
1128 1944 1235 1977 genitus
1257 1945 1299 1969 est
1315 1940 1390 1973 Seth,
1412 1947 1498 1974 neque
1521 1938 1640 1973 ingenita
1654 1941 1723 1968 erat,

947 1989 1175 2025 quemadmodum
1199 1987 1299 2020 Adam;
1316 1986 1364 2014 sed
1392 1992 1501 2021 egressa
1523 1988 1565 2012 est
1592 1991 1625 2010 ex
1649 1987 1724 2010 costa

947 2036 1052 2065 Adami.
1069 2035 1102 2062 Et
1119 2035 1158 2062 sic
1176 2033 1261 2061 Adam
1274 2033 1421 2067 ingenitus,
1438 2035 1518 2067 typus
1541 2033 1599 2057 erat
1613 2028 1724 2062 ingeniti

948 2082 1034 2109 Patris
1047 2090 1052 2108 :
1063 2081 1128 2108 Seth
1145 2080 1265 2115 genitus,
1283 2082 1324 2106 est
1335 2082 1416 2113 typus
1427 2077 1508 2112 geniti
1521 2074 1595 2107 Filii;
1615 2077 1642 2102 et
1658 2073 1725 2104 Eva,

947 2136 1080 2163 egressae
1091 2132 1165 2155 costa
1176 2126 1282 2159 Adami,
1291 2130 1333 2154 est
1347 2130 1427 2161 typus
1445 2124 1609 2153 sanctissimi
1637 2122 1725 2156 Spiri—

949 2180 1004 2204 tus.
1020 2175 1071 2202 Per
1083 2179 1174 2210 patres
1185 2175 1256 2202 enim
1272 2178 1381 2201 nostros
1403 2171 1561 2198 adumbrata
1588 2168 1638 2194 fuit
1661 2174 1726 2194 san-

911 2223 992 2252 Dcta
1020 2219 1149 2246 Trinitas.
1163 2218 1215 2246 Sed
1242 2218 1328 2245 Adam
1357 2216 1466 2251 quidem
1495 2219 1522 2242 et
1545 2213 1610 2240 Seth
1625 2215 1652 2238 ct
1669 2210 1723 2237 Eva

950 2273 1064 2300 corpora
1076 2268 1163 2295 erant,
1187 2269 1214 2291 et
1234 2262 1399 2298 separabiles
1417 2262 1487 2288 inter
1504 2267 1533 2287 se
1551 2267 1558 2285 :
1574 2258 1645 2285 Deus
1661 2264 1725 2284 vero

950 2315 976 2338 et
991 2310 1079 2342 Pater,
1092 2315 1119 2337 et
1135 2309 1229 2341 Filius,
1242 2312 1268 2335 et
1284 2307 1401 2342 Spiritus
1416 2309 1537 2334 sanctus.
1558 2310 1646 2337 neque
1665 2309 1727 2329 cor-

950 2363 1017 2390 pora
1038 2359 1111 2386 sunt,
1130 2361 1217 2388 neque
1243 2351 1408 2387 separabiles
1427 2358 1442 2377 a
1466 2357 1495 2376 se
1514 2349 1640 2376 invicem.
1662 2347 1726 2373 Sola

950 2400 1022 2428 enim
1037 2399 1122 2434 ﬁgura
1149 2398 1260 2434 ingeniti
1283 2397 1371 2424 Patris
1399 2399 1537 2431 spectatur
1551 2395 1580 2421 in
1606 2393 1726 2427 ingenito

951 2445 1048 2478 Adam,
1060 2450 1086 2472 et
1111 2446 1195 2480 ligura
1216 2443 1396 2479 generationis
1416 2442 1477 2469 Filii
1495 2442 1523 2468 in
1540 2441 1632 2476 genito
1649 2439 1723 2471 Seth,

952 2495 979 2518 et
998 2491 1083 2525 ﬁgura
1106 2489 1288 2525 processionis
1302 2488 1419 2523 Spiritus
1440 2488 1527 2515 sancti
1545 2491 1684 2522 spectatur
1699 2486 1726 2512 iu

952 2537 1007 2564 Eva
1022 2535 1192 2570 procedente.
1206 2533 1298 2569 Itaque
1309 2533 1349 2561 sic
1362 2533 1412 2560 hac
1425 2533 1458 2561 de
1469 2540 1498 2559 re
1513 2531 1625 2559 sentias.

911 2585 987 2617 ἁγίου
1010 2582 1165 2618 Πνεύματος
1176 2581 1313 2616 θεωρεῖται
1326 2581 1365 2611 εις
1393 2578 1440 2615 τὴν
1453 2577 1620 2613 ἐκπορευτὴν
1645 2575 1726 2602 Εὕαν.

990 2674 1176 2708 00551.3(“.
1185 2673 1225 2700 An
1236 2673 1391 2700 continetur
1401 2671 1472 2698 Deus
1485 2677 1540 2697 uno
1552 2669 1729 2700 loco.necne?

988 2719 1068 2747 lisse.
1086 2720 1201 2746 Adverte
1216 2719 1345 2748 animum,
1358 2721 1384 2744 et
1408 2715 1541 2751 perpende
1565 2714 1637 2749 quod
1657 2713 1728 2740 Deus

951 2765 998 2792 lux
1016 2765 1051 2791 sit
1066 2764 1210 2791 invisibilis
1230 2767 1257 2790 et
1278 2760 1570 2796 incomprehensibilis,
1588 2766 1674 2792 neque
1688 2758 1727 2784 vi-

953 2811 1059 2841 deatur,
1076 2817 1163 2844 neque
1176 2808 1298 2843 capiatur
1314 2807 1382 2834 loco.
1398 2806 1428 2833 Et
1440 2805 1567 2841 quoniam
1589 2811 1642 2831 non
1654 2803 1724 2837 capi:

952 2860 997 2883 tur
1011 2857 1036 2883 in
1053 2860 1118 2887 toto,
1135 2854 1269 2889 quomodo
1295 2857 1385 2888 posset
1401 2852 1468 2884 ﬁeri,
1485 2856 1514 2878 ut
1535 2850 1672 2877 videretur
1682 2854 1716 2877 at
