1940 3068
205 151 258 179 787

790 149 818 177 S.
839 147 1072 176 ATIiANASIUS.
1091 163 1127 168 —
1145 148 1256 178 DL'BIA.

1781 147 1838 176 788

206 211 406 247 intelligeretur
419 210 583 246 quibusdam
593 212 605 238 ’ὲ
615 211 701 246 Cujus
725 218 815 245 neque
834 210 933 242 Moses,
947 212 992 246 qui

1047 209 1176 245 νοηθῆναι
1200 217 1287 241 τισινς
1315 205 1427 240 Οὗτινος
1448 208 1508 234 οὐδὲ
1534 207 1635 241 Μωσῆς
1657 207 1672 233 ὁ
1698 206 1836 239 Θεόπτης,

207 257 292 285 Deum
320 258 405 290 vidit,
434 265 524 293 neque
556 257 685 293 discipuli
720 257 802 285 Verbi
831 257 935 292 ipsius,
965 258 993 285 in

206 308 299 332 monte
324 304 576 339 transﬁgurationis
604 304 690 338 illius,
706 311 795 339 neque
820 303 890 331 alius
915 303 993 338 quis-

205 357 287 384 quam
303 358 423 386 unquam
449 350 577 378 deitatem
605 350 704 377 nudam
727 350 821 377 videre
847 349 995 385 potuit;ut

205 397 310 423 ciarum
323 396 370 429 sit,
386 396 459 431 quod
471 396 547 423 nullo
559 397 619 423 loco
634 396 768 430 capiatur,
782 395 830 423 sed
842 396 942 431 ubique
957 395 994 422 sit

188 441 286 484 ‘Deus.
305 442 337 469 Et
355 442 412 469 haec
422 442 532 478 quidem
544 441 578 470 de
587 442 722 478 theologia
736 442 799 477 (hoc
814 446 856 469 est
870 442 904 469 de
916 441 990 475 Deo).

205 488 283 516 Nunc
297 488 388 516 dicere
406 488 568 523 incipiemus
598 489 632 516 de
653 489 714 523 ejus
736 488 900 519 oeconomia,
918 486 992 514 scili-

203 539 247 563 cet
260 534 294 562 de
310 535 501 562 incarnatione
516 534 577 562 Filii
594 539 621 562 et
634 533 714 562 Verbi
730 533 788 561 Dei.

238 581 351 614 Qumsr.
367 580 450 608 XVII.
466 581 536 608 Ecce
549 581 729 616 quaestionem
743 580 792 608 tibi
809 587 944 615 propono,
962 584 990 606 tu

203 635 269 655 vero
284 628 351 655 mihi
364 627 510 663 responde.
527 627 650 655 Docuisti
675 635 726 654 nos
743 627 776 654 de
789 624 885 654 sa'ucta
901 625 992 652 Trini-

204 677 271 707 tate,
284 674 357 709 quod
374 673 447 701 Deus
462 677 570 701 constet
585 673 674 700 tribus
688 672 893 709 hypostasihus,
917 671 992 698 scili-

203 724 247 747 cet
273 719 364 752 Patre,
379 719 460 751 Filio,
488 724 515 748 et
539 719 641 755 Spiritu
667 723 774 746 sancto.
801 717 878 745 Nunc
901 722 992 745 autem

203 773 298 800 ροισι-ο
321 773 355 794 ex
370 770 395 794 te
408 776 414 792 :
427 765 555 794 Christus
573 767 618 794 ille
632 766 759 801 quisnam
777 765 836 793 cst?
857 764 913 792 Hoc
931 764 992 791 volo

203 810 321 838 edoceri.

238 855 319 884 Resp.
337 856 409 885 Sane
424 857 552 884 audivisti
568 857 601 884 de
627 861 722 884 sancta
749 856 895 888 Trinitale,
917 856 992 892 quod
1024 866 1029 870 ·

1045 255 1106 282 οὐδὲ
1121 255 1147 281 οἱ
1164 254 1285 290 μαθηταὶ
1300 254 1346 280 τοῦ
1368 254 1455 288 Λόγου
1478 253 1560 280 αὑτοῦ
1577 253 1605 279 ὲν
1625 251 1665 287 τῷ
1680 252 1729 287 τῆς
1748 261 1838 287 μετα-

1046 298 1216 335 μορφώσεως
1230 298 1334 324 ἐκείνου
1354 298 1429 334 ὄρει,
1443 299 1494 324 οὐκ
1516 297 1594 328 ἄλλος
1613 296 1656 328 τίς
1676 305 1740 323 ποτε
1765 297 1835 331 ἡδυ-

1045 345 1112 379 mor,
1124 344 1230 379 γυμνὴν
1246 344 1294 379 τὴν
1307 344 1422 378 θεὸτητα
1439 343 1591 378 θεωρῆσαι·
1604 341 1674 368 ὥστε
1688 340 1777 375 δῆλον,
1790 341 1837 368 ὅτι

1045 392 1094 417 οὐκ
1113 391 1142 416 ἐν
1160 391 1200 416 ἑνὶ
1219 391 1293 424 τόπῳ
1306 391 1445 425 χωρεῖται,
1462 388 1529 414 ἀλλὰ
1547 386 1683 422 πανταχοῦ
1700 387 1836 422 πάρεστιν

1044 438 1058 463 ὁ
1072 436 1148 467 Θεός.
1167 436 1223 462 Καὶ
1241 435 1326 462 ταῦτα
1352 435 1401 470 μὲν
1423 435 1487 471 περὶ
1509 434 1664 468 οεολογίας-
1679 434 1781 470 ἀπάρτι
1804 434 1836 460 δὲ

1044 482 1183 518 ἀρξόμεθα
1203 482 1279 515 λέξαι
1295 482 1340 508 καὶ
1357 481 1421 517 περὶ
1437 482 1486 517 τῆς
1504 481 1671 517 οἰκονομίας,
1693 482 1751 516 ἦτοι
1767 482 1836 517 περὶ

1043 529 1093 564 τῆς
1111 528 1277 566 σαρκώσεως
1293 527 1339 554 τοῦ
1356 527 1421 554 Υἱοῦ
1436 528 1483 554 καὶ
1500 527 1586 561 Λόγου
1601 527 1646 553 τοῦ
1664 527 1742 554 Θεοῦ.

1086 575 1181 610 Ἑρώτ.
1199 573 1241 606 ιζ’.
1266 573 1332 600 Ἰδοὺ
1356 572 1488 609 ἐρώτημά
1504 581 1544 599 σοι
1566 572 1669 607 ἐρωτῶ,
1687 572 1719 598 σὺ
1743 572 1771 598 δέ
1787 580 1835 607 μοι

1043 622 1218 658 ἀποκρίθητι.
1237 620 1374 653 Ἐδίδαξας
1387 621 1453 656 ἡμῖν
1467 619 1532 655 περὶ
1543 619 1593 654 τῆς
1609 619 1690 653 ἁγίας
1705 619 1832 654 Τριάδος,

1043 669 1083 694 ὅτι
1102 669 1116 694 ὁ
1133 668 1198 699 Θεὸς
1218 667 1430 703 τρισυπὸστατος
1446 666 1495 697 ἔνι,
1509 666 1557 693 καὶ
1573 666 1613 692 ὅτι
1630 666 1734 701 Πατὴρ,
1756 665 1832 696 Υἱὸς,

1043 715 1091 740 καὶ
1104 714 1216 749 Πνεῦμα
1228 714 1314 748 ἆγιον.
1329 713 1385 739 Νῦν
1399 713 1428 739 δὲ
1440 712 1532 748 ἐρωτῶ
1548 720 1587 738 σε’
1598 708 1681 742 Οὗτος
1691 710 1834 747 ὁΧριστὸς

1043 760 1085 792 τίς
1103 761 1177 791 teet;
1193 759 1260 795 Περὶ
1274 759 1368 785 τούτου
1381 758 1451 785 θέλω
1465 757 1570 793 μαθεῖν.
1786 758 1789 763 ‘

1085 853 1180 880 Ἀπόκ,
1193 853 1307 884 Πάντως
1328 852 1448 887 ἤκουσας
1463 851 1528 887 περὶ
1541 850 1590 885 τῆς
1611 849 1690 884 ἁγίας
1704 848 1831 885 Τριάδος,

203 911 257 930 una
273 911 390 938 persona
404 903 512 930 dicatur
523 903 615 935 Pater,
633 907 660 930 et
681 903 766 930 altera
782 902 880 935 Filius,
896 907 923 931 et
937 903 990 930 alia

1046 900 1083 926 ὅτι
1096 899 1125 925 ἓν
1145 899 1291 935 πρόσωπον
1306 898 1429 925 καλεῖται
1440 898 1545 933 Πατὴρ,
1560 897 1591 923 τὸ
1604 896 1633 922 δὲ
1649 895 1741 931 ἓτερον
1755 894 1831 926 Υἱὸς,

202 957 320 985 persona
337 949 454 984 Spiritus
469 953 593 977 sanctus.
613 949 746 984 Ecccjam
757 957 903 984 cognosce,
915 950 990 984 quod

201 995 248 1023 hic
263 994 349 1023 Filius
366 999 394 1023 et
407 995 526 1023 Verbum
543 995 591 1023 Dei
618 999 645 1023 et
675 994 764 1023 Patris
789 995 909 1022 induerit
928 1003 990 1023 car-

201 1048 265 1069 nem
281 1041 413 1075 hominis,
428 1045 455 1068 et
469 1041 646 1069 inambularit
661 1046 690 1068 ut
704 1041 785 1068 homo
797 1041 823 1068 in
836 1044 919 1068 terra.
933 1041 991 1076 Ap-

202 1087 318 1122 pellatus
331 1087 416 1123 igitur
435 1087 563 1116 Christus
591 1091 644 1120 est,
659 1088 732 1122 quod
763 1092 862 1115 unctus
889 1088 934 1120 sit,
950 1087 991 1114 vel

201 1137 277 1160 certe
298 1133 480 1168 assumpserit
506 1141 616 1161 carnem
641 1133 769 1160 hominis.
794 1133 826 1159 Et
847 1136 991 1168 propterea

201 1179 304 1206 dicitur
314 1179 474 1207 incarnatus
500 1178 573 1207 Deus
587 1183 615 1206 et
637 1179 774 1212 Christus,
788 1179 872 1206 Filius
885 1184 911 1207 et
924 1179 992 1207 Ver-

199 1223 266 1251 bum
295 1224 354 1253 Dei.
370 1230 396 1252 et
417 1224 500 1257 Deus,
524 1225 599 1260 quod
628 1226 776 1260 gestaverit
797 1226 913 1254 formam
940 1227 991 1254 ho-

199 1268 298 1298 nbis.

236 1314 348 1351 Ques'r.
362 1314 454 1342 XVI".
467 1315 554 1348 Quam
579 1316 713 1343 rationem
729 1321 776 1343 aut
789 1324 872 1351 quam
886 1316 990 1344 utilita-

200 1365 256 1388 tem
274 1361 474 1396 proposuitsihi
493 1361 576 1392 Deus,
592 1369 640 1388 seu
653 1361 739 1389 Filius
753 1366 781 1389 et
793 1361 911 1389 Verbum
930 1360 989 1393 Dei,

200 1411 232 1433 ut
255 1406 414 1435 incarnatus
441 1407 487 1440 sit,
509 1411 537 1435 et
559 1411 589 1434 ut
610 1407 694 1435 homo
724 1408 933 1435 inambularet-it
962 1408 989 1435 in

201 1458 274 1481 terra
283 1453 294 1480 Τ

236 1499 319 1528 Rssr.
335 1499 408 1528 Deus
419 1499 487 1526 nihil
513 1507 582 1535 opus
596 1499 693 1527 habuit
720 1499 918 1533 incarnatione,
941 1500 989 1527 sed

202 1547 323 1574 humana
351 1550 450 1573 natura
480 1546 620 1582 indigebat
657 1547 811 1574 sanatione.
839 1547 987 1582 Postquam

1044 945 1091 971 καὶ
1104 944 1135 970 τὸ
1150 944 1213 971 ἄλλο
1235 943 1381 979 πρόσωπον
1394 943 1504 976 λέγεται
1522 941 1634 976 Πνεῦμα
1656 940 1743 974 ἅγιον.
1762 939 1832 966 Ἰδοὺ

1041 989 1134 1016 λοιπὸν
1149 989 1276 1024 γίνωσκε,
1289 989 1330 1015 ὅτι
1346 985 1423 1020 οὗτος
1435 989 1449 1014 ὁ
1465 988 1529 1019 Υἱὸς
1543 987 1591 1014 καὶ
1603 986 1688 1020 Λόγος
1700 985 1746 1012 τοῦ
1761 984 1831 1011 Θεοῦ

1043 1035 1089 1062 καὶ
1109 1035 1214 1070 Πατρὸς
1228 1034 1338 1069 ἐνεδόθη
1356 1034 1444 1070 σάρκα
1464 1032 1617 1068 ἀνθρώπου,
1633 1033 1680 1059 καὶ
1695 1031 1830 1068 περιεπά-

1041 1089 1124 1116 τησεν
1137 1081 1175 1113 ὡς
1197 1081 1339 1117 ἀνορωπος
1360 1083 1389 1108 ὲν
1408 1081 1441 1116 τῇ
1458 1081 1504 1115 γῇ.
1526 1078 1676 1114 Ὠνομάσθη
1694 1076 1739 1104 οὖν
1760 1077 1832 1112 Χρι-

1044 1128 1114 1160 στὸς,
1135 1127 1201 1154 διότι
1220 1127 1351 1163 ἐχρίσϐη,
1375 1127 1434 1162 ἦτοι
1459 1126 1571 1161 ἐφόρεσε
1591 1125 1640 1160 τὴν
1670 1124 1758 1159 σάρκα
1783 1123 1832 1149 τοῦ

1042 1174 1198 1210 ἀνθρώπου.
1223 1175 1278 1202 Καὶ
1307 1173 1352 1200 διὰ
1381 1172 1460 1199 τοῦτο
1489 1172 1596 1206 λέγεται
1623 1170 1832 1206 σεσαρκωμένος

1041 1221 1125 1252 Θεὸς,
1147 1221 1193 1247 καὶ
1215 1220 1332 1256 Χριστὸς
1347 1221 1362 1246 ὁ
1380 1219 1444 1250 Υἱὸς
1466 1219 1513 1245 καὶ
1533 1218 1618 1252 Λόγος
1635 1217 1682 1244 τοῦ
1699 1217 1766 1244 Θεοῦ
1782 1218 1831 1243 καὶ

1042 1267 1118 1298 Θεὸς,
1132 1266 1198 1292 διότι
1212 1266 1326 1301 ὲφόρεσε
1339 1265 1388 1301 τὴν
1404 1265 1450 1292 τοῦ
1466 1264 1610 1300 ἀνοῴιπου
1623 1263 1740 1299 μορφήν.

1083 1311 1180 1347 Ἐρώτ.
1196 1312 1241 1346 ιη’.
1262 1312 1317 1338 Καὶ
1333 1311 1394 1338 τίνα
1407 1311 1497 1345 λόγον,
1512 1311 1528 1346 ἢ
1545 1311 1606 1336 τίνα
1625 1310 1717 1346 χρείαν
1732 1307 1804 1345 εἶχεν
1817 1310 1833 1336 ὁ

1041 1357 1118 1389 Θεὸς,
1128 1358 1210 1392 ἤγουν
1224 1358 1238 1382 ὀ
1249 1357 1312 1388 Υἱὸς
1323 1357 1370 1383 καὶ
1381 1357 1467 1391 Λόγος
1482 1355 1528 1383 τοῦ
1544 1356 1622 1385 Θεοῦ,
1633 1356 1677 1383 ἵνα
1691 1356 1832 1391 σαρτιωθῇ,

1041 1404 1089 1430 καὶ
1098 1403 1135 1434 ὡς
1150 1402 1292 1438 ἄνθρωπος
1303 1404 1463 1437 περιπατεῖν
1476 1403 1505 1429 ὲν
1517 1403 1549 1437 τῇ
1564 1403 1598 1438 γῇ
1610 1410 1617 1434 ;

1084 1492 1178 1519 Ἀπόκ.
1189 1492 1256 1524 Θεὸς
1267 1492 1394 1528 οὐδεμίαν
1409 1492 1502 1528 χρείαν
1517 1489 1572 1526 εἶχε
1584 1490 1631 1517 τοῦ
1646 1490 1832 1527 σαρκωθῆναι,

1042 1539 1099 1566 ἀλλ’
1117 1539 1134 1574 ἡ
1155 1537 1334 1574 ἀνθρωπότης
1362 1538 1451 1564 ἐδέετο
1479 1537 1610 1573 ἰατρείας.
1641 1536 1752 1571 Ἐπειδὴ
1774 1536 1832 1572 γὰρ

201 1593 275 1622 enim
291 1593 355 1621 fecit
369 1592 441 1621 Deus
456 1593 556 1620 cmlum
578 1596 606 1620 et
627 1596 740 1623 terram.
767 1597 794 1620 et
811 1593 903 1619 omnia
929 1600 990 1627 qua:

1046 1586 1169 1620 ἐποίησεν
1182 1586 1196 1611 ὁ
1215 1584 1281 1616 Θεὸς
1296 1584 1342 1611 τὸν
1356 1584 1468 1620 οὐρανὸν
1484 1584 1531 1610 καὶ
1542 1584 1591 1618 τὴν
1606 1583 1668 1618 γῆν,
1682 1582 1728 1609 καὶ
1744 1583 1832 1608 πάντα

201 1641 233 1668 in
243 1641 287 1668 eis
294 1643 370 1672 sunt,
386 1640 498 1674 ﬁxitque
515 1639 691 1666 homincmet
705 1639 796 1674 posuit
809 1647 872 1667 eum
890 1639 917 1666 in
932 1646 990 1665 mc-

201 1686 248 1714 dio
270 1686 402 1721 paradisi,
431 1690 458 1713 et
481 1685 624 1713 consutuit
650 1693 712 1712 eum
743 1692 834 1720 regem
867 1685 990 1712 omnium

202 1734 404 1763 creaturarum,
421 1734 451 1757 ut
464 1730 556 1757 omnia
571 1729 736 1757 inservirent
760 1729 823 1764 ipsi,
841 1732 868 1756 et
883 1729 990 1756 habita-

202 1780 246 1804 ret
261 1777 320 1812 ipse
355 1776 383 1803 in
410 1775 548 1811 paradiso,
573 1778 703 1810 tanquam
728 1774 776 1802 Dei
800 1775 898 1810 imago.
922 1774 990 1801 Cum

203 1823 289 1850 sciret
309 1822 362 1850 hoc
388 1822 525 1853 diabolus,
544 1821 672 1849 invidens
695 1821 800 1849 homini
824 1826 929 1849 tantam
950 1822 992 1849 di-

202 1869 354 1905 gnitatem,
382 1868 456 1896 dedit
484 1868 587 1895 homini
621 1868 765 1896 consilium
796 1872 826 1895 ut
854 1868 909 1896 Deo
935 1876 992 1896 non

203 1915 416 1949 obtemperaret,
431 1917 459 1940 ut
469 1922 516 1948 per
534 1913 747 1942 inobedientiam
775 1913 848 1942 Deus
861 1922 923 1942 eum
939 1915 990 1942 eli-

203 1959 322 1986 minaret
340 1966 372 1986 ex
399 1958 538 1993 paradiso,
558 1962 586 1986 et
597 1958 717 1993 privaret
741 1958 818 1986 illum
844 1959 936 1986 divina
949 1959 992 1986 di-

202 2005 317 2041 gnitate,
331 2008 358 2032 et
373 2004 554 2032 immortalem
582 2004 709 2032 redderet
733 2004 887 2032 mortalem.
905 2004 991 2032 Homo

203 2058 280 2082 vero,
301 2054 330 2077 ut
345 2051 391 2086 qui
404 2051 506 2077 nullam
526 2050 640 2078 haberet
654 2050 781 2085 peritiam
807 2051 918 2078 malitia:
941 2052 993 2079 im-

202 2093 281 2128 probi
296 2093 380 2125 illius,
400 2092 598 2127 obtemperavit
621 2092 737 2120 consilio
764 2093 877 2125 diaboli,
893 2097 920 2121 et
936 2101 992 2120 non

203 2140 353 2168 obsecutus
365 2143 408 2167 est
420 2138 486 2170 Deo,
503 2142 530 2166 et
553 2147 585 2166 ex
611 2139 658 2166 illo
678 2139 760 2166 morti
785 2139 922 2168 obnoxius
940 2140 992 2167 fuit

201 2183 308 2218 peccati
324 2193 330 2210 :
347 2182 460 2218 perinde
474 2182 556 2210 etiam
569 2190 664 2211 omnes
677 2191 711 2211 ex
726 2184 786 2218 ipso
798 2185 854 2211 nati
865 2185 991 2213 homines

201 2229 278 2256 velut
304 2236 337 2257 ex
361 2229 516 2264 majoribus
543 2232 684 2263 peceatum
717 2232 745 2257 in
779 2238 809 2258 se
834 2231 991 2260 derivantes

202 2274 317 2302 obnoxii
340 2275 365 2302 ei
390 2274 466 2302 fuere
486 2282 492 2300 :
510 2280 537 2302 et
558 2274 700 2310 praevaluit
725 2281 867 2311 peccatum
895 2282 992 2304 contra

203 2322 339 2349 homines.
357 2320 432 2348 Misit
449 2325 540 2348 autem
554 2321 626 2349 Deus
640 2322 786 2357 prophetas
804 2328 830 2350 et
845 2324 928 2359 286
941 2324 992 2352 do-

203 2373 295 2396 ctores
312 2369 339 2396 in
357 2367 489 2396 mundum
505 2378 511 2395 :
529 2373 559 2394 ut
575 2369 706 2396 docerent
727 2369 858 2397 mundum
882 2371 920 2406 (id
948 2375 992 2399 est

202 2415 341 2450 homines)
352 2419 379 2442 et
396 2418 622 2442 converterentur
636 2422 651 2442 a
675 2419 788 2450 peccato
804 2425 811 2443 :
826 2424 878 2444 nec
900 2421 991 2445 tamen

201 2465 352 2496 potuerunt
377 2461 517 2496 propheta“:
546 2465 716 2489 convertere.
743 2461 892 2498 Propterea
926 2463 994 2492 dixit

178 2537 181 2543 η
201 2506 276 2535 Deus
290 2506 319 2534 in
344 2508 434 2542 seipso
453 2515 459 2532 :
482 2506 661 2538 Deseendam.
677 2512 715 2540 et,
740 2514 879 2544 assumpta
899 2518 993 2542 carne,

176 2545 183 2572 ί
203 2555 266 2581 tiam
281 2552 495 2586 homiriilormis,
509 2556 536 2580 et
553 2553 658 2581 docebo
676 2553 833 2589 ﬁgmentum
849 2562 951 2587 meum,
967 2559 995 2583 et

177 2599 179 2601 ‘
202 2599 404 2622 conrertetura
419 2595 536 2622 consilio
553 2595 665 2628 diaboli,
680 2601 708 2623 et
733 2596 786 2624 erit
807 2597 897 2624 omnis
912 2597 994 2625 homo

202 2646 234 2670 ut
251 2641 333 2672 Deus.
355 2649 411 2669 non
435 2641 587 2669 secundum
616 2645 754 2674 naturam,
772 2642 819 2670 sed
841 2643 992 2670 secundum

203 2688 390 2724 adoptionem.
404 2687 473 2715 Cum
490 2688 548 2715 haec
572 2688 713 2723 placerent
735 2687 792 2716 Deo
816 2688 902 2720 Patri.
931 2689 993 2725 Spi-

203 2735 260 2762 ritu
271 2739 368 2762 sancto
385 2734 544 2769 adjuvaute,
557 2734 700 2763 descendit
715 2734 802 2763 Filius
828 2739 855 2763 et
873 2734 991 2763 Verbum

203 2779 262 2815 Dei,
272 2785 300 2809 et
313 2782 453 2818 ingressus
464 2784 507 2810 est
521 2781 727 2810 immaculatum
737 2781 858 2818 Virginis
869 2782 994 2811 mulieris

1042 1631 1076 1658 τὰ
1093 1631 1121 1657 ἐν
1146 1631 1248 1662 αὐτοῖς,
1276 1630 1377 1657 ἔπλασε
1407 1630 1435 1657 δὲ
1459 1630 1506 1657 καὶ
1529 1629 1573 1656 τὸν
1599 1629 1758 1665 ἄνθρωπον,
1784 1629 1832 1655 καὶ

1042 1677 1140 1712 ἔθηκεν
1157 1676 1238 1703 αὑτὸν
1255 1677 1284 1702 ἐν
1306 1677 1380 1712 μέσῳ
1401 1675 1448 1702 τοῦ
1464 1675 1646 1712 παραδείσου,
1670 1675 1717 1702 καὶ
1737 1674 1832 1707 ἔταξεν

1042 1723 1124 1749 αὑτὸν
1145 1722 1256 1758 βασιλέα
1278 1723 1318 1754 εἰς
1343 1721 1432 1748 πάντα
1452 1721 1487 1748 τὰ
1511 1721 1666 1756 κτίσματα,
1683 1720 1726 1747 ἵνα
1743 1720 1833 1746 πάντα

1041 1770 1203 1796 δουλεύωσιν
1219 1769 1302 1804 αὐτῷ,
1319 1769 1366 1796 καὶ
1387 1770 1523 1796 κατοικεῖν
1540 1768 1622 1795 αὑτὸν
1636 1770 1665 1795 ὲν
1679 1768 1718 1804 τῷ
1744 1777 1830 1804 παρα-

1042 1814 1132 1850 δείσῳ,
1150 1815 1188 1846 ὡς
1202 1813 1270 1841 Θεοῦ
1301 1814 1393 1841 εἰκών.
1413 1813 1499 1846 Εἰδὼς
1515 1813 1594 1840 τοῦτο
1605 1815 1619 1840 ὁ
1637 1813 1769 1845 διάϐολος,
1785 1814 1832 1841 καὶ

1043 1860 1180 1896 φθονήσας
1197 1861 1248 1896 τὴν
1265 1861 1311 1887 τοῦ
1330 1860 1474 1896 ἀνθρώπου
1499 1860 1576 1893 ἀξίαν
1587 1880 1594 1892 ,
1622 1860 1832 1887 συνεϐούλευσεν

1043 1907 1118 1942 αὐτῷ
1134 1906 1174 1942 τῷ
1200 1906 1336 1943 ἀνθρώπῳ
1359 1906 1532 1943 παρακοῦσαι
1553 1907 1600 1933 τοῦ
1626 1906 1705 1939 Θεοῦ,
1721 1907 1764 1933 ἴνα
1789 1906 1833 1933 διὰ

1043 1954 1093 1989 τῆς
1109 1954 1250 1990 παρακοῆς
1270 1953 1359 1990 ἐξώσῃ
1374 1954 1455 1980 αὐτὸν
1470 1953 1517 1980 τοῦ
1537 1953 1699 1990 παραδείσου
1719 1954 1766 1980 καὶ
1782 1953 1832 1988 τῆς

1043 2001 1089 2027 τοῦ
1105 2001 1172 2027 Θεοῦ
1196 2001 1285 2033 ἀξίας,
1302 2001 1348 2027 καὶ
1369 1999 1465 2036 θνητὸν
1489 2000 1534 2026 τὸν
1551 2000 1683 2026 ἀθάνατον
1706 1999 1831 2034 ἀπεργά-

1044 2054 1134 2081 σηται.
1152 2047 1180 2073 '0
1199 2046 1226 2072 δὲ
1243 2046 1395 2081 ἄνθρωπος,
1410 2046 1448 2077 ὡς
1469 2045 1506 2081 μὴ
1531 2045 1600 2081 ἔχων
1615 2047 1713 2081 πεῖραν
1733 2046 1831 2076 κακίας

1044 2093 1090 2120 τοῦ
1109 2093 1238 2128 πονηροῦ,
1267 2093 1367 2129 ἤκουσε
1386 2092 1436 2127 τῆς
1453 2092 1609 2127 συμϐουλῆς
1629 2091 1676 2118 τοῦ
1696 2092 1830 2124 διαϐόλου,

1043 2140 1091 2167 καὶ
1111 2141 1268 2175 παρήκουσε
1293 2139 1340 2166 τοῦ
1360 2139 1442 2172 Θεοῦ,
1466 2139 1512 2166 καὶ
1538 2138 1631 2166 ἔκτοτε
1654 2138 1761 2171 ἐδέξατο
1786 2139 1831 2166 τὸν

1044 2186 1158 2213 θάνατον
1178 2186 1227 2221 τῆς
1258 2186 1394 2222 ἁμαρτίας
1408 2206 1415 2218 ,
1439 2185 1540 2221 ὁμοίως
1564 2185 1611 2212 καὶ
1628 2185 1727 2217 πάντες
1753 2186 1778 2212 οἱ
1802 2186 1831 2218 ἐξ

1044 2233 1148 2259 ἐκείνου
1161 2231 1302 2266 γενόμενοι
1327 2231 1481 2268 ἄνθρωποι,
1499 2232 1537 2263 ὠς
1565 2232 1597 2258 ὲκ
1619 2231 1758 2267 προγόνων
1783 2231 1830 2266 τὴν

1044 2279 1182 2314 ἁμαρτίαν
1201 2278 1338 2310 λαϐόντες,
1351 2277 1505 2313 ἐκράτησαν
1518 2277 1620 2313 ταύτην
1631 2286 1638 2293 ·
1661 2277 1708 2304 καὶ
1723 2277 1829 2313 ἴσχυσεν

1045 2324 1062 2359 ἡ
1081 2323 1202 2359 ἁμαρτία
1216 2323 1285 2350 κατὰ
1299 2323 1353 2348 τῶν
1369 2322 1531 2358 ἀνθρώπων.
1545 2321 1671 2357 Ἐπεμψε
1686 2322 1714 2348 δὲ
1736 2323 1750 2348 ὁ
1766 2321 1828 2353 Θεὸ;

1046 2370 1187 2405 προφήτας
1203 2369 1249 2396 καὶ
1261 2367 1438 2400 διδασκάλους
1449 2369 1488 2400 εἰς
1503 2367 1548 2395 τὸν
1566 2368 1666 2403 κόσμον
1677 2376 1683 2382 '
1700 2367 1742 2393 ἶνα
1758 2366 1830 2394 διδά-

1046 2415 1111 2447 ξωσι
1125 2415 1170 2441 τὸν
1185 2415 1296 2449 κόσμον,
1312 2414 1395 2450 ἦγουν
1416 2414 1478 2446 τοὺς
1493 2412 1669 2449 ἀνθρώπους,
1687 2413 1734 2439 καὶ
1750 2421 1830 2448 στρα-

1047 2461 1133 2496 φῶσιν
1160 2460 1215 2487 ἀπὸ
1240 2461 1289 2495 τῆς
1313 2459 1466 2494 ἁμαρτίας·
1490 2460 1537 2486 καὶ
1553 2460 1603 2486 οὐκ
1621 2458 1790 2494 ἠδυνήθησαν
1806 2461 1827 2485 oi

1046 2508 1184 2544 προφῆται
1198 2507 1244 2534 τοῦ
1261 2506 1470 2542 διορθώσασθαι.
1493 2505 1543 2532 Διὰ
1557 2505 1636 2531 τοῦτο
1649 2503 1725 2531 εἶπεν
1738 2506 1752 2531 ὁ
1767 2505 1830 2537 Θεὸς

1045 2555 1074 2580 ὲν
1090 2553 1190 2588 tau-.63-
1209 2553 1419 2588 Καταϐήσομαι,
1431 2551 1478 2578 καὶ
1494 2551 1600 2586 φορέσω
1610 2551 1708 2584 σάρκα,
1726 2551 1774 2577 καὶ
1788 2559 1829 2585 γε-

1044 2599 1162 2634 νήσομαι
1175 2599 1417 2636 ἁνθρωπόμορφος,
1432 2599 1478 2626 καὶ
1493 2598 1589 2631 διδάξω
1602 2599 1632 2625 τὸ
1646 2599 1759 2633 πλάσμα
1771 2607 1830 2634 μου.

1044 2645 1090 2671 καὶ
1110 2645 1296 2681 στραφήσεται
1319 2646 1373 2672 ἀπὸ
1392 2646 1441 2681 τῆς
1463 2644 1510 2671 τοῦ
1527 2644 1650 2671 διαϐόλου
1667 2644 1828 2679 συμϐουλῆς,

1045 2692 1092 2718 καὶ
1112 2691 1188 2718 ἔσται
1202 2692 1255 2723 πᾶς
1280 2691 1422 2727 ἄνθρωπος
1444 2692 1481 2723 ὡς
1505 2691 1570 2720 Θεὸς
1593 2690 1624 2716 οὑ
1647 2689 1719 2716 κατὰ
1741 2689 1829 2723 φύσιν,

1043 2737 1111 2764 ἀλλὰ
1125 2737 1196 2764 κατὰ
1210 2737 1293 2764 θέσιν.
1303 2739 1358 2765 Καὶ
1378 2737 1455 2764 τοῦτο
1469 2735 1608 2772 βουληθεὶς
1620 2737 1635 2762 ὸ
1647 2735 1713 2767 Θεὸς
1724 2734 1830 2770 εὐδοκία

1043 2783 1090 2810 τοῦ
1114 2783 1236 2820 Πατρὸς,
1257 2785 1303 2812 καὶ
1331 2783 1473 2819 συνεργείᾳ
1487 2781 1534 2810 τοῦ
1558 2781 1635 2816 ἁγίου
1655 2779 1828 2816 Πνεύματος,
