1940 3068
90 136 148 166 789

713 136 944 171 QUESTIONES
963 138 1066 165 Athe.

1665 136 1721 166 790

94 194 255 230 συγκατὲδη
275 195 288 221 ὸ
307 194 371 227 Υἱὸς
390 196 435 222 καὶ
451 195 536 230 Λόγος
550 195 597 222 τοῦ
609 195 687 228 Θεοῦ,
704 196 750 222 καὶ
761 195 885 230 εἰσῆλθεν

951 201 1054 228 iterum,
1071 201 1098 224 et
1119 201 1259 232 assumpta
1282 203 1363 223 carne
1388 204 1421 223 ex
1445 195 1500 228 illa,
1528 196 1608 223 homo
1636 195 1724 224 factae

94 243 138 273 et;
159 241 282 277 καθαρὰν
306 242 410 268 κοιλίαν
432 242 566 277 παρθένου
579 241 718 276 γυναικὸς,
744 242 790 268 m‘t
801 250 886 277 προσ-

94 287 248 322 λαϐόμενος
264 286 353 322 σάρκα
366 286 395 318 ἐξ
414 287 508 322 αὐτῆς,
522 287 729 322 ὲνηνθρώπησε’
745 287 791 313 καὶ
808 287 888 314 πάλιν

95 334 131 360 ὲκ
150 333 201 368 τῆς
223 333 352 366 γυναικὸς
367 332 494 365 ἐξελθὼν,
521 333 567 359 καὶ
586 332 786 366 ὲγκαταλείψας
805 332 889 368 αὐτὴν

95 379 224 414 καθαρὰν
253 380 301 405 καὶ
323 379 544 414 ἐσφραγισμένην
569 378 702 414 παρθένον
725 378 889 413 ἀμὸλυντον,

95 424 227 458 καθάπερ
247 424 278 450 τὸ
294 424 444 460 πρότερον,
470 425 670 460 περιεπάτησεν
689 425 717 450 ὲν
741 424 780 459 τῷ
794 425 889 460 κόσμῳ

98 471 172 506 μετὰ
198 470 252 497 τῶν
269 469 431 505 ἀνθρώπων,
448 469 486 501 ὼς
508 470 663 505 ἄνθρωπος,
685 470 732 496 καὶ
748 469 808 495 τότε
824 469 890 496 ὠνο-

935 246 978 270 est
992 252 998 269 :
1010 246 1037 270 et
1053 250 1148 270 rursus
1158 249 1284 277 egressus
1297 249 1330 269 ex
1345 242 1468 273 muliere,
1484 241 1579 268 relicta
1595 240 1640 268 illa
1656 247 1724 275 pura

936 291 964 315 et
979 287 1121 322 obsignata
1136 285 1246 322 Virgine
1259 286 1482 318 ineontaminata,
1495 285 1724 320 quemadmodum

937 331 1024 366 prius,
1039 332 1218 359 inambulavit
1247 332 1274 358 in
1297 330 1400 358 tnundo
1414 338 1476 357 cum
1500 330 1669 362 hominibus,
1697 333 1726 356 ut

939 377 1031 410 homo,
1050 382 1076 404 et
1089 381 1155 404 tunc
1170 377 1324 412 appellatus
1335 380 1376 404 est
1386 375 1525 406 Christus,
1539 375 1610 410 quod
1625 380 1726 401 unctus

941 427 1024 454 esset,
1041 429 1068 450 et
1086 423 1195 450 tulisset
1209 430 1318 449 carnem
1341 421 1470 449 hominis.
1484 421 1516 447 Et
1531 420 1575 448 hic
1592 424 1634 448 est
1648 419 1719 447 Chri-

943 473 1003 496 stus
1017 469 1102 496 Filius
1117 473 1144 496 et
1158 468 1278 496 Verbum
1291 468 1348 499 Dei,
1361 467 1408 502 qui
1419 474 1529 494 carnem
1547 469 1644 501 gestat.

99 518 194 554 μάσθη
222 517 357 554 Χριστὸς,
382 517 427 544 διὰ
444 517 475 544 τὸ
498 517 641 552 χρισθῆναί
661 526 691 543 τε
716 517 762 543 καὶ
779 516 893 552 φορέσαι
909 517 959 552 τὴν
973 518 1062 553 σάρκα
1077 516 1124 543 τοῦ
1141 516 1364 552 ἀνθρώπου.Καὶ
1377 512 1454 546 οὗτός
1477 515 1550 541 ἐστιν
1577 515 1591 540 ό
1613 513 1729 549 Χριστὸς

97 565 113 590 ὀ
129 565 194 595 Υἱὸς
211 565 257 591 καὶ
269 564 354 598 Λόγος
372 563 419 590 τοῦ
434 563 513 595 Θεοῦ,
525 564 540 589 ὁ
556 564 644 598 σάρκα
663 563 763 599 φορῶν.

144 622 241 658 Ἐρώτ.
258 621 300 648 ιθ’.
326 622 381 648 Καὶ
398 620 456 653 πῶς
470 619 503 656 ἦν
516 621 627 648 δυνατὸν
646 621 735 657 σάρκα
757 621 890 657 παρθένον

99 670 243 704 γεννῆσαι,
257 669 303 696 ml.
316 668 396 694 πάλιν
411 668 501 704 μένειν
514 668 645 704 παρθένον
657 676 663 699 ;
675 668 722 694 καὶ
742 667 819 694 τοῦτο
827 667 891 693 θαυ-

102 713 207 749 μαστὸν
224 713 289 748 ἡμῖν
312 713 359 740 καὶ
383 713 454 739 πάνυ
478 712 596 746 ἐξαίσιον
618 712 761 746 φαίνεται·
786 712 891 744 δίδαξον

100 760 178 794 ἡμᾶς
192 760 238 785 καὶ
255 759 318 794 περὶ
333 758 438 792 τούτου,
452 758 577 793 δεόμεθα.

145 804 240 830 Ἀπόκ.
264 805 295 830 Ei
313 805 360 831 καὶ
380 804 535 838 θαυμαστὸν
553 805 618 839 ἡμῖν
639 804 713 830 δοκεί
731 803 820 835 τοῦτο,
833 803 891 830 ἀλλ’

102 852 156 878 οὐκ
170 850 313 886 ἀνθρώπου
326 851 356 876 τὸ
373 850 462 886 ἔργον,
477 850 544 877 Θεοῦ
561 851 589 877 δέ
601 859 607 866 ~
623 851 690 877 ὃπου
704 851 757 887 γὰρ
769 850 892 885 βούλεται

103 897 183 928 Θεὸς,
195 897 302 923 νικᾶται
314 896 419 931 φύσεως
434 895 523 929 τάξις·
539 897 585 923 καὶ
599 896 679 923 πάλιν
689 905 695 911 ·
710 906 719 922 ι
733 896 893 932 Θαυμαστὸς

103 943 203 975 ὀΘεὸς,
217 953 227 969 ›
238 943 284 970 καὶ
299 952 307 968 ι
322 942 470 978 Θαυμαστὰ
477 943 512 969 τὰ
526 943 594 979 ἔργα
602 942 693 969 αὐτοῦ.
708 952 716 968 ›
728 943 800 978 Πλὴν
813 943 894 970 ἄκου-

106 998 157 1017 σον
183 989 248 1024 περὶ
275 989 325 1023 τῆς
351 989 519 1025 γεννησάσης
543 989 681 1024 Παρθένου
712 989 821 1016 ποικίλα
848 989 895 1015 καὶ

105 1035 293 1070 ἐναργέστατα
309 1034 447 1069 σύμϐολα’
475 1034 623 1070 μνήσθητι,
645 1034 686 1061 ὅτι
708 1034 842 1070 παρθένος
859 1033 896 1060 ὢν

105 1082 120 1107 ὁ
145 1080 229 1116 Ἀδὰμ
253 1080 303 1115 τὴν
321 1079 392 1106 Εὕαν
419 1079 564 1115 ἐγέννησε·
592 1080 639 1106 ml.
659 1080 738 1106 πάλιν
763 1079 897 1116 παρθένος

106 1125 240 1160 διέμεινε,
258 1125 384 1160 καθάπερ
403 1125 433 1151 τὸ
448 1125 590 1161 πρότερον.
606 1126 660 1153 Καὶ
675 1125 769 1162 ὥσπερ
784 1126 798 1152 ὀ
813 1125 898 1161 Ἀδὰμ.

108 1171 243 1207 παρθένος
258 1171 385 1206 ἐγέννησε
401 1172 447 1198 καὶ
469 1171 602 1206 παρθένος
616 1171 743 1207 διέμεινε,
757 1172 828 1198 οὕτω
850 1171 898 1198 καὶ

107 1219 125 1253 η
146 1216 274 1248 Θεοτόκος
288 1216 392 1252 Μαρία,
413 1216 547 1252 παρθένος
562 1215 643 1248 οὖσα,
663 1216 740 1243 ἔτεκε
762 1216 807 1242 τὸν
830 1217 897 1251 Χρι-

111 1261 185 1294 στὸν,
201 1262 247 1288 καὶ
271 1260 353 1287 πάλιν
374 1260 508 1296 παρθένος
526 1260 653 1296 διέμεινε.
678 1260 757 1287 Ἀλλὰ
774 1261 820 1287 καὶ
836 1260 899 1288 ἄλλο

110 1307 180 1343 πρὸς
197 1306 275 1333 τοῦτο
297 1307 445 1342 μυστήριον
459 1306 584 1334 ἄκουσον.
600 1306 704 1342 ’Ὠσπερ
731 1304 804 1337 οἶκος
822 1315 899 1341 περι-

111 1353 304 1388 τεφραγμὲνος
331 1351 462 1378 πάντοθεν
487 1351 643 1378 ἀνατολικὸν
666 1351 734 1386 ἔχων
751 1351 853 1378 ὑέλινὸν
869 1360 899 1378 τε

111 1398 231 1434 καθαρὸν
246 1398 294 1425 καὶ
313 1397 474 1424 λεπτότατον
491 1397 695 1433 παραθυρίδιον,
713 1397 899 1429 ἀνατείλαντος

111 1443 158 1471 τοῦ
182 1443 258 1479 ἡλίου
288 1444 316 1469 at
335 1444 442 1475 ἀκτῖνες
467 1443 549 1469 αὑτοῦ
577 1443 726 1478 διαπερῶσι
752 1443 799 1469 τὸν
824 1443 900 1470 ὑελὸν

111 1491 160 1517 ml.
183 1489 349 1526 εἰσέρχονται
375 1490 463 1516 πάντα
484 1490 528 1516 τὸν
551 1487 624 1517 οἷκον
648 1487 899 1524 καταςρωτίζοντες·

976 620 1085 654 Quas-1'.
1104 619 1174 647 XIX.
1190 619 1223 646 Et
1239 618 1374 655 quomodo
1394 618 1450 646 ﬁeri
1473 621 1574 654 potest,
1591 617 1729 653 Virginem

941 674 1037 702 parere
1053 674 1174 698 carnem,
1190 670 1216 693 et
1232 671 1323 692 tamen
1341 672 1452 691 manere
1468 663 1623 698 virginem?
1637 666 1664 690 et
1679 663 1732 689 hoc

942 714 1021 741 nobis
1043 713 1142 740 mirutn
1167 712 1275 739 videtur
1294 716 1320 739 et
1335 710 1447 738 omnino
1474 708 1623 737 absurdum
1641 716 1647 733 :
1664 707 1733 735 doce

943 767 994 787 nos
1007 758 1087 786 etiam
1107 758 1159 785 hac
1174 758 1207 785 de
1224 766 1263 790 re,
1281 763 1450 792 qumsumus.

980 805 1062 833 Rssr.
1081 804 1138 832 Etsi
1153 805 1236 832 nobis
1263 804 1315 831 hoc
1339 803 1488 838 permirum
1505 800 1623 832 videtur,
1638 806 1732 827 verum

946 859 1000 879 non
1028 854 1070 878 est
1102 850 1222 877 hominis
1245 857 1325 884 opus,
1351 849 1399 876 sed
1421 847 1469 874 Dei
1487 856 1493 874 :
1511 846 1583 873 Deus
1598 845 1670 872 enim
1689 844 1734 871 ubi

947 898 1014 930 vult,
1027 896 1113 924 vincit
1142 901 1247 923 natura:
1271 894 1407 922 ordinem.
1432 893 1464 919 Et
1479 900 1578 919 rursus
1595 900 1601 917 :
1622 900 1632 916 ‹
1651 890 1734 918 Mira-

945 944 1008 971 bilis
1032 946 1075 970 est
1099 941 1216 974 Deus“,
1238 951 1247 968 ›
1263 944 1289 968 et
1306 949 1315 966 ι
1334 938 1466 966 Mirabilia
1492 944 1575 972 opera
1601 936 1661 970 ejus
1674 935 1705 961 η.
1723 945 1732 960 ι

948 990 1142 1018 Verumtamen
1169 988 1232 1016 audi
1259 987 1292 1015 de
1314 986 1424 1022 Virgine
1452 985 1585 1021 genitrice
1609 983 1684 1010 varia
1708 987 1735 1009 et

946 1035 1153 1064 evidentissima
1171 1033 1293 1070 symbola
1311 1041 1318 1059 :
1339 1032 1484 1059 recordare
1498 1032 1569 1067 quod
1582 1032 1664 1059 Evam
1680 1039 1727 1067 ge-

948 1083 1038 1110 nuerit
1067 1081 1164 1113 Adam,
1189 1088 1251 1107 cum
1277 1083 1350 1107 esset
1370 1079 1469 1114 virgo:
1486 1085 1513 1106 et
1535 1086 1632 1106 rursus
1659 1078 1736 1113 virgo

948 1126 1092 1158 manserit,
1123 1124 1353 1160 quemadmodum
1379 1124 1466 1159 prius.
1495 1123 1528 1150 Et
1552 1124 1623 1150 sicut
1648 1123 1734 1149 Adam

948 1173 1023 1208 virgo
1037 1171 1187 1208 generavit.
1206 1175 1232 1198 et
1247 1171 1323 1205 virgo
1338 1171 1453 1201 mansit,
1464 1169 1500 1196 ita
1510 1175 1536 1196 et
1548 1169 1663 1204 Deipara
1677 1169 1734 1195 Ma-

948 1219 999 1250 ria,
1013 1219 1088 1253 virgo
1113 1225 1175 1244 cum
1196 1221 1280 1249 eSSet,
1305 1217 1409 1252 peperit
1428 1215 1580 1248 Christum,
1598 1219 1625 1241 et
1647 1219 1737 1242 tamen

948 1264 1024 1299 virgo
1039 1263 1199 1299 permansit.
1214 1261 1267 1290 Sed
1279 1267 1306 1289 et
1321 1261 1394 1288 aliud
1407 1261 1471 1291 audi
1485 1260 1662 1296 mysterium:
1681 1260 1737 1286 sic-

949 1313 979 1337 ut
1002 1309 1100 1337 domus
1120 1310 1306 1343 circumsepta
1333 1308 1464 1343 undique,
1479 1314 1538 1342 qua:
1556 1306 1636 1334 habet
1649 1306 1739 1333 orien-

949 1360 1004 1384 tem
1025 1364 1122 1383 versus
1134 1356 1249 1383 vitream
1276 1362 1372 1390 puram
1396 1358 1422 1381 et
1449 1353 1636 1380 tenuissimam
1663 1352 1739 1378 fee-

951 1401 1066 1433 stellam,
1078 1400 1183 1427 oriente
1202 1401 1269 1432 sole,
1286 1400 1355 1427 radii
1369 1399 1428 1434 ejus
1445 1401 1619 1433 penetrantes
1635 1397 1738 1424 vitrum

950 1451 977 1474 et
991 1447 1175 1482 ingredientes
1193 1445 1304 1472 domum
1323 1448 1409 1472 totam
1436 1444 1601 1471 collustrant
1618 1447 1662 1469 :et
1678 1450 1739 1469 rura

951 1500 999 1520 sus
1009 1495 1170 1520 transeunte
1185 1491 1242 1519 sole
1263 1494 1290 1518 et
1312 1489 1516 1526 egredientibus
1540 1488 1626 1515 radiis
1637 1489 1738 1515 vitrum

112 1536 160 1562 καὶ
185 1535 266 1562 πάλιν
293 1535 497 1571 παρερχομένου
518 1535 564 1562 τοῦ
583 1535 658 1570 ἡλίου
675 1535 722 1562 καὶ
744 1535 797 1561 τῶν
819 1535 898 1573 αὐτοὶ]

953 1547 1009 1566 non
1030 1538 1224 1573 confringitur,
1244 1537 1290 1564 sed
1307 1536 1340 1563 ab
1369 1535 1586 1571 ingredientibus
1615 1538 1641 1561 et
1662 1541 1739 1568 egre-

112 1582 230 1609 ἀκτίνων
254 1581 450 1617 ἐξερχομένων,
467 1581 482 1607 ὁ
498 1581 573 1613 ὖελδς
591 1581 620 1608 οὑ
645 1580 825 1616 συντρίϐεται,
843 1581 899 1607 ἀλλ’

113 1628 234 1663 ἀϐλαϐὴς
251 1628 284 1654 ὲκ
304 1627 358 1654 τῶν
378 1627 576 1663 εῐσερχομένων
598 1635 628 1653 τε
652 1627 698 1653 καὶ
717 1626 901 1662 ἐξερχομένων

113 1673 324 1708 προσκρούσεων
337 1672 385 1699 τοῦ
399 1673 473 1708 ἡλίου
490 1672 612 1708 διαμένει
627 1673 756 1699 ἀκτίνωνο
769 1671 840 1699 οὕτω
856 1681 901 1708 μοι

113 1719 169 1746 νόει
185 1719 233 1746 καὶ
252 1719 316 1755 περὶ
340 1719 389 1754 τῆς
410 1718 592 1754 ἀειπαρθένου
616 1718 736 1753 Μαρίας.
759 1717 832 1753 Αὕτη
848 1718 902 1754 γὰρ

113 1767 131 1801 ἡ
149 1766 295 1800 πάναγνος,
311 1765 349 1797 ὡς
359 1763 432 1797 οἶκος
445 1763 512 1792 οὖσα
527 1766 794 1801 περιπεφραγμένος,
809 1767 823 1792 ὁ
840 1766 902 1797 Υἱὸς

114 1811 162 1837 καὶ
175 1811 261 1844 Λόγος
270 1809 317 1836 τοῦ
330 1810 396 1836 Θεοῦ
410 1810 535 1846 καθάπερ
546 1810 625 1842 ἀκτὶς
636 1809 713 1846 θεῖκὴ
727 1812 759 1837 ἐκ
769 1811 816 1837 τοῦ
827 1811 902 1846 ἡλίου

114 1857 165 1892 τῆς
186 1856 358 1891 δικαιοσύνης
377 1855 423 1882 τοῦ
439 1855 547 1892 Πατρδς
562 1854 710 1887 κατελθὼν,
730 1856 777 1882 καὶ
791 1855 836 1882 διὰ
856 1855 902 1882 τοῦ

116 1903 220 1929 ὑελίνου
239 1902 434 1938 παραθυριδίου
460 1901 514 1928 τῶν
539 1901 627 1928 ὠτίων
648 1901 732 1936 αὐτῆς
755 1901 901 1934 εἰσελθὼν,

116 1950 161 1976 τὸν
175 1948 308 1983 πανάγιον
318 1946 391 1975 οἷκον
408 1948 491 1983 αὐτῆς
510 1946 689 1981 κατεφώτισε,
704 1947 751 1973 ml.
771 1947 852 1975 πάλιν
866 1947 903 1979 ὡς

117 1994 186 2022 οἶδεν
210 1995 308 2026 αὐτὸς,
330 1993 442 2029 ἐξῆλθε,
471 1993 508 2028 μὴ
533 1993 655 2028 λυμήνας
680 1993 729 2028 τὴν
756 1993 904 2028 παρθενίαν

117 2041 224 2075 ἐκείνης
243 2040 274 2066 τὸ
292 2039 415 2066 σύνολον·
433 2039 490 2066 ἀλλ’
506 2039 544 2071 ὡς
568 2039 621 2075 πρὸ
642 2039 689 2065 τοῦ
702 2039 793 2070 τόκου,
813 2039 860 2066 καὶ
875 2040 904 2065 ὲν

117 2086 156 2122 τῷ
174 2087 246 2122 τόκῳ
270 2086 318 2112 καὶ
349 2084 417 2121 μετὰ
438 2085 483 2111 τὸν
501 2085 580 2111 τόκον
605 2084 738 2120 παρθένον
757 2084 840 2120 ἁγνὴν
867 2084 906 2110 δι-

119 2132 245 2167 εφύλαξε.
270 2133 321 2159 Σὺν
343 2133 447 2163 τούτοις
481 2131 509 2157 δὲ
536 2131 583 2158 m‘t
608 2131 700 2167 ἕτερον
725 2130 905 2165 φωτολαμπὲς

120 2179 165 2206 καὶ
183 2177 422 2215 θανμαστώτατον,
438 2177 573 2204 κάκείνων
585 2176 734 2212 παρόμοιον
755 2176 905 2212 ἐκτύπωμα

952 1585 1091 1613 dientibus
1129 1583 1384 1619 repereussionibus
1427 1582 1566 1609 radiorum
1609 1579 1738 1607 solarium

952 1633 1043 1656 manet
1061 1629 1196 1661 illmsum;
1225 1629 1262 1655 ita
1290 1627 1426 1662 intelligas
1444 1626 1478 1653 de
1505 1633 1612 1660 semper
1629 1624 1739 1659 Virgine

952 1675 1049 1703 Maria.
1070 1674 1118 1702 llla
1135 1675 1208 1701 enim
1236 1673 1404 1705 castissima,
1431 1677 1461 1699 ut
1488 1672 1586 1698 domus
1616 1671 1740 1705 quaedam

951 1722 1132 1755 circumsepta
1150 1728 1212 1747 eum
1227 1719 1273 1752 sit,
1290 1718 1376 1745 Filius
1393 1721 1420 1745 et
1435 1716 1554 1745 Verbum
1579 1716 1624 1744 Dei
1643 1721 1672 1744 ut
1695 1723 1740 1743 ra-

952 1768 1014 1795 dius
1028 1767 1137 1794 divinus
1151 1774 1184 1793 ex
1201 1765 1258 1793 sole
1277 1765 1389 1799 justitia:
1402 1763 1482 1791 Patre
1494 1763 1675 1794 descendens,
1689 1762 1738 1797 qui

953 1821 1001 1848 per
1027 1813 1142 1839 vitream
1170 1811 1339 1838 feuestcllam
1363 1811 1469 1837 aurium
1504 1809 1577 1836 illius
1597 1809 1740 1844 ingressus

953 1858 1154 1886 sanctissimam
1173 1856 1284 1884 domum
1303 1857 1363 1891 ejus
1376 1855 1535 1888 illustravit,
1551 1858 1578 1882 et
1603 1861 1700 1881 rursus
1712 1857 1741 1880 ut

953 1904 1025 1931 idem
1036 1904 1121 1935 novit,
1134 1903 1228 1935 exivit,
1245 1910 1278 1930 ne
1295 1902 1406 1929 minime
1421 1901 1531 1936 quidem
1557 1900 1656 1927 fmdata
1683 1898 1740 1925 vir-

953 1950 1066 1985 ginitate
1083 1948 1157 1975 illius
1175 1956 1182 1975 :
1198 1947 1245 1974 sed
1275 1947 1346 1974 sicut
1375 1950 1438 1973 ante
1467 1949 1586 1981 partum,
1606 1945 1687 1971 etiarn
1713 1944 1739 1970 in

954 1999 1045 2030 partu,
1063 1998 1090 2022 et
1108 1998 1169 2030 post
1181 1998 1288 2029 partum
1305 1992 1445 2029 Virginem
1462 1995 1566 2019 castam
1596 1998 1742 2018 conserva-

954 2042 1002 2068 vit.
1015 2041 1148 2068 Praeterea
1173 2045 1199 2067 et
1230 2040 1310 2066 aliam
1336 2039 1470 2066 illustrem
1499 2037 1687 2064 admirandam
1715 2039 1742 2062 et

955 2088 1009 2115 illis
1023 2087 1139 2115 similent
1157 2086 1220 2113 audi
1240 2085 1459 2114 similitudinem.
1471 2083 1618 2118 Margarita
1633 2083 1660 2108 in
1673 2081 1742 2108 mali

955 2132 1048 2160 Rubro
1063 2137 1210 2167 generatur
1227 2140 1233 2158 :
1251 2134 1396 2166 generatur
1413 2133 1502 2157 autem
1514 2129 1566 2156 hoc
1579 2127 1669 2154 modo.
1686 2127 1741 2152 Ex-

955 2180 1106 2206 tremitates
1133 2179 1216 2206 maris
1244 2177 1331 2204 Rubri
1364 2177 1445 2204 siccat
1480 2177 1554 2205 sunt,
1591 2179 1740 2208 paucarum

119 2225 244 2252 ἄκουσον.
273 2224 303 2250 Ὀ
326 2224 498 2259 μαργαρίτης
516 2223 555 2254 ,ὲν
582 2223 615 2257 τῇ
638 2222 754 2258 Ἐρυθρᾷ
784 2223 898 2257 θαλάσσῃ

956 2231 1089 2259 aquarum
1110 2223 1213 2250 ﬂuxum
1237 2223 1378 2250 habentes.
1394 2221 1574 2248 inveniuntur
1596 2223 1685 2246 autem
1704 2217 1741 2244 ibi

121 2271 238 2305 γίνεται·
255 2270 361 2304 γίνεται
383 2269 412 2296 δὲ
428 2268 525 2300 οὕτως.
550 2269 582 2294 At
599 2268 681 2304 ἄκραι
705 2269 754 2304 τῆς
772 2267 904 2303 Ἐρυθρᾶς

121 2316 258 2351 θαλάσσης
276 2315 357 2351 ξηραί
372 2316 450 2346 εἰσιν,
468 2314 558 2348 ὀλίγου
577 2314 653 2350 χύσιν
670 2314 764 2346 ὓδατος
785 2314 903 2349 ἔχουσαι.

121 2362 298 2397 Εὑρίσκονται
309 2362 336 2388 δὲ
347 2363 435 2388 ἐκεῖσε
450 2361 689 2397 ὀστρακοδέρματά
699 2370 759 2388 τινα
773 2360 904 2387 θαλάσσια

121 2410 150 2434 ὲν
167 2408 240 2443 πάσῃ
253 2409 286 2443 τῇ
305 2407 422 2443 Ἐρυθρᾷ
437 2406 558 2443 θαλάσσῃ
573 2407 673 2442 εκείνη,
698 2407 788 2433 πίνναι
803 2407 903 2441 ὀνομα-

123 2453 232 2488 ζόμενα.
254 2453 391 2479 Ἴστανται
414 2449 460 2478 οὖν
479 2453 505 2478 αἱ
527 2452 618 2478 πίνναι
639 2453 740 2478 ἐκεῖναι
762 2452 805 2478 ἀεὶ
821 2459 904 2486 κεχη-

122 2501 205 2531 νυῐαι,
223 2499 271 2526 καὶ
291 2498 466 2533 ἐκδεχόμεναι
482 2497 612 2533 βρώματα
631 2499 671 2529 είς
690 2496 791 2532 τροφὴν
805 2497 904 2523 αὐτῶν.

129 2545 173 2571 Ἐν
191 2544 255 2579 γοῦν
269 2544 307 2580 τῷ
327 2543 453 2571 ἵστασθαι
472 2544 557 2576 αὑτὰς
577 2544 723 2580 κεχηνυίας
741 2544 786 2570 καὶ
800 2544 906 2578 ἐκδεχο-

125 2591 208 2626 μένας
222 2590 271 2626 τὴν
286 2590 390 2617 ἑαυτῶν
404 2590 516 2626 τροφὴν,
533 2590 638 2625 συχνῶν
654 2590 806 2625 γενομένων
818 2590 906 2616 ἐκεῖσε

125 2636 178 2663 τῶν
201 2635 368 2671 ἀστραπῶν,
394 2635 554 2671 κατέρχεται
575 2636 591 2670 ἡ
618 2635 744 2670 ἀστραπὴ
767 2635 834 2670 πρὸς
858 2635 907 2670 τὴν

126 2682 236 2714 πίνναν,
265 2682 312 2708 καὶ
335 2682 499 2716 εὐρίσκουσα
527 2683 562 2709 τὰ
583 2683 633 2716 τῆς
662 2681 758 2717 πίννης
787 2681 908 2717 ὕστρακα

163 2760 183 2776 ¹¹
204 2759 274 2787 Psal.
295 2766 384 2791 Lxrit,
401 2759 445 2786 56.
485 2760 505 2775 ¹¹
527 2759 609 2787 Eccli.
626 2767 660 2791 ι,
680 2759 706 2787 ι.

957 2270 1096 2297 eonehilia
1109 2271 1224 2301 marina,
1240 2269 1269 2296 in
1295 2272 1352 2296 toto
1371 2268 1440 2294 mari
1466 2266 1512 2293 illo
1534 2265 1635 2296 Rubro,
1652 2264 1741 2298 pinna:

958 2316 1108 2343 nominata.
1129 2315 1208 2342 Stant
1221 2314 1303 2350 igitur
1314 2314 1403 2348 pinna
1427 2313 1480 2340 illa:
1501 2318 1609 2345 semper
1633 2311 1741 2336 hiantes

957 2366 983 2388 et
994 2365 1183 2396 exspectantes
1198 2368 1276 2387 escas
1293 2359 1326 2386 ad
1337 2358 1535 2386 nutrimentum
1550 2356 1592 2383 sui
1606 2364 1612 2381 ξ
1631 2354 1740 2381 interim

957 2408 1021 2434 dum
1034 2408 1071 2434 ita
1086 2406 1241 2434 consistunt
1257 2405 1372 2437 hiantes,
1386 2408 1412 2430 et
1423 2405 1580 2437 exspectant
1593 2400 1742 2428 nutrimen-

957 2457 1027 2486 tum,
1052 2456 1079 2480 et
1106 2459 1202 2488 magna
1230 2451 1308 2486 copia
1336 2449 1441 2477 accedit
1462 2448 1609 2482 fulgurum,
1637 2445 1740 2473 accedit

963 2494 1074 2533 aliquod
1092 2498 1182 2532 fulgur
1202 2496 1234 2523 ad
1251 2497 1372 2532 pinnam,
1391 2500 1417 2522 et
1436 2501 1498 2521 eum
1520 2492 1636 2527 reperiat
1655 2494 1740 2516 testas

959 2543 1050 2578 pinnae
1077 2547 1195 2578 apertas,
1219 2541 1372 2576 ingreditur
1401 2540 1429 2566 in
1455 2539 1544 2565 illam:
1568 2538 1650 2572 pinna
1677 2541 1740 2560 vero

960 2592 1102 2616 contracta
1119 2589 1210 2616 statim
1223 2592 1250 2615 et
1262 2586 1412 2614 constricta
1429 2585 1457 2612 in
1474 2584 1591 2618 seipsam
1611 2582 1684 2608 intus
1699 2579 1740 2606 in-

961 2635 1046 2662 cludit
1059 2634 1161 2670 fulgur.
1177 2633 1280 2669 Fulgur
1291 2639 1356 2660 vero
1369 2630 1527 2658 obvolutum
1541 2629 1567 2655 in
1578 2627 1665 2664 globis
1676 2632 1741 2652 oeu-

961 2681 1050 2708 lorum
1073 2681 1172 2716 pinnae,
1195 2680 1313 2708 illustrat
1338 2677 1410 2709 illos,
1436 2681 1462 2704 et
1482 2677 1630 2703 commutat
1647 2680 1694 2700 eos
1713 2671 1739 2699 in
