1940 3068
205 99 250 127 791

776 99 805 126 S.
826 97 1056 126 ATIIANASIUS.
1076 113 1112 118 —
1130 96 1242 124 DUBIA.

1770 92 1835 120 792

203 160 374 194 margaritas.
400 159 521 193 Egressm
545 163 634 186 autem
661 159 813 193 margarita:
838 166 871 186 ex
892 159 981 194 pinna,

1038 157 1205 192 ἀνεῳγμένα,
1223 156 1374 191 εἰσέρχεται
1388 155 1428 183 εἰς
1446 153 1546 190 αὐτήν·
1559 153 1576 188 ἡ
1589 153 1618 180 δὲ
1634 151 1724 184 πίννα,
1740 152 1832 184 εὺθίις

203 205 346 239 procidunt
359 204 392 231 ad
408 205 484 231 littus
500 204 597 236 maris,
618 208 700 239 alque
722 204 759 231 ita
776 207 926 240 piscatores
940 211 987 231 ca-

203 251 280 284 piunt
312 251 381 278 illas.
416 250 532 277 Perinde
564 250 699 285 intelligas
733 250 766 278 de
801 250 987 278 incarnatione

202 295 293 324 Verbi.
312 295 387 322 Marc
411 295 519 330 quidem
546 300 589 323 est
612 295 741 326 mundus.
767 299 795 323 et
814 295 895 330 Virgo
919 303 986 323 con-

202 341 263 369 cha.
288 341 382 368 Stabat
405 346 495 369 autem
522 341 616 376 Virgo,
638 341 867 376 quemadmodum
889 341 983 376 pinna,

202 387 228 413 in
241 386 353 422 templo,
367 390 393 414 et
408 387 560 422 excipiebat
576 388 715 414 caelestem
730 395 828 422 panem
845 386 984 415 Christum

201 432 296 464 Deum,
313 433 360 468 qui
383 437 410 460 et
429 433 598 460 descendens
619 438 645 461 et
659 433 799 468 ingressus
819 434 846 461 in
866 441 937 466 eam,
954 437 985 460 ut

200 477 302 513 fulgur,
324 483 350 506 et
372 479 534 506 convolutus
558 479 585 506 in
602 479 755 506 visceribus
773 479 938 514 virginitatis
951 479 984 506 il-

200 524 263 557 lius,
288 524 456 560 splendidam
483 525 602 552 reddidit
634 526 834 552 sanctissimam
860 533 982 557 carnem,

199 579 279 606 quam
295 571 444 606 assumpsit
459 571 540 605 287
552 571 729 604 incarnatus;
749 576 777 598 et
791 572 831 599 sic
845 576 926 599 natus
942 577 983 599 est

198 625 232 644 ex
248 624 291 648 ea,
311 616 427 644 Verbum
443 617 502 648 Det,
520 621 550 643 ut
565 625 632 652 pura
648 621 675 644 et
690 617 886 652 pretiosissima
903 625 983 644 mar—

198 663 286 698 garita
302 663 362 690 sine
372 670 522 697 congressu
535 663 661 690 masculi.
678 663 711 690 Et
726 667 756 690 ut
768 664 914 699 margarita
926 671 982 691 cm-

200 708 277 735 lestis
301 712 343 736 est
365 712 391 735 et
414 709 675 736 terrenazcmlestis
696 709 805 743 quidem
830 709 981 736 secundum

199 753 289 788 fulgur
303 763 309 780 :
322 754 460 781 terrestris
475 761 539 780 vero
556 753 706 780 secundum
729 753 899 788 complexum
916 761 982 782 ocu-

198 800 286 826 lorum
309 800 415 834 pinnat;
435 800 476 827 sic
491 799 574 827 etiam
597 799 725 827 Christus
749 800 869 827 caelestis
894 804 936 828 est
955 805 982 828 et

1042 202 1238 237 συστελλομένη
1254 202 1302 228 καὶ
1317 199 1521 235 συσφιγγομὲνη
1542 199 1601 225 καθ’
1622 197 1730 233 ἑαυτὴν,
1747 198 1834 229 ὲντλς

1039 248 1124 282 αὐτῆς
1149 247 1287 274 ἀποκλείει
1314 247 1363 281 τὴν
1384 246 1536 281 ἀστραπήν.
1566 245 1599 271 Ἠ
1624 245 1652 271 δὲ
1677 244 1831 280 ἀστραπὴ,

1038 294 1214 329 τυλισσομὲνη
1230 294 1270 324 είς
1276 293 1339 323 τοὺς
1348 292 1397 327 (7‘)
1405 291 1545 327 φορϐείους
1553 290 1607 317 τῶν
1614 290 1759 325 ὀφθαλμῶν
1771 290 1831 324 τῆς

1038 341 1151 375 πίννης,
1166 338 1390 373 καταλαμπρύνει
1415 337 1530 368 αὐτοὺς,
1559 337 1607 363 καὶ
1636 338 1706 363 ποιεῖ
1723 336 1830 367 αὐτοὺς

1039 386 1219 421 μαργαρίτας.
1238 384 1424 420 Ἐξερχόμενοι
1435 383 1464 409 δὲ
1478 383 1502 409 οἱ
1523 384 1688 417 μαργαρῖται
1704 382 1757 408 ἀπὸ
1771 383 1829 418 τῆς

1037 432 1148 467 πίννης,
1167 431 1294 457 πίπτουσι
1317 429 1386 464 πρὸς
1410 429 1456 456 τὸν
1478 428 1600 461 αἰγιαλὸν
1616 428 1665 463 τῆς
1683 427 1828 462 Θαλάσσης

1037 477 1153 512 ἐκείνης,
1173 476 1219 502 καὶ
1232 475 1318 506 οὕτως
1331 474 1502 510 εὑρίσκουσιν
1513 473 1610 504 αὐτοὺς
1620 474 1645 499 οἱ
1658 472 1828 508 γυρεὺοντες

1036 523 1144 554 αὐτούς.
1165 522 1256 553 Οὕτως
1282 529 1325 556 μοι
1347 521 1401 547 νόει
1419 520 1466 547 καὶ
1492 520 1556 555 περὶ
1580 519 1631 553 τῆς
1656 518 1827 554 σαρκώσεως

1035 567 1081 594 τοῦ
1096 568 1192 602 Λόγου.
1205 567 1332 593 Θάλασσα
1356 566 1404 601 μὲν
1418 567 1432 592 ὀ
1453 566 1563 600 κόσμος,
1580 566 1628 591 καὶ
1646 565 1662 600 ἡ
1683 564 1827 601 Παρθένος

1035 613 1164 649 κογχὺλη.
1179 613 1285 639 Ἷστατο
1301 611 1329 638 δὲ
1349 613 1366 648 ἡ
1386 611 1524 647 Παρθένος
1544 611 1668 647 καθάπερ
1694 610 1772 637 πίννα
1792 612 1826 637 ὲν

1035 659 1073 694 τῷ
1085 659 1151 694 ναῷ,
1169 659 1333 694 ἐκδεχομένη
1351 658 1395 684 τδν
1407 658 1531 694 οὐράνιον
1547 658 1628 694 ἄρτον
1644 657 1760 692 Χριστὸν
1772 657 1825 683 τὸν

1035 705 1111 736 Θεὸν,
1134 705 1163 737 ὃς
1179 705 1226 731 καὶ
1251 704 1386 731 κατελθὼν
1408 704 1455 731 καὶ
1483 703 1608 730 εἰσελθὼν
1625 704 1653 729 ἐν
1672 703 1755 738 αὐτῇ,
1782 703 1824 734 ὡς

1035 750 1180 786 ἀστραπὴ,
1207 750 1255 776 καὶ
1281 749 1476 785 ὲντετυλιχθεὶς
1502 750 1531 776 ὲν
1562 750 1622 780 ταῖς
1648 748 1741 782 λαγόσι
1769 748 1824 783 τῆς

1035 795 1181 830 παρθενίας
1195 795 1288 830 αὐτῆς,
1303 794 1472 830 λαμπροειδῆ
1488 793 1673 820 κατεσκεύασε
1683 793 1732 827 τὴν
1750 801 1823 818 παν-

196 849 323 872 terrenus
345 855 350 872 :
369 845 490 873 cmlestis
516 845 627 880 quidem
653 845 802 873 secundum
828 845 979 873 deitatem:

1034 841 1110 875 αγίαν
1126 841 1224 877 σάρκα,
1235 840 1269 876 ἦν
1283 840 1464 876 προσελάϐετο
1483 839 1634 876 σαρκωθείς
1643 847 1649 854 '
1670 839 1717 865 καὶ
1731 838 1823 870 οὕτως

197 890 335 917 terrestris
350 895 439 917 autem
453 890 604 917 secundum
621 891 828 917 humanitatem.
841 889 873 916 Et
888 898 982 924 quem-

197 935 341 962 admodum
358 935 504 970 margarita
524 939 671 970 generatur
684 935 743 963 sine
759 943 910 971 congressu
924 943 982 962 ma-

197 981 265 1008 sculi
282 985 309 1008 et
323 980 438 1012 feminze,
457 988 488 1008 ex
506 980 610 1016 fulgore
631 985 659 1008 et
674 981 767 1016 pinna,
783 982 819 1008 ita
840 982 920 1009 etiam
934 989 982 1008 na-

196 1030 241 1053 tus
262 1030 305 1054 est
320 1026 447 1054 Christus
468 1027 527 1054 sine
550 1034 699 1061 congressu
724 1027 839 1055 masculi
865 1032 892 1055 et
908 1027 982 1054 femi-

196 1079 248 1103 nze,
263 1079 297 1099 ex
312 1071 423 1103 deitate,
449 1075 476 1099 et
506 1079 539 1099 ex
561 1079 644 1099 carne
659 1071 788 1107 Virginis.
802 1071 836 1098 Et
848 1072 980 1106 quemad-

195 1116 305 1144 modum
319 1124 380 1143 cum
397 1117 544 1151 margarita
559 1118 721 1149 conteritur,
744 1117 858 1144 materia
866 1117 980 1152 quidem

195 1163 337 1190 oculorum
353 1163 443 1197 pinnze
463 1163 614 1190 conteritur
637 1166 664 1190 et
689 1163 847 1195 resolvitur.
870 1170 921 1190 nec
940 1167 982 1189 ta-

195 1217 257 1236 men
271 1208 399 1243 splendor
416 1207 534 1243 fulguris
555 1209 668 1244 patitur,
685 1208 733 1236 sed
748 1209 877 1243 splendor
892 1208 981 1242 fulgu-

194 1255 233 1281 ris
262 1253 421 1288 impatibilis
451 1255 689 1281 manetzmateria
715 1258 807 1281 autem
837 1253 979 1281 oculorum

194 1299 284 1334 pinnae
301 1299 359 1326 sola
382 1299 533 1326 conteritur
547 1302 574 1326 et
591 1299 711 1334 patitur;
727 1299 762 1326 ita
778 1302 805 1326 et
821 1298 849 1325 in
870 1298 980 1326 Christo

194 1345 252 1371 haec
269 1343 444 1379 intelligenda
461 1347 534 1371 sunt.
551 1344 620 1370 Cum
641 1345 713 1371 enim
731 1344 776 1371 ille
793 1343 918 1370 Salvator
931 1350 982 1370 no-

193 1393 250 1416 ster
263 1388 445 1424 ﬁagellaretur
461 1393 486 1415 et
503 1392 641 1423 pateretur
669 1396 684 1415 a
698 1387 799 1416 Iudaeis
824 1388 980 1416 inﬁdelibus

194 1434 369 1461 excruciatus
385 1434 412 1460 in
434 1441 527 1466 cruce,
551 1433 666 1461 materia
679 1433 789 1468 quidem
808 1433 911 1466 carnis,
928 1433 980 1460 hoc

194 1483 237 1506 est
248 1479 414 1510 humanitas,
432 1481 490 1506 sola
504 1486 584 1514 passa
597 1482 650 1511 est,
664 1479 751 1507 deitas
766 1483 856 1507 autem
872 1479 980 1514 impati-

194 1525 256 1552 bilis
278 1526 437 1560 permansit.
455 1524 487 1551 Et
511 1532 573 1552 cum
594 1525 646 1552 hoc
659 1525 740 1555 dicis.
770 1525 874 1552 refutas
889 1524 980 1552 Theo-

195 1570 343 1605 paschitas,
369 1574 396 1598 et
412 1570 494 1598 doces
510 1570 680 1597 incarnatam
706 1570 896 1598 oeconomiam.
912 1570 982 1598 Hinc

195 1616 255 1648 tibi,
270 1616 377 1647 dilecte,
397 1616 542 1651 scrupulus
555 1616 642 1650 gratia
657 1615 761 1643 Christi
772 1615 910 1643 eximitur.

1032 887 1165 922 ἐγεννήθη
1191 886 1220 920 ἐξ
1251 887 1335 922 αὐτῆς
1358 888 1396 918 ὼς
1423 886 1542 922 καθαρὸς
1565 887 1612 913 καὶ
1637 885 1822 920 πολυτίμητος

1033 932 1233 968 μαργαρίτης-6
1260 932 1346 966 Λόγος
1360 931 1407 958 τοῦ
1430 932 1497 958 Θεοῦ
1521 932 1605 967 χωρὶς
1626 931 1739 966 ἄρρενος
1757 938 1822 956 συν-

1031 977 1194 1012 οιασιασμοῦ.
1215 977 1270 1004 Καὶ
1285 976 1380 1013 ὥσπερ
1397 978 1411 1003 ὁ
1427 977 1599 1012 μαργαρίτης
1622 976 1744 1012 οὐράνιός
1760 976 1822 1003 ἐστι

1032 1024 1079 1050 καὶ
1105 1024 1245 1058 ἐπίγειος,
1276 1024 1400 1060 οὐράνιος
1419 1023 1468 1059 μὲν
1494 1023 1565 1050 κατὰ
1589 1023 1638 1057 τὴν
1663 1022 1820 1057 ἀστραπὴν,

1032 1070 1152 1104 ἐπίγειος
1170 1070 1198 1096 δὲ
1213 1069 1283 1096 κατὰ
1296 1070 1345 1105 τὴν
1362 1069 1520 1105 συμπλοκὴν
1537 1069 1590 1095 τῶν
1605 1068 1752 1103 ὀφθαλμῶν
1768 1068 1822 1103 τῆς

1031 1116 1140 1152 πίννης⁸
1158 1115 1228 1142 οὕτω
1244 1116 1291 1142 καὶ
1311 1116 1325 1142 ὁ
1341 1115 1457 1151 Χριστος
1471 1115 1596 1151 οὐράνιός
1621 1116 1678 1141 ἐστι
1696 1114 1742 1140 καὶ
1758 1114 1822 1140 ἐπί-

1031 1169 1119 1195 γειος·
1134 1161 1258 1197 οὐράνιος
1277 1161 1326 1196 μὲν
1348 1161 1418 1187 κατὰ
1433 1161 1482 1195 τὴν
1503 1160 1628 1195 Θεότητα,
1652 1159 1772 1193 ἐπίγειος
1789 1159 1820 1184 δὲ

1031 1206 1101 1233 κατὰ
1117 1207 1324 1242 ἁνθρωπότητα.
1342 1206 1398 1232 Καὶ
1412 1205 1505 1242 ὤσπερ
1518 1206 1531 1232 ὁ
1546 1205 1717 1241 μαργαρίτης
1733 1213 1819 1231 κατα-

1032 1252 1191 1284 σκευάζεται
1207 1251 1272 1278 ἅνευ
1293 1252 1434 1283 συνουσίας
1456 1252 1569 1287 ἄρρενος
1596 1252 1643 1279 καὶ
1668 1251 1763 1285 θήλεος
1787 1251 1819 1284 ἐξ

1031 1297 1172 1334 ἀστραπῆς
1193 1298 1241 1324 καὶ
1267 1298 1316 1333 τῆς
1344 1299 1457 1333 πίννης,
1482 1297 1568 1329 οὕτως
1595 1297 1643 1324 καὶ
1666 1297 1680 1323 ὀ
1701 1296 1819 1332 Χριστὸς

1031 1344 1163 1379 ἐγεννήθη
1178 1344 1242 1370 ἄνευ
1262 1343 1459 1378 συνουσιασμοῦ
1482 1343 1595 1379 ἄρρενος
1614 1343 1660 1369 καὶ
1675 1342 1819 1378 Θήλεοςὲκ

1029 1390 1080 1425 τῆς
1095 1390 1233 1426 θεότητος,
1256 1391 1302 1416 καί
1326 1391 1376 1426 τῆς
1398 1389 1498 1426 σαρκὸς
1514 1389 1563 1424 τῆς
1588 1389 1734 1424 Παρθένου.
1761 1388 1819 1415 Καὶ

1031 1435 1126 1471 ὥσπερ
1141 1436 1155 1462 ὁ
1173 1435 1346 1471 μαργαρίτης
1361 1435 1580 1470 συντριϐόμενος,
1596 1433 1748 1468 πολλάκιςὴ
1768 1433 1818 1468 μὲν

1033 1481 1081 1516 ὕλη
1096 1481 1150 1506 τῶν
1165 1481 1309 1516 ὀφθαλμῶν
1328 1481 1376 1516 τῆς
1396 1480 1492 1516 πίννης
1515 1479 1684 1514 συντρίϐεται
1700 1478 1747 1505 καὶ
1760 1478 1819 1505 δια-

1033 1526 1142 1557 λύεται,
1163 1527 1223 1561 οὐχὶ
1247 1527 1275 1553 δὲ
1300 1526 1347 1553 καὶ
1375 1527 1393 1561 ἡ
1415 1525 1574 1561 λαμπρότης
1600 1525 1649 1560 τῆς
1675 1523 1818 1559 ἀστραπῆς

1033 1572 1144 1607 πάσχει,
1164 1573 1221 1599 ἀλλ’
1237 1573 1253 1608 ἡ
1276 1572 1324 1608 μὲν
1339 1572 1498 1608 λαμπρότης
1514 1572 1563 1607 τῆς
1579 1571 1723 1606 ἀστραπῆς
1744 1571 1818 1597 ἁπα-

1034 1617 1082 1652 οὴς
1098 1617 1232 1652 διαμένει,
1250 1617 1267 1653 ἡ
1283 1617 1311 1644 δὲ
1335 1617 1385 1652 ὒλη
1402 1618 1456 1644 τῶν
1481 1617 1625 1653 ὀφθαλμῶν
1647 1617 1696 1652 τῆς
1721 1617 1818 1652 πίννης

196 1662 263 1697 μόνη
281 1663 450 1698 συντρίϐεται
467 1663 514 1689 καὶ
541 1663 654 1697 πάσχει·
678 1662 764 1694 οὕτως
786 1664 833 1689 καὶ
854 1664 900 1690 ἐπὶ
924 1664 972 1690 τοῦ
997 1665 1114 1700 Χριστοῦ
1144 1665 1184 1691 δεῖ
1203 1674 1233 1691 σε
1260 1666 1339 1692 νοεῖν.
1360 1665 1564 1701 Μαστιζομένου
1593 1665 1647 1700 γὰρ
1665 1662 1746 1691 αὐτοῦ
1768 1665 1817 1690 τοῦ

194 1708 318 1744 Σωτῆρος
330 1710 346 1744 ἡ
351 1709 422 1743 μῶν,
435 1709 481 1736 καὶ
497 1709 646 1744 πάσχοντος
661 1709 712 1734 ὑπὸ
725 1709 778 1735 τῶν
791 1709 913 1736 ἀπίστων
932 1710 1065 1736 Ἰουδαίων
1075 1711 1103 1736 ἐν
1115 1710 1154 1745 τῷ
1170 1710 1288 1746 σταυρῷ,
1300 1711 1316 1746 ἠ
1328 1710 1376 1746 μὲν
1388 1710 1436 1745 ὒλῆ
1448 1711 1497 1745 τῆς
1511 1710 1619 1744 σαρκὸς,
1639 1709 1720 1744 ήγουν
1735 1709 1751 1743 ὴ
1768 1709 1817 1734 ἀν-

195 1756 352 1792 θρωπὰτης,
364 1757 431 1792 μόνη
444 1757 556 1792 ἔπασχε,
572 1760 588 1792 ἡ
600 1757 628 1783 δὲ
639 1757 734 1792 θεότης
745 1757 852 1792 ἀπαθὴς
861 1757 988 1792 διέμεινε.
1003 1758 1058 1784 Καὶ
1070 1758 1156 1785 ταῦτα
1174 1758 1270 1792 λέγων,
1289 1758 1488 1793 ἀντιστομίζεις
1501 1757 1697 1791 Θεοπασχίτας,
1709 1756 1755 1782 καὶ
1765 1755 1816 1790 τὴν

195 1803 324 1838 ενσαρκον
337 1803 472 1834 διδάσκεις
486 1804 651 1838 οἰκονομίαν.
670 1803 810 1830 Ἐντεῦθεν
831 1812 871 1830 σοι
888 1804 918 1830 τὸ
933 1805 1091 1840 ἀμφίϐολον,
1105 1805 1227 1840 ἀγαπητὲ
1237 1825 1244 1837 ,
1262 1805 1352 1840 χάριτι
1365 1803 1481 1840 Χριστοῦ
1492 1804 1637 1830 διαλύεται.

230 1849 339 1882 ρυλεςτ.
376 1848 435 1876 XX.
468 1848 601 1882 Quoniam
629 1849 732 1880 omnia,
765 1849 857 1876 divine
891 1850 980 1882 Pater,

195 1895 390 1923 convenienter
405 1903 455 1922 nos
473 1894 602 1922 docuisti.
619 1894 741 1922 Petimus
756 1903 771 1922 a
789 1899 825 1926 te,
843 1899 872 1922 ut
885 1899 913 1922 et
928 1895 979 1923 hoc

195 1941 274 1968 nobis
296 1941 498 1975 interpreteris,
525 1941 558 1967 de
581 1948 636 1975 quo
664 1940 754 1968 adhuc
781 1941 940 1968 dubitamus
969 1951 974 1968 :

195 1986 373 2022 quamobrem:
393 1986 479 2013 deitas
495 1993 547 2012 non
569 1985 692 2012 docuerit
708 1986 766 2013 sola
788 1986 936 2018 hominem,
952 1990 980 2014 et

195 2032 344 2059 servaverit
356 2039 419 2060 eum
434 2031 492 2059 sine
506 2039 588 2059 carne
600 2031 611 2058 ?
623 2038 673 2059 cur
686 2031 759 2058 enim
776 2031 892 2059 voluerit
909 2031 979 2060 ferre

195 2085 305 2106 carnem
317 2078 329 2105 ἲ

230 2122 313 2152 lisse.
328 2123 417 2150 Etiam
433 2123 466 2151 de
480 2123 532 2150 hoc
543 2123 627 2158 probe
642 2122 794 2159 interrogas
807 2134 814 2151 :
830 2124 903 2151 unde
915 2124 977 2152 audi
997 2135 1017 2161 ῃ

194 2170 275 2197 etiam
292 2170 377 2204 probe
391 2169 606 2204 responsionem.
622 2169 772 2205 Principio,
783 2171 893 2205 quando
909 2170 981 2199 Deus

195 2215 317 2243 condidit
327 2215 474 2247 hominem,
495 2220 521 2243 et
536 2215 665 2243 seductus
681 2220 723 2244 est
741 2225 755 2243 a
768 2216 876 2244 diabolo
886 2217 980 2249 homo,

195 2271 249 2290 non
272 2263 337 2290 vicit
363 2262 489 2290 diabolus
516 2262 662 2295 deitatem,
692 2263 741 2291 sed
771 2263 978 2290 humanitatem.

195 2309 366 2344 Quapropter
379 2309 461 2336 etiam
479 2309 592 2336 decebat
609 2313 766 2344 superatam
782 2309 978 2336 humanitatem

194 2354 314 2382 vicissim
329 2353 438 2381 vincere
462 2353 567 2380 hostem
589 2361 669 2381 suum
684 2353 835 2386 diabolum,
859 2356 889 2379 ut
903 2352 981 2379 vicis-

195 2398 246 2426 sim
263 2399 397 2434 acciperet
408 2406 456 2433 per
469 2399 544 2425 illum
555 2399 632 2432 prius
645 2398 777 2426 amissum
794 2398 915 2425 divinum
933 2405 981 2433 pa-

195 2446 328 2474 radisum.
347 2445 376 2472 Si
392 2446 463 2473 enim
485 2444 558 2472 nuda
582 2444 671 2472 deitas
695 2444 862 2474 advenisset.
879 2448 906 2472 et
920 2445 980 2471 dia.

194 2490 287 2518 bolum
320 2489 440 2520 vicisset.
467 2489 634 2524 gloriaturus
661 2493 721 2516 erat
744 2489 881 2521 diabolus,
911 2489 979 2516 nihil

194 2535 293 2563 mirum
308 2543 370 2563 esse
381 2535 486 2566 dicens,
502 2534 526 2562 si
540 2542 557 2561 a
572 2534 671 2562 deitate
683 2537 859 2568 superaretur
871 2543 878 2564 ;
891 2542 906 2560 a
923 2534 980 2561 dci-

194 2586 250 2609 tate
271 2581 343 2608 enim
367 2588 428 2609 esse
442 2589 473 2608 se
492 2580 629 2608 devictum
648 2589 656 2606 :
670 2584 697 2608 et
712 2585 854 2615 propterea
870 2588 923 2607 non
940 2581 980 2607 vi-

193 2635 255 2654 sum
270 2627 320 2654 [uit
336 2626 402 2658 Deo,
419 2631 449 2653 ut
465 2627 524 2654 sola
538 2626 626 2654 deitas
642 2626 780 2653 diabolum
797 2631 977 2661 oppugnaret,

193 2673 242 2700 sed
262 2672 348 2700 voluit
369 2672 575 2704 humanitatem,
596 2679 658 2706 quae
671 2673 743 2699 victa
757 2676 799 2699 est
820 2680 835 2699 a
858 2672 977 2703 diabolo,

194 2719 316 2746 eamdem
337 2723 364 2746 et
380 2719 466 2746 solam
486 2718 596 2746 vincere
617 2726 678 2746 eum
696 2718 742 2753 qui
765 2719 850 2753 ipsam
866 2719 977 2750 vicerat,

194 2763 343 2791 diabolum.
352 2765 418 2792 Cum
431 2765 589 2800 praevideret
604 2764 686 2801 igitur
697 2764 805 2799 sapiens
812 2764 893 2798 Deus,
908 2765 978 2799 quod

231 2809 280 2846 (Τ)
298 2810 364 2846 Reg.
376 2811 403 2843 2,
421 2810 554 2846 βερϐιοὺς,

1076 1849 1171 1886 Ἐρώτ.
1186 1854 1219 1876 κ’.
1244 1851 1308 1877 Ἰδοὺ
1331 1849 1417 1876 ταῦτα
1435 1849 1540 1881 πάντα,
1561 1847 1694 1875 θεοείκελε
1712 1847 1814 1882 Πάτερ,

1034 1896 1207 1931 ἁρμοζόντως
1222 1897 1287 1931 ἡμῖν
1305 1895 1435 1927 ἐδίδαξας.
1457 1893 1597 1929 Ἀξιοῦμέν
1611 1902 1640 1920 σε
1655 1893 1694 1924 δὲ,
1710 1893 1753 1919 ἵνα
1768 1894 1814 1919 καὶ

1032 1941 1110 1968 τοῦτο
1127 1943 1192 1977 ἡμῖν
1216 1941 1387 1978 ὲρμηνεύσῃς
1401 1941 1431 1967 τὸ
1447 1940 1641 1975 ἀπορούμενον,
1657 1939 1701 1966 διὰ
1724 1939 1749 1965 τί
1766 1939 1815 1965 οὐκ

1032 1987 1151 2020 ἐδίδαξεν
1165 1988 1181 2022 ἡ
1198 1987 1293 2022 θεότης
1318 1987 1397 2022 μόνον
1413 1986 1458 2012 τὸν
1475 1985 1626 2021 ἄνθρωπον,
1650 1986 1698 2012 καὶ
1715 1985 1814 2011 ἔσωσεν

1032 2033 1113 2060 αὐτὸν
1130 2033 1193 2059 ἄνευ
1211 2033 1326 2068 σαρκός;
1344 2033 1370 2059 τί
1386 2032 1440 2068 γὰρ
1457 2032 1535 2067 ἤθελε
1557 2031 1604 2058 τοῦ
1628 2030 1739 2072 φορέσαι
1764 2030 1813 2066 τὴν

1034 2078 1136 2113 σάρκα;

1074 2124 1166 2150 Ἀπόκ.
1193 2124 1248 2150 Καὶ
1270 2124 1334 2159 περὶ
1360 2123 1454 2150 τούτου
1485 2123 1575 2154 καλῶς
1605 2123 1726 2158 ἐρωτᾷς·
1753 2122 1812 2149 ὅθεν

1031 2170 1146 2197 ἄκουσον
1159 2170 1205 2196 καὶ
1218 2169 1308 2201 καλῶς
1323 2169 1372 2204 τὴν
1386 2169 1541 2204 ἀπόκρισιν.
1557 2170 1625 2196 Κατ’
1638 2168 1734 2204 ἀρχὰς,
1750 2169 1811 2195 ὅταν

1031 2215 1158 2250 ἐποίησεν
1169 2216 1183 2241 ὁ
1193 2215 1259 2246 Θεὸς
1269 2215 1314 2241 τὸν
1328 2215 1481 2251 ἄνθρωπον,
1496 2215 1542 2241 καὶ
1557 2214 1692 2249 ἐπλανήθη
1704 2213 1755 2240 ὑπὸ
1766 2213 1811 2239 τοῦ

1030 2261 1152 2288 διαϐόλου
1169 2262 1183 2288 ὁ
1204 2261 1361 2297 ἄνθρωπος,
1379 2262 1429 2288 οὐκ
1448 2261 1571 2296 ἐνίκησεν
1587 2262 1602 2287 ὁ
1624 2259 1744 2291 διάϐολος
1764 2260 1811 2294 τὴν

1032 2307 1163 2342 θεότητα,
1179 2307 1247 2334 ἀλλὰ
1275 2308 1323 2344 τὴν
1351 2307 1556 2343 ἁνθρωπότητα.
1577 2307 1622 2333 Διὸ
1642 2307 1690 2334 καὶ
1711 2307 1810 2342 ἔπρεπε

1031 2354 1111 2380 πάλιν
1127 2354 1195 2389 αὑτὴ
1210 2355 1227 2390 ἡ
1246 2354 1386 2389 νικηθεῖσα
1402 2354 1579 2389 ἁνθρωπότης
1607 2353 1649 2379 ἴνα
1669 2353 1714 2379 καὶ
1735 2352 1810 2378 πάλιν

1032 2400 1099 2435 αὑτὴ
1115 2401 1213 2437 νικήσῃ
1229 2400 1274 2426 τὸν
1303 2399 1399 2435 ἐχθρὸν
1425 2400 1509 2435 αὐτῆς
1538 2400 1582 2425 τὸν
1604 2398 1742 2429 διάϐολον,
1767 2397 1810 2424 καὶ

1032 2446 1112 2473 πάλιν
1139 2446 1291 2482 παραλάϐοι
1308 2446 1353 2473 τὸν
1372 2446 1405 2472 δι’
1428 2446 1531 2472 ἐκείνου
1557 2445 1621 2480 πρὶν
1644 2444 1810 2471 ἀπολέσαντα

1031 2492 1101 2519 θεῖον
1119 2492 1291 2528 παράδεισον.
1308 2492 1339 2518 Et
1353 2491 1408 2527 γὰρ
1429 2491 1518 2526 γυμνὴ
1538 2492 1555 2526 ἡ
1579 2490 1673 2525 θεότης
1695 2491 1811 2525 προσήρ-

1030 2547 1102 2573 χετο,
1119 2539 1166 2565 καὶ
1177 2538 1254 2565 ἐνίκα
1270 2538 1314 2564 τὸν
1330 2537 1463 2568 διάϐολον,
1481 2537 1575 2572 ἔμελλε
1594 2536 1779 2571 καυχησθῆναι
1797 2537 1808 2562 ό

1030 2584 1165 2616 διάϐολος,
1182 2584 1222 2610 ὅτι
1244 2584 1274 2610 οὐ
1292 2583 1458 2618 θαυμαστὸν,
1485 2583 1509 2609 εί
1531 2583 1577 2609 καὶ
1605 2582 1736 2617 ἐνικήθη·
1760 2580 1808 2607 ὑπὸ

1030 2631 1078 2665 τῆς
1094 2630 1220 2665 θεότητος
1228 2629 1281 2665 γὰρ
1296 2628 1455 2664 προσϐαλὼν
1470 2628 1593 2664 ἐνικήθη.
1607 2628 1662 2654 Καὶ
1677 2627 1721 2653 διὰ
1734 2626 1808 2653 τοῦτο

1030 2675 1059 2701 οὺ
1078 2675 1237 2708 κατεδέξατο
1255 2676 1269 2701 ό
1292 2675 1374 2706 Θεὸς,
1401 2674 1446 2700 ἵνα
1469 2674 1559 2709 γυμνὴ
1582 2674 1598 2708 ἡ
1620 2673 1713 2708 θεότης
1729 2671 1807 2698 αὐτοῦ

1031 2721 1222 2757 προσπαλαίσῃ
1242 2722 1286 2747 τὸν
1311 2720 1432 2747 διάϐολον
1445 2740 1452 2751 ,
1478 2719 1534 2746 ἀλλ’
1550 2718 1684 2754 ἠϐουλήθη
1696 2738 1702 2750 ,
1731 2719 1774 2744 ἴνα
1792 2717 1807 2752 ὴ

1031 2768 1207 2804 ἁνθρωπότης
1267 2767 1404 2803 νικηθείσα
1422 2767 1475 2793 ὑπὸ
1501 2766 1548 2792 τοῦ
1574 2765 1718 2797 διαϐόλου,
1742 2763 1806 2798 αὕτη
