1940 3068
96 128 148 156 793
730 132 961 166 QUAESTIONES
979 134 1081 162 ALIIE.
1663 141 1715 169 7M

94 187 142 215 καὶ
158 187 226 223 μόνη
253 188 352 223 νικήσῃ
369 187 415 214 τὸν
443 189 594 224 νικήσαντα
615 188 716 225 ταύτην
740 189 873 216 διάϐολον.

936 184 980 218 ion
993 196 1084 226 posset
1095 192 1152 220 sola
1170 192 1287 220 humana
1298 198 1396 221 natura
1407 194 1516 222 vincere
1531 194 1590 222 sine
1604 195 1713 228 deitate,

95 232 294 269 Προγινώσκων
311 231 358 260 οὖν
374 234 455 260 πάλιν
473 235 486 260 6
503 234 583 268 σοφὸς
595 234 672 268 Θεὸς,
689 236 730 262 ὅτι
750 236 799 262 οὐκ
813 235 877 270 ἡδύ-

936 237 1094 264 abscondita
1109 243 1150 266 est
1169 239 1196 266 in
1208 239 1266 274 ipsa
1283 247 1366 267 carne
1381 240 1479 271 dcitas.
1496 246 1524 267 ut
1538 240 1661 270 diabolus
1675 243 1715 270 vi-

95 287 158 305 νατο
171 279 237 314 μόνη
248 280 264 314 ἡ
278 279 454 314 άνθρωπότης
467 281 576 315 νικῆσαι
589 281 673 316 χωρὶς
681 281 730 316 τῆς
741 281 877 316 Θεότητος,

936 281 1000 309 dens
1022 290 1144 314 carnem,
1165 288 1192 311 et
1212 293 1266 311 non
1284 292 1453 318 cognosoens
1475 286 1602 314 deitatem
1625 287 1652 314 in
1670 295 1717 314 ea-

94 325 197 361 ἐκρύϐη
214 326 243 351 ἐν
257 326 324 361 αὐτῇ
341 327 374 360 τῇ
391 326 498 362 σαρκὶή
516 326 620 361 θεότης,
631 327 704 358 ὅπως
717 327 730 353 6
746 326 877 359 διάϐολος,

936 325 992 352 :lem
1016 333 1098 354 carne
1121 327 1307 355 absconditam
1332 336 1410 362 esse,
1431 330 1572 358 accederet
1601 335 1628 358 et
1653 338 1716 358 cum

95 370 206 406 θεωρῶν
228 370 276 406 τὴν
295 371 392 406 σάρκα,
413 371 460 398 καὶ
477 371 514 406 μὴ
526 371 677 405 γινώσκων,
697 373 738 398 ὅτι
754 373 782 398 ἐν
809 372 876 408 αὐτῇ

936 371 1039 399 Christo
1050 372 1270 407 congrederetur.
1284 378 1365 408 atque
1380 374 1417 400 ita
1433 374 1587 402 vinceretur
1608 375 1642 402 ab
1655 377 1718 403 al.5-

94 417 129 452 τῇ
144 417 253 451 σαρκὶὴ
272 416 365 451 θεότης
387 417 446 443 ἐστὶ
470 417 658 452 κεκρυμμένη,
681 417 816 454 προσέλοῃ
831 419 878 445 καὶ

95 460 283 496 προσπαλαίσῃ
311 461 349 495 τῷ
380 460 499 496 Χριστῷ,
527 462 574 487 καὶ
593 461 678 493 οὕτως
697 462 794 497 νικηθῇ
827 462 879 489 ὑπὸ

132 507 237 542 ’Ὠσπερ
248 506 302 541 γὰρ
316 506 330 532 ό
340 506 442 537 ἁλιεὺς,
456 505 616 542 βουλόμενος
628 508 779 543 κυνηγῆσαι
792 508 878 543 ἰχθὺν,

94 553 126 580 οὐ
144 552 245 588 γυμνὸν
263 552 294 579 τὸ
313 552 458 588 ἄγκιστρον
486 552 576 587 βάλλει
601 554 640 585 εἰς
662 551 710 589 τὴν
731 553 878 587 θάλασσαν,

95 599 153 625 ἀλλ’
169 597 255 625 ἐνδύει
269 597 367 630 ἔξωθεν
384 598 511 634 σκώληκα
527 598 595 634 δόλῳ
612 598 642 625 τὸ
656 599 813 634 ἄγκιστρον,
833 600 880 626 καὶ

93 644 183 676 οὕτως
197 643 286 678 ῥίπτει
299 643 365 670 αὐτὸ
379 644 419 675 είς
432 644 481 679 τὴν
494 644 630 671 θάλασσαν
645 645 820 680 ἐνδεδυμένον
834 645 880 672 τὸν

95 688 242 724 σκώληκα·
264 689 278 715 6
291 688 319 715 δὲ
343 688 428 724 ἰχθὺς,
446 689 556 725 θεωρῶν
572 690 616 716 τὸν
642 690 770 726 σκώληκα
789 680 879 726 μόνον,

94 735 142 762 καὶ
158 735 195 771 μὴ
212 734 365 769 γινώσκων,
381 735 422 761 ὅτι
436 735 542 771 σκώληξ
558 736 639 772 μέσον
654 735 757 763 ἐκείνου
774 736 829 772 ἔχει
850 737 880 763 τὸ

94 782 254 817 ἄγκιστρον,
267 780 336 808 ἀλλὰ
358 781 475 817 νομίζων
490 782 551 817 δίχα
574 783 722 818 ἀγκίστρου
743 783 788 809 τὸν
807 782 880 809 σκώ-

94 827 167 863 ληκα
184 825 252 854 εἶναι
276 826 439 862 μονώτατον,
462 827 636 863 πλανώμενος
658 828 710 854 ὑπὸ
731 828 778 855 τοῦ
802 828 880 863 ἀγκί-

930 416 1039 444 condita
1054 417 1162 445 deitate.
1173 417 1251 452 Quod
1261 423 1288 446 et
1306 419 1406 446 factum
1421 424 1473 447 est.

900 461 949 497 τῆς
973 463 1166 499 κεκρυμμένης
1200 464 1335 499 θεότητος.
1370 465 1457 501 Ὅπερ
1488 467 1535 493 καὶ
1563 466 1680 501 γέγονεν.

965 507 1199 541 Quemadmodum
1220 510 1291 537 enim
1311 510 1432 545 piscator
1451 513 1546 540 volens
1566 520 1662 546 capere
1677 507 1719 542 Ρί·

930 560 1003 580 seem
1027 561 1080 580 non
1099 553 1202 580 nudum
1222 554 1332 580 hamum
1345 555 1413 588 jacit
1427 555 1453 582 in
1469 563 1553 588 mare,
1571 557 1618 584 sed
1635 556 1718 591 alligit

930 599 1100 626 extrinsecus
1129 607 1247 626 vermem
1277 608 1325 634 per
1356 601 1460 633 dolum,
1486 605 1514 628 et
1542 602 1582 629 sic
1606 602 1718 636 projicit

931 644 1040 670 hamum
1055 643 1082 670 in
1096 651 1171 671 mare
1192 645 1316 672 indutum
1331 653 1421 672 verme
1438 654 1444 672 :
1460 646 1545 680 piscis
1564 651 1658 673 autem
1678 647 1719 673 vi—

932 690 1000 717 dens
1021 698 1139 717 vermem
1160 691 1266 724 solum,
1286 694 1313 718 et
1329 699 1384 719 non
1401 698 1570 725 cognoscens
1586 692 1613 718 in
1627 700 1719 719 verme

932 735 1017 762 latere
1035 734 1157 768 hamum,
1177 736 1225 763 sed
1241 737 1413 768 existimans,
1429 737 1488 763 sine
1503 737 1584 764 hamo
1600 745 1718 764 vermem

932 787 994 808 esse
1026 781 1125 814 solum,
1150 782 1279 817 deceptus
1304 783 1410 817 capitur
1441 782 1522 809 hamo
1548 790 1555 808 :
1581 783 1617 809 ita
1637 783 1718 810 etiam

932 825 1059 854 Christus
1076 827 1149 854 fecit.
1167 827 1236 855 Cum
1251 829 1332 855 vellet
1351 829 1423 856 enim
1437 833 1601 856 venenatum
1617 829 1720 864 piscem

96 883 179 909 στρου
199 875 355 910 κρατεῖται·
371 874 442 901 οὕτω
454 875 502 902 καὶ
518 876 532 902 6
546 875 663 910 Χριστὸς
679 875 800 911 ἐποίησε.
812 876 879 902 Βου-

936 873 958 899 in
977 873 1055 907 aquis
1078 873 1190 901 inﬁnitis
1209 873 1298 909 abyssi
1324 874 1451 901 latentem
1469 882 1578 909 capere,
1599 883 1647 902 seu
1671 883 1720 909 po-

95 919 189 955 ληθεὶς
207 920 262 956 γάρ
285 920 437 956 κυνηγῆσαι
460 920 507 947 τὸν
525 921 554 948 ἐν
580 922 636 953 τοῖς
657 921 781 957 ἀπείροις
802 922 880 948 ὕδασι

94 967 145 1001 τῆς
157 966 208 992 ἀϐύ
214 975 275 993 σσου
288 966 513 1002 ἐμφωλευόμενον
531 967 632 994 ἰοϐόλον
646 967 732 1002 ἰχθὺν,
747 967 764 1003 ἢ
781 967 880 1002 μᾶλλον

97 1012 184 1048 μέγαν
207 1011 340 1047 δράκοντα
361 1011 407 1039 τὸν
428 1011 559 1044 διάϐολον,
576 1011 606 1038 οὐ
621 1013 710 1047 γυμνῇ
725 1012 757 1046 τῇ
775 1011 881 1047 θεότητι

95 1056 179 1083 αὐτοῦ
199 1056 237 1092 τῷ
260 1056 374 1092 διαϐόλῳ
391 1057 555 1092 προσέφερε,
573 1056 641 1084 ἀλλὰ
665 1056 732 1092 δόλῳ
747 1056 793 1083 τὸν
810 1056 882 1083 σκώ-

95 1102 168 1138 ληκα
189 1102 238 1138 τὴν
262 1102 397 1137 παναγίαν
420 1102 502 1129 αὑτοῦ
528 1103 633 1138 σάρκα,
656 1103 689 1138 ἦν
703 1103 736 1128 ἐκ
755 1102 805 1137 τῆς
825 1103 882 1128 ἀει-

94 1146 234 1182 Παρθὲνου
261 1147 386 1182 Μαρίας,
419 1148 469 1182 τῆς
493 1147 701 1182 παναγιωτάτης
729 1147 797 1181 γῆς,
820 1147 881 1182 δίχα

96 1191 207 1228 φυρμοῦ
222 1192 374 1226 ἐνεδύσατο,
389 1194 460 1220 κατά
480 1193 525 1220 τὸν
544 1194 681 1228 φάσκοντα
695 1193 765 1220 θεῖον
782 1193 879 1220 Δαϐίδ·

98 1247 109 1264 ι
127 1238 197 1273 Ἐγώ
209 1240 267 1274 ειμι
283 1238 391 1274 σκώληξ
403 1239 450 1265 καὶ
465 1239 515 1266 οὐκ
528 1238 680 1274 ἄνθρωπος,
693 1248 702 1264 ι
716 1239 833 1274 ἐκάλυψε
851 1240 882 1266 τὸ

97 1285 245 1319 ἱερώτατον
257 1285 403 1321 ἄγκιστρον
416 1284 462 1311 τὸν
472 1285 692 1321 κοσμοσωτήριον
703 1284 785 1311 αὑτοῦ
802 1294 882 1312 σταυ-

99 1330 156 1366 ρδν,
165 1331 193 1357 ἐν
207 1330 280 1365 αὺτῷ
293 1330 470 1366 προσπαγεὶς,
482 1331 529 1357 καὶ
542 1330 576 1357 δι’
588 1330 670 1357 αὐτοῦ
681 1330 771 1357 λαθεῖν
787 1330 883 1366 βουλη-

97 1376 156 1408 Θεὶς
168 1376 215 1412 τὴν
228 1376 322 1404 ἐαυτοῦ
339 1376 463 1412 θεότητα,
472 1377 516 1411 ὑφ’
527 1372 557 1402 οὖ
572 1376 717 1412 πλανηθεὶς
728 1377 883 1413 καὶκρατη-

97 1421 156 1454 Θεὶς
172 1423 186 1449 ὁ
200 1422 300 1454 ζοϐόλος
321 1422 367 1449 καὶ
384 1423 546 1458 όφιοδήκτης
558 1418 636 1454 οὗτος
653 1422 738 1457 ἰχθὺς,
758 1423 772 1449 6
796 1422 883 1458 μέγας

98 1469 207 1506 δράκων
226 1468 358 1500 διάϐολος,
374 1468 446 1505 ότοῦ
470 1468 633 1504 παραδείσου
656 1467 757 1500 ἐξώσας
778 1468 824 1494 καὶ
835 1466 883 1494 θα-

97 1513 222 1546 νατώσας
242 1513 287 1540 τὸν
303 1513 462 1548 ἄνθρωπον,
482 1512 602 1548 νικηθεὶς
619 1512 749 1539 ἀπώλετο.
766 1512 847 1538 Ὥστε
865 1512 882 1548 ἡ

99 1561 152 1596 μὲν
176 1560 270 1595 θεότης
291 1561 330 1592 εἰς
353 1559 436 1588 τύπον
456 1560 503 1587 τοῦ
525 1560 674 1595 ἀγκίστρου
699 1558 783 1592 ἐστὶν,
812 1559 828 1592 ή
855 1558 884 1584 δὲ

98 1607 278 1642 ἀνθρωπότης
291 1607 330 1638 εἰς
346 1606 432 1633 τύπον
444 1605 491 1632 τοῦ
511 1605 662 1641 σκώληκος.
677 1604 823 1640 Θεωρήσας
838 1601 885 1630 οὖν

99 1654 114 1680 6
126 1652 248 1684 διάϐολος
260 1652 358 1686 ἔξωθεν
374 1652 404 1678 τὸ
421 1651 590 1688 ἀνθρώπινον
607 1651 654 1678 καὶ
667 1650 704 1686 μὴ
720 1650 818 1686 νοήσας
835 1649 885 1685 τὴν

99 1701 130 1726 ἐν
143 1698 216 1734 αὐτῷ
233 1698 331 1726 ἔσωθεν
348 1697 578 1734 ὲγκεκρυμμένην
590 1697 717 1732 θεότητα,
733 1696 884 1732 ἐπλανήθη,

99 1746 147 1772 καὶ
174 1745 329 1781 προσελθὼν
349 1746 382 1780 τῇ
400 1744 600 1781 ἀνθρωπότητι,
612 1742 751 1779 ἐκρατήθη
769 1743 820 1770 ὑπὸ
838 1742 885 1769 τοῦ

101 1791 262 1818 ἀνεικάστου
287 1791 334 1818 καὶ
359 1790 555 1825 ὰκατανικήτου
580 1790 728 1825 ἀγκίστρου
754 1788 804 1825 τῆς
829 1787 887 1815 θεό-

99 1844 182 1871 τητος
193 1844 200 1850 '
214 1836 262 1862 καὶ
275 1834 361 1866 οὕτως
375 1834 487 1870 ἐνικήθη
503 1835 517 1861 6
533 1834 618 1869 μέγας
636 1834 743 1869 δράκων
753 1832 884 1864 διάϐολος.

101 1882 151 1908 Διά
177 1881 256 1908 τοῦτο
278 1881 328 1907 οὐκ
351 1879 432 1916 ἦλθεν
448 1881 462 1907 6
485 1880 548 1912 Υἱὸς
570 1880 618 1907 καὶ
647 1880 732 1914 Λόγος
757 1879 803 1906 τοῦ
819 1878 886 1906 Θεοῦ

101 1930 193 1963 γυμνῇ
220 1929 254 1963 τῇ
276 1927 358 1954 αὐτοῦ
384 1927 490 1962 θεότητι
515 1927 666 1962 κυνηγῆσαι
687 1925 733 1952 τὸν
755 1925 886 1958 διάϐολον,

102 1974 162 2000 ἀλλ’
187 1973 299 2009 ἐφόρεσε
317 1973 366 2008 τὴν
397 1973 497 2008 σάρκα,
521 1972 568 1999 καὶ
582 1971 666 2004 οὕτως
693 1971 811 2007 εἰσῆλθε.
832 1970 888 1998 Καὶ

103 2020 173 2056 αὕτη
190 2020 263 2047 ἐστὶν
278 2020 294 2055 ἡ
307 2020 380 2047 αἰτία
398 2019 444 2046 τοῦ
465 2018 590 2053 γενέσθαι
602 2018 651 2054 τὴν
670 2018 817 2053 σάρκωσιν.
832 2017 888 2044 Καὶ

103 2065 197 2102 ὥσπερ
215 2065 295 2097 αὐτὸς
316 2066 330 2091 6
346 2064 476 2096 διάϐολος,
497 2063 637 2100 βουληθείς
661 2072 725 2090 ποτε
751 2062 888 2098 πλανῆσαι

102 2113 150 2139 τὸν
176 2112 337 2148 ἄνθρωπον,
366 2111 412 2138 καὶ
434 2110 480 2138 τοῦ
500 2110 664 2146 παραδείσου
689 2109 830 2141 ἐκϐαλεῖν,
856 2109 888 2136 οὺ

105 2158 242 2194 προσῆλθε
265 2159 297 2194 τῇ
324 2157 382 2193 Εὖᾳ
402 2158 491 2192 γυμνῇ
515 2158 548 2192 τῇ
582 2155 679 2182 ἑαυτοῦ
702 2154 886 2190 διαϐολότητι,

930 919 984 946 tius
997 926 1124 954 magnum
1141 919 1217 946 illum
1230 919 1375 948 draconem
1393 920 1531 947 diabolum
1547 929 1554 953 ;
1572 928 1626 947 non
1645 921 1719 948 nuda

933 965 1035 993 deitate
1061 973 1124 992 cum
1153 966 1261 993 diabolo
1292 973 1457 1000 congressus
1486 969 1545 998 est,
1579 967 1627 994 sed
1655 967 1719 994 doto

930 1019 1063 1043 vermem,
1092 1011 1293 1039 sanctissimam
1323 1019 1400 1038 suam
1425 1019 1547 1043 carnem,
1574 1020 1655 1046 quam
1685 1020 1719 1039 ΕΚ

930 1065 1038 1093 semper
1049 1057 1160 1093 Virgine
1174 1057 1274 1090 Maria,
1291 1058 1465 1086 sanctissima
1483 1061 1567 1090 terra,
1587 1059 1646 1085 sine
1659 1059 1718 1093 pol-

931 1102 1045 1135 lutione,
1075 1102 1164 1130 induit
1182 1112 1188 1130 :
1205 1103 1436 1138 quemadmodum
1456 1102 1545 1137 inquit
1568 1103 1647 1131 divus
1667 1103 1719 1130 Da-

931 1149 976 1176 vid
993 1158 999 1176 :
1018 1158 1028 1174 ί
1051 1149 1106 1184 Ego
1129 1157 1190 1177 sum
1212 1149 1313 1176 vermis
1332 1153 1361 1177 et
1389 1157 1445 1176 non
1465 1151 1548 1177 homo
1569 1149 1601 1182 ",
1624 1159 1633 1176 ι
1654 1153 1720 1177 texit

931 1195 1107 1223 sacerrimum
1119 1195 1228 1221 hamum
1243 1195 1344 1222 mundo
1353 1195 1500 1222 salutarem
1513 1203 1621 1222 crucem
1631 1203 1720 1227 suam,

931 1241 968 1269 illi
983 1240 1089 1272 aﬂixus,
1105 1243 1131 1267 et
1142 1248 1189 1275 per
1209 1241 1281 1267 illam
1292 1241 1376 1268 latere
1390 1241 1475 1268 voluit
1485 1241 1614 1268 deitatem
1629 1249 1720 1273 suam,

932 1294 947 1314 a
967 1294 1019 1322 qua
1037 1286 1167 1321 deceptus
1189 1289 1230 1314 est
1245 1290 1270 1313 et
1283 1290 1377 1320 captus
1392 1291 1542 1314 venenatus
1562 1287 1607 1314 ille
1617 1290 1644 1313 et
1664 1294 1723 1314 serv

931 1333 1057 1369 pentinis
1070 1333 1208 1360 morsibus
1235 1331 1351 1360 infestus
1374 1332 1469 1367 piscis,
1495 1340 1611 1368 magnus
1637 1332 1722 1359 draco

932 1379 1068 1410 diabolus,
1088 1378 1134 1414 qui
1156 1378 1283 1413 paradiso
1304 1377 1446 1410 expulerat
1465 1381 1492 1404 et
1520 1377 1658 1404 occiderat
1671 1377 1722 1404 ho-

932 1425 1044 1456 minem,
1063 1428 1092 1452 et
1109 1425 1199 1452 victus
1216 1423 1307 1458 periit.
1331 1423 1371 1449 lla
1391 1422 1499 1457 quidem
1513 1423 1621 1450 deitatis
1640 1427 1722 1458 typus

933 1474 975 1498 est
1001 1470 1098 1497 hamus
1121 1477 1128 1496 :
1149 1469 1328 1496 humanitatis
1351 1475 1416 1495 vero
1438 1471 1519 1502 typus
1545 1471 1588 1494 est
1609 1467 1721 1494 vermis.

934 1515 1037 1544 Videns
1053 1515 1135 1550 igitur
1150 1514 1321 1542 extrinsecus
1334 1513 1472 1541 hominem
1483 1516 1510 1540 et
1521 1520 1576 1539 non
1598 1511 1724 1538 animad-

936 1565 1043 1588 vertens
1082 1559 1247 1586 intrinsecus
1274 1558 1461 1586 absconditam
1489 1556 1617 1584 deitatem
1634 1576 1642 1588 ,
1670 1556 1719 1583 de-

935 1610 1030 1641 ceptus
1044 1609 1096 1637 est,
1116 1609 1143 1632 et
1155 1605 1288 1632 accedens
1307 1603 1341 1631 ad
1355 1604 1554 1631 humanitatem
1569 1607 1666 1637 captus
1681 1607 1726 1630 est

936 1652 970 1678 ab
985 1651 1125 1686 inopinato
1139 1653 1166 1677 et
1185 1649 1316 1676 immobili
1333 1649 1414 1676 hamo
1432 1648 1544 1675 deitatis
1558 1657 1565 1674 :
1579 1651 1606 1674 et
1624 1647 1665 1675 sic
1683 1647 1724 1673 vi-

936 1701 998 1724 ctus
1014 1700 1056 1724 est
1071 1703 1186 1730 magnus
1199 1695 1283 1722 draco
1297 1694 1434 1722 diabolus.
1450 1693 1533 1728 288
1553 1693 1725 1728 Quapropter

936 1751 991 1772 non
1012 1743 1085 1771 venit
1106 1742 1192 1770 Filius
1212 1746 1240 1770 et
1257 1741 1375 1769 Verbum
1394 1741 1451 1772 Dei,
1478 1745 1508 1767 ut
1527 1740 1600 1767 nuda
1624 1740 1725 1767 deitato

936 1793 1044 1823 caperet
1067 1787 1215 1820 diabolum,
1229 1787 1277 1815 'sed
1302 1794 1412 1814 carnem
1430 1786 1556 1821 gestavit,
1572 1789 1600 1812 et
1622 1785 1662 1812 sic
1682 1785 1725 1811 in-

939 1842 1054 1870 gressus
1067 1838 1119 1862 est.
1140 1834 1174 1860 Et
1190 1834 1247 1861 haec
1265 1837 1308 1860 est
1320 1839 1402 1860 causa
1417 1832 1489 1866 quod
1508 1831 1664 1858 incarnatus
1678 1830 1725 1857 sit.

937 1880 970 1907 Et
994 1879 1222 1915 quemadmodum
1247 1880 1306 1914 ipse
1334 1878 1460 1905 diabolus
1478 1885 1540 1904 cum
1561 1877 1641 1904 vellet
1659 1876 1725 1903 olim

937 1926 1068 1954 seducere
1082 1925 1229 1958 hominem,
1243 1929 1270 1952 et
1282 1924 1409 1959 paradiso
1427 1924 1536 1959 ejicere,
1559 1931 1613 1950 non
1632 1929 1727 1950 acces—

938 1972 974 2000 sit
989 1972 1022 1999 ad
1041 1971 1124 1999 Evam
1145 1971 1217 1998 nuda
1234 1978 1283 1999 sua
1297 1971 1384 1999 forma
1401 1970 1549 2001 diabolica,
1571 1968 1618 1996 sed
1642 1968 1727 2003 gessit

937 2025 1046 2045 carnem
1064 2038 1072 2051 ,
1098 2017 1202 2045 scilicet
1228 2020 1402 2051 serpentem,
1435 2020 1462 2043 et
1489 2015 1531 2042 sic
1556 2013 1673 2041 accessit
1699 2018 1728 2039 et.

937 2063 1043 2098 decepit
1067 2063 1160 2095 illam;
1195 2066 1277 2089 norat
1300 2061 1371 2089 enim
1391 2064 1500 2088 astutus
1523 2059 1586 2090 iste,
1608 2057 1681 2092 quod
1702 2057 1727 2085 si

938 2107 1101 2136 accessisset
1127 2107 1161 2134 ad
1185 2107 1259 2134 illam
1284 2107 1358 2134 nuda
1381 2113 1431 2134 sua
1455 2105 1543 2133 forma
1569 2103 1724 2134 diabolica,

938 2160 1078 2188 nunquam
1106 2159 1167 2180 eam
1200 2152 1326 2186 decipere
1348 2151 1501 2186 potuisset;
1536 2152 1563 2176 et
1583 2152 1727 2183 propterea

103 2193 162 2232 ἀλλ’
179 2204 292 2238 ἐφόρεσε
311 2203 399 2238 σάρκα
414 2202 460 2228 τὸν
482 2202 554 2237 ὅφιν,
577 2201 624 2228 καλ.
644 2200 729 2232 οὕτως
742 2199 885 2235 προσῆλθε,

939 2198 1052 2225 indutus
1063 2200 1114 2229 est,
1129 2202 1159 2223 ut
1178 2204 1269 2229 carne,
1283 2200 1418 2230 serpente,
1428 2200 1455 2222 et
1476 2202 1524 2230 per
1541 2193 1654 2221 formam
1665 2199 1728 2219 car-

106 2251 154 2278 καὶ
182 2249 333 2284 ἐπλάνησεν
362 2249 463 2284 αὐτήν·
479 2248 535 2284 ᾔδει
556 2247 610 2283 γάρ
625 2247 639 2273 6
668 2246 767 2277 δόλιος,
794 2245 845 2277 ὅτι,
864 2246 889 2271 εἱ

108 2294 245 2331 προσέλθῃ
257 2294 324 2329 αὐτῇ
348 2295 438 2329 γυμνῇ
462 2294 494 2328 τῇ
521 2291 689 2327 διαϐολότητι
715 2289 814 2322 αὑτοῦ,
841 2290 891 2316 οὐκ

108 2342 141 2369 ἂν
157 2341 241 2375 αὐτὴν
257 2340 391 2375 πλανῆσαι
403 2340 545 2375 δυνήσεται
556 2347 563 2353 “
580 2338 626 2365 καὶ
636 2336 765 2364 Sta-.0610
779 2335 889 2371 ὲνεδύθη

107 2388 202 2422 ὧσπερ
233 2387 321 2422 σάρκα
337 2386 382 2412 τὸν
407 2385 488 2419 ὅφιν,
512 2384 559 2411 καὶ
581 2383 624 2410 διὰ
649 2383 695 2409 τοῦ
722 2381 890 2418 σαρκοφόρου

108 2433 197 2468 ὄφεως
213 2432 262 2467 τὴν
286 2431 356 2458 Εὕαν
377 2430 522 2465 ἐπλάνησε.
547 2429 602 2456 Καὶ
624 2429 638 2455 ὁ
666 2428 713 2463 μὲν
734 2427 794 2462 ὕφις
815 2427 892 2461 ἐφαί-

109 2487 179 2509 νετο,
193 2479 207 2505 ό
223 2478 251 2504 δέ
265 2477 388 2508 διάϐολος
402 2476 452 2502 οὐκ
465 2475 599 2510 ἐφαίνετο.
612 2474 666 2501 Καὶ
676 2474 720 2500 διὰ
734 2472 781 2499 τοῦ
799 2481 893 2507 φαινο-

113 2525 192 2560 μένου
206 2523 294 2558 ὄφεως
307 2524 415 2558 ἐνήργει
432 2523 446 2548 6
459 2520 613 2556 ἀθεώρητος
626 2520 686 2554 ὄφις
696 2519 828 2550 διάϐολος.
841 2517 893 2544 Δύο

111 2571 164 2606 γάρ
187 2569 284 2604 φύσεις
309 2569 336 2595 ἐν
359 2568 400 2594 ἑνὶ
421 2567 558 2603 προσώτκρ
573 2566 680 2600 ἀπῆγον
694 2565 754 2592 τότε
775 2565 821 2591 ἐπὶ
840 2564 894 2591 τῶν

111 2615 292 2651 προπατόρων
305 2614 353 2650 τὴν
372 2613 519 2640 ἔκπτωσιν.
547 2612 601 2638 Καὶ
619 2611 713 2646 ὥσπερ
731 2610 792 2637 τότε
807 2609 896 2637 διαϐο-

111 2661 191 2696 λὸτης
208 2661 256 2687 καὶ
266 2660 377 2695 ὁφιότης
392 2658 439 2685 δύο
455 2659 549 2694 φύσεις
561 2659 590 2684 ἐν
607 2658 647 2684 ἑνὶ
669 2655 807 2692 προσώπῳ
826 2654 895 2690 ἡνῶ-

113 2707 210 2741 Οῆσαν,
227 2707 273 2732 καὶ
285 2706 303 2741 ἡ
319 2705 368 2740 μὲν
386 2704 434 2739 μία
448 2704 539 2738 φύσις,
555 2704 638 2739 ἤγουν
655 2703 672 2738 ἡ
688 2701 798 2737 ὀφιὸτης
816 2700 896 2735 ἐφαί-

113 2760 184 2780 νετο.
195 2752 212 2785 ἡ
229 2751 257 2777 δὲ
272 2750 365 2785 ἐτέρα,
377 2750 436 2784 ἦτοι
456 2750 472 2784 ἡ
494 2747 666 2782 διαϐολὸτης,
691 2747 742 2773 οὐκ
762 2745 895 2780 ἐφαίνετο,

114 2797 161 2823 καὶ
175 2795 285 2827 ἐξέϐαλε
298 2795 341 2822 τόν
354 2795 496 2830 ἄνθρωπον
511 2794 542 2820 ἐκ
555 2793 600 2820 τοῦ
616 2791 779 2828 παραδείσου
788 2800 794 2806 ·
811 2790 897 2822 οὕτως

159 2852 180 2867 ⁸³
196 2851 272 2880 Psal.
285 2859 340 2878 ut.
357 2851 372 2877 ’ἲ

940 2244 1021 2272 nit'eri
1036 2244 1170 2278 serpentis
1185 2243 1268 2270 Evam
1290 2242 1417 2278 decepit;
1439 2245 1520 2276 atque
1537 2247 1649 2275 serpens
1664 2238 1726 2274 qui-

940 2291 1000 2318 dem
1016 2291 1172 2326 apparebat,
1186 2290 1312 2318 diabolus
1332 2294 1422 2317 autem
1444 2297 1498 2316 non
1516 2287 1680 2323 apparebat;
1699 2290 1728 2313 et

941 2344 989 2372 per
999 2341 1172 2371 apparentem
1185 2339 1337 2371 serpentem
1347 2334 1442 2362 etlicax
1453 2337 1510 2361 erat
1517 2332 1660 2360 invisibilis
1670 2339 1730 2359 ser-

942 2389 1009 2416 pens
1019 2381 1152 2413 diabolus,
1161 2381 1221 2408 duae
1229 2381 1301 2407 enim
1311 2384 1413 2407 natura:
1425 2380 1452 2406 in
1460 2386 1512 2406 una
1522 2384 1636 2413 persona
1643 2377 1728 2404 unita:

942 2426 1090 2455 etl‘ecerunt
1113 2430 1179 2454 tunc
1206 2427 1311 2461 lapsum
1335 2426 1362 2452 in
1387 2425 1537 2460 majoribus
1559 2423 1678 2455 nostris;
1700 2427 1728 2449 et

944 2472 1174 2508 quemadmodum
1189 2476 1256 2499 tunc
1273 2471 1408 2499 diabolica
1429 2471 1516 2498 forma
1529 2474 1555 2498 et
1571 2469 1728 2504 serpentina

944 2519 1005 2546 dna:
1026 2522 1130 2546 naturae
1149 2521 1227 2545 erant
1253 2517 1280 2544 in
1303 2524 1355 2544 una
1381 2524 1496 2552 persona
1518 2515 1608 2546 unitze,
1627 2518 1654 2541 et
1674 2520 1729 2539 una

945 2564 1054 2600 quidem
1075 2567 1172 2591 natura
1196 2563 1299 2591 scilicet
1315 2562 1484 2598 serpentina,
1501 2560 1669 2596 apparebat;
1689 2559 1731 2586 al-

947 2615 1004 2638 tera
1014 2617 1089 2642 vero,
1105 2616 1202 2643 nempe
1214 2607 1359 2640 diabolica,
1376 2615 1432 2634 non
1444 2606 1591 2642 apparebat
1601 2609 1628 2632 et
1637 2604 1732 2639 ejicie-

946 2658 993 2685 bat
1009 2656 1146 2683 hominem
1155 2663 1188 2682 ex
1203 2655 1330 2690 paradiso
1344 2663 1351 2680 τ
1367 2653 1403 2680 ita
1417 2653 1499 2680 etiam
1509 2653 1536 2679 in
1547 2651 1657 2679 Christo
1670 2650 1731 2678 date

947 2706 1051 2729 natura:
1064 2701 1091 2728 in
1108 2708 1190 2727 unam
1210 2706 1353 2735 personam
1367 2698 1458 2726 divina
1471 2701 1498 2725 et
1513 2698 1631 2724 humana
1647 2696 1732 2723 unita

948 2751 1012 2775 sunt
1028 2755 1034 2772 :
1051 2750 1078 2775 et
1098 2745 1257 2773 humanitas
1272 2744 1382 2780 quidem
1400 2743 1558 2779 apparebat,
1575 2742 1664 2770 deitas
1682 2748 1733 2769 au-

948 2797 1002 2821 tem
1024 2799 1079 2820 non
1098 2790 1256 2828 apparebat,
1275 2794 1300 2818 et
1320 2797 1368 2824 per
1382 2793 1555 2824 apparentem
1577 2786 1733 2815 humanita-
