1940 3068
214 137 265 164 795
805 135 834 162 S.
854 133 1085 162 ATHANASIUS.
1105 149 1140 154 --
1158 133 1270 161 DUBIA.
1778 131 1831 159 796

213 199 267 221 tem
282 194 369 222 dcitas
384 193 527 222 invisibilis
542 192 635 220 eﬂlcax
647 195 717 223 erat,
729 195 755 219 et
769 192 885 226 ejectum
896 199 930 219 ex
946 198 979 226 pa

1066 193 1094 218 αὶ
1117 191 1164 218 ἐπὶ
1177 191 1224 218 τοῦ
1247 190 1364 226 Χριστοῦ
1389 190 1435 217 δύο
1460 190 1554 224 φύσεις
1570 190 1610 222 εἰς
1631 190 1660 216 ἓν
1685 190 1830 226 πρόσωπον

214 242 306 269 radiso
319 242 382 269 olim
397 241 532 268 hominem
552 240 612 266 dua:
628 239 686 266 ista:
704 242 866 273 praestantes
880 242 980 264 natura

1067 239 1142 273 εότης
1157 238 1204 265 καὶ
1217 238 1394 273 ἀνθρωπῑὴης
1406 237 1549 273 ήνὼϐησαν
1559 246 1565 252 '
1578 238 1623 264 καὶ
1635 238 1651 272 ή
1665 237 1713 273 μὲν
1727 237 1833 272 ἀνθρω-

213 288 339 315 videlicet
361 287 448 315 deitas
473 291 500 314 et
527 286 691 318 humanitas,
716 286 742 312 in
773 285 848 312 illum
873 284 979 312 vicissir

1066 284 1132 318 ύτης
1156 283 1291 317 ἐφαίνετο,
1311 284 1327 318 ἡ
1348 283 1375 309 δὲ
1392 283 1486 319 θεότης
1501 284 1550 311 οὐκ
1575 283 1710 318 ἐφαίνετο,
1724 282 1771 308 καὶ
1787 282 1832 308 διὰ

213 337 240 360 ct
260 340 332 360 nunc
361 332 578 360 introduxerunt.
600 331 633 358 Et
660 331 716 358 haec
740 335 781 358 est
801 338 903 361 causa.
932 337 979 365 pro

1065 330 1097 364 ἧς
1116 329 1280 365 φαινομένης
1303 329 1511 365 ὰνθρωπότητος
1530 332 1546 366 ἡ
1568 330 1663 365 θεότης
1687 329 1797 364 ἐνήργει
1815 329 1831 363 ἡ

213 383 273 414 pter
300 387 381 414 quam
399 378 526 407 Christus
555 379 714 406 incarnatus
742 382 770 405 et
796 378 878 404 homo
906 377 978 404 iactu

1068 375 1210 410 θεώρητος,
1230 375 1278 401 καὶ
1300 375 1345 400 τὸν
1363 375 1395 400 ἐκ
1418 374 1465 400 τοῦ
1492 375 1655 411 παραδείσου
1681 374 1763 400 πάλαι
1789 372 1834 404 ἐξ-

212 430 264 451 est.
300 425 355 460 Ipsi
402 425 515 452 debetur
550 425 635 459 gloria
670 424 697 451 in
737 423 842 450 inllnita
882 423 978 450 szecula

1063 421 1189 457 ρισθέντα
1211 421 1362 456 ἄνθρωπον,
1376 421 1404 447 αἱ
1429 421 1510 447 καλαὶ
1531 421 1578 447 δύο
1599 421 1694 456 φύσεις
1709 417 1798 450 αὗται,
1813 420 1829 453 ἡ

212 471 308 498 Anien.
1045 467 1139 502 Θεότης
1154 467 1224 501 φημὶ
1242 466 1290 492 καὶ
1312 466 1499 502 ἁνθρωπότης,
1524 468 1564 498 εις
1580 467 1662 493 αὑτὸν
1682 467 1762 493 πάλιν
1784 465 1834 491 καὶ

212 516 260 542 νῦν
275 517 410 544 ἐνέϐαλον.
424 517 480 544 Καὶ
497 516 565 552 αὕτη
581 517 654 543 ἐστὶν
669 517 684 551 ὴ
702 515 784 547 αἰτία,
799 515 832 541 δι’
854 511 888 550 ἧς
903 515 917 540 ὀ
937 513 1003 545 Θεὸς
1023 512 1168 548 ὲσαρκώθη
1186 513 1234 539 καὶ
1254 512 1361 546 ἐγένετο
1379 512 1535 548 ἄνθρωπος·
1565 513 1605 539 ὅτι
1636 512 1710 540 αὑτῶ
1733 511 1832 547 πρέπει

212 562 274 594 δόξα
291 563 331 596 εἰς
344 564 513 598 ἀπεράντους
535 563 646 595 αἰῶνας.
670 563 766 598 Ἂμήν.

584 702 773 730 ΑΟΜΟΝΙΤΙΟ
792 701 825 730 1N
846 700 1035 729 HISTORIAM
1054 700 1209 729 lMAGlNlS
1226 700 1451 729 BERYTENSIS.

251 772 271 800 1.
290 773 431 800 Athanasii
452 782 503 801 non
524 782 580 800 esse
601 774 649 800 hoc
670 773 841 808 Opusculum,
863 772 908 800 sed
923 772 1037 806 imperiti
1056 772 1169 807 alicujus
1183 776 1208 799 et
1227 772 1365 807 infacundi
1383 772 1509 805 hominis,
1527 772 1645 799 eruditus
1673 780 1747 799 nemo
1773 780 1826 799 non

214 818 430 854 iudicat;quare
454 828 506 846 non
528 824 567 847 est
594 819 663 854 quod
684 820 712 846 in
734 828 767 846 ea
792 828 819 846 re
842 818 981 854 probanda
1001 819 1181 846 immoremur.
1205 818 1348 853 Antiquam
1368 822 1454 846 tamen
1477 826 1534 846 esse
1548 826 1580 845 ea:
1600 827 1629 846 eo
1652 818 1742 852 liquet,
1762 819 1832 853 quod

214 866 242 892 in
261 865 370 892 concilio
387 863 495 891 Nicazno
511 873 528 891 II
539 884 547 896 ,
569 865 711 891 Athanasii
727 865 830 891 nomine
844 865 939 891 lectum
954 863 1054 897 fuerit;
1071 867 1148 897 atque
1161 867 1226 890 teste
1240 861 1416 890 Constantino
1429 862 1592 890 Constantia:
1607 862 1687 897 Cypri
1701 863 1832 897 episcopo.

214 911 340 938 Patribus
357 919 387 938 eo
401 912 499 938 coactis
522 912 653 946 lacrymas
674 912 830 938 excusserit.
847 910 943 937 Exstat
958 918 1037 944 porro
1057 914 1126 936 tomo
1146 909 1200 936 V11
1223 908 1333 942 Soncil.,
1359 915 1411 937 act.
1431 911 1458 938 4.
1474 909 1530 937 Nec
1544 919 1639 945 parum
1651 910 1794 942 discrepat,
1811 911 1836 936 si

213 957 291 984 verba
305 962 414 992 spectes,
433 957 465 984 ab
483 958 560 984 editis
582 962 607 984 et
626 967 642 984 a
664 966 727 984 mss.
743 957 906 992 Tantumque
923 958 1027 984 variant
1041 957 1108 983 inter
1127 965 1154 983 se
1168 956 1280 988 codices,
1302 961 1330 982 ut
1349 956 1376 982 in
1390 956 1481 983 multis
1501 957 1559 984 licet
1574 957 1730 990 reperiatur,
1745 955 1834 983 nullus

215 1003 264 1030 alii
286 1003 381 1030 similis
406 1007 566 1037 compareat.
590 1003 623 1030 In
644 1002 794 1030 Colbertino
819 1008 907 1030 autem
928 1003 1004 1030 tertio
1026 1002 1065 1029 ita
1089 1003 1194 1036 prolixa
1213 1006 1238 1029 et
1260 1006 1339 1028 aucta
1356 1002 1452 1037 legitur
1472 1002 1527 1030 lucc
1551 1001 1683 1033 Historia,
1704 1006 1733 1028 ut
1753 1001 1834 1035 duplo

214 1049 301 1083 major
322 1049 392 1076 cusis
416 1049 556 1081 videatur;
579 1050 618 1076 sic
643 1055 730 1076 tamen
753 1053 782 1075 u-t
807 1048 891 1075 multa
919 1048 1013 1078 verba.
1044 1049 1088 1076 sed
1107 1048 1173 1074 nihil
1193 1049 1231 1075 rei
1254 1053 1333 1082 gesta;
1356 1047 1510 1082 adjiciatur.
1535 1047 1631 1076 Exstat
1656 1049 1719 1074 item
1744 1046 1837 1074 eree

214 1096 243 1121 in
258 1094 413 1121 bibliotheca
431 1094 554 1122 Cmsarea
569 1095 702 1129 exemplar
718 1095 774 1129 ejus
790 1103 853 1121 mss.
870 1094 901 1120 ab
915 1094 992 1121 editis
1014 1093 1084 1120 haud
1099 1102 1193 1128 parum
1208 1093 1341 1120 diversum
1353 1099 1378 1121 et
1390 1094 1473 1121 multo
1491 1094 1604 1121 auctius.
1621 1093 1842 1127 Principiuntquc

212 1141 270 1176 ejus
287 1142 365 1176 affert
389 1141 553 1174 Lambecius,
568 1141 714 1168 Comment.
736 1141 781 1167 lib.
804 1149 823 1172 I.
835 1149 862 1174 ρ.
883 1141 945 1172 ηδ,
961 1145 990 1167 ut
1004 1145 1029 1167 ct
1047 1141 1190 1168 versionem
1208 1141 1346 1176 antiquam
1367 1150 1526 1176 anonymam
1545 1142 1577 1168 ab
1598 1141 1670 1168 edita
1690 1141 1834 1172 diversam,

214 1196 293 1223 quam
319 1189 447 1223 integram
469 1189 549 1224 refert
566 1190 633 1216 idem
650 1197 675 1223 p.
694 1189 756 1216 128.
778 1188 902 1216 Omnium
921 1193 1008 1216 autem
1031 1189 1150 1216 codicum
1173 1190 1262 1216 varias
1285 1190 1380 1224 afferre
1405 1190 1538 1222 lectiones,
1556 1198 1602 1217 nec
1623 1190 1700 1224 facile
1718 1194 1767 1221 est,
1788 1197 1837 1216 nec

215 1241 300 1267 opera:
314 1235 425 1268 pretium
439 1235 507 1269 foret
521 1243 531 1262 :
543 1243 623 1270 quare
635 1244 680 1262 eas
693 1235 779 1262 solum
793 1235 988 1267 adnotavimus,
1003 1243 1061 1270 (μίαν
1075 1235 1189 1268 alicujus
1204 1236 1326 1262 momenti
1340 1236 1403 1263 visre
1420 1241 1490 1263 sunt.
1508 1235 1613 1271 Magna:
1626 1244 1685 1263 vero
1703 1235 1775 1270 apud
1793 1244 1836 1262 se-

215 1280 316 1315 quioris
339 1281 387 1307 teni
403 1280 507 1308 Cra-cos
528 1281 579 1315 fuit
603 1282 808 1309 existimationis
833 1281 888 1309 hinc
910 1281 1031 1309 Historia
1046 1290 1055 1309 :
1071 1282 1109 1308 ita
1129 1286 1157 1308 ut
1173 1290 1205 1309 ea
1228 1282 1331 1317 publice
1342 1282 1392 1318 legi
1410 1283 1502 1310 soleret
1518 1283 1657 1310 Dominica
1672 1282 1837 1319 ὁρθοδοξίας,

220 1335 266 1354 seu
290 1326 368 1353 Dom.
390 1328 476 1362 prima
503 1327 728 1364 Quadragesimte,
756 1330 783 1356 in
803 1337 854 1364 quo
881 1327 1063 1356 celebrabatur
1084 1327 1154 1362 apud
1183 1327 1288 1355 ercos
1315 1328 1411 1363 festum
1437 1329 1551 1356 restituti
1574 1329 1660 1356 cultus
1683 1333 1838 1356 sanctarum

216 1373 371 1409 imaginum.

252 1418 284 1446 ιι.
301 1419 368 1447 Cum
393 1420 482 1456 itaque
501 1420 607 1447 minime
627 1419 678 1447 sibi
702 1421 810 1447 invicem
833 1419 998 1447 consentiant
1017 1419 1117 1446 codices
1135 1427 1199 1447 mss.
1212 1420 1242 1446 'et
1263 1419 1295 1446 ab
1311 1419 1388 1447 editis
1402 1420 1499 1447 mirum
1515 1420 1542 1447 in
1557 1420 1664 1447 modum
1681 1421 1835 1455 discrepent.

216 1467 300 1494 visum
311 1473 349 1494 est
360 1468 421 1496 bina
435 1476 468 1495 ea;
486 1468 618 1496 Palatinis
634 1468 768 1496 codicibus
782 1468 920 1502 desumpta
933 1467 1094 1502 exemplaria
1109 1475 1169 1494 cum
1181 1466 1284 1494 Latinis
1297 1468 1457 1495 versionibus
1469 1467 1542 1495 edere
1555 1475 1563 1499 ;
1578 1468 1647 1502 quod
1662 1467 1745 1494 libera
1757 1468 1838 1494 cuivis

216 1517 308 1540 mutuo
331 1513 481 1548 conferendi
498 1514 533 1540 sit
547 1514 672 1548 facultas.
686 1514 843 1549 Quanquam
857 1513 929 1540 nullo
940 1513 1007 1547 forte
1022 1513 1157 1547 dispendio
1169 1514 1294 1548 potuisset
1308 1513 1463 1540 alterutrum
1479 1514 1575 1545 omitti,
1593 1522 1651 1540 cum
1666 1514 1741 1541 nulla
1756 1515 1838 1548 ferme

216 1560 269 1587 nisi
283 1559 420 1586 verborum
432 1559 466 1586 sit
480 1559 668 1593 discrepantia.
692 1559 727 1586 At
743 1559 897 1592 scrupuloso
913 1559 1003 1585 lectori
1020 1567 1118 1586 morem
1132 1567 1219 1594 gerere
1235 1559 1306 1591 libet,
1324 1559 1430 1594 indigne
1445 1559 1545 1586 scilicet
1561 1559 1654 1594 ferenti
1665 1581 1672 1593 ,
1688 1561 1712 1587 si
1726 1569 1778 1596 qua
1798 1563 1837 1589 uel

217 1609 325 1635 minima
341 1607 415 1642 prius
429 1608 559 1634 editorum
575 1608 822 1642 prwtermittantur.
842 1606 909 1633 Bina
924 1607 1014 1633 itidem
1029 1605 1126 1633 Latina
1140 1607 1302 1641 exemplaria
1315 1607 1460 1641 offerimus,
1479 1615 1538 1642 qua:
1552 1608 1599 1634 sub
1614 1608 1719 1635 initium
1735 1609 1769 1635 ad
1784 1618 1839 1637 me-

216 1653 290 1680 dium
306 1661 385 1688 usque
399 1658 452 1681 toto
463 1655 527 1680 ccelo
546 1653 695 1687 discrepant
708 1661 716 1685 ,'
732 1653 792 1680 inde
808 1661 866 1680 vero
883 1661 935 1680 non
949 1654 1020 1680 item.
1034 1653 1154 1680 Primum
1169 1653 1197 1679 in
1215 1653 1331 1688 antiquis
1344 1653 1486 1681 Athanasii
1498 1654 1576 1681 editis
1588 1654 1693 1682 Latinis
1704 1656 1763 1690 jam
1775 1657 1838 1683 olim

218 1709 309 1727 cusum
323 1700 384 1735 fuit,
403 1709 461 1727 cum
476 1701 524 1727 hoc
542 1700 590 1728 sub
609 1701 715 1727 initium
733 1708 830 1732 errore,
848 1704 876 1726 ut
888 1700 994 1726 dicatur
1013 1699 1108 1726 lectam
1131 1700 1213 1734 fuisse
1232 1700 1299 1726 hanc
1314 1698 1461 1726 Historiam
1478 1709 1494 1726 a
1507 1700 1586 1727 Petro
1604 1700 1798 1728 Nicomediensi
1812 1703 1840 1728 in

217 1747 316 1783 δεμνιοάο
327 1748 455 1776 Ca'sarea:
469 1747 643 1782 Cappadocia:
653 1747 794 1779 celebrata.
807 1749 838 1774 ob
850 1755 965 1774 errorem
975 1748 1046 1774 circa
1055 1747 1154 1775 Christi
1163 1746 1270 1774 Domini
1278 1747 1431 1781 sanguinem
1443 1752 1574 1777 exortum.
1583 1756 1642 1774 cum
1651 1756 1740 1775 revera
1749 1749 1776 1775 in
1790 1748 1841 1775 Ni-

218 1799 291 1821 cena
301 1794 414 1821 secunda
423 1793 532 1829 synodo,
543 1801 590 1828 pro
603 1794 674 1820 cultu
684 1793 827 1828 imaginum
844 1793 983 1820 asserenda
1000 1793 1034 1819 ab
1048 1793 1137 1820 eodem
1153 1793 1222 1820 lecta
1237 1793 1328 1828 fuerit.
1341 1792 1375 1820 In
1384 1794 1475 1820 multis
1486 1801 1564 1828 porro
1573 1795 1728 1829 discrepata
1741 1794 1839 1822 Cra-cis

219 1841 273 1869 hac
287 1841 383 1869 Latina
399 1841 530 1869 Historia.
547 1841 696 1869 Secundum
717 1841 851 1875 exemplar
867 1840 992 1868 Latinum
1008 1848 1041 1867 ex
1062 1841 1176 1876 antiquis
1199 1841 1370 1867 conciliorum
1387 1849 1450 1868 mss.
1463 1846 1488 1868 et
1502 1842 1579 1868 editis
1593 1842 1842 1877 desumptum,jam

218 1888 333 1923 primum
343 1888 600 1915 interAthanasiana
611 1888 685 1915 edere
699 1887 783 1915 uisum
796 1891 845 1920 est,
857 1887 919 1922 quia
931 1886 965 1913 ad
982 1886 1134 1914 Graecorum
1150 1887 1266 1914 litteram
1280 1887 1365 1922 magis
1380 1887 1490 1921 accedit,
1510 1888 1568 1915 licet
1584 1889 1610 1916 in
1622 1889 1755 1924 nonnullis
1769 1890 1841 1916 haud

219 1935 309 1962 leviter
325 1936 462 1970 discrepet.
1627 1926 1649 1963 ᾖ

254 1983 299 2010 lll.
322 1983 360 2010 De
388 1983 509 2010 Historia
527 1983 651 2019 imaginis
680 1983 831 2018 Bcrylensis
856 1981 911 2009 hazc
935 1981 1012 2008 habet
1037 1979 1186 2016 Sigebertus
1212 1982 1239 2009 in
1261 1981 1398 2010 Chronico
1423 1982 1458 2009 ad
1483 1991 1581 2010 annum
1603 1983 1662 2011 τιθὸ
1681 1993 1686 2010 :
1707 1983 1842 2019 Tempore

219 2029 392 2058 Constantini
407 2029 578 2064 imperatoris
592 2033 619 2057 et
642 2030 727 2057 lrenm
748 2030 842 2057 uxoris
857 2029 918 2064 ejus
935 2028 963 2055 in
986 2028 1072 2064 Syriae
1086 2029 1196 2056 civitate
1209 2028 1338 2064 Berytho,
1354 2038 1415 2065 quae
1429 2030 1553 2064 subiacet
1566 2030 1716 2058 Antiochia
1732 2041 1738 2058 :
1754 2030 1841 2058 Judaei

219 2074 364 2110 imaginem
382 2074 533 2102 Salvatoris
547 2074 654 2102 Domini
671 2075 757 2102 nostri
773 2074 837 2102 Jesu
852 2074 955 2102 Christi
965 2074 1134 2101 invenientes
1146 2074 1173 2101 in
1190 2073 1273 2102 domo
1288 2075 1431 2108 cujusdam
1442 2074 1539 2109 Judaei,
1554 2075 1591 2102 ibi
1607 2076 1731 2102 relictam
1745 2083 1760 2102 a
1773 2084 1843 2111 quo-

219 2122 281 2149 dam
297 2120 462 2154 Christiano,
478 2129 538 2149 eam
555 2121 687 2157 injuriose
700 2122 897 2156 deposuerunt,
912 2124 939 2148 et
953 2120 1045 2147 omnia
1059 2120 1206 2155 opprobria
1221 2128 1282 2155 quae
1296 2120 1381 2148 Judaai
1397 2121 1506 2149 Christo
1519 2121 1584 2149 Jesu
1600 2122 1760 2153 intulerunt,
1782 2122 1842 2156 ejus

219 2167 330 2202 imagini
351 2167 503 2195 inferebant
525 2177 531 2195 :
550 2168 693 2196 illudcntes
706 2168 743 2200 ei,
759 2168 786 2194 in
804 2167 901 2194 faciem
922 2170 1115 2201 conspuentes,
1132 2166 1279 2194 criminose
1302 2168 1498 2200 conviciantcs,
1515 2175 1629 2203 eamque
1647 2167 1840 2203 perculientes.

219 2221 318 2242 manus
339 2219 365 2242 et
385 2214 468 2250 pedes
493 2214 553 2249 ejus
578 2214 665 2242 clavis
687 2214 871 2249 conligentes,
900 2216 1007 2240 acetum
1031 2217 1058 2240 et
1083 2212 1117 2240 iel
1138 2213 1163 2240 ei
1183 2214 1378 2249 porrigentes;
1403 2214 1512 2242 tandem
1535 2215 1621 2242 latere
1643 2216 1702 2250 ejus
1726 2220 1841 2250 aperto,

219 2262 304 2290 exivit
321 2263 354 2290 de
371 2269 404 2290 eo
419 2263 532 2297 sanguis
557 2266 584 2290 et
600 2270 680 2297 aqua,
697 2262 769 2297 quod
792 2261 832 2288 illi
852 2260 994 2295 supposita
1017 2260 1134 2294 ampulla
1151 2260 1333 2296 suscipientes
1355 2261 1389 2289 ad
1409 2263 1627 2297 experimentum
1651 2262 1734 2297 289
1749 2267 1842 2290 utrum

219 2309 321 2338 fuerint
337 2317 401 2337 vera
416 2310 548 2338 miracula
562 2318 622 2345 quze
640 2309 733 2338 Iesum
754 2309 853 2336 fecisse
869 2308 1027 2339 audierant,
1045 2315 1141 2335 omnes
1156 2307 1280 2335 inﬁrmos
1296 2308 1324 2335 in
1340 2307 1483 2344 Synagoga
1502 2317 1551 2336 sua
1564 2309 1694 2337 collectos
1710 2309 1762 2336 hoc
1774 2317 1840 2337 san-

219 2356 302 2392 guine
327 2357 516 2392 aspergebant,
540 2361 567 2384 et
589 2365 604 2385 a
628 2364 793 2392 quocunque
818 2357 950 2391 languore
970 2355 1163 2382 detinebantur
1189 2363 1286 2384 omnes
1314 2357 1493 2384 sanabuntur.
1519 2356 1597 2384 Unde
1620 2357 1730 2384 tandem
1754 2357 1841 2385 Judaei

219 2404 376 2438 compuncti
398 2405 432 2431 ad
449 2404 618 2431 Adeodatum
639 2404 759 2432 civitatis
779 2404 938 2438 episcopum
960 2409 1056 2429 omnes
1078 2398 1290 2434 concurrerunt,
1325 2403 1406 2438 eique
1422 2411 1451 2430 re
1465 2407 1602 2437 enarrata,
1618 2404 1763 2438 imaginem
1779 2411 1842 2431 cum

220 2450 353 2484 sanguine
377 2450 402 2477 ei
423 2450 569 2478 dederunt.
595 2450 702 2483 Quibus
725 2450 872 2485 baptizatis
898 2448 1044 2484 episcopus
1067 2449 1228 2482 sanguinem
1253 2457 1302 2485 per
1324 2449 1458 2484 ampullas
1482 2449 1600 2478 divisum
1625 2450 1704 2484 longe
1729 2449 1841 2484 lateque

220 2494 351 2530 dirigens,
381 2496 546 2530 praedicabat
578 2497 714 2532 magnalia
741 2497 808 2529 Dei,
832 2495 987 2524 obtestatus
1023 2502 1119 2523 omnes
1149 2499 1180 2522 ut
1211 2495 1327 2530 singulis
1354 2496 1434 2524 annis
1461 2497 1558 2531 quinto
1587 2495 1651 2524 ldus
1678 2495 1842 2523 Novembris

221 2543 374 2571 celebretur
402 2543 497 2572 Passio
526 2543 673 2572 Dominiczn
693 2544 832 2579 imaginis.
860 2543 924 2570 [huc
947 2541 1109 2576 Sigebertus,
1135 2543 1181 2577 qui
1209 2543 1236 2569 in
1265 2543 1313 2570 hoc
1340 2548 1424 2577 errat,
1441 2545 1510 2579 quod
1535 2543 1684 2571 Historiam
1709 2543 1843 2571 Constan-

223 2590 272 2616 tini
295 2593 320 2616 et
349 2589 438 2617 Irenes
470 2599 525 2618 cavo
555 2595 655 2625 gestant
680 2593 807 2621 enarret;
834 2596 899 2616 nam
928 2592 1043 2621 tempore
1074 2586 1180 2620 Irenes,
1209 2589 1314 2616 nomine
1341 2589 1483 2617 Athanasii
1510 2590 1578 2617 lecta
1602 2590 1653 2624 fuit
1680 2590 1707 2616 in
1740 2589 1841 2624 synodo

221 2635 336 2662 secunda
355 2636 477 2664 Nicatna.
500 2637 555 2666 Nec
577 2638 661 2671 potuit
684 2638 749 2664 adeo
769 2637 880 2664 recentis
899 2635 1031 2662 memoria
1050 2638 1104 2661 tum
1127 2631 1222 2670 fuisse.
1238 2642 1266 2663 ut
1282 2636 1362 2665 Petro
1376 2646 1435 2665 eam
1446 2638 1592 2665 Athanasio
1603 2637 1763 2665 adscribenti
1776 2637 1841 2672 ﬁdes

222 2681 371 2711 haberetur.
390 2683 487 2711 Verane
501 2689 623 2712 ca'terum
637 2693 670 2713 an
685 2685 756 2721 falsa
766 2685 800 2713 sit
814 2684 869 2712 hac
880 2683 1003 2716 historia,
1018 2683 1153 2717 prudentis
1167 2682 1271 2712 lectoris
1281 2685 1384 2720 judicio
1397 2687 1587 2722 permittatur;
1607 2686 1681 2714 nobis
1696 2694 1760 2713 sane
1775 2686 1841 2713 vide

223 2733 268 2755 tur
283 2729 424 2758 admodum
441 2736 572 2765 suspecta.

942 2804 1091 2815 ’.θ’-4
