1940 3068
670 118 715 144 DE
735 116 913 144 MIRACULO
934 116 1060 144 BERYTI
1081 117 1192 144 EDITO.

1696 118 1748 146 798

671 207 740 233 ΤΟΥ
756 206 800 232 EN
817 205 928 232 AFIOIE
946 205 1081 232 ΠΑΤΡΟΣ
1097 206 1196 232 ΗΜΩΝ

776 288 1094 333 ΑΘΑΝΑΣΙΟΥ

148 383 189 420 (8)
206 383 301 418 Λόγος
314 383 357 416 εις
371 382 404 409 τὸ
419 381 517 416 θαῦμα
530 381 563 408 τὸ
582 380 704 416 γεγονὸς
719 380 754 406 ἐν
767 377 899 414 Βηρυτῷ,
916 378 983 412 περὶ
1003 378 1058 412 τῆς
1073 380 1168 414 τιμίουι
1186 379 1235 406 καί
1250 380 1416 414 σεϐασμίας
1438 381 1552 415 εἰκόνος
1570 381 1622 409 τοῦ
1638 381 1746 416 Κυρίου

809 427 858 454 καὶ
873 427 947 454 Θεοῦ
966 426 1060 461 ἡμῶν.

621 539 668 582 S.
707 539 761 582 P.
810 538 868 582 N.
907 537 1233 582 ATHANASII

203 637 296 665 Sermo
309 637 341 664 de
355 636 486 664 miraculo
499 635 590 671 Beryti
605 635 685 668 edito,
703 637 776 663 circa
789 635 932 670 pretiosam
947 641 971 662 et
988 634 1166 662 venerandam
1178 633 1319 668 imaginem
1334 632 1443 660 Domini
1457 637 1481 660 et
1497 632 1546 660 Dei
1564 634 1658 661 nostri.

147 750 180 777 1..
192 750 293 784 Ἀρατε
311 750 372 781 τοὺς
387 749 541 784 ὀφθαλμοὺς
558 750 606 784 τῆς
619 749 737 782 διανοίας
755 750 842 786 ὑμῶν,
857 751 896 778 κα¹

990 751 1016 778 1.
1033 750 1136 786 Erigite
1150 750 1244 777 oculos
1260 749 1360 777 mentis
1374 753 1482 781 vestrae,
1498 756 1530 776 ac
1540 749 1630 777 videte
1646 758 1743 777 novum

106 796 184 823 εδετε
200 796 231 822 τὸ
246 795 338 822 καινὸν
354 795 402 822 καὶ
423 795 573 831 παράδοξον
589 795 680 831 Θαῦμα
690 816 698 827 ,
723 796 791 832 ὅπερ
806 797 902 831 γέγονε

104 841 157 869 νῦν
169 842 198 868 ὲν
207 843 267 873 ταῖς
275 841 392 877 ἡμέραις
399 842 416 876 ἡ
422 841 488 877 μῶν.
498 842 526 867 Ἐ
530 841 666 876 μὸλέψατε
676 842 713 876 (9)
723 843 762 874 είς
769 842 817 878 τὴν
825 842 902 869 ἄπει-

105 896 157 923 ρον
178 885 333 922 ἀγαθότητα
347 887 394 913 τοῦ
410 886 488 919 Θεοῦ,
505 888 564 914 δότε
579 887 653 922 αὐτῷ
667 887 756 920 δόξαν,
772 888 902 924 κατανοή-

105 942 175 960 σατε
198 933 247 969 τὴν
266 934 368 968 ἄφατον
383 933 588 969 φιλανθρωπίαν
607 934 653 959 καὶ
670 933 699 959 τὸ
717 933 831 968 μέγεθος
851 935 901 969 τῆς

102 979 192 1008 αὑτοῦ
210 979 377 1015 οἰκονομίας,
393 979 440 1006 καὶ
459 979 556 1015 θρῆνον
575 980 632 1015 μετ’
649 979 820 1015 εὐφροσύνης
835 979 902 1006 ἀνα-

101 1026 216 1054 λάϐετε.
242 1026 304 1052 Ἐπὶ
333 1026 382 1061 μὲν
407 1025 475 1052 Θεοῦ
501 1025 576 1052 οὐδὲν
600 1026 685 1059 ξένον.
713 1026 757 1052 Ἐν
782 1024 837 1061 γὰρ
862 1025 900 1061 τῷ

104 1071 252 1108 παραδόξῳ
266 1072 353 1108 τούτῳ
369 1071 499 1107 θαύματι,
517 1072 531 1098 ὃ
542 1072 651 1106 ἐγένετο
665 1073 694 1099 ἐν
709 1073 769 1104 ταῖς
783 1072 900 1108 ἡμέραις

103 1118 237 1150 ἐκείναις,
258 1117 407 1154 ἐξέστησαν
423 1119 510 1145 πᾶσαι
534 1118 561 1144 αἱ
583 1118 692 1154 καρδίαι
717 1118 770 1145 τῶν
796 1117 900 1153 ἀνθρώ-

105 1172 178 1190 πων.
197 1164 300 1196 Ὄντως
314 1164 412 1199 ἐξέστη
427 1165 441 1190 ὁ
454 1164 568 1199 οὐρανὸς
582 1164 629 1190 ἐπὶ
642 1164 673 1190 τὸ
687 1164 897 1199 τετολμημένον,

105 1209 300 1246 ἐταράχθησαν
316 1211 403 1237 πᾶσαι
421 1211 449 1237 αἱ
467 1210 576 1246 καρδίαι
589 1211 642 1238 τῶν
662 1210 823 1246 ἀνθρώπων.
836 1211 900 1237 ’Ὀν-

105 1263 162 1288 τως
176 1254 323 1292 ἐξέστησαν
334 1259 420 1285 πᾶσαι
436 1257 558 1289 ἄϐυσσοι,
574 1259 588 1284 ὁ
599 1257 675 1292 ἥλιος
686 1257 839 1292 ἐσκοτίσθη,
851 1257 899 1284 καὶ

105 1301 124 1336 ἡ
138 1301 237 1337 σελήνη
263 1302 311 1328 καὶ
323 1303 348 1329 οἰ
361 1303 475 1338 ἀστέρες
492 1302 692 1339 ἐταράχθησαν,
705 1301 757 1330 ὑπὸ
770 1303 808 1338 τῷ
825 1304 898 1330 οἰκο-

105 1346 251 1381 νομηθέντι
271 1347 323 1374 ὑπὸ
342 1347 389 1374 τοῦ
411 1348 525 1384 Κυρίου,
540 1349 629 1375 Πᾶσαι
650 1350 678 1375 αἱ
701 1348 754 1375 τῶν
775 1347 898 1383 οὐρανῶν

105 1392 246 1428 δυνάμεις,
259 1393 404 1427 ἀκούσατε,
420 1395 467 1421 καὶ
477 1394 603 1430 ἕκστητε,
615 1395 707 1429 γενεαί¹
720 1394 774 1421 τῶν
785 1394 896 1428 γενεῶν,

105 1433 129 1470 ᾧ
150 1438 260 1472 γέγονεν
278 1437 429 1474 παράδοξον
448 1439 541 1476 θαῦμα
563 1441 592 1467 ἐν
607 1441 668 1472 ταῖς
692 1440 811 1475 ἡμέραις
831 1439 897 1466 ταύ-
913 1433 938 1464 Β

105 1492 179 1515 ταις.

141 1529 174 1556 2..
190 1530 270 1562 Πόλις
286 1531 345 1557 ἐστὶ
357 1531 477 1566 Βηρυτὺς
493 1531 658 1567 καλουμένη,
673 1531 786 1558 τελοῦσα
804 1532 832 1559 δὲ
847 1532 899 1559 ὑπὸ

113 1576 286 1611 Ἀντιόχειαν.
308 1577 351 1604 Ἐν
369 1577 437 1613 αὐτῇ
452 1579 486 1613 τῇ
501 1577 577 1604 πόλει
592 1577 681 1614 πλήθη
698 1578 783 1605 πολλὰ
795 1577 829 1615 ἦν
844 1579 898 1606 τῶν

113 1622 257 1650 Ἰουδαίων.
281 1622 398 1658 Πλησίον
417 1623 446 1649 δὲ
467 1625 517 1659 τῆς
543 1624 704 1659 συναγωγῆς
725 1625 815 1651 αὐτῶν
832 1625 899 1660 Χρι-

107 1669 213 1700 στιανός
232 1677 275 1700 τις
295 1668 386 1696 λαϐὼν
409 1668 514 1696 κελλίον
536 1670 694 1705 κατέμενεν.
724 1671 849 1707 Ἐποίησε
870 1671 898 1697 δὲ

106 1715 199 1742 εἰκόνα
216 1714 264 1741 τοῦ
279 1715 382 1750 Κυρίου
401 1716 416 1751 ἡ
422 1715 479 1750 μῶν
499 1716 586 1752 Ἰησοῦ
610 1716 726 1752 Χριστοῦ
743 1717 896 1748 ὁλόστατον,

106 1761 252 1796 ὲζωγραφη
257 1761 340 1796 μένην
354 1762 383 1787 ἐν
397 1761 544 1797 ὼραιότητι
557 1761 651 1798 πολλῇ.
666 1762 770 1798 Χρόνου
787 1763 815 1789 δὲ
829 1763 898 1790 διελ-

107 1806 208 1839 θόντος,
231 1806 364 1842 ἠθέλησεν
384 1807 560 1843 ἀναχωρῆσαι
582 1808 596 1834 ό
610 1809 771 1844 Χριστιανὸς
795 1811 827 1837 ὲκ
849 1809 896 1837 τοῦ

107 1851 188 1879 αὐτοῦ
211 1851 328 1879 κελλίου.
350 1852 534 1888 Ἐπεςήτησεν
545 1851 591 1880 οὖν
606 1853 699 1889 ἕτερον
715 1854 819 1882 κελλίον
838 1858 897 1891 μεῖ-

107 1896 164 1930 ζον,
186 1897 224 1929 ὡς
239 1897 332 1933 χρείαν
351 1898 420 1933 ἔχων
435 1898 528 1930 αὐτοῦ,
548 1899 606 1934 ἅμα
625 1900 653 1926 δὲ
670 1901 716 1927 καὶ
737 1901 898 1936 πλησιάζειν

108 1943 186 1970 αὐτὸν
199 1945 254 1976 τοῖς
275 1944 420 1976 Ἰουδαίοις.
437 1944 533 1979 Εὐρὼν
546 1945 575 1972 δὲ
590 1945 694 1982 οἴκημα
709 1946 812 1982 ἕτερον,
832 1956 897 1983 μετ-

107 1989 174 2025 ῆρεν
194 1989 315 2023 ἐκεῖθεν,
338 1989 429 2017 λαϐὼν
452 1990 541 2018 πάντα
561 1991 596 2018 τὰ
623 1992 779 2028 ὑπάρχοντα
802 1993 895 2020 αὐτοῦ.

107 2035 175 2062 Κατ’
198 2035 353 2071 οἰκονομίαν
373 2036 402 2062 δὲ
420 2036 468 2063 τοῦ
493 2036 572 2070 Θεοῦ,
594 2037 642 2064 τοῦ
664 2038 786 2071 θέλοντος
809 2040 896 2066 πάντα

108 2080 248 2116 ἄνθρωπον
267 2082 397 2117 σωθῆναι,
420 2083 467 2109 καὶ
481 2082 521 2114 εἰς
541 2083 689 2118 ἐπίγνωσιν
711 2084 839 2119 ἀληθείας
855 2086 897 2112 ἑλ-

109 2127 172 2160 Θεῖν,
190 2127 318 2155 δεικνύων
334 2128 369 2154 τὰ
382 2128 522 2164 Θαυμάσια
538 2128 620 2156 αὐτοῦ
633 2130 700 2156 πᾶσι
716 2132 771 2162 τοῖς
784 2131 895 2158 πιστεύ-

108 2181 180 2199 ουσιν
193 2173 267 2208 αὐτῷ
280 2174 308 2200 ἐν
322 2174 446 2210 ἀληθείᾳ.
465 2174 561 2202 Λαϐὼν
575 2175 603 2202 δὲ
619 2176 632 2201 ὁ
645 2176 808 2212 Χριστιανὸς
824 2177 896 2204 διπα-

109 2227 156 2245 σαν
176 2219 224 2255 τὴν
240 2220 336 2247 οὐσίαν
358 2221 451 2252 αὐτοῦ,
467 2221 505 2253 ὡς
526 2221 714 2257 προλέλεκται,
733 2223 895 2260 κατελείφθη

109 2265 125 2299 ἡ
147 2264 228 2291 εἰκὼν
253 2264 300 2291 τοῦ
325 2265 428 2301 Κυρίου
455 2266 533 2302 ήμῶν
555 2267 642 2303 Ἰησοῦ
669 2268 788 2303 Χριστοῦ
817 2269 895 2305 μόνη,

109 2311 279 2346 ὶ.ησμονήσας
291 2312 376 2347 αὐτὴν
390 2312 418 2338 ὲν
430 2311 468 2347 τῷ
484 2312 590 2348 κελλίῳ.

143 2355 169 2384 5.
189 2357 313 2389 Ἰουδαῖος
338 2357 366 2384 δέ
390 2366 433 2389 τις
456 2357 545 2385 λαϐὼν
568 2359 599 2385 τὸ
622 2359 726 2386 κελλίον
749 2360 831 2387 αὐτοῦ
848 2361 894 2388 τοῦ

109 2404 189 2430 οἰκεῖν
210 2404 239 2430 ἐν
256 2403 340 2439 αὐτῷ,
357 2403 420 2430 ἔνθα
443 2401 476 2439 ἦν
496 2405 512 2440 ἡ
536 2405 618 2432 εἰκὼν
633 2406 680 2432 τοῦ
702 2405 896 2441 παμϐασιλέως

109 2449 234 2485 Χριστοῦ,
259 2450 414 2485 εἰσαγαγὼν
430 2450 459 2477 δὲ
475 2451 564 2479 πάντα
580 2452 615 2479 τὰ
637 2452 794 2488 ὑπάρχοντα
810 2453 894 2480 αὑτοῦ

109 2495 146 2526 εἰς
163 2494 193 2521 τὺ
209 2494 313 2522 κελλίον
333 2495 484 2531 κατέμενε,
507 2496 544 2532 μὴ
569 2497 711 2532 Θεωρήσας
731 2498 779 2533 τὴν
801 2498 894 2525 εἰκόνα

109 2540 153 2566 τοῦ
166 2541 280 2575 Κυρίου,
294 2541 335 2567 ὅτι
350 2541 455 2568 ἵσταται
471 2542 539 2574 ἐκεῖ,
556 2542 617 2568 οὐδὲ
631 2543 777 2578 κατενόησε
791 2543 836 2570 τὸν
851 2544 895 2570 τό-

110 2595 156 2613 πον
172 2586 286 2614 ἐκεῖνον.
302 2587 360 2622 Μιᾷ
374 2587 402 2614 δὲ
417 2587 472 2614 τῶν
485 2588 597 2624 ἡμερῶν
614 2588 742 2616 ἐκάλεσεν
759 2589 893 2625 Ἐϐραῐον,

142 2675 176 2710 (8)
190 2674 311 2713 golbert.
325 2676 387 2709 835,
398 2677 492 2713 Λόγος
504 2677 568 2713 περὶ
585 2677 634 2713 τῆς
650 2678 679 2704 ὲν
696 2678 809 2713 Βηρυτῷ
821 2679 895 2705 εἰκός

108 2719 150 2741 νος
157 2710 332 2749 ’τοῦ-Κυρίου
341 2712 429 2749 ’ὴμῷν
450 2710 547 2749 Ἰησοῦ
559 2710 688 2749 Χριστοῦ.
711 2710 800 2741 (ἷὸἰί).’
810 2713 892 2746 4457,

109 2746 168 2784 περὶ
181 2746 236 2784 rei
248 2746 393 2784 χενομένου
408 2746 545 2784 θαύματος
556 2746 596 2784 sit}
609 2748 660 2784 τὴν
675 2749 766 2776 εἰκόνα
783 2749 831 2775 τοῦ
848 2749 890 2775 Κῦ

109 2780 189 2820 apti)!
201 2780 237 2808 Ὶῦ
251 2780 545 2820 ξῦτ-’Ἂναγινώσκεται
560 2783 589 2810 δὲ
602 2780 775 2820 τῇᾟυριακῇ
791 2784 840 2820 τῆς
848 2784 892 2820 ὀρ-

111 2813 232 2859 σοδρξίας.
254 2816 332 2844 Colb.
349 2813 430 2858 5M9,
446 2818 574 2860 Διήγησις
597 2813 660 2880 πξξι
682 2813 728 2859 έοῠ
744 2813 889 2854 γὲνοεὶίνὸυ

112 2850 242 2880 nouato:
259 2852 287 2878 ὲν
307 2852 421 2880 Βηουτω
443 2854 476 2880 τῇ
495 2853 579 2880 πολῖι.
595 2854 609 2880 ὑ
624 2873 630 2880 .
664 2863 713 2880 τηε
735 2854 827 2880 auiae
843 2855 889 2880 καὶ

112 2850 242 2883 θαύματος
259 2852 287 2878 ὲν
307 2852 421 2888 Βηρυτῷ
443 2854 477 2885 τῇ
488 2850 579 2888 πόλει,
595 2850 646 2882 ὑπὸ
664 2854 713 2890 τῆς
735 2850 827 2883 τιμίας
843 2855 889 2882 καὶ

957 797 1177 832 stupendumque
1192 796 1365 830 miraculum,
1382 797 1454 832 quod
1468 805 1555 832 nuper
1568 796 1664 824 diebus
1678 797 1744 824 Con-

955 842 1016 878 tigit
1025 842 1136 870 nostris.
1147 841 1283 877 Respicite
1292 842 1453 871 immensam
1463 843 1507 870 Dei
1517 843 1674 876 bonitatem,
1683 843 1746 870 date

956 888 1007 923 ipsi
1021 888 1145 923 gloriam,
1158 888 1317 923 perpendite
1330 887 1490 916 ineﬂ'abilem
1505 888 1565 923 ejus
1579 896 1642 923 erga
1653 889 1743 915 homi-

955 942 1003 962 nes
1019 941 1139 962 amorem
1166 933 1435 969 magnitudinemque
1454 934 1630 969 providentia
1646 934 1718 962 illius
1735 944 1742 962 :

955 989 1016 1008 cum
1032 981 1124 1008 laetitia
1140 981 1288 1008 lamentum
1306 981 1447 1008 assumite.
1463 981 1534 1008 Nihil
1549 981 1577 1008 in
1591 980 1646 1008 Deo
1661 981 1746 1008 mira-

954 1027 1023 1060 bile;
1042 1027 1089 1055 sed
1112 1027 1140 1054 in
1164 1027 1297 1061 stupendo
1321 1027 1477 1062 huiusmodi
1501 1027 1644 1060 miraculo,
1670 1027 1744 1062 quod

953 1072 1054 1099 editum
1077 1077 1118 1100 est
1143 1073 1171 1099 in
1195 1072 1250 1100 illis
1266 1072 1373 1104 diebus,
1397 1072 1489 1099 omnia
1506 1072 1645 1099 hominum
1660 1073 1744 1100 corda

953 1122 1066 1153 stupore
1087 1118 1214 1154 perculsa
1241 1122 1316 1146 sunt.
1343 1117 1490 1154 Obstupuit
1508 1126 1571 1146 vere
1592 1119 1690 1147 cmlum
1707 1119 1744 1146 ob

953 1168 1088 1199 patratum
1107 1163 1225 1196 facinus,
1252 1164 1359 1191 turbata
1389 1167 1453 1191 sunt
1480 1164 1570 1191 omnia
1600 1164 1742 1191 hominum

952 1210 1052 1243 corda;
1068 1210 1234 1245 Obstupuere
1247 1209 1339 1245 abyssi
1356 1217 1461 1242 omnes,
1487 1210 1528 1238 sol
1549 1210 1744 1238 obtenebratus

953 1260 1005 1289 est,
1023 1256 1086 1284 luna
1097 1260 1124 1284 et
1135 1257 1218 1284 stella:
1233 1257 1404 1284 conturbata:
1423 1260 1498 1287 sunt.
1516 1257 1550 1284 ob
1564 1264 1620 1284 rem
1635 1255 1742 1283 Domini

953 1303 1122 1337 previdentia
1136 1307 1238 1338 gestam
1255 1312 1262 1332 :
1279 1303 1380 1336 audite,
1393 1311 1488 1331 omnes
1504 1303 1635 1330 ctelorum
1653 1303 1742 1330 virtu-

953 1353 1005 1380 tes,
1023 1356 1055 1376 ac
1070 1353 1187 1387 stupete,
1204 1350 1394 1384 generationes
1411 1349 1629 1384 generationum,
1646 1349 1681 1376 ob
1699 1349 1741 1376 in-

953 1402 1019 1430 gens
1037 1395 1209 1429 miraculum,
1226 1396 1270 1423 his
1286 1395 1383 1423 diebus
1397 1395 1513 1423 editum-

984 1525 1011 1552 2.
1024 1525 1095 1553 Urbs
1107 1529 1158 1559 est,
1170 1525 1284 1562 Berytus
1294 1526 1412 1558 nomine,
1426 1525 1575 1553 Antiochia:
1591 1525 1738 1561 vectigalis.

950 1572 977 1599 in
992 1580 1044 1608 qua
1065 1573 1161 1608 ingens
1176 1576 1235 1600 erat
1251 1571 1409 1600 Judaaorum
1432 1572 1588 1600 multitudo.
1604 1571 1739 1600 Christia-

949 1625 1001 1644 nus
1013 1624 1096 1652 porro
1111 1617 1221 1652 quidam
1237 1621 1350 1652 accepta
1364 1624 1448 1652 prope
1465 1624 1630 1652 synagogam
1642 1624 1739 1644 eorum

948 1663 1055 1694 cellula,
1076 1663 1132 1690 illic
1150 1663 1378 1691 commorabatur.
1396 1663 1470 1691 Fecit
1485 1668 1576 1691 autem
1592 1664 1738 1699 imaginem

949 1706 1057 1734 Domini
1078 1707 1223 1742 integram,
1249 1707 1434 1742 pulcherrime
1460 1708 1607 1743 depictam.
1637 1707 1738 1744 Elapso

948 1753 1065 1787 quodam
1093 1758 1225 1788 tempore,
1254 1753 1340 1780 voluit
1364 1753 1538 1781 Christianus
1563 1753 1690 1782 secedere
1703 1762 1739 1782 ex

949 1799 1000 1826 ista
1024 1799 1132 1831 cellula,
1151 1800 1337 1835 majoremque
1358 1800 1501 1835 requisivit
1524 1800 1660 1835 cellulam,
1683 1808 1738 1836 qua

948 1846 1052 1874 scilicet
1065 1854 1134 1881 opus
1149 1846 1281 1881 habebat,
1295 1847 1332 1873 ita
1346 1851 1376 1874 ut
1393 1847 1475 1874 etiam
1495 1845 1596 1874 Iudaeis
1610 1850 1683 1874 esset
1698 1846 1739 1874 vi-

947 1893 1036 1920 cinus.
1057 1892 1169 1920 lnvento
1183 1893 1322 1920 domicilio
1339 1893 1434 1926 altero,
1452 1892 1515 1920 inde
1534 1892 1737 1927 commigravit,

949 1938 1008 1965 suis
1022 1937 1150 1965 omnibus
1167 1938 1286 1973 acceptis
1300 1938 1389 1967 bonis.
1413 1938 1492 1972 Quod
1509 1946 1542 1966 ex
1556 1938 1604 1966 Dei
1627 1938 1738 1973 dispen-

948 1984 1055 2011 satione
1078 1983 1179 2011 t‘actum
1199 1988 1251 2016 est,
1268 1984 1314 2018 qui
1330 1984 1388 2011 vult
1403 1992 1512 2012 onmem
1527 1984 1666 2012 hominem
1683 1983 1738 2011 sal-

948 2038 1011 2057 vum
1028 2031 1096 2062 ﬁeri,
1115 2034 1143 2057 et
1156 2030 1189 2057 ad
1205 2030 1371 2065 agnitionem
1387 2031 1512 2058 veritatis
1526 2030 1631 2061 venire,
1644 2033 1737 2057 osten—

948 2075 1042 2110 ditque
1058 2075 1193 2103 mirabilia
1207 2083 1255 2103 sua
1272 2076 1399 2103 omnibus
1417 2077 1444 2102 in
1458 2075 1547 2110 ipsum
1560 2074 1737 2102 credentibus

948 2121 977 2148 in
1000 2121 1126 2148 veritate.
1149 2120 1274 2156 Acceptis
1301 2121 1476 2148 Christianus
1503 2120 1630 2147 omnibus
1647 2119 1682 2146 ad
1705 2127 1736 2147 se

947 2167 1157 2201 pertinentibus,
1166 2167 1206 2193 uti
1219 2174 1301 2201 supra
1314 2166 1416 2193 dictum
1425 2171 1476 2198 est,
1487 2167 1581 2193 relicta
1592 2169 1635 2193 est
1646 2166 1736 2200 imago

947 2211 1055 2240 Domini
1076 2212 1164 2240 nostri
1180 2211 1244 2239 Jesu
1260 2212 1362 2240 Christi
1374 2212 1443 2245 sola,
1460 2219 1575 2247 eamque
1596 2211 1678 2238 homo
1690 2211 1736 2239 ille

947 2259 1049 2286 oblitus
1065 2259 1093 2286 in
1108 2259 1204 2287 cellula
1220 2262 1272 2286 est.

983 2349 1010 2376 5.
1027 2348 1137 2377 Iudaeus
1151 2352 1242 2375 autem
1259 2347 1368 2382 quidam
1382 2349 1491 2381 accepta
1514 2346 1566 2374 ista
1587 2346 1683 2374 cellula
1705 2345 1734 2374 in

946 2394 1124 2428 domicilium,
1154 2393 1200 2421 ubi
1227 2396 1287 2420 erat
1320 2393 1410 2428 imago
1441 2393 1629 2420 universorum
1660 2393 1734 2428 regis

945 2440 1059 2472 Christi,
1075 2447 1137 2467 eum
1153 2447 1186 2467 eo
1202 2447 1246 2467 res
1270 2446 1366 2465 omnes
1394 2445 1458 2466 suas
1488 2442 1667 2472 asportasset,
1695 2438 1734 2466 ibi

946 2487 1165 2515 commorabatur
1194 2496 1200 2513 :
1225 2493 1277 2513 nec
1300 2484 1418 2512 advertit
1444 2484 1588 2519 imaginem
1612 2484 1732 2517 Domini,

945 2541 1006 2568 quae
1021 2533 1076 2560 illic
1090 2533 1189 2564 stabat,
1207 2540 1296 2567 neque
1317 2531 1443 2558 lustravit
1465 2538 1528 2558 eum
1545 2531 1646 2558 locum.
1660 2531 1734 2564 Qua-

946 2580 1007 2607 dam
1026 2587 1109 2615 porro
1123 2578 1167 2606 die
1183 2585 1245 2605 cum
1260 2577 1403 2606 Hebraeum
1420 2577 1574 2612 invitasset,
1592 2581 1623 2605 ut
1639 2585 1734 2605 secum

946 2677 1099 2713 σεϐασμίας
1123 2675 1227 2709 εἰκόνος
1247 2676 1294 2704 τοῦ
1315 2675 1358 2704 Κῦ
1376 2676 1455 2713 ἡμῶν
1476 2676 1510 2704 ’ἰῦ
1533 2675 1584 2709 Χῦ,
1602 2675 1649 2703 καὶ
1668 2677 1733 2712 περὶ

945 2713 1133 2749 ἐλεημοσύνης

982 2746 1151 2784 (tijrColbert.
1170 2748 1195 2780 1,
1212 2746 1365 2784 ξΕγκύξίιατε
1381 2748 1420 2784 εἰς
1439 2747 1469 2775 τὸ
1483 2748 1596 2784 ἄπειρον
1613 2747 1733 2784 πέλαγος

945 2782 998 2811 τῶν
1010 2782 1165 2819 ’θαυμάτων
1179 2782 1225 2810 τοῦ
1237 2782 1315 2814 Θεοῦ,
1325 2784 1380 2819 καὶ
1393 2783 1460 2810 ἴδετε
1472 2782 1607 2819 τδηὲργον,
1623 2782 1731 2819 ὂλὸλΚύ-

945 2817 1219 2863 ρέοςτείργασατοέν
1238 2819 1306 2863 ταῖς⁵
1318 2818 1434 2855 ἡμέραις
1457 2817 1560 2855 ἡμῶν(
1572 2817 1733 2853 συγκλίνατς

943 2855 973 2881 τὺ
986 2855 1032 2887 οὖς
1043 2855 1129 2890 ὑμῶν,
1145 2855 1191 2881 καί
1205 2855 1264 2890 μετ’
1282 2855 1360 2889 εὐφρ.
