1940 3068
197 113 251 143 ’199

779 112 806 140 S.
830 112 1058 140 ATHANASIUS.
1080 110 1239 138 —DUB|A.

1768 108 1830 136 800

198 176 318 199 sumeret
338 170 443 202 cibum;
462 170 525 197 dum
549 170 723 205 pranderent,
745 171 856 199 elevatis
872 171 983 198 Iudaeus

1038 171 1077 196 ίνα
1090 170 1166 206 φάγῃ
1181 168 1239 205 μετ’
1252 167 1332 195 αὑτοῦ
1345 176 1351 182 ·
1369 168 1398 194 ὲν
1411 167 1438 194 δὲ
1454 166 1493 202 τῷ
1505 166 1618 202 ἀριστᾷν
1637 165 1743 198 αὐτοὺς,
1770 166 1828 192 ἐπ·

198 218 245 252 qni
261 217 391 244 invitatus
410 216 498 243 fuerat
511 217 608 248 oculis,
625 217 692 244 vidit
710 217 855 253 imaginem
876 217 983 245 Domini

201 263 288 290 nostri
309 261 373 289 Jesu
388 261 497 293 Christi,
517 262 637 297 dixitque
650 261 743 290 Iudaeo
759 263 806 298 qui
822 271 851 291 se
868 263 984 290 advoca-

200 312 245 335 rat
261 318 267 335 :
282 308 322 335 Tu
346 307 455 335 Judzeus
477 315 539 334 cum
559 308 608 340 sis,
623 317 709 343 quare
732 309 814 343 hujus
839 309 983 345 imaginem

198 354 270 389 apud
285 359 310 381 te
320 353 430 381 servas?
442 353 626 389 plurimasque
642 362 674 381 ac
690 354 826 382 nefandas
840 359 984 382 contume-

199 400 250 427 lias
263 399 377 434 profano
392 402 517 436 turpique
533 409 581 428 ore
595 409 645 428 suo
660 401 772 436 protulit
789 405 885 428 contra
903 409 985 429 vene-

203 445 318 472 randam
341 446 484 481 imaginem
498 446 616 480 Domini,
629 455 698 482 quas
709 455 743 474 ne
755 447 782 473 in
794 451 910 474 mentem
923 448 986 482 qui-

199 491 260 518 dem
280 491 421 518 hominum
435 493 528 520 venire
541 493 618 526 licet;
631 493 718 520 absit!
734 493 906 528 ostenditque
920 493 986 520 ima-

198 538 287 573 ginem
299 536 412 565 Hebraeo
425 538 471 572 qui
487 546 516 566 se
530 539 668 566 invitarat.
679 538 747 566 Tum
758 539 841 574 coepit
855 538 984 566 Hebraeus

198 583 243 611 ille
255 583 348 617 jurare
361 592 408 619 per
424 583 564 612 Iudaicam
585 584 674 617 ﬁdem,
691 593 720 612 se
738 585 858 612 nondum
875 585 909 612 ad
923 593 983 612 eam

199 637 286 664 usque
295 630 389 657 horam
402 630 471 657 hanc
486 630 585 658 vidisse
594 630 749 666 imaginem.
759 631 888 658 Hebrzens
902 639 984 666 porro

199 676 246 710 qui
262 681 373 702 vocalus
385 675 483 706 fuerat.
497 675 577 710 290
590 676 675 702 siluit.
689 675 864 711 Surgensque
875 675 984 703 Judazos

199 721 268 748 adiit
276 722 322 756 qui
333 722 454 757 primarii
470 721 626 749 sacerdotes
637 725 664 748 et
676 721 742 756 legis
753 721 878 749 doctores
889 724 982 753 erant;

199 767 298 801 quibus
315 767 383 794 dixit
397 777 403 794 :
419 766 549 794 Hebraeus
570 767 614 794 ille
635 767 778 802 imaginem
799 766 920 795 Νυκτιτωί
936 767 985 794 ha—

199 812 244 839 bet
258 812 342 845 domi,
359 820 439 848 quam
455 820 505 847 ego
522 813 608 840 oculis
622 813 752 847 conspexi
768 813 846 841 meis.
865 812 917 846 Qui
940 812 984 840 his

1034 217 1104 251 ἀρας
1117 216 1181 246 τοὺς
1195 214 1350 249 ὀφθαλμοὺς
1365 213 1446 240 αὑτοῦ
1457 213 1601 243 όἸουδαῖος
1615 213 1628 238 ὁ
1643 211 1829 247 κεκλημένος,

1034 259 1087 288 εἶδε
1098 261 1147 297 τὴν
1161 260 1252 287 εἰκόνα
1264 259 1310 286 τοῦ
1324 259 1426 295 Κυρίου
1438 258 1515 294 ἡμῶν
1533 257 1617 293 Ἰησοῦ
1632 257 1761 293 Χριστοῦ,
1775 258 1831 284 καὶ

1033 306 1106 341 λέγει
1129 306 1166 341 τῷ
1190 305 1333 333 καλέσαντι
1359 304 1440 331 αὐτὸν
1461 304 1579 339 Ἰουδαίῳ
1595 312 1602 318 ·
1627 304 1673 336 Σὺ,
1695 304 1830 336 Ἰουδαῖος

1033 353 1081 386 ὢν,
1097 352 1154 384 πῶς
1170 352 1219 388 τὴν
1236 351 1327 378 εἰκόνα
1338 351 1432 378 τούτου
1447 350 1533 386 ἐχειςς
1547 349 1639 385 ὕϐρεις
1655 358 1685 376 τε
1697 351 1832 385 παμπόλ-

1033 400 1082 431 λας
1101 399 1148 426 καὶ
1159 398 1305 434 ἀθεμίτους
1318 398 1350 424 ὲκ
1364 396 1411 423 τοῦ
1427 396 1524 431 μιαροῦ
1540 395 1622 423 αὑτοῦ
1637 396 1769 431 στόματος
1785 397 1831 423 εἰ·

1034 446 1130 477 πόντος
1147 444 1218 471 κατὰ
1243 444 1293 479 τῆς
1314 443 1408 478 τιμίας
1429 443 1532 474 εἰκόνος
1554 442 1601 469 τοῦ
1617 443 1764 476 Δεσπότου,
1791 443 1829 476 ἃς

1034 492 1083 519 οὐκ
1103 491 1206 524 ἔξεστιν
1223 490 1284 517 οὐδὲ
1301 491 1342 522 εἰς
1356 489 1476 516 διάνοιαν
1498 489 1648 526 ἀνθρώπων
1662 489 1765 516 ἐλθεῖν·
1786 490 1828 525 μὴ

1034 537 1156 571 γένοιτοί
1181 535 1363 564 ὑποδεικνύων
1380 535 1407 562 δὲ
1425 535 1475 570 τὴν
1495 535 1585 561 εἰκόνα
1602 535 1647 561 τὸν
1672 535 1828 562 καλέσαντα

1040 584 1163 619 Ἐὗραῖον
1177 585 1191 610 ὁ
1213 583 1332 618 κληθεὶς,
1348 582 1449 618 ἤρξατο
1463 583 1477 609 ὀ
1497 582 1619 618 Ἐϐραῖος
1631 582 1740 618 ὀμνύειν
1753 583 1829 610 κατὰ

1034 629 1084 664 τῆς
1101 629 1249 664 Ἰουδαϊκῆς
1271 628 1398 660 πίστεως,
1413 628 1454 654 ὃτι
1470 627 1558 663 Μέχρι
1573 628 1622 663 τῆς
1638 627 1711 664 ὥρας
1724 627 1828 663 ταύτης

1035 676 1083 702 οὐκ
1099 675 1254 710 ἐθεασάμην
1271 674 1320 710 τὴν
1337 675 1428 701 εἰκόνα
1448 674 1559 709 ταύτην.
1581 675 1609 700 '0
1625 675 1653 701 δὲ
1673 674 1798 709 Ἐϐραῖος
1812 676 1829 702 ὁ

1035 721 1144 757 κληθεὶς
1160 721 1324 756 ἐσιώπησεν.
1343 720 1473 752 Ἀναστὰς
1493 720 1522 747 δὲ
1539 721 1657 756 ἀπῆλθεν
1678 721 1746 756 πρὸς
1761 721 1828 753 τοὺς

1040 768 1193 799 Ἰουδαίους,
1208 768 1271 799 τοὺς
1285 766 1410 802 πρώτους
1424 765 1512 793 αὐτῶν
1526 767 1608 803 ἰερεῖς
1624 767 1671 793 καὶ
1683 767 1828 802 νομοδιδα-

1036 813 1161 846 σκαλους,
1177 814 1224 841 κα)⁸
1243 813 1316 847 λέγει
1341 813 1442 845 αὐτοῖς,
1457 813 1497 839 ὅτι
1519 813 1548 839 '0
1569 812 1641 838 δεῖνα
1667 813 1680 839 ό
1701 812 1829 848 Ἐϐραῖος

197 857 301 885 auditis
315 845 516 892 responderunt
531 867 538 885 :
555 845 699 891 Quomodo
718 858 744 886 id
765 862 842 894 potes
860 845 986 894 compro-

1038 860 1126 887 εἰκόνα
1139 845 1194 895 ἔχει
1213 859 1259 886 τοῦ
1277 845 1438 894 Ναζωραίου
1452 859 1481 884 ὲν
1498 858 1536 893 τῷ
1552 859 1618 894 οἴκῳ
1638 858 1730 889 αὑτοῦ,
1747 845 1828 892 κάγὼ

199 904 264 931 bare
275 903 287 924 ‘7
301 903 368 931 Tum
384 904 429 931 ille
446 915 452 932 :
471 905 512 932 Me
529 904 687 940 sequimini,
704 908 731 932 et
752 905 892 932 ostendam
907 905 986 933 vobis

198 950 285 978 illam.
304 950 453 978 Consiiium
472 959 554 986 porro
575 951 670 984 iniere,
694 954 725 978 ut
743 959 838 979 omnes
862 952 986 987 proxima

195 996 244 1023 die
265 1004 345 1024 mane
362 997 488 1024 cellulam
510 997 626 1031 adirent,
644 998 672 1024 in
688 1005 742 1034 qua
755 1002 814 1025 erat
830 998 920 1033 imago
933 997 987 1024 Do-

199 1049 267 1068 mim

234 1175 260 1202 4.
282 1174 395 1203 Ineunte
410 1175 471 1202 luce
493 1175 633 1210 sequentis
650 1174 715 1208 dici,
741 1175 898 1211 congregati
923 1179 987 1203 sunt

195 1221 336 1256 principes
349 1221 519 1248 sacerdotum
534 1224 562 1248 et
586 1221 719 1253 seniores,
737 1225 763 1249 et
778 1221 873 1249 Iudaeo
891 1228 986 1249 secum

200 1269 349 1300 assumpto,
362 1265 472 1292 domum
488 1265 590 1300 petiere
608 1265 724 1296 llebrzei.
740 1266 787 1293 ubi
815 1270 874 1294 erat
897 1267 988 1301 imago

201 1311 317 1338 Domini.
333 1311 401 1338 Cum
413 1319 446 1339 eo
463 1311 648 1345 advenissent,
663 1312 689 1339 in
703 1312 814 1339 domum
833 1313 984 1348 irrumpen-

198 1360 241 1384 tes
259 1356 431 1384 sacerdotum
447 1356 584 1391 principes
604 1361 631 1384 et
649 1357 782 1389 seniores,
803 1358 986 1393 universaque

199 1402 290 1437 turba,
302 1402 392 1431 vident
406 1403 550 1439 imaginem
562 1403 680 1431 Domini.
694 1403 762 1430 Tum
774 1403 866 1432 furore
880 1404 985 1439 repleti,

199 1449 321 1477 Judaeum
339 1451 395 1477 illic
416 1451 585 1478 habitantem
613 1451 696 1478 domo
712 1452 821 1486 pulsum
850 1458 986 1487 synagoga

199 1495 350 1530 cjecerunt.
374 1495 521 1530 Imaginem
551 1503 641 1523 autem
674 1497 779 1524 Domini
804 1498 892 1525 nostri
920 1496 985 1525 .lesu

200 1541 302 1568 Christi
317 1549 380 1568 cum
398 1541 581 1575 demisissent,
604 1550 697 1569 secum
725 1543 763 1570 ita
789 1543 873 1570 locuti
897 1546 984 1570 sunt:

196 1584 436 1618 Quemadmodum
454 1591 546 1621 patres
565 1587 654 1613 nostri
669 1586 814 1614 illuserunt
830 1587 892 1623 ipsi,
909 1588 945 1615 ita
960 1591 987 1615 et

201 1638 251 1658 nos
271 1631 426 1659 illudamus.
444 1630 513 1658 Tum
539 1639 647 1667 coepere
671 1640 821 1668 conspuere
842 1634 869 1660 in
890 1633 985 1661 faciem

201 1677 328 1713 imaginis
351 1678 468 1710 Domini.
487 1682 567 1713 atque
589 1678 684 1706 ordine
710 1679 811 1714 singuli
828 1679 914 1714 alapis
928 1681 988 1708 vul-

202 1726 258 1748 tum
273 1722 333 1756 ejus
347 1723 522 1755 caaciderunt,
537 1730 569 1750 ac
583 1728 776 1758 percusserunt
789 1731 883 1751 omnes
895 1725 988 1752 dicen-

201 1768 237 1794 do
256 1777 262 1794 :
279 1767 452 1803 Quaacunque
468 1772 559 1803 patres
581 1769 669 1796 nostri
697 1769 829 1802 fecerunt,
847 1777 878 1797 ea
893 1778 943 1798 nos
960 1771 987 1798 in

199 1813 262 1848 ejus
288 1814 432 1849 imaginem
459 1818 657 1850 perpetremus.
688 1815 865 1849 Audivimus,
893 1817 986 1849 aiunt,

203 1859 288 1886 multa
308 1860 336 1886 in
353 1867 414 1887 eum
442 1860 560 1887 ludibria
575 1861 735 1893 contulisse,
765 1865 793 1889 et
819 1870 870 1890 nos
896 1864 988 1891 omnia

203 1904 385 1934 conferamus.
403 1905 511 1933 infinita
526 1906 608 1942 igitur
623 1907 740 1934 ludibria
757 1908 785 1935 in
801 1907 907 1936 Domini
921 1909 989 1937 ima-

203 1951 292 1986 ginem
305 1953 457 1984 contulere,
472 1961 531 1989 quae
547 1962 581 1981 ne
600 1953 722 1989 proferre
740 1955 849 1990 quidem
872 1964 923 1984 nos
938 1964 987 1984 au-

202 1997 325 2026 deamus.
339 1998 388 2025 Hic
400 1998 493 2026 aiunt:
507 2000 665 2030 Audivimus
677 2006 768 2037 patres
780 2006 889 2030 nostros
903 2004 989 2033 clavis

204 2051 301 2071 manus
314 2043 373 2079 ejus
389 2045 544 2079 confixisse,
565 2047 592 2074 id
608 2051 635 2074 et
651 2056 701 2075 nos
718 2048 873 2077 elliciamus.
890 2049 989 2078 Confe-

203 2090 256 2118 ctis
271 2098 336 2126 ergo
350 2091 445 2123 clavis,
461 2099 559 2120 manus
571 2093 708 2130 pedesque
722 2094 829 2122 Domini
842 2096 987 2124 conﬁxere.

202 2134 322 2164 Rursum
340 2137 466 2172 inquiunt
489 2147 497 2165 :
518 2138 679 2170 Audivimus
706 2145 783 2169 aceto
804 2145 832 2169 et
850 2141 910 2170 felle
927 2150 989 2170 eum

201 2190 267 2210 cum
282 2185 395 2219 spongia
413 2185 549 2220 potavisse
565 2195 571 2213 :
588 2187 616 2214 id
639 2195 690 2215 nos
703 2195 824 2224 _quoque
844 2188 987 2217 faciamus.
1005 2187 1028 2216 D

202 2228 271 2256 illud
287 2230 378 2265 itaque
392 2230 515 2259 fecertlnt
525 2233 661 2267 similiter,
670 2235 758 2269 posita
773 2235 807 2261 ad
819 2242 850 2262 os
862 2235 988 2270 imaginis

204 2273 316 2301 Domini.
331 2276 445 2311 spongia
461 2281 539 2304 aceto
555 2279 645 2313 plena.
671 2279 756 2306 Aiunt
771 2281 868 2308 iterum
886 2290 893 2307 :
908 2280 989 2308 Com-

203 2320 325 2354 perimus
341 2328 389 2348 eos
412 2322 546 2351 arundine
572 2324 741 2358 percussisse
759 2328 842 2360 caput
856 2325 930 2360 ejus;
947 2325 990 2353 id—

205 2364 294 2399 ipsnm
309 2373 358 2394 nos
373 2374 494 2402 agamus,
511 2373 674 2405 arreptaque
687 2371 819 2398 arundine
834 2375 916 2406 caput
929 2371 989 2406 ejus

204 2417 408 2446 percusserunt.
437 2413 537 2442 Dicunt
561 2414 658 2443 iterum
676 2425 683 2444 :
698 2416 832 2444 Accnrate
852 2418 988 2449 novimus,

202 2465 253 2485 eos
266 2457 359 2486 lancea
372 2459 443 2488 latus
454 2459 515 2494 ejus
526 2461 678 2496 aperuisse:
687 2470 721 2490 ne
731 2463 870 2490 minimum
881 2463 989 2499 quidem

204 2505 444 2540 prietermittamus
457 2515 463 2540 ;
476 2506 523 2534 sed
536 2508 627 2541 potius
638 2507 672 2537 iis
682 2508 852 2544 adjiciamus.
865 2509 913 2537 His
927 2517 990 2544 per-

205 2551 284 2583 actis,
303 2551 425 2579 lanceam
449 2553 634 2588 postularunt,
660 2562 715 2589 qua
742 2555 836 2587 allata,
851 2555 990 2584 vibrantes

204 2595 290 2629 illam,
310 2596 456 2625 confodere
478 2598 549 2627 latus
572 2599 697 2635 imaginis
717 2599 876 2633 Salvatoris,
896 2601 990 2629 confe-

205 2641 326 2678 stimque
349 2643 461 2678 sanguis
485 2647 511 2672 et
526 2652 597 2680 aqua
622 2652 719 2681 magna
744 2647 823 2681 copia
841 2647 989 2674 emanavit.

205 2687 267 2720 Quo
280 2687 466 2723 inexspectato
477 2689 551 2717 edito
566 2690 709 2723 miraculo,
736 2695 847 2727 stupore
872 2692 991 2727 perculsi

243 2785 302 2848 (1οὶ
316 2786 464 2815 Colbertin.
476 2788 503 2820 1,
521 2789 567 2815 καὶ
582 2791 798 2825 προσαγαγόντες
813 2790 872 2823 ὅξος
889 2791 935 2818 καὶ
948 2801 991 2826 χο-

243 2830 255 2848 ν
267 2831 287 2848 π
304 2822 418 2848 ήσαντες
432 2823 559 2848 σπόγνον.
576 2826 746 2848 ποηπέθτκνιιι
760 2826 798 2848 τιτι
818 2825 931 2848 ert/inqu
943 2828 991 2848 117-.-

205 2820 255 2858 ἰὴν
267 2820 418 2857 πλήσαντες
432 2823 560 2858 σπόγγον,
576 2820 746 2861 προσέθηκαν
760 2820 798 2861 τῷ
818 2820 931 2861 στόματι
943 2820 991 2862 ﬁ;

1035 904 1145 937 οἰκείοις
1161 904 1309 939 ὀφθαλμοῖς
1321 903 1477 938 ἐθεασάμην
1493 903 1589 939 αὑτήν.
1604 904 1634 929 Οἱ
1650 903 1678 929 δὲ
1692 903 1829 929 ἀκούσαν-

1035 959 1080 982 τες
1091 947 1181 977 εἰπον·
1198 948 1259 980 Πῶς
1273 948 1384 975 δύνασαι
1399 948 1477 975 τοῦτο
1491 947 1628 982 ἀποδεῖξαι
1641 956 1647 980 ;
1664 948 1744 982 Λέγει
1757 948 1829 983 πρὸς

1035 993 1149 1026 αὐτούς’
1179 993 1390 1029 ’Ᾱκολουθήσατέ
1417 1002 1472 1028 μοι,
1499 993 1575 1026 κάγὼ
1600 993 1664 1028 ὑμῖν
1691 992 1828 1025 ὑποδείξω

1036 1040 1130 1075 αὑτήν.
1151 1038 1399 1066 Συνεϐουλεύσαντο
1416 1039 1453 1071 δὲ,
1471 1039 1514 1064 ἵνα
1531 1038 1631 1070 πάντες
1649 1038 1721 1074 πρωῒ
1736 1047 1829 1074 παρα-

1036 1085 1176 1122 γενόμενοι
1196 1084 1386 1112 καταλάόωσιν
1399 1084 1429 1111 τδ
1445 1084 1561 1116 κελλίον,
1579 1085 1608 1111 ἐν
1621 1080 1643 1118 ᾧ
1660 1081 1694 1121 ἦν
1715 1085 1732 1120 ἡ
1745 1083 1829 1110 εἰκὼν

1035 1131 1081 1158 τοῦ
1098 1131 1212 1167 Κυρίου.

1071 1177 1097 1205 4.
1116 1178 1225 1214 Πρωῒας
1241 1178 1270 1205 δὲ
1286 1177 1446 1213 γενομένης,
1463 1176 1635 1212 συνήχθησαν
1648 1176 1672 1202 οἰ
1690 1176 1830 1212 ἀρχιερεῖς

1037 1223 1084 1250 καὶ
1106 1223 1130 1250 οἰ
1155 1224 1334 1259 πρεσὸύτεροι
1358 1223 1457 1255 αὐτῶν,
1483 1223 1530 1249 καὶ
1554 1221 1756 1258 παραλαϐόντες
1782 1221 1829 1248 τὸν

1042 1269 1355 1305 Ἰουδαῖον,,ἀπέρχονται
1371 1271 1399 1297 ἐν
1415 1268 1454 1304 τῷ
1470 1269 1537 1303 οίκῳ
1550 1268 1596 1294 τοῦ
1612 1267 1748 1302 Ἐϐραίου,
1762 1267 1829 1294 ἔνθα

1036 1312 1071 1351 ἦν
1087 1316 1104 1352 ἡ
1117 1315 1199 1343 εἰκὼν
1220 1316 1267 1342 τοῦ
1282 1316 1396 1352 Κυρίου.
1411 1315 1632 1351 Παραγενόμενοι
1645 1314 1674 1340 δὲ
1692 1314 1721 1340 ἐν
1736 1315 1769 1349 τῇ
1786 1315 1828 1340 οὶ-

1037 1360 1095 1396 κία,
1119 1361 1333 1396 εἰσπηδήσαντες
1348 1360 1449 1387 ἔσωθεν
1469 1360 1519 1395 τῆς
1540 1359 1628 1391 οἰκίας
1649 1360 1673 1385 οἱ
1690 1360 1828 1394 ἀρχιερεῖς

1037 1405 1084 1432 καὶ
1099 1406 1122 1432 οἰ
1138 1405 1317 1442 πρεσϐύτεροι
1337 1406 1384 1432 καὶ
1403 1406 1457 1438 πᾶς
1476 1405 1490 1431 ό
1503 1404 1590 1440 δχλος,
1613 1404 1698 1440 ὁρῶσι
1720 1404 1770 1438 τὴν
1786 1405 1828 1430 εἰ-

1038 1452 1104 1479 κόνα
1125 1452 1172 1479 τοῦ
1185 1452 1299 1488 Κυρίου.
1318 1452 1384 1479 Τότε
1407 1451 1492 1487 θυμοῦ
1514 1450 1687 1486 πλησθέντες,
1707 1451 1752 1477 τὸν
1777 1450 1827 1485 μὲν

1044 1498 1167 1525 Ἰουδαῖον
1186 1497 1232 1525 τὸν
1250 1497 1375 1525 οἰκοῦντα
1393 1499 1481 1525 ἐκεῖσε
1509 1497 1685 1529 ἐξελάσαντες
1710 1497 1820 1523 ἀποσυνν

1037 1544 1143 1580 άγωγον
1165 1544 1313 1581 ἐποίησαν·
1338 1543 1386 1580 τὴν
1407 1544 1436 1570 δὲ
1455 1544 1547 1570 εἰκόνα
1571 1543 1616 1569 τοῦ
1629 1542 1731 1578 Κυρίου
1748 1542 1827 1577 ἡμῶν

1042 1589 1130 1626 Ἰησοῦ
1148 1590 1265 1626 Χριστοῦ
1284 1589 1495 1624 καταγαγόντες,
1511 1586 1587 1615 εἶπον
1608 1589 1636 1615 ὲν
1651 1588 1766 1621 ἑαυτοῖς,
1785 1588 1826 1614 ὅτι

1037 1635 1136 1667 Καθὼς
1150 1636 1174 1662 οἰ
1189 1635 1306 1672 πατέρες
1318 1634 1397 1671 ἡμῶν
1411 1634 1555 1667 ἐνέπαιξαν
1582 1633 1666 1669 αὐτῷ,
1690 1633 1761 1660 οὕτω
1779 1633 1826 1660 καὶ

1037 1682 1116 1717 ἡμεῖς
1128 1681 1306 1717 ὲμπαίζωμεν
1319 1680 1404 1716 αὐτῷ.
1420 1681 1487 1707 Τότε
1501 1679 1616 1716 ἤρξαντο
1632 1679 1767 1715 ἐμπτύειν
1783 1680 1825 1711 εἰς

1036 1725 1067 1752 τὸ
1079 1726 1222 1761 πρόσωπον
1237 1726 1286 1761 τῆς
1300 1726 1404 1758 εἰκόνος
1416 1724 1463 1752 τοῦ
1476 1726 1591 1762 Κυρίου,
1606 1725 1654 1751 καὶ
1671 1724 1827 1760 ὲρῤάπισαν

1037 1771 1122 1806 αὐτὴν
1133 1770 1202 1797 κατὰ
1216 1771 1359 1806 πρόσωπον
1372 1769 1413 1803 εἷς
1421 1771 1524 1803 καθεὶς,
1534 1772 1558 1798 οἰ
1569 1771 1669 1803 πάντες
1681 1771 1770 1798 αὐτῶν
1781 1773 1828 1808 ἑρ-

1039 1815 1150 1851 ράττιζον
1156 1815 1204 1852 τὴν
1211 1816 1302 1843 εἰκόνα
1309 1815 1356 1843 τοῦ
1365 1817 1467 1852 Κυρίου
1475 1816 1609 1851 λέγοντες⁸
1619 1817 1688 1843 Ὅσα
1697 1817 1827 1852 ἐποίησαν

1038 1862 1062 1888 οἱ
1076 1862 1192 1898 πατέρες
1205 1862 1293 1898 ἡμῶν,
1307 1862 1395 1889 πάντα
1406 1863 1562 1898 ποιήσωμεν
1575 1863 1607 1898 τῇ
1633 1862 1717 1889 εἰκόνι
1732 1863 1826 1890 αὑτοῦ,

1038 1907 1186 1941 Λέγουσιν,
1213 1907 1253 1934 ὅτι
1284 1907 1468 1943 Ἦκούσαμεν,
1502 1908 1615 1940 πολλοὺς
1649 1909 1827 1944 ὲμπαιγμοὺς

1038 1952 1169 1988 ἐποίησαν
1189 1951 1281 1988 αὐτῷ·
1307 1953 1355 1980 καὶ
1368 1955 1450 1989 ἡμεῖς
1472 1954 1562 1980 πάντα
1577 1955 1744 1990 ποιήσωμεν.
1762 1955 1827 1990 Ἐμ-

1039 1999 1176 2034 παιγμοὺς
1198 1996 1244 2026 οὖν
1267 1999 1399 2035 ἀπείρους
1423 2000 1568 2033 ἐνέπαιξαν
1593 2000 1642 2036 τὴν
1665 2001 1756 2028 εἰκόνα
1779 2000 1827 2028 τοῦ

1039 2045 1153 2080 Κυρίου,
1169 2044 1241 2081 ἅπερ
1254 2045 1314 2073 οὐδὲ
1327 2045 1418 2080 λέγειν
1430 2047 1496 2082 ἡμῖν
1511 2047 1685 2083 τετόλμηται.
1702 2045 1769 2073 Εἶτα
1784 2048 1827 2074 λέ-

1039 2099 1149 2125 γουσιν’
1169 2091 1350 2128 Ἠκούσαμεν,
1363 2093 1404 2119 ὅτι
1423 2092 1532 2128 ἥλωσαν
1554 2092 1637 2119 αὑτοῦ
1659 2093 1708 2125 τὰς
1724 2095 1826 2129 χεῖρας,

1039 2137 1118 2164 τοῦτο
1138 2139 1184 2165 καὶ
1197 2139 1278 2174 ἡμεῖς
1294 2140 1463 2174 ποιήσωμεν.
1488 2139 1554 2166 Τότε
1571 2140 1732 2175 ποιήσαντες
1747 2140 1827 2175 ἥλους

1041 2184 1219 2220 προσήλωσαν
1237 2185 1287 2217 τὰς
1302 2186 1396 2221 χεῖρας
1412 2185 1536 2218 καὶτοὺς
1554 2186 1637 2218 πόδας
1651 2185 1697 2212 τοῦ
1712 2185 1825 2221 Κυρίου.

1039 2231 1123 2257 Πάλιν
1147 2230 1285 2265 λέγουσιν’
1314 2231 1496 2267 Ἦκούσαμεν,
1521 2232 1562 2259 ’ότι
1589 2232 1649 2265 ὅξος
1676 2233 1723 2259 καὶ.
1748 2232 1827 2268 χολὴν

1038 2277 1164 2303 ὲπότισαν
1175 2277 1255 2303 αὑτὸν
1269 2277 1337 2313 μετὰ
1354 2278 1474 2312 σπόγγου
1485 2286 1492 2294 ’
1515 2279 1672 2313 ποιήσωμεν
1694 2277 1765 2304 οὕτω
1781 2278 1826 2304 καὶ

1038 2323 1128 2358 ἡμεῖς.
1146 2323 1200 2349 Καὶ
1217 2324 1347 2358 ἐποίησαν
1362 2323 1493 2355 ὡσαύτως
1505 2324 1573 2359 (10),
1588 2323 1727 2355 ἐπιθέντες
1741 2325 1781 2354 εἰς
1796 2323 1826 2350 τὸ

1040 2368 1127 2403 στόμα
1147 2369 1195 2394 τοῦ
1216 2368 1318 2405 Κυρίου
1340 2369 1389 2404 τῆς
1407 2370 1511 2401 εἰκόνος
1530 2369 1648 2404 σπόγγον
1669 2369 1736 2404 μετὰ
1751 2368 1826 2401 ὄξους

1039 2413 1262 2449 πεπληρωμένον.
1281 2414 1395 2448 Λέγουσι
1419 2414 1516 2441 πάλιν
1534 2415 1698 2450 Ἐμάθομεν,
1721 2415 1761 2441 ὅτι
1776 2423 1825 2442 κα-

1039 2458 1117 2495 λάμῳ
1131 2460 1231 2495 ἓτυψαν
1244 2460 1294 2496 τὴν
1313 2460 1432 2496 κεφαλὴν
1447 2460 1544 2487 αὑτοῦ·
1562 2461 1593 2487 τὸ
1606 2461 1671 2488 αὐτὸ
1687 2461 1734 2487 καὶ
1746 2462 1827 2497 ἡμεῖς

1039 2506 1207 2541 ποιήσωμεν.
1223 2506 1279 2533 Kal.
1292 2506 1420 2538 λαὸόντες
1437 2506 1569 2542 κάλαμον,
1585 2505 1699 2533 ἔτυπτον
1719 2508 1759 2538 εἰς
1778 2507 1826 2542 τὴν

1040 2551 1160 2586 κεφαλὴν
1176 2551 1269 2578 αὑτοῦ.
1285 2551 1401 2586 Λέγουσι
1415 2551 1496 2578 πάλιν
1506 2560 1513 2567 ο
1537 2552 1744 2588 Ἀκριόέστερον
1757 2552 1826 2579 οἴδα-

1042 2605 1102 2632 μεν,
1123 2597 1165 2623 ὅτι
1180 2596 1265 2633 λόγχῃ
1284 2597 1366 2624 αὑτοῦ
1380 2597 1429 2632 τὴν
1452 2597 1572 2633 πλευρὰν
1596 2597 1723 2633 ἤνοιξαν·
1741 2598 1778 2634 μὴ
1797 2597 1826 2624 ἓν

1041 2641 1269 2677 παραλείψωμεν,
1299 2641 1366 2669 ἀλλὰ
1401 2642 1500 2677 μᾶλλον
1535 2643 1742 2679 προσθήσωμεν.
1773 2643 1826 2670 Καὶ

1040 2687 1118 2714 τοῦτο
1137 2687 1307 2723 ποιήσαντες,
1333 2688 1477 2724 ἐνεχθῆναι
1492 2688 1592 2724 λόγχην
1613 2689 1824 2724 προετρέψαντο,

1043 2793 1121 2831 ἁγίας
1135 2792 1238 2831 εἰκόνος
1255 2793 1301 2831 τοξ
1321 2794 1512 2831 ΚυρίουηΚναὶ
1531 2794 1617 2831 έφᾲνη
1640 2795 1824 2831 ἀπογευομένη

1043 2829 1090 2863 τῆς
1103 2827 1184 2863 χολῆς
1197 2829 1244 2855 καὶ
1255 2829 1302 2856 τοῦ
1319 2827 1395 2862 bina;
1408 2830 1424 2864 ἡ
1440 2830 1505 2864 ἁγία
1519 2827 1611 2857 εἰκών.
