1940 3068
78 146 131 173 801

627 143 670 171 DE
690 142 868 171 MIRACULO
889 141 1013 170 ΒΕΒῖΤί
1033 140 1145 169 EDITO.

1649 142 1704 170 832

75 206 128 231 καὶ
141 203 297 239 ἐνεχθείσης
309 203 356 238 τῆς
370 203 480 238 λόγχης,
494 202 609 238 ἄραντες
626 202 710 238 αὐτὴν
722 202 864 237 ὲκέντησειν

920 205 984 229 sunt
1001 204 1134 235 quotquot
1151 200 1265 227 virtutes
1291 199 1336 227 Dei
1351 200 1555 235 conspiciebant
1569 206 1596 229 et
1613 201 1703 229 inere-

60 249 154 276 ’κατά
179 250 228 284 τῆς
243 247 363 283 πλευρᾶς
378 248 428 282 τῆς
445 248 547 280 εἰκόνος
569 247 616 274 τοῦ
640 247 774 282 Σωτῆρος.
795 247 869 281 Παρ-

922 247 1015 274 dibilia
1034 247 1176 274 miracula.

76 295 145 321 ευοὺ
162 294 190 320 δὲ
202 293 342 326 ὲξέὄλυσεν
359 289 427 328 αἷμα
438 293 484 319 καὶ
498 293 568 329 ὕδωρ
583 294 621 324 εἰς
637 292 738 328 πλῆθος
756 293 832 319 πολύ.
849 292 948 318 Τούτου
965 293 992 319 δὲ
1005 292 1051 318 τοῦ
1070 292 1220 327 παραδόξου
1244 291 1382 327 θαύματος
1400 292 1552 327 γενομένου,
1574 292 1702 330 ἔκπληξις

76 339 177 366 ἐλαϐεν
190 339 311 370 ἅπαντας
327 339 390 370 τοὺς
402 338 549 373 βλέποντας
559 338 607 370 τὰς
621 338 779 369 δυναστείας
793 338 840 364 τοῦ
857 338 924 364 Θεοῦ
939 338 986 364 καὶ
998 338 1032 364 τὰ
1043 338 1181 374 παράδοξα
1198 338 1346 373 θαυμάσια.

116 387 145 414 5.
167 387 209 417 Ὡς
226 385 424 422 ἀνεξερεύνητα
446 385 480 412 τὰ
494 386 615 421 κρίματα
634 386 682 421 τῆς
696 385 868 421 δικαιοσύνης

78 441 140 464 σου,
157 433 205 459 καὶ
227 432 379 468 ἀπέραντος
398 434 415 467 ἡ
431 431 565 466 ἀγαθότης
586 431 633 458 καὶ
654 432 685 458 τὸ
707 431 774 458 πολὺ
795 431 869 462 ἔλεός

78 487 140 510 σου,
158 478 294 504 Δέσποταί
317 478 363 509 Τίς
379 477 488 513 λαλήσει
506 477 553 509 τὰς
564 477 721 509 δυναστείας,
740 485 797 508 σου,
813 477 869 503 Κύ-

79 532 138 560 ριε;
154 524 289 555 ἀκουστὰς
312 524 419 558 ποιήσει
440 523 528 555 πάσας
539 523 588 555 τὰς
603 523 720 555 αἱνέσεις
737 531 793 554 σου,
809 522 868 557 φιλ-

78 570 221 605 άνθρωπε,
242 570 256 595 ὁ
278 569 315 604 μὴ
336 569 495 604 βουλόμενος
518 570 562 596 τὸν
583 569 696 596 θάνατον
710 569 756 596 τοῦ
780 570 870 604 ἁμαρ-

78 615 178 646 τιυλοῦ,
201 615 238 647 ὡς
261 616 291 641 τὸ
309 615 469 651 ἐπιστρέψαι
494 616 540 642 καὶ
563 614 613 650 ζῇν
637 615 733 648 αὺτὸν;
755 615 866 650 Χριστὲ,

78 663 145 695 δόξα
165 671 216 689 σοι.
233 663 280 693 Τίς
295 663 332 694 ὡς
353 663 395 694 σὺ,
413 662 550 693 Δέσποτα;
566 661 613 693 Τίς
634 661 703 696 πλὴν
723 660 769 687 σοῦ
784 661 867 687 ποιῶν

79 709 184 745 φοϐερὰ
199 709 246 735 καὶ
267 709 389 740 ἐξαίσιας
403 709 435 734 Ὢ
456 707 504 734 τοῦ
526 707 684 743 θαύματοςί
705 708 738 734 Ὢ
750 707 800 741 τῆς
820 707 866 733 τοῦ

79 756 206 791 Σωτῆρος
231 754 453 790 μεγαλειότητοςί
469 753 601 788 Ἔτρριξαν
624 753 670 779 καὶ
693 752 740 779 νῦν
761 753 789 779 αἱ
811 753 866 779 ἄνω

78 801 208 836 δυνάμεις
223 801 268 827 ἐπὶ
290 801 387 835 τούτῳ.
405 801 436 826 Ὢ
453 799 522 835 πόση
540 799 727 835 μακροθυμίαί
748 798 770 825 ὣ
785 799 866 824 πόσον

78 847 168 878 ἐλεοςί
186 846 282 882 πρώην
297 846 350 882 γὰρ
368 846 400 872 δι’
415 846 487 881 ἡμᾶς
502 837 549 872 δέαὶ
563 845 612 880 τὴν
624 845 760 881 ἡμετέραν
777 853 865 879 σωτη-

955 386 981 413 5.
1000 385 1086 418 Quam
1102 386 1299 420 investigabilia
1317 390 1381 413 sunt
1393 386 1495 421 judicia
1508 387 1621 421 justilixe
1637 392 1700 421 tua,

919 439 1001 466 quam
1018 432 1149 459 inunensa
1165 432 1281 463 bonitas,
1298 439 1379 466 quam
1403 440 1498 467 magna
1516 434 1705 462 misericordia

919 474 976 507 tua.
993 477 1120 504 Domine!
1141 479 1208 510 Quis
1237 479 1362 513 loquetur
1389 480 1523 513 potentias
1551 484 1623 513 tuas,
1648 480 1704 508 Dos

919 524 1012 550 mine?
1022 524 1084 558 quis
1099 524 1205 551 auditas
1223 523 1301 551 faciet
1313 532 1407 552 omnes
1423 526 1515 553 laudes
1528 530 1599 558 tuas,
1615 527 1704 554 homi-

920 577 985 596 num
999 569 1195 602 amantissime,
1219 570 1265 604 qui
1283 578 1336 598 non
1351 571 1393 597 vis
1407 576 1522 598 mortem
1541 573 1702 607 peccatoris,

920 614 967 642 sed
993 619 1022 642 ut
1042 619 1217 642 convertatur
1233 620 1259 642 et
1284 616 1377 642 vivat?
1400 616 1517 649 Christe,
1534 619 1582 645 tibi
1605 619 1701 654 gloria.

920 660 986 694 Quis
1002 661 1099 689 similis
1117 662 1176 693 tibi,
1195 661 1329 689 Domine?
1348 662 1416 695 Quis
1437 669 1534 698 praeter
1553 669 1578 692 te
1599 665 1707 693 faciens

919 707 1050 734 terribilia
1063 712 1090 735 et
1105 708 1245 742 prodigia?
1261 707 1283 735 O
1305 708 1485 736 miraculum!
1506 709 1528 737 0
1552 710 1702 740 Salvatoris

919 753 1147 788 magniﬁcentiam
1162 753 1168 779 !
1193 753 1328 781 llorrnere
1350 754 1404 788 jam
1421 754 1471 781 hac
1492 756 1518 782 in
1536 763 1565 783 re
1578 764 1702 791 supernae.

919 804 1077 834 potestates.
1095 798 1229 834 Oquanta
1245 800 1453 835 longanimitas!
1471 806 1573 836 quanta
1595 803 1704 830 miseri-

918 845 1026 873 cordia!
1044 846 1108 872 olim
1124 851 1245 873 nostrum
1259 847 1343 881 gratia
1357 850 1384 874 et
1399 851 1510 881 propter
1522 852 1643 876 nostram
1658 856 1703 876 sa-

80 892 141 925 ρίαν
168 891 318 928 σαρκωοεὶς
341 892 355 918 ό
378 892 497 927 ἄσαρκος
526 892 558 917 ὲκ
583 890 719 926 Παρθένου
748 891 864 925 Μαρίας,

919 892 1001 919 lutem
1018 893 1187 923 incarnatus,
1203 892 1249 927 qui
1261 893 1353 919 carnis
1365 900 1461 927 expers
1472 897 1581 926 erat,ex
1591 891 1703 930 Virgine

79 936 240 972 ἐσταυρώθη
260 938 289 963 ὲν
303 935 394 972 ἐκείνῃ
404 937 437 971 τῇ
453 936 545 972 σαρκὶ,
558 935 666 970 ἀπαθὴς
685 935 722 962 ὣν
738 935 818 966 αὐτὸς
832 936 864 970 τῇ

80 983 206 1018 θεότητι·
222 983 269 1011 νῦν
291 983 319 1009 δὲ
335 982 415 1009 πάλιν
438 984 467 1009 ὲν
491 984 523 1018 τῇ
540 982 622 1009 εἰκόνι
637 981 821 1017 ὲσταυρώθης,
844 979 865 1008 ὧ

78 1029 215 1060 Δέσποτα,
233 1029 273 1060 εἰς
294 1028 403 1062 ἔλεγχον
426 1028 474 1063 μὲν
498 1027 551 1054 τῶν
570 1027 676 1054 ὰσεῆὦν
695 1027 742 1054 καὶ
758 1027 866 1054 πάντων

78 1076 134 1102 τῶν
151 1075 281 1106 ἀπίστων,
293 1075 332 1106 εἰς
346 1075 495 1110 στηριγμὸν
511 1074 538 1100 δὲ
549 1074 603 1101 τῶν
618 1075 646 1100 ἐν
659 1073 772 1109 ἀληθείᾳ
785 1074 824 1104 εἰς
835 1073 866 1100 σὲ

79 1119 310 1146 πεπιστευκότων.
332 1118 411 1145 Ἀλλὰ
436 1118 498 1151 δόξα
517 1127 568 1149 σοι,
582 1119 713 1151 Δέσποτα,
730 1118 770 1153 τῷ
794 1118 866 1154 μόνῳ

80 1165 114 1191 τὰ
133 1165 220 1192 πάντα
235 1165 384 1200 δυναμένῳ,
407 1164 466 1200 ἅμα
487 1164 527 1200 τῷ
552 1164 688 1200 εὐλογητῷ
712 1164 771 1200 Θεῷ
787 1165 865 1199 ἡμῶν

81 1211 130 1237 σὺν
145 1210 184 1245 τῷ
203 1210 383 1246 παναχράντῳ
404 1210 501 1246 Πατρί,
517 1209 563 1236 καὶ
580 1209 619 1245 τῷ
639 1209 695 1245 Υἱῴ
713 1210 796 1236 αὐτοῦ
814 1210 865 1246 Ἰη-

82 1256 129 1282 σοῦ
148 1255 268 1290 Χριστῷ,
282 1256 328 1282 καὶ
344 1255 382 1290 τῷ
400 1255 494 1290 ἀγαθῷ
510 1256 556 1281 καὶ
575 1253 697 1290 ζωοποιῴ
716 1255 864 1290 Πνεῦματι,

81 1301 129 1328 νῦν
151 1302 197 1328 καὶ
213 1300 256 1328 ἀεὶ
268 1302 314 1328 καὶ
328 1302 366 1333 εἰς
378 1302 440 1333 τοὺς
452 1301 551 1333 αἰῶνας
564 1300 618 1328 τῶν
634 1301 748 1329 αἰώνων.
769 1301 864 1336 1Δμήν.

118 1389 144 1417 6.
166 1389 310 1416 Ἀκούσατε
321 1390 409 1425 ὑμεῖς,
422 1389 539 1424 ἀδελφοὶ,
557 1388 626 1423 μετά
642 1388 724 1423 φόϐου
738 1388 804 1415 Θεοῦ
819 1389 864 1415 καὶ

81 1437 168 1471 χαρᾶς
179 1436 224 1463 χαὶ
236 1436 270 1462 τὰ
281 1436 362 1463 λοιπά
375 1436 446 1471 ἅπερ
456 1435 617 1471 ᾠκονομήθη
633 1436 685 1462 ὑπὸ
695 1435 741 1461 τοῦ
750 1436 863 1470 Κυρίου.

81 1481 159 1509 Μετά
178 1481 232 1517 γὰρ
246 1481 276 1508 τὸ
298 1481 462 1517 κρουσθῆναι
474 1482 507 1516 τῇ
523 1481 606 1518 λόγχῃ
618 1481 666 1516 τὴν
677 1480 797 1516 πλευρὰν
816 1481 864 1516 τῆς

81 1527 159 1562 ἁγίας
173 1528 219 1554 καὶ
235 1528 326 1563 τιμίας
352 1528 464 1559 εἰκόνος,
481 1528 526 1554 καὶ
539 1527 685 1554 ἀναϐλύσαι
695 1527 724 1554 τὸ
735 1524 804 1562 αἷμα
818 1527 865 1553 καὶ

81 1576 112 1602 τὸ
128 1575 209 1611 ὕδωρ,
227 1575 344 1611 συνήχθη
359 1576 413 1602 πᾶν
430 1575 460 1601 τὺ
476 1575 576 1610 πλῆθος
592 1574 645 1602 τῶν
662 1575 805 1606 Ἰουδαίων,
820 1574 864 1600 λέ-

81 1630 174 1656 γοντες
197 1622 265 1657 πρὸς
287 1621 434 1657 ἀλλήλους·
457 1620 565 1656 Ἐπειδὴ
580 1620 721 1656 θρυλοῦσιν
741 1621 765 1647 οἰ
788 1620 865 1646 σεϐό-

83 1677 156 1703 μενοι
171 1668 261 1700 αὑτὸν,
276 1668 316 1694 ὅτι
327 1668 412 1700 ἰάσεις
425 1668 524 1699 πολλὰς
539 1667 619 1698 ποιεῖ,
636 1666 760 1701 λάϐωμεν
771 1665 865 1693 τούτου

80 1715 109 1741 τὸ
123 1712 192 1750 αἷμα
217 1714 263 1740 καὶ
284 1714 315 1740 τὸ
336 1713 417 1750 ὕδωρ,
442 1714 490 1741 καὶ
505 1713 651 1749 ἀγάγωμεν
671 1713 736 1740 αὐτὸ
758 1714 797 1744 εἰς
817 1713 865 1748 τὴν

81 1761 258 1796 συναγωγὴν,
284 1761 330 1787 καὶ
363 1760 520 1796 συνάξωμεν
550 1761 654 1792 πάντας
684 1761 747 1792 τοὺς
773 1759 865 1791 κακῶς

80 1809 190 1843 ἔχοντας
208 1808 255 1834 τοῦ
269 1806 345 1840 λαοῦ,
370 1807 417 1833 καὶ
441 1807 580 1842 χρίσωμεν
593 1806 691 1838 αὐτοὺς
711 1807 758 1833 ἀπ’
771 1805 863 1839 αὑτοῦ,

80 1856 126 1882 καὶ
151 1855 249 1889 [δωμεν
268 1855 292 1881 εἰ
308 1854 395 1889 ἀληθῆ
411 1855 462 1881 εἰσι
480 1854 515 1880 τὰ
540 1854 683 1888 λεγόμενα.
700 1854 755 1880 Καὶ
779 1862 864 1890 προσ.

79 1900 240 1934 ενέγκαντες
262 1901 295 1934 τῇ
318 1899 422 1935 πλευρᾷ
435 1899 482 1925 τοῦ
506 1899 608 1934 Κυρίου
631 1899 744 1934 βῆσσαν,
761 1899 863 1934 ἐμπαί-

80 1946 171 1977 ζοντες
187 1945 307 1980 ἔπλησαν
324 1944 372 1979 τὴν
386 1944 500 1980 βῆσσαν,
515 1943 578 1970 ἔνθα
591 1943 655 1976 ἐξίει
670 1944 700 1970 τὸ
714 1944 784 1980 ὕδωρ
794 1952 801 1959 ⁶
817 1944 864 1972 καὶ

79 1990 196 2025 συνῆξαν
212 1991 314 2022 πάντας
335 1991 397 2021 τοὺς
422 1989 513 2021 κακῶς
536 1989 656 2024 ἔχοντας,
679 1989 732 2025 πρὸ
755 1989 863 2017 πάντων

78 2036 232 2072 παράλυτον
242 2045 249 2051 ·
264 2036 293 2063 ὃν
306 2036 404 2071 ᾔδεσαν
424 2035 487 2062 ὅντα
508 2036 540 2062 ὲκ
556 2035 678 2070 γενετῆς.
694 2035 864 2071 Προσφέρον-

79 2093 122 2116 τες
137 2083 166 2110 δὲ
180 2084 226 2109 τὸν
238 2083 391 2118 παράλυτον
403 2082 512 2118 ἔχρισαν
528 2082 607 2109 αὐτόν
617 2089 624 2096 ·
634 2082 681 2108 καὶ
692 2081 791 2112 εὐθέως
800 2090 862 2108 συν-

78 2129 212 2165 εσφίγχοη
245 2129 292 2156 καὶ
323 2128 430 2162 ἐγένετο
453 2129 532 2163 ὑγιὴς
554 2129 568 2154 ό
590 2127 743 2162 ἄνθρωπος.
769 2127 862 2163 Παρα-

77 2175 174 2210 χρῆμα
193 2175 221 2201 δὲ
244 2174 347 2210 μεγάλη
373 2173 476 2209 ταραχὴ
493 2173 600 2207 ἐγένετο
622 2173 692 2200 κατὰ
708 2174 796 2199 πᾶσαν
813 2174 862 2208 τὴν

917 937 1010 968 Maria,
1026 937 1053 964 in
1073 937 1167 964 cadem
1181 944 1262 963 carne
1278 936 1424 963 crucifixus
1439 936 1500 967 fuit.
1516 945 1577 964 cum
1603 946 1701 965 secun-

916 982 979 1009 dum
993 981 1121 1009 deitatem
1134 981 1309 1015 impassibilis
1323 986 1395 1008 esset
1410 991 1415 1008 :
1429 989 1503 1009 nunc
1514 990 1578 1010 vero
1592 991 1701 1010 rursum

916 1027 944 1054 in
965 1027 1081 1061 imagine
1105 1026 1252 1054 crucifixus
1266 1034 1307 1059 es,
1325 1033 1341 1052 ο
1356 1026 1485 1059 Domine,
1502 1026 1535 1053 ad
1549 1027 1700 1054 convictio-

916 1081 976 1100 ncm
994 1073 1137 1107 impiorum
1151 1072 1326 1107 omniumque
1341 1073 1499 1105 infidelium,
1517 1077 1544 1100 et
1556 1073 1588 1099 ad
1605 1073 1703 1100 confir-

915 1118 1062 1146 mationem
1075 1126 1170 1146 eorum
1186 1119 1231 1153 qui
1250 1119 1277 1145 in
1295 1118 1408 1146 veritate
1422 1119 1448 1145 in
1465 1122 1492 1146 te
1505 1119 1630 1146 credunt.
1648 1118 1701 1146 Sed

916 1165 1001 1200 gloria
1017 1165 1075 1197 tibi,
1089 1164 1212 1198 Domine,
1226 1165 1272 1200 qui
1286 1165 1361 1193 solus
1375 1165 1465 1192 omnia
1479 1169 1566 1200 potes,
1581 1169 1608 1193 et
1620 1166 1703 1193 bette-

915 1212 988 1238 dicto
1006 1211 1060 1239 Deo
1080 1216 1185 1244 nostro,
1212 1219 1265 1238 una
1287 1219 1349 1238 cum
1374 1211 1548 1238 immaculato
1564 1211 1654 1242 Patre.
1674 1216 1703 1240 et

915 1254 984 1283 Filio
1000 1256 1060 1290 ejus
1082 1255 1147 1283 Jesu
1162 1256 1280 1287 Christo,
1307 1263 1340 1283 ac
1362 1256 1433 1283 bono
1451 1256 1611 1290 viviﬁcoque
1633 1256 1702 1291 Spi-

915 1303 981 1334 ritu,
1001 1310 1075 1329 nunc
1102 1306 1130 1330 et
1157 1310 1264 1338 semper
1289 1306 1316 1330 et
1339 1303 1367 1330 in
1396 1303 1496 1330 saecula
1524 1303 1699 1331 saeculorum.

915 1346 936 1373 Δ
941 1354 1001 1373 men
1006 1367 1013 1374 .

950 1390 976 1419 6.
993 1391 1102 1423 Audite,
1117 1399 1166 1419 vos
1181 1390 1291 1423 fratres,
1305 1399 1367 1419 cum
1383 1391 1481 1418 timore
1491 1391 1538 1419 Dei
1553 1395 1580 1419 et
1589 1391 1700 1426 gaudio,

915 1441 1011 1465 caetera
1023 1446 1083 1472 quae
1094 1445 1109 1464 a
1124 1437 1238 1465 Domino
1248 1438 1403 1472 dispensata
1416 1441 1489 1465 sunt.
1501 1437 1568 1465 Cum
1577 1439 1649 1464 enim
1664 1439 1701 1464 la-

915 1487 959 1511 tus
968 1483 1046 1519 291
1057 1487 1159 1511 sancta:
1167 1490 1198 1510 ac
1207 1483 1368 1510 veneranda:
1375 1482 1502 1518 imaginis
1511 1483 1603 1510 lancea
1612 1482 1701 1517 perto—

917 1533 993 1556 ratus
1003 1533 1085 1561 esset,
1096 1532 1291 1563 emanaretque
1299 1535 1370 1563 aqua
1381 1532 1408 1555 ct
1417 1529 1539 1562 sanguis,
1549 1531 1643 1554 coacta
1658 1531 1701 1554 est

917 1579 973 1602 tota
981 1573 1136 1601 Iudaeorum
1148 1574 1426 1608 turba,dicebantque
1440 1578 1534 1600 mutuo
1547 1582 1554 1600 :
1571 1572 1700 1605 Quando-

917 1620 1027 1655 quidem
1039 1620 1116 1646 aiunt
1124 1619 1184 1654 ejus
1198 1619 1329 1651 cultores,
1339 1627 1401 1646 eum
1411 1619 1511 1645 multas
1519 1626 1615 1657 curare
1624 1618 1701 1645 infir~

916 1666 1035 1698 mitates,
1049 1673 1191 1694 sumamus
1203 1666 1363 1701 sanguinem
1377 1665 1438 1700 ejus
1453 1670 1479 1692 et
1492 1672 1589 1699 aquam
1600 1684 1608 1696 ,
1624 1664 1699 1691 defe-

916 1720 1062 1747 ramusque
1084 1713 1111 1740 in
1134 1720 1314 1748 synagogam,
1335 1719 1367 1738 8C
1389 1718 1586 1746 congregemus
1603 1717 1700 1737 omnes

915 1758 962 1792 qui
981 1757 1296 1792 Iaborantmgriludine;
1319 1764 1450 1791 unganius
1472 1763 1520 1783 eos
1535 1755 1597 1789 illo,
1612 1758 1639 1782 et
1659 1756 1701 1782 vi-

915 1803 1029 1831 deamus
1043 1812 1107 1830 num
1122 1811 1187 1831 vera
1199 1803 1254 1831 sint
1268 1811 1328 1838 quae
1344 1803 1424 1838 vulgo
1437 1803 1576 1830 dicuntur.
1598 1802 1697 1829 Admo-

915 1852 996 1884 taque
1008 1849 1083 1876 lateri
1096 1848 1202 1876 Domini
1220 1849 1350 1884 amphora
1361 1869 1368 1881 ,
1387 1848 1524 1876 illudendo
1539 1848 1700 1884 amphoram

914 1893 1061 1928 implevere
1079 1895 1124 1921 illa
1142 1902 1203 1928 quae
1221 1894 1347 1922 manebat
1361 1902 1430 1928 aqua
1445 1903 1451 1921 :
1473 1894 1701 1930 congregatisque

914 1940 1041 1967 omnibus
1061 1940 1107 1974 qui
1125 1940 1195 1967 male
1211 1939 1341 1967 haberent
1353 1959 1360 1971 ,
1375 1940 1491 1974 primum
1513 1941 1633 1967 omnium
1652 1947 1703 1974 pa-

913 1985 1056 2021 ralyticum
1067 2006 1074 2018 ,
1090 1993 1170 2020 quem
1183 1993 1198 2012 a
1212 1986 1352 2012 uativitatc
1365 1986 1541 2021 paralyticunt
1555 1994 1616 2014 esse
1629 1986 1698 2014 scie-

913 2031 989 2062 bant,
1006 2031 1152 2058 adductum
1168 2035 1304 2058 unxerunt
1321 2041 1327 2058 :
1344 2032 1390 2066 qui
1407 2031 1498 2058 statim
1511 2031 1702 2059 consolidatus

913 2076 1262 2112 fuit,sanusquefactusest
1278 2078 1369 2104 homo.
1386 2077 1535 2105 Confestim
1547 2082 1638 2104 autem
1652 2078 1697 2104 iu-

912 2130 978 2158 gens
992 2122 1125 2149 tumultus
1141 2130 1188 2156 per
1205 2127 1288 2149 totam
1307 2122 1400 2149 urbem
1413 2126 1525 2150 exortus
1537 2126 1595 2153 est.
1609 2124 1698 2149 omni,-

913 2169 965 2196 bus
987 2176 1048 2195 eum
1070 2168 1098 2196 in
1120 2169 1209 2195 locum
1227 2168 1457 2203 ingredientibus,
1475 2168 1512 2195 ob
1524 2168 1624 2194 multas
1637 2167 1700 2194 illas

78 2221 167 2254 πόλιν,
182 2220 290 2247 πάντων
313 2220 476 2256 ἐρχομένων,
498 2219 542 2246 διὰ.
563 2219 612 2251 τὰς
627 2220 755 2255 ἀπείρους
779 2221 862 2251 ἰάσεις

916 2213 1071 2240 morborum
1083 2212 1239 2239 curationes
1251 2217 1278 2239 et
1293 2213 1433 2239 miracula.
1448 2212 1604 2240 Juda'orum
1617 2219 1701 2246 porro

78 2267 126 2294 καὶ
141 2266 371 2302 θαυματουργίας.
394 2266 521 2302 Ἐκινήθη
539 2266 567 2292 δὲ
583 2266 638 2292 πᾶν
653 2266 682 2292 τὸ
698 2265 798 2301 πλῆθος
810 2266 863 2292 τῶν

85 2314 229 2345 Ἰουδαίων,
243 2314 291 2339 καὶ
307 2313 473 2351 προσέφερον
489 2313 552 2343 τοὺς
563 2312 684 2343 ἀσθενεῖς
698 2311 798 2342 αὐτῶν,
811 2319 864 2338 πα-

81 2359 221 2395 ραλύτους,
234 2358 356 2390 κυλλους,
367 2357 476 2393 ξηροὺς,
490 2357 603 2392 χωλοὺς,
618 2357 665 2384 καὶ
678 2356 804 2391 τυφλοὺς,
817 2357 863 2383 καὶ

78 2404 282 2440 δαιμονῶντας,
297 2405 345 2432 καὶ
360 2403 471 2440 ἑτέρους
485 2403 595 2438 ἔχοντας
609 2402 736 2433 παντοίας
752 2402 845 2432 νόσους
854 2409 860 2416 ·

78 2452 126 2479 καὶ
137 2452 246 2483 πάντες,
259 2451 396 2486 χριόμενοι
411 2451 443 2476 ὲκ
453 2449 499 2476 τοῦ
514 2448 591 2483 ἁγίου
604 2447 718 2482 αἵματος
739 2446 786 2473 καὶ
801 2446 862 2473 ὓδα-

77 2507 124 2529 τος
145 2498 195 2532 τῆς
213 2497 332 2531 πλευρᾶς
353 2496 403 2530 τῆς
413 2495 507 2530 τιμίας
520 2494 622 2526 εἰκόνος
637 2493 684 2520 τοῦ
700 2494 813 2528 Κυρίου,
829 2494 862 2519 τὰ

79 2544 193 2579 σώματα
207 2542 296 2570 αὐτῶν
309 2542 372 2577 ὑγιῆ
387 2541 520 2576 ἐγένοντο.
536 2540 638 2571 Πάντες
649 2539 676 2566 δὲ
690 2539 714 2565 οἱ
727 2539 862 2573 ἀρχιερεῖς

79 2590 127 2616 καὶ
140 2590 164 2616 οἱ
179 2588 357 2624 πρεσϐύτεροι
367 2587 414 2614 καὶ
426 2587 440 2613 ὀ
453 2585 516 2617 λαὸς
526 2585 581 2612 τῶν
597 2584 729 2611 Ἰουδαίων
739 2582 862 2610 ἐπίστευ-

80 2644 129 2662 σαν
143 2635 183 2666 εἰς
198 2634 244 2661 τὸν
260 2633 361 2668 Κύριον
382 2632 460 2668 ἡμῶν
480 2630 584 2667 Ἰησοῦν
597 2629 723 2666 Χριστὸν,
739 2628 784 2655 τὸν
797 2628 862 2662 ἀλη-

79 2683 150 2710 θινὸν
165 2682 231 2708 Θεὸν
244 2681 332 2716 ἡμῶν,
347 2679 492 2716 κράζοντες
511 2678 558 2704 καὶ
579 2676 703 2710 λέγοντες
715 2683 721 2690 ·
738 2675 833 2708 Μέγας
847 2675 862 2700 ὀ

79 2728 142 2760 Θεὸς
152 2728 206 2753 τῶν
216 2726 386 2761 Χριστιανῶν
398 2733 404 2740 ’
419 2724 521 2758 μεγάλη
535 2724 551 2758 ἡ
567 2722 655 2753 πίστις
672 2720 724 2747 τῶν
735 2721 862 2756 Χριστια-

83 2773 140 2800 νῶν.
159 2772 228 2805 Δόξα
247 2780 298 2802 σοι,
317 2770 427 2804 Χριστὲ,
445 2769 474 2794 ὃν
490 2769 514 2794 οὶ
532 2767 647 2802 πατέρες
661 2765 740 2802 ἡμῶν
764 2764 861 2790 ὲσταύ-

81 2828 180 2856 ρωσαν,
193 2820 208 2845 ό
231 2817 278 2844 καὶ
304 2816 336 2842 δι’
351 2815 428 2851 ἡμῶν
446 2813 609 2849 σταυρωθείς
632 2814 660 2839 ὲν
687 2813 719 2846 τῇ
736 2811 860 2856 ἁχρὰντιε)

80 2855 124 2892 Ξιαὶ
140 2864 219 2898 τιμία
237 2862 319 2890 εἰκόνι
334 2870 392 2888 σου.
409 2860 477 2892 Δόξα
492 2868 542 2892 σοι,
572 2857 658 2894 ’1ησοῦ
680 2856 789 2892 Χριττὲ,
813 2855 860 2882 Υἱὲ

914 2258 1043 2293 frequens
1064 2258 1181 2293 populus
1198 2261 1366 2288 commotus,
1383 2257 1553 2285 adducebant
1576 2258 1699 2285 infirmos

915 2311 990 2335 suos,
1004 2303 1178 2338 paralyticos,
1192 2310 1316 2334 mancos,
1334 2303 1438 2339 aridos,
1454 2303 1582 2336 claudos,
1597 2311 1698 2336 caecus,

913 2348 1114 2379 daemoniacos,
1136 2347 1260 2381 aliosque
1281 2347 1364 2374 variis
1385 2346 1595 2382 a‘gritudinibus
1620 2347 1697 2373 labo-

913 2398 1023 2426 rantes;
1044 2393 1091 2428 qui
1111 2399 1206 2419 omues
1222 2392 1325 2418 inuncti
1343 2399 1422 2419 sacro
1439 2391 1571 2426 sanguine
1586 2395 1613 2419 et
1627 2399 1698 2426 aqua

913 2440 1006 2467 lateris
1030 2438 1191 2466 venerandae
1218 2438 1344 2472 imaginis
1368 2437 1474 2464 Domini
1497 2438 1556 2464 sani
1581 2445 1697 2473 corpore

912 2489 1070 2513 evaserunt.
1091 2485 1194 2511 Omnes
1211 2491 1293 2519 porro
1314 2484 1452 2518 principes
1473 2482 1644 2510 sacerdotum
1669 2488 1696 2510 et

913 2532 1034 2559 seniores
1047 2531 1217 2565 populusque
1233 2529 1389 2556 Judarorutn
1409 2528 1585 2556 crediderunt
1600 2529 1627 2555 in
1641 2527 1695 2555 Do-

912 2577 1015 2604 minum
1031 2574 1255 2603 nostruthesum
1265 2575 1418 2607 Christum,
1434 2581 1528 2601 verum
1545 2573 1628 2601 Deum
1645 2581 1695 2600 no~

913 2626 999 2650 strum
1010 2641 1018 2654 ,
1032 2623 1182 2649 clamantes
1195 2625 1222 2647 et
1238 2621 1360 2647 dicentes
1375 2630 1381 2647 :
1403 2619 1516 2654 Magnus
1530 2619 1601 2647 Deus
1615 2619 1695 2646 Chri-

912 2670 1064 2696 stianorum
1093 2677 1099 2694 :
1128 2675 1226 2702 magna
1251 2666 1317 2693 fides
1345 2665 1574 2692 Christianorum.
1603 2665 1695 2692 Clora

913 2713 973 2744 tibi,
988 2713 1105 2743 Christe,
1124 2719 1204 2746 quem
1221 2715 1311 2745 patres
1327 2711 1414 2738 nostri
1428 2710 1632 2740 cruciﬁxeruut,
1645 2710 1692 2744 qui

912 2767 927 2786 a
948 2759 1027 2786 nobis
1046 2765 1154 2792 quoque
1169 2757 1315 2784 crucifixus
1329 2764 1359 2783 es
1375 2756 1402 2783 in
1418 2756 1589 2783 immaculata
1605 2761 1631 2782 et
1647 2763 1692 2783 ve-

912 2804 1033 2832 neranda
1047 2804 1164 2838 imagine
1179 2807 1233 2830 tua.
1249 2802 1341 2829 Gloria
1357 2803 1404 2830 libi
1415 2823 1423 2833 ,
1438 2802 1502 2830 Jesu
1518 2802 1626 2830 Christe
1642 2801 1693 2829 Fili

913 2851 971 2884 Dei,
987 2850 1032 2885 qui
1047 2857 1143 2885 magna
1160 2849 1227 2877 facis
1245 2849 1389 2877 mirabilia.
1409 2847 1438 2876 In
1453 2853 1480 2877 te
1495 2848 1648 2881 credimus.
1665 2855 1695 2878 et
