1940 3068
263 127 315 155 803

811 125 840 154 S.
860 123 1093 153 ATHANASIUS.
1115 139 1148 144 —
1169 123 1280 151 DUBIA.

1828 128 1876 156 805

259 186 287 212 in
301 184 408 212 Patrem
421 205 428 216 ,
440 184 538 211 Filium
548 204 555 215 .
573 188 599 211 et
617 183 749 219 Spiritum
765 189 890 211 sanctum
903 204 910 214 ,
927 183 1037 210 Trinita-

1097 182 1144 208 τοῦ
1157 182 1237 212 Θεοῦ,
1248 183 1262 208 ὁ
1275 182 1359 209 ποιῶν
1374 183 1480 218 μεγάλα
1493 182 1641 218 θαυμάσια.
1654 184 1699 211 Σοὶ
1712 185 1878 220 πιστεύομεν,

259 235 313 258 tem
334 230 598 258 consubstantialem
622 235 649 256 et
676 229 881 257 indirisibilem.
907 229 1046 264 Propitius

258 279 320 302 esto
338 275 432 306 nobis,
453 282 558 308 nosque
578 274 686 308 recipe;
708 275 780 301 sicut
798 274 826 300 in
848 278 943 300 sancta
964 281 1047 300 cruce

258 325 306 348 tua
322 321 427 355 positus
445 321 570 355 recepisti
584 320 716 347 latronem
730 320 762 347 ad
779 320 978 355 pmnitentiam.
992 319 1046 348 Nos

258 373 408 392 annumera
424 366 488 392 licet
504 366 630 400 indignos
645 369 672 392 et
687 366 735 392 tibi
751 366 885 392 hactenus
900 365 1026 392 inimicos
1038 385 1045 396 ,

258 410 292 437 iis
314 410 361 445 qui
378 414 439 445 post
457 410 628 437 undecimam
651 411 746 437 horam
768 415 920 444 venerunt;
936 411 970 438 iis
982 431 989 443 ,
1004 411 1046 437 itt-

257 464 338 491 quam
349 476 357 487 ,
374 464 423 483 nos
440 463 589 482 annumera
603 460 630 483 et
642 456 765 483 illumina
783 456 878 484 oculos
893 457 985 484 contis
998 464 1046 483 no-

257 503 318 533 stri,
336 503 497 530 obseuratos
507 523 514 533 ,
529 509 598 536 quos
613 502 718 528 scilicet
733 502 853 529 tenebris
871 501 967 529 oll'udit
987 510 1044 529 ma-

257 549 347 583 lignus
357 548 498 580 diabolus;
512 551 540 574 ut
553 548 697 574 illuminati
709 556 756 582 per
764 550 888 575 sanctum
898 548 1043 582 baptisma.

256 594 362 621 cmlcsti
384 598 431 620 tuo
455 593 586 620 exercitui
608 593 719 628 adjungi
743 601 907 620 mereamur.
931 592 1044 620 llzecilli

256 648 318 668 cum
342 640 460 667 clamore
482 639 675 674 proferebant,
699 640 806 674 altaque
825 647 892 666 voce
911 639 1043 674 prmdicn-

256 689 322 714 bant
344 686 479 713 mirabilia
503 686 560 713 Dei.
581 685 704 712 Pervasit
727 690 818 712 autem
839 686 932 713 orbem
957 689 1043 713 totum

255 732 371 766 hujusce
387 732 424 758 rei
443 734 513 758 Iama
528 731 560 757 de
576 730 728 757 veneranda
744 739 841 765 nempe
863 731 981 766 imagine
1002 739 1044 758 rc—

254 778 297 812 gis
309 777 395 804 nostri
412 776 476 802 Jesu
493 776 605 803 Christi.
624 775 725 803 Omnes
741 776 775 802 ob
790 775 901 803 Oriente
920 780 946 802 et
962 775 1043 802 Occi-

255 824 336 850 dente
351 822 501 849 olTerebanl
517 821 641 848 inﬁrmos
655 829 736 852 suos,
750 821 797 856 qui
813 828 910 848 omnes
923 820 969 848 Dei
987 821 1042 847 cle-

254 870 355 898 mentia
370 869 550 896 curabuntur.

288 970 313 997 7.
334 969 400 997 Post
422 969 480 997 haec
505 973 596 996 autem
616 969 684 996 adiit
702 972 759 996 tota
783 969 863 995 turba
885 967 1042 995 Judmorum

253 1016 449 1043 sacratissime
475 1015 604 1043 Ecclesia:
633 1015 840 1042 sanctissimum
865 1016 1041 1049 episcopum,

252 1067 484 1096 accurrentesque
500 1061 627 1088 dicebant
643 1070 649 1088 ι
664 1060 720 1087 Nos
741 1064 922 1088 annumerato
940 1064 1043 1088 sancta:

251 1108 394 1135 catholica:
411 1113 437 1134 et
452 1107 610 1142 apostolicae
626 1106 772 1138 Ecclesiae,
791 1114 841 1134 nos
863 1107 1002 1141 baptizato
1015 1110 1043 1133 et

251 1153 424 1180 Christianos
437 1151 529 1179 facito.
544 1150 590 1178 Sic
601 1159 697 1178 omnes
708 1151 876 1178 unanimiter
887 1151 1042 1177 clamabant

252 1207 267 1225 a
289 1199 395 1225 minore
412 1198 446 1224 ad
467 1198 634 1229 maximum,
661 1204 715 1223 una
742 1204 804 1223 cum
830 1196 991 1223 mulieribus
1014 1199 1041 1223 et

252 1245 356 1280 pueris.
370 1244 553 1278 dicebantque
569 1253 575 1270 :
595 1242 671 1270 Unus
684 1243 755 1270 Deus
767 1243 857 1272 Pater.
872 1251 942 1270 unus
955 1242 1040 1270 Filius

251 1290 427 1326 unigenitus,
447 1298 519 1317 unus
539 1289 671 1317 Dominus
687 1299 693 1316 :
712 1289 801 1324 ipsum
823 1289 908 1316 Deum
927 1289 1042 1317 conﬁte-

251 1345 323 1370 mur,
346 1337 576 1372 agnoscimusque
593 1345 600 1363 :
624 1336 701 1363 illum
724 1336 826 1363 scimus
846 1343 908 1363 esse
929 1335 1014 1363 Deum
1031 1345 1038 1362 :

249 1391 311 1411 eum
327 1391 377 1411 nos
399 1383 537 1410 credimus
562 1383 723 1410 cruciﬁxum
747 1383 797 1410 sub
814 1382 913 1409 Pontio
931 1381 1038 1414 Pilato,

250 1430 436 1458 resurrexisse
448 1430 492 1457 die
506 1430 602 1463 tertia,
618 1433 845 1464 assumptumque
867 1428 951 1456 fuisse
975 1436 1039 1455 cum

253 1477 350 1512 gloria,
367 1477 394 1503 in
409 1479 557 1510 conspectu
579 1480 735 1502 sanctorum
757 1475 954 1510 discipulorum
973 1483 1039 1502 suo-

249 1530 310 1549 rum
321 1543 328 1552 .
344 1526 370 1549 et
383 1521 479 1549 sedere
495 1521 528 1548 ad
549 1521 688 1548 dexteram
712 1521 760 1548 Dei
777 1525 802 1548 et
826 1521 925 1549 Patris.
945 1520 1038 1548 Multis

249 1569 342 1603 itaque
357 1567 484 1595 laudibus
499 1566 583 1594 Deum
597 1567 789 1598 celebrarunt,
806 1567 927 1594 exhibita
942 1571 1039 1594 sancta

250 1614 367 1648 imagine
382 1614 475 1648 ejusee
498 1614 574 1640 urbis
591 1613 816 1649 archiepiscopo.
836 1614 880 1640 cui
895 1621 928 1641 ea
944 1621 1040 1641 narra-

248 1664 313 1686 runt
328 1667 389 1694 qua:
405 1663 501 1686 contra
518 1663 641 1686 sanctam
662 1660 808 1695 imaginem
832 1664 1039 1695 perpetrarant,

247 1709 276 1732 et
288 1705 468 1732 ostenderunt
487 1705 648 1739 sanguinem
670 1708 698 1732 et
713 1713 811 1740 aquam
821 1727 828 1738 ,
845 1705 1037 1741 dixeruntque,

248 1758 302 1785 qua
319 1750 427 1777 ratione
442 1758 457 1777 e
475 1750 557 1777 latere
576 1749 727 1777 Salvatoris
742 1750 868 1778 exitsset.
883 1751 922 1777 Ad
941 1751 1037 1778 horum

248 1802 340 1823 tamen
352 1796 474 1823 omnium
488 1797 724 1823 conﬁrmationem
735 1816 742 1828 ,
766 1797 872 1831 accepit
892 1798 1039 1832 episcopus

247 1851 281 1869 ex
300 1843 433 1878 sanguine
454 1846 481 1869 et
500 1850 570 1877 aqua
582 1862 589 1875 ,
610 1843 767 1877 multosque
784 1843 892 1870 oblatos
914 1843 1038 1871 inlirmos

248 1889 326 1915 unxit
343 1896 480 1923 sanesque
500 1888 616 1915 dimisit.
640 1887 689 1916 His
707 1889 860 1915 innumeris
873 1890 1038 1924 perpetratis

248 1935 400 1966 miraculis,
416 1934 575 1969 episcopum
594 1938 725 1969 rogarunt
741 1942 848 1966 omnes,
863 1940 891 1962 ut
905 1936 957 1963 sibi
969 1936 1037 1971 bap-

247 1980 347 2007 tismus
362 1980 545 2011 conferretur,
565 1987 597 2006 ac
612 1980 707 2007 liceret
719 1981 924 2008 communicare
940 1981 1038 2007 imma-

247 2025 346 2052 culatis
361 2030 387 2052 et
404 2024 604 2053 immortalibus
625 2026 764 2061 mysteriis
781 2027 905 2061 corporis
926 2032 953 2054 et
972 2035 1037 2054 san-

246 2072 347 2106 guinis.
361 2071 429 2098 Tum
443 2072 587 2106 episcopus
605 2072 659 2099 illis
674 2072 813 2104 admissis,
829 2073 961 2100 advocato
979 2077 1036 2100 toto

246 2118 320 2145 clero
335 2118 517 2145 sanctissimw
526 2119 571 2146 Dei
581 2118 720 2150 Ecclesize,
731 2122 875 2153 postquam
886 2119 976 2145 multis
988 2126 1036 2146 eos

246 2165 754 2200 diebusinstituisset,baptizavitillos
768 2165 795 2191 in
809 2165 919 2192 nomine
934 2164 1034 2197 Patris,

245 2214 272 2237 et
286 2209 357 2243 Filii,
369 2215 395 2238 et
404 2210 523 2246 Spiritus
543 2211 641 2243 sancti,
657 2219 877 2247 synagogamque
893 2211 974 2246 292
985 2210 1034 2238 Ju-

245 2256 365 2284 dzeorum
374 2258 400 2284 in
408 2258 552 2284 ecclesiam
564 2257 715 2285 Salvatoris
724 2258 812 2285 nostri
823 2259 968 2285 convertit.
983 2257 1035 2284 Ro-

244 2305 372 2339 gantibus
390 2313 472 2340 porro
492 2305 546 2332 illis
564 2305 769 2333 sanctissimum
785 2304 955 2339 episcopum,
970 2304 1034 2331 reli-

242 2358 312 2385 quas
325 2351 447 2386 ipsorum
458 2359 611 2387 synagogas
620 2351 647 2378 in
658 2350 706 2378 Dei
715 2351 849 2386 templaet
860 2351 887 2377 in
900 2350 1032 2385 martyria

242 2401 400 2425 sanctorum
409 2405 521 2426 suorum
531 2403 680 2433 martyrum
689 2397 870 2429 consecravit,
881 2397 914 2423 ad
924 2396 969 2424 Dei
978 2397 1033 2432 glo-

241 2443 309 2470 riam
324 2448 351 2471 et
365 2444 557 2471 exaltationem
567 2445 728 2472 orthodoxae
742 2443 1030 2472 ﬁdeLConstituitau-

240 2493 293 2516 tem
308 2497 340 2516 ex
357 2489 411 2516 illis
429 2490 604 2525 presbyteros
618 2490 801 2525 et[diaconos,
811 2489 995 2516 subiiaconos
1003 2492 1030 2515 et

240 2535 364 2563 lectores.
382 2535 471 2570 Atque
484 2536 626 2572 itaingens
638 2536 688 2563 fuit
701 2536 793 2563 laetitia
819 2535 847 2562 in
868 2536 938 2563 ccelo
955 2539 982 2563 et
1000 2535 1028 2562 in

239 2586 323 2614 terra,
332 2583 367 2609 ob
381 2583 545 2617 stupendum
558 2583 721 2610 miraculum
736 2582 899 2610 venerandze
907 2587 934 2610 et
943 2590 1027 2610 same

238 2630 365 2665 imaginis
380 2629 487 2656 Domini
501 2633 529 2656 et
544 2629 694 2657 Salvatoris
703 2629 790 2657 nostri
801 2629 866 2656 Jesu
875 2628 988 2660 Christi,
999 2629 1025 2655 in

237 2674 289 2703 ista
306 2676 373 2703 urbe
387 2686 394 2703 :
412 2684 474 2704 cum
488 2684 543 2703 non
556 2675 637 2703 tnodo
654 2683 793 2711 corporem
804 2679 968 2703 curarentur
983 2675 1026 2702 in-

272 2773 330 2815 (Hi
342 2774 491 2815 Colltertin.
506 2784 578 2815 unus
593 2776 633 2804 sic
650 2776 742 2808 habet.
760 2778 1023 2815 μρτςῦριανπεποίηέ

235 2817 284 2848 κεν
298 2810 468 2848 τῶνΔὰγίων.
491 2812 541 2846 τῆς
569 2820 597 2838 τε
622 2810 805 2848 πανυμνήτου’
823 2810 954 2840 Θεοτόκου
975 2810 1022 2841 καὶ

236 2821 284 2848 κεν
298 2821 351 2836 των
376 2821 468 2844 αγιων,
491 2821 541 2846 της
569 2821 597 2838 τε
622 2821 693 2838 πανυ
717 2821 796 2848 νητου
823 2821 954 2840 υεοτοκου
975 2821 1022 2841 και

235 2845 413 2880 αειπαρθὲνου
434 2847 554 2882 Μαρίας,
569 2847 616 2874 τοῦ
639 2821 792 2884 προδρόμου
809 2857 837 2875 τε
855 2851 900 2876 καὶ
920 2850 1022 2877 Barm-

1097 229 1137 258 είς
1153 227 1271 262 Πατέρα,
1289 228 1352 254 Υἰὸν
1367 229 1414 254 καὶ
1430 229 1506 262 Ξιγιον
1531 229 1652 264 Πνεῦμα,
1667 230 1769 264 Τριάδα
1788 232 1879 266 ὁμοοὺ-

1099 282 1154 300 σιον
1171 275 1218 301 καὶ
1245 273 1405 309 ἀχώριστον.
1425 274 1519 306 Ἵλεως
1543 275 1608 310 ήμῖν
1629 275 1717 309 γενοῦ,
1742 276 1788 302 καὶ
1809 276 1879 309 δέξαι

1098 321 1181 355 ἡμᾶς,
1194 321 1232 352 ὡς
1251 321 1332 352 ἐδέξω
1344 320 1390 346 τοῦ
1409 319 1508 357 λῃστοῦ
1525 321 1572 347 ἐπὶ
1584 321 1630 347 τοῦ
1647 321 1724 355 ἁγίου
1743 330 1788 348 σου
1804 331 1878 349 σταυ-

1098 366 1146 402 ροῦ
1173 367 1406 403 τὴνομετάνοιαν.
1440 366 1700 402 Συγκαταρίθμησον
1729 369 1800 403 ἡμᾶς
1822 369 1879 400 τοὺς

1096 412 1222 445 ἀναξίους
1237 414 1299 444 τοὺς
1314 412 1510 448 προσελθόντας
1528 421 1568 439 σοι
1584 415 1640 445 τοῖς
1657 413 1726 448 μετὰ
1746 414 1794 449 τὴν
1810 415 1877 441 ἐνδε-

1097 460 1182 494 κὰτην
1193 459 1277 493 ὥραν,
1292 460 1338 485 καὶ
1352 460 1426 494 ἡμᾶς
1439 459 1694 495 συγκαταρίθμησον
1708 460 1754 486 καὶ
1769 459 1876 494 φώτισον

1095 504 1159 535 τοὺς
1173 503 1328 539 ὀφθαλμοὺς
1343 504 1393 539 τῆς
1408 504 1520 539 καρδίας
1536 504 1623 539 ἡμῶν,
1647 504 1710 535 τοὺς
1727 504 1876 540 ὲσκοτισμέ-

1096 557 1168 580 νους,
1186 548 1233 580 οὒς
1254 550 1268 575 ὁ
1293 549 1410 584 πονηρὸς
1435 549 1559 576 ὲσκότισε
1579 549 1719 581 διὰὃολος·
1749 549 1800 581 ἴνα,
1826 559 1875 582 φω-

1095 594 1230 627 τισθέντες
1247 595 1291 622 διὰ
1309 594 1356 621 τοῦ
1379 596 1457 630 ἁγίου
1473 604 1519 622 σου
1537 595 1735 631 βαπτίσματος,
1750 596 1873 629 καταξιω-

1096 639 1185 675 θῶμεν
1194 641 1241 667 καὶ
1257 642 1337 676 ἡμεῖς
1351 642 1567 678 τῆςὲπουρανίου
1582 650 1627 668 σου
1641 643 1778 677 στρατιᾶς.
1792 641 1874 668 Ταῦτα

1095 685 1123 712 δὲ
1137 686 1251 722 ἔκραζον
1267 687 1400 721 λέγοντες,
1417 688 1463 714 καὶ
1487 688 1667 724 κηρύττοντες
1689 687 1876 722 μεγαλοφώνως

1095 733 1130 759 τὰ
1147 733 1286 768 θαυμάσια
1306 734 1353 760 τοῦ
1367 734 1444 762 Θεοῦ.
1469 733 1578 768 eam:
1594 734 1621 760 δὲ
1635 735 1652 769 ἡ
1668 734 1746 769 φήμη
1765 733 1829 769 αὕτη
1842 735 1875 764 είς

1096 780 1187 806 πᾶσαν
1204 780 1254 814 τὴν
1279 780 1441 816 οἰκουμένην
1460 781 1524 816 περὶ
1540 780 1590 814 τῆς
1603 780 1698 815 τιμίας
1715 781 1815 812 εἰκόνος
1833 779 1874 807 τοῦ

1094 825 1289 860 παμϐασιλέως
1314 825 1392 861 ἡμῶν
1424 826 1512 861 Ἰησοῦ
1542 825 1680 862 Χριστοῦ·
1708 827 1756 853 καὶ
1785 825 1874 858 πάντες

1058 873 1079 900 Β
1093 871 1146 898 ἀπὸ
1163 871 1297 898 ἀνατολῶν
1313 873 1360 898 καὶ
1372 871 1481 908 δυσμῶν
1498 872 1667 908 προσέφερον
1685 873 1747 904 τοὺς
1762 872 1873 904 ἀσθενεῖς

1094 918 1198 945 αὐτῶν·
1214 919 1261 945 καὶ
1277 919 1354 945 ἰῶντο
1369 919 1468 951 πάντες
1480 921 1513 954 τῇ
1529 918 1596 945 Θεοῦ
1617 918 1774 954 ἁγαθότητι.

1136 985 1156 1001 ι.
1176 974 1254 1001 Μετὰ
1273 974 1301 1001 δὲ
1320 975 1407 1002 ταῦτα
1425 975 1576 1010 προσῆλθον
1599 975 1638 1010 τῷ
1655 975 1798 1010 ἁγιωτάτῳ
1820 976 1872 1002 ὲτιι-

1095 1021 1188 1056 σκόπῳ
1200 1020 1249 1056 τῆς
1262 1021 1418 1057 ἁγιωτάτης
1437 1021 1602 1056 Ἐκκλησία-ς
1619 1021 1729 1048 ἅπαντα
1745 1021 1777 1048 τὰ
1793 1021 1871 1056 πλήθη

1092 1067 1148 1093 τῶν
1175 1067 1317 1100 Ἰουδαίων,
1334 1067 1545 1104 προστρέχοντες
1571 1067 1619 1094 καὶ
1644 1067 1784 1102 λέγοντες·
1807 1068 1872 1094 Κατ-

1093 1111 1244 1148 αρίθμησον
1268 1113 1342 1148 ἡμᾶς
1355 1114 1388 1148 τῇ
1411 1113 1477 1148 ἁγίᾳ
1490 1112 1620 1150 καθολικῇ
1646 1114 1694 1140 καὶ
1719 1113 1871 1148 ἀποστολικῇ

1099 1159 1257 1196 Ἐκκλησία,
1275 1160 1406 1195 βάπτισον
1416 1161 1490 1196 ἡμᾶς
1503 1160 1549 1187 καὶ
1564 1161 1678 1196 ποίησον
1694 1160 1871 1196 Χριστιανούς.

1094 1205 1230 1241 Ἐκραζον
1250 1207 1278 1233 δὲ
1303 1207 1474 1242 ὁμοθυμαδὸν
1496 1207 1615 1238 ἅπαντες
1639 1207 1694 1233 ἀπὸ
1713 1207 1806 1242 μικροῦ
1826 1207 1872 1238 ἓως

1093 1252 1211 1286 μεγάλου
1234 1252 1322 1279 αὐτῶν
1350 1253 1397 1279 σὺν
1421 1251 1527 1286 γυναιξὶ
1547 1252 1594 1278 καὶ
1609 1253 1726 1284 παιδίοις
1740 1252 1870 1286 λέγοντες⁴

1091 1294 1139 1328 Εἷς
1155 1297 1220 1329 Θεὸς
1234 1299 1248 1324 ὁ
1265 1297 1369 1333 Πατὴρ,
1381 1296 1421 1329 εἷς
1436 1297 1498 1329 Υἱὸς
1511 1298 1524 1323 ὁ
1540 1298 1696 1334 μονογενὴς,
1712 1296 1749 1330 εἷς
1764 1298 1871 1334 Κύριος’

1091 1344 1171 1370 αὐτὸν
1193 1343 1259 1371 θεὸν
1281 1343 1476 1379 ὁμολογοῦμεν,
1491 1345 1538 1370 καὶ
1553 1345 1665 1379 οἴδαμεν
1688 1345 1734 1371 καὶ
1750 1343 1872 1379 γινώσκο-

1093 1400 1158 1427 μεν·
1174 1392 1255 1419 αὑτὸν
1277 1392 1343 1418 Θεὸν
1365 1392 1486 1427 οἴδαμεν,
1505 1391 1585 1418 αὑτὸν
1602 1393 1685 1427 ἡμεῖς
1707 1392 1870 1426 πιστεύομεν,

1089 1440 1135 1467 τὸν
1148 1439 1339 1475 σταυρωθέντα
1352 1439 1397 1465 ἐπὶ
1407 1437 1518 1465 Ποντίου
1531 1438 1659 1470 Πιλάτου,
1674 1438 1721 1464 καὶ
1732 1437 1870 1464 ἀναστάντι

1089 1488 1122 1521 τῇ
1139 1486 1218 1522 τρίτῃ
1232 1486 1340 1521 ἡμέρᾳ·
1359 1486 1404 1512 καὶ
1428 1484 1616 1519 ἀναληφθέντα
1635 1485 1664 1510 ὲν
1683 1484 1745 1520 δόξῃ
1766 1482 1869 1509 ἐνώπιον

1052 1546 1073 1575 c
1090 1532 1143 1559 τῶν
1155 1532 1241 1566 ἁγίων
1254 1531 1381 1567 μαθητῶν
1394 1530 1487 1562 αὑτοῦ,
1503 1531 1551 1557 καὶ
1565 1529 1746 1566 καθεζόμενον
1761 1531 1787 1556 ἐν
1802 1529 1866 1563 δεξιῇ

1091 1579 1138 1606 τοῦ
1153 1577 1221 1604 Θεοῦ
1236 1578 1283 1604 καὶ
1298 1577 1415 1613 Πατρός.
1443 1576 1557 1608 Πολλαῖς
1571 1574 1618 1604 οὖν
1641 1577 1786 1613 εὐφημίαις
1800 1576 1868 1608 δοξὰ-

1092 1631 1187 1654 σαντες
1199 1623 1244 1649 τὸν
1256 1622 1332 1654 Θεὸν,
1343 1622 1392 1658 τὴν
1408 1621 1488 1656 ἁγίαν
1501 1630 1530 1648 τε
1546 1622 1639 1648 εἰκόνα
1654 1622 1694 1658 τῷ
1707 1621 1868 1658 ἁρχιεπισκό-

1091 1677 1134 1704 πω
1150 1669 1199 1704 τῆς
1225 1669 1315 1694 ὲκεῖσε
1340 1668 1444 1699 πόλεως
1464 1666 1659 1700 ἐπιδείξαντες,
1681 1669 1728 1695 καὶ
1749 1667 1867 1703 ἀπαγγεί-

1089 1715 1184 1746 λαντες
1200 1713 1218 1740 ἃ.
1230 1714 1361 1750 ἐποίησαν
1375 1713 1424 1749 τὴν
1439 1714 1486 1740 τοῦ
1502 1714 1622 1750 Χριστοῦ
1637 1715 1717 1749 ἁγίαν
1734 1715 1828 1746 εἰκόνα.
1842 1712 1867 1739 τό

1089 1770 1119 1788 τε
1135 1759 1205 1796 αἷμα
1218 1761 1266 1787 καὶ
1281 1760 1353 1795 ὓδωρ
1372 1760 1568 1792 ἐπιδείξαντες,
1582 1761 1632 1788 καὶ
1645 1761 1704 1793 πῶς
1723 1761 1826 1797 ἐξῆλθεν
1839 1761 1866 1786 ἐκ

1088 1808 1138 1843 τῆς
1161 1808 1280 1842 πλευρᾶς
1296 1806 1344 1833 τοῦ
1371 1807 1514 1842 Σωτῆρος’
1542 1807 1619 1842 ὅμως
1645 1808 1712 1843 πρὸς
1735 1806 1865 1842 βεὸαίωσιν

1089 1856 1197 1882 πάντων
1221 1852 1311 1879 λαϐὼν
1327 1852 1341 1878 ὁ
1367 1851 1518 1884 ἐπίσκοπος
1537 1852 1569 1878 ὲκ
1591 1852 1640 1879 τοῦ
1660 1853 1738 1887 ἁγίου
1763 1852 1865 1887 αἵματος

1088 1901 1134 1927 καὶ
1151 1900 1256 1932 ὕδατος,
1280 1898 1326 1926 καὶ
1350 1898 1463 1930 πολλοὺς
1487 1898 1609 1930 ἀσθενεῖς
1636 1898 1862 1935 προσενέγκαντες.

1088 1947 1135 1973 καὶ
1158 1946 1274 1980 ἀλείφων
1298 1945 1406 1977 αὐτοὺς,
1429 1944 1516 1979 ὑγιεῖς
1536 1945 1668 1972 ἀπέλυσε.
1694 1945 1797 1972 Τούτων
1816 1943 1863 1970 τῶν

1087 1992 1208 2028 ἀπείρων
1226 1991 1372 2026 θαυμάτων
1385 1990 1546 2025 γεγονότων,
1560 1990 1650 2023 οὕτως
1672 1991 1786 2021 ἅπαντες
1805 1988 1863 2015 καθ-

1088 2039 1207 2065 ικέτευον
1221 2037 1266 2064 τὸν
1286 2037 1431 2064 ἐπίσκοπον
1455 2038 1547 2072 τυχεῖν
1559 2037 1606 2064 τοῦ
1623 2038 1700 2072 ἁγίου
1723 2035 1862 2072 βαπτίσμα-

1086 2093 1142 2117 τος,
1166 2085 1212 2111 καὶ
1241 2083 1400 2119 μεταλαὸεῖν
1422 2083 1476 2110 τῶν
1495 2083 1640 2119 ἁχράντων
1662 2084 1708 2110 καὶ
1732 2081 1859 2117 ἀθανάτων

1089 2130 1244 2166 μυστηρίων
1258 2129 1305 2156 τοῦ
1321 2129 1412 2165 τιμίου
1430 2129 1556 2164 σώματος
1569 2130 1616 2157 καὶ
1631 2131 1752 2165 αἵματος.
1776 2127 1833 2154 Τότε
1847 2127 1859 2151 ὸ

1087 2176 1233 2208 ἐπίσκοπος
1270 2175 1435 2211 παραλαὸὼν
1469 2176 1585 2210 αὐτοὺς,
1620 2177 1668 2203 καὶ
1705 2173 1858 2210 συγκαλέσας

1050 2217 1072 2244 D
1084 2223 1193 2250 ἅπαντα
1208 2223 1253 2249 τὸν
1269 2223 1369 2257 κλῆρον
1383 2222 1431 2257 τῆς
1445 2222 1600 2258 ἁγιωτάτης
1613 2223 1658 2249 τοῦ
1672 2221 1736 2249 Θεοῦ
1756 2219 1857 2253 Ἐκκλη-

1086 2268 1155 2299 σίας,
1173 2268 1218 2294 ἐπὶ
1241 2267 1342 2299 πολλάς
1359 2275 1390 2294 τε
1404 2267 1511 2302 ἡμέρας
1533 2268 1701 2303 κατηχήσας,
1724 2265 1855 2292 ἐϐάπτισεν

1084 2315 1183 2346 αὐτοὺς
1198 2315 1238 2346 εἰς
1251 2314 1281 2340 τὸ
1300 2314 1386 2349 ὄνομα
1399 2314 1446 2341 τοῦ
1470 2314 1587 2349 Πατρὸς,
1603 2315 1650 2340 καὶ¹
1666 2313 1711 2339 τοῦ
1734 2311 1804 2342 Υἰοῦ,
1815 2309 1853 2335 καὶ

1082 2360 1129 2386 τοῦ
1149 2361 1227 2394 ἁγίου
1244 2360 1413 2395 Πνεύματος,
1429 2360 1476 2386 καὶ
1491 2359 1541 2394 τὴν
1558 2358 1718 2392 συναγωγὴν
1730 2356 1779 2383 τῶν
1798 2355 1854 2380 Ἰου-

1081 2407 1163 2433 δαίων
1179 2406 1327 2442 ἐκκλησίαν
1341 2406 1388 2433 τοῦ
1403 2407 1528 2442 Σωτῆρος
1543 2405 1620 2441 ἡμῶν
1633 2404 1751 2438 ἐποίησε.
1772 2401 1853 2434 Παρα-

1081 2453 1251 2480 καλεσάντων
1265 2453 1295 2479 δὲ
1308 2453 1398 2479 αὐτῶν
1416 2452 1462 2479 τὸν
1480 2451 1629 2486 ἁγιώτατον
1645 2450 1796 2478 ἐπίσκοπον,
1811 2445 1852 2472 καὶ

1079 2498 1129 2530 τὰς
1150 2497 1247 2530 λοιπὰς
1271 2497 1442 2532 συναγωγὰς,
1465 2498 1546 2528 ναοὺς
1569 2496 1646 2527 Θεοῦ,
1667 2495 1713 2522 καὶ
1727 2491 1851 2529 μαρτύρια

1079 2544 1132 2571 τῶν
1146 2544 1232 2578 ἁγίων
1249 2543 1330 2570 αὑτοῦ
1356 2543 1501 2579 μαρτύρων
1518 2543 1667 2579 ἀφιερῶσαι
1690 2536 1847 2575 [ἁφιερῶσή.

1078 2591 1118 2622 είς
1131 2591 1210 2623 δόξαν
1223 2590 1270 2617 τοῦ
1290 2589 1358 2616 Θεοῦ
1375 2590 1422 2616 καὶ
1437 2589 1566 2625 καύχημα
1585 2590 1635 2623 τῆς
1658 2586 1791 2623 ὁρθοδόξου
1808 2582 1847 2608 πί-

1078 2644 1162 2668 στεως
1172 2636 1236 2672 (11).
1247 2636 1405 2672 Κατ-ἔστησε
1415 2635 1445 2662 δὲ
1457 2636 1505 2662 καὶ
1519 2635 1548 2669 ἐξ
1565 2634 1652 2661 αὐτῶν
1665 2629 1847 2668 πρετὸυτέρους

1077 2684 1123 2710 καὶ
1142 2683 1294 2716 διακόνους,
1311 2683 1512 2715 ὑποδιακόνους,
1537 2683 1584 2709 καὶ
1602 2679 1780 2715 ἀναγνώστας.
1799 2672 1847 2700 Καὶ

1074 2792 1137 2810 στου
1156 2783 1291 2814 Ἰωάννου,
1309 2782 1356 2810 καὶ
1368 2782 1421 2809 τῶν
1436 2781 1519 2817 ἁγίων
1535 2780 1645 2813 ὲνδόξων
1659 2778 1704 2806 καὶ
1720 2769 1843 2806 πανευφίΓ

1074 2828 1132 2854 μων
1145 2817 1312 2846 ἀποστόλων.
