1940 3068
93 141 152 168 305

546 135 590 162 DE
609 135 707 163 PASS.
728 133 881 162 IMAGINIS
902 133 932 160 D.
954 133 986 161 Ν.
1008 132 1089 160 JESU
1111 131 1259 159 CHRISTI.

1669 131 1722 159 806

94 201 170 227 οὕτω
187 199 291 235 μεγάλη
308 197 381 233 χαρὰ
409 197 516 231 ἐγένετο
535 198 564 222 ὲν
593 196 633 230 τῷ
660 194 766 231 οὐρανῷ
791 193 838 220 καὶ
860 194 889 219 ὲν

946 192 1098 223 firmitates.
1117 193 1164 220 sed
1183 192 1265 219 etiam
1280 191 1378 218 animm
1389 194 1612 218 converterentur
1630 189 1663 216 ad
1684 190 1724 216 vi-

94 248 131 281 τῇ
152 247 186 280 γῇ
212 244 257 271 ἐπὶ
282 243 320 278 τῷ
347 242 489 279 παραδόξῳ
508 241 624 276 θαύματι.
646 241 696 275 τῆς
719 240 812 274 τιμίας
840 239 888 265 καὶ

941 242 995 264 tam
1009 243 1150 266 aeternam.

95 291 180 324 ἁγίας
199 290 300 321 εἰκόνος
318 289 364 315 τοῦ
380 289 483 324 Κυρίου
499 289 545 314 καὶ
559 288 684 322 Σωτῆρος
712 286 791 322 ἡμῶν
817 284 904 319 Ἰησοῦ
930 285 1047 320 Χριστοῦ
1075 285 1121 311 ἐπὶ
1142 286 1174 320 τῇ
1201 285 1277 311 πόλει
1304 284 1409 320 ταύτῃ·
1427 283 1457 310 οὺ
1484 283 1562 318 μόνον
1590 283 1724 318 σωμάτων

97 337 175 372 πάθη
194 336 325 370 ἰωμένων.
343 335 409 361 ἀλλὰ
426 335 472 361 καὶ
493 334 586 369 ψυχῶν
608 332 830 369 ἐπιστρεψάντων
849 333 889 363 εἰς
903 331 974 366 ζωὴν
991 331 1108 358 αἰώνιον.

134 381 162 410 8ζ
183 382 276 408 Ταῦτα
294 381 448 408 ἐσπούδασα
463 381 582 415 δηλῶσαι
597 382 629 415 τῇ
650 380 772 415 ὑμετέρᾳ
794 379 887 412 θεοφι-

96 428 162 464 λίᾳ,
190 425 212 454 ὢ
243 427 469 463 προσφιλέστατοι
494 427 602 460 ἀδελφοὶ
629 425 821 461 ἠγαπημένοι,
850 426 889 456 είς

96 474 233 508 ὠφέλειαν
247 474 294 500 καὶ
307 473 390 508 ἀκοὴν
407 472 461 499 τῶν
475 471 700 507 ἐντυγχανόντων,
717 471 765 496 τοῦ
780 478 828 504 στη
834 478 890 505 ριχ-

97 521 180 556 θῆναι
195 520 244 551 τὰς
259 520 347 554 ψυχὰς
364 519 440 554 ὑμῶν
457 518 511 544 ἀπὸ
525 518 572 544 τοῦ
590 516 719 553 πονηροῦ,
735 516 783 543 τοῦ
797 516 842 542 ἐπὶ
856 516 888 550 τῇ

97 565 204 592 πτώσει
230 565 308 600 ἡμῶν
335 564 484 600 χαίροντος,
502 564 550 590 καὶ
568 562 762 598 στερεωθῶμεν
786 562 832 588 ἐπὶ
854 562 888 596 τῇ

98 613 200 648 στερεᾷ
222 612 311 638 πίστει
333 611 382 646 τῆς
405 610 549 646 ὁμολογίας
567 609 614 635 τοῦ
639 608 767 645 Χριστοῦ.
794 607 889 642 Δῶμεν

96 656 147 684 οὖν
171 657 249 690 δόξαν
278 657 335 692 μετ’
353 655 522 692 εὐφροσύνης
540 657 569 682 ὲν
594 654 738 687 κατανύξει
763 653 888 688 καρδίας,

97 704 147 730 καὶ
168 703 353 738 εὐχαριστίας,
374 702 596 738 εὐχαριστοῦντες
617 699 691 735 αὑτῷ
713 701 744 726 ἐκ
768 698 889 734 καθαρᾶς

98 750 229 780 πίστεως,
247 747 294 774 τοῦ
312 747 458 782 φυλάσσειν
476 747 526 779 τὰς
547 746 657 777 ἐντολὰς
676 745 759 772 αὐτοῦ
783 745 830 771 καὶ
855 744 890 770 τὰ

98 795 272 830 δικαιώματα
298 793 378 820 αὑτοῦ
393 794 441 819 καὶ
463 793 513 827 τῆς
533 791 706 826 ἐπιγνώσεως
731 790 828 817 αὑτοῦι
846 790 888 816 ὅτι

99 842 176 884 r1332
190 842 287 877 πρέπει
302 842 318 876 ἡ
334 841 397 873 δόξα
411 840 458 867 καὶ
473 839 618 880 τὸέρόιὶος
631 840 659 864 ὲν
673 837 783 873 Χριστῷ
801 834 887 871 Ἰησοῦ

103 888 139 923 τῷ
154 882 249 923 Κυρίῳ
264 887 352 922 ἡμῶν,
381 886 439 921 μεθ’
463 882 494 913 οὗ
508 886 547 919 τῷ
563 884 661 920 Πατρὶ,
684 884 741 919 ἅμα
757 882 795 918 τῷ
819 882 890 918 ἁγίῳ

101 932 249 967 Πνεύματι,
263 931 325 964 δόξα
337 932 384 958 καὶ
398 933 414 967 ἡ
433 931 628 967 προσκύνησις,
644 930 692 957 νῦν
708 930 754 956 καὶ
768 929 822 959 ἀεὶ,
843 928 889 955 καὶ

100 980 141 1010 εἰς
158 979 219 1010 τοὺς
234 977 333 1009 αἰῶνας
349 977 403 1004 τῶν
418 977 532 1004 αἰώνων.
555 976 651 1011 Ἀμήν.

974 377 1001 404 8.
1024 377 1086 405 Hmc
1106 383 1203 405 vestrae
1219 378 1343 413 religioni
1365 377 1542 413 signiﬁcanda
1557 376 1639 408 duxi,
1656 375 1724 402 dile-

937 423 1052 451 ctissimi
1070 425 1280 458 charissimique
1297 425 1406 454 fratres,
1432 424 1464 450 ad
1490 423 1632 450 utilitatem
1646 427 1672 450 et
1682 422 1724 448 in-

939 470 1107 497 stitutionem
1126 471 1274 502 lectorum,
1298 475 1327 497 ut
1346 471 1442 497 anima:
1461 475 1558 497 vestrae
1583 471 1725 496 firmentur

940 515 1072 543 adversus
1098 517 1247 551 malignum
1270 517 1364 548 illum,
1384 516 1431 551 qui
1456 516 1488 542 de
1508 520 1602 543 nostra
1626 516 1725 550 gaudet

940 561 1031 595 ruina,
1046 565 1073 588 et
1091 560 1237 588 fulciamur
1254 562 1341 588 solida
1355 566 1431 597 petra
1445 561 1629 588 confessionis
1645 561 1726 587 Chri-

940 608 986 635 sti.
1002 607 1103 635 Demus
1120 615 1186 642 ergo
1204 608 1318 642 gloriam
1337 615 1399 635 cum
1420 608 1529 640 laetitia,
1548 608 1575 634 in
1590 615 1724 642 compun-

940 653 1030 680 ctione
1046 653 1147 686 cordis,
1160 661 1221 680 cum
1237 654 1386 688 gratiarum
1402 653 1510 680 actione
1522 661 1555 680 ex
1570 661 1636 687 pura
1651 653 1703 680 ﬁde
1715 662 1724 679 :

940 707 995 735 quo
1009 699 1135 726 mandata
1155 705 1182 726 et
1194 699 1404 734 justifieationes
1418 698 1478 734 ejus
1490 699 1677 730 observemus,
1693 706 1725 725 ac

941 746 969 773 in
985 746 1045 780 ejus
1056 746 1212 781 cognitione
1226 753 1430 780 perseveremus
1445 754 1451 772 :
1465 746 1529 780 quia
1545 745 1633 780 ipsum
1647 745 1726 772 decet

941 791 1027 826 gloria
1041 795 1068 818 et
1083 792 1224 826 imperium
1241 793 1268 819 in
1281 791 1391 819 Christo
1406 791 1471 820 Jesu
1487 791 1602 819 Domino
1619 794 1725 823 nostro,

945 838 991 864 cui
1013 845 1074 865 cum
1091 836 1183 870 Patre,
1202 845 1255 865 una
1271 845 1333 864 cum
1355 840 1449 865 sancto
1471 838 1584 873 Spiritu,
1600 838 1685 872 gloria
1699 842 1727 864 et

942 885 1076 918 adoratio,
1092 893 1165 913 nunc
1180 889 1208 914 et
1230 892 1337 919 semper
1352 889 1379 912 et
1395 883 1424 912 in
1437 885 1537 913 saecula
1551 885 1724 912 saeculorum.

942 931 1041 959 Amen.

655 1081 724 1108 ΤΟΥ
743 1082 787 1108 ΕΝ
807 1082 918 1108 ΑΓΙΟῘΣ
937 1080 1073 1107 ΠΛΤΡΟΣ
1085 1081 1184 1108 ΗΜοΝ

754 1153 1073 1199 ΑΘΑΝΑΣΙΟΥ

101 1241 173 1275 Περὶ
191 1240 246 1275 τῆς
261 1239 378 1272 εἰκόνος
397 1238 450 1265 τοῦ
465 1238 575 1272 Κιιρίου
589 1235 673 1272 ἡμῶν
684 1234 782 1271 Ἰησοῦ
794 1234 936 1270 Χριστοῦ,
956 1234 1010 1262 τοῦ
1024 1233 1186 1269 γενομένου
1208 1233 1356 1267 θαύματος
1378 1228 1415 1259 ἐν·
1439 1229 1557 1266 Βεριιτῷ
1573 1228 1610 1265 τῇ
1629 1231 1727 1257 πόλει,

616 1374 664 1417 S.
703 1373 755 1415 P.
786 1373 845 1416 N.
883 1369 1204 1415 ATHANASII

328 1472 366 1499 De
387 1471 500 1504 imagine
515 1469 620 1496 Domini
635 1469 720 1496 nostri
740 1467 806 1495 λεια
821 1466 932 1500 Christi,
947 1472 973 1494 c:
987 1465 1020 1494 de
1043 1465 1172 1492 miraculo
1187 1465 1255 1492 edito
1275 1465 1300 1491 tu
1318 1461 1380 1489 urbe
1396 1462 1504 1496 Euryto.

141 1591 165 1617 1.
201 1590 256 1625 (12)
287 1590 388 1626 Ἀρατε
423 1588 486 1620 τοὺς
513 1586 668 1622 ὀφθαλμοὺς
699 1585 748 1621 τῆς
774 1585 928 1619 διανοίαςο

106 1637 193 1673 ὑμῶν,
206 1637 252 1663 καὶ
270 1636 338 1662 ἴδετε
351 1636 382 1662 τὸ
395 1635 486 1662 καινὸν
498 1634 586 1669 θέαμα
602 1633 690 1667 τοῦτο,
703 1633 773 1669 ὅπερ
797 1633 892 1667 γέγονε

103 1684 163 1711 νῦν.
182 1682 349 1718 Ἐμὸλὲψατε
366 1682 405 1712 εἰς
420 1680 450 1706 τὸ
464 1679 577 1716 ἄπειρον
589 1679 681 1715 θαῦμα
692 1677 738 1706 τοῦ
752 1678 832 1711 Θεοῦ,
846 1679 894 1706 καὶ

104 1729 163 1755 δότε
178 1727 251 1763 αὐτῷ
267 1727 345 1760 δόξαν
361 1726 400 1761 τῷ
418 1726 487 1761 Θεῷ,
503 1726 689 1761 κατανοήσατε
705 1726 746 1757 εἰς
758 1726 807 1760 τὴν
821 1725 893 1760 ἄφα-

104 1783 149 1801 τον
163 1774 245 1801 αὑτοῦ
261 1772 474 1808 φιλανθρωπίαν,
492 1773 522 1799 τὸ
538 1772 651 1807 μέγεθος
661 1771 713 1806 τῆς
728 1771 810 1798 αὑτοῦ
822 1773 894 1798 obto-

105 1820 212 1855 νομίας,
231 1820 277 1846 καὶ
291 1819 387 1854 θρῆνον
405 1817 463 1853 μετ’
478 1817 646 1853 εὐφροσύνης
661 1816 818 1843 ἀναλάϐετε.
831 1816 893 1844 Ἐπὶ

108 1868 156 1902 μὲν
172 1865 239 1892 Θεοῦ
256 1865 329 1892 οὐδὲν
356 1863 438 1897 ξένον.
462 1864 493 1889 Ὀ
516 1863 571 1899 γὰρ
595 1862 662 1895 Θεὸς
677 1863 765 1899 ἡμῶν,
782 1863 830 1890 καὶ
850 1864 892 1899 ἐφ’

105 1912 200 1948 ἡμῶν,
237 1912 398 1946 ἐκπτήσεται
428 1910 503 1936 πᾶσα
533 1909 632 1944 καρδία
657 1908 711 1935 τῶν
729 1909 890 1937 ἀκουόντων.

107 1960 210 1989 Ὄντως
223 1957 318 1993 ἐξέστη
335 1956 349 1982 6
364 1955 476 1991 οὐρανὸς
493 1955 538 1980 ἐπὶ
552 1954 591 1989 τῷ
602 1954 795 1989 τετολμημένῳ
806 1955 893 1988 τούτῳ

106 2003 146 2039 τῷ
173 2003 304 2038 θεάματι·
330 2000 465 2036 ἐταράχθη
494 1999 574 2026 πάλιν
594 1999 721 2031 ἄϐυσσος,
744 2000 790 2026 καὶ
818 1999 892 2035 ἥλιος

106 2049 260 2084 ἐσκοτίσθη,
276 2048 322 2075 καὶ
345 2048 369 2073 at
392 2047 513 2081 ἀστέρες,
532 2045 579 2072 καὶ
591 2047 608 2081 ὴ
621 2044 719 2081 σελήνη
732 2045 831 2080 ὁμοίως
846 2046 892 2072 ἐπὶ

103 2096 144 2132 τῷ
153 2095 285 2130 γεγονότι,
309 2092 388 2120 Ἀλλὰ
406 2092 489 2118 πάλιν
508 2091 703 2127 ηὑφράνθησαν
729 2091 776 2117 ἐπὶ
801 2092 833 2126 τῇ
854 2092 892 2117 ol—

105 2142 221 2178 κονομία
242 2142 275 2177 τῇ
300 2139 433 2175 γενομένῃ
459 2138 511 2164 ὑπὸ
528 2137 629 2172 Κυρίου
652 2138 738 2163 πᾶσαι
763 2136 817 2163 τῶν
846 2136 892 2163 οὺ-

106 2189 194 2226 ρανῶν
217 2188 356 2222 δυνάμεις.
378 2183 523 2211 Ἀκούσατε
548 2182 606 2215 οὖν,
634 2182 758 2217 ἀδελφοὶ,
780 2182 826 2209 καὶ
848 2182 893 2208 ἕκ-

107 2243 203 2270 στητε,
284 2232 380 2267 γέγονε
407 2231 466 2261 ταῖς
493 2228 608 2264 ἡμέραις
636 2228 716 2264 ἡμῶν
755 2227 892 2259 συνιέντες

979 1586 1006 1614 1.
1021 1584 1124 1620 Erigite
1138 1582 1234 1611 oculos
1247 1580 1346 1609 mentis
1359 1584 1466 1612 vestrae,
1483 1585 1515 1606 ac
1528 1577 1617 1605 videte
1628 1584 1727 1605 novum

944 1631 995 1660 hoc
1009 1629 1208 1667 Spectaculum,
1224 1627 1297 1664 quod
1321 1626 1424 1654 factum
1447 1627 1500 1653 est.
1523 1623 1660 1659 Respicite
1678 1623 1729 1650 im-

943 1684 1067 1705 mensum
1083 1675 1130 1703 Dei
1145 1673 1317 1705 miraculum,
1330 1675 1357 1700 et
1375 1671 1437 1699 date
1454 1669 1567 1705 gloriam
1584 1669 1649 1699 Deo.
1668 1669 1729 1703 ejus

942 1724 1105 1753 ineﬂahilem
1129 1724 1284 1757 spectantes
1306 1717 1480 1746 clementiam
1506 1723 1571 1752 erga
1591 1715 1727 1746 homines,

942 1775 969 1800 et
984 1778 1109 1806 magnam
1125 1768 1184 1804 ejus
1204 1765 1401 1804 providentiam
1417 1773 1425 1792 :
1440 1763 1588 1790 lamentum
1603 1769 1664 1788 cum
1685 1761 1729 1788 la:-

943 1817 1002 1845 titia
1019 1817 1159 1844 assumite.
1176 1814 1249 1842 Nihil
1268 1813 1296 1841 in
1314 1811 1369 1840 Deo
1385 1809 1509 1838 mirabile
1532 1817 1540 1837 :
1565 1808 1635 1836 Deus
1656 1807 1729 1834 enim

943 1870 1037 1891 noster
1052 1867 1104 1891 est.
1120 1862 1157 1888 Ac
1175 1863 1309 1896 quotquot
1333 1866 1390 1886 rem
1416 1858 1496 1884 istam
1519 1855 1589 1891 apud
1608 1863 1659 1882 nos
1683 1862 1727 1889 ge-

943 1915 1012 1938 stam
1028 1908 1147 1937 audituri
1162 1911 1227 1935 sunt
1239 1906 1322 1934 corde
1336 1904 1442 1932 attoniti
1459 1905 1550 1930 erunt.
1564 1901 1667 1929 Revera
1680 1900 1731 1928 oh-

943 1957 1048 1991 stupuit
1064 1955 1163 1983 emlum
1184 1953 1218 1981 ad
1233 1953 1285 1980 hoc
1297 1952 1363 1979 tanti
1377 1950 1508 1978 facinoris
1524 1947 1728 1983 spectaculum:

942 2003 1052 2028 turbata
1082 2007 1191 2027 rursum
1218 2002 1261 2026 est
1282 1997 1407 2032 abyssus,
1427 1995 1469 2022 sol
1492 1994 1657 2022 obscuratus
1673 1995 1728 2022 est,

941 2053 1049 2074 necnon
1064 2049 1137 2072 astra
1152 2048 1179 2071 et
1195 2044 1259 2070 luna
1274 2041 1400 2069 similiter
1414 2039 1449 2067 ob
1462 2037 1597 2074 ejusmodi
1613 2037 1728 2064 facinus.

942 2092 976 2118 At
994 2098 1104 2118 rursum
1119 2091 1214 2117 ltetataa
1229 2092 1293 2115 sunt
1307 2087 1343 2114 ob
1366 2086 1439 2112 illam
1459 2084 1567 2112 Domini
1585 2082 1731 2117 providen-

942 2135 1007 2161 tiam
1021 2134 1136 2161 virtutes
1148 2133 1288 2159 etelorum.
1305 2129 1405 2156 Audite
1424 2134 1498 2162 ergo,
1514 2126 1622 2156 fratres,
1640 2129 1667 2151 et
1682 2124 1730 2150 ob-

943 2180 1100 2215 stupescite,
1112 2176 1289 2212 intelligentia
1301 2171 1522 2209 comprehendite
1536 2170 1609 2205 quod
1623 2173 1730 2204 gestum

942 2230 983 2254 est
999 2227 1026 2252 in
1039 2225 1135 2252 diebus
1153 2222 1266 2256 nostris,
1280 2227 1374 2248 aurem
1390 2219 1480 2247 cordis
1491 2216 1573 2245 vestri
1588 2215 1729 2246 inclinate,

108 2267 222 2312 συνίετε,
235 2279 282 2306 καὶ
298 2279 329 2305 τὸ
345 2275 391 2309 οὖς
415 2276 490 2312 ὑμῶν
506 2275 613 2303 κλίνατε
636 2275 686 2310 τῆς
707 2275 831 2310 καρδίας,
846 2274 893 2300 καὶ
909 2267 929 2294 Β
944 2277 970 2299 et
986 2271 1088 2298 audite.

107 2327 252 2355 ἀκούσατε.

142 2374 169 2400 2.
196 2373 276 2404 Πόλις
297 2371 354 2398 ἐστὶ
379 2369 498 2405 Βηρυτὸς
527 2367 680 2402 καλουμένη
703 2367 732 2392 ἐν
758 2363 893 2400 μεθορίοις

108 2420 195 2456 Τύρου
222 2419 269 2444 καὶ
303 2416 430 2447 Σιδῶνος,
454 2413 567 2441 τελοῦσα
591 2412 620 2438 δὲ
646 2409 820 2444 ’Λντιοχείαφ
849 2409 893 2435 Ἐν

107 2454 192 2501 ταυτῃ
207 2463 252 2491 οὖν
274 2464 307 2498 τῇ
332 2462 407 2489 πόλει
425 2461 458 2496 τῇ
482 2457 596 2495 Βηρυτῷ
619 2456 708 2492 πλήθη
732 2454 818 2481 πολλά
840 2455 893 2480 εἰσι

108 2512 162 2538 τῶν
179 2499 327 2537 ’διουδαίωκμ
350 2507 467 2542 Πλησίον
491 2505 519 2530 δὲ
544 2503 594 2538 τῆς
617 2499 777 2535 συναγωγῆς
794 2499 894 2530 αὐτῶν,

111 2557 231 2594 μεγάλης
244 2555 326 2589 οὖσης
342 2553 453 2588 σφόδρα,
470 2549 630 2586 Χριστιανὸς
650 2546 729 2574 ἔλαϐε
750 2545 854 2572 κελλίον
867 2546 896 2571 ἐν

109 2602 186 2636 οἱκίῳ
218 2600 294 2636 παρά
317 2606 407 2629 τινος·
437 2592 501 2629 ὲνῷ
533 2592 666 2620 κατοικῶν
692 2590 821 2625 ἄντικρυς
849 2588 895 2615 τοῦ

109 2634 329 2679 ἁκουϐίτουμὸ)
355 2641 452 2671 αὐτῶν,
468 2639 595 2675 ἐποίησεν
611 2637 703 2664 εἰκόνα
727 2635 773 2662 τοῦ
793 2634 896 2669 Κυρίου

110 2693 188 2729 ἡμῶν
207 2691 293 2728 Ἰησοῦ
312 2687 440 2726 Χριστοῦ,
457 2685 562 2722 σεμνῶς
579 2681 812 2719 ἐζωγραφημένην
826 2680 894 2715 (Μ),

111 2725 252 2767 δλόστατον
279 2737 392 2772 ἔχουσαν
421 2733 469 2769 τὴν
498 2731 589 2758 εἰκόνα
614 2729 661 2756 τοῦ
689 2728 790 2763 Κυρίου
816 2725 895 2762 ἡμῶν

147 2809 203 2846 (12)
217 2808 257 2846 Ex
269 2815 326 2846 ms:
338 2805 460 2846 Palatino
476 2801 671 2846 vetustissimo;

218 2829 515 2877 ἔξει,
532 2835 671 2877 στρωμναὶ
689 2832 813 2877 μεγαλαι.
833 2829 896 2877 'Ilri-

115 2866 495 2909 cli‘n-i‘illtu.ubi-sternebantur
507 2866 572 2900 lecti.
583 2866 632 2906 pro
643 2866 720 2896 omna
735 2873 760 2895 et
772 2866 895 2901 prandio.

979 2361 1007 2388 2.
1026 2360 1097 2388 Urbs
1114 2362 1157 2387 est
1170 2358 1284 2393 Berytus
1310 2355 1422 2382 nomine
1444 2354 1471 2381 in
1492 2351 1610 2380 confinio
1625 2349 1687 2385 Tyri
1704 2353 1731 2376 et

946 2407 1067 2438 Sidonis,
1087 2403 1237 2431 Antiochiae
1252 2400 1412 2436 vectigalis;
1437 2399 1464 2426 in
1479 2405 1532 2433 qua
1547 2397 1613 2424 urbe
1633 2395 1732 2430 Beryto

946 2460 1044 2488 magna
1062 2450 1208 2478 multitudo
1234 2450 1324 2476 exstat
1344 2445 1511 2473 Judmorum.
1530 2442 1617 2476 Prope
1641 2444 1730 2467 autem

946 2506 1110 2536 synagogam
1125 2503 1232 2527 eorum,
1247 2502 1306 2529 qua;-
1322 2492 1467 2520 admodum
1480 2489 1568 2523 ampla
1585 2493 1637 2519 est,
1652 2486 1733 2514 Chri-

947 2533 1053 2574 stianus
1068 2551 1084 2570 a
1099 2542 1217 2578 quodam
1233 2541 1359 2568 cellulam
1382 2536 1486 2571 accepit
1509 2535 1537 2562 in
1557 2535 1637 2562 domo
1650 2533 1710 2566 ejus
1724 2541 1731 2558 :

947 2598 1008 2619 cum
1025 2593 1114 2617 autem
1130 2587 1167 2615 ibi
1184 2589 1337 2614 moraretur
1356 2592 1371 2611 e
1396 2584 1507 2617 regione
1530 2580 1671 2607 accubitus
1686 2585 1733 2605 eo-

949 2644 1019 2667 rum,
1047 2634 1193 2670 imaginem
1212 2633 1275 2660 fecit
1304 2629 1412 2657 Domini
1440 2627 1526 2655 nostri
1550 2626 1615 2654 Jesu
1629 2623 1732 2652 Christi

948 2683 1062 2719 pulchre
1087 2681 1266 2711 elaboratam,
1285 2685 1345 2713 quae
1358 2679 1491 2704 staturam
1519 2671 1626 2700 Domini
1645 2670 1732 2697 nostri

948 2716 1012 2756 :Iesu
1033 2725 1136 2754 Christi
1160 2730 1242 2752 totam
1267 2720 1488 2758 repraasentabat.
1516 2717 1624 2745 Modico
1639 2716 1733 2750 elapso

985 2794 1040 2825 (Ml
1059 2793 1086 2820 Ιιι
1100 2792 1204 2819 Concil.
1220 2791 1280 2818 Nic.
1300 2798 1329 2822 ιι,
1348 2798 1374 2824 p.
1391 2788 1453 2818 '238,
1470 2786 1578 2822 legitur,
1592 2785 1620 2811 ὲν
1644 2782 1733 2810 σανίσι

952 2831 1000 2866 μὲν
1016 2828 1049 2865 ἦν
1065 2827 1294 2863 ἐζωγραςςημένη.
