1940 3068
211 134 268 162 807

802 129 831 157 S.
852 128 1084 157 ATIIANASIL'S.
1103 144 1137 149 —
1158 129 1269 156 DL’BIA.

1787 129 1847 158 808

210 197 343 226 tempore.
365 189 537 217 Christianus
564 188 610 214 ille
632 187 722 221 majus
753 187 806 214 sibi
831 186 999 214 domicilium

1059 184 1145 220 Ἰησοῦ
1165 184 1294 220 Χριστοῦ.
1317 184 1420 220 Χρόνου
1444 184 1473 211 δὲ
1495 183 1586 218 ὀλίγου
1605 183 1764 217 διελθόντος,
1791 187 1848 213 ἐττ-

210 238 383 274 perquisivit,
399 245 453 272 quo
476 244 545 272 opus
567 236 685 263 habebat
704 245 710 262 :
726 235 799 270 quod
815 234 921 262 Domini
948 241 998 261 no-

210 285 260 312 stri
277 285 364 317 gratia
382 283 569 318 dispensatum
585 285 636 312 est,
655 287 684 307 ut
700 283 808 316 opinor,
828 280 876 315 qui
895 279 999 307 scilicet

210 331 269 358 vult
282 337 378 357 omnes
402 328 527 355 homines
540 326 630 354 salvos
645 326 716 357 fieri,
733 329 761 353 et
775 325 809 352 ad
831 325 998 360 agnitionem

209 375 333 403 veritatis
355 375 459 406 venire,
478 373 652 408 ostenditque
669 372 805 399 mirabilia
830 378 880 398 sua
901 371 936 398 iis
952 371 998 406 qui

210 421 327 448 credunt
338 421 366 447 in
376 428 450 450 eum.
464 420 497 447 ad
509 419 725 447 confutationem
738 419 883 453 impiorum
896 421 924 445 et
938 417 1000 445 fide-

209 467 276 494 lium
294 467 540 494 confirmationem.
559 465 714 500 lnqttirebat
731 465 813 499 igitur
827 463 998 492 Christianus

210 514 266 544 ille,
283 513 324 539 uti
337 520 420 548 supra
435 512 502 544 dixi.
516 512 676 547 ampliorem
693 511 820 544 domum;
834 515 861 538 et
877 518 939 538 cum
954 511 998 537 in-

208 558 330 585 venisset
353 558 381 585 in
408 559 486 590 urbe,
513 557 594 584 istinc
622 557 715 584 omnia
742 564 792 583 sua
821 564 882 583 cum
900 556 999 591 gaudio

209 605 372 640 asportavit,
388 606 483 632 relicta
496 613 527 632 ex
547 604 594 632 Dei
616 604 787 640 providentia
803 604 908 631 Domini
930 604 999 631 ima-

208 652 282 687 gine,
302 656 332 679 ut
346 652 402 686 jam
417 653 484 679 dixi.

244 740 325 776 293
341 741 367 767 5.
388 739 500 768 Iudaeus
519 748 602 776 porro
619 741 728 776 quidam
749 742 855 776 accepit
869 742 896 768 in
910 741 999 769 domi-

209 788 302 815 cilium
317 787 428 814 domum
444 787 531 819 illam,
549 787 576 814 in
588 795 642 822 qua
658 788 749 815 stabat
770 788 859 823 imago
875 787 997 816 Domini:

209 841 328 868 cumque
342 834 433 860 omnia
455 841 504 861 sua
541 834 632 861 isthuc
653 834 800 866 intulisset,
827 835 853 861 in
871 842 902 862 ea
919 835 1000 862 domo

176 886 178 890 '
210 881 382 912 morabatur,
402 888 456 907 non
487 880 632 908 advertens
661 881 805 916 imaginem
835 880 940 908 Domini
964 882 1000 909 ibi

209 929 293 952 stare.
317 924 410 959 Neque
424 925 497 951 enim
519 924 553 951 de
567 924 627 951 loco
649 925 696 952 illo
723 926 865 960 cogitarat.
889 925 936 953 sed
960 926 1000 952 in-

209 979 322 1006 gressus
334 971 444 997 domum
460 971 487 997 in
500 978 531 997 ea
546 970 682 997 manebat.
694 970 816 1003 Quadam
825 979 890 998 vero
901 971 944 999 die
959 972 1000 998 in-

209 1019 305 1045 vitavit
319 1017 430 1045 Judteus
443 1018 488 1045 ille
507 1018 690 1045 contribulem
706 1019 850 1053 quemdam
867 1026 946 1046 suum
967 1019 999 1046 ad

209 1063 367 1098 prandium.
395 1063 463 1089 Dum
485 1063 650 1098 pranderent
673 1068 775 1095 autem,
791 1063 869 1091 elatis
890 1063 1001 1092 Judqu

209 1109 244 1136 ad
259 1109 403 1144 prandium
417 1108 547 1135 imitatus
555 1109 642 1136 oculis
658 1109 691 1135 ad
707 1109 852 1144 imaginem
865 1110 1000 1144 crucifixi,

209 1155 312 1182 multas
330 1162 363 1182 ex
385 1162 439 1189 quo
466 1154 582 1182 advertit
608 1154 682 1181 illam
699 1157 726 1181 et
745 1154 878 1182 nefandas
908 1155 1000 1182 intulit

210 1202 251 1229 illi
271 1201 462 1232 contumelias,
478 1208 548 1235 quas
565 1208 620 1227 non
643 1200 730 1227 ausim
747 1200 868 1228 scribere
879 1221 886 1233 ,
903 1201 973 1228 absit
986 1209 1002 1228 a

213 1247 273 1274 mel
290 1254 358 1282 quas
371 1250 464 1272 tamen
480 1246 524 1272 ille
545 1245 695 1274 sceleratus
708 1243 818 1272 Iudaeus
833 1249 928 1272 contra
945 1245 1002 1272 Sal-

210 1298 333 1320 vatorem
362 1295 488 1318 nostrum
516 1291 650 1326 protulit,
679 1291 774 1318 videns
797 1291 870 1318 illam
894 1291 1001 1319 Domini

211 1338 368 1373 imaginem.
385 1337 495 1364 Judaeus
511 1341 600 1364 autem
615 1337 661 1372 qui
675 1337 815 1370 invitarat,
833 1338 999 1370 afﬁrmabat.

211 1385 312 1420 aliique
335 1384 429 1412 Judazo
456 1384 578 1416 diccbat,
604 1391 633 1411 se
661 1384 782 1411 nondum
807 1383 880 1411 illam
898 1385 1002 1412 vidisse

212 1431 369 1466 imaginem.
387 1430 522 1465 Siluitque
536 1430 559 1457 is
569 1430 615 1464 qui
634 1429 721 1457 fuerat
736 1430 886 1457 invitatus:
904 1430 1000 1458 absce-

211 1477 280 1505 dens
303 1482 395 1504 autem
419 1476 486 1503 adiit
513 1475 691 1507 sacerdotes,
715 1475 895 1510 Judzeumque
925 1476 1001 1503 illum

212 1523 352 1550 accusavit
375 1522 418 1550 his
439 1521 530 1549 verbis
549 1531 555 1548 :
573 1520 660 1548 Homo
680 1521 724 1548 ille
739 1521 821 1548 habet
835 1521 909 1548 domi
934 1522 1002 1549 ima-
1015 1539 1036 1567 ο

211 1568 301 1603 ginem
310 1567 430 1596 Νεωτωὶ
440 1575 447 1600 ;
457 1567 515 1601 qui,
524 1566 567 1594 his
582 1567 692 1598 auditis,
703 1574 802 1602 magno
812 1567 902 1595 furore
914 1568 1003 1603 reple-

213 1614 232 1639 ti
246 1617 321 1643 suut.
338 1620 370 1640 co
381 1617 471 1639 tamen
489 1619 601 1646 vespere
615 1612 790 1647 quieverunt.

247 1659 275 1686 4.
295 1659 408 1686 lneunte
426 1659 488 1686 luce
502 1662 645 1693 sequente,
659 1664 802 1694 assumpto
818 1666 911 1686 secum
927 1659 1000 1695 prin-

213 1705 290 1740 cipes
306 1705 480 1733 sacerdotum
501 1704 595 1732 τιυάωο
608 1705 653 1740 qui
674 1705 758 1732 alium
773 1709 927 1738 accusarat,
940 1713 1003 1732 cum

213 1759 312 1787 magna
337 1751 430 1787 populi
452 1751 495 1779 sui
518 1751 688 1786 frequentia,
709 1751 820 1778 domum
851 1751 1004 1779 concedunt

213 1798 310 1831 Judai,
322 1799 349 1825 in
362 1805 416 1833 qua
431 1798 519 1825 stabat
535 1799 624 1833 imago
642 1798 768 1825 Domini:
784 1805 847 1824 cum
863 1797 1004 1832 pervenis-

216 1848 278 1870 sent
292 1844 325 1871 ad
344 1844 446 1877 10cum,
459 1843 582 1872 insiliere
596 1844 732 1879 principes
743 1843 915 1871 sacerdotum
927 1848 1005 1870 etse-

214 1890 308 1916 niores
323 1896 384 1915 cum
399 1897 431 1916 eo
446 1889 493 1924 qui
514 1897 571 1916 rem
591 1889 738 1921 indicarat,
753 1889 853 1923 illoque
867 1896 1005 1916 common-

215 1939 321 1963 strante
340 1935 485 1970 imaginem
501 1935 607 1962 Domini
633 1939 751 1963 stantem
774 1935 910 1963 viderunt.
935 1934 1004 1962 Tum

215 1983 309 2010 furore
335 1989 433 2016 magno
449 1982 554 2017 repleti,
580 1981 705 2009 Judamm
729 1982 756 2009 in
772 1982 853 2009 domo
869 1982 914 2009 illa
929 1989 1004 2009 com-

217 2031 369 2054 morantem
395 2035 532 2062 synagoga
556 2027 708 2062 ejeceruut.
737 2026 885 2062 Imaginem
914 2033 1004 2054 autem

217 2073 323 2100 Domini
340 2074 426 2100 nostri
441 2071 505 2100 Jesu
518 2073 620 2100 Christi
638 2080 699 2100 cum
714 2073 898 2105 demisissent,
913 2081 1005 2100 secum

217 2121 255 2147 ita
273 2120 356 2147 locuti
378 2124 442 2147 Sunt
457 2129 463 2148 :
481 2120 714 2153 Quemadmodum
732 2124 824 2154 patres
843 2119 930 2146 nostri
945 2119 1006 2146 illu-

217 2171 315 2195 serunt
333 2167 383 2202 ipsi
405 2167 453 2201 (ita
468 2170 495 2194 ct
509 2174 559 2194 nos
572 2167 597 2194 ei
620 2166 793 2202 illudamus).
811 2165 880 2193 Tum
897 2173 1007 2201 capere

1049 231 1165 267 εξήτησε
1181 229 1254 257 οἶκον
1271 229 1382 265 μείζονα
1395 230 1450 265 (15)
1466 231 1480 256 ὸ
1495 229 1656 265 Χριστιανὸς
1668 230 1706 262 ὡς
1719 231 1846 266 χρῄζων.

1049 276 1134 303 Τοῦτο
1149 276 1178 302 δὲ
1192 277 1209 311 ἡ
1222 275 1268 302 τοῦ
1283 276 1387 311 Κυρίου
1403 275 1482 310 ἡμῶν
1501 275 1588 310 Ἰησοῦ
1605 276 1723 310 Χριστοῦ
1740 277 1848 312 ᾠκονὸ-

1050 331 1120 357 μησε
1135 322 1224 358 χάρις,
1241 322 1279 354 ὦς
1293 331 1323 356 γε
1341 321 1396 356 ἐγὼ
1410 321 1550 357 πείθομαι,
1564 322 1610 348 τοῦ
1628 322 1750 352 θέλοντος
1771 324 1847 350 πάν-

1047 376 1097 399 τας
1108 367 1268 403 ἀνθρώπους
1290 367 1419 402 σωθῆναι,
1435 368 1482 394 καὶ
1497 368 1537 399 εἰς
1553 368 1699 401 ἐπίγνωσιν
1712 369 1847 404 ἀληθείας

1048 413 1146 442 ἐλθεῖν,
1160 412 1288 439 δεικνύων
1302 411 1337 438 τὰ
1352 411 1492 446 θαυμάσια
1504 411 1586 438 αὐτοῦ
1598 413 1654 443 τοῖς
1669 412 1847 440 πιστεύουσιν

1049 459 1088 490 εἰς
1105 458 1184 485 αὐτὸν
1196 458 1236 489 εἰς
1252 457 1362 492 ἔλεγχον
1377 457 1430 484 τῶν
1444 457 1559 490 ἀσεϐῶν,
1578 458 1728 492 στηριγμὸν
1740 458 1768 484 δὲ
1787 458 1846 484 τῶν

1049 504 1163 532 πιστῶν.
1183 504 1289 540 Ἐζήτει
1305 502 1350 530 οὖν
1365 505 1379 530 ό
1394 505 1564 539 Χριστιανὸς,
1581 505 1618 536 ὡς
1633 505 1712 540 ἔφην,
1728 506 1845 540 μείζονα

1049 548 1134 582 οἷκον,
1147 550 1193 577 καὶ
1206 549 1293 585 εὑρών
1307 558 1334 576 τι
1348 550 1402 577 ἀπὸ
1413 550 1463 585 τῆς
1478 551 1592 582 πόλεως,
1606 551 1724 586 μετῆρεν
1738 551 1843 583 ἐκεῖσε,

1049 596 1095 623 καὶ
1114 596 1184 631 μετὰ
1207 596 1295 631 χαρᾶς
1318 596 1406 622 πάντα
1423 595 1458 622 τὰ
1478 596 1571 627 αὑτοῦ,
1596 597 1642 628 καὶ
1668 597 1844 624 καταλείπων

1049 641 1079 674 ἐξ
1104 641 1258 676 οἰκονομίας
1279 641 1358 673 θεοῦ,
1375 641 1424 676 τὴν
1441 641 1532 668 εἰκόνα
1549 641 1595 668 τοῦ
1619 642 1721 677 Κυρίου
1737 643 1843 678 ἀφῆκε,

1049 687 1119 714 καθὰ
1135 687 1214 722 ἔφην.

1084 735 1110 762 5.
1128 735 1253 766 Ἰουδαῖος
1261 733 1290 760 δέ
1306 742 1348 766 τις
1357 733 1451 760 ἔλαΰεν
1465 734 1572 769 ἐνοικίῳ
1585 732 1712 761 τόνοῖκον
1725 735 1842 766 ἐκεῖνον,

1049 780 1114 807 ἔνθα
1126 781 1142 813 ὴ
1154 779 1236 806 εἰκὼν
1246 779 1292 806 τοῦ
1302 780 1405 816 Κυρίου
1418 780 1522 806 ἵστατο.
1537 780 1696 814 Εἰσαγαγὼν
1711 780 1739 806 δὲ
1751 781 1844 807 πάντα

1049 827 1084 852 τὰ
1102 826 1183 852 αὑτοῦ
1195 826 1344 861 κατέμενεν
1360 827 1390 852 ὲν
1401 825 1478 861 οἴκῳ,
1497 826 1535 861 μὴ
1550 825 1690 861 θεωρήσας
1704 827 1754 862 τὴν
1766 827 1841 853 εἰκό-

1051 881 1084 899 να
1093 872 1138 899 τοῦ
1152 873 1267 908 Κυρίου,
1282 873 1324 898 ὅτι
1339 872 1432 898 ἵστατο
1447 873 1514 898 ἐκεῖ.
1535 872 1602 899 Οὐδὲ
1617 873 1672 908 γὰρ
1687 873 1781 908 ἐνόησε
1795 873 1843 899 τὸν

1050 919 1133 945 τόπον
1146 919 1261 950 ἐκεῖνον,
1286 918 1343 945 ἀλλ’
1357 917 1483 945 εἰσελθὼν
1501 921 1659 954 κατέμενεν.
1684 920 1726 946 Ἐν
1741 921 1790 956 μιᾷ
1813 921 1843 947 δὲ

1051 966 1104 993 τῶν
1118 966 1229 1002 ἡμερῶν
1245 966 1374 992 ἐκάλεσεν
1391 965 1406 991 ό
1418 967 1498 998 αὐτὸς
1513 966 1638 997 Ἰουδαῖος
1653 966 1776 993 σύνεθνον
1791 967 1842 993 αύ-

1051 1013 1098 1039 τοῦ
1114 1013 1160 1038 ἐπὶ
1177 1013 1296 1047 ἄριστον.
1313 1013 1369 1039 Καὶ
1389 1014 1417 1040 ἐν
1433 1012 1472 1047 τῷ
1485 1013 1599 1048 ἁριστᾷν
1611 1013 1719 1044 αὐτοὺς,
1734 1006 1843 1048 ἐπαρεῖς

1051 1060 1114 1090 τοὺς
1130 1058 1285 1094 ὀφθαλμοὺς
1298 1058 1380 1085 αὐτοῦ
1397 1060 1411 1085 ὁ
1423 1059 1533 1094 κληθεὶς
1543 1058 1669 1090 Ἰουδαῖος
1683 1059 1722 1089 εἰς
1739 1058 1789 1094 τὴν
1802 1060 1843 1085 εί-

1051 1105 1117 1132 κόνα
1135 1105 1181 1131 τοῦ
1199 1104 1417 1140 ἐσταυρωμένον,
1432 1105 1489 1131 ἐκεῖ
1506 1104 1597 1140 ὖὸρεις
1615 1104 1775 1140 παμπόλλας
1795 1105 1844 1131 καὶ

1051 1150 1207 1186 ἀθεμίτους,
1231 1151 1277 1185 ἀφ’
1292 1148 1325 1186 ἦς
1341 1150 1416 1186 ὥρας
1445 1148 1499 1177 εἶδε
1517 1150 1565 1185 τὴν
1589 1150 1679 1177 εἰκόνα
1695 1150 1741 1177 τοῦ
1762 1150 1842 1181 Θεοῦ,

1052 1197 1112 1224 κατ’
1128 1197 1213 1232 αὐτῆς
1230 1194 1301 1227 εἷπε.
1319 1196 1352 1228 ἃς
1373 1197 1403 1222 οὐ
1417 1196 1520 1231 τολμῶ,
1534 1196 1571 1232 μὴ
1585 1197 1706 1230 γένοιτοί
1725 1196 1842 1231 γράψαι,

1052 1243 1142 1278 ἇσπερ
1159 1241 1235 1269 εἶπεν
1251 1242 1321 1269 κατὰ
1339 1242 1385 1269 τοῦ
1403 1242 1529 1278 Σωτῆρος
1555 1242 1633 1277 ἡμῶν
1647 1243 1661 1269 ὁ
1685 1243 1844 1278 παράνομος

1059 1290 1194 1321 Ἰουδαῖος.
1212 1289 1273 1316 ἰδὼν
1287 1289 1335 1325 τὴν
1350 1289 1442 1316 εἰκόνα
1468 1289 1514 1316 τοῦ
1537 1289 1650 1324 Κυρίου,
1673 1289 1844 1324 Ἐπληροφό-

1054 1344 1120 1372 ρησε
1135 1335 1163 1362 δὲ
1178 1337 1260 1368 αὐτὸς
1274 1335 1319 1362 τὸν
1331 1335 1466 1370 κληθέντα
1484 1336 1608 1363 Ἰουδαῖον
1622 1336 1718 1371 λέγων,
1732 1336 1772 1362 ὅτι
1786 1337 1844 1363 Μέ-

1052 1389 1098 1417 χρι
1111 1381 1159 1408 τοῦ
1177 1382 1310 1417 παρόντος
1327 1383 1377 1408 οὐκ
1393 1379 1461 1408 εἶδον
1481 1382 1529 1418 τὴν
1543 1383 1634 1409 εἰκόνα
1658 1383 1759 1418 ταύτην
1787 1383 1844 1409 Καὶ

1053 1427 1206 1462 ἐσιώπησεν
1225 1429 1239 1454 ὁ
1255 1427 1375 1463 κληθείς.
1395 1428 1531 1455 Ἀπελθὼν
1546 1428 1574 1455 δὲ
1590 1429 1657 1464 πρὸς
1674 1429 1738 1460 τοὺς
1750 1429 1844 1465 ἀρχιε-

1055 1475 1120 1509 ρεῖς,
1135 1474 1271 1500 διαϐάλλει
1289 1475 1333 1501 τὸν
1352 1474 1476 1501 Ἰουδαῖον
1499 1475 1589 1501 τὸν-ἐκ
1608 1474 1648 1510 τῷ
1662 1475 1727 1510 οἴκῳ
1743 1475 1843 1509 λέγων,

1053 1522 1093 1548 ὅτι
1121 1521 1149 1548 '0
1164 1522 1236 1548 δεῖνα
1262 1521 1354 1548 εῑκόνα
1373 1521 1430 1556 ἔχει
1446 1521 1493 1548 τοῦ
1507 1521 1668 1557 Ναζωραίου
1683 1522 1712 1548 ἐν
1723 1521 1760 1557 τῷ
1776 1521 1845 1556 οἴκῳ

1053 1567 1146 1594 αὐτοῦ.
1160 1568 1192 1594 Οἱ
1203 1567 1231 1594 δὲ
1246 1567 1410 1599 ἀκούσαντες
1423 1567 1595 1602 ἐπλήσθησαν
1610 1567 1695 1603 θυμοῦ
1714 1567 1845 1603 μεγάλου,

1053 1614 1100 1640 καὶ
1112 1613 1161 1649 τὴν
1175 1614 1292 1649 ἑσπέραν
1307 1613 1413 1649 ἐκείνην
1428 1613 1577 1649 ἡσύχασαν.

1089 1660 1115 1686 4.
1134 1661 1242 1696 Πρωῒας
1257 1660 1285 1687 δὲ
1300 1660 1351 1695 ἤδη
1367 1660 1525 1695 γενομένης,
1542 1660 1803 1696 παραλαμϐάνουσιν
1818 1660 1844 1686 οι

1054 1707 1193 1742 ἀρχιερεῖς
1214 1706 1294 1732 αὑτὸν
1323 1706 1368 1733 τὸν
1397 1705 1573 1733 διαὸἀλλοντα
1587 1706 1632 1732 τὸν
1656 1706 1781 1734 Ἰουδαῖον
1797 1707 1846 1733 καὶ

1054 1751 1131 1786 ὅχλον
1149 1751 1244 1778 πολλὸν
1264 1749 1356 1782 ἔθνους
1378 1751 1477 1782 αὐτῶν,
1504 1751 1551 1777 καὶ
1573 1751 1738 1786 ἀπέρχονται
1758 1752 1786 1778 ἐν
1805 1751 1845 1787 τῷ

1055 1799 1122 1833 οἴκῳ
1137 1798 1184 1825 τοῦ
1203 1798 1343 1830 Ἰουδαίου,
1360 1798 1424 1825 ἔνθα
1439 1800 1455 1834 ὴ
1472 1799 1553 1826 εἰκὼν
1566 1799 1612 1826 τοῦ
1629 1800 1731 1835 Κυρίου
1741 1800 1844 1826 ἵστατο.

1056 1844 1197 1879 Γενόμενοι
1221 1844 1266 1870 ἐπὶ
1283 1844 1329 1870 τοῦ
1347 1844 1440 1877 τόπου,
1465 1845 1647 1881 εἰσεπήδησαν
1668 1847 1691 1872 οὶ
1707 1846 1845 1882 ἀρχιερεῖς

1057 1889 1102 1916 καὶ
1118 1890 1141 1916 οἱ
1159 1889 1340 1925 πρεσϐύτεροι
1357 1891 1405 1917 σὺν
1416 1889 1453 1925 τῷ
1464 1891 1751 1925 καταμηνύσαντι,καὶ
1760 1892 1845 1927 ὁρῶσι

1056 1934 1105 1970 τὴν
1121 1935 1214 1962 εἰκόνα
1227 1935 1275 1962 τοῦ
1286 1935 1387 1972 Κυρίου
1403 1937 1561 1972 ἱσταμένην,
1572 1936 1759 1969 ὑποδείξαντος
1773 1939 1846 1964 ἐκεί-

1057 1989 1114 2008 νου,
1143 1982 1209 2008 Τότε
1241 1981 1411 2017 θυμωθέντες
1437 1983 1554 2019 σφόδρα,
1580 1983 1626 2010 τὸν
1646 1984 1694 2019 μὲν
1721 1984 1846 2011 Ἰουδαῖον

1056 2027 1102 2053 τόν
1119 2027 1295 2054 κατοικοῦντα
1309 2028 1338 2054 ἐν
1353 2028 1392 2063 τῷ
1401 2028 1467 2064 οἴκῳ
1485 2029 1696 2064 ὰποσυνάγωγον
1715 2031 1847 2066 ποιήσαν-

1057 2081 1103 2103 τες
1119 2072 1238 2108 ἤλασαν*
1261 2073 1310 2108 τὴν
1327 2073 1355 2099 δὲ
1372 2073 1464 2100 εἰκόνα
1480 2074 1526 2101 τοῦ
1544 2075 1645 2110 Κυρίου
1660 2075 1738 2110 ἡμῶν
1757 2076 1845 2111 Ἰησοῦ

1057 2117 1175 2154 Χριστοῦ
1188 2118 1386 2153 καταγαγόντες
1395 2120 1554 2154 ἓφησαν,ὄτι
1562 2119 1660 2152 Καθὼς
1668 2121 1713 2147 καὶ
1727 2122 1751 2147 οἱ
1764 2122 1846 2148 πατὲ-

1060 2172 1105 2198 ρες
1119 2163 1196 2198 ἡμῶν
1215 2163 1358 2197 ἐνέπαιξαν
1371 2164 1452 2191 αὐτὸν
1465 2165 1481 2180 ⁸
1498 2165 1557 2191 τότε
1569 2164 1616 2191 τὸν
1632 2165 1760 2192 τοιοῦτον.
1779 2167 1845 2193 Τότε

216 2222 369 2249 conspuere
397 2213 424 2240 in
454 2213 550 2240 faciem
574 2214 700 2249 imaginis
720 2213 846 2246 Domini,
879 2215 1002 2249 colaphis

1060 2208 1176 2245 ἦρξαντο
1189 2209 1321 2244 ἐμπτύειν
1344 2211 1384 2242 εἰς
1400 2210 1430 2236 τὸ
1444 2210 1590 2245 πρόσωπον
1602 2211 1684 2237 αὑτοῦ
1697 2212 1746 2247 τῆς
1765 2212 1845 2246 ἁγίας

217 2268 278 2288 eam
305 2261 332 2287 in
354 2260 450 2287 faciem
479 2260 543 2287 hinc
571 2264 598 2288 et
624 2261 688 2288 inde
715 2261 892 2288 caaciderunt.
925 2260 1005 2287 Dum-

218 2314 272 2342 que
293 2307 428 2334 czederent
449 2307 578 2334 aiebant:
605 2307 780 2342 Qutecunque
804 2311 896 2342 patres
920 2307 1005 2334 nostri

220 2352 319 2385 fecere,
335 2353 428 2380 omnia
445 2361 495 2380 uos
513 2357 608 2380 contra
623 2354 683 2388 ejus
699 2353 844 2388 imaginem
861 2352 1005 2381 faciamus.

218 2398 392 2430 Audivimus,
409 2398 496 2430 aiunt,
512 2398 629 2426 ludibria
643 2399 670 2425 in
684 2407 747 2426 eum
763 2398 928 2430 contulisse,
941 2398 1008 2433 idip-

219 2453 281 2474 sum
303 2453 354 2473 nos
370 2453 493 2480 agamus.
532 2444 641 2472 Infinita
665 2445 748 2480 igitur
772 2445 891 2472 ludibria
913 2445 941 2472 in
960 2445 1006 2472 Dei

220 2494 366 2528 imaginem
393 2493 544 2520 contulere.
570 2492 673 2519 Vereor
689 2492 767 2520 vobis
780 2500 813 2519 ea
836 2492 922 2527 loqui,
947 2500 1008 2527 qua:

220 2543 278 2566 tum
296 2539 335 2566 illi
347 2539 494 2566 suntausi.
525 2538 607 2565 Aiunt
622 2538 737 2565 deinde:
760 2538 925 2565 Audivimus
945 2537 1008 2572 (pa-

220 2590 277 2613 tres
292 2586 411 2620 nostros)
425 2585 510 2612 clavis
527 2592 624 2612 manus
637 2589 664 2612 et
679 2585 761 2619 pedes
776 2585 836 2619 ejus
850 2584 1007 2616 confixisse,

221 2633 248 2660 id
267 2637 293 2659 et
308 2640 359 2659 nos
372 2632 515 2659 faviamus.
535 2631 604 2658 Tum
619 2631 702 2665 pedes
724 2639 876 2666 manusque
891 2630 1010 2658 Domini-

221 2687 260 2706 caa
279 2678 404 2714 imaginis
428 2678 566 2705 confixere
583 2678 678 2706 clavis.
708 2677 808 2705 lterum
825 2677 902 2704 aiunt
918 2677 1010 2704 furore

221 2726 340 2760 correpti
355 2735 362 2753 :
388 2725 550 2752 Audivimus
563 2733 611 2752 eos
628 2728 707 2752 aceto
720 2729 747 2752 et
765 2725 827 2752 felle
849 2732 911 2752 cum
927 2731 1009 2759 spon-

258 2811 312 2843 (lﬁl
333 2811 361 2837 ln
379 2811 483 2837 Concil.
510 2810 581 2841 Nic...
596 2811 747 2846 ἐπεζήτησε
773 2811 882 2845 μιτάτον
908 2810 1008 2845 μεῖζον.

224 2846 262 2874 De
276 2854 351 2879 voce,
370 2847 488 2873 Μιτατον
516 2846 581 2874 Vide
602 2855 628 2873 Ill
645 2846 826 2873 Onomaslit‘o.

1059 2255 1162 2286 εἰκόνος
1178 2254 1224 2281 τοῦ
1234 2255 1347 2290 Κυρίου,
1360 2255 1406 2282 καὶ
1414 2255 1565 2291 ἐρράπισαν
1580 2257 1663 2291 αὐτὴν
1676 2257 1746 2284 κατὰ
1758 2257 1845 2292 πρόσ-

1059 2309 1135 2327 ωπον
1153 2301 1229 2327 ἐνθεν
1252 2301 1297 2327 καὶ
1314 2301 1388 2328 ἐνθεν
1405 2302 1470 2338 (l6).
1487 2303 1542 2329 Kal.
1556 2302 1656 2338 ταύτην
1674 2304 1844 2338 ῥαπίζοντες.

1058 2347 1163 2381 ελεγοψ
1183 2347 1253 2373 Ὅσα
1267 2347 1397 2384 ἐποίησαν
1409 2347 1434 2374 οἱ
1447 2347 1563 2383 πατέρες
1574 2348 1663 2383 ἡμῶν,
1680 2349 1769 2375 πάντα
1788 2358 1846 2376 ποι-

1058 2393 1169 2428 ήσωμεν
1185 2393 1233 2419 καὶ
1257 2394 1336 2428 ἡμεῖς
1352 2395 1384 2429 τῇ
1401 2394 1485 2421 εἰκόνι
1507 2394 1600 2422 αὑτοῦ.
1633 2395 1687 2421 Καὶ
1704 2395 1843 2429 λέγουσιν·

1065 2438 1246 2474 Ἣκούσαμεν,
1272 2439 1313 2466 ὅτι
1342 2439 1486 2472 ἐνέπαιξαν
1509 2440 1592 2476 αὐτῷ,
1613 2441 1660 2467 καὶ
1675 2442 1757 2476 ἡμεῖς
1781 2441 1846 2468 cum

1060 2486 1226 2520 ποιήσωμεν,
1247 2485 1429 2521 Ἐμπαιγμοῖς
1445 2484 1490 2513 οὖν
1505 2487 1628 2522 ἀπείροις
1653 2486 1797 2518 ἐνέπαιξαν
1813 2489 1846 2522 τῇ

1059 2529 1143 2556 εἰκόνι
1157 2529 1203 2555 τοῦ
1217 2529 1296 2556 Θεοῦ.
1316 2530 1423 2566 Ἀπορῶ
1435 2531 1463 2557 δὲ
1477 2531 1564 2565 λέγειν
1579 2532 1642 2566 ὑμῖν
1654 2531 1668 2557 ὃ
1683 2531 1742 2558 τότε
1758 2532 1847 2558 τετόλ-

1062 2584 1155 2611 μηται.
1168 2574 1234 2602 Εἶτα
1254 2575 1377 2609 λέγουσιν
1387 2585 1393 2590 ·
1418 2576 1599 2611 Ἣκούσαμεν,
1622 2577 1663 2603 ὅτι
1677 2577 1785 2612 ἥλωσαν
1798 2578 1846 2604 αὑ-

1059 2621 1106 2647 τοῦ
1121 2621 1169 2653 τὰς
1185 2623 1279 2656 χεῖρας
1294 2622 1340 2648 καὶ
1354 2622 1416 2654 τοὺς
1427 2622 1524 2654 πόδας·
1541 2622 1620 2649 τοῦτο
1633 2623 1680 2649 καὶ
1694 2623 1775 2658 ἡμεῖς
1789 2632 1847 2650 ποι-

1061 2668 1180 2701 ήσωμεν.
1199 2667 1265 2694 Τότε
1282 2668 1402 2699 καὶτοὺς
1414 2668 1497 2700 πόδας
1514 2669 1561 2695 καὶ
1572 2669 1620 2700 τὰς
1634 2670 1728 2704 χεῖρας
1738 2669 1787 2704 τῆς
1799 2669 1846 2695 τοῦ

1061 2713 1164 2748 Κυρίου
1180 2714 1282 2745 εἰκόνος
1299 2713 1401 2748 ἔπηξαν
1421 2715 1511 2749 ἥλους.
1531 2715 1614 2742 Πάλιν
1629 2715 1738 2749 λέγουσι
1759 2723 1846 2751 μεμη-

1098 2809 1154 2872 (liii)
1181 2810 1218 2838 Ita
1239 2809 1358 2839 Colborl.
1394 2812 1419 2839 l.
1447 2811 1536 2845 Edili,
1565 2812 1733 2844 ἔνθεον,κα“ι
1747 2811 1846 2844 ἔνθεον,

1100 2855 1105 2870 ι
1120 2854 1143 2872 e.

1063 2854 1143 2872 ιιιιιιθ.
