1940 3068
89 183 145 214 8(9

541 183 585 210 DE
602 182 698 210 PASS.
719 181 872 210 IMAGINIS
891 181 921 208 D.
941 180 973 207 N.
994 179 1076 209 JESU
1095 181 1245 209 CHRlSTl.

1655 182 1709 210 810

91 241 184 274 νότες⁸
206 240 385 276 Ἠκοὺσαμεν,
399 240 438 266 ὃτι
453 240 512 272 ὅξος
527 241 572 267 καὶ
585 240 666 276 χολὴν
680 241 808 267 meum
824 240 874 266 αὺ-

932 239 969 274 ;ia
990 243 1101 274 potasse
1126 240 1201 267 illum
1218 249 1223 266 :
1242 239 1269 266 id
1283 247 1333 267 nos
1348 246 1455 274 quoque
1468 239 1621 272 faciamus;
1636 241 1708 274 quod

92 288 139 315 τδν
154 287 222 322 μετὰ
239 286 372 320 σπόγγου·
395 287 550 321 ποιήσωμεν
566 287 631 312 αὐτὸ
651 286 698 313 καὶ
714 287 794 322 ἡμεῖς
805 294 812 301 ’
831 286 878 312 καὶ

93 335 225 368 ἐποίησαν
240 333 402 367 προσθέντες
414 334 453 364 εἰς
469 333 499 359 τὸ
514 333 599 368 στόμα
613 333 660 359 τοῦ
678 333 779 368 Κυρίου
794 333 878 366 σπόγ-

91 388 141 413 γον
155 378 215 411 δξου
232 377 452 413 πεπληρωμένον.
463 377 547 405 Πάλιν
563 377 688 411 λέγουσι’
709 376 877 411 Μεμαθήκα-

93 433 154 460 μεν,
166 425 206 452 ὃτι
224 424 338 459 καλάμῳ
352 423 450 458 ἑτυψαν
464 423 545 450 αὑτοῦ
558 423 607 459 τὴν
621 423 742 458 κεφαλὴν
758 423 783 448 οἱ
796 423 878 448 πατέ-

92 480 141 506 ρες
156 470 233 506 ἡμῶν
243 478 250 485 '
265 470 294 496 τὸ
310 470 375 496 αὐτὸ
388 469 434 496 καὶ
447 471 527 505 ἡμεῖς
539 470 704 504 ποιήσωμεν.
715 469 770 495 Καὶ
782 468 878 495 λαϐόν-

89 524 138 547 τες
149 515 270 550 κάλαμον
287 514 400 541 ἔτυπτον
414 514 463 549 τὴν
475 514 595 548 κεφαλὴν
609 514 657 548 τῆς
668 514 780 545 εἰκόνος.
795 513 877 544 Τέλος

89 560 184 587 λοιπὸν
204 560 338 594 λέγουσιν,
358 559 394 590 ὡς
412 559 543 594 Ἀκριὸὠς
566 558 735 594 μανθάνομεν
750 578 758 590 ,
774 559 814 584 ὃτι
828 557 877 592 τὴν

90 606 212 642 πλευρὰν
224 605 306 632 αὑτοῦ
318 605 401 640 λόγχῃ
415 605 538 640 ἧνοιξαν·
556 604 638 639 μηδὲν
651 604 875 639 παραλείψωμεν,

90 651 160 678 ἀλλὰ
176 650 337 686 προσθῶμεν
361 650 408 676 καὶ
432 649 519 676 τοῦτο.
549 650 715 684 Ποιήσαντες
736 649 875 684 ἐνεχθῆναι

90 700 202 734 λόγχην,
218 698 386 734 ἐπέστρεψάν
398 706 450 724 τινι
462 698 552 724 αὐτῶν
562 695 626 733 ἆραι
640 697 689 732 τὴν
698 697 798 733 λόγχην
809 706 815 712 ·
830 698 877 724 καὶ

89 745 165 781 ἀρὼν
183 744 253 772 κατὰ
267 745 316 779 τῆς
330 744 431 776 εἰκόνος
443 743 490 770 τοῦ
511 744 626 780 Κυρίου,
646 743 747 776 εὐθέως
767 742 813 771 οὖν
829 745 877 771 ἀν-

89 792 188 819 έδλυσε
199 791 298 826 πλῆθος
310 791 422 826 αἵματος
432 791 477 817 καὶ
488 790 582 822 ὕδατος
595 790 624 822 ἐξ
634 790 730 824 αὐτῆς.

126 839 153 866 5.
169 839 280 874 Χριστὲ,
295 837 358 870 δόξα
372 845 427 863 σοι·
443 837 628 872 ἀκατάληπτε,
641 836 703 870 δόξα
714 836 822 868 seu“;
837 836 876 867 ὡς

91 885 266 918 σὺ,Δέσποτα
279 892 285 916 ;
303 883 350 914 Τίς
365 882 433 918 πλὴν
452 883 509 915 σοῦ,
522 883 597 914 Θεὸς,
609 883 692 909 ποιῶν
709 882 812 918 φοϐερὰ
827 883 875 909 καὶ

90 931 216 964 ἐξαίσιας
235 930 267 956 Ὢ
283 929 329 956 τοῦ
355 929 493 964 θαύματος
519 929 570 964 τῆς
588 929 633 955 τοῦ
651 929 776 964 Σωτῆρος
798 929 877 964 ἡμῶν

90 975 317 1012 μεγαλειότητοςί
344 975 455 1010 ἕφριξαν
474 974 580 1010 ἀληθῶς
593 975 620 1001 αἱ
637 974 693 1001 ἅνω
707 975 782 1007 ἅγιαι
797 974 876 1000 δυνά-

93 1029 154 1055 μεις
170 1020 216 1046 καὶ
227 1019 273 1046 ἐπὶ
287 1019 374 1046 τοῦτο.
382 1019 466 1050 Πόσος
480 1017 514 1050 εἷ,
526 1018 658 1050 Δέσποτα,
671 1019 710 1050 είς
726 1018 877 1054 φιλανθρω-

91 1065 174 1091 πία-δι
203 1064 315 1095 ὐπόσος
329 1065 360 1090 σὺ
375 1064 403 1090 ὲν
413 1063 500 1090 extat!
518 1064 615 1099 Πρώην
629 1063 682 1099 γὰρ
697 1063 730 1089 δι’
742 1064 816 1098 ἡμεῖς
832 1064 878 1089 καὶ

90 1110 135 1137 διὰ
146 1110 194 1145 τὴν
214 1111 348 1146 ἡμετέραν
365 1110 501 1144 σωτηρίαν
521 1109 670 1145 σαρκωθεὶς
685 1110 699 1135 ὁ
711 1109 830 1145 ἄσαρκος
847 1109 878 1135 ὲκ

90 1155 230 1191 Παρθένου
251 1155 370 1190 Μαρίας,
394 1154 567 1190 ὲσταυρώθης
583 1156 612 1181 ὲν
627 1155 717 1190 ἐκείνῃ
739 1155 771 1190 τῇ
786 1155 877 1190 σαρκὶ,

91 1201 200 1237 ἀπαθὴς
216 1202 230 1228 ό
246 1202 324 1233 αὐτὸς
343 1203 372 1228 ἐν
389 1203 421 1236 τῇ
446 1201 561 1236 θεότητι.
586 1200 643 1227 Νῦν
660 1201 689 1228 δὲ
704 1200 784 1227 πάλιν
800 1201 828 1227 ἐν
844 1202 877 1236 τῇ

89 1248 176 1273 εικόνι
193 1255 239 1273 σου
251 1246 434 1283 ἐσταυρώθης,
453 1244 476 1273 ὦ
490 1247 620 1278 Δέσποτα,
645 1247 685 1278 είς
703 1246 812 1281 ἔλεγχον
829 1246 879 1282 μὲν

88 1292 146 1318 τῶν
162 1291 268 1319 ἀσεϐῶν
282 1292 328 1318 καὶ
346 1292 453 1318 πάντων
469 1291 522 1318 τῶν
539 1292 672 1323 ἀπίστων,
691 1291 840 1326 στηριγμὸν
850 1291 878 1317 δὲ

90 1338 145 1366 τῶν
159 1339 188 1365 ὲν
207 1338 319 1374 ἀληθείᾳ.
333 1339 372 1369 εἰς
395 1339 424 1364 σὲ
442 1338 631 1364 πιστευόντων.
641 1337 720 1364 Ἀλλὰ
743 1336 806 1369 δόξα
826 1345 878 1369 σοι,

91 1384 224 1413 Δέσποτα,
240 1383 279 1418 τῷ
300 1384 372 1418 μόνῳ
384 1383 419 1409 τὰ
435 1383 522 1410 πάντα
536 1382 686 1417 δυναμένῳ,
709 1382 766 1417 ἃμα
782 1382 820 1417 τῷ
836 1383 879 1408 εὑ-

92 1429 200 1464 λογητῴ
222 1429 282 1464 θεῷ
299 1429 376 1464 ἡμῶν
396 1429 491 1464 Πατρὶ,
515 1429 562 1456 καὶ
587 1429 626 1464 τῷ
647 1429 715 1464 ἁγίῳ
730 1429 878 1464 Πνεύματι.

99 1475 196 1510 Ἀμήν.

128 1524 153 1547 u.
164 1520 257 1555 Ὑμεῖς
267 1520 304 1552 δὲ,
316 1520 407 1551 τέκνα,
416 1519 548 1546 ἀκούσατε
558 1519 591 1546 τὰ
603 1519 694 1551 λοιπὰ,
703 1519 773 1554 ἅπερ
781 1519 880 1554 ᾠκονό-

95 1575 180 1601 μησεν
197 1567 214 1600 ἡ
232 1565 314 1592 αὐτοῦ
329 1565 476 1600 ἁγαϐότης.
501 1565 578 1592 Μετὰ
599 1564 652 1600 γὰρ
666 1565 696 1591 τὺ
716 1565 879 1600 κρου6οἧναι

92 1613 125 1646 τῇ
143 1611 227 1646 λόγχῃ
248 1611 296 1645 τὴν
313 1610 431 1646 πλευρὰν
447 1610 497 1645 τῆς
512 1610 614 1642 εἰκόνος
632 1610 680 1636 τοῦ
697 1609 809 1645 Κυρίου,
833 1609 880 1636 καὶ

92 1656 243 1682 ἀναϐλύσαι
257 1655 287 1681 τὸ
303 1654 372 1691 αἷμα
387 1655 477 1682 καὶτὸ
496 1654 576 1690 ὕδωρ,
595 1655 633 1686 ὡς
649 1654 749 1690 ἑτέρως
761 1654 879 1690 εἴρηται,

91 1700 215 1735 λέγουσιν
232 1701 255 1727 οἱ
272 1701 411 1736 ἀρχιερεῖς
427 1701 474 1726 καὶ
495 1701 519 1727 οἱ
534 1700 713 1736 πρεσϐύτεροι
729 1700 777 1726 τοῦ
797 1699 878 1726 λαοῦ·

91 1746 203 1780 Ἐπειδὴ
210 1747 224 1772 Θ
227 1744 352 1782 ρυλὸῧσιν
358 1746 437 1772 αὑτὸν
444 1746 468 1772 οἱ
479 1745 616 1781 σεϐόμενοι
625 1746 665 1771 ὅτι
673 1745 719 1771 καὶ
728 1745 812 1776 ίάσεις
819 1745 881 1772 πολ..

93 1792 141 1825 id;
152 1793 275 1828 ἐποίησε,
284 1793 409 1828 λάϐωμεν
416 1793 500 1819 αὑτοῦ
512 1793 543 1819 τὸ
554 1790 623 1827 αἷμα
638 1793 685 1818 καὶ
694 1793 725 1818 τὸ
737 1792 818 1827 ὕδωρ,
832 1793 880 1818 καὶ

93 1838 242 1872 ἀγάγωμεν
253 1838 291 1870 είς
304 1838 353 1872 τὴν
367 1838 535 1872 συναγωγὴν,
547 1838 594 1864 καὶ
605 1837 761 1872 συνάξωμεν
777 1837 880 1868 πάντας

94 1884 156 1914 τοὺς
174 1883 265 1914 κακῶς
281 1883 389 1918 ἔχοντας
405 1883 451 1909 τοῦ
468 1883 543 1915 λαοῦ,
568 1884 615 1910 καὶ
631 1883 768 1918 χρίσωμεν
783 1883 880 1914 αὐτοὺς

94 1928 141 1954 ἀπ’
149 1927 296 1960 absoluat
307 1927 404 1962 ἴδωμεν
416 1929 440 1954 εἰ
451 1928 539 1963 ἀληθῆ
551 1929 603 1955 εἰσι
616 1929 650 1955 τὰ
660 1929 803 1963 λεγόμενα.
813 1928 880 1954 Τότε

96 1974 284 2009 προσήνεγκαν
295 1975 326 2008 τῇ
340 1973 442 2009 πλευρᾷ
456 1974 502 2000 τοῦ
516 1974 617 2008 Κυρίου
633 1974 736 2009 βῆσσαν
750 1974 820 2000 κατὰ
835 1974 880 2000 τὸν

94 2014 175 2046 τόπον
187 2019 237 2054 τῆς
250 2020 355 2055 σφαγῆς
370 2019 420 2054 τῆς
428 2019 537 2055 λόγχης,
548 2019 608 2046 ὅθεν
625 2020 690 2053 ἐξίει
705 2020 736 2046 τὸ
753 2017 822 2054 αἷμα
834 2019 881 2047 καὶ

93 2065 125 2092 τὸ
143 2065 226 2100 ὕδωρ,
242 2066 289 2092 καὶ
311 2065 430 2100 ἔπλησαν
446 2065 495 2100 τὴν
511 2065 623 2100 βῆσσαν.
649 2066 703 2092 Καὶ
726 2065 882 2099 ἀπαγαγόν-

93 2119 150 2142 τες,
168 2112 358 2146 ἐμπαίζοντες,
381 2111 435 2143 ἵνα,
460 2111 496 2143 ὡς
514 2111 648 2147 ἐνόμιζον,
673 2111 819 2147 ὑϐρίσωσιν
835 2111 881 2137 ἐπὶ

96 2157 214 2189 πάντων,
230 2158 344 2193 ωνῆξαν
360 2159 462 2190 πάντας
483 2159 544 2190 τοὺς
560 2158 652 2189 κακῶς
669 2157 788 2193 ἔχοντας,
807 2157 881 2193 πρῶ-

95 2212 140 2230 τον
156 2203 266 2230 πάντων
281 2203 482 2239 παράλυτον,ὂν
497 2205 529 2230 ὲκ
545 2204 658 2240 γενετῆς
676 2204 772 2239 ᾔδεσαν
788 2203 879 2234 αὐτὸν,

929 289 956 313 et
967 285 1101 318 fecerunt,
1119 286 1243 321 apposita
1252 285 1294 312 ori
1310 285 1418 312 Domini
1436 286 1549 320 spongia
1569 291 1645 313 aceto
1658 285 1701 320 ple

928 339 972 359 na.
1003 332 1122 359 Rursum
1149 333 1298 367 inquiunt:
1329 331 1480 359 Didicimus
1495 335 1586 366 patres
1600 336 1709 358 nostros

927 377 1062 405 arundine
1079 378 1251 413 percussisse
1265 381 1347 412 caput
1363 377 1438 412 ejus;
1455 377 1572 411 idipsum
1588 384 1638 404 nos
1649 384 1710 411 aga-

929 431 1000 451 mus.
1013 423 1182 458 Arreptaquc
1197 423 1331 450 arundine
1346 423 1532 458 percutiebant
1549 427 1631 457 caput
1644 423 1712 450 ima-

928 469 1009 502 ginis.
1037 467 1149 495 Demum
1165 469 1257 495 aiunt:
1274 468 1408 495 Accurate
1423 468 1568 495 didicimus
1590 476 1638 496 eos
1654 468 1712 494 lan-

927 521 974 541 cea
986 515 1057 542 latus
1072 514 1131 548 ejus
1144 514 1295 548 aperuisse,
1311 514 1378 540 nihil
1392 514 1566 546 omittamus,
1581 514 1629 542 sed
1643 514 1710 542 illud

926 567 1035 594 quoque
1050 559 1222 594 adjiciamus.
1249 559 1438 593 Lanceamque
1460 559 1549 586 aﬁ'erri
1567 564 1709 591 curarunt,

927 613 959 632 ac
969 605 1078 640 jussere
1102 606 1210 633 cuidam
1222 613 1238 632 e
1252 605 1310 632 suis
1321 609 1351 632 ut
1365 605 1487 632 lanceam
1506 605 1623 632 vibraret
1636 615 1642 632 :
1656 613 1710 640 qua

926 651 1033 678 vibrata
1054 651 1081 677 in
1098 650 1242 685 imaginem
1264 650 1382 684 Domini,
1398 651 1490 678 statim
1504 658 1538 678 ex
1557 651 1602 678 illa
1618 659 1711 678 mana-

926 697 965 722 vit
981 695 1122 730 sanguinis
1140 699 1167 722 et
1182 702 1260 730 aqua:
1272 695 1362 730 copia.

963 826 988 853 5.
1008 825 1100 853 Gloria
1119 825 1180 857 tibi,
1201 824 1309 853 Christe
1328 835 1334 852 :
1353 825 1401 860 qui
1423 826 1711 861 incomprehensibilis

927 880 968 903 es,
983 871 1068 906 gloria
1084 872 1142 898 tibi.
1157 870 1225 904 Quis
1237 871 1286 898 tibi
1301 872 1408 904 similis,
1419 871 1549 899 Domine?
1563 871 1630 904 Quis
1643 879 1712 907 pra:-

893 913 912 940 Β
930 922 971 944 ter
990 921 1016 944 te
1032 916 1134 944 faciens
1151 916 1283 943 terribilia
1298 919 1325 943 et.
1344 916 1486 951 prodigia?
1509 915 1532 943 0
1549 917 1711 944 miraculum

930 962 1135 998 magniﬁcentia:
1162 961 1313 988 Salvatoris
1334 961 1433 989 nostri!
1468 961 1605 989 llorrucre
1633 963 1712 997 plane

931 1008 982 1035 hac
1007 1007 1034 1034 in
1062 1015 1090 1035 re
1115 1012 1214 1035 sanctae
1231 1014 1355 1041 supernae
1374 1008 1498 1035 virtutes.
1531 1007 1656 1040 Quantus
1669 1016 1710 1041 es,

931 1052 1055 1083 Domine,
1072 1052 1216 1079 clementia
1228 1059 1291 1086 erga
1308 1052 1446 1079 homines!
1463 1052 1589 1085 Quantus
1605 1054 1714 1081 miseri-

931 1097 1041 1124 cordia!
1057 1096 1128 1123 Olim
1144 1100 1253 1130 propter
1268 1103 1319 1123 nos
1335 1099 1362 1122 et
1376 1100 1486 1131 propter
1501 1101 1622 1124 nostram
1639 1098 1714 1125 salu-

931 1146 997 1174 tem,
1012 1142 1171 1169 incarnatus
1190 1149 1222 1168 ex
1238 1139 1346 1175 Virgine
1359 1140 1454 1173 Maria,
1469 1144 1498 1168 tu
1514 1142 1605 1169 carnis
1616 1149 1714 1176 expers

930 1188 977 1223 qui
999 1195 1071 1219 cras,
1101 1188 1129 1214 in
1148 1187 1193 1214 illa
1209 1194 1290 1214 carne
1315 1186 1462 1214 cruciﬁxus
1486 1194 1526 1219 es,
1553 1187 1714 1222 impatibilis

931 1241 994 1261 cum
1020 1233 1059 1261 sis
1080 1234 1107 1260 in
1135 1233 1247 1260 deitate.
1277 1231 1356 1260 Nunc
1377 1237 1466 1260 autent
1484 1233 1510 1260 in
1530 1236 1577 1260 tua
1596 1233 1714 1268 imagine

931 1280 1077 1307 cruciﬁxus
1097 1287 1136 1312 es,
1154 1287 1170 1306 o
1185 1279 1310 1312 Domine,
1336 1279 1370 1306 ad
1384 1279 1601 1306 confutationem
1617 1280 1715 1314 impio-

932 1333 1002 1358 rum,
1018 1326 1194 1360 omniumque
1207 1325 1368 1357 infidelium,
1390 1329 1416 1353 et
1430 1325 1463 1352 ad
1478 1325 1714 1353 confirmationem

932 1379 1027 1399 eorum
1053 1372 1099 1406 qui
1120 1373 1149 1398 in
1165 1373 1279 1399 veritate
1302 1372 1329 1398 in
1353 1375 1380 1398 te
1396 1371 1522 1398 credunt.
1552 1371 1605 1399 Sed
1629 1372 1714 1406 gloria

932 1417 992 1449 tibi,
1019 1417 1141 1449 Domine,
1163 1417 1209 1452 qui
1233 1417 1308 1445 solus
1327 1417 1418 1444 omnia
1437 1420 1524 1451 potes,
1545 1425 1607 1444 cum
1632 1417 1715 1444 bene-

932 1463 1005 1490 dicto
1026 1462 1080 1490 Deo
1099 1468 1194 1490 nostro
1209 1462 1290 1489 Patre
1305 1467 1332 1490 et
1348 1467 1442 1489 sancto
1456 1462 1568 1497 Spiritu.
1589 1463 1685 1489 Amen.

968 1506 994 1533 6.
1015 1505 1070 1534 Vos
1088 1513 1188 1536 autem.
1206 1507 1269 1538 lilii,
1286 1507 1377 1534 audite
1394 1510 1502 1538 caztera,
1518 1514 1578 1541 qua:
1593 1506 1653 1541 ejus
1665 1507 1714 1533 bo-

933 1553 1004 1580 nitas
1030 1551 1208 1587 dispensavit.
1234 1552 1380 1587 Postquam
1401 1553 1472 1580 enim
1498 1553 1569 1580 latus
1588 1552 1715 1588 imaginis

893 1588 915 1618 ο
932 1597 1039 1624 Domini
1053 1597 1146 1624 lancea
1162 1596 1315 1632 perforatus
1332 1602 1413 1627 esset.
1430 1605 1492 1624 cum
1506 1597 1629 1625 efﬂueret
1649 1605 1715 1625 san-

931 1642 992 1677 guis
1007 1645 1033 1668 et
1050 1649 1132 1676 aqua,
1155 1646 1184 1668 ut
1201 1642 1266 1668 alibi
1290 1642 1393 1668 dictum
1406 1645 1459 1673 est,
1483 1642 1561 1668 aiunt
1578 1642 1715 1677 principes

932 1688 1103 1716 sacerdotum
1127 1687 1209 1723 294
1233 1692 1260 1715 et
1270 1688 1393 1716 seniores
1407 1688 1497 1723 populi
1515 1698 1520 1715 :
1540 1687 1716 1723 Quandoqui-

931 1734 990 1760 dem
1019 1733 1140 1761 cultores
1159 1734 1219 1768 ejus
1238 1733 1367 1768 jactitant
1380 1742 1442 1761 eum
1463 1734 1563 1761 multas
1577 1735 1715 1762 curavisse

931 1779 1112 1810 inﬁrmitates,
1126 1780 1293 1814 accipiamus
1303 1779 1363 1814 ejus
1378 1780 1537 1815 sanguinem
1557 1785 1584 1808 et
1604 1787 1714 1815 aquam,

931 1825 1085 1854 deferamus
1099 1826 1126 1853 in
1142 1834 1319 1862 synagogam,
1335 1834 1367 1853 ac
1379 1834 1509 1862 cogamus
1523 1835 1618 1854 omnes
1633 1834 1648 1854 e
1660 1835 1709 1861 po-

931 1873 995 1908 pulo
1015 1873 1061 1907 qui
1083 1873 1244 1908 aegritudine
1267 1873 1412 1905 laborant,
1434 1880 1521 1909 eoque
1542 1874 1604 1901 illos
1629 1881 1716 1908 unga-

931 1927 1002 1952 mus,
1019 1919 1214 1954 videamusque
1231 1927 1266 1946 an
1280 1927 1344 1946 vera
1366 1920 1421 1947 sint
1441 1927 1501 1954 quae
1522 1921 1603 1955 vulgo
1623 1919 1714 1947 ferun-

931 1968 990 1991 tur.
1018 1964 1088 1992 Tum
1105 1965 1214 1992 admota
1240 1965 1319 1992 lateri
1339 1965 1444 1993 Domini
1473 1965 1603 2000 amphora
1619 1965 1652 1992 ad
1674 1966 1715 1992 lo-

931 2019 993 2038 cum
1009 2011 1054 2038 ubi
1068 2011 1164 2038 vulnus
1174 2015 1232 2038 erat
1245 2011 1338 2039 lancea
1354 2012 1497 2043 iuﬁictum,
1515 2011 1585 2038 unde
1599 2011 1717 2045 proflue-

931 2056 977 2083 bat
1006 2056 1118 2092 sanguis
1149 2061 1176 2084 et
1211 2065 1301 2092 aqua,
1334 2058 1516 2092 impleverunt
1543 2057 1713 2092 amphoram.

931 2101 1158 2136 Abducentesque
1180 2110 1212 2129 ac
1226 2103 1381 2135 illudentes,
1407 2110 1461 2137 quo
1475 2103 1577 2129 nullam
1599 2110 1664 2133 non,
1686 2107 1716 2128 ut

932 2147 983 2173 sibi
997 2147 1146 2179 videbatur.
1163 2148 1356 2175 contumeliam
1373 2148 1542 2180 adhiberent,
1566 2152 1716 2182 coegerunt

932 2199 1026 2220 Omnes
1052 2193 1098 2228 qui
1124 2194 1194 2220 male
1218 2193 1366 2226 habebant,
1397 2194 1570 2228 primumque
1592 2193 1714 2220 omnium

95 2250 142 2276 καὶ
159 2237 377 2285 προσαγαγόντες
387 2249 498 2285 ἔχρισαν
514 2250 603 2276 αὐτόν.
616 2237 761 2280 Καὶγαῦοις
778 2249 879 2284 ἀνεπή-

932 2237 1109 2273 paralyticum
1121 2258 1128 2269 ,
1147 2246 1226 2272 quem
1244 2246 1277 2266 ex
1294 2238 1434 2266 nativitate
1454 2239 1492 2267 ita
1507 2247 1536 2266 se
1551 2238 1652 2266 habere
1666 2247 1716 2265 n0-

94 2294 169 2329 δησε,
188 2295 234 2321 καὶ
248 2295 331 2330 ἥλατο
343 2295 478 2329 ὑγιανθεὶς
491 2295 604 2321 καθόλου
617 2295 630 2321 ὁ
645 2294 796 2330 ἄνθρωπος.
814 2291 879 2320 Εἶτα

95 2339 199 2374 ἠγαγον
214 2339 341 2373 τυφλοὺς,
356 2340 475 2366 κάκεῖνοι
494 2339 593 2374 ὁμοίως
605 2339 759 2374 χρισθέντες
772 2338 882 2365 ἀνέϐλε-

95 2383 159 2418 ψαν,
177 2382 369 2418 δαιμονιιῖιντες
385 2382 563 2419 ἀναρίθμητοι
579 2381 734 2417 παραυτίκα
751 2380 880 2416 ἐκαθαρί-

96 2427 210 2463 σθησαν.
223 2428 334 2463 Ταραχὴ
345 2427 438 2462 γέγονε
454 2427 558 2462 μεγάλη
570 2427 640 2453 κατὰ
654 2426 744 2453 πᾶσαν
766 2426 816 2461 τὴν
835 2425 882 2451 πό-

96 2474 148 2505 λιν,
167 2474 274 2501 πάντων
293 2473 488 2509 ὲπιτρεχόντων
504 2473 549 2499 διὰ
570 2472 605 2499 τὰ
622 2472 723 2507 ἄπειρα
745 2471 880 2506 θαύματα.

102 2519 281 2554 Ἐκινήθησαν
292 2519 379 2545 πάντα
393 2518 428 2545 τὰ
442 2517 530 2553 πλήθη
550 2518 603 2545 τῶν
619 2517 761 2548 Ἰουδαίων,
778 2516 831 2542 τῶν
843 2517 883 2542 οι-

98 2564 219 2591 κούντων
232 2564 280 2599 τὴν
297 2564 384 2596 πόλιν,
401 2563 439 2595 ὡς
455 2565 523 2598 μήτε
537 2563 587 2598 τὴν
606 2562 765 2598 συναγωγὴν
781 2561 880 2594 αὐτῶν,

97 2610 186 2637 καίτοι
209 2609 339 2645 μεγίστην
354 2607 445 2642 οὖσαν,
463 2610 570 2645 χωρεῖν,
585 2609 652 2644 μήτε
667 2607 712 2634 τὸν
727 2608 819 2639 τόπον,
835 2606 881 2634 τοῦ

99 2655 217 2691 πλήθους
232 2655 279 2681 τοῦ
290 2655 403 2690 ἀπείρου
419 2654 484 2681 λαοῦ
496 2654 694 2689 συνδραμόντος
702 2653 746 2680 διὰ
763 2653 797 2679 τὰ
806 2652 883 2680 ἄπει-

99 2709 133 2736 ρα
147 2700 284 2736 θαύματα.
300 2700 404 2732 Πάντες
416 2700 444 2726 δὲ
456 2700 480 2726 ot
496 2699 643 2735 ἀρχιερεῖς,
660 2698 706 2724 καὶ
724 2698 748 2724 οί
764 2696 883 2733 πρεσϐύ-

97 2755 181 2783 τεροι,
199 2747 246 2774 καὶ
261 2747 275 2773 ὁ
289 2746 362 2778 λαὸς,
383 2746 430 2773 καὶ
446 2745 480 2773 τὰ
497 2745 585 2781 πλήθη
597 2744 651 2771 τῶν
673 2744 815 2776 Ἰουδαίων,
835 2744 883 2770 ἁν-

97 2792 169 2829 δρῶν
183 2802 210 2819 τε
218 2793 265 2820 καὶ
275 2791 411 2826 γυναικῶν
424 2792 472 2819 καὶ
482 2791 594 2822 παίδων,
610 2790 773 2817 ἐπίστευσαν
786 2790 824 2821 εἰς
838 2790 883 2816 τὸν

99 2838 202 2874 Κύριον
211 2838 290 2873 ἡμῶν
304 2838 406 2873 Ἰησοῦν
422 2837 548 2873 Χριστὸν,
567 2835 714 2873 κράζοντες
727 2835 775 2862 καὶ
790 2835 884 2868 λέγον-

100 2891 162 2916 τες·
179 2883 247 2915 Δόξα
261 2891 311 2915 σοι,
324 2883 433 2918 Χριστὲ,
444 2883 473 2909 ὃν
487 2883 510 2909 οἱ
524 2882 640 2918 πατέρες
654 2881 730 2917 ἡμῶν
745 2879 882 2915 ἐσταύρω-

162 2932 298 2963 ΡΔτιιοι..
314 2931 372 2961 (in.
389 2929 534 2960 XXVIII.

932 2289 994 2310 rant
1006 2303 1013 2314 .
1030 2284 1233 2319 adductumque
1251 2288 1389 2312 unxerunt
1417 2294 1424 2312 :
1449 2285 1494 2319 qui
1509 2285 1598 2312 statim
1615 2285 1717 2312 exsiliit

933 2332 960 2356 et
974 2329 1130 2360 exsultavit,
1144 2329 1254 2356 omnino
1269 2336 1361 2356 sanus.
1373 2329 1473 2356 Deinde
1494 2337 1579 2357 uncos
1597 2329 1716 2356 adduxe-

933 2379 1006 2405 runt,
1029 2374 1076 2408 qui
1106 2374 1232 2401 similiter
1253 2374 1358 2401 inuncti
1387 2374 1529 2407 viderunt,
1555 2374 1716 2402 daemoniaci

933 2418 1068 2445 innumeri
1085 2418 1229 2445 confestim
1252 2419 1359 2454 purgati
1377 2422 1451 2446 sunt.
1477 2417 1622 2445 Tumultus
1657 2425 1716 2443 ma-

932 2472 1004 2500 gnus
1020 2471 1068 2499 per
1081 2468 1166 2491 totam
1183 2464 1276 2492 urbem
1291 2468 1403 2491 exortus
1421 2467 1474 2495 est,
1486 2463 1613 2490 omnibus
1625 2463 1660 2490 ob
1674 2463 1716 2490 in-

935 2511 1012 2538 finita
1036 2511 1171 2537 mirabilia
1187 2510 1402 2538 accurrentibus.
1419 2510 1559 2537 Commota
1569 2513 1612 2536 est
1627 2509 1716 2536 omnis

933 2555 1089 2583 Judreorum
1106 2557 1185 2583 turba
1205 2563 1265 2591 qua:
1278 2556 1418 2582 habitabat
1436 2556 1464 2582 in
1483 2555 1535 2582 ista
1546 2555 1624 2585 urbe.
1637 2554 1673 2581 ita
1687 2557 1717 2580 ut

934 2610 969 2630 ne
992 2609 1127 2637 synagoga
1148 2601 1257 2637 quidem
1274 2609 1385 2633 eorum,
1413 2601 1530 2628 maxima
1549 2601 1611 2628 licet
1631 2604 1714 2630 esset.

940 2656 1032 2684 :apere
1049 2652 1159 2683 posset,
1180 2655 1270 2682 neque
1289 2648 1367 2674 locus
1381 2651 1454 2674 esset
1471 2647 1611 2674 immensae
1625 2645 1717 2672 mutti-

937 2694 1020 2722 .udini
1045 2694 1138 2730 populi
1157 2694 1192 2721 ob
1222 2693 1328 2721 inﬁnita
1358 2693 1489 2720 miracula
1515 2692 1714 2719 concurrentis.

934 2740 1037 2768 Omnes
1054 2747 1135 2775 porro
1150 2739 1288 2775 principes
1303 2739 1487 2770 sacerdotum,
1513 2739 1646 2769 seniores.
1668 2745 1717 2772 po-

934 2787 1025 2821 pulus,
1047 2791 1074 2813 et
1102 2784 1382 2818 turbalJudaaorum,
1405 2783 1526 2811 virorum
1541 2803 1549 2816 ,
1572 2783 1715 2810 mulierum

933 2837 961 2859 et
988 2839 1134 2867 puerorum
1161 2831 1338 2859 crediderunt
1368 2830 1395 2857 in
1417 2829 1562 2858 Dominum
1590 2833 1714 2857 nostrum

933 2877 1026 2907 Iesum
1045 2877 1194 2912 Christum,
1225 2878 1375 2917 clamantes
1400 2884 1432 2905 ac
1457 2877 1599 2905 dicentes:
1621 2875 1715 2904 Gloria
