  <div class='ocr_page' id='page_1' title='image "/cluster/home/n/w/nwhite01/storage/ocr_20150623/28/njp.32101007506148/417.png"; bbox 0 0 1940 3068; ppageno 0'>
   <div class='ocr_carea' id='block_1_1' title="bbox 796 152 1280 184">
    <p class='ocr_par' dir='ltr' id='par_1_1' title="bbox 796 152 1280 184">
     <span class='ocr_line' id='line_1_1' title="bbox 796 152 1280 184; baseline -0.004 -1"><span class='ocrx_word' id='word_1_1' title='bbox 796 156 826 184; x_wconf 81' lang='grc'><strong>8.</strong></span> <span class='ocrx_word' id='word_1_2' title='bbox 845 153 1072 183; x_wconf 72' lang='lat' dir='ltr'><strong>ATHANASIUS.</strong></span> <span class='ocrx_word' id='word_1_3' title='bbox 1093 169 1126 174; x_wconf 85' lang='lat'><strong>——</strong></span> <span class='ocrx_word' id='word_1_4' title='bbox 1146 152 1280 181; x_wconf 69' lang='lat' dir='ltr'><strong>SPCRIA.</strong></span> 
     </span>
    </p>
   </div>
   <div class='ocr_carea' id='block_1_2' title="bbox 1795 151 1844 179">
    <p class='ocr_par' dir='ltr' id='par_1_2' title="bbox 1795 151 1844 179">
     <span class='ocr_line' id='line_1_2' title="bbox 1795 151 1844 179; baseline -0.041 0"><span class='ocrx_word' id='word_1_5' title='bbox 1795 151 1844 179; x_wconf 74' lang='grc' dir='ltr'><strong>8ιί</strong></span> 
     </span>
    </p>
   </div>
   <div class='ocr_carea' id='block_1_3' title="bbox 239 206 1019 251">
    <p class='ocr_par' dir='ltr' id='par_1_3' title="bbox 239 215 1018 251">
     <span class='ocr_line' id='line_1_3' title="bbox 239 215 1018 251; baseline -0.006 -5"><span class='ocrx_word' id='word_1_6' title='bbox 239 218 298 250; x_wconf 84' lang='lat' dir='ltr'><strong>tibi.</strong></span> <span class='ocrx_word' id='word_1_7' title='bbox 312 217 431 248; x_wconf 85' lang='lat' dir='ltr'><strong>Christe,</strong></span> <span class='ocrx_word' id='word_1_8' title='bbox 446 224 526 251; x_wconf 86' lang='lat' dir='ltr'><strong>quem</strong></span> <span class='ocrx_word' id='word_1_9' title='bbox 538 220 629 251; x_wconf 80' lang='lat' dir='ltr'><strong>patres</strong></span> <span class='ocrx_word' id='word_1_10' title='bbox 643 217 731 244; x_wconf 81' lang='lat' dir='ltr'><strong>nostri</strong></span> <span class='ocrx_word' id='word_1_11' title='bbox 747 217 954 247; x_wconf 77' lang='lat' dir='ltr'><strong>cmcilixerunt,</strong></span> <span class='ocrx_word' id='word_1_12' title='bbox 971 215 1018 250; x_wconf 89' lang='lat' dir='ltr'><strong>qui</strong></span> 
     </span>
    </p>
   </div>
   <div class='ocr_carea' id='block_1_4' title="bbox 1071 206 1843 251">
    <p class='ocr_par' dir='ltr' id='par_1_4' title="bbox 1072 206 1843 246">
     <span class='ocr_line' id='line_1_4' title="bbox 1072 206 1843 246; baseline -0.005 -7"><span class='ocrx_word' id='word_1_13' title='bbox 1072 222 1130 244; x_wconf 79' lang='grc' dir='ltr'>σαν,</span> <span class='ocrx_word' id='word_1_14' title='bbox 1144 213 1191 238; x_wconf 80' lang='grc' dir='ltr'>καὶ</span> <span class='ocrx_word' id='word_1_15' title='bbox 1204 213 1250 246; x_wconf 69' lang='grc' dir='ltr'><strong>ἀφ’</strong></span> <span class='ocrx_word' id='word_1_16' title='bbox 1264 210 1343 246; x_wconf 79' lang='grc' dir='ltr'>ἡμῶν</span> <span class='ocrx_word' id='word_1_17' title='bbox 1360 210 1406 238; x_wconf 85' lang='grc' dir='ltr'><strong>νῦν</strong></span> <span class='ocrx_word' id='word_1_18' title='bbox 1415 209 1581 245; x_wconf 72' lang='grc' dir='ltr'>σταυρωθεὶς</span> <span class='ocrx_word' id='word_1_19' title='bbox 1597 209 1642 235; x_wconf 71' lang='grc' dir='ltr'><strong>ἐπὶ</strong></span> <span class='ocrx_word' id='word_1_20' title='bbox 1655 209 1687 244; x_wconf 82' lang='grc' dir='ltr'>τῇ</span> <span class='ocrx_word' id='word_1_21' title='bbox 1702 206 1780 236; x_wconf 76' lang='grc' dir='ltr'>εἰκόνι</span> <span class='ocrx_word' id='word_1_22' title='bbox 1790 218 1843 236; x_wconf 86' lang='grc' dir='ltr'>σου.</span> 
     </span>
    </p>
   </div>
   <div class='ocr_carea' id='block_1_5' title="bbox 235 260 1019 297">
    <p class='ocr_par' dir='ltr' id='par_1_5' title="bbox 235 260 1019 297">
     <span class='ocr_line' id='line_1_5' title="bbox 235 260 1019 297; baseline -0.003 -8"><span class='ocrx_word' id='word_1_23' title='bbox 235 262 292 297; x_wconf 86' lang='lat' dir='ltr'><strong>jam</strong></span> <span class='ocrx_word' id='word_1_24' title='bbox 309 270 324 289; x_wconf 87' lang='lat' dir='ltr'><strong>a</strong></span> <span class='ocrx_word' id='word_1_25' title='bbox 349 262 426 289; x_wconf 91' lang='lat' dir='ltr'><strong>nobis</strong></span> <span class='ocrx_word' id='word_1_26' title='bbox 452 261 478 288; x_wconf 89' lang='lat' dir='ltr'><strong>in</strong></span> <span class='ocrx_word' id='word_1_27' title='bbox 498 262 613 296; x_wconf 76' lang='lat' dir='ltr'><strong>imagine</strong></span> <span class='ocrx_word' id='word_1_28' title='bbox 635 266 681 288; x_wconf 84' lang='lat' dir='ltr'><strong>tua</strong></span> <span class='ocrx_word' id='word_1_29' title='bbox 702 262 850 289; x_wconf 77' lang='lat' dir='ltr'><strong>cruciﬁxus</strong></span> <span class='ocrx_word' id='word_1_30' title='bbox 869 269 909 289; x_wconf 89' lang='lat' dir='ltr'><strong>es.</strong></span> <span class='ocrx_word' id='word_1_31' title='bbox 927 260 1019 288; x_wconf 79' lang='lat' dir='ltr'><strong>Gloria</strong></span> 
     </span>
    </p>
   </div>
   <div class='ocr_carea' id='block_1_6' title="bbox 238 305 1017 340">
    <p class='ocr_par' dir='ltr' id='par_1_6' title="bbox 238 305 1017 340">
     <span class='ocr_line' id='line_1_6' title="bbox 238 305 1017 340; baseline -0.001 -8"><span class='ocrx_word' id='word_1_32' title='bbox 238 307 298 339; x_wconf 82' lang='lat' dir='ltr'><strong>tibi,</strong></span> <span class='ocrx_word' id='word_1_33' title='bbox 317 305 367 332; x_wconf 82' lang='lat' dir='ltr'><strong>Fili</strong></span> <span class='ocrx_word' id='word_1_34' title='bbox 392 305 437 332; x_wconf 88' lang='lat' dir='ltr'><strong>Dci</strong></span> <span class='ocrx_word' id='word_1_35' title='bbox 455 306 579 337; x_wconf 85' lang='lat' dir='ltr'><strong>viventis,</strong></span> <span class='ocrx_word' id='word_1_36' title='bbox 596 306 642 340; x_wconf 90' lang='lat' dir='ltr'><strong>qui</strong></span> <span class='ocrx_word' id='word_1_37' title='bbox 659 310 734 333; x_wconf 85' lang='lat' dir='ltr'><strong>tanta</strong></span> <span class='ocrx_word' id='word_1_38' title='bbox 749 306 858 334; x_wconf 87' lang='lat' dir='ltr'><strong>edidisti</strong></span> <span class='ocrx_word' id='word_1_39' title='bbox 875 306 1017 332; x_wconf 88' lang='lat' dir='ltr'><strong>miracula.</strong></span> 
     </span>
    </p>
   </div>
   <div class='ocr_carea' id='block_1_7' title="bbox 239 350 1019 386">
    <p class='ocr_par' dir='ltr' id='par_1_7' title="bbox 239 350 1019 386">
     <span class='ocr_line' id='line_1_7' title="bbox 239 350 1019 386; baseline -0.003 -8"><span class='ocrx_word' id='word_1_40' title='bbox 239 350 300 378; x_wconf 84' lang='lat' dir='ltr'><strong>Tibi</strong></span> <span class='ocrx_word' id='word_1_41' title='bbox 319 351 455 378; x_wconf 79' lang='lat' dir='ltr'><strong>credimus</strong></span> <span class='ocrx_word' id='word_1_42' title='bbox 477 360 483 377; x_wconf 91' lang='lat'>:</span> <span class='ocrx_word' id='word_1_43' title='bbox 503 351 634 386; x_wconf 83' lang='lat' dir='ltr'><strong>propitius</strong></span> <span class='ocrx_word' id='word_1_44' title='bbox 651 351 729 378; x_wconf 87' lang='lat' dir='ltr'><strong>nobis</strong></span> <span class='ocrx_word' id='word_1_45' title='bbox 742 356 812 384; x_wconf 85' lang='lat' dir='ltr'><strong>esto,</strong></span> <span class='ocrx_word' id='word_1_46' title='bbox 829 355 856 378; x_wconf 90' lang='lat' dir='ltr'><strong>et</strong></span> <span class='ocrx_word' id='word_1_47' title='bbox 878 359 928 378; x_wconf 91' lang='lat' dir='ltr'><strong>nos</strong></span> <span class='ocrx_word' id='word_1_48' title='bbox 951 350 1019 377; x_wconf 85' lang='lat' dir='ltr'><strong>rcci-</strong></span> 
     </span>
    </p>
   </div>
   <div class='ocr_carea' id='block_1_8' title="bbox 240 396 1019 432">
    <p class='ocr_par' dir='ltr' id='par_1_8' title="bbox 240 396 1019 432">
     <span class='ocr_line' id='line_1_8' title="bbox 240 396 1019 432; baseline 0.001 -10"><span class='ocrx_word' id='word_1_49' title='bbox 240 397 305 429; x_wconf 77' lang='lat' dir='ltr'><strong>pito.</strong></span> <span class='ocrx_word' id='word_1_50' title='bbox 330 396 392 423; x_wconf 64' lang='lat' dir='ltr'><strong>Haec</strong></span> <span class='ocrx_word' id='word_1_51' title='bbox 407 404 502 424; x_wconf 89' lang='lat' dir='ltr'><strong>omnes</strong></span> <span class='ocrx_word' id='word_1_52' title='bbox 521 397 690 429; x_wconf 76' lang='lat' dir='ltr'><strong>clamabam,</strong></span> <span class='ocrx_word' id='word_1_53' title='bbox 712 397 853 432; x_wconf 74' lang='lat' dir='ltr'><strong>lugentes;</strong></span> <span class='ocrx_word' id='word_1_54' title='bbox 871 403 1019 431; x_wconf 86' lang='lat' dir='ltr'><strong>eorumque</strong></span> 
     </span>
    </p>
   </div>
   <div class='ocr_carea' id='block_1_9' title="bbox 237 442 1020 477">
    <p class='ocr_par' dir='ltr' id='par_1_9' title="bbox 237 442 1020 477">
     <span class='ocr_line' id='line_1_9' title="bbox 237 442 1020 477; baseline 0 -9"><span class='ocrx_word' id='word_1_55' title='bbox 237 442 341 469; x_wconf 82' lang='lat' dir='ltr'><strong>clamor</strong></span> <span class='ocrx_word' id='word_1_56' title='bbox 357 442 532 474; x_wconf 84' lang='lat' dir='ltr'><strong>ascendebat,</strong></span> <span class='ocrx_word' id='word_1_57' title='bbox 549 442 613 469; x_wconf 90' lang='lat' dir='ltr'><strong>dum</strong></span> <span class='ocrx_word' id='word_1_58' title='bbox 629 447 762 477; x_wconf 86' lang='lat' dir='ltr'><strong>ungerent</strong></span> <span class='ocrx_word' id='word_1_59' title='bbox 777 443 913 477; x_wconf 85' lang='lat' dir='ltr'><strong>principes</strong></span> <span class='ocrx_word' id='word_1_60' title='bbox 928 449 1020 469; x_wconf 85' lang='lat' dir='ltr'><strong>sacer-</strong></span> 
     </span>
    </p>
   </div>
   <div class='ocr_carea' id='block_1_10' title="bbox 237 485 950 521">
    <p class='ocr_par' dir='ltr' id='par_1_10' title="bbox 237 485 950 521">
     <span class='ocr_line' id='line_1_10' title="bbox 237 485 950 521; baseline 0.003 -9"><span class='ocrx_word' id='word_1_61' title='bbox 237 485 342 517; x_wconf 90' lang='lat' dir='ltr'><strong>dotum,</strong></span> <span class='ocrx_word' id='word_1_62' title='bbox 356 493 506 521; x_wconf 82' lang='lat' dir='ltr'><strong>omnesque</strong></span> <span class='ocrx_word' id='word_1_63' title='bbox 522 491 684 514; x_wconf 74' lang='lat' dir='ltr'><strong>curarentur</strong></span> <span class='ocrx_word' id='word_1_64' title='bbox 704 492 730 515; x_wconf 89' lang='lat' dir='ltr'><strong>et</strong></span> <span class='ocrx_word' id='word_1_65' title='bbox 749 488 950 514; x_wconf 82' lang='lat' dir='ltr'><strong>reviviscerent.</strong></span> 
     </span>
    </p>
   </div>
   <div class='ocr_carea' id='block_1_11' title="bbox 274 532 1019 568">
    <p class='ocr_par' dir='ltr' id='par_1_11' title="bbox 274 532 1019 568">
     <span class='ocr_line' id='line_1_11' title="bbox 274 532 1019 568; baseline -0.001 -9"><span class='ocrx_word' id='word_1_66' title='bbox 274 533 298 560; x_wconf 86' lang='lat'><strong>&#39;1.</strong></span> <span class='ocrx_word' id='word_1_67' title='bbox 317 532 462 568; x_wconf 80' lang='lat' dir='ltr'><strong>Postquam</strong></span> <span class='ocrx_word' id='word_1_68' title='bbox 478 537 568 559; x_wconf 85' lang='lat' dir='ltr'><strong>autent</strong></span> <span class='ocrx_word' id='word_1_69' title='bbox 592 533 679 559; x_wconf 87' lang='lat' dir='ltr'><strong>sanati</strong></span> <span class='ocrx_word' id='word_1_70' title='bbox 696 540 791 560; x_wconf 86' lang='lat' dir='ltr'><strong>omnes</strong></span> <span class='ocrx_word' id='word_1_71' title='bbox 815 533 943 564; x_wconf 81' lang='lat' dir='ltr'><strong>fuissent,</strong></span> <span class='ocrx_word' id='word_1_72' title='bbox 959 539 1019 559; x_wconf 90' lang='lat' dir='ltr'><strong>tur-</strong></span> 
     </span>
    </p>
   </div>
   <div class='ocr_carea' id='block_1_12' title="bbox 237 577 1019 613">
    <p class='ocr_par' dir='ltr' id='par_1_12' title="bbox 237 577 1019 613">
     <span class='ocr_line' id='line_1_12' title="bbox 237 577 1019 613; baseline -0.003 -7"><span class='ocrx_word' id='word_1_73' title='bbox 237 579 278 606; x_wconf 60' lang='lat' dir='ltr'><strong>ba:</strong></span> <span class='ocrx_word' id='word_1_74' title='bbox 292 577 446 605; x_wconf 65' lang='lat' dir='ltr'><strong>Iudaeorum</strong></span> <span class='ocrx_word' id='word_1_75' title='bbox 472 577 505 604; x_wconf 89' lang='lat' dir='ltr'><strong>ad</strong></span> <span class='ocrx_word' id='word_1_76' title='bbox 534 578 691 613; x_wconf 84' lang='lat' dir='ltr'><strong>episcopum</strong></span> <span class='ocrx_word' id='word_1_77' title='bbox 721 579 794 605; x_wconf 88' lang='lat' dir='ltr'><strong>illius</strong></span> <span class='ocrx_word' id='word_1_78' title='bbox 811 578 949 609; x_wconf 65' lang='lat' dir='ltr'><strong>Ecclesiae.</strong></span> <span class='ocrx_word' id='word_1_79' title='bbox 973 578 1019 612; x_wconf 87' lang='lat' dir='ltr'><strong>qui</strong></span> 
     </span>
    </p>
   </div>
   <div class='ocr_carea' id='block_1_13' title="bbox 239 623 1017 659">
    <p class='ocr_par' dir='ltr' id='par_1_13' title="bbox 239 623 1017 659">
     <span class='ocr_line' id='line_1_13' title="bbox 239 623 1017 659; baseline 0 -9"><span class='ocrx_word' id='word_1_80' title='bbox 239 632 294 650; x_wconf 87' lang='lat' dir='ltr'><strong>rem</strong></span> <span class='ocrx_word' id='word_1_81' title='bbox 309 628 411 659; x_wconf 79' lang='lat' dir='ltr'><strong>gestam</strong></span> <span class='ocrx_word' id='word_1_82' title='bbox 430 623 486 658; x_wconf 86' lang='lat' dir='ltr'><strong>jam</strong></span> <span class='ocrx_word' id='word_1_83' title='bbox 500 623 642 655; x_wconf 81' lang='lat' dir='ltr'><strong>didicerat,</strong></span> <span class='ocrx_word' id='word_1_84' title='bbox 660 631 835 655; x_wconf 85' lang='lat' dir='ltr'><strong>concurrere,</strong></span> <span class='ocrx_word' id='word_1_85' title='bbox 848 623 997 650; x_wconf 85' lang='lat' dir='ltr'><strong>clamantes</strong></span> <span class='ocrx_word' id='word_1_86' title='bbox 1012 632 1017 649; x_wconf 91' lang='lat'>:</span> 
     </span>
    </p>
   </div>
   <div class='ocr_carea' id='block_1_14' title="bbox 238 669 1018 704">
    <p class='ocr_par' dir='ltr' id='par_1_14' title="bbox 238 669 1018 704">
     <span class='ocr_line' id='line_1_14' title="bbox 238 669 1018 704; baseline -0.003 -7"><span class='ocrx_word' id='word_1_87' title='bbox 238 670 314 698; x_wconf 85' lang='lat' dir='ltr'><strong>Unus</strong></span> <span class='ocrx_word' id='word_1_88' title='bbox 340 670 412 697; x_wconf 86' lang='lat' dir='ltr'><strong>Deus</strong></span> <span class='ocrx_word' id='word_1_89' title='bbox 437 669 538 702; x_wconf 84' lang='lat' dir='ltr'><strong>Pater,</strong></span> <span class='ocrx_word' id='word_1_90' title='bbox 559 677 630 697; x_wconf 85' lang='lat' dir='ltr'><strong>unus</strong></span> <span class='ocrx_word' id='word_1_91' title='bbox 653 669 738 697; x_wconf 88' lang='lat' dir='ltr'><strong>Filius</strong></span> <span class='ocrx_word' id='word_1_92' title='bbox 768 670 827 704; x_wconf 85' lang='lat' dir='ltr'><strong>ejus</strong></span> <span class='ocrx_word' id='word_1_93' title='bbox 853 669 1018 704; x_wconf 81' lang='lat' dir='ltr'><strong>unigenitus,</strong></span> 
     </span>
    </p>
   </div>
   <div class='ocr_carea' id='block_1_15' title="bbox 238 714 1018 750">
    <p class='ocr_par' dir='ltr' id='par_1_15' title="bbox 238 714 1018 750">
     <span class='ocr_line' id='line_1_15' title="bbox 238 714 1018 750; baseline -0.004 -7"><span class='ocrx_word' id='word_1_94' title='bbox 238 723 310 743; x_wconf 89' lang='lat' dir='ltr'><strong>unus</strong></span> <span class='ocrx_word' id='word_1_95' title='bbox 330 715 466 746; x_wconf 85' lang='lat' dir='ltr'><strong>Christus,</strong></span> <span class='ocrx_word' id='word_1_96' title='bbox 487 722 567 750; x_wconf 84' lang='lat' dir='ltr'><strong>quem</strong></span> <span class='ocrx_word' id='word_1_97' title='bbox 591 719 682 749; x_wconf 83' lang='lat' dir='ltr'><strong>patres</strong></span> <span class='ocrx_word' id='word_1_98' title='bbox 702 715 789 741; x_wconf 86' lang='lat' dir='ltr'><strong>nostri</strong></span> <span class='ocrx_word' id='word_1_99' title='bbox 803 714 1018 741; x_wconf 79' lang='lat' dir='ltr'><strong>cruciﬁxerunt:</strong></span> 
     </span>
    </p>
   </div>
   <div class='ocr_carea' id='block_1_16' title="bbox 238 759 1019 796">
    <p class='ocr_par' dir='ltr' id='par_1_16' title="bbox 238 759 1019 796">
     <span class='ocr_line' id='line_1_16' title="bbox 238 759 1019 796; baseline -0.003 -7"><span class='ocrx_word' id='word_1_100' title='bbox 238 761 326 796; x_wconf 88' lang='lat' dir='ltr'><strong>ipsum</strong></span> <span class='ocrx_word' id='word_1_101' title='bbox 348 768 409 788; x_wconf 87' lang='lat' dir='ltr'><strong>esse</strong></span> <span class='ocrx_word' id='word_1_102' title='bbox 425 760 507 788; x_wconf 87' lang='lat' dir='ltr'><strong>Deum</strong></span> <span class='ocrx_word' id='word_1_103' title='bbox 523 761 634 792; x_wconf 88' lang='lat' dir='ltr'><strong>scimus,</strong></span> <span class='ocrx_word' id='word_1_104' title='bbox 649 760 712 787; x_wconf 87' lang='lat' dir='ltr'><strong>huic</strong></span> <span class='ocrx_word' id='word_1_105' title='bbox 729 768 778 787; x_wconf 88' lang='lat' dir='ltr'><strong>nos</strong></span> <span class='ocrx_word' id='word_1_106' title='bbox 792 760 939 788; x_wconf 85' lang='lat' dir='ltr'><strong>credimus.</strong></span> <span class='ocrx_word' id='word_1_107' title='bbox 951 759 1019 787; x_wconf 86' lang='lat' dir='ltr'><strong>Cum</strong></span> 
     </span>
    </p>
   </div>
   <div class='ocr_carea' id='block_1_17' title="bbox 237 805 1021 841">
    <p class='ocr_par' dir='ltr' id='par_1_17' title="bbox 237 805 1021 841">
     <span class='ocr_line' id='line_1_17' title="bbox 237 805 1021 841; baseline -0.001 -9"><span class='ocrx_word' id='word_1_108' title='bbox 237 806 331 834; x_wconf 86' lang='lat' dir='ltr'><strong>multis</strong></span> <span class='ocrx_word' id='word_1_109' title='bbox 355 813 420 841; x_wconf 83' lang='lat' dir='ltr'><strong>ergo</strong></span> <span class='ocrx_word' id='word_1_110' title='bbox 444 806 570 833; x_wconf 91' lang='lat' dir='ltr'><strong>laudibus</strong></span> <span class='ocrx_word' id='word_1_111' title='bbox 595 805 679 832; x_wconf 90' lang='lat' dir='ltr'><strong>Deum</strong></span> <span class='ocrx_word' id='word_1_112' title='bbox 704 805 900 837; x_wconf 81' lang='lat' dir='ltr'><strong>eelebrassent,</strong></span> <span class='ocrx_word' id='word_1_113' title='bbox 925 805 1021 840; x_wconf 82' lang='lat' dir='ltr'><strong>imagi-</strong></span> 
     </span>
    </p>
   </div>
   <div class='ocr_carea' id='block_1_18' title="bbox 238 851 1020 887">
    <p class='ocr_par' dir='ltr' id='par_1_18' title="bbox 238 851 1020 887">
     <span class='ocr_line' id='line_1_18' title="bbox 238 851 1020 887; baseline -0.003 -8"><span class='ocrx_word' id='word_1_114' title='bbox 238 860 352 887; x_wconf 88' lang='lat' dir='ltr'><strong>nemque</strong></span> <span class='ocrx_word' id='word_1_115' title='bbox 373 851 577 887; x_wconf 84' lang='lat' dir='ltr'><strong>archiepiscopo</strong></span> <span class='ocrx_word' id='word_1_116' title='bbox 592 851 784 882; x_wconf 84' lang='lat' dir='ltr'><strong>ostendissent,</strong></span> <span class='ocrx_word' id='word_1_117' title='bbox 803 851 1020 879; x_wconf 84' lang='lat' dir='ltr'><strong>renuntiassent-</strong></span> 
     </span>
    </p>
   </div>
   <div class='ocr_carea' id='block_1_19' title="bbox 1070 255 1844 291">
    <p class='ocr_par' dir='ltr' id='par_1_19' title="bbox 1070 255 1844 291">
     <span class='ocr_line' id='line_1_19' title="bbox 1070 255 1844 291; baseline -0.006 -5"><span class='ocrx_word' id='word_1_118' title='bbox 1070 260 1137 291; x_wconf 73' lang='grc' dir='ltr'><strong>Δόξα</strong></span> <span class='ocrx_word' id='word_1_119' title='bbox 1155 267 1205 290; x_wconf 85' lang='grc' dir='ltr'>σοι,</span> <span class='ocrx_word' id='word_1_120' title='bbox 1220 259 1269 284; x_wconf 78' lang='grc' dir='ltr'><strong>Υἱὲ</strong></span> <span class='ocrx_word' id='word_1_121' title='bbox 1284 258 1331 284; x_wconf 81' lang='grc' dir='ltr'><strong>τοῦ</strong></span> <span class='ocrx_word' id='word_1_122' title='bbox 1344 257 1411 283; x_wconf 80' lang='grc' dir='ltr'>Θεοῦ</span> <span class='ocrx_word' id='word_1_123' title='bbox 1426 256 1472 283; x_wconf 80' lang='grc' dir='ltr'><strong>τοῦ</strong></span> <span class='ocrx_word' id='word_1_124' title='bbox 1491 256 1600 288; x_wconf 78' lang='grc' dir='ltr'>ζῶντος,</span> <span class='ocrx_word' id='word_1_125' title='bbox 1614 257 1627 282; x_wconf 88' lang='grc' dir='ltr'>ὁ</span> <span class='ocrx_word' id='word_1_126' title='bbox 1640 255 1754 282; x_wconf 79' lang='grc' dir='ltr'>τοσαῦτα</span> <span class='ocrx_word' id='word_1_127' title='bbox 1770 257 1844 290; x_wconf 82' lang='grc' dir='ltr'>ποιή-</span> 
     </span>
    </p>
   </div>
   <div class='ocr_carea' id='block_1_20' title="bbox 1071 302 1844 340">
    <p class='ocr_par' dir='ltr' id='par_1_20' title="bbox 1071 302 1844 340">
     <span class='ocr_line' id='line_1_20' title="bbox 1071 302 1844 340; baseline -0.008 -7"><span class='ocrx_word' id='word_1_128' title='bbox 1071 315 1120 337; x_wconf 80' lang='grc' dir='ltr'><strong>σας</strong></span> <span class='ocrx_word' id='word_1_129' title='bbox 1145 305 1292 340; x_wconf 82' lang='grc' dir='ltr'>θαυμάσια..</span> <span class='ocrx_word' id='word_1_130' title='bbox 1316 304 1361 330; x_wconf 77' lang='grc' dir='ltr'>Σοὶ</span> <span class='ocrx_word' id='word_1_131' title='bbox 1384 302 1561 337; x_wconf 75' lang='grc' dir='ltr'>πιστεύομεν·</span> <span class='ocrx_word' id='word_1_132' title='bbox 1584 302 1661 333; x_wconf 85' lang='grc' dir='ltr'>ἵλεως</span> <span class='ocrx_word' id='word_1_133' title='bbox 1684 303 1747 336; x_wconf 81' lang='grc' dir='ltr'>ἡμῖν</span> <span class='ocrx_word' id='word_1_134' title='bbox 1763 302 1844 335; x_wconf 79' lang='grc' dir='ltr'>γενοῦ,</span> 
     </span>
    </p>
   </div>
   <div class='ocr_carea' id='block_1_21' title="bbox 1070 347 1844 386">
    <p class='ocr_par' dir='ltr' id='par_1_21' title="bbox 1070 347 1844 386">
     <span class='ocr_line' id='line_1_21' title="bbox 1070 347 1844 386; baseline -0.009 -7"><span class='ocrx_word' id='word_1_135' title='bbox 1070 353 1116 379; x_wconf 77' lang='grc' dir='ltr'><strong>καὶ</strong></span> <span class='ocrx_word' id='word_1_136' title='bbox 1129 352 1202 384; x_wconf 81' lang='grc' dir='ltr'>δέξαι</span> <span class='ocrx_word' id='word_1_137' title='bbox 1220 351 1302 386; x_wconf 76' lang='grc' dir='ltr'>ἡμᾶς.</span> <span class='ocrx_word' id='word_1_138' title='bbox 1323 348 1416 375; x_wconf 83' lang='grc' dir='ltr'>Ταῦτα</span> <span class='ocrx_word' id='word_1_139' title='bbox 1433 349 1516 374; x_wconf 76' lang='grc' dir='ltr'>ὲὸόων</span> <span class='ocrx_word' id='word_1_140' title='bbox 1534 347 1653 378; x_wconf 78' lang='grc' dir='ltr'>ἅπαντες</span> <span class='ocrx_word' id='word_1_141' title='bbox 1679 347 1844 378; x_wconf 75' lang='grc' dir='ltr'>πενθοῦντες·</span> 
     </span>
    </p>
   </div>
   <div class='ocr_carea' id='block_1_22' title="bbox 1070 393 1846 430">
    <p class='ocr_par' dir='ltr' id='par_1_22' title="bbox 1070 393 1846 430">
     <span class='ocr_line' id='line_1_22' title="bbox 1070 393 1846 430; baseline -0.008 -6"><span class='ocrx_word' id='word_1_142' title='bbox 1070 399 1116 425; x_wconf 72' lang='grc' dir='ltr'><strong>καὶ</strong></span> <span class='ocrx_word' id='word_1_143' title='bbox 1132 398 1158 424; x_wconf 80' lang='grc' dir='ltr'><strong>αἱ</strong></span> <span class='ocrx_word' id='word_1_144' title='bbox 1171 397 1230 430; x_wconf 69' lang='grc' dir='ltr'>βοαὶ</span> <span class='ocrx_word' id='word_1_145' title='bbox 1239 395 1325 422; x_wconf 82' lang='grc' dir='ltr'>αὐτῶν</span> <span class='ocrx_word' id='word_1_146' title='bbox 1338 395 1535 429; x_wconf 77' lang='grc' dir='ltr'><strong>ἀνεπέμποντο,</strong></span> <span class='ocrx_word' id='word_1_147' title='bbox 1555 393 1703 428; x_wconf 79' lang='grc' dir='ltr'>ἀρχιερέων</span> <span class='ocrx_word' id='word_1_148' title='bbox 1714 395 1846 428; x_wconf 72' lang='grc' dir='ltr'>χριόντων,</span> 
     </span>
    </p>
   </div>
   <div class='ocr_carea' id='block_1_23' title="bbox 1070 439 1781 478">
    <p class='ocr_par' dir='ltr' id='par_1_23' title="bbox 1070 439 1781 478">
     <span class='ocr_line' id='line_1_23' title="bbox 1070 439 1781 478; baseline -0.008 -7"><span class='ocrx_word' id='word_1_149' title='bbox 1070 445 1117 471; x_wconf 77' lang='grc' dir='ltr'>καὶ</span> <span class='ocrx_word' id='word_1_150' title='bbox 1133 443 1241 471; x_wconf 79' lang='grc' dir='ltr'>πάντων</span> <span class='ocrx_word' id='word_1_151' title='bbox 1257 441 1482 478; x_wconf 80' lang='grc' dir='ltr'><strong>θεραπευομένων</strong></span> <span class='ocrx_word' id='word_1_152' title='bbox 1495 441 1541 466; x_wconf 79' lang='grc' dir='ltr'><strong>καὶ</strong></span> <span class='ocrx_word' id='word_1_153' title='bbox 1551 439 1781 474; x_wconf 74' lang='grc' dir='ltr'>ζωοποιουμένων.</span> 
     </span>
    </p>
   </div>
   <div class='ocr_carea' id='block_1_24' title="bbox 1109 527 1846 565">
    <p class='ocr_par' dir='ltr' id='par_1_24' title="bbox 1109 527 1846 565">
     <span class='ocr_line' id='line_1_24' title="bbox 1109 527 1846 565; baseline -0.009 -4"><span class='ocrx_word' id='word_1_154' title='bbox 1109 535 1134 561; x_wconf 88' lang='lat'><strong>7.</strong></span> <span class='ocrx_word' id='word_1_155' title='bbox 1146 533 1223 561; x_wconf 70' lang='grc' dir='ltr'>Μετὰ</span> <span class='ocrx_word' id='word_1_156' title='bbox 1234 533 1261 560; x_wconf 80' lang='grc' dir='ltr'><strong>δὲ</strong></span> <span class='ocrx_word' id='word_1_157' title='bbox 1275 533 1305 559; x_wconf 79' lang='grc' dir='ltr'>τὸ</span> <span class='ocrx_word' id='word_1_158' title='bbox 1322 533 1425 563; x_wconf 78' lang='grc' dir='ltr'>πάντας</span> <span class='ocrx_word' id='word_1_159' title='bbox 1443 530 1558 565; x_wconf 78' lang='grc' dir='ltr'>ἰαθῆναι,</span> <span class='ocrx_word' id='word_1_160' title='bbox 1573 527 1650 561; x_wconf 82' lang='grc' dir='ltr'>αὖθις</span> <span class='ocrx_word' id='word_1_161' title='bbox 1664 529 1731 564; x_wconf 75' lang='grc' dir='ltr'>προς</span> <span class='ocrx_word' id='word_1_162' title='bbox 1748 529 1846 555; x_wconf 76' lang='grc' dir='ltr'>ἐπίσκο-</span> 
     </span>
    </p>
   </div>
   <div class='ocr_carea' id='block_1_25' title="bbox 1072 574 1847 615">
    <p class='ocr_par' dir='ltr' id='par_1_25' title="bbox 1072 574 1847 615">
     <span class='ocr_line' id='line_1_25' title="bbox 1072 574 1847 615; baseline -0.01 -8"><span class='ocrx_word' id='word_1_163' title='bbox 1072 590 1120 608; x_wconf 86' lang='grc' dir='ltr'><strong>πον</strong></span> <span class='ocrx_word' id='word_1_164' title='bbox 1135 581 1183 615; x_wconf 82' lang='grc' dir='ltr'><strong>τῆς</strong></span> <span class='ocrx_word' id='word_1_165' title='bbox 1192 580 1281 606; x_wconf 77' lang='grc' dir='ltr'>ἐκεῖσε</span> <span class='ocrx_word' id='word_1_166' title='bbox 1290 578 1460 612; x_wconf 83' lang='grc' dir='ltr'>Ἐκκλησίας,</span> <span class='ocrx_word' id='word_1_167' title='bbox 1470 577 1518 612; x_wconf 73' lang='grc' dir='ltr'><strong>ήδη</strong></span> <span class='ocrx_word' id='word_1_168' title='bbox 1533 575 1724 611; x_wconf 75' lang='grc' dir='ltr'>μεμαθηκόντα</span> <span class='ocrx_word' id='word_1_169' title='bbox 1737 574 1769 600; x_wconf 85' lang='grc' dir='ltr'>τὰ</span> <span class='ocrx_word' id='word_1_170' title='bbox 1783 575 1847 607; x_wconf 70' lang='grc' dir='ltr'>γενο-</span> 
     </span>
    </p>
   </div>
   <div class='ocr_carea' id='block_1_26' title="bbox 1074 620 1845 662">
    <p class='ocr_par' dir='ltr' id='par_1_26' title="bbox 1074 620 1845 662">
     <span class='ocr_line' id='line_1_26' title="bbox 1074 620 1845 662; baseline -0.009 -10"><span class='ocrx_word' id='word_1_171' title='bbox 1074 636 1152 662; x_wconf 85' lang='grc' dir='ltr'>μενα,</span> <span class='ocrx_word' id='word_1_172' title='bbox 1166 626 1199 652; x_wconf 76' lang='grc' dir='ltr'>τὰ</span> <span class='ocrx_word' id='word_1_173' title='bbox 1217 624 1305 660; x_wconf 80' lang='grc' dir='ltr'>πλήθη</span> <span class='ocrx_word' id='word_1_174' title='bbox 1320 624 1374 650; x_wconf 83' lang='grc' dir='ltr'><strong>τῶν</strong></span> <span class='ocrx_word' id='word_1_175' title='bbox 1388 623 1522 650; x_wconf 85' lang='grc' dir='ltr'>Ἰουδαίων</span> <span class='ocrx_word' id='word_1_176' title='bbox 1540 622 1722 657; x_wconf 81' lang='grc' dir='ltr'>κατέδραμον,</span> <span class='ocrx_word' id='word_1_177' title='bbox 1740 620 1845 655; x_wconf 69' lang='grc' dir='ltr'>κράζον-</span> 
     </span>
    </p>
   </div>
   <div class='ocr_carea' id='block_1_27' title="bbox 1069 667 1844 706">
    <p class='ocr_par' dir='ltr' id='par_1_27' title="bbox 1069 667 1844 706">
     <span class='ocr_line' id='line_1_27' title="bbox 1069 667 1844 706; baseline -0.008 -8"><span class='ocrx_word' id='word_1_178' title='bbox 1069 681 1129 704; x_wconf 88' lang='grc' dir='ltr'>τες·</span> <span class='ocrx_word' id='word_1_179' title='bbox 1147 669 1194 703; x_wconf 80' lang='grc' dir='ltr'><strong>Εἷς</strong></span> <span class='ocrx_word' id='word_1_180' title='bbox 1213 671 1278 702; x_wconf 75' lang='grc' dir='ltr'>Θεὸς</span> <span class='ocrx_word' id='word_1_181' title='bbox 1298 672 1312 697; x_wconf 87' lang='grc' dir='ltr'>ὁ</span> <span class='ocrx_word' id='word_1_182' title='bbox 1333 670 1438 706; x_wconf 70' lang='grc' dir='ltr'>Πατὴρ,</span> <span class='ocrx_word' id='word_1_183' title='bbox 1465 667 1505 700; x_wconf 80' lang='grc' dir='ltr'>εἷς</span> <span class='ocrx_word' id='word_1_184' title='bbox 1519 668 1582 700; x_wconf 74' lang='grc' dir='ltr'>Υἱὸς</span> <span class='ocrx_word' id='word_1_185' title='bbox 1602 667 1683 693; x_wconf 76' lang='grc' dir='ltr'>αὐτοῦ</span> <span class='ocrx_word' id='word_1_186' title='bbox 1700 667 1844 702; x_wconf 72' lang='grc' dir='ltr'>μονογενὴς,</span> 
     </span>
    </p>
   </div>
   <div class='ocr_carea' id='block_1_28' title="bbox 1070 712 1845 753">
    <p class='ocr_par' dir='ltr' id='par_1_28' title="bbox 1070 712 1845 753">
     <span class='ocr_line' id='line_1_28' title="bbox 1070 712 1845 753; baseline -0.008 -10"><span class='ocrx_word' id='word_1_187' title='bbox 1070 716 1110 749; x_wconf 71' lang='grc' dir='ltr'>εἷς</span> <span class='ocrx_word' id='word_1_188' title='bbox 1126 717 1241 753; x_wconf 76' lang='grc' dir='ltr'>Χριστὸς</span> <span class='ocrx_word' id='word_1_189' title='bbox 1256 716 1285 742; x_wconf 82' lang='grc' dir='ltr'>ὃν</span> <span class='ocrx_word' id='word_1_190' title='bbox 1298 717 1322 742; x_wconf 90' lang='grc' dir='ltr'>οἱ</span> <span class='ocrx_word' id='word_1_191' title='bbox 1340 716 1456 751; x_wconf 81' lang='grc' dir='ltr'>πατέρες</span> <span class='ocrx_word' id='word_1_192' title='bbox 1469 714 1547 750; x_wconf 82' lang='grc' dir='ltr'>ἡμῶν</span> <span class='ocrx_word' id='word_1_193' title='bbox 1561 713 1737 748; x_wconf 69' lang='grc' dir='ltr'>ἐσταύρωσαν</span> <span class='ocrx_word' id='word_1_194' title='bbox 1749 721 1755 727; x_wconf 93' lang='grc'><strong>·</strong></span> <span class='ocrx_word' id='word_1_195' title='bbox 1773 712 1845 738; x_wconf 72' lang='grc' dir='ltr'>αὑτὸν</span> 
     </span>
    </p>
   </div>
   <div class='ocr_carea' id='block_1_29' title="bbox 1070 755 1844 797">
    <p class='ocr_par' dir='ltr' id='par_1_29' title="bbox 1070 755 1844 797">
     <span class='ocr_line' id='line_1_29' title="bbox 1070 755 1844 797; baseline -0.008 -8"><span class='ocrx_word' id='word_1_196' title='bbox 1070 763 1134 789; x_wconf 79' lang='grc' dir='ltr'>Θεὸν</span> <span class='ocrx_word' id='word_1_197' title='bbox 1149 763 1268 797; x_wconf 79' lang='grc' dir='ltr'>οἴδαμεν,</span> <span class='ocrx_word' id='word_1_198' title='bbox 1280 762 1366 796; x_wconf 86' lang='grc' dir='ltr'>τούτῳ</span> <span class='ocrx_word' id='word_1_199' title='bbox 1387 763 1466 796; x_wconf 74' lang='grc' dir='ltr'>ἡμεῖς</span> <span class='ocrx_word' id='word_1_200' title='bbox 1482 759 1653 794; x_wconf 81' lang='grc' dir='ltr'>πιστεύομεν.</span> <span class='ocrx_word' id='word_1_201' title='bbox 1683 758 1792 789; x_wconf 80' lang='grc' dir='ltr'>Πολλαῖς</span> <span class='ocrx_word' id='word_1_202' title='bbox 1804 755 1844 784; x_wconf 76' lang='grc' dir='ltr'>οὖν</span> 
     </span>
    </p>
   </div>
   <div class='ocr_carea' id='block_1_30' title="bbox 1070 804 1845 844">
    <p class='ocr_par' dir='ltr' id='par_1_30' title="bbox 1070 804 1845 844">
     <span class='ocr_line' id='line_1_30' title="bbox 1070 804 1845 844; baseline -0.008 -9"><span class='ocrx_word' id='word_1_203' title='bbox 1070 808 1218 844; x_wconf 67' lang='grc' dir='ltr'>εὐφημίαις</span> <span class='ocrx_word' id='word_1_204' title='bbox 1229 808 1389 839; x_wconf 81' lang='grc' dir='ltr'>δοξάσαντες</span> <span class='ocrx_word' id='word_1_205' title='bbox 1401 807 1446 833; x_wconf 72' lang='grc' dir='ltr'>τὸν</span> <span class='ocrx_word' id='word_1_206' title='bbox 1459 805 1535 836; x_wconf 81' lang='grc' dir='ltr'>Θεὸν,</span> <span class='ocrx_word' id='word_1_207' title='bbox 1550 806 1598 840; x_wconf 87' lang='grc' dir='ltr'>τήν</span> <span class='ocrx_word' id='word_1_208' title='bbox 1611 813 1640 831; x_wconf 86' lang='grc' dir='ltr'><strong>τε</strong></span> <span class='ocrx_word' id='word_1_209' title='bbox 1655 805 1744 831; x_wconf 78' lang='grc' dir='ltr'>εἰκόνα</span> <span class='ocrx_word' id='word_1_210' title='bbox 1756 804 1791 838; x_wconf 85' lang='grc' dir='ltr'>τῷ</span> <span class='ocrx_word' id='word_1_211' title='bbox 1801 804 1845 838; x_wconf 81' lang='grc' dir='ltr'><strong>ἀρ-</strong></span> 
     </span>
    </p>
   </div>
   <div class='ocr_carea' id='block_1_31' title="bbox 1070 850 1843 889">
    <p class='ocr_par' dir='ltr' id='par_1_31' title="bbox 1070 850 1843 889">
     <span class='ocr_line' id='line_1_31' title="bbox 1070 850 1843 889; baseline -0.008 -8"><span class='ocrx_word' id='word_1_212' title='bbox 1070 854 1240 889; x_wconf 75' lang='grc' dir='ltr'>χιεπισκόπῳ</span> <span class='ocrx_word' id='word_1_213' title='bbox 1262 852 1407 885; x_wconf 79' lang='grc' dir='ltr'>δείξαντες,</span> <span class='ocrx_word' id='word_1_214' title='bbox 1429 853 1477 878; x_wconf 78' lang='grc' dir='ltr'>καὶ</span> <span class='ocrx_word' id='word_1_215' title='bbox 1496 851 1713 886; x_wconf 82' lang='grc' dir='ltr'>ἀπαγγείλαντες</span> <span class='ocrx_word' id='word_1_216' title='bbox 1727 850 1743 877; x_wconf 81' lang='grc' dir='ltr'><strong>ἆ</strong></span> <span class='ocrx_word' id='word_1_217' title='bbox 1758 850 1843 885; x_wconf 75' lang='grc' dir='ltr'>ἐποίη-</span> 
     </span>
    </p>
   </div>
   <div class='ocr_carea' id='block_1_32' title="bbox 236 895 1019 935">
    <p class='ocr_par' dir='ltr' id='par_1_32' title="bbox 236 895 1018 932">
     <span class='ocr_line' id='line_1_32' title="bbox 236 895 1018 932; baseline -0.001 -8"><span class='ocrx_word' id='word_1_218' title='bbox 236 904 290 931; x_wconf 87' lang='lat' dir='ltr'><strong>que</strong></span> <span class='ocrx_word' id='word_1_219' title='bbox 304 903 336 924; x_wconf 88' lang='lat' dir='ltr'><strong>ea</strong></span> <span class='ocrx_word' id='word_1_220' title='bbox 357 903 418 930; x_wconf 66' lang='lat' dir='ltr'><strong>quae</strong></span> <span class='ocrx_word' id='word_1_221' title='bbox 432 896 483 931; x_wconf 91' lang='lat' dir='ltr'><strong>ipsi</strong></span> <span class='ocrx_word' id='word_1_222' title='bbox 499 899 724 931; x_wconf 89' lang='lat' dir='ltr'><strong>perpetraveraut</strong></span> <span class='ocrx_word' id='word_1_223' title='bbox 746 895 774 922; x_wconf 92' lang='lat' dir='ltr'><strong>in</strong></span> <span class='ocrx_word' id='word_1_224' title='bbox 795 895 897 924; x_wconf 87' lang='lat' dir='ltr'><strong>Christi</strong></span> <span class='ocrx_word' id='word_1_225' title='bbox 921 897 1018 932; x_wconf 76' lang='lat' dir='ltr'><strong>imagi-</strong></span> 
     </span>
    </p>
   </div>
   <div class='ocr_carea' id='block_1_33' title="bbox 1071 895 1843 935">
    <p class='ocr_par' dir='ltr' id='par_1_33' title="bbox 1071 895 1843 935">
     <span class='ocr_line' id='line_1_33' title="bbox 1071 895 1843 935; baseline -0.006 -8"><span class='ocrx_word' id='word_1_226' title='bbox 1071 909 1118 927; x_wconf 90' lang='grc' dir='ltr'><strong>σαν</strong></span> <span class='ocrx_word' id='word_1_227' title='bbox 1135 900 1183 935; x_wconf 82' lang='grc' dir='ltr'><strong>τὴν</strong></span> <span class='ocrx_word' id='word_1_228' title='bbox 1197 899 1244 926; x_wconf 84' lang='grc' dir='ltr'><strong>τοῦ</strong></span> <span class='ocrx_word' id='word_1_229' title='bbox 1260 899 1378 935; x_wconf 79' lang='grc' dir='ltr'><strong>Χριστοῦ</strong></span> <span class='ocrx_word' id='word_1_230' title='bbox 1396 899 1496 929; x_wconf 83' lang='grc' dir='ltr'>εἰκόνα,</span> <span class='ocrx_word' id='word_1_231' title='bbox 1508 898 1537 924; x_wconf 86' lang='grc' dir='ltr'>τό</span> <span class='ocrx_word' id='word_1_232' title='bbox 1554 907 1583 924; x_wconf 77' lang='grc' dir='ltr'><strong>τε</strong></span> <span class='ocrx_word' id='word_1_233' title='bbox 1598 895 1669 933; x_wconf 75' lang='grc' dir='ltr'>αἷμα</span> <span class='ocrx_word' id='word_1_234' title='bbox 1684 898 1729 924; x_wconf 70' lang='grc' dir='ltr'><strong>καὶ</strong></span> <span class='ocrx_word' id='word_1_235' title='bbox 1740 897 1768 923; x_wconf 85' lang='grc' dir='ltr'>τὸ</span> <span class='ocrx_word' id='word_1_236' title='bbox 1781 896 1843 931; x_wconf 71' lang='grc' dir='ltr'>ὕδωρ</span> 
     </span>
    </p>
   </div>
   <div class='ocr_carea' id='block_1_34' title="bbox 236 941 1021 977">
    <p class='ocr_par' dir='ltr' id='par_1_34' title="bbox 236 941 1021 977">
     <span class='ocr_line' id='line_1_34' title="bbox 236 941 1021 977; baseline 0 -8"><span class='ocrx_word' id='word_1_237' title='bbox 236 949 309 974; x_wconf 88' lang='lat' dir='ltr'><strong>nem,</strong></span> <span class='ocrx_word' id='word_1_238' title='bbox 323 942 424 976; x_wconf 87' lang='lat' dir='ltr'><strong>pariter</strong></span> <span class='ocrx_word' id='word_1_239' title='bbox 436 941 593 969; x_wconf 87' lang='lat' dir='ltr'><strong>indicabant</strong></span> <span class='ocrx_word' id='word_1_240' title='bbox 605 942 766 977; x_wconf 87' lang='lat' dir='ltr'><strong>sanguinem</strong></span> <span class='ocrx_word' id='word_1_241' title='bbox 789 947 815 968; x_wconf 87' lang='lat' dir='ltr'><strong>et</strong></span> <span class='ocrx_word' id='word_1_242' title='bbox 832 949 931 977; x_wconf 88' lang='lat' dir='ltr'><strong>aquam</strong></span> <span class='ocrx_word' id='word_1_243' title='bbox 946 950 1021 970; x_wconf 87' lang='lat' dir='ltr'><strong>ema-</strong></span> 
     </span>
    </p>
   </div>
   <div class='ocr_carea' id='block_1_35' title="bbox 235 987 1021 1023">
    <p class='ocr_par' dir='ltr' id='par_1_35' title="bbox 235 987 1021 1023">
     <span class='ocr_line' id='line_1_35' title="bbox 235 987 1021 1023; baseline 0.001 -8"><span class='ocrx_word' id='word_1_244' title='bbox 235 995 333 1015; x_wconf 84' lang='lat' dir='ltr'><strong>nasse:</strong></span> <span class='ocrx_word' id='word_1_245' title='bbox 350 995 403 1023; x_wconf 89' lang='lat' dir='ltr'><strong>qua</strong></span> <span class='ocrx_word' id='word_1_246' title='bbox 418 988 524 1015; x_wconf 84' lang='lat' dir='ltr'><strong>ratione</strong></span> <span class='ocrx_word' id='word_1_247' title='bbox 541 988 604 1015; x_wconf 83' lang='lat' dir='ltr'><strong>item</strong></span> <span class='ocrx_word' id='word_1_248' title='bbox 617 995 650 1014; x_wconf 79' lang='lat' dir='ltr'><strong>ex</strong></span> <span class='ocrx_word' id='word_1_249' title='bbox 666 988 749 1014; x_wconf 89' lang='lat' dir='ltr'><strong>latere</strong></span> <span class='ocrx_word' id='word_1_250' title='bbox 761 987 889 1022; x_wconf 82' lang='lat' dir='ltr'><strong>imaginis</strong></span> <span class='ocrx_word' id='word_1_251' title='bbox 902 988 1021 1016; x_wconf 79' lang='lat' dir='ltr'><strong>eilluxis-</strong></span> 
     </span>
    </p>
   </div>
   <div class='ocr_carea' id='block_1_36' title="bbox 235 1033 1019 1068">
    <p class='ocr_par' dir='ltr' id='par_1_36' title="bbox 235 1033 1019 1068">
     <span class='ocr_line' id='line_1_36' title="bbox 235 1033 1019 1068; baseline 0.001 -8"><span class='ocrx_word' id='word_1_252' title='bbox 235 1039 293 1065; x_wconf 82' lang='lat' dir='ltr'><strong>set.</strong></span> <span class='ocrx_word' id='word_1_253' title='bbox 315 1041 397 1068; x_wconf 88' lang='lat' dir='ltr'><strong>quam</strong></span> <span class='ocrx_word' id='word_1_254' title='bbox 425 1033 558 1061; x_wconf 79' lang='lat' dir='ltr'><strong>immensa</strong></span> <span class='ocrx_word' id='word_1_255' title='bbox 580 1033 652 1060; x_wconf 86' lang='lat' dir='ltr'><strong>edita</strong></span> <span class='ocrx_word' id='word_1_256' title='bbox 679 1037 770 1060; x_wconf 86' lang='lat' dir='ltr'><strong>essent</strong></span> <span class='ocrx_word' id='word_1_257' title='bbox 791 1034 932 1061; x_wconf 72' lang='lat' dir='ltr'><strong>miracula.</strong></span> <span class='ocrx_word' id='word_1_258' title='bbox 950 1034 1019 1061; x_wconf 77' lang='lat' dir='ltr'><strong>Tum</strong></span> 
     </span>
    </p>
   </div>
   <div class='ocr_carea' id='block_1_37' title="bbox 235 1077 1019 1114">
    <p class='ocr_par' dir='ltr' id='par_1_37' title="bbox 235 1077 1019 1114">
     <span class='ocr_line' id='line_1_37' title="bbox 235 1077 1019 1114; baseline 0.001 -9"><span class='ocrx_word' id='word_1_259' title='bbox 235 1079 325 1105; x_wconf 90' lang='lat' dir='ltr'><strong>omnis</strong></span> <span class='ocrx_word' id='word_1_260' title='bbox 346 1078 492 1105; x_wconf 83' lang='lat' dir='ltr'><strong>multitudo</strong></span> <span class='ocrx_word' id='word_1_261' title='bbox 514 1078 625 1113; x_wconf 78' lang='lat' dir='ltr'><strong>rogabat</strong></span> <span class='ocrx_word' id='word_1_262' title='bbox 643 1081 672 1104; x_wconf 90' lang='lat' dir='ltr'><strong>ut</strong></span> <span class='ocrx_word' id='word_1_263' title='bbox 696 1077 747 1105; x_wconf 89' lang='lat' dir='ltr'><strong>sibi</strong></span> <span class='ocrx_word' id='word_1_264' title='bbox 773 1079 864 1105; x_wconf 88' lang='lat' dir='ltr'><strong>sancti</strong></span> <span class='ocrx_word' id='word_1_265' title='bbox 892 1079 1019 1114; x_wconf 89' lang='lat' dir='ltr'><strong>baptismi</strong></span> 
     </span>
    </p>
   </div>
   <div class='ocr_carea' id='block_1_38' title="bbox 235 1123 1019 1158">
    <p class='ocr_par' dir='ltr' id='par_1_38' title="bbox 235 1123 1019 1158">
     <span class='ocr_line' id='line_1_38' title="bbox 235 1123 1019 1158; baseline 0.001 -8"><span class='ocrx_word' id='word_1_266' title='bbox 235 1124 323 1158; x_wconf 81' lang='lat' dir='ltr'><strong>gratia</strong></span> <span class='ocrx_word' id='word_1_267' title='bbox 341 1123 520 1151; x_wconf 88' lang='lat' dir='ltr'><strong>tribueretur.</strong></span> <span class='ocrx_word' id='word_1_268' title='bbox 539 1123 614 1156; x_wconf 89' lang='lat' dir='ltr'><strong>Quos</strong></span> <span class='ocrx_word' id='word_1_269' title='bbox 628 1124 775 1158; x_wconf 88' lang='lat' dir='ltr'><strong>episcopus</strong></span> <span class='ocrx_word' id='word_1_270' title='bbox 796 1124 941 1157; x_wconf 87' lang='lat' dir='ltr'><strong>admissos,</strong></span> <span class='ocrx_word' id='word_1_271' title='bbox 965 1132 1019 1152; x_wconf 85' lang='lat' dir='ltr'><strong>una</strong></span> 
     </span>
    </p>
   </div>
   <div class='ocr_carea' id='block_1_39' title="bbox 235 1167 1018 1202">
    <p class='ocr_par' dir='ltr' id='par_1_39' title="bbox 235 1167 1018 1202">
     <span class='ocr_line' id='line_1_39' title="bbox 235 1167 1018 1202; baseline 0.003 -8"><span class='ocrx_word' id='word_1_272' title='bbox 235 1174 297 1194; x_wconf 91' lang='lat' dir='ltr'><strong>cum</strong></span> <span class='ocrx_word' id='word_1_273' title='bbox 313 1167 386 1195; x_wconf 91' lang='lat' dir='ltr'><strong>illius</strong></span> <span class='ocrx_word' id='word_1_274' title='bbox 399 1167 528 1195; x_wconf 64' lang='lat' dir='ltr'><strong>Ecclesiae</strong></span> <span class='ocrx_word' id='word_1_275' title='bbox 542 1168 625 1202; x_wconf 83' lang='lat' dir='ltr'><strong>clero,</strong></span> <span class='ocrx_word' id='word_1_276' title='bbox 638 1175 733 1195; x_wconf 90' lang='lat' dir='ltr'><strong>omnes</strong></span> <span class='ocrx_word' id='word_1_277' title='bbox 749 1169 898 1195; x_wconf 89' lang='lat' dir='ltr'><strong>multorum</strong></span> <span class='ocrx_word' id='word_1_278' title='bbox 913 1169 1018 1196; x_wconf 91' lang='lat' dir='ltr'><strong>dierum</strong></span> 
     </span>
    </p>
   </div>
   <div class='ocr_carea' id='block_1_40' title="bbox 236 1212 1019 1248">
    <p class='ocr_par' dir='ltr' id='par_1_40' title="bbox 236 1212 1019 1248">
     <span class='ocr_line' id='line_1_40' title="bbox 236 1212 1019 1248; baseline 0.001 -8"><span class='ocrx_word' id='word_1_279' title='bbox 236 1213 326 1248; x_wconf 85' lang='lat' dir='ltr'><strong>spatio</strong></span> <span class='ocrx_word' id='word_1_280' title='bbox 346 1213 503 1248; x_wconf 84' lang='lat' dir='ltr'><strong>baptizavit.</strong></span> <span class='ocrx_word' id='word_1_281' title='bbox 534 1212 704 1248; x_wconf 85' lang='lat' dir='ltr'><strong>Synagogam</strong></span> <span class='ocrx_word' id='word_1_282' title='bbox 724 1222 788 1241; x_wconf 85' lang='lat' dir='ltr'><strong>vero</strong></span> <span class='ocrx_word' id='word_1_283' title='bbox 804 1215 975 1241; x_wconf 86' lang='lat' dir='ltr'><strong>consecravit</strong></span> <span class='ocrx_word' id='word_1_284' title='bbox 991 1214 1019 1242; x_wconf 91' lang='lat' dir='ltr'><strong>in</strong></span> 
     </span>
    </p>
   </div>
   <div class='ocr_carea' id='block_1_41' title="bbox 235 1258 1018 1294">
    <p class='ocr_par' dir='ltr' id='par_1_41' title="bbox 235 1258 1018 1294">
     <span class='ocr_line' id='line_1_41' title="bbox 235 1258 1018 1294; baseline 0 -7"><span class='ocrx_word' id='word_1_285' title='bbox 235 1258 379 1287; x_wconf 73' lang='lat' dir='ltr'><strong>ecclesiam</strong></span> <span class='ocrx_word' id='word_1_286' title='bbox 398 1258 548 1287; x_wconf 71' lang='lat' dir='ltr'><strong>Salvator-is</strong></span> <span class='ocrx_word' id='word_1_287' title='bbox 567 1259 654 1288; x_wconf 84' lang='lat' dir='ltr'><strong>nostri</strong></span> <span class='ocrx_word' id='word_1_288' title='bbox 675 1258 740 1288; x_wconf 82' lang='lat' dir='ltr'><strong>Jesu</strong></span> <span class='ocrx_word' id='word_1_289' title='bbox 757 1259 870 1291; x_wconf 78' lang='lat' dir='ltr'><strong>Christi,</strong></span> <span class='ocrx_word' id='word_1_290' title='bbox 885 1260 952 1294; x_wconf 87' lang='lat' dir='ltr'><strong>ipsis</strong></span> <span class='ocrx_word' id='word_1_291' title='bbox 964 1260 1018 1288; x_wconf 88' lang='lat' dir='ltr'><strong>sci-</strong></span> 
     </span>
    </p>
   </div>
   <div class='ocr_carea' id='block_1_42' title="bbox 236 1305 1019 1341">
    <p class='ocr_par' dir='ltr' id='par_1_42' title="bbox 236 1305 1019 1341">
     <span class='ocr_line' id='line_1_42' title="bbox 236 1305 1019 1341; baseline 0 -9"><span class='ocrx_word' id='word_1_292' title='bbox 236 1305 300 1332; x_wconf 88' lang='lat' dir='ltr'><strong>licet</strong></span> <span class='ocrx_word' id='word_1_293' title='bbox 317 1305 487 1340; x_wconf 79' lang='lat' dir='ltr'><strong>rogantibus.</strong></span> <span class='ocrx_word' id='word_1_294' title='bbox 503 1305 621 1333; x_wconf 78' lang='lat' dir='ltr'><strong>Caeteras</strong></span> <span class='ocrx_word' id='word_1_295' title='bbox 645 1310 734 1332; x_wconf 88' lang='lat' dir='ltr'><strong>autem</strong></span> <span class='ocrx_word' id='word_1_296' title='bbox 753 1312 847 1332; x_wconf 92' lang='lat' dir='ltr'><strong>eorum</strong></span> <span class='ocrx_word' id='word_1_297' title='bbox 869 1313 1019 1341; x_wconf 82' lang='lat' dir='ltr'><strong>synagogas</strong></span> 
     </span>
    </p>
   </div>
   <div class='ocr_carea' id='block_1_43' title="bbox 236 1351 1018 1388">
    <p class='ocr_par' dir='ltr' id='par_1_43' title="bbox 236 1351 1018 1388">
     <span class='ocr_line' id='line_1_43' title="bbox 236 1351 1018 1388; baseline 0 -9"><span class='ocrx_word' id='word_1_298' title='bbox 236 1351 265 1379; x_wconf 89' lang='lat' dir='ltr'><strong>in</strong></span> <span class='ocrx_word' id='word_1_299' title='bbox 280 1353 407 1388; x_wconf 87' lang='lat' dir='ltr'><strong>martyria</strong></span> <span class='ocrx_word' id='word_1_300' title='bbox 424 1352 568 1379; x_wconf 81' lang='lat' dir='ltr'><strong>convertit.</strong></span> <span class='ocrx_word' id='word_1_301' title='bbox 590 1351 659 1379; x_wconf 85' lang='lat' dir='ltr'><strong>Hinc</strong></span> <span class='ocrx_word' id='word_1_302' title='bbox 679 1359 778 1387; x_wconf 84' lang='lat' dir='ltr'><strong>magna</strong></span> <span class='ocrx_word' id='word_1_303' title='bbox 795 1356 890 1379; x_wconf 81' lang='lat' dir='ltr'><strong>exorta</strong></span> <span class='ocrx_word' id='word_1_304' title='bbox 908 1356 950 1380; x_wconf 86' lang='lat' dir='ltr'><strong>est</strong></span> <span class='ocrx_word' id='word_1_305' title='bbox 973 1353 1018 1379; x_wconf 59' lang='lat' dir='ltr'><strong>he.</strong></span> 
     </span>
    </p>
   </div>
   <div class='ocr_carea' id='block_1_44' title="bbox 235 1397 1018 1433">
    <p class='ocr_par' dir='ltr' id='par_1_44' title="bbox 235 1397 1018 1433">
     <span class='ocr_line' id='line_1_44' title="bbox 235 1397 1018 1433; baseline 0.001 -9"><span class='ocrx_word' id='word_1_306' title='bbox 235 1397 296 1424; x_wconf 92' lang='lat' dir='ltr'><strong>titia</strong></span> <span class='ocrx_word' id='word_1_307' title='bbox 320 1398 345 1424; x_wconf 88' lang='lat' dir='ltr'><strong>in</strong></span> <span class='ocrx_word' id='word_1_308' title='bbox 362 1398 407 1424; x_wconf 90' lang='lat' dir='ltr'><strong>illa</strong></span> <span class='ocrx_word' id='word_1_309' title='bbox 424 1398 545 1429; x_wconf 82' lang='lat' dir='ltr'><strong>civitate,</strong></span> <span class='ocrx_word' id='word_1_310' title='bbox 563 1405 616 1424; x_wconf 94' lang='lat' dir='ltr'><strong>non</strong></span> <span class='ocrx_word' id='word_1_311' title='bbox 633 1398 714 1425; x_wconf 90' lang='lat' dir='ltr'><strong>modo</strong></span> <span class='ocrx_word' id='word_1_312' title='bbox 728 1398 831 1425; x_wconf 89' lang='lat' dir='ltr'><strong>curatis</strong></span> <span class='ocrx_word' id='word_1_313' title='bbox 845 1398 1018 1433; x_wconf 89' lang='lat' dir='ltr'><strong>corporibus,</strong></span> 
     </span>
    </p>
   </div>
   <div class='ocr_carea' id='block_1_45' title="bbox 236 1443 935 1472">
    <p class='ocr_par' dir='ltr' id='par_1_45' title="bbox 236 1443 935 1472">
     <span class='ocr_line' id='line_1_45' title="bbox 236 1443 935 1472; baseline -0.001 -1"><span class='ocrx_word' id='word_1_314' title='bbox 236 1443 284 1471; x_wconf 84' lang='lat' dir='ltr'><strong>sed</strong></span> <span class='ocrx_word' id='word_1_315' title='bbox 297 1447 336 1470; x_wconf 89' lang='lat' dir='ltr'><strong>tot</strong></span> <span class='ocrx_word' id='word_1_316' title='bbox 351 1444 493 1472; x_wconf 89' lang='lat' dir='ltr'><strong>animabus</strong></span> <span class='ocrx_word' id='word_1_317' title='bbox 508 1451 523 1471; x_wconf 85' lang='lat' dir='ltr'><strong>a</strong></span> <span class='ocrx_word' id='word_1_318' title='bbox 544 1449 631 1472; x_wconf 89' lang='lat' dir='ltr'><strong>morte</strong></span> <span class='ocrx_word' id='word_1_319' title='bbox 644 1444 678 1471; x_wconf 87' lang='lat' dir='ltr'><strong>ad</strong></span> <span class='ocrx_word' id='word_1_320' title='bbox 693 1445 775 1471; x_wconf 89' lang='lat' dir='ltr'><strong>vitam</strong></span> <span class='ocrx_word' id='word_1_321' title='bbox 791 1445 935 1472; x_wconf 85' lang='lat' dir='ltr'><strong>revocatis.</strong></span> 
     </span>
    </p>
   </div>
   <div class='ocr_carea' id='block_1_46' title="bbox 271 1489 1019 1525">
    <p class='ocr_par' dir='ltr' id='par_1_46' title="bbox 271 1489 1019 1525">
     <span class='ocr_line' id='line_1_46' title="bbox 271 1489 1019 1525; baseline 0 -8"><span class='ocrx_word' id='word_1_322' title='bbox 271 1490 297 1516; x_wconf 85' lang='lat'><strong>8.</strong></span> <span class='ocrx_word' id='word_1_323' title='bbox 318 1489 382 1517; x_wconf 67' lang='lat' dir='ltr'><strong>Haec</strong></span> <span class='ocrx_word' id='word_1_324' title='bbox 396 1490 473 1517; x_wconf 81' lang='lat' dir='ltr'><strong>vobis</strong></span> <span class='ocrx_word' id='word_1_325' title='bbox 486 1497 546 1525; x_wconf 85' lang='lat' dir='ltr'><strong>ego,</strong></span> <span class='ocrx_word' id='word_1_326' title='bbox 563 1491 601 1517; x_wconf 87' lang='lat' dir='ltr'><strong>rei</strong></span> <span class='ocrx_word' id='word_1_327' title='bbox 615 1494 698 1525; x_wconf 66' lang='lat' dir='ltr'><strong>gestae</strong></span> <span class='ocrx_word' id='word_1_328' title='bbox 712 1497 824 1525; x_wconf 79' lang='lat' dir='ltr'><strong>gnarus,</strong></span> <span class='ocrx_word' id='word_1_329' title='bbox 841 1489 1019 1525; x_wconf 73' lang='lat' dir='ltr'><strong>signiﬁcanda</strong></span> 
     </span>
    </p>
   </div>
   <div class='ocr_carea' id='block_1_47' title="bbox 236 1536 1018 1569">
    <p class='ocr_par' dir='ltr' id='par_1_47' title="bbox 236 1536 1018 1569">
     <span class='ocr_line' id='line_1_47' title="bbox 236 1536 1018 1569; baseline 0 -6"><span class='ocrx_word' id='word_1_330' title='bbox 236 1536 312 1569; x_wconf 82' lang='lat' dir='ltr'><strong>duxi,</strong></span> <span class='ocrx_word' id='word_1_331' title='bbox 330 1536 500 1564; x_wconf 86' lang='lat' dir='ltr'><strong>dilectissimi</strong></span> <span class='ocrx_word' id='word_1_332' title='bbox 520 1536 627 1568; x_wconf 80' lang='lat' dir='ltr'><strong>fratres,</strong></span> <span class='ocrx_word' id='word_1_333' title='bbox 647 1536 681 1564; x_wconf 88' lang='lat' dir='ltr'><strong>ad</strong></span> <span class='ocrx_word' id='word_1_334' title='bbox 705 1537 848 1564; x_wconf 85' lang='lat' dir='ltr'><strong>utilitatem</strong></span> <span class='ocrx_word' id='word_1_335' title='bbox 865 1538 1018 1563; x_wconf 86' lang='lat' dir='ltr'><strong>animarum</strong></span> 
     </span>
    </p>
   </div>
   <div class='ocr_carea' id='block_1_48' title="bbox 1070 943 1844 982">
    <p class='ocr_par' dir='ltr' id='par_1_48' title="bbox 1070 943 1844 982">
     <span class='ocr_line' id='line_1_48' title="bbox 1070 943 1844 982; baseline -0.006 -9"><span class='ocrx_word' id='word_1_336' title='bbox 1070 947 1196 982; x_wconf 80' lang='grc' dir='ltr'>ἐμήνυον,</span> <span class='ocrx_word' id='word_1_337' title='bbox 1205 945 1251 972; x_wconf 73' lang='grc' dir='ltr'><strong>καὶ</strong></span> <span class='ocrx_word' id='word_1_338' title='bbox 1265 945 1295 972; x_wconf 78' lang='grc' dir='ltr'><strong>τὸ</strong></span> <span class='ocrx_word' id='word_1_339' title='bbox 1311 945 1369 977; x_wconf 85' lang='grc' dir='ltr'><strong>πῶς</strong></span> <span class='ocrx_word' id='word_1_340' title='bbox 1381 945 1537 980; x_wconf 80' lang='grc' dir='ltr'>ἐξελήλυθεν</span> <span class='ocrx_word' id='word_1_341' title='bbox 1549 944 1601 971; x_wconf 83' lang='grc' dir='ltr'>ἀπὸ</span> <span class='ocrx_word' id='word_1_342' title='bbox 1611 944 1662 979; x_wconf 75' lang='grc' dir='ltr'>τῆς</span> <span class='ocrx_word' id='word_1_343' title='bbox 1675 944 1791 978; x_wconf 78' lang='grc' dir='ltr'>πλευρᾶς</span> <span class='ocrx_word' id='word_1_344' title='bbox 1802 943 1844 978; x_wconf 76' lang='grc' dir='ltr'>τῆς</span> 
     </span>
    </p>
   </div>
   <div class='ocr_carea' id='block_1_49' title="bbox 1069 989 1843 1026">
    <p class='ocr_par' dir='ltr' id='par_1_49' title="bbox 1069 989 1843 1026">
     <span class='ocr_line' id='line_1_49' title="bbox 1069 989 1843 1026; baseline -0.004 -8"><span class='ocrx_word' id='word_1_345' title='bbox 1069 993 1181 1024; x_wconf 76' lang='grc' dir='ltr'>εἰκόνος,</span> <span class='ocrx_word' id='word_1_346' title='bbox 1208 992 1261 1017; x_wconf 86' lang='grc' dir='ltr'><strong>τῶν</strong></span> <span class='ocrx_word' id='word_1_347' title='bbox 1281 1000 1310 1018; x_wconf 81' lang='grc' dir='ltr'><strong>τε</strong></span> <span class='ocrx_word' id='word_1_348' title='bbox 1340 991 1460 1026; x_wconf 82' lang='grc' dir='ltr'>ἀπείρων</span> <span class='ocrx_word' id='word_1_349' title='bbox 1487 991 1629 1025; x_wconf 79' lang='grc' dir='ltr'>θαυμάτων</span> <span class='ocrx_word' id='word_1_350' title='bbox 1657 989 1692 1016; x_wconf 83' lang='grc' dir='ltr'>τὰ</span> <span class='ocrx_word' id='word_1_351' title='bbox 1714 989 1843 1024; x_wconf 80' lang='grc' dir='ltr'>γεγονότα.</span> 
     </span>
    </p>
   </div>
   <div class='ocr_carea' id='block_1_50' title="bbox 1069 1035 1843 1072">
    <p class='ocr_par' dir='ltr' id='par_1_50' title="bbox 1069 1035 1843 1072">
     <span class='ocr_line' id='line_1_50' title="bbox 1069 1035 1843 1072; baseline -0.005 -7"><span class='ocrx_word' id='word_1_352' title='bbox 1069 1037 1162 1069; x_wconf 71' lang='grc' dir='ltr'>Οὕτως</span> <span class='ocrx_word' id='word_1_353' title='bbox 1178 1038 1284 1064; x_wconf 72' lang='grc' dir='ltr'>ἅπαντα</span> <span class='ocrx_word' id='word_1_354' title='bbox 1311 1037 1345 1063; x_wconf 82' lang='grc' dir='ltr'>τὰ</span> <span class='ocrx_word' id='word_1_355' title='bbox 1376 1036 1464 1072; x_wconf 82' lang='grc' dir='ltr'>πλήθη</span> <span class='ocrx_word' id='word_1_356' title='bbox 1488 1036 1534 1063; x_wconf 85' lang='grc' dir='ltr'><strong>τοῦ</strong></span> <span class='ocrx_word' id='word_1_357' title='bbox 1560 1036 1639 1070; x_wconf 85' lang='grc' dir='ltr'>ἁγίου</span> <span class='ocrx_word' id='word_1_358' title='bbox 1669 1035 1843 1070; x_wconf 76' lang='grc' dir='ltr'>βαπτίσματος</span> 
     </span>
    </p>
   </div>
   <div class='ocr_carea' id='block_1_51' title="bbox 1069 1081 1845 1118">
    <p class='ocr_par' dir='ltr' id='par_1_51' title="bbox 1069 1081 1845 1118">
     <span class='ocr_line' id='line_1_51' title="bbox 1069 1081 1845 1118; baseline -0.004 -8"><span class='ocrx_word' id='word_1_359' title='bbox 1069 1083 1217 1118; x_wconf 79' lang='grc' dir='ltr'>ἀξιωθῆναι</span> <span class='ocrx_word' id='word_1_360' title='bbox 1232 1083 1362 1109; x_wconf 76' lang='grc' dir='ltr'>ἱκέτευον.</span> <span class='ocrx_word' id='word_1_361' title='bbox 1386 1082 1439 1114; x_wconf 76' lang='grc' dir='ltr'><strong>Οὓς</strong></span> <span class='ocrx_word' id='word_1_362' title='bbox 1452 1081 1540 1109; x_wconf 70' lang='grc' dir='ltr'>λαϐὼν</span> <span class='ocrx_word' id='word_1_363' title='bbox 1553 1083 1567 1108; x_wconf 79' lang='grc' dir='ltr'>ὁ</span> <span class='ocrx_word' id='word_1_364' title='bbox 1582 1082 1730 1114; x_wconf 77' lang='grc' dir='ltr'>ἐπίσκοπος</span> <span class='ocrx_word' id='word_1_365' title='bbox 1746 1082 1798 1116; x_wconf 71' lang='grc' dir='ltr'><strong>ἅμα</strong></span> <span class='ocrx_word' id='word_1_366' title='bbox 1812 1081 1845 1115; x_wconf 85' lang='grc' dir='ltr'><strong>τῷ</strong></span> 
     </span>
    </p>
   </div>
   <div class='ocr_carea' id='block_1_52' title="bbox 1069 1127 1845 1164">
    <p class='ocr_par' dir='ltr' id='par_1_52' title="bbox 1069 1127 1845 1164">
     <span class='ocr_line' id='line_1_52' title="bbox 1069 1127 1845 1164; baseline -0.004 -8"><span class='ocrx_word' id='word_1_367' title='bbox 1069 1130 1159 1156; x_wconf 74' lang='grc' dir='ltr'>ἐκεῖσε</span> <span class='ocrx_word' id='word_1_368' title='bbox 1173 1129 1267 1164; x_wconf 85' lang='grc' dir='ltr'>κλήρῳ</span> <span class='ocrx_word' id='word_1_369' title='bbox 1283 1129 1386 1160; x_wconf 83' lang='grc' dir='ltr'>πάντας</span> <span class='ocrx_word' id='word_1_370' title='bbox 1406 1129 1451 1154; x_wconf 79' lang='grc' dir='ltr'>ἐπὶ</span> <span class='ocrx_word' id='word_1_371' title='bbox 1471 1127 1569 1159; x_wconf 80' lang='grc' dir='ltr'>πολλὰς</span> <span class='ocrx_word' id='word_1_372' title='bbox 1586 1128 1692 1164; x_wconf 80' lang='grc' dir='ltr'>ἡμέρας</span> <span class='ocrx_word' id='word_1_373' title='bbox 1715 1127 1845 1154; x_wconf 69' lang='grc' dir='ltr'>ἐϐάπτισε.</span> 
     </span>
    </p>
   </div>
   <div class='ocr_carea' id='block_1_53' title="bbox 1069 1172 1846 1210">
    <p class='ocr_par' dir='ltr' id='par_1_53' title="bbox 1069 1172 1846 1210">
     <span class='ocr_line' id='line_1_53' title="bbox 1069 1172 1846 1210; baseline -0.004 -9"><span class='ocrx_word' id='word_1_374' title='bbox 1069 1175 1123 1210; x_wconf 85' lang='grc' dir='ltr'>Τὴν</span> <span class='ocrx_word' id='word_1_375' title='bbox 1143 1174 1171 1200; x_wconf 81' lang='grc' dir='ltr'><strong>δὲ</strong></span> <span class='ocrx_word' id='word_1_376' title='bbox 1195 1173 1356 1209; x_wconf 79' lang='grc' dir='ltr'>συναγωγὴν</span> <span class='ocrx_word' id='word_1_377' title='bbox 1382 1173 1528 1208; x_wconf 75' lang='grc' dir='ltr'>ἐκκλησίαν</span> <span class='ocrx_word' id='word_1_378' title='bbox 1555 1172 1601 1199; x_wconf 82' lang='grc' dir='ltr'><strong>τοῦ</strong></span> <span class='ocrx_word' id='word_1_379' title='bbox 1628 1173 1752 1208; x_wconf 81' lang='grc' dir='ltr'>Σωτῆρος</span> <span class='ocrx_word' id='word_1_380' title='bbox 1776 1172 1846 1207; x_wconf 80' lang='grc' dir='ltr'>ἡμῶν</span> 
     </span>
    </p>
   </div>
   <div class='ocr_carea' id='block_1_54' title="bbox 1074 1218 1843 1255">
    <p class='ocr_par' dir='ltr' id='par_1_54' title="bbox 1074 1218 1843 1255">
     <span class='ocr_line' id='line_1_54' title="bbox 1074 1218 1843 1255; baseline -0.003 -9"><span class='ocrx_word' id='word_1_381' title='bbox 1074 1219 1160 1255; x_wconf 82' lang='grc' dir='ltr'>Ἰησοῦ</span> <span class='ocrx_word' id='word_1_382' title='bbox 1170 1219 1286 1255; x_wconf 76' lang='grc' dir='ltr'>Χριστοῦ</span> <span class='ocrx_word' id='word_1_383' title='bbox 1295 1219 1458 1254; x_wconf 69' lang='grc' dir='ltr'>ἀφιέρωσεν,</span> <span class='ocrx_word' id='word_1_384' title='bbox 1470 1218 1581 1245; x_wconf 85' lang='grc' dir='ltr'>ἐκείνων</span> <span class='ocrx_word' id='word_1_385' title='bbox 1591 1219 1830 1253; x_wconf 74' lang='grc' dir='ltr'>παρακαλεσάντων</span> <span class='ocrx_word' id='word_1_386' title='bbox 1837 1225 1843 1232; x_wconf 90' lang='grc'><strong>·</strong></span> 
     </span>
    </p>
   </div>
   <div class='ocr_carea' id='block_1_55' title="bbox 1068 1264 1844 1300">
    <p class='ocr_par' dir='ltr' id='par_1_55' title="bbox 1068 1264 1844 1300">
     <span class='ocr_line' id='line_1_55' title="bbox 1068 1264 1844 1300; baseline -0.003 -8"><span class='ocrx_word' id='word_1_387' title='bbox 1068 1266 1116 1296; x_wconf 78' lang='grc' dir='ltr'>τὰς</span> <span class='ocrx_word' id='word_1_388' title='bbox 1130 1265 1158 1291; x_wconf 79' lang='grc' dir='ltr'><strong>δὲ</strong></span> <span class='ocrx_word' id='word_1_389' title='bbox 1173 1264 1268 1296; x_wconf 78' lang='grc' dir='ltr'>λοιπὰς</span> <span class='ocrx_word' id='word_1_390' title='bbox 1280 1264 1438 1298; x_wconf 82' lang='grc' dir='ltr'>συναγωγὰς</span> <span class='ocrx_word' id='word_1_391' title='bbox 1451 1264 1539 1290; x_wconf 75' lang='grc' dir='ltr'>αὐτῶν</span> <span class='ocrx_word' id='word_1_392' title='bbox 1553 1264 1690 1300; x_wconf 83' lang='grc' dir='ltr'>μαρτύρια</span> <span class='ocrx_word' id='word_1_393' title='bbox 1710 1264 1844 1298; x_wconf 79' lang='grc' dir='ltr'>πεποίηκε.</span> 
     </span>
    </p>
   </div>
   <div class='ocr_carea' id='block_1_56' title="bbox 1069 1309 1848 1347">
    <p class='ocr_par' dir='ltr' id='par_1_56' title="bbox 1069 1309 1848 1347">
     <span class='ocr_line' id='line_1_56' title="bbox 1069 1309 1848 1347; baseline -0.003 -10"><span class='ocrx_word' id='word_1_394' title='bbox 1069 1311 1123 1337; x_wconf 76' lang='grc' dir='ltr'><strong>Καὶ</strong></span> <span class='ocrx_word' id='word_1_395' title='bbox 1134 1311 1165 1337; x_wconf 80' lang='grc' dir='ltr'>ὲκ</span> <span class='ocrx_word' id='word_1_396' title='bbox 1177 1311 1272 1337; x_wconf 79' lang='grc' dir='ltr'>τούτου</span> <span class='ocrx_word' id='word_1_397' title='bbox 1288 1311 1359 1347; x_wconf 79' lang='grc' dir='ltr'>χαρὰ</span> <span class='ocrx_word' id='word_1_398' title='bbox 1376 1311 1479 1345; x_wconf 81' lang='grc' dir='ltr'>μεγάλη</span> <span class='ocrx_word' id='word_1_399' title='bbox 1488 1310 1597 1344; x_wconf 80' lang='grc' dir='ltr'>γέγονεν</span> <span class='ocrx_word' id='word_1_400' title='bbox 1609 1312 1639 1336; x_wconf 82' lang='grc' dir='ltr'><strong>ὲν</strong></span> <span class='ocrx_word' id='word_1_401' title='bbox 1651 1312 1684 1346; x_wconf 85' lang='grc' dir='ltr'>τῇ</span> <span class='ocrx_word' id='word_1_402' title='bbox 1700 1311 1772 1337; x_wconf 77' lang='grc' dir='ltr'>πόλει</span> <span class='ocrx_word' id='word_1_403' title='bbox 1785 1309 1848 1336; x_wconf 78' lang='grc' dir='ltr'>ὲκεί-</span> 
     </span>
    </p>
   </div>
   <div class='ocr_carea' id='block_1_57' title="bbox 1069 1355 1846 1391">
    <p class='ocr_par' dir='ltr' id='par_1_57' title="bbox 1069 1355 1846 1391">
     <span class='ocr_line' id='line_1_57' title="bbox 1069 1355 1846 1391; baseline -0.001 -10"><span class='ocrx_word' id='word_1_404' title='bbox 1069 1358 1111 1391; x_wconf 75' lang='grc' dir='ltr'>νῇ,</span> <span class='ocrx_word' id='word_1_405' title='bbox 1129 1356 1159 1381; x_wconf 74' lang='grc' dir='ltr'>οὔ</span> <span class='ocrx_word' id='word_1_406' title='bbox 1182 1356 1260 1391; x_wconf 88' lang='grc' dir='ltr'>μόνον</span> <span class='ocrx_word' id='word_1_407' title='bbox 1274 1356 1407 1390; x_wconf 82' lang='grc' dir='ltr'>σωμάτων</span> <span class='ocrx_word' id='word_1_408' title='bbox 1424 1355 1560 1387; x_wconf 76' lang='grc' dir='ltr'>ιαθέντων,</span> <span class='ocrx_word' id='word_1_409' title='bbox 1577 1355 1646 1383; x_wconf 77' lang='grc' dir='ltr'>ἀλλὰ</span> <span class='ocrx_word' id='word_1_410' title='bbox 1662 1356 1707 1383; x_wconf 72' lang='grc' dir='ltr'>καὶ</span> <span class='ocrx_word' id='word_1_411' title='bbox 1723 1356 1846 1382; x_wconf 74' lang='grc' dir='ltr'>τοσούτων</span> 
     </span>
    </p>
   </div>
   <div class='ocr_carea' id='block_1_58' title="bbox 1068 1401 1686 1437">
    <p class='ocr_par' dir='ltr' id='par_1_58' title="bbox 1068 1401 1686 1437">
     <span class='ocr_line' id='line_1_58' title="bbox 1068 1401 1686 1437; baseline 0 -9"><span class='ocrx_word' id='word_1_412' title='bbox 1068 1401 1160 1436; x_wconf 73' lang='grc' dir='ltr'>ψυχῶν</span> <span class='ocrx_word' id='word_1_413' title='bbox 1176 1402 1208 1428; x_wconf 75' lang='grc' dir='ltr'>ἐκ</span> <span class='ocrx_word' id='word_1_414' title='bbox 1222 1402 1325 1436; x_wconf 80' lang='grc' dir='ltr'>νεκρῶν</span> <span class='ocrx_word' id='word_1_415' title='bbox 1337 1402 1377 1433; x_wconf 86' lang='grc' dir='ltr'>εἰς</span> <span class='ocrx_word' id='word_1_416' title='bbox 1390 1401 1461 1437; x_wconf 76' lang='grc' dir='ltr'>ζωὴν</span> <span class='ocrx_word' id='word_1_417' title='bbox 1476 1401 1686 1429; x_wconf 74' lang='grc' dir='ltr'>ἐπανελθόντων.</span> 
     </span>
    </p>
   </div>
   <div class='ocr_carea' id='block_1_59' title="bbox 1104 1493 1844 1529">
    <p class='ocr_par' dir='ltr' id='par_1_59' title="bbox 1104 1493 1844 1529">
     <span class='ocr_line' id='line_1_59' title="bbox 1104 1493 1844 1529; baseline -0.003 -9"><span class='ocrx_word' id='word_1_418' title='bbox 1104 1493 1130 1520; x_wconf 89' lang='lat'><strong>8.</strong></span> <span class='ocrx_word' id='word_1_419' title='bbox 1142 1493 1234 1520; x_wconf 82' lang='grc' dir='ltr'>Ταῦτα</span> <span class='ocrx_word' id='word_1_420' title='bbox 1259 1493 1339 1527; x_wconf 73' lang='grc' dir='ltr'>γνοὺς</span> <span class='ocrx_word' id='word_1_421' title='bbox 1365 1493 1431 1528; x_wconf 84' lang='grc' dir='ltr'>ἐγὼ,</span> <span class='ocrx_word' id='word_1_422' title='bbox 1455 1493 1607 1520; x_wconf 73' lang='grc' dir='ltr'>ἐσπούδασα</span> <span class='ocrx_word' id='word_1_423' title='bbox 1634 1493 1750 1529; x_wconf 82' lang='grc' dir='ltr'>δηλῶσαι</span> <span class='ocrx_word' id='word_1_424' title='bbox 1778 1493 1844 1528; x_wconf 81' lang='grc' dir='ltr'>ὑμῖν,</span> 
     </span>
    </p>
   </div>
   <div class='ocr_carea' id='block_1_60' title="bbox 1069 1538 1846 1574">
    <p class='ocr_par' dir='ltr' id='par_1_60' title="bbox 1069 1538 1846 1574">
     <span class='ocr_line' id='line_1_60' title="bbox 1069 1538 1846 1574; baseline 0 -10"><span class='ocrx_word' id='word_1_425' title='bbox 1069 1538 1295 1574; x_wconf 67' lang='grc' dir='ltr'>προσφιλέστατοι</span> <span class='ocrx_word' id='word_1_426' title='bbox 1319 1539 1436 1573; x_wconf 63' lang='grc' dir='ltr'>ἀδελφοὶ,</span> <span class='ocrx_word' id='word_1_427' title='bbox 1466 1541 1505 1571; x_wconf 78' lang='grc' dir='ltr'><strong>εἰς</strong></span> <span class='ocrx_word' id='word_1_428' title='bbox 1536 1540 1669 1574; x_wconf 72' lang='grc' dir='ltr'>ὠφέλειαν</span> <span class='ocrx_word' id='word_1_429' title='bbox 1689 1540 1742 1566; x_wconf 83' lang='grc' dir='ltr'><strong>τῶν</strong></span> <span class='ocrx_word' id='word_1_430' title='bbox 1761 1539 1846 1574; x_wconf 75' lang='grc' dir='ltr'>ψυχῶν</span> 
     </span>
    </p>
   </div>
   <div class='ocr_carea' id='block_1_61' title="bbox 237 1582 1019 1621">
    <p class='ocr_par' dir='ltr' id='par_1_61' title="bbox 237 1582 1018 1618">
     <span class='ocr_line' id='line_1_61' title="bbox 237 1582 1018 1618; baseline -0.001 -8"><span class='ocrx_word' id='word_1_431' title='bbox 237 1586 410 1610; x_wconf 84' lang='lat' dir='ltr'><strong>vestrarum:</strong></span> <span class='ocrx_word' id='word_1_432' title='bbox 426 1586 456 1609; x_wconf 89' lang='lat' dir='ltr'><strong>ut</strong></span> <span class='ocrx_word' id='word_1_433' title='bbox 471 1589 504 1609; x_wconf 84' lang='lat' dir='ltr'><strong>ea</strong></span> <span class='ocrx_word' id='word_1_434' title='bbox 523 1590 632 1617; x_wconf 86' lang='lat' dir='ltr'><strong>quoque</strong></span> <span class='ocrx_word' id='word_1_435' title='bbox 645 1583 671 1610; x_wconf 93' lang='lat' dir='ltr'><strong>in</strong></span> <span class='ocrx_word' id='word_1_436' title='bbox 691 1590 730 1615; x_wconf 91' lang='lat' dir='ltr'><strong>re,</strong></span> <span class='ocrx_word' id='word_1_437' title='bbox 750 1583 841 1618; x_wconf 86' lang='lat' dir='ltr'><strong>agnita</strong></span> <span class='ocrx_word' id='word_1_438' title='bbox 859 1582 904 1609; x_wconf 90' lang='lat' dir='ltr'><strong>Dei</strong></span> <span class='ocrx_word' id='word_1_439' title='bbox 918 1586 945 1609; x_wconf 87' lang='lat' dir='ltr'><strong>et</strong></span> <span class='ocrx_word' id='word_1_440' title='bbox 958 1582 1018 1609; x_wconf 89' lang='lat' dir='ltr'><strong>Sal-</strong></span> 
     </span>
    </p>
   </div>
   <div class='ocr_carea' id='block_1_62' title="bbox 1071 1582 1845 1621">
    <p class='ocr_par' dir='ltr' id='par_1_62' title="bbox 1071 1584 1845 1621">
     <span class='ocr_line' id='line_1_62' title="bbox 1071 1584 1845 1621; baseline 0 -11"><span class='ocrx_word' id='word_1_441' title='bbox 1071 1584 1146 1619; x_wconf 83' lang='grc' dir='ltr'>ὑμῶν</span> <span class='ocrx_word' id='word_1_442' title='bbox 1157 1593 1163 1599; x_wconf 91' lang='grc'>·</span> <span class='ocrx_word' id='word_1_443' title='bbox 1180 1585 1233 1616; x_wconf 76' lang='grc' dir='ltr'>ἵνα,</span> <span class='ocrx_word' id='word_1_444' title='bbox 1247 1585 1355 1618; x_wconf 84' lang='grc' dir='ltr'>γνόντες</span> <span class='ocrx_word' id='word_1_445' title='bbox 1367 1586 1412 1611; x_wconf 73' lang='grc' dir='ltr'><strong>καὶ</strong></span> <span class='ocrx_word' id='word_1_446' title='bbox 1424 1585 1469 1611; x_wconf 73' lang='grc' dir='ltr'><strong>ἐπὶ</strong></span> <span class='ocrx_word' id='word_1_447' title='bbox 1482 1585 1568 1620; x_wconf 74' lang='grc' dir='ltr'>τούτῳ</span> <span class='ocrx_word' id='word_1_448' title='bbox 1577 1585 1624 1612; x_wconf 81' lang='grc' dir='ltr'><strong>τοῦ</strong></span> <span class='ocrx_word' id='word_1_449' title='bbox 1640 1586 1771 1621; x_wconf 78' lang='grc' dir='ltr'>ἡμετέρου</span> <span class='ocrx_word' id='word_1_450' title='bbox 1785 1584 1845 1611; x_wconf 86' lang='grc' dir='ltr'>Θεοῦ</span> 
     </span>
    </p>
   </div>
   <div class='ocr_carea' id='block_1_63' title="bbox 235 1627 1018 1663">
    <p class='ocr_par' dir='ltr' id='par_1_63' title="bbox 235 1627 1018 1663">
     <span class='ocr_line' id='line_1_63' title="bbox 235 1627 1018 1663; baseline 0 -9"><span class='ocrx_word' id='word_1_451' title='bbox 235 1629 339 1655; x_wconf 86' lang='lat' dir='ltr'><strong>vatoris</strong></span> <span class='ocrx_word' id='word_1_452' title='bbox 356 1628 443 1655; x_wconf 90' lang='lat' dir='ltr'><strong>nostri</strong></span> <span class='ocrx_word' id='word_1_453' title='bbox 459 1627 523 1656; x_wconf 90' lang='lat' dir='ltr'><strong>Jesu</strong></span> <span class='ocrx_word' id='word_1_454' title='bbox 542 1627 644 1656; x_wconf 89' lang='lat' dir='ltr'><strong>Christi</strong></span> <span class='ocrx_word' id='word_1_455' title='bbox 664 1629 774 1660; x_wconf 87' lang='lat' dir='ltr'><strong>virtute,</strong></span> <span class='ocrx_word' id='word_1_456' title='bbox 806 1628 892 1663; x_wconf 87' lang='lat' dir='ltr'><strong>magis</strong></span> <span class='ocrx_word' id='word_1_457' title='bbox 919 1628 1018 1663; x_wconf 86' lang='lat' dir='ltr'><strong>magis-</strong></span> 
     </span>
    </p>
   </div>
   <div class='ocr_carea' id='block_1_64' title="bbox 237 1674 1019 1710">
    <p class='ocr_par' dir='ltr' id='par_1_64' title="bbox 237 1674 1019 1710">
     <span class='ocr_line' id='line_1_64' title="bbox 237 1674 1019 1710; baseline 0 -9"><span class='ocrx_word' id='word_1_458' title='bbox 237 1682 289 1709; x_wconf 75' lang='lat' dir='ltr'><strong>que</strong></span> <span class='ocrx_word' id='word_1_459' title='bbox 308 1674 335 1701; x_wconf 93' lang='lat' dir='ltr'><strong>in</strong></span> <span class='ocrx_word' id='word_1_460' title='bbox 354 1674 414 1709; x_wconf 89' lang='lat' dir='ltr'><strong>ejus</strong></span> <span class='ocrx_word' id='word_1_461' title='bbox 432 1674 485 1702; x_wconf 83' lang='lat' dir='ltr'><strong>ﬁde</strong></span> <span class='ocrx_word' id='word_1_462' title='bbox 503 1674 712 1706; x_wconf 84' lang='lat' dir='ltr'><strong>conlirmemini,</strong></span> <span class='ocrx_word' id='word_1_463' title='bbox 733 1681 814 1710; x_wconf 87' lang='lat' dir='ltr'><strong>atque</strong></span> <span class='ocrx_word' id='word_1_464' title='bbox 829 1675 969 1702; x_wconf 82' lang='lat' dir='ltr'><strong>exsultctis</strong></span> <span class='ocrx_word' id='word_1_465' title='bbox 983 1675 1019 1701; x_wconf 89' lang='lat' dir='ltr'><strong>ob</strong></span> 
     </span>
    </p>
   </div>
   <div class='ocr_carea' id='block_1_65' title="bbox 237 1720 1017 1756">
    <p class='ocr_par' dir='ltr' id='par_1_65' title="bbox 237 1720 1017 1756">
     <span class='ocr_line' id='line_1_65' title="bbox 237 1720 1017 1756; baseline -0.001 -9"><span class='ocrx_word' id='word_1_466' title='bbox 237 1728 334 1755; x_wconf 85' lang='lat' dir='ltr'><strong>magna</strong></span> <span class='ocrx_word' id='word_1_467' title='bbox 354 1720 413 1755; x_wconf 83' lang='lat' dir='ltr'><strong>ejus</strong></span> <span class='ocrx_word' id='word_1_468' title='bbox 432 1721 574 1753; x_wconf 87' lang='lat' dir='ltr'><strong>miracula,</strong></span> <span class='ocrx_word' id='word_1_469' title='bbox 594 1729 667 1748; x_wconf 90' lang='lat' dir='ltr'><strong>nunc</strong></span> <span class='ocrx_word' id='word_1_470' title='bbox 687 1721 768 1749; x_wconf 89' lang='lat' dir='ltr'><strong>edita.</strong></span> <span class='ocrx_word' id='word_1_471' title='bbox 789 1721 856 1749; x_wconf 85' lang='lat' dir='ltr'><strong>Date</strong></span> <span class='ocrx_word' id='word_1_472' title='bbox 875 1721 956 1756; x_wconf 79' lang='lat' dir='ltr'><strong>igitur</strong></span> <span class='ocrx_word' id='word_1_473' title='bbox 979 1720 1017 1747; x_wconf 92' lang='lat' dir='ltr'><strong>illi</strong></span> 
     </span>
    </p>
   </div>
   <div class='ocr_carea' id='block_1_66' title="bbox 238 1766 1019 1802">
    <p class='ocr_par' dir='ltr' id='par_1_66' title="bbox 238 1766 1019 1802">
     <span class='ocr_line' id='line_1_66' title="bbox 238 1766 1019 1802; baseline 0 -10"><span class='ocrx_word' id='word_1_474' title='bbox 238 1766 351 1800; x_wconf 76' lang='lat' dir='ltr'><strong>gloriam</strong></span> <span class='ocrx_word' id='word_1_475' title='bbox 375 1773 437 1793; x_wconf 92' lang='lat' dir='ltr'><strong>cum</strong></span> <span class='ocrx_word' id='word_1_476' title='bbox 464 1766 557 1793; x_wconf 68' lang='lat' dir='ltr'><strong>laetitia</strong></span> <span class='ocrx_word' id='word_1_477' title='bbox 583 1770 610 1794; x_wconf 89' lang='lat' dir='ltr'><strong>et</strong></span> <span class='ocrx_word' id='word_1_478' title='bbox 628 1767 837 1802; x_wconf 87' lang='lat' dir='ltr'><strong>compunctione</strong></span> <span class='ocrx_word' id='word_1_479' title='bbox 862 1766 970 1797; x_wconf 83' lang='lat' dir='ltr'><strong>cordis,</strong></span> <span class='ocrx_word' id='word_1_480' title='bbox 991 1766 1019 1792; x_wconf 95' lang='lat' dir='ltr'><strong>in</strong></span> 
     </span>
    </p>
   </div>
   <div class='ocr_carea' id='block_1_67' title="bbox 238 1810 1021 1846">
    <p class='ocr_par' dir='ltr' id='par_1_67' title="bbox 238 1810 1021 1846">
     <span class='ocr_line' id='line_1_67' title="bbox 238 1810 1021 1846; baseline -0.001 -9"><span class='ocrx_word' id='word_1_481' title='bbox 238 1811 312 1838; x_wconf 85' lang='lat' dir='ltr'><strong>luctu</strong></span> <span class='ocrx_word' id='word_1_482' title='bbox 331 1810 498 1845; x_wconf 79' lang='lat' dir='ltr'><strong>gaudentes,</strong></span> <span class='ocrx_word' id='word_1_483' title='bbox 518 1811 673 1846; x_wconf 77' lang='lat' dir='ltr'><strong>gratiasque</strong></span> <span class='ocrx_word' id='word_1_484' title='bbox 692 1815 802 1846; x_wconf 81' lang='lat' dir='ltr'><strong>agentes</strong></span> <span class='ocrx_word' id='word_1_485' title='bbox 821 1811 846 1838; x_wconf 88' lang='lat' dir='ltr'><strong>ei</strong></span> <span class='ocrx_word' id='word_1_486' title='bbox 865 1811 899 1838; x_wconf 90' lang='lat' dir='ltr'><strong>de</strong></span> <span class='ocrx_word' id='word_1_487' title='bbox 917 1811 1021 1846; x_wconf 80' lang='lat' dir='ltr'><strong>magni-</strong></span> 
     </span>
    </p>
   </div>
   <div class='ocr_carea' id='block_1_68' title="bbox 239 1855 1021 1891">
    <p class='ocr_par' dir='ltr' id='par_1_68' title="bbox 239 1855 1021 1891">
     <span class='ocr_line' id='line_1_68' title="bbox 239 1855 1021 1891; baseline 0.001 -10"><span class='ocrx_word' id='word_1_488' title='bbox 239 1855 345 1882; x_wconf 79' lang='lat' dir='ltr'><strong>ﬁcentia</strong></span> <span class='ocrx_word' id='word_1_489' title='bbox 365 1862 431 1888; x_wconf 85' lang='lat' dir='ltr'><strong>sua;</strong></span> <span class='ocrx_word' id='word_1_490' title='bbox 452 1855 524 1890; x_wconf 91' lang='lat' dir='ltr'><strong>quod</strong></span> <span class='ocrx_word' id='word_1_491' title='bbox 544 1863 594 1883; x_wconf 92' lang='lat' dir='ltr'><strong>nos</strong></span> <span class='ocrx_word' id='word_1_492' title='bbox 612 1863 676 1883; x_wconf 87' lang='lat' dir='ltr'><strong>vera</strong></span> <span class='ocrx_word' id='word_1_493' title='bbox 697 1856 725 1883; x_wconf 91' lang='lat' dir='ltr'><strong>in</strong></span> <span class='ocrx_word' id='word_1_494' title='bbox 753 1857 841 1891; x_wconf 92' lang='lat' dir='ltr'><strong>ipsum</strong></span> <span class='ocrx_word' id='word_1_495' title='bbox 859 1855 911 1883; x_wconf 85' lang='lat' dir='ltr'><strong>ﬁde</strong></span> <span class='ocrx_word' id='word_1_496' title='bbox 929 1860 955 1883; x_wconf 92' lang='lat' dir='ltr'><strong>et</strong></span> <span class='ocrx_word' id='word_1_497' title='bbox 973 1863 1021 1882; x_wconf 89' lang='lat' dir='ltr'><strong>co-</strong></span> 
     </span>
    </p>
   </div>
   <div class='ocr_carea' id='block_1_69' title="bbox 238 1900 1019 1937">
    <p class='ocr_par' dir='ltr' id='par_1_69' title="bbox 238 1900 1019 1937">
     <span class='ocr_line' id='line_1_69' title="bbox 238 1900 1019 1937; baseline 0.003 -10"><span class='ocrx_word' id='word_1_498' title='bbox 238 1900 358 1936; x_wconf 84' lang='lat' dir='ltr'><strong>gnitione</strong></span> <span class='ocrx_word' id='word_1_499' title='bbox 376 1909 426 1928; x_wconf 92' lang='lat' dir='ltr'><strong>sua</strong></span> <span class='ocrx_word' id='word_1_500' title='bbox 440 1902 591 1929; x_wconf 84' lang='lat' dir='ltr'><strong>donaverit.</strong></span> <span class='ocrx_word' id='word_1_501' title='bbox 605 1902 701 1935; x_wconf 86' lang='lat' dir='ltr'><strong>Etiam,</strong></span> <span class='ocrx_word' id='word_1_502' title='bbox 718 1903 765 1929; x_wconf 85' lang='lat' dir='ltr'><strong>lilii</strong></span> <span class='ocrx_word' id='word_1_503' title='bbox 783 1903 834 1930; x_wconf 91' lang='lat' dir='ltr'><strong>mei</strong></span> <span class='ocrx_word' id='word_1_504' title='bbox 846 1902 947 1934; x_wconf 85' lang='lat' dir='ltr'><strong>dilecti,</strong></span> <span class='ocrx_word' id='word_1_505' title='bbox 963 1902 1019 1937; x_wconf 87' lang='lat' dir='ltr'><strong>jam</strong></span> 
     </span>
    </p>
   </div>
   <div class='ocr_carea' id='block_1_70' title="bbox 238 1945 1020 1981">
    <p class='ocr_par' dir='ltr' id='par_1_70' title="bbox 238 1945 1020 1981">
     <span class='ocr_line' id='line_1_70' title="bbox 238 1945 1020 1981; baseline 0.001 -9"><span class='ocrx_word' id='word_1_506' title='bbox 238 1945 265 1972; x_wconf 91' lang='lat' dir='ltr'><strong>in</strong></span> <span class='ocrx_word' id='word_1_507' title='bbox 302 1945 429 1979; x_wconf 62' lang='lat' dir='ltr'><strong>prmsenti</strong></span> <span class='ocrx_word' id='word_1_508' title='bbox 461 1953 641 1981; x_wconf 82' lang='lat' dir='ltr'><strong>agnoscamus</strong></span> <span class='ocrx_word' id='word_1_509' title='bbox 675 1947 803 1974; x_wconf 88' lang='lat' dir='ltr'><strong>virtutem</strong></span> <span class='ocrx_word' id='word_1_510' title='bbox 827 1947 952 1974; x_wconf 90' lang='lat' dir='ltr'><strong>immensi</strong></span> <span class='ocrx_word' id='word_1_511' title='bbox 973 1946 1020 1973; x_wconf 88' lang='lat' dir='ltr'><strong>Dei</strong></span> 
     </span>
    </p>
   </div>
   <div class='ocr_carea' id='block_1_71' title="bbox 237 1989 1020 2026">
    <p class='ocr_par' dir='ltr' id='par_1_71' title="bbox 237 1989 1020 2026">
     <span class='ocr_line' id='line_1_71' title="bbox 237 1989 1020 2026; baseline 0.004 -10"><span class='ocrx_word' id='word_1_512' title='bbox 237 1994 264 2017; x_wconf 83' lang='lat' dir='ltr'><strong>et</strong></span> <span class='ocrx_word' id='word_1_513' title='bbox 284 1989 390 2017; x_wconf 88' lang='lat' dir='ltr'><strong>Domini</strong></span> <span class='ocrx_word' id='word_1_514' title='bbox 409 1991 496 2018; x_wconf 91' lang='lat' dir='ltr'><strong>nostri</strong></span> <span class='ocrx_word' id='word_1_515' title='bbox 514 1990 578 2019; x_wconf 81' lang='lat' dir='ltr'><strong>Jesu</strong></span> <span class='ocrx_word' id='word_1_516' title='bbox 593 1992 705 2020; x_wconf 84' lang='lat' dir='ltr'><strong>Christi.</strong></span> <span class='ocrx_word' id='word_1_517' title='bbox 725 1991 756 2019; x_wconf 85' lang='lat' dir='ltr'><strong>Et</strong></span> <span class='ocrx_word' id='word_1_518' title='bbox 777 1992 945 2019; x_wconf 83' lang='lat' dir='ltr'><strong>celebremus</strong></span> <span class='ocrx_word' id='word_1_519' title='bbox 960 1991 1020 2026; x_wconf 88' lang='lat' dir='ltr'><strong>ejus</strong></span> 
     </span>
    </p>
   </div>
   <div class='ocr_carea' id='block_1_72' title="bbox 234 2033 1019 2072">
    <p class='ocr_par' dir='ltr' id='par_1_72' title="bbox 234 2033 1019 2072">
     <span class='ocr_line' id='line_1_72' title="bbox 234 2033 1019 2072; baseline 0.003 -12"><span class='ocrx_word' id='word_1_520' title='bbox 234 2033 385 2062; x_wconf 72' lang='lat' dir='ltr'><strong>bonitatem</strong></span> <span class='ocrx_word' id='word_1_521' title='bbox 397 2054 404 2067; x_wconf 82' lang='lat'><strong>,</strong></span> <span class='ocrx_word' id='word_1_522' title='bbox 421 2036 479 2062; x_wconf 86' lang='lat' dir='ltr'><strong>veri</strong></span> <span class='ocrx_word' id='word_1_523' title='bbox 498 2035 603 2063; x_wconf 86' lang='lat' dir='ltr'><strong>scilicet</strong></span> <span class='ocrx_word' id='word_1_524' title='bbox 623 2035 684 2063; x_wconf 85' lang='lat' dir='ltr'><strong>Filii</strong></span> <span class='ocrx_word' id='word_1_525' title='bbox 707 2036 755 2064; x_wconf 90' lang='lat' dir='ltr'><strong>Dei</strong></span> <span class='ocrx_word' id='word_1_526' title='bbox 774 2036 907 2064; x_wconf 89' lang='lat' dir='ltr'><strong>viventis.</strong></span> <span class='ocrx_word' id='word_1_527' title='bbox 929 2037 1019 2072; x_wconf 88' lang='lat' dir='ltr'><strong>Ipsum</strong></span> 
     </span>
    </p>
   </div>
   <div class='ocr_carea' id='block_1_73' title="bbox 232 2080 1018 2118">
    <p class='ocr_par' dir='ltr' id='par_1_73' title="bbox 232 2080 1018 2118">
     <span class='ocr_line' id='line_1_73' title="bbox 232 2080 1018 2118; baseline 0.004 -11"><span class='ocrx_word' id='word_1_528' title='bbox 232 2080 309 2107; x_wconf 78' lang='lat' dir='ltr'><strong>enim</strong></span> <span class='ocrx_word' id='word_1_529' title='bbox 328 2080 425 2108; x_wconf 86' lang='lat' dir='ltr'><strong>decent</strong></span> <span class='ocrx_word' id='word_1_530' title='bbox 446 2081 549 2114; x_wconf 91' lang='lat' dir='ltr'><strong>honor,</strong></span> <span class='ocrx_word' id='word_1_531' title='bbox 567 2082 708 2117; x_wconf 87' lang='lat' dir='ltr'><strong>imperium</strong></span> <span class='ocrx_word' id='word_1_532' title='bbox 719 2104 727 2117; x_wconf 89' lang='lat'><strong>,</strong></span> <span class='ocrx_word' id='word_1_533' title='bbox 743 2083 900 2118; x_wconf 83' lang='lat' dir='ltr'><strong>magnitudo</strong></span> <span class='ocrx_word' id='word_1_534' title='bbox 917 2087 945 2110; x_wconf 90' lang='lat' dir='ltr'><strong>et</strong></span> <span class='ocrx_word' id='word_1_535' title='bbox 960 2090 1018 2109; x_wconf 88' lang='lat' dir='ltr'><strong>ma-</strong></span> 
     </span>
    </p>
   </div>
   <div class='ocr_carea' id='block_1_74' title="bbox 236 2125 1020 2163">
    <p class='ocr_par' dir='ltr' id='par_1_74' title="bbox 236 2125 1020 2163">
     <span class='ocr_line' id='line_1_74' title="bbox 236 2125 1020 2163; baseline 0.004 -11"><span class='ocrx_word' id='word_1_536' title='bbox 236 2125 404 2160; x_wconf 75' lang='lat' dir='ltr'><strong>gniﬁcentia,</strong></span> <span class='ocrx_word' id='word_1_537' title='bbox 425 2134 497 2154; x_wconf 89' lang='lat' dir='ltr'><strong>nunc</strong></span> <span class='ocrx_word' id='word_1_538' title='bbox 515 2130 542 2154; x_wconf 85' lang='lat' dir='ltr'><strong>et</strong></span> <span class='ocrx_word' id='word_1_539' title='bbox 561 2135 667 2163; x_wconf 88' lang='lat' dir='ltr'><strong>semper</strong></span> <span class='ocrx_word' id='word_1_540' title='bbox 691 2132 718 2156; x_wconf 90' lang='lat' dir='ltr'><strong>et</strong></span> <span class='ocrx_word' id='word_1_541' title='bbox 733 2128 762 2155; x_wconf 90' lang='lat' dir='ltr'><strong>in</strong></span> <span class='ocrx_word' id='word_1_542' title='bbox 786 2128 884 2156; x_wconf 68' lang='lat' dir='ltr'><strong>sazcula</strong></span> <span class='ocrx_word' id='word_1_543' title='bbox 906 2128 1020 2155; x_wconf 72' lang='lat' dir='ltr'><strong>saeculo-</strong></span> 
     </span>
    </p>
   </div>
   <div class='ocr_carea' id='block_1_75' title="bbox 237 2172 420 2201">
    <p class='ocr_par' dir='ltr' id='par_1_75' title="bbox 237 2172 420 2201">
     <span class='ocr_line' id='line_1_75' title="bbox 237 2172 420 2201; baseline 0.016 -3"><span class='ocrx_word' id='word_1_544' title='bbox 237 2179 308 2201; x_wconf 87' lang='lat' dir='ltr'><strong>rum.</strong></span> <span class='ocrx_word' id='word_1_545' title='bbox 326 2172 420 2201; x_wconf 82' lang='lat' dir='ltr'><strong>Amen.</strong></span> 
     </span>
    </p>
   </div>
   <div class='ocr_carea' id='block_1_76' title="bbox 1070 1631 1846 1668">
    <p class='ocr_par' dir='ltr' id='par_1_76' title="bbox 1070 1631 1846 1668">
     <span class='ocr_line' id='line_1_76' title="bbox 1070 1631 1846 1668; baseline 0 -11"><span class='ocrx_word' id='word_1_546' title='bbox 1070 1631 1116 1657; x_wconf 71' lang='grc' dir='ltr'>καὶ</span> <span class='ocrx_word' id='word_1_547' title='bbox 1129 1632 1254 1666; x_wconf 73' lang='grc' dir='ltr'>Σωτῆρος</span> <span class='ocrx_word' id='word_1_548' title='bbox 1266 1632 1344 1666; x_wconf 84' lang='grc' dir='ltr'>ὴμῶν</span> <span class='ocrx_word' id='word_1_549' title='bbox 1362 1632 1447 1667; x_wconf 79' lang='grc' dir='ltr'>Ἰησοῦ</span> <span class='ocrx_word' id='word_1_550' title='bbox 1460 1632 1576 1667; x_wconf 79' lang='grc' dir='ltr'>Χριστοῦ</span> <span class='ocrx_word' id='word_1_551' title='bbox 1588 1632 1637 1668; x_wconf 82' lang='grc' dir='ltr'>τὴν</span> <span class='ocrx_word' id='word_1_552' title='bbox 1646 1633 1767 1668; x_wconf 80' lang='grc' dir='ltr'>δύναμιν,</span> <span class='ocrx_word' id='word_1_553' title='bbox 1776 1631 1846 1658; x_wconf 80' lang='grc' dir='ltr'>πλέον</span> 
     </span>
    </p>
   </div>
   <div class='ocr_carea' id='block_1_77' title="bbox 1070 1677 1846 1712">
    <p class='ocr_par' dir='ltr' id='par_1_77' title="bbox 1070 1677 1846 1712">
     <span class='ocr_line' id='line_1_77' title="bbox 1070 1677 1846 1712; baseline 0 -10"><span class='ocrx_word' id='word_1_554' title='bbox 1070 1678 1103 1711; x_wconf 82' lang='grc' dir='ltr'>τῇ</span> <span class='ocrx_word' id='word_1_555' title='bbox 1118 1678 1157 1708; x_wconf 83' lang='grc' dir='ltr'>εἰς</span> <span class='ocrx_word' id='word_1_556' title='bbox 1179 1677 1260 1703; x_wconf 78' lang='grc' dir='ltr'>αὑτὸν</span> <span class='ocrx_word' id='word_1_557' title='bbox 1277 1677 1444 1712; x_wconf 80' lang='grc' dir='ltr'>στερεωθῆτε</span> <span class='ocrx_word' id='word_1_558' title='bbox 1468 1678 1567 1710; x_wconf 85' lang='grc' dir='ltr'>πίστει,</span> <span class='ocrx_word' id='word_1_559' title='bbox 1593 1679 1642 1705; x_wconf 75' lang='grc' dir='ltr'><strong>καὶ</strong></span> <span class='ocrx_word' id='word_1_560' title='bbox 1659 1678 1846 1712; x_wconf 81' lang='grc' dir='ltr'>ἁγαλλιασοῆτε</span> 
     </span>
    </p>
   </div>
   <div class='ocr_carea' id='block_1_78' title="bbox 1071 1722 1845 1758">
    <p class='ocr_par' dir='ltr' id='par_1_78' title="bbox 1071 1722 1845 1758">
     <span class='ocr_line' id='line_1_78' title="bbox 1071 1722 1845 1758; baseline 0 -10"><span class='ocrx_word' id='word_1_561' title='bbox 1071 1722 1118 1748; x_wconf 72' lang='grc' dir='ltr'>ἐπὶ</span> <span class='ocrx_word' id='word_1_562' title='bbox 1136 1724 1190 1754; x_wconf 84' lang='grc' dir='ltr'>τοῖς</span> <span class='ocrx_word' id='word_1_563' title='bbox 1207 1723 1332 1758; x_wconf 83' lang='grc' dir='ltr'>μεγάλοις</span> <span class='ocrx_word' id='word_1_564' title='bbox 1349 1723 1431 1750; x_wconf 80' lang='grc' dir='ltr'>αὑτοῦ</span> <span class='ocrx_word' id='word_1_565' title='bbox 1455 1723 1573 1758; x_wconf 81' lang='grc' dir='ltr'>θαύμασι</span> <span class='ocrx_word' id='word_1_566' title='bbox 1597 1725 1654 1755; x_wconf 82' lang='grc' dir='ltr'>τοῖς</span> <span class='ocrx_word' id='word_1_567' title='bbox 1679 1724 1724 1750; x_wconf 86' lang='grc' dir='ltr'><strong>νῦν</strong></span> <span class='ocrx_word' id='word_1_568' title='bbox 1742 1731 1845 1758; x_wconf 75' lang='grc' dir='ltr'>γεγενη-</span> 
     </span>
    </p>
   </div>
   <div class='ocr_carea' id='block_1_79' title="bbox 1072 1767 1846 1806">
    <p class='ocr_par' dir='ltr' id='par_1_79' title="bbox 1072 1767 1846 1806">
     <span class='ocr_line' id='line_1_79' title="bbox 1072 1767 1846 1806; baseline 0 -13"><span class='ocrx_word' id='word_1_569' title='bbox 1072 1768 1170 1802; x_wconf 79' lang='grc' dir='ltr'>μένοις.</span> <span class='ocrx_word' id='word_1_570' title='bbox 1198 1769 1262 1795; x_wconf 83' lang='grc' dir='ltr'>Δότε</span> <span class='ocrx_word' id='word_1_571' title='bbox 1281 1767 1327 1796; x_wconf 81' lang='grc' dir='ltr'>οὖν</span> <span class='ocrx_word' id='word_1_572' title='bbox 1344 1769 1417 1805; x_wconf 86' lang='grc' dir='ltr'><strong>αὐτῷ</strong></span> <span class='ocrx_word' id='word_1_573' title='bbox 1433 1769 1510 1802; x_wconf 78' lang='grc' dir='ltr'>δόξαν</span> <span class='ocrx_word' id='word_1_574' title='bbox 1534 1769 1593 1804; x_wconf 84' lang='grc' dir='ltr'>μετ’</span> <span class='ocrx_word' id='word_1_575' title='bbox 1609 1769 1784 1806; x_wconf 79' lang='grc' dir='ltr'>εὐφροσύνης,</span> <span class='ocrx_word' id='word_1_576' title='bbox 1804 1768 1846 1794; x_wconf 69' lang='grc' dir='ltr'>καὶ</span> 
     </span>
    </p>
   </div>
   <div class='ocr_carea' id='block_1_80' title="bbox 1071 1814 1846 1851">
    <p class='ocr_par' dir='ltr' id='par_1_80' title="bbox 1071 1814 1846 1851">
     <span class='ocr_line' id='line_1_80' title="bbox 1071 1814 1846 1851; baseline 0 -11"><span class='ocrx_word' id='word_1_577' title='bbox 1071 1814 1215 1846; x_wconf 79' lang='grc' dir='ltr'>κατὰνυξιν</span> <span class='ocrx_word' id='word_1_578' title='bbox 1236 1815 1358 1850; x_wconf 79' lang='grc' dir='ltr'>καρδίας,</span> <span class='ocrx_word' id='word_1_579' title='bbox 1375 1816 1421 1842; x_wconf 75' lang='grc' dir='ltr'><strong>καὶ</strong></span> <span class='ocrx_word' id='word_1_580' title='bbox 1437 1815 1527 1851; x_wconf 87' lang='grc' dir='ltr'>θρήνῳ</span> <span class='ocrx_word' id='word_1_581' title='bbox 1542 1815 1691 1850; x_wconf 78' lang='grc' dir='ltr'>χαίροντες,</span> <span class='ocrx_word' id='word_1_582' title='bbox 1711 1815 1757 1842; x_wconf 79' lang='grc' dir='ltr'>καὶ</span> <span class='ocrx_word' id='word_1_583' title='bbox 1774 1815 1846 1848; x_wconf 75' lang='grc' dir='ltr'>εὐχα-</span> 
     </span>
    </p>
   </div>
   <div class='ocr_carea' id='block_1_81' title="bbox 1071 1857 1845 1897">
    <p class='ocr_par' dir='ltr' id='par_1_81' title="bbox 1071 1857 1845 1897">
     <span class='ocr_line' id='line_1_81' title="bbox 1071 1857 1845 1897; baseline -0.003 -11"><span class='ocrx_word' id='word_1_584' title='bbox 1071 1860 1224 1894; x_wconf 84' lang='grc' dir='ltr'>ριστοῦντες</span> <span class='ocrx_word' id='word_1_585' title='bbox 1239 1861 1284 1887; x_wconf 76' lang='grc' dir='ltr'><strong>ἐπὶ</strong></span> <span class='ocrx_word' id='word_1_586' title='bbox 1299 1863 1332 1897; x_wconf 82' lang='grc' dir='ltr'>τῇ</span> <span class='ocrx_word' id='word_1_587' title='bbox 1346 1861 1427 1888; x_wconf 82' lang='grc' dir='ltr'>αὑτοῦ</span> <span class='ocrx_word' id='word_1_588' title='bbox 1440 1862 1638 1897; x_wconf 83' lang='grc' dir='ltr'>μεγαλειότητι,</span> <span class='ocrx_word' id='word_1_589' title='bbox 1653 1862 1692 1888; x_wconf 80' lang='grc' dir='ltr'>ὅτι</span> <span class='ocrx_word' id='word_1_590' title='bbox 1708 1861 1754 1896; x_wconf 82' lang='grc' dir='ltr'>τῆς</span> <span class='ocrx_word' id='word_1_591' title='bbox 1770 1857 1845 1886; x_wconf 81' lang='grc' dir='ltr'>αὑτοῦ</span> 
     </span>
    </p>
   </div>
   <div class='ocr_carea' id='block_1_82' title="bbox 1071 1905 1843 1942">
    <p class='ocr_par' dir='ltr' id='par_1_82' title="bbox 1071 1905 1843 1942">
     <span class='ocr_line' id='line_1_82' title="bbox 1071 1905 1843 1942; baseline 0 -11"><span class='ocrx_word' id='word_1_592' title='bbox 1071 1905 1188 1937; x_wconf 80' lang='grc' dir='ltr'>πίστεως</span> <span class='ocrx_word' id='word_1_593' title='bbox 1209 1907 1282 1941; x_wconf 82' lang='grc' dir='ltr'>ἡμᾶς</span> <span class='ocrx_word' id='word_1_594' title='bbox 1299 1906 1408 1942; x_wconf 79' lang='grc' dir='ltr'>ἠξίωσε,</span> <span class='ocrx_word' id='word_1_595' title='bbox 1434 1908 1479 1934; x_wconf 81' lang='grc' dir='ltr'><strong>καὶ</strong></span> <span class='ocrx_word' id='word_1_596' title='bbox 1503 1907 1553 1942; x_wconf 82' lang='grc' dir='ltr'><strong>τῆς</strong></span> <span class='ocrx_word' id='word_1_597' title='bbox 1572 1907 1656 1934; x_wconf 81' lang='grc' dir='ltr'>αὐτοῦ</span> <span class='ocrx_word' id='word_1_598' title='bbox 1674 1905 1843 1940; x_wconf 77' lang='grc' dir='ltr'>ἐπιγνώσεως.</span> 
     </span>
    </p>
   </div>
   <div class='ocr_carea' id='block_1_83' title="bbox 1070 1952 1844 1990">
    <p class='ocr_par' dir='ltr' id='par_1_83' title="bbox 1070 1952 1844 1990">
     <span class='ocr_line' id='line_1_83' title="bbox 1070 1952 1844 1990; baseline -0.001 -12"><span class='ocrx_word' id='word_1_599' title='bbox 1070 1952 1133 1982; x_wconf 72' lang='grc' dir='ltr'>Ναὶ,</span> <span class='ocrx_word' id='word_1_600' title='bbox 1146 1953 1228 1980; x_wconf 84' lang='grc' dir='ltr'>τέκνα</span> <span class='ocrx_word' id='word_1_601' title='bbox 1247 1962 1296 1988; x_wconf 88' lang='grc' dir='ltr'><strong>μου</strong></span> <span class='ocrx_word' id='word_1_602' title='bbox 1310 1954 1449 1989; x_wconf 77' lang='grc' dir='ltr'>ἀγαπητὰ,</span> <span class='ocrx_word' id='word_1_603' title='bbox 1466 1953 1574 1990; x_wconf 81' lang='grc' dir='ltr'>γνῶμεν</span> <span class='ocrx_word' id='word_1_604' title='bbox 1597 1955 1645 1981; x_wconf 77' lang='grc' dir='ltr'><strong>καὶ</strong></span> <span class='ocrx_word' id='word_1_605' title='bbox 1656 1955 1701 1981; x_wconf 74' lang='grc' dir='ltr'><strong>ἐπὶ</strong></span> <span class='ocrx_word' id='word_1_606' title='bbox 1717 1952 1762 1980; x_wconf 84' lang='grc' dir='ltr'><strong>τοῦ</strong></span> <span class='ocrx_word' id='word_1_607' title='bbox 1781 1959 1844 1986; x_wconf 86' lang='grc' dir='ltr'>παρ-</span> 
     </span>
    </p>
   </div>
   <div class='ocr_carea' id='block_1_84' title="bbox 1070 1994 1843 2035">
    <p class='ocr_par' dir='ltr' id='par_1_84' title="bbox 1070 1994 1843 2035">
     <span class='ocr_line' id='line_1_84' title="bbox 1070 1994 1843 2035; baseline 0 -13"><span class='ocrx_word' id='word_1_608' title='bbox 1070 1997 1145 2028; x_wconf 83' lang='grc' dir='ltr'>όντος</span> <span class='ocrx_word' id='word_1_609' title='bbox 1163 1997 1210 2024; x_wconf 85' lang='grc' dir='ltr'><strong>τοῦ</strong></span> <span class='ocrx_word' id='word_1_610' title='bbox 1238 1999 1392 2034; x_wconf 84' lang='grc' dir='ltr'>ἀπεράντου</span> <span class='ocrx_word' id='word_1_611' title='bbox 1408 1999 1487 2034; x_wconf 78' lang='grc' dir='ltr'>ἡμῶν</span> <span class='ocrx_word' id='word_1_612' title='bbox 1501 1999 1568 2026; x_wconf 89' lang='grc' dir='ltr'>Θεοῦ</span> <span class='ocrx_word' id='word_1_613' title='bbox 1584 2000 1632 2026; x_wconf 77' lang='grc' dir='ltr'>καὶ</span> <span class='ocrx_word' id='word_1_614' title='bbox 1658 1994 1843 2035; x_wconf 77' lang='grc' dir='ltr'>ΚυρίουῚησοῦ</span> 
     </span>
    </p>
   </div>
   <div class='ocr_carea' id='block_1_85' title="bbox 1070 2039 1843 2080">
    <p class='ocr_par' dir='ltr' id='par_1_85' title="bbox 1070 2039 1843 2080">
     <span class='ocr_line' id='line_1_85' title="bbox 1070 2039 1843 2080; baseline 0.001 -13"><span class='ocrx_word' id='word_1_615' title='bbox 1070 2041 1188 2076; x_wconf 84' lang='grc' dir='ltr'>Χριστοῦ</span> <span class='ocrx_word' id='word_1_616' title='bbox 1212 2043 1260 2078; x_wconf 80' lang='grc' dir='ltr'>τὴν</span> <span class='ocrx_word' id='word_1_617' title='bbox 1285 2043 1407 2079; x_wconf 85' lang='grc' dir='ltr'>δύναμιν.</span> <span class='ocrx_word' id='word_1_618' title='bbox 1441 2044 1495 2071; x_wconf 75' lang='grc' dir='ltr'><strong>Καὶ</strong></span> <span class='ocrx_word' id='word_1_619' title='bbox 1521 2044 1677 2080; x_wconf 81' lang='grc' dir='ltr'>δοξάσωμεν</span> <span class='ocrx_word' id='word_1_620' title='bbox 1704 2044 1750 2078; x_wconf 83' lang='grc' dir='ltr'>τὴν</span> <span class='ocrx_word' id='word_1_621' title='bbox 1770 2039 1843 2068; x_wconf 81' lang='grc' dir='ltr'><strong>αὐτοῦ</strong></span> 
     </span>
    </p>
   </div>
   <div class='ocr_carea' id='block_1_86' title="bbox 1070 2086 1841 2124">
    <p class='ocr_par' dir='ltr' id='par_1_86' title="bbox 1070 2086 1841 2124">
     <span class='ocr_line' id='line_1_86' title="bbox 1070 2086 1841 2124; baseline 0.005 -12"><span class='ocrx_word' id='word_1_622' title='bbox 1070 2086 1237 2122; x_wconf 76' lang='grc' dir='ltr'>ἀγαθότ-ητα,</span> <span class='ocrx_word' id='word_1_623' title='bbox 1252 2088 1298 2114; x_wconf 86' lang='grc' dir='ltr'><strong>τοῦ</strong></span> <span class='ocrx_word' id='word_1_624' title='bbox 1315 2089 1441 2124; x_wconf 83' lang='grc' dir='ltr'>ἀληθινοῦ</span> <span class='ocrx_word' id='word_1_625' title='bbox 1461 2089 1525 2116; x_wconf 79' lang='grc' dir='ltr'>Υἰοῦ</span> <span class='ocrx_word' id='word_1_626' title='bbox 1537 2089 1584 2115; x_wconf 88' lang='grc' dir='ltr'><strong>τοῦ</strong></span> <span class='ocrx_word' id='word_1_627' title='bbox 1595 2090 1664 2116; x_wconf 85' lang='grc' dir='ltr'>Θεοῦ</span> <span class='ocrx_word' id='word_1_628' title='bbox 1679 2089 1724 2116; x_wconf 85' lang='grc' dir='ltr'><strong>τοῦ</strong></span> <span class='ocrx_word' id='word_1_629' title='bbox 1743 2088 1841 2120; x_wconf 80' lang='grc' dir='ltr'>ζῶντος-</span> 
     </span>
    </p>
   </div>
   <div class='ocr_carea' id='block_1_87' title="bbox 1070 2132 1844 2172">
    <p class='ocr_par' dir='ltr' id='par_1_87' title="bbox 1070 2132 1844 2172">
     <span class='ocr_line' id='line_1_87' title="bbox 1070 2132 1844 2172; baseline 0.001 -15"><span class='ocrx_word' id='word_1_630' title='bbox 1070 2132 1148 2167; x_wconf 82' lang='grc' dir='ltr'><strong>Αὑτῴ</strong></span> <span class='ocrx_word' id='word_1_631' title='bbox 1160 2133 1213 2169; x_wconf 84' lang='grc' dir='ltr'>γὰρ</span> <span class='ocrx_word' id='word_1_632' title='bbox 1227 2134 1326 2170; x_wconf 84' lang='grc' dir='ltr'>πρέπει</span> <span class='ocrx_word' id='word_1_633' title='bbox 1342 2135 1419 2172; x_wconf 81' lang='grc' dir='ltr'>τιμὴ,</span> <span class='ocrx_word' id='word_1_634' title='bbox 1436 2136 1544 2171; x_wconf 81' lang='grc' dir='ltr'>κράτος,</span> <span class='ocrx_word' id='word_1_635' title='bbox 1562 2134 1727 2170; x_wconf 84' lang='grc' dir='ltr'>μεγαλοσὺνη</span> <span class='ocrx_word' id='word_1_636' title='bbox 1748 2133 1791 2159; x_wconf 78' lang='grc' dir='ltr'><strong>καὶ</strong></span> <span class='ocrx_word' id='word_1_637' title='bbox 1802 2139 1844 2166; x_wconf 80' lang='grc' dir='ltr'>με·</span> 
     </span>
    </p>
   </div>
   <div class='ocr_carea' id='block_1_88' title="bbox 1071 2176 1841 2214">
    <p class='ocr_par' dir='ltr' id='par_1_88' title="bbox 1071 2176 1841 2214">
     <span class='ocr_line' id='line_1_88' title="bbox 1071 2176 1841 2214; baseline 0.003 -10"><span class='ocrx_word' id='word_1_638' title='bbox 1071 2179 1265 2214; x_wconf 81' lang='grc' dir='ltr'>γαλοπρέπεια,</span> <span class='ocrx_word' id='word_1_639' title='bbox 1279 2180 1326 2208; x_wconf 88' lang='grc' dir='ltr'><strong>νῦν</strong></span> <span class='ocrx_word' id='word_1_640' title='bbox 1343 2183 1388 2208; x_wconf 77' lang='grc' dir='ltr'><strong>καὶ</strong></span> <span class='ocrx_word' id='word_1_641' title='bbox 1414 2182 1458 2208; x_wconf 76' lang='grc' dir='ltr'>ἀεὶ</span> <span class='ocrx_word' id='word_1_642' title='bbox 1481 2181 1528 2208; x_wconf 74' lang='grc' dir='ltr'>καὶ</span> <span class='ocrx_word' id='word_1_643' title='bbox 1543 2182 1584 2213; x_wconf 78' lang='grc' dir='ltr'><strong>είς</strong></span> <span class='ocrx_word' id='word_1_644' title='bbox 1597 2182 1660 2213; x_wconf 86' lang='grc' dir='ltr'>τοὺς</span> <span class='ocrx_word' id='word_1_645' title='bbox 1686 2179 1780 2210; x_wconf 80' lang='grc' dir='ltr'>αίῶνας</span> <span class='ocrx_word' id='word_1_646' title='bbox 1795 2176 1841 2203; x_wconf 79' lang='grc' dir='ltr'><strong>τῶν</strong></span> 
     </span>
    </p>
   </div>
   <div class='ocr_carea' id='block_1_89' title="bbox 1072 2224 1299 2262">
    <p class='ocr_par' dir='ltr' id='par_1_89' title="bbox 1072 2224 1299 2262">
     <span class='ocr_line' id='line_1_89' title="bbox 1072 2224 1299 2262; baseline 0.018 -12"><span class='ocrx_word' id='word_1_647' title='bbox 1072 2224 1186 2253; x_wconf 75' lang='grc' dir='ltr'>αἰώνων.</span> <span class='ocrx_word' id='word_1_648' title='bbox 1202 2225 1299 2262; x_wconf 80' lang='grc' dir='ltr'><strong>’Δμήν.</strong></span> 
     </span>
    </p>
   </div>
   <div class='ocr_carea' id='block_1_90' title="bbox 236 2340 1842 2389">
    <p class='ocr_par' dir='ltr' id='par_1_90' title="bbox 236 2340 1842 2389">
     <span class='ocr_line' id='line_1_90' title="bbox 236 2340 1842 2389; baseline 0.001 -12"><span class='ocrx_word' id='word_1_649' title='bbox 236 2341 318 2379; x_wconf 79' lang='lat'><strong>295</strong></span> <span class='ocrx_word' id='word_1_650' title='bbox 332 2341 455 2372; x_wconf 72' lang='lat' dir='ltr'><strong>Relalio</strong></span> <span class='ocrx_word' id='word_1_651' title='bbox 481 2340 708 2389; x_wconf 58' lang='lat' dir='ltr'><strong>miraculorum</strong></span> <span class='ocrx_word' id='word_1_652' title='bbox 719 2342 848 2389; x_wconf 56' lang='lat' dir='ltr'><strong>Domini</strong></span> <span class='ocrx_word' id='word_1_653' title='bbox 860 2345 958 2389; x_wconf 75' lang='lat' dir='ltr'><strong>nostri</strong></span> <span class='ocrx_word' id='word_1_654' title='bbox 975 2347 1053 2389; x_wconf 68' lang='lat' dir='ltr'><strong>.iesu</strong></span> <span class='ocrx_word' id='word_1_655' title='bbox 1070 2348 1199 2389; x_wconf 80' lang='lat' dir='ltr'><strong>Christi,</strong></span> <span class='ocrx_word' id='word_1_656' title='bbox 1216 2359 1288 2388; x_wconf 76' lang='lat' dir='ltr'><strong>quae</strong></span> <span class='ocrx_word' id='word_1_657' title='bbox 1305 2358 1360 2388; x_wconf 80' lang='lat' dir='ltr'><strong>per</strong></span> <span class='ocrx_word' id='word_1_658' title='bbox 1379 2350 1552 2388; x_wconf 79' lang='lat' dir='ltr'><strong>imaginem</strong></span> <span class='ocrx_word' id='word_1_659' title='bbox 1567 2350 1671 2389; x_wconf 86' lang='lat' dir='ltr'><strong>ipsius</strong></span> <span class='ocrx_word' id='word_1_660' title='bbox 1686 2349 1764 2380; x_wconf 80' lang='lat' dir='ltr'><strong>facta</strong></span> <span class='ocrx_word' id='word_1_661' title='bbox 1775 2347 1842 2376; x_wconf 61' lang='lat' dir='ltr'><strong>sunt</strong></span> 
     </span>
    </p>
   </div>
   <div class='ocr_carea' id='block_1_91' title="bbox 609 2382 1496 2427">
    <p class='ocr_par' dir='ltr' id='par_1_91' title="bbox 609 2382 1496 2427">
     <span class='ocr_line' id='line_1_91' title="bbox 609 2382 1496 2427; baseline 0.01 -17"><span class='ocrx_word' id='word_1_662' title='bbox 609 2382 643 2411; x_wconf 89' lang='lat' dir='ltr'><strong>in</strong></span> <span class='ocrx_word' id='word_1_663' title='bbox 662 2382 785 2421; x_wconf 72' lang='lat' dir='ltr'><strong>Beryto,</strong></span> <span class='ocrx_word' id='word_1_664' title='bbox 803 2383 902 2422; x_wconf 61' lang='lat' dir='ltr'><strong>Syria;</strong></span> <span class='ocrx_word' id='word_1_665' title='bbox 921 2385 1061 2423; x_wconf 83' lang='lat' dir='ltr'><strong>civitate,</strong></span> <span class='ocrx_word' id='word_1_666' title='bbox 1081 2382 1282 2427; x_wconf 79' lang='lat' dir='ltr'><strong>quiutoldus</strong></span> <span class='ocrx_word' id='word_1_667' title='bbox 1296 2382 1496 2421; x_wconf 70' lang='lat' dir='ltr'><strong>Novembris.</strong></span> 
     </span>
    </p>
   </div>
   <div class='ocr_carea' id='block_1_92' title="bbox 271 2451 1843 2490">
    <p class='ocr_par' dir='ltr' id='par_1_92' title="bbox 271 2451 1843 2490">
     <span class='ocr_line' id='line_1_92' title="bbox 271 2451 1843 2490; baseline 0.002 -11"><span class='ocrx_word' id='word_1_668' title='bbox 271 2452 349 2487; x_wconf 80' lang='lat' dir='ltr'><strong>Apud</strong></span> <span class='ocrx_word' id='word_1_669' title='bbox 372 2451 521 2479; x_wconf 59' lang='lat' dir='ltr'><strong>Cazsaream</strong></span> <span class='ocrx_word' id='word_1_670' title='bbox 548 2452 727 2487; x_wconf 67' lang='lat' dir='ltr'><strong>Cappadocia:</strong></span> <span class='ocrx_word' id='word_1_671' title='bbox 751 2454 847 2481; x_wconf 88' lang='lat' dir='ltr'><strong>urbem</strong></span> <span class='ocrx_word' id='word_1_672' title='bbox 871 2458 1018 2490; x_wconf 76' lang='lat' dir='ltr'><strong>przemaxi-</strong></span> <span class='ocrx_word' id='word_1_673' title='bbox 1035 2461 1056 2487; x_wconf 90' lang='lat' dir='ltr'><strong>D</strong></span> <span class='ocrx_word' id='word_1_674' title='bbox 1072 2458 1207 2489; x_wconf 82' lang='lat' dir='ltr'><strong>tulissent,</strong></span> <span class='ocrx_word' id='word_1_675' title='bbox 1225 2458 1321 2486; x_wconf 84' lang='lat' dir='ltr'><strong>Petrus</strong></span> <span class='ocrx_word' id='word_1_676' title='bbox 1338 2459 1513 2486; x_wconf 85' lang='lat' dir='ltr'><strong>beatissimus</strong></span> <span class='ocrx_word' id='word_1_677' title='bbox 1534 2458 1696 2486; x_wconf 62' lang='lat' dir='ltr'><strong>Nicomedia‘.</strong></span> <span class='ocrx_word' id='word_1_678' title='bbox 1710 2456 1781 2484; x_wconf 86' lang='lat' dir='ltr'><strong>urbis</strong></span> <span class='ocrx_word' id='word_1_679' title='bbox 1799 2461 1843 2480; x_wconf 84' lang='lat' dir='ltr'><strong>an-</strong></span> 
     </span>
    </p>
   </div>
   <div class='ocr_carea' id='block_1_93' title="bbox 236 2497 1020 2533">
    <p class='ocr_par' dir='ltr' id='par_1_93' title="bbox 236 2497 1020 2533">
     <span class='ocr_line' id='line_1_93' title="bbox 236 2497 1020 2533; baseline 0.006 -10"><span class='ocrx_word' id='word_1_680' title='bbox 236 2505 319 2528; x_wconf 84' lang='lat' dir='ltr'><strong>mam,</strong></span> <span class='ocrx_word' id='word_1_681' title='bbox 335 2497 527 2525; x_wconf 82' lang='lat' dir='ltr'><strong>convenientes</strong></span> <span class='ocrx_word' id='word_1_682' title='bbox 546 2497 580 2524; x_wconf 89' lang='lat' dir='ltr'><strong>de</strong></span> <span class='ocrx_word' id='word_1_683' title='bbox 602 2498 715 2533; x_wconf 82' lang='lat' dir='ltr'><strong>singulis</strong></span> <span class='ocrx_word' id='word_1_684' title='bbox 731 2499 845 2527; x_wconf 87' lang='lat' dir='ltr'><strong>urbibus</strong></span> <span class='ocrx_word' id='word_1_685' title='bbox 866 2500 936 2528; x_wconf 72' lang='lat' dir='ltr'><strong>Asiae</strong></span> <span class='ocrx_word' id='word_1_686' title='bbox 958 2509 1020 2528; x_wconf 86' lang='lat' dir='ltr'><strong>san-</strong></span> 
     </span>
    </p>
   </div>
   <div class='ocr_carea' id='block_1_94' title="bbox 235 2541 1018 2576">
    <p class='ocr_par' dir='ltr' id='par_1_94' title="bbox 235 2541 1018 2576">
     <span class='ocr_line' id='line_1_94' title="bbox 235 2541 1018 2576; baseline 0.005 -9"><span class='ocrx_word' id='word_1_687' title='bbox 235 2541 351 2568; x_wconf 85' lang='lat' dir='ltr'><strong>ctissimi</strong></span> <span class='ocrx_word' id='word_1_688' title='bbox 373 2541 511 2576; x_wconf 64' lang='lat' dir='ltr'><strong>praesules,</strong></span> <span class='ocrx_word' id='word_1_689' title='bbox 528 2549 577 2576; x_wconf 88' lang='lat' dir='ltr'><strong>pro</strong></span> <span class='ocrx_word' id='word_1_690' title='bbox 600 2542 783 2569; x_wconf 78' lang='lat' dir='ltr'><strong>stabilimenta</strong></span> <span class='ocrx_word' id='word_1_691' title='bbox 807 2548 908 2570; x_wconf 71' lang='lat' dir='ltr'><strong>sancta:</strong></span> <span class='ocrx_word' id='word_1_692' title='bbox 924 2544 1018 2572; x_wconf 87' lang='lat' dir='ltr'><strong>Eccle-</strong></span> 
     </span>
    </p>
   </div>
   <div class='ocr_carea' id='block_1_95' title="bbox 236 2586 1019 2623">
    <p class='ocr_par' dir='ltr' id='par_1_95' title="bbox 236 2586 1019 2623">
     <span class='ocr_line' id='line_1_95' title="bbox 236 2586 1019 2623; baseline 0.006 -10"><span class='ocrx_word' id='word_1_693' title='bbox 236 2586 284 2614; x_wconf 73' lang='lat' dir='ltr'><strong>siae</strong></span> <span class='ocrx_word' id='word_1_694' title='bbox 292 2586 413 2613; x_wconf 88' lang='lat' dir='ltr'><strong>inierunt</strong></span> <span class='ocrx_word' id='word_1_695' title='bbox 421 2587 576 2614; x_wconf 76' lang='lat' dir='ltr'><strong>conSilium.</strong></span> <span class='ocrx_word' id='word_1_696' title='bbox 589 2586 728 2622; x_wconf 88' lang='lat' dir='ltr'><strong>Siquidem</strong></span> <span class='ocrx_word' id='word_1_697' title='bbox 738 2588 807 2623; x_wconf 84' lang='lat' dir='ltr'><strong>apud</strong></span> <span class='ocrx_word' id='word_1_698' title='bbox 819 2597 865 2616; x_wconf 88' lang='lat' dir='ltr'><strong>eos</strong></span> <span class='ocrx_word' id='word_1_699' title='bbox 879 2590 912 2617; x_wconf 90' lang='lat' dir='ltr'><strong>de</strong></span> <span class='ocrx_word' id='word_1_700' title='bbox 921 2598 1019 2618; x_wconf 88' lang='lat' dir='ltr'><strong>cruore</strong></span> 
     </span>
    </p>
   </div>
   <div class='ocr_carea' id='block_1_96' title="bbox 236 2631 1020 2670">
    <p class='ocr_par' dir='ltr' id='par_1_96' title="bbox 236 2631 1020 2670">
     <span class='ocr_line' id='line_1_96' title="bbox 236 2631 1020 2670; baseline 0.006 -12"><span class='ocrx_word' id='word_1_701' title='bbox 236 2631 329 2659; x_wconf 88' lang='lat' dir='ltr'><strong>lateris</strong></span> <span class='ocrx_word' id='word_1_702' title='bbox 340 2631 446 2658; x_wconf 85' lang='lat' dir='ltr'><strong>Domini</strong></span> <span class='ocrx_word' id='word_1_703' title='bbox 464 2633 550 2659; x_wconf 88' lang='lat' dir='ltr'><strong>nostri</strong></span> <span class='ocrx_word' id='word_1_704' title='bbox 567 2631 630 2659; x_wconf 83' lang='lat' dir='ltr'><strong>Jesu</strong></span> <span class='ocrx_word' id='word_1_705' title='bbox 659 2633 760 2661; x_wconf 90' lang='lat' dir='ltr'><strong>Christi</strong></span> <span class='ocrx_word' id='word_1_706' title='bbox 775 2642 829 2661; x_wconf 90' lang='lat' dir='ltr'><strong>non</strong></span> <span class='ocrx_word' id='word_1_707' title='bbox 844 2636 958 2670; x_wconf 77' lang='lat' dir='ltr'><strong>exiguus</strong></span> <span class='ocrx_word' id='word_1_708' title='bbox 975 2644 1020 2663; x_wconf 86' lang='lat' dir='ltr'><strong>er-</strong></span> 
     </span>
    </p>
   </div>
   <div class='ocr_carea' id='block_1_97' title="bbox 235 2677 1018 2716">
    <p class='ocr_par' dir='ltr' id='par_1_97' title="bbox 235 2677 1018 2716">
     <span class='ocr_line' id='line_1_97' title="bbox 235 2677 1018 2716; baseline 0.008 -14"><span class='ocrx_word' id='word_1_709' title='bbox 235 2683 282 2702; x_wconf 92' lang='lat' dir='ltr'><strong>ror</strong></span> <span class='ocrx_word' id='word_1_710' title='bbox 299 2680 411 2704; x_wconf 75' lang='lat' dir='ltr'><strong>exortus</strong></span> <span class='ocrx_word' id='word_1_711' title='bbox 426 2684 487 2704; x_wconf 90' lang='lat' dir='ltr'><strong>esse</strong></span> <span class='ocrx_word' id='word_1_712' title='bbox 509 2677 660 2705; x_wconf 78' lang='lat' dir='ltr'><strong>videbatur.</strong></span> <span class='ocrx_word' id='word_1_713' title='bbox 678 2679 736 2711; x_wconf 80' lang='lat' dir='ltr'><strong>Qua</strong></span> <span class='ocrx_word' id='word_1_714' title='bbox 761 2687 793 2706; x_wconf 83' lang='lat' dir='ltr'><strong>ex</strong></span> <span class='ocrx_word' id='word_1_715' title='bbox 808 2688 847 2711; x_wconf 86' lang='lat' dir='ltr'><strong>re,</strong></span> <span class='ocrx_word' id='word_1_716' title='bbox 870 2684 897 2707; x_wconf 81' lang='lat' dir='ltr'><strong>ut</strong></span> <span class='ocrx_word' id='word_1_717' title='bbox 912 2681 1018 2716; x_wconf 70' lang='lat' dir='ltr'><strong>praefati</strong></span> 
     </span>
    </p>
   </div>
   <div class='ocr_carea' id='block_1_98' title="bbox 235 2722 1018 2760">
    <p class='ocr_par' dir='ltr' id='par_1_98' title="bbox 235 2722 1018 2760">
     <span class='ocr_line' id='line_1_98' title="bbox 235 2722 1018 2760; baseline 0.009 -13"><span class='ocrx_word' id='word_1_718' title='bbox 235 2728 341 2754; x_wconf 84' lang='lat' dir='ltr'><strong>sumus,</strong></span> <span class='ocrx_word' id='word_1_719' title='bbox 357 2722 384 2748; x_wconf 93' lang='lat' dir='ltr'><strong>in</strong></span> <span class='ocrx_word' id='word_1_720' title='bbox 398 2722 454 2756; x_wconf 85' lang='lat' dir='ltr'><strong>jam</strong></span> <span class='ocrx_word' id='word_1_721' title='bbox 466 2722 537 2749; x_wconf 87' lang='lat' dir='ltr'><strong>dicta</strong></span> <span class='ocrx_word' id='word_1_722' title='bbox 552 2723 618 2750; x_wconf 89' lang='lat' dir='ltr'><strong>urbe</strong></span> <span class='ocrx_word' id='word_1_723' title='bbox 634 2725 767 2752; x_wconf 72' lang='lat' dir='ltr'><strong>maximus</strong></span> <span class='ocrx_word' id='word_1_724' title='bbox 784 2731 965 2760; x_wconf 84' lang='lat' dir='ltr'><strong>congregatus</strong></span> <span class='ocrx_word' id='word_1_725' title='bbox 977 2731 1018 2754; x_wconf 88' lang='lat' dir='ltr'><strong>est</strong></span> 
     </span>
    </p>
   </div>
   <div class='ocr_carea' id='block_1_99' title="bbox 233 2768 1019 2803">
    <p class='ocr_par' dir='ltr' id='par_1_99' title="bbox 233 2768 1019 2803">
     <span class='ocr_line' id='line_1_99' title="bbox 233 2768 1019 2803; baseline 0.008 -10"><span class='ocrx_word' id='word_1_726' title='bbox 233 2770 393 2794; x_wconf 68' lang='lat' dir='ltr'><strong>cunctorum</strong></span> <span class='ocrx_word' id='word_1_727' title='bbox 407 2768 596 2803; x_wconf 87' lang='lat' dir='ltr'><strong>episcoporum</strong></span> <span class='ocrx_word' id='word_1_728' title='bbox 614 2774 774 2802; x_wconf 83' lang='lat' dir='ltr'><strong>conventus.</strong></span> <span class='ocrx_word' id='word_1_729' title='bbox 795 2774 826 2797; x_wconf 90' lang='lat' dir='ltr'><strong>ut</strong></span> <span class='ocrx_word' id='word_1_730' title='bbox 849 2779 882 2798; x_wconf 75' lang='lat' dir='ltr'><strong>ex</strong></span> <span class='ocrx_word' id='word_1_731' title='bbox 907 2772 958 2799; x_wconf 81' lang='lat' dir='ltr'><strong>hoc</strong></span> <span class='ocrx_word' id='word_1_732' title='bbox 975 2780 1019 2799; x_wconf 86' lang='lat' dir='ltr'><strong>er-</strong></span> 
     </span>
    </p>
   </div>
   <div class='ocr_carea' id='block_1_100' title="bbox 237 2811 1020 2844">
    <p class='ocr_par' dir='ltr' id='par_1_100' title="bbox 237 2811 1020 2844">
     <span class='ocr_line' id='line_1_100' title="bbox 237 2811 1020 2844; baseline 0.006 -6"><span class='ocrx_word' id='word_1_733' title='bbox 237 2819 298 2839; x_wconf 82' lang='lat' dir='ltr'><strong>rore</strong></span> <span class='ocrx_word' id='word_1_734' title='bbox 314 2811 341 2839; x_wconf 90' lang='lat' dir='ltr'><strong>in</strong></span> <span class='ocrx_word' id='word_1_735' title='bbox 354 2820 436 2840; x_wconf 92' lang='lat' dir='ltr'><strong>unum</strong></span> <span class='ocrx_word' id='word_1_736' title='bbox 449 2818 566 2842; x_wconf 86' lang='lat' dir='ltr'><strong>tractare</strong></span> <span class='ocrx_word' id='word_1_737' title='bbox 581 2814 721 2842; x_wconf 83' lang='lat' dir='ltr'><strong>deberent.</strong></span> <span class='ocrx_word' id='word_1_738' title='bbox 735 2815 787 2842; x_wconf 85' lang='lat' dir='ltr'><strong>Sed</strong></span> <span class='ocrx_word' id='word_1_739' title='bbox 803 2816 866 2842; x_wconf 90' lang='lat' dir='ltr'><strong>dum</strong></span> <span class='ocrx_word' id='word_1_740' title='bbox 879 2817 970 2843; x_wconf 86' lang='lat' dir='ltr'><strong>cuncti</strong></span> <span class='ocrx_word' id='word_1_741' title='bbox 985 2825 1020 2844; x_wconf 73' lang='lat' dir='ltr'><strong>ex</strong></span> 
     </span>
    </p>
   </div>
   <div class='ocr_carea' id='block_1_101' title="bbox 236 2857 1019 2890">
    <p class='ocr_par' dir='ltr' id='par_1_101' title="bbox 236 2857 1019 2890">
     <span class='ocr_line' id='line_1_101' title="bbox 236 2857 1019 2890; baseline 0.009 -6"><span class='ocrx_word' id='word_1_742' title='bbox 236 2864 313 2885; x_wconf 82' lang='lat' dir='ltr'><strong>more</strong></span> <span class='ocrx_word' id='word_1_743' title='bbox 325 2857 352 2885; x_wconf 91' lang='lat' dir='ltr'><strong>in</strong></span> <span class='ocrx_word' id='word_1_744' title='bbox 369 2862 492 2886; x_wconf 77' lang='lat' dir='ltr'><strong>sanetam</strong></span> <span class='ocrx_word' id='word_1_745' title='bbox 512 2860 655 2888; x_wconf 81' lang='lat' dir='ltr'><strong>ecclesiam</strong></span> <span class='ocrx_word' id='word_1_746' title='bbox 670 2861 702 2888; x_wconf 87' lang='lat' dir='ltr'><strong>ad</strong></span> <span class='ocrx_word' id='word_1_747' title='bbox 719 2861 894 2889; x_wconf 85' lang='lat' dir='ltr'><strong>residendum</strong></span> <span class='ocrx_word' id='word_1_748' title='bbox 913 2870 942 2890; x_wconf 86' lang='lat' dir='ltr'><strong>se</strong></span> <span class='ocrx_word' id='word_1_749' title='bbox 953 2869 1019 2890; x_wconf 89' lang='lat' dir='ltr'><strong>con-</strong></span> 
     </span>
    </p>
   </div>
   <div class='ocr_carea' id='block_1_102' title="bbox 1069 2501 1842 2540">
    <p class='ocr_par' dir='ltr' id='par_1_102' title="bbox 1069 2501 1842 2540">
     <span class='ocr_line' id='line_1_102' title="bbox 1069 2501 1842 2540; baseline -0.004 -9"><span class='ocrx_word' id='word_1_750' title='bbox 1069 2505 1159 2536; x_wconf 88' lang='lat' dir='ltr'><strong>tistes.</strong></span> <span class='ocrx_word' id='word_1_751' title='bbox 1178 2505 1205 2532; x_wconf 91' lang='lat' dir='ltr'><strong>in</strong></span> <span class='ocrx_word' id='word_1_752' title='bbox 1225 2505 1314 2532; x_wconf 88' lang='lat' dir='ltr'><strong>medio</strong></span> <span class='ocrx_word' id='word_1_753' title='bbox 1327 2513 1422 2532; x_wconf 90' lang='lat' dir='ltr'><strong>eorum</strong></span> <span class='ocrx_word' id='word_1_754' title='bbox 1444 2513 1622 2540; x_wconf 84' lang='lat' dir='ltr'><strong>consurgens,</strong></span> <span class='ocrx_word' id='word_1_755' title='bbox 1641 2506 1676 2531; x_wconf 90' lang='lat' dir='ltr'><strong>ita</strong></span> <span class='ocrx_word' id='word_1_756' title='bbox 1690 2503 1722 2530; x_wconf 89' lang='lat' dir='ltr'><strong>ad</strong></span> <span class='ocrx_word' id='word_1_757' title='bbox 1742 2501 1842 2528; x_wconf 74' lang='lat' dir='ltr'><strong>univer-</strong></span> 
     </span>
    </p>
   </div>
   <div class='ocr_carea' id='block_1_103' title="bbox 1071 2550 1842 2586">
    <p class='ocr_par' dir='ltr' id='par_1_103' title="bbox 1071 2550 1842 2586">
     <span class='ocr_line' id='line_1_103' title="bbox 1071 2550 1842 2586; baseline -0.001 -10"><span class='ocrx_word' id='word_1_758' title='bbox 1071 2557 1116 2577; x_wconf 87' lang='lat' dir='ltr'><strong>sos</strong></span> <span class='ocrx_word' id='word_1_759' title='bbox 1141 2558 1256 2578; x_wconf 73' lang='lat' dir='ltr'><strong>exorsus</strong></span> <span class='ocrx_word' id='word_1_760' title='bbox 1281 2555 1323 2578; x_wconf 90' lang='lat' dir='ltr'><strong>est</strong></span> <span class='ocrx_word' id='word_1_761' title='bbox 1348 2551 1420 2586; x_wconf 89' lang='lat' dir='ltr'><strong>loqui</strong></span> <span class='ocrx_word' id='word_1_762' title='bbox 1442 2550 1491 2578; x_wconf 89' lang='lat' dir='ltr'><strong>:Si</strong></span> <span class='ocrx_word' id='word_1_763' title='bbox 1514 2552 1611 2586; x_wconf 85' lang='lat' dir='ltr'><strong>placet,</strong></span> <span class='ocrx_word' id='word_1_764' title='bbox 1635 2550 1730 2585; x_wconf 80' lang='lat' dir='ltr'><strong>inquit,</strong></span> <span class='ocrx_word' id='word_1_765' title='bbox 1754 2550 1842 2573; x_wconf 55' lang='lat' dir='ltr'><strong>vestrm</strong></span> 
     </span>
    </p>
   </div>
   <div class='ocr_carea' id='block_1_104' title="bbox 1070 2595 1841 2628">
    <p class='ocr_par' dir='ltr' id='par_1_104' title="bbox 1070 2595 1841 2628">
     <span class='ocr_line' id='line_1_104' title="bbox 1070 2595 1841 2628; baseline -0.009 -5"><span class='ocrx_word' id='word_1_766' title='bbox 1070 2596 1224 2628; x_wconf 84' lang='lat' dir='ltr'><strong>sanctitati,</strong></span> <span class='ocrx_word' id='word_1_767' title='bbox 1256 2603 1272 2623; x_wconf 88' lang='grc' dir='ltr'><strong>ο</strong></span> <span class='ocrx_word' id='word_1_768' title='bbox 1299 2596 1465 2624; x_wconf 86' lang='lat' dir='ltr'><strong>sanctissimi</strong></span> <span class='ocrx_word' id='word_1_769' title='bbox 1486 2595 1598 2628; x_wconf 84' lang='lat' dir='ltr'><strong>Patres.</strong></span> <span class='ocrx_word' id='word_1_770' title='bbox 1623 2595 1739 2623; x_wconf 87' lang='lat' dir='ltr'><strong>libellum</strong></span> <span class='ocrx_word' id='word_1_771' title='bbox 1765 2597 1841 2618; x_wconf 91' lang='lat' dir='ltr'><strong>unum</strong></span> 
     </span>
    </p>
   </div>
   <div class='ocr_carea' id='block_1_105' title="bbox 1068 2638 1842 2676">
    <p class='ocr_par' dir='ltr' id='par_1_105' title="bbox 1068 2638 1842 2676">
     <span class='ocr_line' id='line_1_105' title="bbox 1068 2638 1842 2676; baseline -0.004 -9"><span class='ocrx_word' id='word_1_772' title='bbox 1068 2641 1211 2668; x_wconf 83' lang='lat' dir='ltr'><strong>Athanasii</strong></span> <span class='ocrx_word' id='word_1_773' title='bbox 1234 2641 1426 2668; x_wconf 53' lang='lat' dir='ltr'><strong>Alexandrinae</strong></span> <span class='ocrx_word' id='word_1_774' title='bbox 1451 2641 1527 2668; x_wconf 92' lang='lat' dir='ltr'><strong>urbis</strong></span> <span class='ocrx_word' id='word_1_775' title='bbox 1550 2641 1639 2676; x_wconf 83' lang='lat' dir='ltr'><strong>magni</strong></span> <span class='ocrx_word' id='word_1_776' title='bbox 1660 2638 1785 2674; x_wconf 85' lang='lat' dir='ltr'><strong>episcopi,</strong></span> <span class='ocrx_word' id='word_1_777' title='bbox 1804 2641 1842 2662; x_wconf 78' lang='lat' dir='ltr'><strong>me</strong></span> 
     </span>
    </p>
   </div>
   <div class='ocr_carea' id='block_1_106' title="bbox 1067 2680 1839 2722">
    <p class='ocr_par' dir='ltr' id='par_1_106' title="bbox 1067 2680 1839 2722">
     <span class='ocr_line' id='line_1_106' title="bbox 1067 2680 1839 2722; baseline -0.003 -9"><span class='ocrx_word' id='word_1_778' title='bbox 1067 2687 1145 2714; x_wconf 86' lang='lat' dir='ltr'><strong>vobis</strong></span> <span class='ocrx_word' id='word_1_779' title='bbox 1167 2686 1269 2714; x_wconf 80' lang='lat' dir='ltr'><strong>referre</strong></span> <span class='ocrx_word' id='word_1_780' title='bbox 1283 2687 1409 2714; x_wconf 86' lang='lat' dir='ltr'><strong>delectat.</strong></span> <span class='ocrx_word' id='word_1_781' title='bbox 1427 2686 1527 2714; x_wconf 87' lang='lat' dir='ltr'><strong>Sancta</strong></span> <span class='ocrx_word' id='word_1_782' title='bbox 1546 2686 1664 2722; x_wconf 86' lang='lat' dir='ltr'><strong>synodus</strong></span> <span class='ocrx_word' id='word_1_783' title='bbox 1690 2680 1839 2718; x_wconf 60' lang='lat' dir='ltr'><strong>respondi“</strong></span> 
     </span>
    </p>
   </div>
   <div class='ocr_carea' id='block_1_107' title="bbox 1071 2724 1840 2768">
    <p class='ocr_par' dir='ltr' id='par_1_107' title="bbox 1071 2724 1840 2768">
     <span class='ocr_line' id='line_1_107' title="bbox 1071 2724 1840 2768; baseline -0.009 -9"><span class='ocrx_word' id='word_1_784' title='bbox 1071 2731 1161 2759; x_wconf 88' lang='lat' dir='ltr'><strong>Placet</strong></span> <span class='ocrx_word' id='word_1_785' title='bbox 1177 2733 1266 2767; x_wconf 86' lang='lat' dir='ltr'><strong>plane,</strong></span> <span class='ocrx_word' id='word_1_786' title='bbox 1288 2737 1315 2760; x_wconf 88' lang='lat' dir='ltr'><strong>et</strong></span> <span class='ocrx_word' id='word_1_787' title='bbox 1337 2737 1367 2759; x_wconf 91' lang='lat' dir='ltr'><strong>ut</strong></span> <span class='ocrx_word' id='word_1_788' title='bbox 1390 2733 1496 2767; x_wconf 86' lang='lat' dir='ltr'><strong>legatur</strong></span> <span class='ocrx_word' id='word_1_789' title='bbox 1518 2738 1650 2768; x_wconf 83' lang='lat' dir='ltr'><strong>optamus.</strong></span> <span class='ocrx_word' id='word_1_790' title='bbox 1669 2730 1706 2757; x_wconf 82' lang='lat' dir='ltr'><strong>Ad</strong></span> <span class='ocrx_word' id='word_1_791' title='bbox 1729 2729 1782 2755; x_wconf 82' lang='lat' dir='ltr'><strong>ha-c</strong></span> <span class='ocrx_word' id='word_1_792' title='bbox 1801 2724 1840 2751; x_wconf 86' lang='lat' dir='ltr'><strong>ille</strong></span> 
     </span>
    </p>
   </div>
   <div class='ocr_carea' id='block_1_108' title="bbox 1071 2770 1839 2813">
    <p class='ocr_par' dir='ltr' id='par_1_108' title="bbox 1071 2770 1839 2813">
     <span class='ocr_line' id='line_1_108' title="bbox 1071 2770 1839 2813; baseline -0.007 -9"><span class='ocrx_word' id='word_1_793' title='bbox 1071 2778 1190 2805; x_wconf 91' lang='lat' dir='ltr'><strong>libellum</strong></span> <span class='ocrx_word' id='word_1_794' title='bbox 1209 2779 1237 2806; x_wconf 93' lang='lat' dir='ltr'><strong>in</strong></span> <span class='ocrx_word' id='word_1_795' title='bbox 1262 2779 1351 2806; x_wconf 88' lang='lat' dir='ltr'><strong>medio</strong></span> <span class='ocrx_word' id='word_1_796' title='bbox 1370 2779 1491 2813; x_wconf 81' lang='lat' dir='ltr'><strong>protulit.</strong></span> <span class='ocrx_word' id='word_1_797' title='bbox 1513 2783 1540 2806; x_wconf 92' lang='lat' dir='ltr'><strong>et</strong></span> <span class='ocrx_word' id='word_1_798' title='bbox 1565 2777 1700 2805; x_wconf 84' lang='lat' dir='ltr'><strong>materiam</strong></span> <span class='ocrx_word' id='word_1_799' title='bbox 1715 2773 1796 2810; x_wconf 85' lang='lat' dir='ltr'><strong>ipsius</strong></span> <span class='ocrx_word' id='word_1_800' title='bbox 1809 2770 1839 2796; x_wconf 73' lang='lat' dir='ltr'><strong>ti&#39;</strong></span> 
     </span>
    </p>
   </div>
   <div class='ocr_carea' id='block_1_109' title="bbox 1073 2822 1578 2859">
    <p class='ocr_par' dir='ltr' id='par_1_109' title="bbox 1073 2822 1578 2859">
     <span class='ocr_line' id='line_1_109' title="bbox 1073 2822 1578 2859; baseline 0.004 -10"><span class='ocrx_word' id='word_1_801' title='bbox 1073 2822 1122 2850; x_wconf 87' lang='lat' dir='ltr'><strong>tuli</strong></span> <span class='ocrx_word' id='word_1_802' title='bbox 1138 2823 1228 2851; x_wconf 89' lang='lat' dir='ltr'><strong>taliter</strong></span> <span class='ocrx_word' id='word_1_803' title='bbox 1241 2830 1386 2859; x_wconf 82' lang='lat' dir='ltr'><strong>aggressus</strong></span> <span class='ocrx_word' id='word_1_804' title='bbox 1399 2827 1442 2851; x_wconf 81' lang='lat' dir='ltr'><strong>est</strong></span> <span class='ocrx_word' id='word_1_805' title='bbox 1457 2823 1578 2859; x_wconf 77' lang='lat' dir='ltr'><strong>legendo.</strong></span> 
     </span>
    </p>
   </div>
  </div>
