1940 3068
567 160 612 188 BI
629 160 725 190 PASS.
743 161 893 189 IMAGINIS
911 161 940 189 D.
961 161 993 190 Ν.
1011 161 1093 190 JESU
1113 162 1264 191 CHRISTI.

1675 165 1727 191 ιιι

584 230 724 261 SANCTI
747 231 889 260 PATRIS
912 230 1056 262 NOSTRI
1071 233 1286 263 ATHANASII

693 300 927 322 ARCHIEPISCOPI
948 300 1162 324 ALEXANDRINI

117 354 163 385 De
180 354 329 393 passione
347 354 498 394 imaginis
512 355 641 386 Domini
664 356 763 400 nostri
788 357 868 424 Jtesu
890 356 1017 425 Fgrilsti,
1034 357 1172 436 aqqliter
1188 358 1338 388 eruciﬁxa
1355 361 1403 388 est
1417 366 1451 388 1n
1479 358 1606 396 Beryto,
1631 357 1731 398 Syrias

735 404 797 426 etvt
814 405 828 425 δ
845 404 874 430 e,
905 405 910 424 ι
937 405 953 426 e
983 405 1018 427 us
1099 420 1106 428 .

735 404 1106 430 etvnote,ttt)ettus(17).

154 497 326 526 Dilectissimi
348 498 439 534 itaque
462 506 557 526 omnes
570 498 617 526 ﬁlii
641 503 741 527 sanctae
760 499 897 533 Ecclesiae,
914 504 934 531 Α
949 501 1036 528 mines
1059 499 1148 527 salvos
1171 499 1239 532 ﬁeri,
1264 504 1291 527 et
1315 500 1348 527 ad
1366 500 1529 534 agnitionem
1546 501 1668 528 veritatis
1683 509 1731 529 vc-

117 545 217 572 mentis
232 550 327 573 vestrae
341 546 434 573 oculos
449 546 528 572 simul
545 551 572 574 et
584 554 664 573 aures
674 547 780 581 erigite,
795 552 822 574 et
833 556 897 576 coal

118 590 271 618 siderantes
292 591 462 618 admiremini
487 599 542 618 rem
566 598 678 626 gestam.
702 600 783 627 quam
800 592 832 619 ad
854 602 898 620 ve-

118 641 203 664 stram
235 636 375 664 scientiam
407 638 590 665 transmittere
621 639 757 673 cupimus.
791 639 898 667 Cernite

117 681 208 709 cuncti
233 682 338 709 inﬁnita
362 682 409 709 Dei
431 683 626 717 omnipotentis
649 685 797 716 mirabilia,
824 689 850 712 et
876 686 899 712 ci

118 726 214 754 laudes
235 727 410 755 incessabiles
426 728 531 755 reddite
543 737 590 763 per
605 730 714 757 saecula.
727 730 900 766 Contempla-

118 772 186 800 mini
205 773 264 807 ejus
279 773 439 799 ineffabilem
456 781 504 808 per
516 778 629 802 cunctas
647 776 836 810 generationes
854 777 900 804 be-

119 819 261 854 nignitatis
278 819 500 853 magnitudinem,
518 820 610 847 tnultis
626 821 714 848 modis
727 822 787 849 luce
803 823 902 850 clario-

119 871 189 895 rem,
203 871 284 898 super
299 864 445 890 ltumanum
460 872 545 899 genus
562 866 764 900 resplendnisse
783 875 899 902 semper.

120 909 297 937 Considerate
308 910 424 937 sublime
435 911 648 945 dispensationis
659 912 719 946 ejus
732 914 900 946 mysterium,

119 958 148 981 et
169 955 229 981 ideo
251 963 282 982 ex
304 955 386 981 nimia
413 955 471 988 ejus
497 956 597 989 pietate
620 957 745 991 permoti,
772 959 903 985 assuntite

120 1000 270 1034 planctum,
297 1000 483 1036 lacrymasque
506 1009 613 1028 amaras
635 1002 756 1036 proferre
782 1012 902 1031 memen—

121 1048 187 1075 tote,
204 1052 236 1071 ac
251 1045 413 1079 singultibus
425 1053 507 1079 super
524 1046 576 1072 tale
593 1045 754 1073 miraculum
768 1049 794 1073 in
809 1052 903 1074 nostra

120 1089 294 1124 generatione
311 1094 456 1124 patratum,
475 1090 548 1124 quod
565 1099 632 1125 pene
647 1092 772 1121 omnibus
794 1092 903 1119 saxulis

121 1139 163 1162 est
183 1135 350 1162 mandatum.
372 1135 426 1162 Deo
443 1137 543 1170 quippe
567 1137 634 1163 nihil
657 1137 836 1171 impossibile,
856 1138 903 1165 sed

121 1181 203 1207 etiam
226 1188 274 1207 nec
290 1181 391 1215 aliquid
415 1185 458 1208 est
470 1181 587 1208 ditﬁcilc.
601 1181 667 1208 Nam
692 1190 774 1217 super
785 1191 828 1213 ea,
844 1191 904 1217 qua:

120 1225 181 1260 ipse
203 1226 341 1253 modernis
368 1226 494 1261 dignatus
523 1230 565 1254 est
591 1232 698 1262 patrare
724 1228 903 1262 temporibus,

119 1279 204 1298 omne
232 1280 280 1299 cor
310 1272 495 1307 obstupescit,
523 1273 688 1300 audientitnn
716 1273 785 1308 fugit
811 1274 904 1308 visus,

123 1316 265 1344 hebetatur
279 1317 398 1344 auditus.
422 1317 499 1344 Sicut
521 1318 593 1345 enim
617 1318 644 1345 in
661 1320 788 1353 passione
805 1319 905 1354 Unige-

122 1362 173 1389 niti
190 1362 274 1397 ipsius
289 1364 397 1397 evpavit
414 1363 524 1395 malum,
539 1363 584 1390 Dei
604 1371 674 1391 caeca
691 1365 780 1399 imago
794 1370 836 1392 est
850 1365 906 1391 red-

123 1407 197 1439 dita,
222 1408 288 1435 radii
314 1416 421 1443 quoque
443 1410 508 1436 solis
534 1409 593 1436 luce
624 1410 794 1436 obtcncbrati
824 1414 904 1442 sunt,

123 1453 272 1488 quinetiam
289 1458 459 1481 terrzcntotus
482 1461 532 1481 suo
546 1454 681 1481 horrendo
703 1455 794 1481 sonitu
815 1455 904 1490 abyssi

124 1499 300 1526 fundamenta
315 1500 402 1526 valide
417 1500 558 1531 exterruit.
574 1504 600 1526 et
619 1504 741 1527 mortuos
760 1500 904 1534 pluritnos,

124 1553 194 1580 quos
208 1546 328 1577 tenebat,
345 1546 477 1572 eructavit
491 1546 642 1572 viviﬁeatos
657 1555 662 1572 :
678 1545 714 1572 ita
730 1550 757 1572 et
774 1553 847 1572 ntmc
864 1553 906 1572 se—

124 1592 215 1618 cundo
237 1591 329 1618 cadent
357 1591 433 1626 signa
453 1591 555 1626 pariter
580 1595 644 1618 sunt
667 1591 803 1618 innovala.
825 1590 907 1626 Igitur

124 1637 266 1664 audientes
285 1637 437 1673 intelligite,
460 1638 642 1673 intelligentes
662 1637 858 1672 obstupescite,
880 1641 907 1665 et

122 1689 155 1709 ea
171 1690 231 1717 quae
245 1683 322 1710 vobis
340 1683 466 1710 intimare
481 1691 620 1715 curamus,
643 1683 720 1718 plena
738 1683 789 1710 ﬁde
800 1687 826 1710 et
843 1691 908 1710 aure

124 1728 228 1755 intenta
245 1728 337 1755 cordis
353 1729 493 1763 percipite.
517 1728 564 1756 Est
582 1733 672 1756 autem
689 1729 845 1764 hujusmodi
868 1736 909 1756 se-

125 1774 180 1802 ries
193 1775 370 1802 narrationis.

378 1829 493 1857 CAPUT
517 1829 662 1857 PRIMUM.

161 1873 209 1902 Est
223 1875 345 1910 qumdam
360 1875 457 1902 civitas
472 1875 499 1901 in
512 1873 600 1910 Syria,
616 1876 686 1902 inter
697 1875 828 1902 terminos
842 1874 907 1910 Tyri

124 1924 154 1948 et
174 1920 286 1948 Sidonis
300 1921 397 1955 posita,
420 1920 534 1955 Berytus
551 1926 658 1952 vocata,
680 1921 831 1948 Antiochia:
844 1929 908 1948 vero

125 1967 245 1994 subdita.
262 1966 290 1993 In
310 1967 361 1993 hac
381 1967 447 1993 urbe
462 1966 671 1993 innumerabilis
685 1966 831 1992 multitudo
851 1971 910 1993 erat

127 2010 313 2039 llebraaorum.
331 2011 455 2046 quamvis
471 2012 565 2038 eodem
589 2015 710 2045 tempore
731 2010 827 2038 civitas
852 2018 908 2037 me-

127 2057 291 2091 tropolitana
307 2057 442 2083 obtineret
454 2056 624 2090 dignitatem.
640 2055 746 2082 Accidit
762 2059 864 2086 autem,
880 2060 909 2081 ut

122 2101 203 2135 juxta
226 2108 390 2136 synagogam
416 2100 605 2133 Hebraeorum,
627 2108 686 2136 qua!
708 2108 806 2136 magna
830 2101 909 2128 valde

128 2147 288 2179 habebatur,
303 2147 412 2182 quidam
428 2147 589 2174 (ihristicola
604 2155 619 2174 a
637 2147 754 2182 quodam
776 2147 910 2182 suscepis-

127 2197 170 2221 set
187 2193 321 2224 cellulam,
337 2201 503 2228 censumque
519 2193 543 2220 ci
558 2201 590 2220 ex
606 2200 637 2220 ea
652 2193 787 2220 redderet.
806 2192 835 2220 in
856 2201 910 2227 qua

128 2239 193 2266 dum
217 2239 356 2274 ingressus
371 2243 443 2266 esset
467 2238 500 2265 ad
521 2238 711 2270 habitandum,
731 2238 838 2265 iconam
856 2238 910 2265 Do-

129 2285 196 2312 mini
212 2285 298 2311 nostri
315 2283 378 2312 .lcsu
396 2285 508 2316 Christi,
534 2291 615 2318 quam
633 2283 704 2318 apttd
729 2291 759 2310 se
781 2283 908 2315 habebat,

129 2330 187 2357 ﬁxit
200 2331 225 2357 in
245 2330 347 2364 pariete
361 2335 454 2357 coutra
469 2329 559 2357 lectuli
576 2329 617 2356 sui
631 2329 739 2360 faciem,
753 2337 813 2363 qua:
828 2329 909 2355 etiam

129 2377 285 2403 contini-bat
299 2377 326 2403 in
348 2384 377 2404 se
397 2377 527 2410 integram
548 2375 653 2402 Domini
678 2379 820 2402 staturam.
840 2375 910 2401 Evo-

130 2421 188 2448 luto
201 2421 316 2456 denique
332 2429 384 2448 non
401 2429 484 2455 parvo
502 2420 632 2454 temporis
656 2421 755 2454 spatio,
767 2419 823 2453 jam
843 2427 912 2453 prte-

130 2467 230 2494 libatus
247 2467 348 2493 deicola
364 2466 520 2501 perquirere
532 2465 637 2492 studuit
653 2465 679 2492 in
695 2465 748 2491 alio
763 2465 824 2491 loco
835 2466 910 2498 ejus—

948 547 1018 578 nire,
1041 549 1070 572 ut
1086 546 1241 572 ostenderet
1261 545 1367 572 cunctis
1382 553 1411 572 se
1434 546 1596 578 colentibus,
1618 555 1729 574 suorum

949 592 1142 620 miraculorum
1157 591 1285 618 virtutem
1299 591 1332 618 ad
1346 593 1557 626 increpationem
1575 593 1729 628 impiorum,

950 637 1150 664 ﬁrmatnentum
1167 644 1275 671 qttoqne
1291 645 1402 664 suorum
1415 637 1547 664 ﬁdelium.
1562 637 1673 664 Factum
1689 643 1732 665 est

949 687 1037 709 autem
1056 686 1117 718 post
1138 683 1205 714 haec,
1225 687 1253 709 ut
1268 682 1397 710 Hebraeus
1411 683 1519 717 quidam
1535 683 1656 710 eamdem
1677 685 1732 710 cel‘

951 729 1032 756 lulam
1047 728 1199 763 susciperet
1219 728 1253 754 ad
1270 728 1455 754 habitandum.
1477 727 1563 760 Quam
1580 728 1731 763 ingressus.

951 781 1012 800 cutn
1031 773 1088 800 suis
1113 772 1240 800 erunibus
1259 772 1341 806 ccepit
1358 772 1481 799 habitare
1506 772 1536 799 in
1554 780 1598 805 ea,
1621 773 1733 799 minimc

951 819 1152 853 contemplatus
1167 819 1258 846 locutn
1279 819 1366 850 illum,
1381 819 1426 853 qui
1440 818 1608 845 Dominicam
1627 819 1732 846 iconam

951 864 1022 898 apud
1047 871 1076 891 se
1098 862 1231 891 retinebat
1249 863 1446 892 absconditam.
1468 863 1516 891 Die
1533 873 1598 892 vero
1616 865 1733 899 quodam

952 909 1023 937 idem
1048 908 1176 937 Hebr-atus
1202 910 1235 937 de
1259 909 1316 937 sttis
1344 910 1586 938 contubernalibus
1611 911 1736 938 invitarit

953 963 1036 982 unum
1052 955 1085 982 ad
1099 955 1252 990 prandium.
1269 955 1448 990 Epulantibus
1467 956 1531 987 illis,
1548 957 1664 984 elevavit
1682 957 1736 984 He-

953 1002 1052 1033 brteus,
1070 1001 1116 1036 qui
1136 1001 1265 1028 invitatus
1281 1001 1379 1032 fuerat,
1398 1002 1504 1032 oculos.
1520 1005 1547 1029 et
1562 1002 1628 1029 vidit
1650 1003 1678 1030 in
1698 1004 1737 1029 in-

953 1046 1047 1074 teriori
1063 1047 1122 1074 loco
1134 1046 1238 1073 cellula:
1251 1045 1311 1080 ejus
1329 1046 1435 1073 iconam
1456 1046 1623 1074 Dominicam
1640 1047 1734 1082 parieti

954 1100 1114 1119 connexam.
1138 1091 1215 1119 Tunc
1238 1092 1391 1119 vehementi
1413 1092 1506 1120 furore
1535 1093 1734 1121 exardescens.

955 1138 1037 1172 coepit
1051 1138 1165 1164 fremere
1184 1137 1311 1165 dentibus
1336 1137 1468 1165 adversus
1485 1146 1559 1169 eum.
1583 1139 1630 1173 qt'ti
1647 1139 1735 1174 ipsum

954 1187 1159 1214 convocaverat,
1182 1183 1294 1210 dicens:
1312 1182 1353 1209 Tu
1377 1182 1505 1210 Hebrreus
1520 1191 1581 1211 cum
1604 1185 1653 1215 sis,
1668 1193 1736 1218 quo-

955 1229 1035 1256 modo
1050 1229 1121 1264 apud
1143 1232 1170 1256 te
1192 1228 1258 1256 Jesu
1280 1229 1353 1256 illius
1367 1228 1502 1256 Nazareni
1524 1230 1630 1257 iconam
1653 1230 1737 1257 habes

954 1274 1122 1309 repositam?
1135 1273 1264 1301 Convicia
1278 1282 1386 1308 quoque
1401 1280 1427 1302 et
1441 1275 1586 1309 opprobria
1597 1279 1673 1302 tanta
1689 1276 1737 1302 ad-

957 1328 1050 1347 versus
1067 1319 1208 1346 Dominum
1223 1319 1391 1346 Salvatorem
1403 1321 1503 1351 emisit.
1517 1326 1618 1355 quanta
1630 1329 1681 1348 nec
1693 1328 1738 1348 au-

955 1372 1000 1392 res
1017 1365 1134 1391 ﬁdelinm
1151 1365 1263 1392 sufferre
1278 1369 1403 1398 possunt,
1421 1373 1471 1392 nec
1490 1373 1540 1393 nos
1561 1366 1671 1401 scriptis
1686 1370 1738 1393 tra-

956 1409 1019 1436 dere
1030 1410 1230 1444 praasumiuius,
1244 1409 1278 1436 ob
1292 1408 1419 1443 injuriam
1435 1410 1522 1436 nostri
1537 1409 1735 1445 Redemptoris.

955 1455 1065 1483 Judaius
1078 1463 1151 1487 vero,
1166 1455 1210 1489 qui
1225 1455 1300 1481 illum
1316 1455 1478 1481 malevolum
1491 1463 1689 1483 eonvocaverat
1703 1456 1737 1482 ad

956 1501 1111 1536 prandium.
1129 1500 1286 1528 satisfacere
1300 1500 1339 1526 illi
1353 1500 1475 1534 cupiens,
1492 1502 1672 1528 sacramentis
1682 1505 1739 1528 ter-

957 1547 1081 1574 ribilibus
1098 1546 1284 1581 profitebatur,
1303 1553 1332 1572 se
1349 1545 1494 1580 aliquando
1514 1545 1635 1578 minime,
1655 1555 1737 1581 quam

957 1592 1192 1627 praenmusuabat,
1216 1591 1316 1618 vidisse
1332 1593 1447 1618 iconam.
1464 1590 1505 1618 Ad
1526 1591 1594 1623 hac,
1611 1592 1657 1627 qui
1673 1593 1739 1619 invi-

957 1641 1030 1664 tatus
1045 1637 1142 1668 fuerat,
1158 1637 1244 1664 siluit.
1264 1635 1354 1663 Finito
1377 1640 1467 1663 autem
1484 1637 1610 1663 convivio
1631 1637 1739 1664 absces-

958 1683 992 1710 sit
1013 1687 1040 1710 et
1056 1683 1122 1710 abiit
1137 1682 1169 1709 ad
1187 1690 1308 1710 summos
1329 1682 1484 1710 sacerdotes
1512 1686 1539 1710 et
1561 1684 1696 1717 principes
1712 1688 1740 1710 et

957 1730 1026 1757 dixit
1041 1729 1100 1756 eis:
1116 1728 1214 1756 Nolunt
1231 1729 1309 1756 vobis
1328 1728 1364 1755 sit
1383 1728 1510 1762 quoniam
1535 1728 1665 1756 Hebraeus
1695 1729 1739 1756 ille

958 1774 1021 1801 talis
1041 1773 1105 1801 Jesu
1127 1772 1258 1800 Nazareni
1277 1772 1382 1800 iconam
1405 1773 1476 1807 apud
1499 1780 1529 1800 se
1549 1772 1647 1800 retinet
1668 1773 1740 1800 clan-

959 1819 1030 1846 culo.
1047 1820 1081 1844 At
1097 1818 1133 1844 illi
1147 1817 1203 1845 hac
1217 1818 1368 1849 audientes,
1379 1817 1507 1844 dixerunt
1522 1817 1556 1844 ad
1569 1825 1631 1844 eum
1646 1827 1652 1844 ε
1665 1817 1739 1845 Nuta-

959 1863 1024 1899 quid
1036 1866 1150 1898 possunt
1162 1870 1224 1890 vera
1241 1870 1301 1890 esse
1314 1869 1374 1896 quae
1389 1862 1510 1889 asseris?
1525 1869 1580 1888 non
1592 1861 1739 1892 credimus.

960 1909 1014 1936 nisi
1026 1908 1268 1936 demonstraveris.
1285 1907 1344 1942 Ipse
1359 1915 1425 1934 vero
1438 1907 1597 1938 affirmabat,
1613 1908 1676 1942 quia
1691 1915 1741 1942 ego

959 1956 987 1982 in
1004 1955 1084 1981 domo
1097 1955 1156 1989 ejus
1167 1962 1226 1981 eam
1240 1954 1430 1981 demonstrare
1440 1953 1543 1980 curabo
1568 1953 1630 1981 llaec
1645 1954 1682 1980 illi
1697 1961 1742 1980 an-

960 2001 1074 2032 dientcs,
1087 2001 1232 2027 maximam
1245 2000 1272 2026 in
1288 2000 1354 2026 iram
1370 1999 1538 2026 deciderunt.
1555 1998 1607 2026 Sed
1623 1998 1667 2026 die
1682 1999 1740 2029 illo,

960 2047 1024 2081 quia
1037 2045 1092 2080 jam
1115 2046 1183 2072 hora
1206 2044 1381 2071 incumbebat
1404 2044 1568 2078 vespertina,
1594 2043 1739 2070 siluerunt.

960 2091 1037 2118 Mane
1056 2099 1120 2119 vero
1137 2090 1217 2122 facto,
1240 2090 1337 2117 summi
1364 2089 1531 2120 sacerdotes,
1549 2089 1685 2124 principes
1714 2093 1743 2116 ct

961 2137 1078 2171 majores
1092 2142 1156 2164 natu
1177 2136 1264 2171 plebis
1277 2135 1442 2168 Iudaeorum,
1463 2139 1633 2172 assumentes
1649 2142 1740 2162 secum

961 2183 1047 2213 illum,
1063 2182 1109 2216 qui
1123 2189 1184 2209 cum
1199 2185 1384 2213 accusaverat,
1399 2181 1432 2208 ad
1444 2181 1552 2208 domum
1566 2181 1652 2214 ipsius
1666 2181 1741 2207 velo-

961 2228 1021 2255 cius
1037 2226 1242 2254 festinaverunt.
1260 2225 1389 2253 Videntes
1405 2228 1494 2251 autem
1514 2232 1577 2251 vera
1601 2232 1662 2251 esse
1682 2233 1742 2259 qua:

961 2274 1034 2301 dicta
1054 2273 1172 2304 fuerant,
1191 2272 1262 2299 facto
1279 2272 1381 2306 impetu
1398 2278 1459 2298 cum
1477 2278 1520 2300 eo.
1536 2270 1582 2305 qui
1600 2270 1658 2297 haec
1671 2271 1743 2297 testi-

962 2319 1099 2349 ﬁcaverat,
1113 2319 1251 2344 irruerunt
1267 2317 1294 2343 in
1312 2325 1384 2348 eutn,
1399 2315 1546 2349 multisque
1570 2315 1742 2342 contumeliis

962 2372 994 2392 ac
1016 2365 1100 2391 variis
1121 2363 1288 2391 cruciatibus
1325 2362 1450 2389 affectum
1474 2365 1551 2388 extra
1579 2369 1743 2397 synagogam

962 2409 1121 2436 semivivum
1138 2408 1320 2442 proiecerunt.

1265 2463 1379 2491 CAPUT
1400 2462 1431 2489 ΙΙ.

131 2512 191 2540 dem
206 2513 281 2540 urbis
295 2514 441 2548 spatiosam
454 2512 563 2538 domum
579 2511 612 2538 ad
623 2511 809 2538 habitandum.
823 2510 910 2543 Quam
927 2512 949 2538 D
998 2510 1168 2544 Deponentes
1191 2513 1280 2536 autem
1310 2508 1417 2534 Domini
1443 2507 1530 2534 nostri
1552 2506 1618 2535 Jesu
1644 2505 1743 2533 Christi

130 2564 192 2584 eum
206 2558 361 2592 reperisset,
380 2557 476 2583 tollens
490 2560 599 2586 cuncta.
612 2563 672 2590 quae
685 2555 719 2582 ad
731 2563 760 2582 se
776 2556 911 2589 pertinere

130 2604 303 2635 videbantur,
321 2610 448 2638 egressus
468 2605 510 2629 est
523 2601 556 2628 de
571 2602 678 2628 cellula.
697 2601 804 2628 Domini
820 2605 911 2627 autem

131 2649 300 2685 providentia
327 2649 352 2675 id
368 2654 473 2683 agente,
496 2647 559 2674 Jesu
579 2647 680 2674 Christi
698 2646 805 2674 Domini
823 2646 911 2673 nostri

131 2695 237 2722 iconam
256 2695 292 2721 ibi
314 2695 464 2728 neglectam
488 2693 606 2727 reliqutt.
622 2692 677 2719 Hoc
691 2696 782 2719 autem
803 2691 911 2718 Domini

131 2742 238 2769 occulto
251 2744 389 2776 peractum
411 2744 453 2767 est
467 2739 592 2770 consilio,
611 2739 657 2774 qui
674 2739 732 2765 vult
750 2746 844 2766 omnes
867 2739 914 2764 ho-

166 2808 223 2844 (Π)
238 2808 267 2835 ln
283 2808 400 2844 editione
414 2806 587 2844 Lugdunensi
604 2806 728 2844 additur;
740 2805 911 2844 Temporibus

133 2841 300 2871 Constantini
316 2843 444 2871 Scnioris,
459 2841 486 2868 et
499 2841 583 2868 lrenw
597 2842 688 2868 uxoris
699 2841 774 2874 ejus;
793 2841 839 2867 sed
854 2841 912 2866 ino-

131 2883 187 2914 pte.
205 2878 300 2906 Petrus
311 2877 473 2905 Nicomedia:
488 2877 621 2911 episcopus
637 2876 753 2904 libellum
769 2875 836 2902 hunc
850 2883 915 2902 tal-

962 2556 1069 2583 iconam
1095 2555 1123 2581 in
1149 2559 1230 2585 terra,
1258 2553 1386 2580 dixerunt
1406 2553 1440 2580 ad
1458 2553 1594 2580 invicem:
1610 2552 1744 2585 Quoniam

963 2607 1043 2626 aures
1064 2604 1173 2626 nostras
1193 2598 1279 2633 tetigit
1294 2606 1347 2624 non
1365 2598 1461 2633 exigua
1485 2598 1578 2632 opinio
1607 2597 1680 2632 quod
1699 2597 1744 2624 Je—

963 2653 1023 2672 sum
1039 2644 1205 2671 Nazarenum
1223 2650 1314 2678 patres
1325 2643 1413 2670 nostri
1426 2643 1543 2671 diversis
1560 2643 1648 2671 modis
1665 2642 1747 2679 296

962 2691 1114 2721 illuserunt,
1126 2690 1163 2716 ita
1178 2693 1204 2715 et
1216 2697 1265 2716 nos
1277 2689 1340 2715 huic
1355 2688 1577 2716 t'aciamus.Tunc
1601 2693 1744 2723 ccepermt

965 2744 1061 2771 spuere
1084 2735 1111 2761 in
1127 2734 1222 2762 faciem
1246 2734 1372 2769 imaginis
1396 2733 1503 2761 Domini
1520 2734 1671 2761 Salvatoris
1695 2741 1744 2762 no-

965 2803 1150 2831 ctiAthanast'i
1174 2811 1229 2830 esse
1256 2800 1357 2832 scribit,
1376 2800 1478 2828 actione
1503 2805 1598 2836 quarta
1617 2800 1709 2836 synodi
1728 2809 1746 2828 ll

968 2838 1148 2901 fVYlflCtPtlelilli
1164 2838 1255 2865 iisdem
1272 2837 1325 2872 fere
1341 2837 1425 2864 verbis
1441 2837 1538 2872 integer
1549 2836 1668 2869 habetur,
1677 2840 1745 2864 toni.

1017 2893 1024 2907 ,
1045 2881 1072 2908 p.
1097 2881 1106 2900 ι
1127 2881 1154 2901 ι).

1017 2893 1024 2907 ,
1046 2893 1072 2907 ν.
1097 2893 1154 2901 ην.
