1940 3068
198 113 252 144 8ἰό

727 109 755 137 S.
775 107 1009 138 ATHANASIUS.
1027 124 1063 130 -—
1083 106 1219 137 SPUBlA.

1766 107 1821 134 816

198 170 261 202 atri,
277 172 304 196 ct
323 166 510 204 percutiebant
525 173 586 193 eum
607 164 702 199 alapis,
718 169 744 191 et
759 165 820 192 inde
839 165 976 192 dicentes:
994 169 1015 196 Λ
1030 169 1171 192 mansueta
1185 164 1345 192 ducebaris!
1363 162 1384 191 Ο
1399 169 1517 199 quantus
1531 171 1561 191 es
1573 163 1599 190 in
1613 163 1821 197 misericordia,

197 215 302 248 Quanta
316 212 380 240 Jesu
395 211 505 239 Galilaeo
520 210 606 238 nostri
625 210 761 244 genitores
779 210 911 241 fecerunt,
933 217 979 237 ca-

197 261 257 287 dem
270 263 296 286 et
311 266 361 286 nos
378 257 442 284 huic
459 257 517 291 ejus
534 256 643 291 imagini
662 256 802 284 faciamus.
821 255 979 282 lunumera-

197 305 299 332 bilibus
326 304 416 337 itaque
443 302 617 329 illusionibus
645 301 812 328 Dominicam
837 302 981 329 illuserunt

197 349 314 376 iconam.
332 349 432 375 lterum
449 348 544 374 dicunt
559 357 564 374 :
580 347 608 374 In
626 348 685 382 ejus
704 347 830 382 passione
845 348 979 382 scriptum

197 403 258 422 esse
283 394 465 429 agnoscimus,
489 393 561 428 quod
585 393 644 428 ejus
670 393 751 428 pedes
778 398 805 419 et
829 400 926 419 manus
953 392 980 419 in

197 447 278 467 cruce
295 438 407 467 confixae
422 442 486 465 sunt
499 448 505 465 :
517 446 566 466 nos
583 446 657 471 vero,
681 438 806 473 quamvis
823 437 980 464 modernio-

197 493 241 512 res
257 488 387 518 tempore,
403 483 440 509 nil
456 483 704 517 pratermittentes,
722 482 854 508 addamus
871 486 898 508 et
912 481 979 508 haec.

197 529 274 557 Tunc
289 528 479 564 crucifigentcs
493 529 599 555 icouam
615 527 793 561 Dominicam,
809 529 902 555 clavos
919 535 982 555 acu-

198 575 319 603 tissimos
338 574 519 601 adhibuerunt
536 574 562 601 in
578 575 714 606 manibus,
730 579 756 602 et
779 574 891 609 pedibus
909 574 982 601 illius

198 621 334 656 imaginis.
350 619 415 647 Post
436 620 493 647 haec
514 619 629 654 permoti
644 620 730 655 magis
752 627 783 646 ac
809 620 894 654 magis
911 619 982 646 fellis

198 666 396 698 amaritudine,
423 665 518 692 dicunt
543 665 612 692 inter
636 673 665 692 se
689 675 695 692 :
717 666 878 692 Audivimus
910 665 982 700 quod

198 715 289 746 patres
304 710 390 737 nostri
405 708 468 736 Jcsu
488 709 597 736 Galilazo
616 714 721 736 acetum
737 713 763 736 et
786 710 820 736 fel
836 709 862 736 iu
890 714 982 743 potum

199 763 261 783 cum
285 756 397 790 spongia
420 755 604 789 praebuerunt,
630 755 682 782 hoc
704 760 730 782 et
750 755 813 781 huic
840 755 982 782 faciamus.

199 801 277 834 Quod
294 805 320 828 et
334 802 373 828 sic
389 800 523 832 fecerunt,
539 804 707 835 apponcntes
721 799 754 826 ad
770 808 801 827 os
814 805 915 827 sanctae
928 800 984 826 ico-

1029 211 1152 238 Christe!
1176 219 1239 246 spes
1253 212 1332 238 unica
1348 210 1452 242 mundi,
1472 210 1518 244 qui
1536 218 1598 236 eum
1623 210 1649 237 in
1676 217 1764 237 cruce
1784 215 1823 238 te-

1029 258 1119 292 ipsum
1141 257 1256 284 hostiam
1281 257 1336 283 Deo
1352 257 1426 283 l’atri
1451 256 1622 284 exhibuisses
1648 261 1777 284 sanctam
1795 261 1824 284 et

1031 302 1243 333 immaculatain,
1265 309 1314 336 pro
1337 302 1392 328 tuis
1413 301 1623 328 crucifixoribus
1646 301 1759 328 veniam
1777 309 1824 336 po-

1031 348 1149 378 stulasti,
1166 347 1280 374 dicendo
1289 348 1320 374 ad
1333 348 1458 375 Patrem:
1475 357 1484 373 ‹
1504 347 1594 379 Pater,
1614 347 1729 382 ignosce
1746 347 1822 380 illis;

1031 395 1093 428 quia
1103 394 1227 421 nesciunt
1238 394 1302 428 quid
1322 393 1433 420 faciunt.
1454 403 1462 418 I
1475 392 1551 420 Tunc
1567 393 1678 427 quidem
1704 400 1756 427 pro
1773 400 1824 420 uo-

1032 444 1088 467 stra
1110 440 1197 467 salute
1217 439 1385 471 incurvatus,
1408 439 1435 466 in
1458 439 1550 466 eadem
1567 446 1660 469 carne,
1679 446 1766 472 quam
1789 446 1823 465 ex

1033 485 1142 520 Virgine
1162 489 1255 512 sancta
1278 488 1304 512 et
1328 484 1499 511 immaculata
1515 492 1721 518 assumpseras,
1748 491 1823 510 mor-

1032 535 1085 558 tem
1100 531 1234 565 pertulisti
1255 530 1402 557 crudelem.
1419 529 1451 556 Et
1467 529 1514 565 qui
1531 538 1592 558 eras
1609 531 1634 557 in
1656 530 1823 557 substantia

1032 583 1093 602 cum
1108 575 1186 602 Patre
1202 580 1352 610 sanctoque
1370 574 1473 610 Spiritu
1492 583 1563 602 unus
1585 579 1612 602 et
1634 575 1822 609 inipaSsibilis

1032 621 1167 648 exsisteus
1190 625 1216 648 et
1249 621 1405 653 invisibilis,
1426 621 1590 647 condnlnisti
1606 621 1761 647 humanam
1778 628 1823 655 pe-

1034 666 1088 693 rire
1105 670 1240 692 naturam.
1261 665 1293 692 Et
1310 665 1371 692 ideo
1389 666 1415 692 in
1434 666 1504 692 hanc
1518 665 1703 701 lacrymarum
1724 666 1822 692 vallem

1034 712 1213 742 descendens.
1231 719 1281 746 pro
1305 711 1408 738 nostris
1425 711 1563 738 erratibus
1584 715 1611 737 et
1629 711 1751 746 piaculis
1772 710 1824 737 for-

1034 764 1106 783 mam
1129 757 1254 784 servilem
1277 756 1433 792 suscepisti,
1451 756 1479 783 in
1500 764 1552 790 qua
1573 760 1599 783 te
1619 756 1774 791 permisisti
1789 756 1823 783 ab

1035 803 1136 838 iniquis
1153 804 1251 834 teneri,
1274 803 1415 838 ﬂagellari,
1441 803 1473 830 ad
1497 803 1621 830 ultimum
1639 810 1709 829 vero
1730 802 1821 829 cruci-

201 855 242 874 nze
257 847 344 873 nostri
366 846 556 881 Redemptoris
576 851 682 873 acetum
700 853 762 873 cum
778 846 839 873 felle
861 847 979 874 tuistum.
998 837 1019 866 Β
1035 849 1088 885 figi.
1109 849 1185 876 Nunc
1201 854 1291 876 autem
1310 850 1338 876 in
1363 855 1456 877 sancta
1477 850 1594 884 imagine
1612 853 1659 876 tua
1677 848 1823 882 cruciﬁge-

200 890 255 918 Ncc
281 891 321 918 sic
346 891 437 925 itaque
463 891 553 917 cordis
572 891 614 918 sui
643 891 775 918 malitiam
801 890 981 923 refrenantes,

200 937 298 964 iterum
320 937 430 963 dicunt:
445 935 595 963 Didicimus
610 936 682 972 quod
697 936 784 963 nostri
805 936 921 970 majores
937 943 985 963 co-

199 991 295 1011 ronam
314 986 469 1010 contextam
491 983 524 1010 de
545 983 631 1017 spinis
658 983 739 1017 capiti
764 983 836 1009 illius
860 982 984 1009 cruciﬁxi

199 1029 470 1064 circumposuerunt,
486 1028 658 1064 postmodum
682 1028 815 1055 arundine
841 1035 984 1062 percusse-

200 1079 264 1102 runt
280 1075 442 1102 insultantes
455 1075 488 1106 ei,
509 1079 536 1101 et
556 1082 606 1102 nos
627 1074 708 1109 igitur
723 1081 894 1108 nequaquam
909 1077 985 1108 post-

200 1110 334 1155 ponentes
346 1119 465 1154 idipsum
481 1120 624 1147 faciamus.
641 1119 765 1154 Cumque
781 1127 910 1147 coronam
930 1119 985 1153 spi-

200 1173 278 1192 neam
299 1165 382 1200 capiti
409 1165 481 1192 illius
511 1165 793 1200 circumposuissent,
819 1165 984 1200 accipientes

200 1211 371 1242 arundinem,
394 1211 674 1246 percutiebantcaput
691 1212 815 1246 imaginis
836 1212 919 1244 illius,
938 1212 984 1247 qui

201 1261 283 1290 caput
296 1259 338 1283 est
351 1256 471 1282 omnium
490 1261 657 1284 sanctorum.
675 1257 716 1283 Ad
736 1261 886 1293 extremum
908 1264 983 1290 vero,

200 1308 264 1328 cum
290 1301 423 1328 insaniam
445 1310 501 1329 sua:
525 1303 623 1330 mentis
646 1303 762 1330 tolerare
780 1295 843 1330 non
861 1307 982 1338 possent,

200 1346 328 1377 dixerunt
342 1357 348 1374 :
365 1346 441 1374 Sicut
456 1348 590 1375 veraciter
606 1348 763 1381 didicimus,
781 1352 873 1383 patres
896 1350 984 1376 nostri

202 1393 273 1420 latus
284 1392 349 1421 Jcsu
365 1393 459 1421 lancea
475 1398 656 1428 aperuerunt;
675 1402 725 1421 nos
744 1402 819 1427 vero,
837 1403 869 1422 ne
883 1394 984 1429 aliquid

202 1440 291 1466 minus
306 1439 403 1466 fecisse
416 1440 567 1472 videamur,
584 1444 611 1467 et
635 1441 685 1467 hoc
705 1441 796 1475 ipsum
811 1441 982 1475 adjiciamus.

200 1483 305 1511 Nullam
323 1485 355 1511 ad
370 1485 427 1512 haec
441 1492 544 1512 moram
563 1485 679 1512 mediam
698 1485 831 1517 fecerunt,
847 1491 873 1513 et
894 1487 983 1513 atl'erri

201 1528 322 1555 lanceam
333 1529 484 1563 jusserunt,
500 1533 526 1556 et
542 1535 730 1564 praeceperunt
749 1530 856 1558 cuidam
871 1530 983 1558 Hebraeo

200 1574 295 1602 tollere
313 1582 383 1608 eam,
405 1579 432 1601 et
448 1575 538 1601 valido
552 1575 606 1602 ictu
621 1576 692 1603 latus
708 1576 834 1603 dextrum
851 1577 935 1603 iconae
955 1577 984 1603 il-

200 1620 253 1649 lius
277 1621 458 1649 transfodere.
479 1621 602 1656 Cumque
628 1626 682 1649 tam
705 1623 853 1649 maximum
879 1622 985 1650 facinus

201 1666 298 1694 fuisset
326 1671 529 1702 perpetratum,
559 1675 603 1695 res
631 1668 699 1695 mira
732 1669 905 1695 vehementer
926 1672 985 1695 stu-

202 1712 302 1747 penda,
318 1713 446 1747 nulloque
460 1720 578 1748 unquam
595 1714 694 1741 steculo
709 1714 801 1740 audita
823 1714 859 1741 ibi
874 1718 985 1748 repente

203 1764 245 1787 est
258 1759 363 1786 effecta.
379 1759 447 1786 Nam
464 1759 550 1794 ipsius
563 1760 683 1787 vulneris
697 1760 774 1788 locus
799 1768 868 1795 aqua
882 1764 908 1787 et
922 1768 986 1787 san-

203 1805 284 1839 guine
308 1804 382 1831 illico
405 1805 488 1839 ccepit
510 1804 665 1832 decurrere.
678 1805 711 1832 Et
726 1806 797 1833 sicut
820 1806 846 1832 in
859 1807 986 1841 passione

203 1849 248 1876 Dei
261 1848 321 1876 Filii
338 1848 488 1876 Salvatoris
504 1849 608 1881 mundi,
619 1851 683 1877 olim
699 1851 813 1886 contigit
827 1852 926 1878 cmlum
941 1860 986 1879 ex-

202 1895 371 1929 pavisse,ita
396 1903 470 1922 nunc
495 1903 603 1931 quoque
627 1898 739 1931 pariter,
759 1897 812 1925 Deo
829 1902 983 1932 praestante,

201 1940 297 1967 eadem
315 1941 479 1968 innovantur
504 1941 561 1969 sive
586 1947 756 1976 reparantur.
774 1942 843 1970 Vere
866 1943 938 1970 enim
957 1943 984 1969 in

203 1986 255 2012 hoc
270 1985 340 2013 facto
364 1994 417 2013 non
434 1987 522 2014 solum
544 1987 677 2015 elementa
697 1989 791 2015 mundi
808 1990 918 2016 concuti
937 1996 986 2024 po-

201 2036 288 2066 tuere,
304 2032 350 2059 sed
368 2032 451 2059 etiam
473 2033 586 2060 virtutes
602 2041 727 2068 superne
747 2034 800 2061 tale
813 2033 920 2062 facinus
936 2042 984 2061 ex-

202 2078 342 2106 horruere.
366 2077 426 2104 Tibi
443 2085 519 2114 ergo,
541 2079 660 2112 Christe,
677 2087 738 2106 cum
759 2079 848 2112 Patre,
871 2079 987 2115 Spiritu-

202 2132 255 2160 que
276 2128 371 2151 sancto
397 2124 434 2152 sit
453 2125 538 2160 gloria
561 2125 730 2153 indeficiens.
755 2125 822 2158 Quis
847 2126 919 2153 enim
945 2129 986 2153 est

1034 894 1083 924 ris,
1099 893 1222 926 Domine,
1237 895 1333 921 iterum
1347 894 1379 921 ad
1394 894 1581 921 confusionem
1598 894 1747 928 impicrum
1765 901 1822 919 om-

1034 940 1109 966 nium
1127 940 1246 967 fidelium
1268 939 1453 976 [infidelium].
1474 945 1500 967 et
1517 940 1550 967 ad
1567 940 1823 967 corroborationcm

1034 987 1156 1013 omnium
1175 987 1202 1013 in
1215 991 1241 1014 te
1253 987 1436 1014 credentium.
1451 986 1482 1012 Et
1497 986 1557 1013 ideo
1572 986 1619 1013 tibi
1637 985 1822 1021 omnipotenti

1035 1030 1100 1063 Deo,
1119 1039 1172 1058 una
1189 1039 1249 1058 cum
1267 1031 1347 1058 Patre
1365 1031 1525 1067 Spirituque
1548 1036 1655 1063 sancto,
1671 1031 1760 1066 gloria
1777 1031 1823 1063 sit,

1038 1083 1087 1109 per
1103 1081 1200 1102 cuncta
1225 1076 1388 1103 smeulorum
1408 1076 1518 1111 saecula,
1533 1077 1617 1104 decus
1632 1080 1661 1104 et
1677 1076 1820 1107 fortitudo,

1035 1122 1123 1150 virtus
1138 1126 1220 1157 atque
1235 1122 1361 1150 victoria.
1380 1122 1478 1150 Amen.

1337 1189 1452 1218 CAPUT
1471 1190 1513 1217 lll.

1073 1258 1181 1290 Audite,
1202 1265 1297 1285 omnes
1315 1257 1445 1285 Ecclesiae
1467 1257 1524 1290 filii,
1543 1261 1651 1289 caetera,
1669 1265 1730 1292 quae
1744 1260 1820 1292 post-

1035 1304 1143 1331 modum
1165 1304 1234 1330 facta
1251 1308 1330 1336 sunt;
1351 1304 1437 1338 ipsius
1457 1304 1530 1330 enim
1546 1303 1669 1337 mysterii
1690 1303 1743 1329 fuit
1765 1303 1821 1329 dis-

1035 1350 1169 1384 pensatio.
1193 1348 1339 1383 Postquam
1359 1349 1446 1382 enim,
1464 1353 1492 1375 ut
1508 1349 1636 1384 superius
1651 1349 1755 1375 dictum
1769 1351 1820 1380 est,

1035 1393 1106 1419 latus
1130 1397 1234 1419 sancta
1258 1393 1384 1427 imaginis
1406 1393 1478 1420 illius
1499 1393 1592 1419 lancea
1616 1398 1744 1428 apertum
1766 1395 1817 1423 est,

1034 1439 1166 1465 continuo
1189 1439 1272 1466 exivit
1297 1439 1408 1474 sanguis
1422 1443 1448 1466 et
1471 1447 1551 1474 aqua.
1570 1438 1706 1466 Dixerunt
1730 1441 1818 1464 autem

1036 1486 1172 1521 principes
1185 1485 1356 1514 sacerdotum
1376 1495 1382 1512 :
1399 1484 1534 1512 Aﬂeratur
1547 1492 1596 1512 vas
1609 1485 1644 1511 ad
1662 1485 1751 1511 locum
1767 1483 1821 1509 vul-

1036 1533 1122 1565 neris,
1143 1537 1170 1560 ct
1185 1533 1325 1560 videamus
1349 1532 1452 1559 exitum
1477 1531 1526 1558 rei.
1545 1530 1596 1563 Qui
1622 1530 1699 1557 illico
1718 1528 1819 1556 detule-

1035 1582 1101 1605 runt
1121 1578 1256 1614 hydriam,
1272 1582 1298 1604 et
1312 1578 1345 1604 ad
1361 1578 1452 1604 locum
1470 1576 1602 1608 vulneris,
1616 1576 1692 1602 unde
1708 1574 1818 1608 sanguis

1036 1628 1062 1652 et
1077 1631 1146 1659 aqua
1165 1623 1356 1655 decurrebant,
1379 1626 1541 1649 statuerunt.
1559 1621 1624 1655 Quae
1648 1621 1752 1655 absque
1766 1619 1818 1646 ulla

1035 1677 1113 1697 mora
1138 1670 1229 1697 subito
1244 1670 1346 1704 repleta
1365 1673 1416 1697 est.
1434 1669 1565 1695 Dixerunt
1586 1672 1679 1694 autem
1701 1666 1734 1693 ad
1751 1665 1818 1692 invi-

1036 1724 1094 1743 cem
1109 1726 1115 1742 :
1131 1715 1264 1748 Quoniam
1287 1719 1432 1742 susurrant
1447 1714 1583 1741 Christum
1599 1714 1732 1744 colentes,
1747 1709 1817 1746 quod

1036 1762 1112 1796 signa
1126 1765 1153 1789 et
1169 1761 1303 1788 mirabilia
1318 1761 1402 1787 multa
1415 1759 1537 1786 inaudita
1553 1759 1649 1786 fecerit
1664 1759 1692 1785 in
1705 1755 1813 1788 mundo,

1035 1815 1096 1842 qua:
1121 1814 1201 1834 nemo
1226 1807 1296 1833 alius
1315 1806 1403 1841 potuit
1431 1812 1510 1840 agere
1527 1814 1532 1831 :
1548 1804 1716 1838 accipiamus
1746 1802 1814 1827 hunc

1036 1854 1207 1888 sanguinem,
1231 1856 1258 1879 et
1277 1860 1373 1887 aquam
1390 1853 1470 1885 hanc,
1495 1855 1522 1879 et
1543 1849 1699 1877 deferamus
1722 1846 1754 1874 ad
1774 1853 1817 1895 no.-

1037 1902 1120 1926 stram
1140 1905 1316 1934 synagogam,
1340 1901 1368 1924 et
1390 1903 1587 1931 congregemus
1604 1895 1747 1921 universos
1770 1898 1814 1940 qui

1037 1952 1066 1972 se
1085 1944 1154 1971 male
1170 1944 1279 1975 habent,
1299 1946 1326 1970 et
1350 1950 1383 1970 ex
1400 1942 1452 1969 hoc
1470 1947 1653 1976 perungamus
1667 1947 1714 1966 eos
1732 1947 1737 1964 :
1751 1940 1775 1963 et
1791 1942 1812 1962 st

1036 1996 1099 2016 vera
1118 1994 1183 2016 sunt
1203 1996 1246 2020 ea,
1263 1995 1324 2023 qua
1348 1987 1381 2014 de
1395 1987 1505 2014 Christo
1529 1986 1670 2017 dicuntur,
1687 1982 1812 2010 continuo

1037 2036 1226 2064 sanabuntur:
1242 2035 1284 2062 sin
1305 2034 1382 2065 alias,
1404 2031 1522 2060 ostentui
1541 2031 1693 2058 habeantur
1709 2035 1723 2054 a
1739 2025 1812 2054 nobis

1036 2085 1146 2113 cuncta,
1158 2087 1219 2116 quae
1235 2080 1292 2107 suis
1306 2079 1469 2114 sequacibus
1483 2081 1644 2104 astruuntur
1654 2075 1688 2102 de
1701 2081 1742 2101 eo.
1755 2071 1812 2120 Hatc

1037 2125 1158 2153 dicentes
1182 2125 1305 2159 hydriam
1329 2123 1455 2151 deferunt
1482 2122 1514 2149 ad
1541 2127 1718 2157 synagogam,
1744 2122 1812 2144 aesti-

203 2172 274 2198 sicut
287 2176 326 2202 tu,
345 2169 468 2202 Domine,
487 2175 514 2198 et
528 2171 589 2206 quis
607 2175 647 2198 est
662 2170 733 2198 Deus
753 2171 855 2198 faciens
875 2171 986 2198 mirabi-
1001 2178 1022 2206 ι)
1037 2175 1144 2199 mantes
1153 2170 1300 2199 se‘Christo
1314 2168 1378 2197 Jesu
1394 2169 1507 2196 Domino
1516 2172 1611 2196 nostro
1624 2164 1719 2195 aztcrui
1734 2162 1810 2196 Βεὲίε

202 2217 249 2248 lia,
266 2217 353 2252 signa,
372 2221 398 2244 et
411 2217 545 2244 terribilia
560 2222 587 2244 et
601 2217 816 2252 obstupescenda
833 2218 860 2244 in
875 2217 945 2243 ctelo
957 2221 984 2244 et

202 2263 229 2290 iu
247 2263 337 2290 terra?
354 2262 376 2290 Ο
388 2263 557 2290 admirabilis
574 2263 704 2290 Mediator
726 2262 772 2291 Dei
787 2267 814 2291 et
832 2263 984 2297 hominum,

201 2308 375 2341 homousion,
394 2308 487 2335 mundi
506 2307 670 2343 Redemptor
693 2315 725 2335 ac
749 2308 884 2341 Salvator,
900 2310 985 2337 totius

201 2353 331 2380 bonitatis
353 2356 380 2380 et
395 2353 504 2387 pietatis
521 2352 581 2380 fons
597 2357 625 2379 et
637 2353 729 2387 origo!
758 2352 781 2380 Ο
802 2358 921 2388 quantus
943 2363 985 2388 es,

203 2396 316 2424 Domine
329 2396 406 2428 Jesu,
424 2397 452 2424 in
473 2397 637 2429 humilitate,
657 2398 704 2432 qui
729 2405 791 2425 cum
809 2406 884 2426 esses
901 2399 983 2432 Deus,

201 2443 376 2470 morticinum
392 2447 492 2470 nostra!
505 2443 597 2471 carnis
619 2444 803 2478 suscipiendo,
827 2445 908 2472 homo
927 2446 985 2474 fieri

202 2486 328 2523 dignatus
345 2496 384 2520 es,
401 2496 450 2523 pro
465 2488 553 2516 salute
571 2490 678 2524 generis
703 2490 823 2523 humani,
837 2499 917 2526 quem
935 2493 986 2519 im-

202 2534 239 2569 pii
258 2539 285 2562 et
301 2534 425 2562 crudeles
443 2536 524 2570 paulo
541 2536 633 2563 minus
649 2535 683 2563 ab
698 2536 801 2572 angelis
820 2538 985 2565 minoratum

202 2585 356 2612 cernentes,
371 2581 495 2608 horribili
505 2585 591 2609 morte
602 2582 721 2616 plectere
731 2590 785 2610 non
798 2577 984 2612 erubuerunt!

201 2626 225 2655 ο
239 2634 320 2662 quam
335 2634 451 2661 magnus
465 2634 505 2659 es,
525 2631 618 2653 noster
634 2625 769 2659 Salvator,
791 2627 819 2654 in
842 2628 984 2663 patientia,

201 2673 248 2708 qui
266 2673 293 2700 in
310 2677 432 2707 tempore
446 2676 499 2699 tua:
514 2673 679 2706 traditionis,
696 2678 744 2701 tuo
761 2674 893 2708 proditori
910 2674 944 2701 ad
959 2678 986 2701 te

200 2717 319 2745 venienti
336 2718 461 2745 osculum
484 2718 606 2753 praebere
628 2727 682 2746 non
707 2720 832 2751 renuisti,
860 2723 888 2747 et
907 2727 986 2747 servo

202 2763 308 2790 Malcho
325 2763 441 2798 apostoli
453 2763 543 2799 gladio
560 2764 709 2792 abscissam
727 2765 878 2792 auriculam
895 2765 986 2792 redin-

200 2811 322 2847 tegrasti,
337 2811 446 2846 quando
464 2811 498 2839 ad
520 2812 656 2846 passionis
671 2812 810 2840 victimam
829 2813 903 2841 velut
924 2814 983 2841 ovis

1038 2218 1106 2244 l-‘ilio
1121 2217 1266 2244 maximam
1287 2216 1388 2243 inferre
1402 2223 1483 2250 posse
1496 2215 1636 2249 injuriam.
1662 2212 1810 2245 Congrega-

1036 2267 1135 2290 verunt
1150 2263 1233 2298 igitur
1246 2269 1425 2297 quoscunque
1441 2264 1600 2296 repererunt
1619 2256 1769 2293 languidos,
1785 2255 1810 2278 et

1036 2309 1064 2336 in
1074 2311 1222 2343 conspectu
1234 2311 1395 2335 cunctorum
1408 2305 1582 2333 Hebraeorum
1593 2300 1739 2331 introducti
1751 2299 1810 2347 sunt

1036 2354 1062 2381 in
1082 2361 1259 2390 synagogam,
1276 2354 1346 2390 inter
1361 2360 1430 2388 quos
1445 2352 1555 2387 quidam
1571 2353 1704 2386 provectae
1727 2346 1809 2373 ωιτηιε

1036 2404 1096 2428 erat
1115 2401 1207 2431 homo,
1230 2407 1312 2434 quem
1328 2407 1342 2425 a
1357 2399 1498 2426 nativitate
1519 2405 1567 2425 sua
1582 2396 1739 2433 gravissime
1752 2398 1809 2426 ιοε-

1037 2446 1144 2473 sederat
1162 2446 1285 2480 corporis
1310 2444 1453 2476 molestia,
1477 2451 1538 2478 quae
1560 2441 1652 2470 Graeca
1681 2436 1809 2466 locutione

1038 2491 1199 2527 παράλυσις,
1222 2491 1319 2518 Latina
1343 2498 1418 2522 vero,
1450 2489 1594 2518 dissolutio
1622 2486 1806 2515 membrorum.

1036 2538 1146 2565 dicitur.
1162 2536 1212 2564 Hic
1228 2537 1292 2564 dum
1308 2537 1425 2571 primum
1440 2535 1474 2563 ab
1487 2536 1527 2562 eis
1544 2534 1640 2562 fuisset
1655 2531 1806 2571 perunctus,

1037 2588 1147 2619 repente
1161 2583 1195 2611 de
1214 2591 1264 2611 suo
1280 2583 1403 2618 grabato,
1421 2582 1499 2617 quasi
1516 2589 1614 2609 cervus
1626 2578 1759 2607 exsiliens,
1776 2570 1807 2599 ad

1037 2631 1144 2657 laudem
1158 2629 1218 2656 Filii
1231 2629 1278 2657 Dei
1295 2622 1439 2656 incolumis
1451 2628 1584 2660 redditus,
1603 2627 1636 2654 atl
1653 2621 1756 2660 propriﬂ
1768 2625 1809 2645 τθ⁴

1037 2676 1147 2703 meavit.
1162 2675 1264 2702 Deinde
1287 2675 1455 2702 adducentes
1472 2681 1560 2702 caecos
1581 2670 1734 2700 nonnullos,
1751 2665 1806 2713 10οῆ

1037 2730 1131 2749 eorum
1156 2722 1290 2749 luminum
1310 2729 1461 2758 perungere
1487 2720 1658 2749 studuerunt.
1686 2713 1741 2762 Qui
1758 2713 1805 2745 il)sl

1038 2768 1129 2796 statim
1151 2768 1179 2795 in
1200 2767 1265 2796 Jesu
1283 2767 1385 2795 Christi
1400 2768 1510 2794 nomine
1537 2767 1659 2794 discussa
1682 2760 1802 2788 excitate:

1037 2817 1098 2849 post
1122 2813 1222 2842 multos
1239 2821 1336 2848 annos,
1355 2813 1446 2840 lumen
1468 2812 1598 2841 amissum
1617 2807 1732 2842 recipe?)
1752 2805 1804 2829 ἔπε’
