1940 3068
112 174 168 203 ΒΠ

571 169 615 196 DE
634 167 730 195 PASS.
748 165 900 195 lM-AGINIS
919 165 951 194 D.
972 165 1003 193 N.
1025 164 1105 192 JESU
1133 162 1286 191 CHRISTI;

1673 164 1723 191 818

111 233 239 259 ruerunt.
253 228 429 265 [Egrotantes
445 231 535 255 autem
550 226 658 262 plurimi
675 226 708 253 ad
723 226 774 252 hoc
788 227 894 260 specta-
911 223 935 252 Α
948 229 1002 256 quo
1030 230 1090 249 eam
1114 221 1296 256 excepissent.
1311 219 1345 246 At
1361 219 1399 247 illi
1424 220 1574 248 retulerunt
1591 222 1626 253 ei,
1652 223 1724 257 quod

111 276 206 304 culum
225 280 290 301 sunt
306 274 427 305 adducti,
443 273 569 300 manibus
584 276 646 308 post
660 276 734 306 terga
752 271 893 298 revinctis.

110 320 236 356 Cumque
256 324 282 347 et
297 320 335 346 illi
352 319 468 346 fuissent
486 319 619 354 peruncti,
635 317 752 344 mirabili
772 315 817 344 Dei
837 316 895 343 vir-

109 370 171 393 tute
191 366 310 401 undique
327 365 440 400 perfusi,
459 373 540 392 sensu
562 365 748 399 redintegrato
767 363 895 397 pristino,

110 412 144 439 ad
163 412 271 446 propria
294 411 358 438 dum
382 415 555 437 revertuntur
571 409 718 441 sanissimi,
735 409 829 436 laudes
849 408 896 436 Dei

110 457 308 492 omnipotentis
333 456 401 484 Filio
417 456 480 484 Jesu
499 456 608 484 Christo
627 456 741 484 Dotniuo
762 456 896 484 Salvatori

110 507 208 530 nostro
220 503 414 537 persolvuntur
430 503 464 530 ab
476 503 548 529 omni
561 503 672 537 populo.
689 502 833 530 Tumultus
848 510 897 530 au-

111 552 166 574 tem
183 552 295 575 exortus
310 551 352 575 est
363 555 488 582 magnus,
502 555 550 582 per
565 551 648 574 totam
665 547 787 574 eamdem
802 548 896 575 urbem

110 593 339 620 concurrentibus
369 594 514 625 omnibus,
538 597 649 628 propter
687 593 897 621 innumerabilia

110 647 174 674 quae
191 640 289 666 fiebant
303 640 442 667 miracula.
460 639 492 666 Et
506 640 663 675 quicunque
684 640 767 668 variis
784 640 897 676 languo-

112 685 192 712 ribus
216 686 340 713 intirmos
357 694 503 721 possessos
524 686 658 714 habebant
680 688 750 721 apud
771 695 811 720 se,
832 687 897 713 illuc

111 738 161 758 eos
179 731 346 759 deducentes
370 733 569 767 perungebant,
585 736 612 760 et
626 733 718 759 statim
740 734 896 766 sanitatem,

112 784 196 811 quam
219 777 421 810 desiderabant,
450 779 696 813 consequebantur.
722 777 823 806 Omnes
849 787 899 806 au-

112 828 180 856 tem,
201 822 235 850 ad
254 831 433 859 quoscunque
451 826 591 859 pervenire
609 826 697 860 potuit
713 826 816 860 opinio,
833 826 899 853 atre-

98 875 207 910 ~rentes
227 871 361 903 inﬁrmos,
378 880 446 907 quos
460 873 561 900 habere
577 877 702 907 poterant
717 873 745 900 in
760 873 896 906 domibus,

947 268 1054 303 quidem
1074 267 1236 294 Christicola
1251 274 1298 301 per
1329 266 1492 294 oblivionem
1507 267 1534 294 in
1551 267 1646 294 cellula
1664 275 1726 302 syn-

948 322 1038 350 agogae
1050 314 1174 349 proxima
1185 313 1334 340 dimisisset
1346 312 1467 339 eamdem
1486 313 1601 344 iconam,
1617 313 1679 340 dum
1695 321 1725 340 se

948 362 982 388 ad
998 362 1078 388 alium
1100 361 1188 387 locum
1210 359 1369 386 transferret
1385 359 1538 394 huspitandi
1555 360 1650 395 gratia.
1674 360 1726 392 Qui

948 407 1039 434 statim
1061 406 1172 441 iubetur
1192 405 1312 439 inquiri,
1336 408 1363 431 et
1390 409 1513 440 repertus
1539 405 1566 431 in
1583 406 1726 439 praesentia

947 452 1052 479 domini
1071 450 1270 485 metropolitani
1285 450 1421 476 statuitur.
1441 449 1562 484 Cumque
1576 451 1609 478 ab
1621 459 1653 477 eo
1669 455 1727 478 stu-

947 497 1103 526 diosissime
1137 496 1235 523 fuisset
1261 497 1452 530 interrogatus,
1486 496 1627 530 quomodo.
1649 497 1727 524 icona

948 544 1018 578 apud
1034 551 1062 570 se
1075 542 1237 572 devenisset,
1254 542 1294 568 vel
1307 549 1321 567 a
1335 549 1389 575 quo
1402 545 1454 567 tam
1471 541 1629 569 mirabiliter
1639 544 1728 577 posita

948 593 1031 620 esset,
1047 587 1188 622 respondit
1204 587 1297 613 dicens
1316 596 1322 613 :
1341 586 1416 620 quod
1437 586 1611 619 Nicodemus,
1628 588 1674 622 qui
1693 587 1729 615 ad

947 634 1039 662 Jesum
1062 636 1141 660 nocte
1156 637 1282 663 venerat,
1298 632 1415 666 propriis
1433 631 1558 659 manibus
1577 639 1636 659 eam
1654 640 1729 659 com-

948 679 1095 714 posuisset,
1110 681 1136 704 et
1153 677 1273 703 moriens
1287 675 1426 702 Gamalicli
1448 676 1614 704 tradidisset.
1630 676 1728 704 Gama-

949 726 992 753 liel
1008 729 1096 751 autem
1118 723 1239 751 doctoris
1253 723 1372 758 gentium
1389 721 1463 748 Pauli
1480 722 1647 755 διδάσκαλος.
1665 731 1727 750 cum

948 770 1018 797 diem
1040 770 1091 796 sibi
1108 772 1230 796 cerneret
1251 769 1347 796 adesse
1370 772 1530 800 extremum,
1546 767 1648 796 Jacobo
1669 776 1727 796 eam

947 815 1067 850 reliquit,
1083 819 1109 842 et
1128 814 1246 842 Jacobus
1262 813 1380 841 Simeoni
1391 834 1398 845 ,
1414 818 1440 841 et
1457 814 1566 841 Simeon
1583 813 1727 848 Zacchaeo;

948 865 975 888 et
989 861 1028 888 sic
1041 868 1088 895 per
1098 867 1270 886 successores
1285 863 1435 894 temporum
1448 859 1473 885 in
1485 858 1651 894 Jerosolyma
1665 867 1729 894 per.

113 915 291 950 paralyticos,
307 905 404 948 caecos,
419 917 543 949 claudos,
559 905 668 950 surdos,
687 922 788 949 mutos,
814 922 841 946 et
857 919 896 946 le-

950 906 1067 936 duravit,
1093 912 1236 940 usquequo
1259 905 1402 932 subversio
1427 905 1500 932 illius
1524 905 1600 932 urbis
1624 908 1729 939 patrata

113 968 223 996 prosus,
239 962 296 989 sive
310 963 412 994 aridos,
428 963 600 991 deducebant
610 971 659 991 eos
678 964 711 990 ad
731 971 897 999 synagogam

112 1006 280 1040 Iudaeorum,
309 1008 354 1035 ubi
379 1008 436 1035 haec
459 1008 559 1036 flebant
583 1009 661 1044 signa
679 1009 818 1038 divinitus.
844 1009 898 1037 Sed

114 1053 240 1086 quamvis
263 1053 381 1079 maxima
403 1058 475 1081 esset
489 1054 545 1081 hate
562 1055 655 1082 eadem
680 1062 828 1090 synagoga,
849 1063 897 1082 ne-

114 1105 251 1132 quaquam
272 1102 363 1126 tamen
385 1100 505 1134 recipere
521 1104 627 1133 poterat
649 1100 897 1135 supervenientium

113 1143 329 1171 multitudinem.
348 1144 460 1172 infinita:
478 1146 549 1173 enim
572 1152 651 1174 erant
665 1149 827 1182 populorum
850 1155 898 1174 ca-

114 1191 209 1219 tervze,
224 1196 284 1222 qua:
296 1189 414 1224 undique
429 1190 492 1218 illuc
506 1191 678 1219 conﬂuebant
690 1197 800 1227 propter
817 1193 898 1219 innu-

116 1233 259 1260 merabilia
277 1235 407 1262 miracula
426 1239 453 1262 et
469 1236 600 1270 prodigia,
614 1245 674 1271 qua:
688 1244 736 1271 pro
748 1245 797 1264 sua
813 1237 898 1264 nimia

115 1278 280 1314 prolixitate,
293 1288 326 1308 ne
340 1280 478 1308 fastidimn
486 1282 566 1317 297
574 1287 744 1317 generarent,
757 1289 896 1319 transgre-

115 1323 214 1350 diendo
229 1325 479 1358 praetcrtnittuntur.
497 1326 596 1354 Omnes
609 1330 697 1354 autem
709 1327 846 1362 principes
857 1335 899 1354 sa-

115 1368 268 1400 cerdotum,
287 1373 315 1397 et
332 1370 464 1403 seniores,
485 1374 511 1398 et
525 1371 614 1399 omnis
634 1372 714 1398 turba
729 1371 897 1405 Judzeorum,

114 1416 302 1449 parvulorum,
323 1424 355 1443 ac
380 1416 525 1451 majorum,
548 1422 574 1444 et
595 1418 750 1449 mulierum,
774 1418 898 1445 videntes

114 1466 174 1493 qua:
184 1458 254 1485 facta
266 1459 383 1493 fuerant,
394 1461 603 1488 credideruntin
618 1461 761 1489 Dominum
771 1465 896 1489 nostrum

113 1502 205 1531 Iesum
217 1504 367 1537 Christum,
378 1511 404 1533 et
418 1505 545 1533 dicebant
558 1515 565 1533 :
578 1506 669 1533 Gloria
680 1506 728 1534 tibi
741 1506 786 1539 sit,
798 1510 898 1534 aeterne

114 1549 198 1581 Deus,
224 1553 252 1577 et
274 1551 447 1585 omnipotens
472 1551 564 1584 Pater,
588 1551 634 1587 qui
660 1552 739 1579 nobis
767 1552 895 1587 indignis,

114 1593 240 1628 quamvis
262 1602 334 1626 sero,
352 1595 477 1622 revelasti
493 1595 603 1622 unicum
621 1594 718 1622 Filium
742 1601 828 1629 tuum,
844 1595 898 1624 Do-

114 1640 219 1666 minum
247 1646 368 1668 nostrum
384 1639 477 1668 Jesum
494 1641 631 1669 Christum
645 1651 651 1668 :
665 1649 756 1677 quem,
775 1646 805 1669 ut
823 1641 899 1670 Isaiae

114 1684 275 1712 vaticinium
300 1685 409 1718 cecinit,
425 1685 508 1720 V'irgo
529 1687 664 1722 concepit,
683 1692 709 1714 et
724 1686 806 1722 Virgo
821 1695 899 1722 pepe-

115 1730 162 1761 rit,
190 1738 222 1757 ae
247 1735 309 1766 post
326 1736 432 1767 partum
457 1731 541 1767 Virgo
564 1733 722 1768 permansit.
748 1732 839 1760 Gloria
862 1734 898 1761 sit

117 1776 176 1808 tibi,
191 1776 311 1810 Christe,
335 1786 415 1813 quem
431 1783 522 1814 patres
543 1780 631 1807 nostri
647 1787 741 1807 verum
765 1779 849 1808 Deum
872 1785 898 1808 et

114 1829 209 1848 verum
231 1823 380 1855 hominem,
403 1824 429 1851 in
451 1832 532 1852 cruce
547 1829 633 1853 morte
652 1826 776 1853 horribili
793 1826 899 1854 afficere

114 1875 169 1894 non
181 1873 345 1896 metuerunt.
361 1871 413 1903 Qui
426 1879 500 1898 nunc
510 1871 591 1898 etiam
603 1879 617 1898 a
629 1871 708 1900 nobis
724 1873 822 1900 iterum
836 1880 899 1907 pas-

116 1924 163 1944 sus
175 1924 204 1944 es
221 1922 245 1944 le
263 1918 379 1953 imagine
396 1922 442 1946 tua
459 1919 533 1946 cruci
552 1919 667 1954 afﬁgere.
684 1919 775 1947 Gloria
790 1920 824 1948 sit
837 1920 896 1952 tibi,

115 1961 223 1989 Christe
235 1961 284 1989 Fili
300 1962 357 1994 Dei,
375 1963 421 1998 qui
438 1968 512 1991 tanta
538 1965 672 1991 mirabilia
690 1965 768 1993 nobis
791 1965 898 1993 miseris

115 2006 319 2035 demonstrasti.
340 2007 400 2035 Tibi
416 2009 564 2042 credimus,
579 2013 607 2036 tu
622 2010 702 2037 nobis
724 2014 784 2038 esto
807 2011 898 2045 propi-

115 2053 169 2080 tius
186 2057 213 2080 ct
232 2062 282 2081 nos
310 2054 450 2090 suscipere
469 2055 591 2090 dignare,
604 2057 667 2091 quia
682 2064 713 2083 ex
735 2061 792 2084 toto
805 2058 897 2088 corde,

115 2103 141 2126 et
158 2103 213 2125 tota
226 2099 316 2125 anima
329 2103 409 2134 atque
424 2099 523 2127 virtute
540 2100 574 2127 ad
590 2105 615 2128 te
631 2100 814 2136 confugimus.
837 2101 900 2129 Ηωο

115 2149 142 2171 et
156 2145 198 2171 his
220 2145 321 2172 similia
338 2146 487 2173 clamantes
502 2146 638 2181 dicebant,
654 2147 789 2176 lacrvmas
808 2152 898 2176 autem

116 2197 223 2218 amaras
240 2191 400 2218 emittebant
418 2196 445 2219 et
458 2191 601 2227 singultus.

418 2270 531 2299 CAPUT
550 2271 595 2300 Ν.

148 2339 297 2374 Postquam
317 2343 407 2368 autem
424 2340 510 2367 curati
529 2344 594 2368 sunt
612 2345 703 2368 cuncti
718 2341 764 2376 qui
792 2342 900 2376 aegritu-

115 2385 179 2414 dine
208 2387 411 2419 detinebantur,
436 2387 557 2414 oecurrit
579 2387 668 2415 omnis
690 2388 835 2414 multitudo
852 2387 900 2414 Ju-

115 2433 235 2460 dzeorum
252 2432 285 2459 ad
302 2432 412 2460 domum
427 2437 528 2461 saneta:
540 2433 673 2466 ecclesiae,
688 2442 747 2469 quae
762 2435 789 2460 in
805 2434 899 2461 eadem

114 2479 183 2507 urbe
208 2483 284 2511 erat,
315 2479 360 2506 ubi
387 2479 621 2514 metropolitanus.
648 2480 732 2513 Cujus
764 2480 899 2514 provoluti

114 2526 255 2561 vestigiis,
271 2533 300 2552 se
315 2533 442 2560 peccasse
452 2546 459 2558 ,
478 2534 508 2553 se
524 2526 642 2561 graviter
656 2526 812 2561 deliquisse,
839 2534 898 2553 ma-

115 2572 175 2607 gnis
189 2571 302 2599 vocibus
319 2571 481 2599 fatebantur.
490 2571 542 2605 Qui
559 2580 619 2600 cum
631 2573 666 2599 ab
681 2573 719 2600 eis
730 2573 898 2608 perquireret

114 2624 223 2644 omnem
251 2617 289 2644 rei
312 2621 394 2652 gesta:
416 2619 564 2650 veritatem,
580 2623 703 2645 sanctam
720 2619 826 2646 iconam
845 2619 899 2646 Do-

114 2662 182 2689 mini
205 2662 356 2689 Salvatoris
370 2662 456 2689 eidem
472 2663 701 2695 demonstrantes,
718 2665 897 2692 annuntiave~

114 2712 180 2735 runt
195 2711 294 2734 cuncta
315 2715 374 2742 quae
387 2709 414 2734 in
430 2715 461 2735 ea
475 2712 662 2736 exercuerant.
683 2708 716 2735 Et
730 2709 845 2743 qualiter
864 2709 898 2736 ab

115 2753 171 2780 ictu
200 2754 302 2781 lancea:
321 2754 433 2789 sanguis
459 2759 486 2781 et
509 2761 579 2789 aqua
601 2755 740 2782 emanavit
757 2763 789 2782 ex
815 2755 898 2782 latere

114 2799 213 2834 ipsius,
230 2806 336 2826 necnon
352 2803 380 2827 et
392 2799 426 2827 de
446 2799 615 2827 mirabilibus
628 2800 661 2827 ab
679 2807 710 2827 ea
726 2800 844 2827 ostensis
859 2800 898 2827 illi

115 2845 267 2872 retulerunt
281 2852 329 2880 per
338 2845 469 2873 ordinem.
487 2846 533 2874 llle
545 2854 610 2873 vero
622 2847 814 2881 interrogabat,
828 2855 897 2882 qua-

115 2889 180 2919 liter
194 2891 273 2920 icona
286 2891 345 2926 ipsa
363 2892 397 2920 ab
409 2892 449 2920 eis
466 2891 563 2920 fuisset
583 2897 699 2928 reperta,
715 2897 742 2921 et
760 2893 783 2923 si
798 2892 832 2921 ab
846 2894 896 2922 ali-

947 955 989 979 est
1003 951 1211 986 quadragesimo
1228 954 1254 977 et
1274 950 1355 977 tertio
1376 957 1447 977 anno
1461 955 1522 984 post
1542 951 1729 978 ascensionem

947 997 1053 1024 Domini
1075 997 1224 1024 Salvatoris
1247 995 1282 1022 ad
1303 996 1396 1024 caelos.
1423 995 1475 1024 Sed
1497 997 1633 1024 biennium
1653 1001 1730 1024 ante-

948 1051 1028 1078 quam
1046 1043 1125 1070 Titus
1146 1046 1172 1069 et
1188 1041 1372 1076 Vespasianus
1393 1041 1515 1069 eamdem
1540 1042 1729 1070 subverterent

947 1090 1053 1121 urbem,
1068 1088 1199 1116 admoniti
1216 1092 1279 1115 sunt
1290 1095 1305 1114 a
1318 1087 1421 1121 Spiritu
1435 1092 1531 1115 sancto
1546 1088 1638 1116 ﬁdeles
1651 1094 1731 1125 atque

948 1135 1075 1170 discipuli
1094 1135 1208 1166 Christi,
1235 1138 1263 1160 ut
1291 1134 1384 1160 relicta
1409 1134 1487 1164 urbe.
1506 1134 1539 1161 ad
1562 1142 1674 1169 regnum
1699 1143 1730 1163 se

947 1181 1126 1208 transferrent
1142 1180 1265 1214 Agrippa:
1278 1179 1359 1214 regis,
1375 1179 1439 1214 quia
1455 1180 1513 1214 ipse
1531 1184 1596 1207 tunc
1611 1180 1730 1216 Agrippa

948 1225 1079 1253 Romanis
1112 1224 1259 1252 fwderalus
1285 1229 1353 1251 erat.
1381 1225 1432 1256 Qui
1459 1226 1562 1260 egressi
1589 1225 1623 1252 ab
1653 1226 1729 1258 urbe,

948 1271 1039 1298 omnia
1062 1278 1122 1305 quae
1144 1271 1177 1297 ad
1201 1270 1304 1297 cultum
1324 1275 1425 1297 nostra:
1449 1271 1585 1306 religionis
1607 1271 1649 1298 vel
1668 1271 1731 1299 fidei

948 1317 1084 1352 pertinere
1104 1316 1266 1344 videbantur
1290 1324 1382 1343 sccum
1401 1316 1564 1348 auferentes,
1581 1317 1607 1343 in
1623 1317 1673 1344 has
1687 1325 1730 1344 re-

949 1364 1043 1397 giones
1060 1362 1259 1389 transtulerunt
1275 1370 1313 1389 se.
1330 1362 1389 1395 Quo
1406 1365 1528 1397 tempore
1544 1362 1624 1389 etiam
1640 1363 1729 1395 icona,

949 1417 1010 1436 cum
1033 1408 1138 1435 caeteris
1157 1408 1237 1435 rebus
1260 1407 1453 1435 ecolesiasticis
1477 1407 1627 1442 deportata,
1646 1416 1733 1444 usque

947 1455 1030 1482 hodie
1049 1456 1075 1482 in
1092 1454 1170 1490 Syria
1189 1454 1348 1488 permansit,
1364 1462 1444 1488 quam
1463 1462 1513 1488 ego
1529 1455 1586 1489 ipse
1603 1462 1617 1481 a
1633 1463 1730 1489 paren-

949 1501 1022 1528 tibus
1044 1508 1077 1527 ει
1092 1501 1144 1527 hac
1158 1500 1217 1528 luce
1234 1500 1413 1534 migrantibus
1431 1499 1496 1526 mihi
1514 1499 1651 1532 traditam,
1668 1501 1731 1535 jure

950 1547 1121 1574 hmreditario
1139 1554 1226 1581 usque
1242 1553 1314 1573 nunc
1328 1545 1444 1580 possedi.
1463 1545 1525 1573 limo
1540 1550 1614 1573 certa
1629 1549 1656 1573 et
1670 1554 1730 1573 ma-

948 1592 1046 1620 nifesta
1058 1593 1128 1619 ratio
1140 1597 1182 1619 est
1195 1591 1228 1618 de
1241 1592 1318 1618 icona
1335 1595 1429 1618 sancta
1443 1591 1551 1619 Domini
1568 1591 1728 1626 Salvatoris,

949 1639 1065 1674 qualiter
1083 1638 1115 1666 de
1138 1638 1215 1673 Syria
1231 1638 1258 1664 in
1270 1637 1369 1664 ludam:
1383 1640 1473 1672 partes
1487 1637 1604 1665 devenit.
1620 1637 1728 1666 Auditis

951 1685 993 1712 his
1023 1684 1197 1712 sermonibus
1223 1683 1466 1711 reverendissimns
1493 1683 1728 1718 metropolitanus,

948 1729 1026 1757 valde
1039 1729 1134 1756 hilaris
1150 1728 1282 1760 redditus,
1293 1735 1441 1755 conversus
1454 1728 1486 1754 ad
1502 1728 1630 1762 populum
1645 1727 1731 1755 Israe-

949 1776 1054 1802 liticum
1082 1774 1189 1801 dicebat
1216 1783 1222 1801 :
1250 1773 1425 1804 Convertere,
1453 1772 1547 1804 lsrael,
1578 1773 1610 1799 ad
1636 1772 1729 1800 Domi-

949 1829 1026 1853 num,
1057 1820 1164 1847 Patrem
1198 1819 1385 1847 universorum
1410 1819 1568 1851 viventium,
1594 1822 1621 1846 et
1646 1819 1731 1847 adora

949 1862 1091 1896 nobiscum
1102 1867 1161 1902 ejus
1173 1865 1281 1900 Filium,
1294 1872 1342 1900 per
1353 1872 1432 1900 quem
1449 1869 1512 1891 sunt
1526 1864 1617 1890 omnia
1628 1869 1728 1897 creata,

949 1916 975 1940 et
1005 1911 1136 1946 Spiritum
1165 1915 1300 1941 sanetum,
1327 1910 1372 1944 qui
1403 1914 1446 1936 est
1490 1909 1640 1936 vivificator
1664 1917 1732 1938 cun-

949 1962 1054 1985 ctorum
1074 1956 1231 1988 viventium,
1256 1960 1284 1983 et
1310 1955 1477 1982 illuminator
1497 1959 1652 1985 nostrarum
1669 1956 1731 1982 anis

951 2011 1066 2031 marum.
1090 2001 1199 2029 Festina
1220 2001 1340 2028 debitum
1359 2001 1499 2028 absolvere
1516 2004 1620 2027 votum.
1635 1999 1730 2027 Omnis

950 2054 1042 2076 autem
1073 2048 1153 2074 turba
1182 2046 1277 2081 stirpis
1304 2044 1424 2073 Judaicae
1448 2046 1521 2072 clara
1549 2053 1616 2073 voce
1648 2046 1730 2081 cmpit

950 2099 1061 2122 cantare
1099 2097 1126 2120 et
1165 2091 1374 2119 dicere2Unus
1405 2091 1476 2118 Deus
1505 2090 1595 2123 Pater,
1623 2095 1649 2118 et
1675 2091 1732 2125 ipse

950 2140 1096 2175 ingenitus.
1112 2137 1188 2165 Unus
1205 2136 1300 2169 Filius,
1310 2140 1338 2164 et
1354 2137 1411 2171 ipse
1423 2136 1576 2172 unigenitus
1593 2135 1731 2170 Christus,

950 2194 1029 2221 quem
1057 2189 1147 2220 patres
1175 2184 1260 2211 nostri
1287 2183 1498 2215 erucitixerunt,
1515 2186 1542 2210 et
1567 2191 1617 2211 nos
1643 2183 1732 2218 ipsum

951 2231 1109 2267 agnovimus
1131 2237 1225 2257 verum
1249 2228 1401 2255 Dominum.
1426 2227 1503 2255 Unus
1528 2227 1644 2262 Spiritus
1669 2235 1733 2255 san-

953 2282 1014 2305 ctus
1032 2281 1059 2304 et
1082 2276 1116 2303 ab
1134 2280 1250 2309 utroque
1264 2273 1423 2309 procedens,
1443 2280 1491 2307 per
1506 2280 1585 2306 quem
1599 2273 1732 2300 veraciter

950 2331 1000 2350 nos
1023 2322 1159 2350 credimus
1176 2328 1236 2348 esse
1258 2319 1410 2346 salvandos.
1433 2318 1495 2345 Htec
1514 2318 1644 2350 dicentes,
1669 2326 1732 2353 pro-

951 2367 1030 2396 strati
1052 2366 1166 2401 genibus
1185 2364 1280 2400 ipsius,
1298 2363 1403 2390 veniam
1425 2362 1598 2398 postulabant
1619 2362 1653 2389 de
1674 2362 1732 2390 suis

952 2414 1084 2448 consequi
1101 2413 1250 2440 sceleribus
1271 2419 1318 2446 per
1341 2410 1467 2445 baptismi
1483 2409 1643 2438 remedium.
1658 2409 1732 2443 Quos

952 2460 1106 2495 suscipiens
1127 2459 1223 2486 beatus
1246 2458 1358 2485 antistes
1382 2464 1444 2484 cum
1470 2456 1529 2484 suis
1551 2456 1668 2488 clericis,
1684 2463 1733 2490 per

952 2506 1010 2533 dies
1037 2504 1169 2540 plurimos
1197 2503 1230 2530 de
1256 2502 1399 2537 disciplina
1420 2501 1537 2529 erudivit
1564 2500 1729 2528 Christiana.

952 2552 994 2579 Ad
1023 2551 1147 2578 ultimum
1177 2557 1241 2577 vero
1271 2548 1480 2576 catechumenos
1508 2547 1605 2579 factos,
1632 2550 1659 2575 et
1683 2548 1732 2573 tri-

949 2598 1040 2625 duano
1060 2600 1170 2631 peracto
1194 2595 1299 2631 jejunio
1310 2616 1318 2628 ,
1336 2603 1368 2622 ex
1390 2601 1459 2630 aqua
1476 2597 1502 2622 et
1517 2593 1620 2629 Spiritu
1636 2597 1730 2621 sancto

949 2643 1117 2680 regeneravit
1129 2649 1185 2670 eos.

1261 2717 1373 2746 CAPUT
1392 2717 1425 2745 V.

985 2798 1133 2834 Postquam
1156 2804 1219 2825 vero
1244 2796 1408 2831 baptismum
1430 2793 1569 2822 consecuti
1593 2796 1667 2824 sunt,
1686 2801 1733 2821 ro-

951 2847 1050 2881 gabant
1081 2844 1188 2873 enixius
1218 2846 1342 2871 sanctum
1364 2841 1474 2875 virum,
1505 2843 1534 2867 ut
1564 2847 1727 2875 synagogam

949 2899 1026 2921 suam
1055 2891 1198 2920 ecclesiam
1226 2893 1400 2918 consecraret
1437 2895 1465 2916 tu
1493 2886 1621 2914 honorem
1647 2885 1735 2915 sancti
