1940 3068
214 138 267 166 819

800 137 828 164 S.
849 137 1082 165 ATHANASIUS.
1102 153 1138 159 —
1155 137 1290 166 SPURIA.

1780 137 1835 166 ω

215 199 364 226 Saivatoris
398 199 503 227 mundi.
537 198 657 232 Quorum
690 198 849 233 petitionem
884 199 996 226 mininte
1011 201 1034 230 Α
1048 199 1106 227 suis
1128 200 1239 234 scriptis
1255 200 1297 227 vel
1321 199 1437 235 eloquiis
1457 197 1679 226 manifestissime
1698 197 1835 227 universis

213 249 386 279 aspernatus,
412 252 576 280 synagogam
610 245 729 276 illorum,
752 253 813 280 qote
831 245 918 280 major
937 253 999 272 esse

213 291 365 322 videbatur,
378 291 404 317 in
421 292 530 318 nomine
540 291 671 325 unigeniti
684 290 730 318 Dei
739 290 799 318 Filii
811 290 999 326 Redemptoris

198 329 307 371 ftttuttdi
322 336 500 363 consecravit.
523 336 561 364 Ex
575 341 640 364 tunc
653 338 744 372 itaque
756 345 804 372 per
816 337 939 365 diversas
955 346 999 365 or—

197 383 255 410 ‘llis
280 386 359 409 teme
380 383 505 409 nationes
525 387 552 409 et
574 383 729 418 provincias
752 391 810 410 mos
830 384 951 414 inolevit,
970 387 1000 409 ut

213 426 342 454 basilicas
370 427 502 462 plurimas
529 428 570 455 vel
594 428 724 459 oratoria,
750 428 892 462 pontifices
917 427 999 454 Citri-

212 473 308 499 stiante
337 472 413 507 legis,
440 472 467 499 itt
491 473 592 500 honore
619 473 706 499 sancti
734 472 882 500 Salvatoris
906 472 999 500 muttdi

212 518 330 546 condere
343 522 370 545 et
384 518 512 546 dedicare
527 526 580 545 non
595 518 732 546 desinant.
747 517 815 545 Nam
832 522 911 545 antea
928 519 1000 545 anti-

212 565 322 599 quiores
342 565 429 591 nostri
441 584 448 595 ,
468 565 510 591 vel
529 564 657 599 majores,
675 564 728 591 hoc
743 571 872 599 peragere
888 564 1000 591 minittte

212 615 448 645 przesumpserant.
464 610 515 637 Sed
531 610 565 637 ad
581 610 747 637 narrationis
761 615 860 638 nostra:
877 610 1000 637 ordinem

213 656 383 684 reflectamus
403 657 559 684 articulum.
578 657 754 691 Rogaveruttt
774 661 864 683 autem
895 660 998 683 metro-

213 702 325 736 politani
342 702 482 737 praefatum
497 703 596 734 virum,
612 706 640 729 ut
657 707 770 729 catteras
786 709 937 737 synagogas
952 709 1000 728 eo-

213 756 273 776 rum
303 749 328 775 in
354 749 455 776 honore
473 749 654 783 quorttmdam
683 749 822 776 beatorum
848 752 998 782 martyrum

212 793 400 820 consecrando
430 793 632 820 reconciliaret.
657 794 753 827 Itaque
785 797 812 820 et
840 793 902 823 huic
931 792 999 826 peti-

213 839 279 866 tioni
296 840 410 867 libenter
431 839 551 866 animum
572 838 797 870 accommodavit,
817 842 844 865 et
870 845 933 872 qua:
960 837 998 864 illi

213 889 409 920 suggesserunt
426 885 473 912 Dei
491 885 631 920 juvamine
649 885 745 917 fretus,
762 889 859 911 cuncta
879 883 996 918 explevit

211 931 334 959 devotus.
356 931 469 959 Factum
484 936 526 959 est
543 931 670 966 gaudium
693 939 819 966 magnum
840 931 866 957 in
888 929 997 956 civitate

211 977 269 1008 illa,
284 985 338 1004 non
352 978 440 1005 solum
459 977 492 1004 de
507 977 622 1004 sanitate
639 983 795 1011 corporum,
812 983 871 1010 quae
887 982 998 1002 emana-

210 1027 287 1050 verat
313 1024 440 1055 maxima,
466 1022 512 1050 sed
536 1027 563 1050 et
594 1022 627 1049 de
647 1024 730 1049 tantis
755 1022 909 1052 animabus,
936 1028 997 1055 quae

212 1070 246 1096 ab
268 1069 380 1097 interitu
424 1068 532 1096 Satanae
564 1069 597 1096 ad
627 1069 709 1095 vitam
735 1071 864 1095 aeternam
890 1066 998 1094 fuerant

199 1121 201 1124 ‘
212 1119 353 1143 revecatae.

506 1169 621 1198 CAPUT
652 1169 696 1196 Vl.

249 1223 416 1254 Venerabilis
432 1233 498 1253 vero
518 1230 544 1253 et
562 1233 685 1253 suntmus
697 1224 819 1256 antistes,
834 1224 878 1251 die
899 1227 995 1251 noctu-

211 1279 265 1306 que
301 1271 384 1298 variis
412 1271 559 1298 ﬂttctuabat
585 1270 796 1305 cogitationibus
827 1269 860 1296 de
888 1269 994 1304 hydria,

211 1324 271 1350 qua:
290 1315 460 1343 Dontinicutn
486 1317 556 1343 intra
583 1323 612 1343 se
633 1315 765 1342 retinebat
784 1322 919 1346 cruorem,
936 1315 994 1341 val-

211 1363 245 1388 de
262 1361 400 1394 hzesitans,
418 1361 482 1395 quid
504 1362 537 1388 de
557 1369 588 1388 ea
611 1365 793 1395 opportuttum
808 1359 906 1387 fuisset
933 1367 996 1394 per-

211 1415 302 1443 agere.
333 1407 452 1435 Tandem
482 1412 571 1435 autem
601 1407 703 1435 salubri
739 1414 844 1442 reperto
859 1406 994 1438 consilio,

211 1453 333 1479 omnium
352 1452 548 1483 Ecclesiarum,
567 1460 627 1487 qua:
648 1459 696 1486 per
708 1451 800 1478 orbettt
816 1455 895 1478 terra;
917 1451 996 1485 longe

211 1499 318 1534 lateque
335 1499 531 1529 consistebant,
555 1498 741 1525 llltBSlilllaDlle
764 1501 845 1532 atque
869 1497 994 1532 profutu-

1050 249 1152 273 sancta:
1176 245 1303 273 Ecclesia:
1323 245 1387 272 filiis
1407 245 1521 272 viriliter
1544 243 1700 271 declaravit.
1718 242 1775 270 Hoc
1790 244 1834 270 in-

1051 300 1132 326 super
1157 291 1191 318 ab
1216 291 1256 318 eis
1281 290 1440 325 efﬂagitans,
1470 293 1499 316 ut
1525 297 1571 324 per
1596 297 1682 316 annos
1711 289 1835 323 singulos

1050 337 1077 364 itt
1095 344 1188 364 mense
1204 336 1360 366 Novembri,
1377 335 1424 370 qui
1440 334 1511 370 apud
1530 334 1656 362 Hebraeos
1673 338 1715 361 est
1732 342 1833 365 nonus,

1050 383 1121 418 apud
1147 391 1198 410 nos
1217 390 1281 410 vero
1307 382 1409 410 mensis
1436 381 1606 411 undecimus.
1625 388 1696 407 ttono
1721 379 1764 406 die
1795 380 1836 414 ip-

1050 429 1108 456 sius
1138 427 1260 459 mensis,
1289 426 1315 454 id
1350 430 1391 453 est
1426 426 1521 460 quinto
1554 425 1616 452 ldtts
1655 424 1834 457 Novembris,

1049 482 1104 501 tton
1140 473 1238 500 minori
1276 472 1446 504 reverentia,
1479 479 1559 506 quam
1588 470 1686 498 natalis
1724 469 1833 497 Dotttin.

1050 519 1090 546 vel
1115 518 1271 550 Paschalis,
1303 518 1354 544 ista
1386 516 1445 543 dies
1474 515 1611 550 praacipua
1642 514 1834 542 observatione

1050 564 1167 591 colatur.

1346 617 1459 646 CAPUT
1479 616 1535 644 Vll.

1085 676 1147 704 llaec
1170 679 1212 704 est
1229 683 1293 703 vera
1319 679 1346 703 et
1369 675 1541 702 vehementer
1567 673 1681 701 credula-
1701 673 1772 700 ratio
1799 673 1834 700 de

1048 731 1146 750 cruore
1164 722 1257 749 lateris
1274 721 1380 748 Domini
1405 721 1492 747 nostri
1516 720 1676 751 Salvatoris,
1701 719 1746 754 qui
1769 727 1832 754 pro—

1049 769 1126 796 fluxit
1139 768 1174 795 de
1185 771 1279 795 sancta
1296 767 1413 802 imagine
1425 767 1520 802 ipsius.
1537 773 1596 800 quae
1609 765 1740 793 crucifixa
1750 769 1791 793 est
1804 766 1835 792 in.

1050 814 1138 849 Syria,
1161 815 1188 840 in
1203 814 1301 848 Beryto
1317 813 1435 840 civitate.
1451 812 1500 839 llic
1512 817 1554 840 est
1568 813 1648 839 etiattt
1660 812 1771 846 sanguis
1788 811 1834 838 ille

1014 872 1034 899 Β
1049 861 1132 896 298
1146 860 1314 890 Domitticus.
1330 859 1376 894 qui
1391 859 1461 894 apud
1475 859 1620 893 plerosque
1635 863 1757 893 repertus
1771 866 1833 886 esse

1047 908 1157 934 dicitur.
1183 905 1238 933 Nec
1260 913 1321 933 esse
1350 905 1428 932 aliter
1455 904 1643 932 mstimandum
1669 909 1710 931 est
1732 911 1747 930 a
1769 912 1833 931 vere

1046 952 1204 984 Catholicis,
1219 955 1318 986 praeter
1331 951 1368 981 id,
1381 951 1453 986 quod
1467 950 1597 977 scribitur
1612 958 1627 976 a
1643 950 1733 981 nobis,
1753 951 1833 984 quasi

1047 1006 1078 1025 ex
1104 1004 1187 1024 carne
1215 1001 1241 1023 et
1267 997 1400 1031 sanguine
1432 996 1532 1023 Christi
1560 995 1662 1030 aliquid
1689 996 1776 1031 possit
1804 996 1834 1023 in

1046 1043 1148 1071 mundo
1168 1043 1298 1073 inveniri,
1311 1042 1362 1068 nisi
1384 1041 1448 1068 illttd
1465 1042 1536 1076 quod
1562 1042 1588 1068 in
1611 1049 1658 1068 ara
1676 1042 1770 1068 altaris
1784 1049 1833 1076 per

1046 1098 1145 1117 manus
1171 1088 1344 1117 sacerdotum
1367 1087 1489 1123 quotidie
1510 1087 1688 1122 spiritualiter
1707 1087 1832 1114 etlicitur.

1046 1134 1108 1162 Haec
1132 1142 1197 1169 ergo
1222 1134 1332 1164 sciens,
1353 1133 1533 1160 amantissimi
1560 1138 1648 1167 patres
1671 1137 1699 1160 et
1721 1133 1830 1164 fratres,

1046 1180 1193 1208 acceleravi
1219 1179 1357 1206 declarare
1377 1179 1466 1211 vobis,
1487 1179 1520 1206 ad
1543 1179 1747 1206 mdificationent
1773 1179 1833 1206 ani-

1045 1234 1150 1253 marttm
1165 1230 1327 1257 vestrarum,
1345 1225 1379 1252 ad
1397 1225 1592 1252 incrementum
1606 1230 1702 1252 vestrae
1716 1225 1786 1256 ﬁdei.
1804 1230 1833 1252 ut

1045 1277 1071 1299 et
1087 1273 1116 1299 in
1134 1273 1184 1299 hoc
1206 1273 1277 1299 scire
1293 1272 1417 1303 valeatis,
1430 1276 1531 1306 quanta
1547 1272 1582 1299 sit
1596 1273 1683 1299 virtus
1703 1276 1729 1298 et
1745 1272 1832 1306 pietas

1045 1317 1151 1345 Dotnitti
1179 1317 1329 1344 Salvatoris
1353 1317 1439 1344 nostri
1460 1316 1524 1344 Jesu
1549 1317 1660 1343 Christi.
1677 1316 1781 1343 Idcirco
1805 1317 1832 1344 in

1046 1365 1098 1392 fide
1118 1365 1201 1391 fortes
1226 1368 1322 1396 estote,
1347 1368 1373 1391 et
1396 1363 1565 1398 congaudete
1587 1370 1668 1398 super
1690 1370 1788 1398 magna
1805 1367 1833 1390 et

1045 1410 1260 1445 obstupescenda
1277 1411 1336 1444 ejus
1352 1410 1493 1439 miracula,
1510 1417 1570 1443 quae
1590 1410 1617 1436 in
1641 1412 1734 1436 nostra
1749 1417 1833 1444 gene-

1045 1457 1150 1484 ratione
1164 1464 1179 1483 a
1197 1455 1252 1483 Deo
1263 1460 1326 1483 sunt
1342 1460 1457 1490 patrata.
1475 1455 1507 1481 Et
1517 1455 1579 1482 date
1590 1455 1627 1481 illi
1642 1454 1754 1489 gloriam
1770 1462 1832 1481 cum

1046 1501 1137 1528 laetitia
1161 1501 1320 1535 gaudentes,
1343 1506 1370 1527 et
1397 1508 1458 1527 cttm
1481 1500 1564 1526 nimia
1588 1500 1680 1527 cordis
1700 1507 1833 1533 compun-

211 1553 271 1572 rum
304 1544 421 1579 providit
451 1543 645 1571 consolationis
682 1542 844 1570 remedium.
874 1542 1029 1579 Deniquec
1046 1547 1135 1573 ctione
1167 1547 1226 1581 ejus
1262 1546 1398 1581 majeslali
1434 1546 1581 1573 imtttettsas
1618 1546 1722 1580 gratias
1751 1546 1833 1579 agite,

212 1591 343 1625 ampullas
366 1591 489 1625 praecepit
506 1590 561 1616 fieri
577 1590 688 1622 vitreas,
704 1589 730 1615 itt
746 1589 844 1623 quibus
859 1589 998 1623 portiones

211 1638 285 1664 misit
310 1638 431 1672 singulas
464 1637 497 1664 de
527 1636 660 1671 sanguine
699 1639 726 1662 et
759 1642 848 1668 aqua,
879 1642 939 1669 qum
963 1634 997 1662 de

211 1682 327 1718 imagine
358 1683 462 1709 Domini
492 1682 641 1709 Salvatoris
672 1680 759 1707 nostri
795 1680 994 1711 decurrerant,

211 1735 280 1762 quas
305 1728 385 1755 etiam
410 1736 457 1762 per
477 1728 580 1759 Asiam,
607 1727 736 1757 Africam,
773 1725 919 1760 Europam,
949 1733 997 1760 per

212 1783 277 1802 suos
299 1776 411 1802 nuntios
439 1775 569 1809 dirigens,
591 1777 699 1801 cuncta.
723 1780 782 1807 quae
808 1772 878 1806 apud
900 1772 994 1799 urbem

209 1821 265 1855 jam
290 1820 390 1847 dictam
417 1829 467 1848 suo
495 1825 615 1855 tetupore
643 1819 822 1854 contigerant,
852 1817 995 1845 devenisse

1049 1599 1082 1619 eo
1107 1592 1178 1627 quod
1202 1593 1261 1619 ftdei
1288 1600 1343 1619 suae
1367 1596 1393 1619 et
1421 1592 1543 1619 scientia:
1567 1592 1664 1627 dignos
1693 1599 1741 1619 vos
1770 1591 1836 1618 fecit

1048 1645 1120 1665 esse.
1145 1638 1198 1672 lpsi
1232 1639 1340 1666 Christo
1371 1637 1434 1666 Jesu
1464 1638 1597 1665 Salvatori
1628 1643 1740 1670 nostro,
1771 1645 1833 1664 cutn

1048 1682 1145 1716 Patre,
1174 1688 1323 1718 sanctoque
1354 1683 1457 1718 Spiritu
1490 1683 1575 1718 gloria
1610 1683 1645 1711 sit
1681 1683 1834 1717 honorque,

1048 1729 1107 1756 latts
1140 1729 1221 1756 etiam
1256 1730 1383 1764 perennis
1416 1737 1422 1754 :
1453 1729 1499 1764 qtti
1525 1729 1721 1764 sempiternum
1752 1733 1837 1763 atque

1047 1774 1195 1802 indivisum
1212 1776 1316 1811 absque
1331 1776 1409 1803 ittitio
1429 1779 1455 1802 et
1478 1775 1530 1803 fine
1554 1776 1658 1803 obtinet
1675 1775 1833 1803 imperium.

1047 1818 1142 1848 Amen.

255 1931 371 1960 SERMO
395 1933 518 1962 SANCTI
543 1931 729 1960 ATIlANASll
750 1931 1168 2004 EPISCOPI,DBI;IIII:(I)\£:§)ET
1196 1933 1371 1961 MODERle
1397 1933 1617 1962 MlliABlLIBUS
1634 1933 1790 1962 lMAGlNlS

969 1989 973 1993 .
1007 1978 1015 1994 λ
1122 1989 1127 1994 .

969 1978 1040 1994 .lllLVl
1062 1978 1127 1994 ilbi.

245 2025 353 2053 Elevate
378 2025 472 2053 oculos
495 2032 592 2052 sensus
621 2024 726 2056 vestri,
744 2023 865 2051 universi
897 2028 999 2051 sancta:

210 2071 371 2098 Cltristianze
399 2070 538 2106 religionis
567 2070 665 2097 fratres
689 2073 715 2096 et
731 2073 833 2104 patres.
857 2073 884 2096 et
908 2070 999 2097 consi-

211 2118 304 2145 derate
327 2118 397 2145 hanc
420 2125 516 2144 novatn
533 2116 740 2144 admirationem
765 2123 826 2151 qua:
850 2116 921 2143 facta
938 2121 991 2149 est,

210 2172 291 2199 quam
308 2164 351 2191 ltis
372 2164 539 2199 temporibus
562 2163 682 2191 ostendit
700 2163 770 2190 Deus
792 2163 883 2195 nobis,
899 2168 925 2190 et
939 2163 999 2191 date

1049 2029 1075 2052 et
1086 2025 1270 2061 obstupescite
1285 2035 1292 2060 ;
1308 2026 1489 2062 intelligentes
1500 2027 1651 2062 intelligite,
1667 2031 1693 2054 et
1706 2027 1837 2056 inclinate

1049 2071 1131 2098 corda
1148 2077 1240 2099 vestra
1255 2072 1288 2098 ad
1306 2073 1440 2107 tuagttalia
1457 2072 1514 2100 Dei.
1534 2073 1580 2100 Est
1595 2073 1691 2100 civitas
1705 2081 1765 2108 qua:
1786 2082 1835 2101 vo-

1050 2120 1131 2143 catur
1148 2116 1270 2152 Byritho,
1290 2117 1426 2151 acjacens
1437 2117 1507 2144 inter
1523 2118 1655 2145 terminos
1672 2115 1735 2152 Tyri
1750 2122 1777 2144 et
1792 2117 1838 2145 Si-

1048 2163 1138 2195 donis,
1160 2163 1284 2197 prmbcns
1299 2163 1430 2190 tributum
1452 2163 1612 2191 Antiochia.
1629 2163 1656 2190 ltt
1672 2164 1722 2191 hac
1743 2168 1837 2191 autem

211 2211 521 2246 gloriamnominiejus.
537 2209 713 2237 Considerate
726 2209 887 2236 ineffabilem
903 2209 998 2236 ltunta-
1014 2209 1159 2254 Dcivitate
1191 2210 1336 2236 multitudo
1366 2215 1425 2237 erat
1451 2209 1617 2241 Judatorum,
1643 2213 1670 2237 et
1696 2218 1836 2246 synagoga

210 2256 323 2283 nitatem
349 2263 381 2283 ac
405 2255 619 2290 magnitudinem
645 2255 743 2282 divina:
762 2255 952 2286 ordinationis.
971 2260 998 2282 et

211 2302 432 2329 lamentationem
447 2309 508 2328 cum
530 2301 622 2328 latitia
642 2301 751 2328 sumite.
768 2301 797 2327 ltt
817 2300 871 2327 Deo
885 2300 995 2335 quidem

210 2348 279 2375 nihil
294 2353 454 2376 extraneum
468 2352 521 2379 est,
538 2348 601 2382 quia
626 2346 696 2374 Deus
714 2351 806 2373 noster
824 2351 919 2381 potens
942 2353 994 2374 est.

210 2394 343 2427 Quoniam
360 2398 449 2421 autem
466 2394 494 2420 in
509 2394 605 2421 diebus
627 2393 729 2420 nostris
745 2393 817 2419 circa
833 2399 883 2418 nos
903 2396 995 2418 notam

211 2441 274 2468 fecit
298 2441 370 2468 Deus
390 2440 516 2467 virtutem
543 2447 632 2471 suam,
653 2439 822 2473 obstupescit
847 2446 926 2465 omne
950 2446 997 2464 cor

210 2488 377 2515 audientium
393 2495 442 2521 pro
457 2487 619 2514 enormitate
632 2485 754 2518 sceleris,
769 2490 794 2512 et
810 2484 994 2519 magnitudine

211 2534 375 2565 mirabilium
387 2533 445 2560 Dei.
461 2533 626 2559 Cottturbata
643 2537 685 2559 est
701 2531 798 2558 iterum
812 2530 937 2564 abyssus.
953 2530 994 2556 sol

209 2584 236 2606 et
251 2580 314 2606 luna
332 2579 502 2606 obtenebrati
522 2582 585 2606 sunt
602 2586 617 2604 a
632 2577 700 2604 facie
719 2576 888 2611 iniquitatis;
903 2575 950 2602 sed
968 2579 994 2602 et

209 2634 305 2654 omnes
325 2626 438 2653 virtutes
454 2625 586 2652 caelorum
601 2627 629 2651 et
643 2627 756 2650 orttatus
773 2630 867 2649 eorum
886 2621 993 2649 laudetn

209 2676 237 2699 et
262 2672 376 2707 gloriam
400 2671 533 2699 dederunt
556 2670 621 2701 Deo,
645 2670 691 2704 qui
713 2668 941 2704 magnificentiam
969 2671 996 2694 et

209 2719 337 2746 virtutem
363 2721 490 2752 operatus
505 2721 546 2744 est
565 2717 592 2743 itt
608 2715 676 2742 Filio
694 2722 753 2742 suo.
777 2714 875 2740 Audite
900 2713 992 2748 igitur,

211 2763 319 2796 fratres,
334 2764 447 2791 verbum
462 2763 534 2799 quod
551 2762 651 2789 factum
666 2765 707 2789 est
722 2761 749 2788 in
768 2761 863 2787 diebus
879 2760 992 2791 nostris,

1049 2263 1143 2282 eorum
1164 2263 1260 2290 magna
1282 2256 1368 2283 valde.
1387 2257 1499 2290 Accepit
1522 2260 1611 2283 atttettt
1627 2256 1735 2291 quidam
1751 2256 1837 2283 Chri-

1045 2301 1151 2329 stianus
1162 2301 1224 2328 dato
1233 2302 1318 2336 pretio
1327 2302 1451 2328 cellulam
1461 2310 1476 2328 a
1485 2302 1601 2336 quodam
1619 2302 1644 2328 itt
1662 2302 1835 2336 pensionem,

1047 2346 1074 2373 in
1092 2354 1145 2381 qua
1173 2347 1299 2373 habitans
1324 2347 1381 2373 fixit
1402 2348 1546 2382 imaginem
1574 2348 1723 2374 Salvatoris
1748 2348 1837 2376 nostri

1047 2391 1112 2419 Jesu
1126 2392 1226 2419 (lltristi
1240 2393 1266 2419 in
1283 2398 1428 2427 conspectu
1442 2394 1503 2420 lecti
1519 2394 1559 2421 sui
1578 2401 1584 2419 :
1600 2398 1628 2421 et
1645 2398 1747 2421 statura
1773 2394 1839 2429 qui-

1048 2437 1108 2464 dent
1125 2437 1237 2472 pictura:
1251 2446 1305 2464 non
1321 2446 1428 2472 magna,
1440 2438 1486 2465 sed
1498 2439 1654 2472 mediocris,
1669 2447 1728 2473 qua:
1743 2444 1838 2468 tamen

1048 2488 1131 2510 totam
1150 2483 1294 2517 imaginem
1313 2483 1463 2511 Salvatoris
1478 2485 1638 2511 contineret.
1655 2485 1836 2519 Aliquantum

1048 2530 1181 2563 temporis
1194 2530 1279 2562 fluxit,
1292 2536 1319 2557 et
1333 2530 1486 2558 sttbstantia
1498 2531 1547 2557 viri
1564 2531 1637 2558 illitts
1647 2531 1725 2558 valde
1736 2532 1836 2564 crevit,

1048 2579 1142 2609 utpote
1168 2575 1213 2602 ubi
1238 2576 1377 2603 miseratio
1400 2580 1426 2603 et
1449 2575 1592 2611 dispositio
1607 2576 1653 2603 Dei
1673 2576 1838 2604 mirabiliter

1048 2621 1156 2655 operari
1171 2621 1267 2656 cmpit;
1281 2625 1308 2648 et
1322 2622 1479 2656 ampliorem
1495 2622 1545 2649 sibi
1558 2623 1729 2650 Christianus
1743 2624 1790 2651 ille
1801 2623 1837 2650 ad

1049 2667 1235 2694 divertettdutn
1265 2675 1386 2702 quaerere
1409 2667 1492 2701 coepit
1515 2667 1634 2694 domttm.
1656 2667 1768 2695 Tollens
1786 2676 1838 2695 att-

1048 2717 1101 2740 tettt
1126 2720 1233 2740 omnent
1257 2712 1450 2748 supellectilem
1473 2721 1561 2745 sttant,
1583 2714 1722 2741 transtulit
1746 2722 1761 2741 a
1791 2722 1838 2741 su-

1048 2759 1168 2795 pradicta
1183 2759 1330 2794 cella,qu:e
1345 2763 1372 2786 et
1387 2759 1446 2794 ipsa
1453 2760 1531 2787 valde
1546 2759 1673 2795 contigua
1690 2763 1750 2787 erat
1765 2767 1835 2795 syn-

247 2843 302 2878 (18)
327 2843 366 2870 Ex
396 2843 489 2870 codice
515 2849 564 2870 ms.
586 2840 614 2868 S.
638 2841 765 2869 Germani
786 2849 800 2868 a
820 2839 920 2872 Pratis,
939 2847 967 2866 n.
984 2839 1044 2867 £08.
