1940 3068
215 109 267 140 δίε

759 107 790 136 S.
806 106 1037 135 ATHANASIUS.
1057 121 1093 127 —
1111 105 1247 133 SPL'RlA.

1786 103 1842 131 825

215 173 286 194 unus
300 168 328 193 et
345 165 464 200 Spiritus
481 168 592 193 sanctus
611 164 693 193 Deus.
711 164 745 191 Et
763 165 923 193 conﬁtentes
942 171 1008 199 pec-
1021 166 1043 195 Δ
1058 171 1109 190 mae
1123 163 1271 190 multorum
1295 161 1328 189 de
1344 165 1431 189 morte
1457 160 1491 188 ad
1507 161 1589 188 vitam
1616 161 1752 189 translata:
1763 167 1838 189 sunt.

215 216 276 239 cata
289 219 349 245 sua,
365 212 450 246 ipsam
466 215 587 238 sanctam
601 210 744 246 imaginem
756 211 934 238 ostenderunt
946 210 1002 245 epi-

216 265 309 292 scopo,
324 261 466 284 narrantes
481 257 562 284 etiam
575 257 691 291 qualiter
712 257 823 291 sanguis
841 262 868 284 ct
883 263 953 290 aqua
967 256 1001 284 de

215 303 301 330 latere
329 303 414 338 ipsius
439 303 572 336 cucurrit,
595 307 623 329 et
639 306 741 338 quanta
767 303 904 329 mirabilia
931 302 1002 330 facta

215 353 289 377 sunt.
303 348 454 383 Episcopus
464 352 553 375 autem
567 348 756 376 univcrsaliter
770 348 875 375 indicto
885 347 1000 382 jejunio,

214 400 310 421 omnes
323 394 492 429 regeneravit
509 402 587 421 sacro
602 395 774 429 baptismate,
789 401 858 428 quos
873 393 931 428 ipse
946 401 1002 420 om-

214 447 263 466 nes
283 440 414 475 suSCepit.
435 439 606 476 Synagogam
623 440 732 474 quidem
748 448 842 468 eorum
863 441 1001 476 principa-

214 485 267 513 lem
290 486 433 514 ecclesiam
451 486 624 514 consecravit
641 487 669 513 in
693 486 823 514 honorem
852 486 1001 516 Salvatoris

214 532 301 559 nostri
313 531 378 560 Jesu
390 532 490 560 Christi
509 542 515 560 :
531 537 644 560 caeteras
655 540 720 560 vero
735 541 887 568 synagogas
900 541 995 561 eorum

214 577 348 605 dedicavit
358 579 490 606 ecclesias
504 579 531 606 in
544 579 674 606 honorem
688 579 874 613 apostolorum
884 583 910 606 et
925 587 997 606 mar-

214 628 302 659 tyrum
322 634 329 652 τ
348 624 504 660 factumque
521 625 649 660 gaudium
668 632 808 659 magnum,
829 632 884 651 non
909 625 997 652 solum

213 670 286 704 quod
306 675 379 698 tanta
395 678 510 705 corpora
532 675 628 698 curata
653 675 728 703 sunt,
749 671 797 700 sed
812 670 883 706 quod
898 676 926 699 et
940 671 1000 698 ani-

1056 209 1120 236 llaec
1137 209 1227 235 sciens
1251 215 1326 242 ergo,
1354 207 1527 235 dilectissimi
1549 206 1658 238 fratres,
1687 208 1839 235 acceleravi

1055 255 1231 282 manifestare
1254 254 1352 287 vobis;
1368 258 1398 280 ut
1425 254 1452 280 in
1478 253 1529 280 hoc
1541 253 1623 280 etiam
1642 258 1842 288 cognoscentes

1055 301 1181 328 virtutem
1199 305 1225 327 et
1238 300 1452 327 misericordiam
1464 299 1569 326 Domini
1582 298 1669 326 nostri
1683 298 1746 325 Jesu
1760 298 1841 326 Chri-

1053 347 1099 378 sti,
1117 347 1234 382 amplius
1259 346 1413 373 conlirmati
1437 346 1499 373 sitis
1524 346 1551 372 in
1569 345 1630 377 fide,
1644 349 1671 372 ct
1687 345 1838 380 gratiarum

1052 394 1174 421 actiones
1191 393 1229 420 illi
1249 393 1370 420 reddatis
1391 400 1440 427 pro
1455 391 1625 418 mirabilibus
1648 396 1675 418 et
1699 390 1839 418 beneticiis

1051 447 1112 474 quae
1143 438 1274 465 Dominus
1299 437 1429 465 ostendit.
1451 437 1576 465 Decrevit
1595 442 1688 464 sancta
1714 436 1838 464 Romana

1050 490 1076 513 et
1091 485 1285 512 Antiochensis
1293 485 1415 512 Ecclesia
1426 484 1496 512 diem
1507 493 1521 511 v
1536 483 1630 510 lduum
1643 483 1838 510 Novembrium

1050 533 1198 559 solemnem
1220 531 1274 566 agi.
1299 531 1326 558 in
1345 539 1399 566 quo
1420 531 1477 558 haec
1501 530 1569 558 facta
1587 535 1650 557 sunt.
1667 529 1701 556 ad
1727 529 1837 556 laudem

1050 578 1157 605 Domini
1174 579 1260 605 nostri
1274 577 1338 606 Jesu
1354 577 1466 608 Christi,
1483 577 1528 612 qui
1543 576 1608 603 vivit
1623 580 1649 603 et
1664 580 1758 611 regnat
1773 582 1838 602 cum

1054 624 1109 652 Deo
1125 624 1206 651 Patre
1221 624 1248 651 in
1263 625 1366 652 unitate
1379 624 1497 659 Spiritus
1515 623 1602 650 sancti
1617 621 1699 654 Deus,
1715 629 1762 657 per
1773 628 1837 648 om-

1053 670 1097 697 nia
1114 670 1211 698 saecula
1227 670 1400 697 saeculorum.
1417 670 1513 696 Amen.

705 801 738 828 IN
759 801 917 834 SEQUENS
936 801 1147 829 OPUSCULL’M
1166 800 1334 829 MONITUM.

247 857 389 892 Perperam
415 860 508 886 titulus
534 859 675 887 Athanasii
698 869 791 887 nomen
823 861 940 895 prwfert,
960 868 1019 887 cum
1039 861 1074 887 sit
1097 860 1145 887 hoc
1160 860 1313 894 opusculum
1335 860 1404 886 alius
1426 858 1564 893 cujusdam
1583 857 1717 892 scriptoris
1731 856 1785 892 qui,
1803 860 1834 882 ut

211 907 337 940 augurari
354 907 424 938 licet,
440 906 529 934 Photii
548 916 601 935 two
630 908 685 935 lucc
707 909 851 940 scripserit,
869 908 975 944 quando
1000 908 1093 935 oborta
1111 909 1223 943 quwstio
1240 913 1278 935 est
1299 908 1331 935 de
1361 908 1495 934 additione
1523 906 1645 941 Filioque
1664 906 1690 932 in
1708 904 1835 939 ngbolo

212 952 294 986 facta.
310 953 363 979 Pro
380 953 449 980 virili
463 962 524 988 ergo
538 959 637 989 pugnat
655 955 696 981 hic
713 955 800 987 homo,
822 955 950 989 Spiritum
962 960 1095 987 nanctum,
1114 963 1159 982 nec
1173 963 1206 982 ea:
1221 954 1304 984 Filio.
1318 962 1363 981 nec
1376 962 1421 989 per
1438 953 1538 980 Filium
1552 951 1696 986 procedere.
1718 951 1832 978 Multum

211 1005 298 1026 tamen
321 1001 415 1035 negotii
440 1001 541 1035 faciunt
556 1007 647 1037 aperta
672 1003 811 1030 Athanasii
831 1003 872 1030 hic
889 1003 975 1030 allata
996 1003 1158 1032 testimonia.
1175 1002 1243 1028 unde
1266 1001 1378 1036 fortasse
1399 1001 1477 1035 fuerit
1494 999 1562 1035 quod
1579 998 1717 1026 Athanasii
1739 1005 1833 1024 nomen

210 1045 347 1078 inscriptio
371 1046 460 1080 (erat;
485 1046 603 1082 Gregorii
642 1049 703 1075 item
725 1048 839 1083 Nyssem'
859 1054 884 1074 et
912 1048 1007 1083 Cyrilli
1034 1049 1102 1080 loca,
1124 1048 1217 1084 quibus
1245 1047 1345 1082 liquido
1371 1047 1524 1080 afﬁrmatur
1551 1053 1583 1072 e1-
1607 1044 1686 1071 Patre
1710 1043 1832 1078 Filioque

210 1089 337 1124 Spiritum
363 1097 483 1119 sanctum
505 1093 652 1127 procedere.
677 1093 715 1121 lis
738 1099 766 1121 ut
795 1099 917 1121 occurrat
936 1096 1049 1129 scriptor
1075 1096 1143 1126 iste,
1167 1094 1313 1121 vanissima
1333 1093 1418 1119 utitur
1437 1091 1604 1118 distinctione
1621 1097 1630 1116 :
1648 1090 1686 1116 ait
1706 1090 1785 1120 enim,
1804 1094 1833 1116 ut

209 1137 306 1170 duplex;
323 1141 360 1164 est
387 1140 521 1172 generatio
538 1138 614 1172 Filii,
634 1145 731 1166 (eterna
762 1140 827 1172 alia,
853 1141 956 1175 aliaque
982 1145 1168 1175 temporanea,
1195 1140 1234 1166 ita
1259 1138 1387 1173 duplicem
1413 1145 1468 1164 esse
1489 1137 1605 1170 Spiritus
1621 1136 1705 1162 sancti
1727 1143 1833 1169 proces-

208 1183 328 1214 sionem;
344 1188 470 1210 wtemam
483 1184 565 1212 aliam
580 1193 612 1212 e1:
626 1186 682 1212 solo
698 1185 790 1217 Patre,
809 1191 1002 1220 temporaneam
1017 1186 1168 1216 secundant,
1185 1193 1237 1220 qua
1257 1192 1289 1212 ea:
1313 1184 1404 1214 Patre,
1423 1183 1504 1214 Filio,
1525 1187 1601 1216 atque
1616 1183 1700 1216 seipso
1718 1182 1832 1208 mittitur

208 1233 233 1254 et
253 1229 345 1269 datur:
370 1231 446 1264 Quod
473 1233 557 1266 gratis
586 1241 648 1260 sane
675 1235 851 1268 excogitatum
893 1240 1067 1260 commentata
1096 1233 1251 1268 exsufﬂatur
1280 1240 1312 1259 ex
1339 1232 1482 1258 Athanasii
1509 1231 1574 1257 locis
1600 1229 1776 1264 compluribus
1803 1229 1832 1268 in

209 1274 382 1309 Prwfatione,
407 1276 451 1302 ubi
479 1276 510 1303 de
546 1275 661 1310 Spiritus
686 1279 771 1304 sancti
805 1279 969 1312 processione
992 1279 1090 1312 agitur.
1129 1278 1231 1309 allatis,
1269 1278 1433 1312 maximeque
1465 1284 1496 1302 ea:
1524 1284 1554 1302 eo
1581 1275 1637 1302 loco
1663 1283 1672 1301 :
1691 1274 1776 1302 Filius
1802 1275 1830 1301 in

207 1317 288 1347 Patre
313 1319 374 1347 fons
410 1324 452 1348 est
481 1320 600 1356 Spiritus
635 1323 733 1349 sancti.
771 1323 836 1356 Quis
864 1324 932 1350 enim
965 1324 1094 1358 nrgaverit
1119 1326 1228 1357 (antem,
1257 1324 1371 1357 primam
1419 1321 1568 1356 signiﬁcare
1603 1320 1753 1355 originem?
1787 1319 1830 1346 lbi

206 1365 312 1393 tidesis.

205 1465 305 1502 itng
313 1465 422 1502 ausit
436 1465 580 1502 etram
587 1466 697 1494 actm
712 1468 988 1502 ALEXANDRINI,

1042 1469 1246 1497 AGANAEIOI‘
1270 1467 1506 1493 ΠΑΤΡΙΑΡΧΟΥ
1529 1466 1829 1500 ΑΛΕΞΑΝΔΡΕΙΑΣ,

254 1500 304 1527 EX
324 1500 503 1529 SERMONE
521 1501 666 1529 CONTRA
692 1502 853 1531 LATINOS
873 1504 939 1539 (l9).

240 1557 266 1584 1.
284 1555 319 1583 At
338 1564 393 1584 non
408 1557 445 1584 ita
462 1557 624 1593 (sentiunt)
641 1559 687 1593 qui
713 1559 816 1587 Christi
841 1565 924 1592 sunt;
941 1561 990 1588 sed

205 1602 277 1629 sicut
310 1602 366 1635 ille,
393 1603 441 1638 qui
465 1603 502 1630 ait
528 1613 533 1630 :
565 1613 574 1629 ι
600 1603 667 1631 Cum
693 1607 797 1633 venerit
822 1605 989 1639 Paracletus,

204 1654 285 1681 quem
298 1655 348 1682 ego
362 1649 468 1674 mittam
484 1648 562 1676 vobis
578 1655 592 1674 a
611 1648 691 1684 Patre
708 1649 839 1685 Spiritum
855 1652 989 1683 veritatis,

204 1692 250 1726 qui
264 1699 279 1719 a
290 1693 369 1720 Patre
381 1694 503 1728 procedit
518 1694 549 1725 ",
566 1703 575 1719 ι
589 1694 631 1722 his
646 1694 766 1722 declarat
780 1695 885 1723 Patrem
902 1698 989 1724 solum

203 1746 265 1766 esse
281 1738 399 1774 Spiritus
415 1739 504 1766 sancti
524 1739 716 1774 productorcm
735 1748 743 1767 :
766 1742 859 1769 eadem
881 1751 990 1778 quoque

204 1785 250 1812 isti
265 1791 381 1818 ratione,
407 1787 536 1822 magistro
552 1787 771 1822 obtemperantes
781 1809 788 1822 ,
806 1797 838 1816 ex
854 1790 912 1817 solo
926 1799 988 1818 eum

202 1831 284 1859 Patre
299 1832 375 1859 aiunt
397 1833 554 1867 procedere.
577 1833 657 1866 Quod
674 1834 696 1861 si
714 1835 776 1869 quis
792 1835 901 1868 dixerit,
923 1844 989 1863 nus-

203 1884 284 1911 quam
309 1876 363 1903 diei
385 1875 516 1911 Spiritum
530 1884 563 1904 ex
579 1877 639 1904 solo
653 1885 714 1905 esse
730 1877 824 1911 Patre;
843 1879 867 1906 is
883 1879 986 1911 audiat,

202 1923 270 1950 eun!
280 1922 327 1957 qui
342 1922 375 1949 de
392 1922 439 1949 illo
455 1923 561 1954 scribit,
579 1923 652 1950 haud
673 1924 751 1950 aliter
765 1931 847 1958 quam
869 1933 903 1952 ex
918 1926 987 1953 divi-

202 1967 379 1995 nissimorum
396 1966 506 1994 Patrum
520 1970 677 1994 nostrorum
693 1967 826 2000 doctrina,
837 1968 901 1995 illud
917 1969 987 1996 ferre

202 2012 401 2041 testimonium.
421 2012 454 2040 Ut
465 2013 537 2040 enim
549 2013 587 2039 illi
605 2012 736 2048 Spiritum
753 2017 877 2041 sanctum
893 2014 987 2041 dicunt

201 2067 235 2087 ex
255 2058 336 2086 Patre
352 2059 511 2094 procedere,
533 2063 642 2094 sumpto
661 2067 694 2086 ex
715 2059 821 2086 Domini
837 2060 922 2095 ipsius
937 2068 985 2088 ore

202 2111 378 2141 argumento;
396 2106 432 2132 ita
449 2106 645 2141 subsequentes
657 2106 805 2141 scriptores
816 2114 984 2142 consequen-

201 2157 242 2179 ter
262 2151 445 2179 declararunt.
462 2151 517 2179 Nec
533 2153 677 2187 quisquam
700 2155 742 2180 est
764 2153 872 2180 illorum
890 2153 935 2188 qui
951 2161 984 2180 ex

199 2197 270 2224 Filio
285 2198 325 2225 vel
351 2205 401 2232 per
423 2198 519 2225 Filium
535 2199 608 2225 dicat
634 2199 722 2234 ipsum
748 2200 915 2234 procedere;
932 2201 984 2228 nisi

200 2244 318 2272 fortasse
333 2245 469 2279 quispiam
487 2244 513 2272 id
533 2245 605 2272 dicat
627 2245 660 2272 de
680 2245 732 2272 alia
749 2246 917 2281 profusione,
937 2255 984 2283 seu

199 2291 421 2319 manifestatione
429 2299 461 2318 ac
472 2292 601 2319 missione
611 2292 743 2319 donorum
756 2292 873 2328 Spiritus
885 2294 983 2321 sancti.

198 2336 237 2364 Ea
251 2338 351 2372 quippe
362 2338 467 2365 ratione
482 2346 637 2373 quanquam
652 2347 683 2366 ex
697 2338 776 2367 Patre
794 2339 984 2368 manifestatur

200 2383 319 2418 Spiritus
337 2389 449 2412 sanctus
466 2385 499 2411 ad
519 2385 762 2420 dispensationem,
779 2386 815 2413 ita
828 2395 936 2422 quoque
949 2395 981 2414 ex

199 2429 278 2463 Filio,
295 2435 325 2458 ut
345 2431 424 2458 docet
439 2432 532 2466 regula
555 2433 686 2460 veritatis.
706 2432 736 2459 Et
761 2434 981 2468 quandoquidem

197 2475 315 2510 idipsum
330 2483 424 2504 omnes
439 2484 493 2504 uno
504 2484 638 2505 consensu
652 2477 756 2508 dicunt,
771 2485 902 2512 nemoque
913 2486 982 2505 unus

196 2527 238 2548 est
261 2522 307 2557 qui
325 2521 375 2550 hac
401 2523 428 2550 in
448 2531 478 2551 re
493 2523 627 2557 dissouet,
653 2525 793 2559 propalam
817 2529 907 2552 estex
922 2524 981 2552 solo

196 2568 277 2596 Patre
293 2567 424 2603 Spiritum
440 2577 517 2597 suam
531 2570 630 2597 habere
644 2570 849 2598 subsistentiam
868 2580 874 2597 :
894 2571 980 2606 siqui-

195 2614 255 2641 dem
273 2614 427 2649 hujusmodi
442 2617 578 2644 emanatio
593 2617 767 2644 subsistentia
777 2621 828 2644 est.
842 2617 977 2650 Quemad-

195 2661 307 2688 modum
320 2662 392 2688 enim
416 2662 466 2689 hoc
479 2663 601 2690 omnium
616 2663 728 2693 dictum,
741 2662 825 2691 Filius
836 2667 878 2690 est
888 2663 977 2691 Patris

194 2706 277 2738 fetus,
293 2707 330 2734 ita
349 2708 520 2743 intelligitur,
539 2713 568 2736 ut
584 2717 616 2736 ex
639 2709 698 2736 solo
721 2708 801 2736 Patre
826 2709 860 2736 sit
880 2709 975 2742 Filius,

231 2774 253 2790 "
270 2773 349 2802 Joan.
365 2783 410 2808 xv,
425 2775 471 2802 26.

1144 1505 1194 1530 ΕΚ
1215 1504 1257 1529 Τῦ
1265 1504 1286 1528 Γ
1303 1504 1396 1529 ΚΑΤΑ
1417 1502 1580 1528 ΛΑΤΙΝΩΝ
1596 1503 1726 1528 ΛΟΓΟΥ.

1077 1562 1103 1589 i.
1130 1561 1198 1587 Ἀλλ’
1219 1560 1266 1595 οὐχ
1290 1559 1375 1590 οὕτως
1394 1560 1418 1585 οἱ
1435 1559 1481 1585 τοῦ
1503 1559 1631 1594 Χριστοῦ,
1653 1559 1710 1586 ἀλλ’
1733 1559 1827 1596 ὥσπερ

1041 1608 1143 1638 ἐκεῖνος
1154 1607 1196 1633 τό·
1219 1606 1325 1631 (Ὅταν
1345 1605 1426 1640 ἔλθῃ,
1453 1605 1549 1639 λέγων.
1572 1606 1586 1632 ὁ
1609 1606 1792 1641 Παράκλητος.
1813 1606 1829 1633 ὅ

1041 1652 1096 1687 ὲγὼ
1119 1652 1220 1687 πέμψω
1237 1652 1301 1687 ὑμῖν
1319 1650 1394 1686 παρὰ
1411 1650 1457 1677 τοῦ
1478 1651 1583 1686 Πατρὸς
1603 1652 1632 1677 τὸ
1647 1651 1757 1687 Πνεῦμα
1777 1653 1828 1687 τῆς

1042 1699 1180 1734 ἀληθείας,
1196 1697 1209 1724 ὃ
1225 1697 1300 1733 παρὰ
1319 1697 1366 1723 τοῦ
1384 1696 1489 1731 Ila-cpe;
1506 1696 1699 1732 ἐκπορεύεταισ
1717 1706 1725 1722 ι
1748 1697 1827 1732 μόνον

1039 1744 1163 1772 ἐντεῦθεν
1181 1743 1314 1779 προῦολέα
1333 1744 1377 1770 τὸν
1394 1743 1503 1778 Πατέρα
1522 1743 1569 1769 τοῦ
1589 1743 1747 1778 Πνεύματος
1760 1744 1827 1770 ἁπο-

1039 1791 1174 1818 δείκνυσιν
1185 1799 1191 1806 ·
1215 1790 1285 1817 οὕτω
1302 1790 1349 1816 γαὶ
1365 1786 1436 1816 οὗτοι
1454 1790 1491 1824 τῷ
1506 1789 1657 1824 διδασκάλῳ
1670 1789 1826 1824 πειθόμενοι

1039 1838 1070 1863 ὲκ
1082 1836 1128 1863 τοῦ
1143 1836 1250 1871 Πατρὺς
1266 1835 1346 1871 μόνου
1366 1834 1446 1861 τοῦτό
1464 1843 1545 1869 φασιν
1563 1834 1771 1869 ἐκπορεύεσθαι.
1792 1835 1824 1861 ΕΞ

1038 1882 1067 1907 δέ
1082 1890 1123 1913 τις
1140 1882 1256 1917 ὲρεῖ,ὅτι
1268 1880 1384 1915 οὐδαμοῦ
1400 1880 1430 1906 τὸ
1444 1879 1556 1915 Πνεῦμα
1575 1881 1606 1906 ὲκ
1622 1879 1702 1914 μόνου
1715 1880 1824 1913 λέγεται

1037 1926 1084 1954 τοῦ
1096 1928 1203 1962 Πατρός
1213 1935 1220 1942 ·
1235 1926 1358 1953 ἀκουέτω
1373 1927 1388 1952 ὁ
1402 1925 1531 1957 τοιοῦτος,
1548 1925 1642 1961 ὅτιπερ
1658 1926 1672 1952 ὁ
1686 1925 1749 1959 περὶ
1761 1925 1822 1951 τού.

1037 1981 1083 1998 του
1096 1973 1208 2007 γράφων
1230 1973 1280 1999 οὐκ
1306 1971 1393 2003 ἄλλως
1413 1971 1629 2006 ὲπιμαρτύρεται
1649 1970 1665 2005 ἢ
1681 1969 1752 1996 κατὰ
1774 1970 1824 2005 τὴν

1037 2018 1090 2045 τῶν
1111 2018 1256 2045 θειοτάτων
1278 2017 1406 2054 Πατέρων
1426 2016 1504 2052 ἡμῶν
1522 2016 1704 2043 διδασκαλίαν.
1717 2016 1825 2052 Ὥσπερ

1036 2064 1090 2099 γὰρ
1102 2064 1199 2091 ἐκεῖνοι
1213 2063 1243 2090 τὸ
1255 2063 1368 2098 Πνεῦμα
1381 2064 1410 2089 τὸ
1427 2063 1503 2097 ἅγιον
1515 2064 1546 2089 ὲκ
1559 2062 1605 2089 τοῦ
1622 2062 1728 2097 Πατρός
1740 2070 1824 2096 φασιν

1037 2110 1250 2145 ἐκπορεύεσθαι,
1267 2110 1316 2144 τὴν
1335 2109 1423 2136 αἰτίαν
1447 2109 1494 2135 ἀπ’
1509 2108 1591 2136 αὑτοῦ
1617 2109 1663 2135 τοῦ
1688 2107 1823 2144 κυριακοῦ

998 2145 1018 2174 c
1036 2155 1220 2190 λαμβάνοντες
1235 2155 1383 2191 στόματος·
1403 2155 1473 2181 οὕτω
1495 2154 1542 2181 καὶ
1565 2156 1588 2181 οἱ
1603 2153 1721 2188 καθεξῆς
1742 2154 1822 2188 λογο-

1037 2204 1137 2239 γράφοι
1162 2203 1210 2228 καὶ
1237 2203 1404 2238 συγγραφεῖς
1429 2201 1582 2233 ἀκολούθως
1608 2201 1820 2237 διαγορεύουσιν.

1037 2249 1074 2275 Οὐ
1090 2248 1214 2284 μέντοιγέ
1230 2257 1271 2280 τις
1291 2248 1379 2274 αὐτῶν
1395 2248 1441 2274 καὶ
1454 2249 1485 2274 ἐκ
1500 2247 1547 2274 τοῦ
1568 2247 1632 2274 Υῐοῦ
1650 2248 1695 2274 καὶ
1715 2248 1758 2274 διὰ
1773 2247 1821 2274 τοῦ

1037 2294 1102 2321 Υἱοῦ
1120 2294 1199 2320 τοῦτό
1213 2302 1294 2329 φησιν
1312 2293 1524 2329 ἐκπορεύεσθαι·
1541 2294 1565 2319 εἱ
1584 2294 1620 2328 μή
1635 2302 1693 2325 πως
1708 2294 1767 2329 ἐρεῖ
1779 2303 1822 2326 τις

1036 2340 1085 2376 τὴν
1101 2340 1183 2375 ἄλλην
1197 2340 1338 2376 πρόχυσιν,
1358 2339 1445 2366 εἴτουν
1462 2339 1615 2374 φανέρωσιν
1632 2340 1679 2366 καὶ
1702 2340 1820 2367 ἀποστο-

1036 2387 1084 2422 λὴν
1101 2386 1154 2412 τῶν
1181 2386 1356 2422 χαρισμάτων
1374 2384 1420 2411 τοῦ
1443 2384 1609 2419 Πνεύματος.
1627 2385 1698 2420 Πρὸς
1717 2385 1820 2422 ταύτην

1035 2435 1098 2469 γὰρ,
1121 2433 1221 2468 καίπερ
1243 2433 1275 2458 ἐκ
1291 2431 1337 2457 τοῦ
1356 2431 1460 2466 ﬂat-.933;
1482 2430 1645 2466 φανεροῦται
1661 2431 1691 2457 τὸ
1706 2431 1820 2466 Πνεῦμα

1033 2479 1064 2505 τὸ
1087 2479 1163 2513 ἅγιον
1189 2478 1256 2513 πρὸς
1277 2478 1455 2512 ἐπινέμησιν,
1471 2477 1541 2503 οὓτω
1562 2477 1608 2503 καὶ
1626 2478 1657 2503 ἐκ
1672 2477 1718 2503 τοῦ
1741 2477 1819 2510 Υἱοῦ,

1033 2524 1123 2556 καθὼς
1137 2525 1151 2551 ὁ
1166 2524 1215 2558 τῆς
1231 2524 1360 2559 ἀληθείας
1380 2523 1499 2550 διδάσκει
1519 2523 1619 2550 κανών.
1637 2524 1818 2561 Κάπειδήπερ

1033 2570 1153 2602 ἅπαντας
1171 2570 1200 2596 τὸ
1215 2570 1281 2597 αὐτὸ
1302 2570 1427 2604 λέγοντες
1448 2569 1600 2604 συμφώνως
1624 2571 1670 2597 καὶ
1694 2570 1724 2598 ἓν
1747 2572 1819 2598 κατὰ

1030 2616 1080 2651 τὴν
1104 2615 1151 2643 τοῦ
1168 2615 1270 2652 Κυρίου
1289 2615 1452 2651 παράδοσιν,
1475 2617 1522 2642 καὶ
1557 2616 1674 2651 οὐδαμοῖ
1692 2617 1818 2651 φαίνεταί

1030 2671 1071 2694 τις
1084 2662 1224 2697 διαιρωνῶν
1235 2671 1241 2678 ·
1262 2662 1381 2697 εὔδηλον,
1402 2662 1442 2688 ὅτι
1455 2663 1487 2688 ὲκ
1504 2662 1584 2697 μόνου
1599 2663 1646 2689 τοῦ
1660 2663 1767 2698 Πατρὸς
1786 2663 1817 2689 τὸ

1031 2708 1141 2744 Πνεῦμα
1163 2709 1218 2744 ἔχει
1235 2709 1284 2744 τὴν
1306 2708 1438 2744 ὕπαρξιν·
1456 2709 1536 2745 εἴπερ
1554 2710 1570 2744 ή
1594 2709 1706 2745 τοιαύτη
1729 2709 1814 2737 ἐκπό-

231 2830 286 2865 (l9)
303 2831 340 2859 Ex
356 2831 449 2860 codice
461 2831 545 2867 Regio
562 2831 628 2859 227i
643 2840 716 2860 nunc
729 2832 790 2867 tSI,
806 2840 832 2868 p.
852 2832 912 2865 155,
932 2832 964 2861 ad
978 2832 1126 2868 marginem
1147 2832 1237 2868 operis
1252 2833 1340 2862 sancti
1352 2832 1451 2862 Justini
1466 2833 1498 2862 ad
1515 2833 1630 2870 Lanam.
1712 2839 1749 2867 νδ,
