  <div class='ocr_page' id='page_1' title='image "/cluster/home/n/w/nwhite01/storage/ocr_20150623/28/njp.32101007506148/424.png"; bbox 0 0 1940 3068; ppageno 0'>
   <div class='ocr_carea' id='block_1_1' title="bbox 108 131 157 160">
    <p class='ocr_par' dir='ltr' id='par_1_1' title="bbox 108 131 157 160">
     <span class='ocr_line' id='line_1_1' title="bbox 108 131 157 160; baseline 0 0"><span class='ocrx_word' id='word_1_1' title='bbox 108 131 157 160; x_wconf 75' lang='grc' dir='ltr'><strong>8Ξ5</strong></span> 
     </span>
    </p>
   </div>
   <div class='ocr_carea' id='block_1_2' title="bbox 667 129 1114 163">
    <p class='ocr_par' dir='ltr' id='par_1_2' title="bbox 667 129 1114 163">
     <span class='ocr_line' id='line_1_2' title="bbox 667 129 1114 163; baseline 0.007 -3"><span class='ocrx_word' id='word_1_2' title='bbox 667 129 782 161; x_wconf 72' lang='lat' dir='ltr'><strong>SERMO</strong></span> <span class='ocrx_word' id='word_1_3' title='bbox 798 133 937 162; x_wconf 70' lang='lat' dir='ltr'><strong>CONTRA</strong></span> <span class='ocrx_word' id='word_1_4' title='bbox 957 131 1114 163; x_wconf 77' lang='lat' dir='ltr'><strong>LATINOS.</strong></span> 
     </span>
    </p>
   </div>
   <div class='ocr_carea' id='block_1_3' title="bbox 1667 139 1720 166">
    <p class='ocr_par' dir='ltr' id='par_1_3' title="bbox 1667 139 1720 166">
     <span class='ocr_line' id='line_1_3' title="bbox 1667 139 1720 166; baseline 0 0"><span class='ocrx_word' id='word_1_5' title='bbox 1667 139 1720 166; x_wconf 80' lang='lat'><strong>8&#39;26</strong></span> 
     </span>
    </p>
   </div>
   <div class='ocr_carea' id='block_1_4' title="bbox 106 188 877 231">
    <p class='ocr_par' dir='ltr' id='par_1_4' title="bbox 106 188 877 227">
     <span class='ocr_line' id='line_1_4' title="bbox 106 188 877 227; baseline 0.003 -11"><span class='ocrx_word' id='word_1_6' title='bbox 106 197 195 223; x_wconf 65' lang='grc' dir='ltr'>ριυσις</span> <span class='ocrx_word' id='word_1_7' title='bbox 210 188 378 223; x_wconf 81' lang='grc' dir='ltr'><strong>καθέστηκεν</strong></span> <span class='ocrx_word' id='word_1_8' title='bbox 405 188 528 225; x_wconf 78' lang='grc' dir='ltr'>ὑπαρξις.</span> <span class='ocrx_word' id='word_1_9' title='bbox 563 190 667 227; x_wconf 87' lang='grc' dir='ltr'>Ὥσπερ</span> <span class='ocrx_word' id='word_1_10' title='bbox 692 191 746 227; x_wconf 83' lang='grc' dir='ltr'><strong>γὰρ</strong></span> <span class='ocrx_word' id='word_1_11' title='bbox 778 193 877 219; x_wconf 61' lang='grc' dir='ltr'>πάντωι</span> 
     </span>
    </p>
   </div>
   <div class='ocr_carea' id='block_1_5' title="bbox 929 188 1720 231">
    <p class='ocr_par' dir='ltr' id='par_1_5' title="bbox 939 192 1720 231">
     <span class='ocr_line' id='line_1_5' title="bbox 939 192 1720 231; baseline 0.005 -11"><span class='ocrx_word' id='word_1_12' title='bbox 939 193 1090 221; x_wconf 82' lang='lat' dir='ltr'><strong>secundum</strong></span> <span class='ocrx_word' id='word_1_13' title='bbox 1119 192 1201 229; x_wconf 81' lang='lat'><strong>3&#39;00</strong></span> <span class='ocrx_word' id='word_1_14' title='bbox 1226 201 1286 221; x_wconf 87' lang='lat' dir='ltr'><strong>eam</strong></span> <span class='ocrx_word' id='word_1_15' title='bbox 1311 202 1372 230; x_wconf 63' lang='lat' dir='ltr'><strong>qua!</strong></span> <span class='ocrx_word' id='word_1_16' title='bbox 1394 200 1457 224; x_wconf 82' lang='lat' dir='ltr'><strong>ante</strong></span> <span class='ocrx_word' id='word_1_17' title='bbox 1485 196 1584 224; x_wconf 72' lang='lat' dir='ltr'><strong>saecula</strong></span> <span class='ocrx_word' id='word_1_18' title='bbox 1605 201 1647 224; x_wconf 83' lang='lat' dir='ltr'><strong>est</strong></span> <span class='ocrx_word' id='word_1_19' title='bbox 1674 205 1720 231; x_wconf 78' lang='lat' dir='ltr'><strong>ge-</strong></span> 
     </span>
    </p>
   </div>
   <div class='ocr_carea' id='block_1_6' title="bbox 104 234 886 271">
    <p class='ocr_par' dir='ltr' id='par_1_6' title="bbox 104 234 886 271">
     <span class='ocr_line' id='line_1_6' title="bbox 104 234 886 271; baseline 0.005 -10"><span class='ocrx_word' id='word_1_20' title='bbox 104 235 244 269; x_wconf 81' lang='grc' dir='ltr'>λεγόντων,</span> <span class='ocrx_word' id='word_1_21' title='bbox 255 234 378 270; x_wconf 78' lang='grc' dir='ltr'><strong>γέννημα</strong></span> <span class='ocrx_word' id='word_1_22' title='bbox 389 235 496 271; x_wconf 83' lang='grc' dir='ltr'>Πατρδς</span> <span class='ocrx_word' id='word_1_23' title='bbox 509 235 523 260; x_wconf 86' lang='grc' dir='ltr'><strong>ό</strong></span> <span class='ocrx_word' id='word_1_24' title='bbox 537 235 612 267; x_wconf 84' lang='grc' dir='ltr'>Υίὸς,</span> <span class='ocrx_word' id='word_1_25' title='bbox 627 239 823 264; x_wconf 82' lang='grc' dir='ltr'>συνεπινοεϊται</span> <span class='ocrx_word' id='word_1_26' title='bbox 839 238 886 265; x_wconf 76' lang='grc' dir='ltr'>καὶ</span> 
     </span>
    </p>
   </div>
   <div class='ocr_carea' id='block_1_7' title="bbox 103 280 886 318">
    <p class='ocr_par' dir='ltr' id='par_1_7' title="bbox 103 280 886 318">
     <span class='ocr_line' id='line_1_7' title="bbox 103 280 886 318; baseline 0.004 -12"><span class='ocrx_word' id='word_1_27' title='bbox 103 280 133 307; x_wconf 76' lang='grc' dir='ltr'>τὸ</span> <span class='ocrx_word' id='word_1_28' title='bbox 146 282 178 307; x_wconf 76' lang='grc' dir='ltr'>ὲκ</span> <span class='ocrx_word' id='word_1_29' title='bbox 198 281 279 315; x_wconf 85' lang='grc' dir='ltr'>μόνου</span> <span class='ocrx_word' id='word_1_30' title='bbox 294 280 341 306; x_wconf 78' lang='grc' dir='ltr'>τοῦ</span> <span class='ocrx_word' id='word_1_31' title='bbox 358 280 465 316; x_wconf 77' lang='grc' dir='ltr'>Πατρὺς</span> <span class='ocrx_word' id='word_1_32' title='bbox 479 280 493 306; x_wconf 84' lang='grc' dir='ltr'><strong>ὸ</strong></span> <span class='ocrx_word' id='word_1_33' title='bbox 506 280 570 313; x_wconf 81' lang='grc' dir='ltr'>Υἱὸς</span> <span class='ocrx_word' id='word_1_34' title='bbox 581 281 649 308; x_wconf 81' lang='grc' dir='ltr'>κατὰ</span> <span class='ocrx_word' id='word_1_35' title='bbox 663 282 711 317; x_wconf 87' lang='grc' dir='ltr'>τὴν</span> <span class='ocrx_word' id='word_1_36' title='bbox 725 282 886 318; x_wconf 63' lang='grc' dir='ltr'>προαιιίηιον</span> 
     </span>
    </p>
   </div>
   <div class='ocr_carea' id='block_1_8' title="bbox 103 324 886 364">
    <p class='ocr_par' dir='ltr' id='par_1_8' title="bbox 103 324 886 364">
     <span class='ocr_line' id='line_1_8' title="bbox 103 324 886 364; baseline 0.005 -13"><span class='ocrx_word' id='word_1_37' title='bbox 103 325 244 360; x_wconf 61' lang='grc' dir='ltr'>γέννησιν</span> <span class='ocrx_word' id='word_1_38' title='bbox 269 324 339 352; x_wconf 78' lang='grc' dir='ltr'>οὕτω</span> <span class='ocrx_word' id='word_1_39' title='bbox 365 325 412 352; x_wconf 80' lang='grc' dir='ltr'>καὶ</span> <span class='ocrx_word' id='word_1_40' title='bbox 435 325 543 352; x_wconf 79' lang='grc' dir='ltr'>πάντων</span> <span class='ocrx_word' id='word_1_41' title='bbox 569 326 701 360; x_wconf 67' lang='grc' dir='ltr'>ὶεγόντων</span> <span class='ocrx_word' id='word_1_42' title='bbox 719 328 748 353; x_wconf 78' lang='grc' dir='ltr'><strong>τὸ</strong></span> <span class='ocrx_word' id='word_1_43' title='bbox 775 328 886 364; x_wconf 84' lang='grc' dir='ltr'><strong>Πνεῦμα</strong></span> 
     </span>
    </p>
   </div>
   <div class='ocr_carea' id='block_1_9' title="bbox 103 369 886 408">
    <p class='ocr_par' dir='ltr' id='par_1_9' title="bbox 103 369 886 408">
     <span class='ocr_line' id='line_1_9' title="bbox 103 369 886 408; baseline 0.006 -13"><span class='ocrx_word' id='word_1_44' title='bbox 103 369 247 405; x_wconf 75' lang='grc' dir='ltr'>πρόόλημα</span> <span class='ocrx_word' id='word_1_45' title='bbox 269 370 391 405; x_wconf 68' lang='grc' dir='ltr'>Πατρός,</span> <span class='ocrx_word' id='word_1_46' title='bbox 410 372 604 397; x_wconf 63' lang='grc' dir='ltr'>συνεπινοεὴαι</span> <span class='ocrx_word' id='word_1_47' title='bbox 631 373 677 398; x_wconf 78' lang='grc' dir='ltr'><strong>καὶ</strong></span> <span class='ocrx_word' id='word_1_48' title='bbox 699 372 730 398; x_wconf 78' lang='grc' dir='ltr'><strong>τὸ</strong></span> <span class='ocrx_word' id='word_1_49' title='bbox 751 373 783 399; x_wconf 83' lang='grc' dir='ltr'>ἐκ</span> <span class='ocrx_word' id='word_1_50' title='bbox 805 373 886 408; x_wconf 85' lang='grc' dir='ltr'>μόνου</span> 
     </span>
    </p>
   </div>
   <div class='ocr_carea' id='block_1_10' title="bbox 101 414 885 454">
    <p class='ocr_par' dir='ltr' id='par_1_10' title="bbox 101 414 885 454">
     <span class='ocr_line' id='line_1_10' title="bbox 101 414 885 454; baseline 0.005 -14"><span class='ocrx_word' id='word_1_51' title='bbox 101 414 146 440; x_wconf 79' lang='grc' dir='ltr'>τοῦ</span> <span class='ocrx_word' id='word_1_52' title='bbox 166 414 273 450; x_wconf 69' lang='grc' dir='ltr'>Πατρὺς</span> <span class='ocrx_word' id='word_1_53' title='bbox 286 414 317 441; x_wconf 78' lang='grc' dir='ltr'>τὸ</span> <span class='ocrx_word' id='word_1_54' title='bbox 336 415 456 450; x_wconf 79' lang='grc' dir='ltr'>Πνεῦμα,</span> <span class='ocrx_word' id='word_1_55' title='bbox 478 416 547 443; x_wconf 80' lang='grc' dir='ltr'>κατὰ</span> <span class='ocrx_word' id='word_1_56' title='bbox 568 417 617 452; x_wconf 87' lang='grc' dir='ltr'>τὴν</span> <span class='ocrx_word' id='word_1_57' title='bbox 637 417 798 453; x_wconf 84' lang='grc' dir='ltr'>προαιώνιον</span> <span class='ocrx_word' id='word_1_58' title='bbox 818 419 885 454; x_wconf 79' lang='grc' dir='ltr'>πρό-</span> 
     </span>
    </p>
   </div>
   <div class='ocr_carea' id='block_1_11' title="bbox 101 461 885 497">
    <p class='ocr_par' dir='ltr' id='par_1_11' title="bbox 101 461 885 497">
     <span class='ocr_line' id='line_1_11' title="bbox 101 461 885 497; baseline 0.005 -11"><span class='ocrx_word' id='word_1_59' title='bbox 101 461 213 495; x_wconf 79' lang='grc' dir='ltr'>6λησιν.·</span> <span class='ocrx_word' id='word_1_60' title='bbox 226 461 250 487; x_wconf 82' lang='grc' dir='ltr'><strong>εί</strong></span> <span class='ocrx_word' id='word_1_61' title='bbox 276 461 354 496; x_wconf 85' lang='grc' dir='ltr'>μόνος</span> <span class='ocrx_word' id='word_1_62' title='bbox 377 462 409 487; x_wconf 79' lang='grc' dir='ltr'>ἐκ</span> <span class='ocrx_word' id='word_1_63' title='bbox 431 461 510 496; x_wconf 75' lang='grc' dir='ltr'>μόνου</span> <span class='ocrx_word' id='word_1_64' title='bbox 531 462 579 488; x_wconf 72' lang='grc' dir='ltr'><strong>τοῦ</strong></span> <span class='ocrx_word' id='word_1_65' title='bbox 595 462 702 497; x_wconf 81' lang='grc' dir='ltr'>Πατρὸς</span> <span class='ocrx_word' id='word_1_66' title='bbox 715 464 729 489; x_wconf 82' lang='grc' dir='ltr'><strong>ὁ</strong></span> <span class='ocrx_word' id='word_1_67' title='bbox 746 463 820 494; x_wconf 73' lang='grc' dir='ltr'>Υἱὸς,</span> <span class='ocrx_word' id='word_1_68' title='bbox 838 464 885 490; x_wconf 79' lang='grc' dir='ltr'>καὶ</span> 
     </span>
    </p>
   </div>
   <div class='ocr_carea' id='block_1_12' title="bbox 103 507 882 543">
    <p class='ocr_par' dir='ltr' id='par_1_12' title="bbox 103 507 882 543">
     <span class='ocr_line' id='line_1_12' title="bbox 103 507 882 543; baseline 0.004 -10"><span class='ocrx_word' id='word_1_69' title='bbox 103 507 180 542; x_wconf 83' lang='grc' dir='ltr'>μόνον</span> <span class='ocrx_word' id='word_1_70' title='bbox 197 508 229 533; x_wconf 85' lang='grc' dir='ltr'>ὲκ</span> <span class='ocrx_word' id='word_1_71' title='bbox 252 507 330 542; x_wconf 90' lang='grc' dir='ltr'>μόνου</span> <span class='ocrx_word' id='word_1_72' title='bbox 354 507 400 533; x_wconf 85' lang='grc' dir='ltr'>τοῦ</span> <span class='ocrx_word' id='word_1_73' title='bbox 429 507 534 542; x_wconf 84' lang='grc' dir='ltr'>Πατρὸς</span> <span class='ocrx_word' id='word_1_74' title='bbox 549 507 580 533; x_wconf 88' lang='grc' dir='ltr'>τδ</span> <span class='ocrx_word' id='word_1_75' title='bbox 607 507 718 543; x_wconf 83' lang='grc' dir='ltr'><strong>Πνεῦμα</strong></span> <span class='ocrx_word' id='word_1_76' title='bbox 748 509 778 535; x_wconf 80' lang='grc' dir='ltr'>τὸ</span> <span class='ocrx_word' id='word_1_77' title='bbox 796 509 882 543; x_wconf 72' lang='grc' dir='ltr'>ἅγιον.</span> 
     </span>
    </p>
   </div>
   <div class='ocr_carea' id='block_1_13' title="bbox 102 551 884 589">
    <p class='ocr_par' dir='ltr' id='par_1_13' title="bbox 102 551 884 589">
     <span class='ocr_line' id='line_1_13' title="bbox 102 551 884 589; baseline 0.003 -11"><span class='ocrx_word' id='word_1_78' title='bbox 102 551 180 578; x_wconf 77' lang='grc' dir='ltr'>Κατὰ</span> <span class='ocrx_word' id='word_1_79' title='bbox 202 552 229 578; x_wconf 86' lang='grc' dir='ltr'><strong>δὲ</strong></span> <span class='ocrx_word' id='word_1_80' title='bbox 250 553 300 587; x_wconf 80' lang='grc' dir='ltr'>τὴν</span> <span class='ocrx_word' id='word_1_81' title='bbox 315 553 430 588; x_wconf 77' lang='grc' dir='ltr'><strong>ὑστέραν</strong></span> <span class='ocrx_word' id='word_1_82' title='bbox 450 552 596 589; x_wconf 80' lang='grc' dir='ltr'><strong>πρόχυσιν,</strong></span> <span class='ocrx_word' id='word_1_83' title='bbox 614 552 702 580; x_wconf 81' lang='grc' dir='ltr'>εἷτουν</span> <span class='ocrx_word' id='word_1_84' title='bbox 725 554 884 589; x_wconf 73' lang='grc' dir='ltr'>ἐπινέμησιν</span> 
     </span>
    </p>
   </div>
   <div class='ocr_carea' id='block_1_14' title="bbox 104 597 883 635">
    <p class='ocr_par' dir='ltr' id='par_1_14' title="bbox 104 597 883 635">
     <span class='ocr_line' id='line_1_14' title="bbox 104 597 883 635; baseline 0.004 -12"><span class='ocrx_word' id='word_1_85' title='bbox 104 597 151 623; x_wconf 75' lang='grc' dir='ltr'>καὶ</span> <span class='ocrx_word' id='word_1_86' title='bbox 166 597 297 634; x_wconf 75' lang='grc' dir='ltr'><strong>χορηγίαν</strong></span> <span class='ocrx_word' id='word_1_87' title='bbox 311 598 362 634; x_wconf 77' lang='grc' dir='ltr'><strong>τὴν</strong></span> <span class='ocrx_word' id='word_1_88' title='bbox 379 597 447 634; x_wconf 83' lang='grc' dir='ltr'>πρὸς</span> <span class='ocrx_word' id='word_1_89' title='bbox 462 599 525 630; x_wconf 81' lang='grc' dir='ltr'>τοὺς</span> <span class='ocrx_word' id='word_1_90' title='bbox 547 598 650 631; x_wconf 79' lang='grc' dir='ltr'>ἀξίους,</span> <span class='ocrx_word' id='word_1_91' title='bbox 666 599 759 635; x_wconf 84' lang='grc' dir='ltr'>ὥσπερ</span> <span class='ocrx_word' id='word_1_92' title='bbox 780 601 811 626; x_wconf 79' lang='grc' dir='ltr'>ἐκ</span> <span class='ocrx_word' id='word_1_93' title='bbox 836 600 883 626; x_wconf 85' lang='grc' dir='ltr'>τοῦ</span> 
     </span>
    </p>
   </div>
   <div class='ocr_carea' id='block_1_15' title="bbox 102 642 885 678">
    <p class='ocr_par' dir='ltr' id='par_1_15' title="bbox 102 642 885 678">
     <span class='ocr_line' id='line_1_15' title="bbox 102 642 885 678; baseline 0.003 -9"><span class='ocrx_word' id='word_1_94' title='bbox 102 643 208 678; x_wconf 71' lang='grc' dir='ltr'>[ἰατρὸς</span> <span class='ocrx_word' id='word_1_95' title='bbox 226 643 256 669; x_wconf 80' lang='grc' dir='ltr'><strong>τὸ</strong></span> <span class='ocrx_word' id='word_1_96' title='bbox 272 643 392 678; x_wconf 83' lang='grc' dir='ltr'>Πνεῦμα,</span> <span class='ocrx_word' id='word_1_97' title='bbox 414 642 484 669; x_wconf 73' lang='grc' dir='ltr'>οὕτω</span> <span class='ocrx_word' id='word_1_98' title='bbox 517 644 563 670; x_wconf 70' lang='grc' dir='ltr'>καὶ</span> <span class='ocrx_word' id='word_1_99' title='bbox 575 643 619 670; x_wconf 81' lang='grc' dir='ltr'><strong>διὰ</strong></span> <span class='ocrx_word' id='word_1_100' title='bbox 639 643 686 670; x_wconf 79' lang='grc' dir='ltr'>τοῦ</span> <span class='ocrx_word' id='word_1_101' title='bbox 701 644 768 670; x_wconf 86' lang='grc' dir='ltr'>Υἱοῦ</span> <span class='ocrx_word' id='word_1_102' title='bbox 783 644 830 671; x_wconf 75' lang='grc' dir='ltr'>καὶ</span> <span class='ocrx_word' id='word_1_103' title='bbox 852 645 885 672; x_wconf 79' lang='grc' dir='ltr'>ἐκ</span> 
     </span>
    </p>
   </div>
   <div class='ocr_carea' id='block_1_16' title="bbox 98 687 883 724">
    <p class='ocr_par' dir='ltr' id='par_1_16' title="bbox 98 687 883 724">
     <span class='ocr_line' id='line_1_16' title="bbox 98 687 883 724; baseline 0.003 -10"><span class='ocrx_word' id='word_1_104' title='bbox 98 687 145 714; x_wconf 74' lang='grc' dir='ltr'>τοῦ</span> <span class='ocrx_word' id='word_1_105' title='bbox 162 687 238 714; x_wconf 83' lang='grc' dir='ltr'><strong>Υίοῦ.</strong></span> <span class='ocrx_word' id='word_1_106' title='bbox 256 688 390 724; x_wconf 81' lang='grc' dir='ltr'><strong>Καθάπερ</strong></span> <span class='ocrx_word' id='word_1_107' title='bbox 403 688 431 714; x_wconf 81' lang='grc' dir='ltr'><strong>δὲ</strong></span> <span class='ocrx_word' id='word_1_108' title='bbox 445 688 491 714; x_wconf 79' lang='grc' dir='ltr'>καὶ</span> <span class='ocrx_word' id='word_1_109' title='bbox 508 688 557 723; x_wconf 83' lang='grc' dir='ltr'>τὴν</span> <span class='ocrx_word' id='word_1_110' title='bbox 572 687 688 724; x_wconf 78' lang='grc' dir='ltr'><strong>ὑστέραν</strong></span> <span class='ocrx_word' id='word_1_111' title='bbox 700 689 824 724; x_wconf 78' lang='grc' dir='ltr'>γέννησιν</span> <span class='ocrx_word' id='word_1_112' title='bbox 836 689 883 716; x_wconf 82' lang='grc' dir='ltr'>τοῦ</span> 
     </span>
    </p>
   </div>
   <div class='ocr_carea' id='block_1_17' title="bbox 99 731 883 768">
    <p class='ocr_par' dir='ltr' id='par_1_17' title="bbox 99 731 883 768">
     <span class='ocr_line' id='line_1_17' title="bbox 99 731 883 768; baseline 0.004 -10"><span class='ocrx_word' id='word_1_113' title='bbox 99 732 174 764; x_wconf 82' lang='grc' dir='ltr'><strong>Υίοῦ,</strong></span> <span class='ocrx_word' id='word_1_114' title='bbox 193 732 281 758; x_wconf 81' lang='grc' dir='ltr'>εἴτουν</span> <span class='ocrx_word' id='word_1_115' title='bbox 303 732 449 767; x_wconf 76' lang='grc' dir='ltr'>ἐπιδημίαν</span> <span class='ocrx_word' id='word_1_116' title='bbox 463 733 514 768; x_wconf 86' lang='grc' dir='ltr'>τὴν</span> <span class='ocrx_word' id='word_1_117' title='bbox 529 733 598 768; x_wconf 83' lang='grc' dir='ltr'>πρὸς</span> <span class='ocrx_word' id='word_1_118' title='bbox 618 731 702 768; x_wconf 73' lang='grc' dir='ltr'>ἡμᾶς,</span> <span class='ocrx_word' id='word_1_119' title='bbox 719 734 768 760; x_wconf 86' lang='grc' dir='ltr'><strong>οὐκ</strong></span> <span class='ocrx_word' id='word_1_120' title='bbox 792 734 824 760; x_wconf 80' lang='grc' dir='ltr'>ὲκ</span> <span class='ocrx_word' id='word_1_121' title='bbox 836 733 883 761; x_wconf 80' lang='grc' dir='ltr'>τοῦ</span> 
     </span>
    </p>
   </div>
   <div class='ocr_carea' id='block_1_18' title="bbox 102 778 880 815">
    <p class='ocr_par' dir='ltr' id='par_1_18' title="bbox 102 778 880 815">
     <span class='ocr_line' id='line_1_18' title="bbox 102 778 880 815; baseline 0.004 -11"><span class='ocrx_word' id='word_1_122' title='bbox 102 778 207 813; x_wconf 60' lang='grc' dir='ltr'>Πατρός</span> <span class='ocrx_word' id='word_1_123' title='bbox 221 778 300 813; x_wconf 81' lang='grc' dir='ltr'>μόνον</span> <span class='ocrx_word' id='word_1_124' title='bbox 315 778 470 814; x_wconf 76' lang='grc' dir='ltr'><strong>δοξάζομεν,</strong></span> <span class='ocrx_word' id='word_1_125' title='bbox 484 779 552 805; x_wconf 81' lang='grc' dir='ltr'>ἀλλὰ</span> <span class='ocrx_word' id='word_1_126' title='bbox 560 779 605 805; x_wconf 78' lang='grc' dir='ltr'>καὶ</span> <span class='ocrx_word' id='word_1_127' title='bbox 613 781 644 806; x_wconf 80' lang='grc' dir='ltr'>ὲκ</span> <span class='ocrx_word' id='word_1_128' title='bbox 656 779 702 806; x_wconf 79' lang='grc' dir='ltr'>τοῦ</span> <span class='ocrx_word' id='word_1_129' title='bbox 716 780 880 815; x_wconf 84' lang='grc' dir='ltr'>Πνεὺματος.</span> 
     </span>
    </p>
   </div>
   <div class='ocr_carea' id='block_1_19' title="bbox 100 824 881 861">
    <p class='ocr_par' dir='ltr' id='par_1_19' title="bbox 100 824 881 861">
     <span class='ocr_line' id='line_1_19' title="bbox 100 824 881 861; baseline 0.003 -11"><span class='ocrx_word' id='word_1_130' title='bbox 100 825 154 851; x_wconf 71' lang='grc' dir='ltr'><strong>Καὶ</strong></span> <span class='ocrx_word' id='word_1_131' title='bbox 169 824 285 850; x_wconf 77' lang='grc' dir='ltr'><strong>πειθέτω</strong></span> <span class='ocrx_word' id='word_1_132' title='bbox 300 833 328 850; x_wconf 80' lang='grc' dir='ltr'><strong>σε</strong></span> <span class='ocrx_word' id='word_1_133' title='bbox 340 825 355 860; x_wconf 88' lang='grc' dir='ltr'>ἡ</span> <span class='ocrx_word' id='word_1_134' title='bbox 369 824 414 851; x_wconf 75' lang='grc' dir='ltr'>τοῦ</span> <span class='ocrx_word' id='word_1_135' title='bbox 430 825 600 860; x_wconf 83' lang='grc' dir='ltr'><strong>ἀρχαγγέλου</strong></span> <span class='ocrx_word' id='word_1_136' title='bbox 615 826 690 860; x_wconf 77' lang='grc' dir='ltr'>φωνὴ</span> <span class='ocrx_word' id='word_1_137' title='bbox 703 826 769 861; x_wconf 75' lang='grc' dir='ltr'>πρὸς</span> <span class='ocrx_word' id='word_1_138' title='bbox 785 825 881 861; x_wconf 70' lang='grc' dir='ltr'>Ἰωσὴφ</span> 
     </span>
    </p>
   </div>
   <div class='ocr_carea' id='block_1_20' title="bbox 97 869 880 908">
    <p class='ocr_par' dir='ltr' id='par_1_20' title="bbox 97 869 880 908">
     <span class='ocr_line' id='line_1_20' title="bbox 97 869 880 908; baseline 0.005 -13"><span class='ocrx_word' id='word_1_139' title='bbox 97 869 213 903; x_wconf 76' lang='grc' dir='ltr'>λέγουσα</span> <span class='ocrx_word' id='word_1_140' title='bbox 229 870 274 896; x_wconf 74' lang='grc' dir='ltr'>τὸν</span> <span class='ocrx_word' id='word_1_141' title='bbox 291 870 373 906; x_wconf 84' lang='grc' dir='ltr'>ἄνδρα</span> <span class='ocrx_word' id='word_1_142' title='bbox 387 871 496 907; x_wconf 79' lang='grc' dir='ltr'>Μαρίας</span> <span class='ocrx_word' id='word_1_143' title='bbox 511 871 552 903; x_wconf 83' lang='grc' dir='ltr'>τὸ,</span> <span class='ocrx_word' id='word_1_144' title='bbox 569 880 578 896; x_wconf 85' lang='grc' dir='ltr'><strong>ι</strong></span> <span class='ocrx_word' id='word_1_145' title='bbox 590 871 635 907; x_wconf 84' lang='grc' dir='ltr'><strong>Μὴ</strong></span> <span class='ocrx_word' id='word_1_146' title='bbox 653 872 774 908; x_wconf 79' lang='grc' dir='ltr'>φοὸηθῇς</span> <span class='ocrx_word' id='word_1_147' title='bbox 791 881 880 908; x_wconf 89' lang='grc' dir='ltr'>παρα-</span> 
     </span>
    </p>
   </div>
   <div class='ocr_carea' id='block_1_21' title="bbox 98 914 878 954">
    <p class='ocr_par' dir='ltr' id='par_1_21' title="bbox 98 914 878 954">
     <span class='ocr_line' id='line_1_21' title="bbox 98 914 878 954; baseline 0.005 -13"><span class='ocrx_word' id='word_1_148' title='bbox 98 914 190 942; x_wconf 74' lang='grc' dir='ltr'>λαϐεῖν</span> <span class='ocrx_word' id='word_1_149' title='bbox 215 915 332 951; x_wconf 72' lang='grc' dir='ltr'>Μαριὰμ</span> <span class='ocrx_word' id='word_1_150' title='bbox 351 916 400 951; x_wconf 77' lang='grc' dir='ltr'>τὴν</span> <span class='ocrx_word' id='word_1_151' title='bbox 416 917 533 950; x_wconf 84' lang='grc' dir='ltr'>γυναῖκά</span> <span class='ocrx_word' id='word_1_152' title='bbox 555 925 617 943; x_wconf 88' lang='grc' dir='ltr'>σου·</span> <span class='ocrx_word' id='word_1_153' title='bbox 637 917 667 944; x_wconf 79' lang='grc' dir='ltr'>τὸ</span> <span class='ocrx_word' id='word_1_154' title='bbox 683 917 737 954; x_wconf 84' lang='grc' dir='ltr'><strong>γὰρ</strong></span> <span class='ocrx_word' id='word_1_155' title='bbox 759 919 787 945; x_wconf 81' lang='grc' dir='ltr'>ἐν</span> <span class='ocrx_word' id='word_1_156' title='bbox 811 919 878 954; x_wconf 74' lang='grc' dir='ltr'>αὐτῇ</span> 
     </span>
    </p>
   </div>
   <div class='ocr_carea' id='block_1_22' title="bbox 97 961 879 998">
    <p class='ocr_par' dir='ltr' id='par_1_22' title="bbox 97 961 879 998">
     <span class='ocr_line' id='line_1_22' title="bbox 97 961 879 998; baseline 0.003 -10"><span class='ocrx_word' id='word_1_157' title='bbox 97 961 224 998; x_wconf 79' lang='grc' dir='ltr'>γεννηθὲν</span> <span class='ocrx_word' id='word_1_158' title='bbox 246 963 277 988; x_wconf 81' lang='grc' dir='ltr'>ὲκ</span> <span class='ocrx_word' id='word_1_159' title='bbox 292 962 447 998; x_wconf 78' lang='grc' dir='ltr'>Πνεύματός</span> <span class='ocrx_word' id='word_1_160' title='bbox 463 963 537 990; x_wconf 83' lang='grc' dir='ltr'>ἐστιν</span> <span class='ocrx_word' id='word_1_161' title='bbox 557 963 645 998; x_wconf 80' lang='grc' dir='ltr'><strong>ἁγίου.</strong></span> <span class='ocrx_word' id='word_1_162' title='bbox 668 973 677 989; x_wconf 71' lang='grc' dir='ltr'><strong>ι</strong></span> <span class='ocrx_word' id='word_1_163' title='bbox 693 965 725 990; x_wconf 84' lang='grc' dir='ltr'><strong>Εἰ</strong></span> <span class='ocrx_word' id='word_1_164' title='bbox 746 963 774 990; x_wconf 81' lang='grc' dir='ltr'><strong>δὲ</strong></span> <span class='ocrx_word' id='word_1_165' title='bbox 792 963 879 998; x_wconf 82' lang='grc' dir='ltr'>βούλει</span> 
     </span>
    </p>
   </div>
   <div class='ocr_carea' id='block_1_23' title="bbox 99 1008 879 1044">
    <p class='ocr_par' dir='ltr' id='par_1_23' title="bbox 99 1008 879 1044">
     <span class='ocr_line' id='line_1_23' title="bbox 99 1008 879 1044; baseline 0 -10"><span class='ocrx_word' id='word_1_166' title='bbox 99 1008 208 1044; x_wconf 81' lang='grc' dir='ltr'>μαθεῖν,</span> <span class='ocrx_word' id='word_1_167' title='bbox 225 1009 265 1035; x_wconf 83' lang='grc' dir='ltr'>ὅτι</span> <span class='ocrx_word' id='word_1_168' title='bbox 291 1008 336 1034; x_wconf 83' lang='grc' dir='ltr'><strong>καί</strong></span> <span class='ocrx_word' id='word_1_169' title='bbox 360 1017 431 1039; x_wconf 82' lang='grc' dir='ltr'>τινες</span> <span class='ocrx_word' id='word_1_170' title='bbox 457 1009 489 1035; x_wconf 84' lang='grc' dir='ltr'>ὲκ</span> <span class='ocrx_word' id='word_1_171' title='bbox 511 1009 564 1036; x_wconf 82' lang='grc' dir='ltr'>τῶν</span> <span class='ocrx_word' id='word_1_172' title='bbox 587 1009 729 1044; x_wconf 78' lang='grc' dir='ltr'>ἡμετέρων</span> <span class='ocrx_word' id='word_1_173' title='bbox 756 1009 879 1044; x_wconf 81' lang='grc' dir='ltr'>μεγάλων</span> 
     </span>
    </p>
   </div>
   <div class='ocr_carea' id='block_1_24' title="bbox 97 1054 880 1090">
    <p class='ocr_par' dir='ltr' id='par_1_24' title="bbox 97 1054 880 1090">
     <span class='ocr_line' id='line_1_24' title="bbox 97 1054 880 1090; baseline -0.003 -8"><span class='ocrx_word' id='word_1_174' title='bbox 97 1055 180 1088; x_wconf 80' lang='grc' dir='ltr'>ἁγίων</span> <span class='ocrx_word' id='word_1_175' title='bbox 194 1055 365 1090; x_wconf 50' lang='grc' dir='ltr'>ἀπεςήναντο</span> <span class='ocrx_word' id='word_1_176' title='bbox 375 1055 405 1080; x_wconf 76' lang='grc' dir='ltr'>τὸ</span> <span class='ocrx_word' id='word_1_177' title='bbox 416 1056 447 1081; x_wconf 85' lang='grc' dir='ltr'>ὲκ</span> <span class='ocrx_word' id='word_1_178' title='bbox 461 1055 542 1090; x_wconf 83' lang='grc' dir='ltr'>μόνου</span> <span class='ocrx_word' id='word_1_179' title='bbox 552 1054 599 1081; x_wconf 81' lang='grc' dir='ltr'>τοῦ</span> <span class='ocrx_word' id='word_1_180' title='bbox 612 1054 716 1090; x_wconf 80' lang='grc' dir='ltr'>Πατρός</span> <span class='ocrx_word' id='word_1_181' title='bbox 725 1055 756 1080; x_wconf 84' lang='grc' dir='ltr'>τὸ</span> <span class='ocrx_word' id='word_1_182' title='bbox 769 1054 880 1089; x_wconf 75' lang='grc' dir='ltr'>Πνεῦμα</span> 
     </span>
    </p>
   </div>
   <div class='ocr_carea' id='block_1_25' title="bbox 95 1100 879 1136">
    <p class='ocr_par' dir='ltr' id='par_1_25' title="bbox 95 1100 879 1136">
     <span class='ocr_line' id='line_1_25' title="bbox 95 1100 879 1136; baseline -0.001 -9"><span class='ocrx_word' id='word_1_183' title='bbox 95 1101 125 1127; x_wconf 82' lang='grc' dir='ltr'>τὸ</span> <span class='ocrx_word' id='word_1_184' title='bbox 142 1101 218 1134; x_wconf 73' lang='grc' dir='ltr'>ἅγιον</span> <span class='ocrx_word' id='word_1_185' title='bbox 232 1100 438 1136; x_wconf 73' lang='grc' dir='ltr'>ἐκπορεύεσθαι,</span> <span class='ocrx_word' id='word_1_186' title='bbox 457 1100 507 1135; x_wconf 73' lang='grc' dir='ltr'>ἤδη</span> <span class='ocrx_word' id='word_1_187' title='bbox 518 1101 563 1126; x_wconf 81' lang='grc' dir='ltr'><strong>τὺν</strong></span> <span class='ocrx_word' id='word_1_188' title='bbox 576 1100 663 1135; x_wconf 87' lang='grc' dir='ltr'>μέγαν</span> <span class='ocrx_word' id='word_1_189' title='bbox 679 1100 728 1135; x_wconf 77' lang='grc' dir='ltr'>τῆς</span> <span class='ocrx_word' id='word_1_190' title='bbox 745 1101 879 1136; x_wconf 82' lang='grc' dir='ltr'>ἡμετέρας</span> 
     </span>
    </p>
   </div>
   <div class='ocr_carea' id='block_1_26' title="bbox 104 1144 899 1180">
    <p class='ocr_par' dir='ltr' id='par_1_26' title="bbox 104 1144 899 1180">
     <span class='ocr_line' id='line_1_26' title="bbox 104 1144 899 1180; baseline 0 -9"><span class='ocrx_word' id='word_1_191' title='bbox 104 1145 264 1180; x_wconf 80' lang='grc' dir='ltr'>Ἐκκλησίας</span> <span class='ocrx_word' id='word_1_192' title='bbox 282 1144 356 1179; x_wconf 76' lang='grc' dir='ltr'>ἥλιον</span> <span class='ocrx_word' id='word_1_193' title='bbox 378 1144 526 1179; x_wconf 79' lang='grc' dir='ltr'>Κύριλλον,</span> <span class='ocrx_word' id='word_1_194' title='bbox 549 1145 565 1179; x_wconf 88' lang='grc' dir='ltr'>ἢ</span> <span class='ocrx_word' id='word_1_195' title='bbox 585 1145 682 1179; x_wconf 75' lang='grc' dir='ltr'>μᾶλλον</span> <span class='ocrx_word' id='word_1_196' title='bbox 705 1146 806 1174; x_wconf 82' lang='grc' dir='ltr'>εἰπεῖν.</span> <span class='ocrx_word' id='word_1_197' title='bbox 832 1144 899 1171; x_wconf 70' lang='grc' dir='ltr'>τοῦ-</span> 
     </span>
    </p>
   </div>
   <div class='ocr_carea' id='block_1_27' title="bbox 97 1189 878 1225">
    <p class='ocr_par' dir='ltr' id='par_1_27' title="bbox 97 1189 878 1225">
     <span class='ocr_line' id='line_1_27' title="bbox 97 1189 878 1225; baseline 0 -9"><span class='ocrx_word' id='word_1_198' title='bbox 97 1191 200 1225; x_wconf 83' lang='grc' dir='ltr'>κόσμου</span> <span class='ocrx_word' id='word_1_199' title='bbox 214 1190 332 1221; x_wconf 79' lang='grc' dir='ltr'>παντὸς,</span> <span class='ocrx_word' id='word_1_200' title='bbox 354 1189 421 1225; x_wconf 81' lang='grc' dir='ltr'>πρὸς</span> <span class='ocrx_word' id='word_1_201' title='bbox 437 1189 515 1216; x_wconf 82' lang='grc' dir='ltr'>τοῦτο</span> <span class='ocrx_word' id='word_1_202' title='bbox 540 1189 660 1224; x_wconf 74' lang='grc' dir='ltr'>λάμϐανε</span> <span class='ocrx_word' id='word_1_203' title='bbox 685 1191 826 1225; x_wconf 82' lang='grc' dir='ltr'>μάρτυρα·</span> <span class='ocrx_word' id='word_1_204' title='bbox 850 1192 878 1217; x_wconf 80' lang='grc' dir='ltr'>ἐν</span> 
     </span>
    </p>
   </div>
   <div class='ocr_carea' id='block_1_28' title="bbox 97 1233 879 1272">
    <p class='ocr_par' dir='ltr' id='par_1_28' title="bbox 97 1233 879 1272">
     <span class='ocr_line' id='line_1_28' title="bbox 97 1233 879 1272; baseline 0.003 -10"><span class='ocrx_word' id='word_1_205' title='bbox 97 1236 150 1272; x_wconf 76' lang='grc' dir='ltr'><strong>γὰρ</strong></span> <span class='ocrx_word' id='word_1_206' title='bbox 170 1235 208 1270; x_wconf 82' lang='grc' dir='ltr'>τῷ</span> <span class='ocrx_word' id='word_1_207' title='bbox 221 1235 292 1270; x_wconf 74' lang='grc' dir='ltr'>Περὶ</span> <span class='ocrx_word' id='word_1_208' title='bbox 309 1235 427 1270; x_wconf 78' lang='grc' dir='ltr'>Τριάδος</span> <span class='ocrx_word' id='word_1_209' title='bbox 449 1235 519 1270; x_wconf 81' lang='grc' dir='ltr'>λόγῳ</span> <span class='ocrx_word' id='word_1_210' title='bbox 542 1236 624 1262; x_wconf 76' lang='grc' dir='ltr'>αὑτοῦ</span> <span class='ocrx_word' id='word_1_211' title='bbox 641 1233 691 1263; x_wconf 82' lang='grc' dir='ltr'>ὧδέ</span> <span class='ocrx_word' id='word_1_212' title='bbox 711 1245 769 1269; x_wconf 84' lang='grc' dir='ltr'><strong>πως</strong></span> <span class='ocrx_word' id='word_1_213' title='bbox 787 1238 879 1272; x_wconf 81' lang='grc' dir='ltr'>σαφῶς</span> 
     </span>
    </p>
   </div>
   <div class='ocr_carea' id='block_1_29' title="bbox 98 1283 880 1320">
    <p class='ocr_par' dir='ltr' id='par_1_29' title="bbox 98 1283 880 1320">
     <span class='ocr_line' id='line_1_29' title="bbox 98 1283 880 1320; baseline 0 -10"><span class='ocrx_word' id='word_1_214' title='bbox 98 1284 227 1319; x_wconf 77' lang='grc' dir='ltr'>παριστᾷ.</span> <span class='ocrx_word' id='word_1_215' title='bbox 243 1284 274 1310; x_wconf 83' lang='grc' dir='ltr'>Ἡ</span> <span class='ocrx_word' id='word_1_216' title='bbox 300 1283 436 1317; x_wconf 81' lang='grc' dir='ltr'>παναγία,</span> <span class='ocrx_word' id='word_1_217' title='bbox 452 1284 528 1318; x_wconf 79' lang='grc' dir='ltr'>φησὶ,</span> <span class='ocrx_word' id='word_1_218' title='bbox 556 1284 603 1309; x_wconf 76' lang='grc' dir='ltr'>καὶ</span> <span class='ocrx_word' id='word_1_219' title='bbox 618 1284 702 1319; x_wconf 83' lang='grc' dir='ltr'>σεπτὴ</span> <span class='ocrx_word' id='word_1_220' title='bbox 714 1284 808 1320; x_wconf 80' lang='grc' dir='ltr'>Τριὰς,</span> <span class='ocrx_word' id='word_1_221' title='bbox 827 1285 880 1320; x_wconf 81' lang='grc' dir='ltr'><strong>πρὸ</strong></span> 
     </span>
    </p>
   </div>
   <div class='ocr_carea' id='block_1_30' title="bbox 97 1328 879 1365">
    <p class='ocr_par' dir='ltr' id='par_1_30' title="bbox 97 1328 879 1365">
     <span class='ocr_line' id='line_1_30' title="bbox 97 1328 879 1365; baseline 0.001 -10"><span class='ocrx_word' id='word_1_222' title='bbox 97 1329 205 1356; x_wconf 78' lang='grc' dir='ltr'>πάντων</span> <span class='ocrx_word' id='word_1_223' title='bbox 226 1328 330 1355; x_wconf 82' lang='grc' dir='ltr'>αἰώνων</span> <span class='ocrx_word' id='word_1_224' title='bbox 348 1329 394 1355; x_wconf 75' lang='grc' dir='ltr'>καὶ</span> <span class='ocrx_word' id='word_1_225' title='bbox 418 1330 457 1360; x_wconf 83' lang='grc' dir='ltr'><strong>είς</strong></span> <span class='ocrx_word' id='word_1_226' title='bbox 483 1329 526 1354; x_wconf 79' lang='grc' dir='ltr'>ἀεὶ</span> <span class='ocrx_word' id='word_1_227' title='bbox 547 1329 723 1365; x_wconf 81' lang='grc' dir='ltr'>ὑπάρχουσα,</span> <span class='ocrx_word' id='word_1_228' title='bbox 748 1330 879 1365; x_wconf 75' lang='grc' dir='ltr'>ἄχραντος</span> 
     </span>
    </p>
   </div>
   <div class='ocr_carea' id='block_1_31' title="bbox 97 1375 879 1412">
    <p class='ocr_par' dir='ltr' id='par_1_31' title="bbox 97 1375 879 1412">
     <span class='ocr_line' id='line_1_31' title="bbox 97 1375 879 1412; baseline 0.001 -11"><span class='ocrx_word' id='word_1_229' title='bbox 97 1376 154 1401; x_wconf 81' lang='grc' dir='ltr'>ἐστι</span> <span class='ocrx_word' id='word_1_230' title='bbox 185 1376 232 1404; x_wconf 75' lang='grc' dir='ltr'>καὶ</span> <span class='ocrx_word' id='word_1_231' title='bbox 249 1375 351 1407; x_wconf 74' lang='grc' dir='ltr'>ἀΐδιος,</span> <span class='ocrx_word' id='word_1_232' title='bbox 377 1375 531 1410; x_wconf 75' lang='grc' dir='ltr'>ἀσώματος,</span> <span class='ocrx_word' id='word_1_233' title='bbox 553 1375 758 1411; x_wconf 72' lang='grc' dir='ltr'>ἀκατάληπτος,</span> <span class='ocrx_word' id='word_1_234' title='bbox 783 1376 879 1412; x_wconf 82' lang='grc' dir='ltr'>ἀπερί-</span> 
     </span>
    </p>
   </div>
   <div class='ocr_carea' id='block_1_32' title="bbox 97 1420 879 1458">
    <p class='ocr_par' dir='ltr' id='par_1_32' title="bbox 97 1420 879 1458">
     <span class='ocr_line' id='line_1_32' title="bbox 97 1420 879 1458; baseline 0.003 -11"><span class='ocrx_word' id='word_1_235' title='bbox 97 1421 208 1456; x_wconf 79' lang='grc' dir='ltr'>ληπτος,</span> <span class='ocrx_word' id='word_1_236' title='bbox 227 1420 409 1456; x_wconf 71' lang='grc' dir='ltr'>περιληπτικὴ</span> <span class='ocrx_word' id='word_1_237' title='bbox 423 1420 451 1446; x_wconf 82' lang='grc' dir='ltr'><strong>δὲ</strong></span> <span class='ocrx_word' id='word_1_238' title='bbox 464 1420 518 1446; x_wconf 78' lang='grc' dir='ltr'>τῶν</span> <span class='ocrx_word' id='word_1_239' title='bbox 539 1421 676 1453; x_wconf 83' lang='grc' dir='ltr'>ἁπάντων,</span> <span class='ocrx_word' id='word_1_240' title='bbox 694 1422 741 1448; x_wconf 74' lang='grc' dir='ltr'>καὶ</span> <span class='ocrx_word' id='word_1_241' title='bbox 759 1430 879 1458; x_wconf 80' lang='grc' dir='ltr'>συγκρα-</span> 
     </span>
    </p>
   </div>
   <div class='ocr_carea' id='block_1_33' title="bbox 94 1465 878 1501">
    <p class='ocr_par' dir='ltr' id='par_1_33' title="bbox 94 1465 878 1501">
     <span class='ocr_line' id='line_1_33' title="bbox 94 1465 878 1501; baseline 0.001 -9"><span class='ocrx_word' id='word_1_242' title='bbox 94 1465 179 1492; x_wconf 82' lang='grc' dir='ltr'>τοῦσα</span> <span class='ocrx_word' id='word_1_243' title='bbox 197 1465 228 1492; x_wconf 71' lang='grc' dir='ltr'>τὸ</span> <span class='ocrx_word' id='word_1_244' title='bbox 251 1467 316 1497; x_wconf 77' lang='grc' dir='ltr'>πᾶν,</span> <span class='ocrx_word' id='word_1_245' title='bbox 337 1465 436 1500; x_wconf 81' lang='grc' dir='ltr'>ἀγαθὴ,</span> <span class='ocrx_word' id='word_1_246' title='bbox 453 1465 627 1501; x_wconf 83' lang='grc' dir='ltr'>προνοητικὴ,</span> <span class='ocrx_word' id='word_1_247' title='bbox 645 1465 808 1501; x_wconf 80' lang='grc' dir='ltr'>δημιουργὸς</span> <span class='ocrx_word' id='word_1_248' title='bbox 824 1466 878 1493; x_wconf 81' lang='grc' dir='ltr'>τῶν</span> 
     </span>
    </p>
   </div>
   <div class='ocr_carea' id='block_1_34' title="bbox 95 1511 879 1547">
    <p class='ocr_par' dir='ltr' id='par_1_34' title="bbox 95 1511 879 1547">
     <span class='ocr_line' id='line_1_34' title="bbox 95 1511 879 1547; baseline -0.001 -8"><span class='ocrx_word' id='word_1_249' title='bbox 95 1513 220 1539; x_wconf 79' lang='grc' dir='ltr'>ἁπάντων</span> <span class='ocrx_word' id='word_1_250' title='bbox 232 1531 239 1544; x_wconf 83' lang='lat'><strong>,</strong></span> <span class='ocrx_word' id='word_1_251' title='bbox 259 1512 364 1547; x_wconf 80' lang='grc' dir='ltr'>ὁρατῶν</span> <span class='ocrx_word' id='word_1_252' title='bbox 379 1520 409 1538; x_wconf 82' lang='grc' dir='ltr'><strong>τε</strong></span> <span class='ocrx_word' id='word_1_253' title='bbox 426 1511 472 1538; x_wconf 76' lang='grc' dir='ltr'>καὶ</span> <span class='ocrx_word' id='word_1_254' title='bbox 491 1511 631 1546; x_wconf 75' lang='grc' dir='ltr'>ἀοράτων,</span> <span class='ocrx_word' id='word_1_255' title='bbox 649 1511 774 1547; x_wconf 76' lang='grc' dir='ltr'>ἀπαθὴς,</span> <span class='ocrx_word' id='word_1_256' title='bbox 798 1511 879 1538; x_wconf 83' lang='grc' dir='ltr'>ἀναλ-</span> 
     </span>
    </p>
   </div>
   <div class='ocr_carea' id='block_1_35' title="bbox 95 1546 913 1593">
    <p class='ocr_par' dir='ltr' id='par_1_35' title="bbox 95 1546 913 1593">
     <span class='ocr_line' id='line_1_35' title="bbox 95 1546 913 1593; baseline 0.001 -9"><span class='ocrx_word' id='word_1_257' title='bbox 95 1559 215 1590; x_wconf 83' lang='grc' dir='ltr'>λοίωτος,</span> <span class='ocrx_word' id='word_1_258' title='bbox 236 1546 378 1593; x_wconf 76' lang='grc' dir='ltr'>ἄτρεπτος,</span> <span class='ocrx_word' id='word_1_259' title='bbox 399 1558 437 1593; x_wconf 75' lang='grc' dir='ltr'>νῷ</span> <span class='ocrx_word' id='word_1_260' title='bbox 459 1557 610 1593; x_wconf 79' lang='grc' dir='ltr'>ἀνθρώπων</span> <span class='ocrx_word' id='word_1_261' title='bbox 632 1558 679 1584; x_wconf 80' lang='grc' dir='ltr'>καὶ</span> <span class='ocrx_word' id='word_1_262' title='bbox 694 1546 816 1592; x_wconf 77' lang='grc' dir='ltr'>ἀγγέλων</span> <span class='ocrx_word' id='word_1_263' title='bbox 831 1559 877 1585; x_wconf 82' lang='grc' dir='ltr'>καὶ</span> <span class='ocrx_word' id='word_1_264' title='bbox 893 1546 913 1574; x_wconf 75' lang='lat' dir='ltr'><strong>c</strong></span> 
     </span>
    </p>
   </div>
   <div class='ocr_carea' id='block_1_36' title="bbox 95 1603 876 1640">
    <p class='ocr_par' dir='ltr' id='par_1_36' title="bbox 95 1603 876 1640">
     <span class='ocr_line' id='line_1_36' title="bbox 95 1603 876 1640; baseline 0 -10"><span class='ocrx_word' id='word_1_265' title='bbox 95 1605 128 1640; x_wconf 84' lang='grc' dir='ltr'><strong>τῇ</strong></span> <span class='ocrx_word' id='word_1_266' title='bbox 141 1606 238 1639; x_wconf 81' lang='grc' dir='ltr'>κτιστῇ</span> <span class='ocrx_word' id='word_1_267' title='bbox 253 1604 331 1638; x_wconf 82' lang='grc' dir='ltr'>φύσει</span> <span class='ocrx_word' id='word_1_268' title='bbox 353 1604 543 1639; x_wconf 77' lang='grc' dir='ltr'>ἁκατάληπτος</span> <span class='ocrx_word' id='word_1_269' title='bbox 554 1613 562 1619; x_wconf 81' lang='grc'><em>’</em></span> <span class='ocrx_word' id='word_1_270' title='bbox 580 1603 722 1638; x_wconf 79' lang='grc' dir='ltr'>ὁμοούσιος</span> <span class='ocrx_word' id='word_1_271' title='bbox 740 1605 768 1630; x_wconf 75' lang='grc' dir='ltr'><strong>έν</strong></span> <span class='ocrx_word' id='word_1_272' title='bbox 782 1605 876 1640; x_wconf 79' lang='grc' dir='ltr'>ἑαυτῇ,</span> 
     </span>
    </p>
   </div>
   <div class='ocr_carea' id='block_1_37' title="bbox 96 1649 877 1686">
    <p class='ocr_par' dir='ltr' id='par_1_37' title="bbox 96 1649 877 1686">
     <span class='ocr_line' id='line_1_37' title="bbox 96 1649 877 1686; baseline -0.001 -9"><span class='ocrx_word' id='word_1_273' title='bbox 96 1650 276 1686; x_wconf 75' lang='grc' dir='ltr'>ἀκοινώνητος</span> <span class='ocrx_word' id='word_1_274' title='bbox 292 1650 320 1676; x_wconf 77' lang='grc' dir='ltr'><strong>δὲ</strong></span> <span class='ocrx_word' id='word_1_275' title='bbox 335 1650 394 1682; x_wconf 80' lang='grc' dir='ltr'>κατ’</span> <span class='ocrx_word' id='word_1_276' title='bbox 416 1650 508 1676; x_wconf 72' lang='grc' dir='ltr'>οὐσίαν</span> <span class='ocrx_word' id='word_1_277' title='bbox 525 1649 599 1685; x_wconf 73' lang='grc' dir='ltr'>πάσῃ</span> <span class='ocrx_word' id='word_1_278' title='bbox 622 1650 655 1684; x_wconf 85' lang='grc' dir='ltr'><strong>τῇ</strong></span> <span class='ocrx_word' id='word_1_279' title='bbox 675 1649 762 1676; x_wconf 81' lang='grc' dir='ltr'>κτίσει</span> <span class='ocrx_word' id='word_1_280' title='bbox 773 1657 779 1664; x_wconf 90' lang='grc'><strong>·</strong></span> <span class='ocrx_word' id='word_1_281' title='bbox 796 1658 877 1684; x_wconf 87' lang='grc' dir='ltr'>γινω-</span> 
     </span>
    </p>
   </div>
   <div class='ocr_carea' id='block_1_38' title="bbox 95 1695 876 1732">
    <p class='ocr_par' dir='ltr' id='par_1_38' title="bbox 95 1695 876 1732">
     <span class='ocr_line' id='line_1_38' title="bbox 95 1695 876 1732; baseline -0.001 -9"><span class='ocrx_word' id='word_1_282' title='bbox 95 1696 215 1732; x_wconf 80' lang='grc' dir='ltr'>σκομένη</span> <span class='ocrx_word' id='word_1_283' title='bbox 232 1697 310 1731; x_wconf 86' lang='grc' dir='ltr'>μόνον</span> <span class='ocrx_word' id='word_1_284' title='bbox 321 1697 366 1730; x_wconf 47' lang='grc' dir='ltr'>οφ</span> <span class='ocrx_word' id='word_1_285' title='bbox 378 1696 487 1731; x_wconf 81' lang='grc' dir='ltr'>έαυτῆς,</span> <span class='ocrx_word' id='word_1_286' title='bbox 504 1697 549 1722; x_wconf 67' lang='grc' dir='ltr'>ὑπ’</span> <span class='ocrx_word' id='word_1_287' title='bbox 562 1696 689 1731; x_wconf 76' lang='grc' dir='ltr'>οὐδεμιᾶς</span> <span class='ocrx_word' id='word_1_288' title='bbox 703 1695 812 1730; x_wconf 81' lang='grc' dir='ltr'>φύσεως</span> <span class='ocrx_word' id='word_1_289' title='bbox 826 1695 876 1730; x_wconf 76' lang='grc' dir='ltr'>τῆς</span> 
     </span>
    </p>
   </div>
   <div class='ocr_carea' id='block_1_39' title="bbox 91 1741 873 1778">
    <p class='ocr_par' dir='ltr' id='par_1_39' title="bbox 91 1741 873 1778">
     <span class='ocr_line' id='line_1_39' title="bbox 91 1741 873 1778; baseline 0 -10"><span class='ocrx_word' id='word_1_290' title='bbox 91 1744 120 1768; x_wconf 84' lang='grc' dir='ltr'>ὲν</span> <span class='ocrx_word' id='word_1_291' title='bbox 137 1741 176 1777; x_wconf 80' lang='grc' dir='ltr'>τῷ</span> <span class='ocrx_word' id='word_1_292' title='bbox 200 1742 294 1777; x_wconf 77' lang='grc' dir='ltr'>κόσμῳ</span> <span class='ocrx_word' id='word_1_293' title='bbox 311 1742 397 1776; x_wconf 75' lang='grc' dir='ltr'>τούτῳ</span> <span class='ocrx_word' id='word_1_294' title='bbox 412 1742 458 1768; x_wconf 82' lang='grc' dir='ltr'>καὶ</span> <span class='ocrx_word' id='word_1_295' title='bbox 485 1742 534 1777; x_wconf 78' lang='grc' dir='ltr'>τῆς</span> <span class='ocrx_word' id='word_1_296' title='bbox 551 1743 620 1778; x_wconf 73' lang='grc' dir='ltr'>ὑπὲρ</span> <span class='ocrx_word' id='word_1_297' title='bbox 641 1742 743 1777; x_wconf 79' lang='grc' dir='ltr'>κόσμον</span> <span class='ocrx_word' id='word_1_298' title='bbox 764 1741 873 1768; x_wconf 66' lang='grc' dir='ltr'>τοῦτοψ</span> 
     </span>
    </p>
   </div>
   <div class='ocr_carea' id='block_1_40' title="bbox 93 1787 874 1824">
    <p class='ocr_par' dir='ltr' id='par_1_40' title="bbox 93 1787 874 1824">
     <span class='ocr_line' id='line_1_40' title="bbox 93 1787 874 1824; baseline -0.001 -10"><span class='ocrx_word' id='word_1_299' title='bbox 93 1788 176 1823; x_wconf 83' lang='grc' dir='ltr'>μονὰς</span> <span class='ocrx_word' id='word_1_300' title='bbox 202 1789 230 1814; x_wconf 82' lang='grc' dir='ltr'>ἐν</span> <span class='ocrx_word' id='word_1_301' title='bbox 250 1788 339 1823; x_wconf 77' lang='grc' dir='ltr'>τρισὶν</span> <span class='ocrx_word' id='word_1_302' title='bbox 367 1788 564 1819; x_wconf 82' lang='grc' dir='ltr'>ὐποστάσεσιν,</span> <span class='ocrx_word' id='word_1_303' title='bbox 589 1788 677 1815; x_wconf 83' lang='grc' dir='ltr'>εἴτουν</span> <span class='ocrx_word' id='word_1_304' title='bbox 699 1787 874 1824; x_wconf 78' lang='grc' dir='ltr'>προσώποις,</span> 
     </span>
    </p>
   </div>
   <div class='ocr_carea' id='block_1_41' title="bbox 92 1833 875 1869">
    <p class='ocr_par' dir='ltr' id='par_1_41' title="bbox 92 1833 875 1869">
     <span class='ocr_line' id='line_1_41' title="bbox 92 1833 875 1869; baseline 0 -9"><span class='ocrx_word' id='word_1_305' title='bbox 92 1835 141 1860; x_wconf 75' lang='grc' dir='ltr'>καὶ</span> <span class='ocrx_word' id='word_1_306' title='bbox 169 1833 255 1868; x_wconf 78' lang='grc' dir='ltr'>Τριὰς</span> <span class='ocrx_word' id='word_1_307' title='bbox 270 1835 299 1860; x_wconf 84' lang='grc' dir='ltr'>ὲν</span> <span class='ocrx_word' id='word_1_308' title='bbox 325 1833 418 1869; x_wconf 79' lang='grc' dir='ltr'>μονάδι</span> <span class='ocrx_word' id='word_1_309' title='bbox 441 1833 584 1869; x_wconf 79' lang='grc' dir='ltr'>θεότητος,</span> <span class='ocrx_word' id='word_1_310' title='bbox 607 1833 666 1869; x_wconf 78' lang='grc' dir='ltr'>ἦτοι</span> <span class='ocrx_word' id='word_1_311' title='bbox 692 1835 755 1869; x_wconf 80' lang='grc' dir='ltr'>μιᾶς</span> <span class='ocrx_word' id='word_1_312' title='bbox 781 1833 875 1865; x_wconf 78' lang='grc' dir='ltr'>οὐσίας</span> 
     </span>
    </p>
   </div>
   <div class='ocr_carea' id='block_1_42' title="bbox 89 1878 873 1914">
    <p class='ocr_par' dir='ltr' id='par_1_42' title="bbox 89 1878 873 1914">
     <span class='ocr_line' id='line_1_42' title="bbox 89 1878 873 1914; baseline -0.001 -9"><span class='ocrx_word' id='word_1_313' title='bbox 89 1879 290 1914; x_wconf 81' lang='grc' dir='ltr'>γινωσκομένη.</span> <span class='ocrx_word' id='word_1_314' title='bbox 301 1879 408 1914; x_wconf 84' lang='grc' dir='ltr'><strong>Ταύτης</strong></span> <span class='ocrx_word' id='word_1_315' title='bbox 420 1879 468 1914; x_wconf 82' lang='grc' dir='ltr'>τῆς</span> <span class='ocrx_word' id='word_1_316' title='bbox 482 1879 563 1913; x_wconf 86' lang='grc' dir='ltr'>ἁγίας</span> <span class='ocrx_word' id='word_1_317' title='bbox 576 1878 622 1906; x_wconf 70' lang='grc' dir='ltr'><strong>καὶ</strong></span> <span class='ocrx_word' id='word_1_318' title='bbox 636 1879 735 1914; x_wconf 81' lang='grc' dir='ltr'>σεπτῆς</span> <span class='ocrx_word' id='word_1_319' title='bbox 751 1879 873 1914; x_wconf 85' lang='grc' dir='ltr'>μονάδος,</span> 
     </span>
    </p>
   </div>
   <div class='ocr_carea' id='block_1_43' title="bbox 90 1925 875 1960">
    <p class='ocr_par' dir='ltr' id='par_1_43' title="bbox 90 1925 875 1960">
     <span class='ocr_line' id='line_1_43' title="bbox 90 1925 875 1960; baseline 0.001 -9"><span class='ocrx_word' id='word_1_320' title='bbox 90 1925 119 1951; x_wconf 85' lang='grc' dir='ltr'>αἱ</span> <span class='ocrx_word' id='word_1_321' title='bbox 142 1925 330 1960; x_wconf 72' lang='grc' dir='ltr'>προσκυνηταὶ</span> <span class='ocrx_word' id='word_1_322' title='bbox 355 1926 428 1960; x_wconf 86' lang='grc' dir='ltr'>τρεῖς</span> <span class='ocrx_word' id='word_1_323' title='bbox 442 1925 606 1956; x_wconf 82' lang='grc' dir='ltr'>ὑποστάσεις</span> <span class='ocrx_word' id='word_1_324' title='bbox 631 1925 807 1958; x_wconf 80' lang='grc' dir='ltr'>γινώσκονται</span> <span class='ocrx_word' id='word_1_325' title='bbox 828 1925 875 1952; x_wconf 76' lang='grc' dir='ltr'><strong>καὶ</strong></span> 
     </span>
    </p>
   </div>
   <div class='ocr_carea' id='block_1_44' title="bbox 89 1970 872 2006">
    <p class='ocr_par' dir='ltr' id='par_1_44' title="bbox 89 1970 872 2006">
     <span class='ocr_line' id='line_1_44' title="bbox 89 1970 872 2006; baseline -0.001 -9"><span class='ocrx_word' id='word_1_326' title='bbox 89 1970 278 1997; x_wconf 80' lang='grc' dir='ltr'>πιστεύονται·</span> <span class='ocrx_word' id='word_1_327' title='bbox 294 1972 323 1997; x_wconf 82' lang='grc' dir='ltr'>ὲν</span> <span class='ocrx_word' id='word_1_328' title='bbox 341 1970 428 2006; x_wconf 76' lang='grc' dir='ltr'>Πατρὶ</span> <span class='ocrx_word' id='word_1_329' title='bbox 443 1970 552 2005; x_wconf 83' lang='grc' dir='ltr'>ἀνάρχῳ</span> <span class='ocrx_word' id='word_1_330' title='bbox 562 1990 569 2000; x_wconf 90' lang='lat'><strong>,</strong></span> <span class='ocrx_word' id='word_1_331' title='bbox 585 1971 707 2006; x_wconf 78' lang='grc' dir='ltr'>ἀναιτίῳ,</span> <span class='ocrx_word' id='word_1_332' title='bbox 724 1971 872 2006; x_wconf 81' lang='grc' dir='ltr'>ἀγεννήτῳ,</span> 
     </span>
    </p>
   </div>
   <div class='ocr_carea' id='block_1_45' title="bbox 89 2016 872 2052">
    <p class='ocr_par' dir='ltr' id='par_1_45' title="bbox 89 2016 872 2052">
     <span class='ocr_line' id='line_1_45' title="bbox 89 2016 872 2052; baseline 0 -10"><span class='ocrx_word' id='word_1_333' title='bbox 89 2016 187 2052; x_wconf 72' lang='grc' dir='ltr'>ἀϊδίῳ·</span> <span class='ocrx_word' id='word_1_334' title='bbox 208 2017 255 2043; x_wconf 79' lang='grc' dir='ltr'>καὶ</span> <span class='ocrx_word' id='word_1_335' title='bbox 276 2017 304 2042; x_wconf 84' lang='grc' dir='ltr'>ὲν</span> <span class='ocrx_word' id='word_1_336' title='bbox 328 2016 385 2051; x_wconf 81' lang='grc' dir='ltr'><strong>Υίῷ</strong></span> <span class='ocrx_word' id='word_1_337' title='bbox 401 2018 538 2052; x_wconf 81' lang='grc' dir='ltr'>μονογενεῖ</span> <span class='ocrx_word' id='word_1_338' title='bbox 557 2016 711 2051; x_wconf 79' lang='grc' dir='ltr'>γεννηθέντι</span> <span class='ocrx_word' id='word_1_339' title='bbox 735 2016 872 2051; x_wconf 69' lang='grc' dir='ltr'>ἀρρήτως,</span> 
     </span>
    </p>
   </div>
   <div class='ocr_carea' id='block_1_46' title="bbox 90 2061 872 2097">
    <p class='ocr_par' dir='ltr' id='par_1_46' title="bbox 90 2061 872 2097">
     <span class='ocr_line' id='line_1_46' title="bbox 90 2061 872 2097; baseline -0.001 -9"><span class='ocrx_word' id='word_1_340' title='bbox 90 2063 139 2091; x_wconf 67' lang='grc' dir='ltr'><strong>καὶ</strong></span> <span class='ocrx_word' id='word_1_341' title='bbox 155 2061 269 2093; x_wconf 78' lang='grc' dir='ltr'>ἀπαθῶς</span> <span class='ocrx_word' id='word_1_342' title='bbox 280 2062 326 2088; x_wconf 71' lang='grc' dir='ltr'>καὶ</span> <span class='ocrx_word' id='word_1_343' title='bbox 339 2062 494 2097; x_wconf 70' lang='grc' dir='ltr'>ἀφράστως,</span> <span class='ocrx_word' id='word_1_344' title='bbox 507 2062 562 2097; x_wconf 76' lang='grc' dir='ltr'>πρὸ</span> <span class='ocrx_word' id='word_1_345' title='bbox 573 2062 681 2088; x_wconf 80' lang='grc' dir='ltr'>πάντων</span> <span class='ocrx_word' id='word_1_346' title='bbox 693 2061 747 2088; x_wconf 83' lang='grc' dir='ltr'><strong>τῶν</strong></span> <span class='ocrx_word' id='word_1_347' title='bbox 758 2061 872 2093; x_wconf 84' lang='grc' dir='ltr'>αἰώνων,</span> 
     </span>
    </p>
   </div>
   <div class='ocr_carea' id='block_1_47' title="bbox 89 2107 874 2143">
    <p class='ocr_par' dir='ltr' id='par_1_47' title="bbox 89 2107 874 2143">
     <span class='ocr_line' id='line_1_47' title="bbox 89 2107 874 2143; baseline -0.004 -7"><span class='ocrx_word' id='word_1_348' title='bbox 89 2109 123 2136; x_wconf 65' lang='grc' dir='ltr'>ὲκ</span> <span class='ocrx_word' id='word_1_349' title='bbox 153 2109 203 2143; x_wconf 84' lang='grc' dir='ltr'>τῆς</span> <span class='ocrx_word' id='word_1_350' title='bbox 229 2108 321 2140; x_wconf 85' lang='grc' dir='ltr'>οὐσίας</span> <span class='ocrx_word' id='word_1_351' title='bbox 342 2109 425 2143; x_wconf 80' lang='grc' dir='ltr'>αὐτῆς</span> <span class='ocrx_word' id='word_1_352' title='bbox 442 2108 488 2134; x_wconf 80' lang='grc' dir='ltr'>τοῦ</span> <span class='ocrx_word' id='word_1_353' title='bbox 516 2108 634 2143; x_wconf 85' lang='grc' dir='ltr'>Πατρὺς,</span> <span class='ocrx_word' id='word_1_354' title='bbox 659 2108 706 2135; x_wconf 83' lang='grc' dir='ltr'>καὶ</span> <span class='ocrx_word' id='word_1_355' title='bbox 728 2107 773 2134; x_wconf 72' lang='grc' dir='ltr'><strong>διὰ</strong></span> <span class='ocrx_word' id='word_1_356' title='bbox 796 2107 874 2134; x_wconf 71' lang='grc' dir='ltr'>τοῦτο</span> 
     </span>
    </p>
   </div>
   <div class='ocr_carea' id='block_1_48' title="bbox 87 2152 871 2189">
    <p class='ocr_par' dir='ltr' id='par_1_48' title="bbox 87 2152 871 2189">
     <span class='ocr_line' id='line_1_48' title="bbox 87 2152 871 2189; baseline -0.001 -10"><span class='ocrx_word' id='word_1_357' title='bbox 87 2153 225 2188; x_wconf 78' lang='grc' dir='ltr'>ὸμοουσίῳ</span> <span class='ocrx_word' id='word_1_358' title='bbox 238 2153 285 2180; x_wconf 73' lang='grc' dir='ltr'>καὶ</span> <span class='ocrx_word' id='word_1_359' title='bbox 302 2153 351 2188; x_wconf 76' lang='grc' dir='ltr'>ἴσῳ</span> <span class='ocrx_word' id='word_1_360' title='bbox 367 2153 406 2188; x_wconf 82' lang='grc' dir='ltr'>τῷ</span> <span class='ocrx_word' id='word_1_361' title='bbox 423 2153 520 2189; x_wconf 66' lang='grc' dir='ltr'>Πατρὶ,</span> <span class='ocrx_word' id='word_1_362' title='bbox 537 2153 619 2188; x_wconf 75' lang='grc' dir='ltr'>χωρὶς</span> <span class='ocrx_word' id='word_1_363' title='bbox 632 2153 680 2188; x_wconf 81' lang='grc' dir='ltr'>τῆς</span> <span class='ocrx_word' id='word_1_364' title='bbox 695 2152 871 2188; x_wconf 81' lang='grc' dir='ltr'>πατρότητος,</span> 
     </span>
    </p>
   </div>
   <div class='ocr_carea' id='block_1_49' title="bbox 937 240 1718 278">
    <p class='ocr_par' dir='ltr' id='par_1_49' title="bbox 937 240 1718 278">
     <span class='ocr_line' id='line_1_49' title="bbox 937 240 1718 278; baseline 0.005 -12"><span class='ocrx_word' id='word_1_365' title='bbox 937 240 1122 272; x_wconf 84' lang='lat' dir='ltr'><strong>nerationem;</strong></span> <span class='ocrx_word' id='word_1_366' title='bbox 1148 240 1185 266; x_wconf 87' lang='lat' dir='ltr'><strong>ita</strong></span> <span class='ocrx_word' id='word_1_367' title='bbox 1217 247 1280 267; x_wconf 94' lang='lat' dir='ltr'><strong>cum</strong></span> <span class='ocrx_word' id='word_1_368' title='bbox 1312 241 1405 269; x_wconf 88' lang='lat' dir='ltr'><strong>dicant</strong></span> <span class='ocrx_word' id='word_1_369' title='bbox 1445 250 1559 277; x_wconf 87' lang='lat' dir='ltr'><strong>omnes,</strong></span> <span class='ocrx_word' id='word_1_370' title='bbox 1587 243 1718 278; x_wconf 80' lang='lat' dir='ltr'><strong>Spiritum</strong></span> 
     </span>
    </p>
   </div>
   <div class='ocr_carea' id='block_1_50' title="bbox 936 283 1719 322">
    <p class='ocr_par' dir='ltr' id='par_1_50' title="bbox 936 283 1719 322">
     <span class='ocr_line' id='line_1_50' title="bbox 936 283 1719 322; baseline 0.009 -12"><span class='ocrx_word' id='word_1_371' title='bbox 936 291 997 311; x_wconf 81' lang='lat' dir='ltr'><strong>esse</strong></span> <span class='ocrx_word' id='word_1_372' title='bbox 1025 291 1040 310; x_wconf 92' lang='lat' dir='ltr'><strong>a</strong></span> <span class='ocrx_word' id='word_1_373' title='bbox 1074 283 1154 311; x_wconf 81' lang='lat' dir='ltr'><strong>Patre</strong></span> <span class='ocrx_word' id='word_1_374' title='bbox 1186 285 1369 319; x_wconf 80' lang='lat' dir='ltr'><strong>productum,</strong></span> <span class='ocrx_word' id='word_1_375' title='bbox 1404 287 1565 322; x_wconf 78' lang='lat' dir='ltr'><strong>intelligitur</strong></span> <span class='ocrx_word' id='word_1_376' title='bbox 1594 297 1628 316; x_wconf 85' lang='lat' dir='ltr'><strong>ex</strong></span> <span class='ocrx_word' id='word_1_377' title='bbox 1659 289 1719 317; x_wconf 89' lang='lat' dir='ltr'><strong>solo</strong></span> 
     </span>
    </p>
   </div>
   <div class='ocr_carea' id='block_1_51' title="bbox 937 327 1718 369">
    <p class='ocr_par' dir='ltr' id='par_1_51' title="bbox 937 327 1718 369">
     <span class='ocr_line' id='line_1_51' title="bbox 937 327 1718 369; baseline 0.009 -14"><span class='ocrx_word' id='word_1_378' title='bbox 937 327 1019 357; x_wconf 84' lang='lat' dir='ltr'><strong>Patre</strong></span> <span class='ocrx_word' id='word_1_379' title='bbox 1046 329 1176 365; x_wconf 92' lang='lat' dir='ltr'><strong>Spiritum</strong></span> <span class='ocrx_word' id='word_1_380' title='bbox 1204 338 1277 362; x_wconf 88' lang='lat' dir='ltr'><strong>esse,</strong></span> <span class='ocrx_word' id='word_1_381' title='bbox 1303 332 1453 359; x_wconf 88' lang='lat' dir='ltr'><strong>secundum</strong></span> <span class='ocrx_word' id='word_1_382' title='bbox 1481 341 1540 361; x_wconf 87' lang='lat' dir='ltr'><strong>eam</strong></span> <span class='ocrx_word' id='word_1_383' title='bbox 1563 342 1624 369; x_wconf 66' lang='lat' dir='ltr'><strong>quae</strong></span> <span class='ocrx_word' id='word_1_384' title='bbox 1654 339 1718 362; x_wconf 88' lang='lat' dir='ltr'><strong>ante</strong></span> 
     </span>
    </p>
   </div>
   <div class='ocr_carea' id='block_1_52' title="bbox 935 375 1719 411">
    <p class='ocr_par' dir='ltr' id='par_1_52' title="bbox 935 375 1719 411">
     <span class='ocr_line' id='line_1_52' title="bbox 935 375 1719 411; baseline 0.005 -8"><span class='ocrx_word' id='word_1_385' title='bbox 935 375 1034 403; x_wconf 61' lang='lat' dir='ltr'><strong>saecula</strong></span> <span class='ocrx_word' id='word_1_386' title='bbox 1050 380 1092 404; x_wconf 85' lang='lat' dir='ltr'><strong>est</strong></span> <span class='ocrx_word' id='word_1_387' title='bbox 1106 377 1311 411; x_wconf 78' lang='lat' dir='ltr'><strong>productionem</strong></span> <span class='ocrx_word' id='word_1_388' title='bbox 1337 386 1343 403; x_wconf 76' lang='grc' dir='ltr'>ε</span> <span class='ocrx_word' id='word_1_389' title='bbox 1369 378 1392 404; x_wconf 89' lang='lat' dir='ltr'><strong>si</strong></span> <span class='ocrx_word' id='word_1_390' title='bbox 1409 378 1484 406; x_wconf 87' lang='lat' dir='ltr'><strong>solus</strong></span> <span class='ocrx_word' id='word_1_391' title='bbox 1509 387 1541 405; x_wconf 91' lang='lat' dir='ltr'><strong>ex</strong></span> <span class='ocrx_word' id='word_1_392' title='bbox 1563 380 1622 407; x_wconf 92' lang='lat' dir='ltr'><strong>solo</strong></span> <span class='ocrx_word' id='word_1_393' title='bbox 1638 379 1719 408; x_wconf 85' lang='lat' dir='ltr'><strong>Patre</strong></span> 
     </span>
    </p>
   </div>
   <div class='ocr_carea' id='block_1_53' title="bbox 935 421 1718 459">
    <p class='ocr_par' dir='ltr' id='par_1_53' title="bbox 935 421 1718 459">
     <span class='ocr_line' id='line_1_53' title="bbox 935 421 1718 459; baseline 0.008 -12"><span class='ocrx_word' id='word_1_394' title='bbox 935 425 977 448; x_wconf 82' lang='lat' dir='ltr'><strong>est</strong></span> <span class='ocrx_word' id='word_1_395' title='bbox 992 421 1086 454; x_wconf 81' lang='lat' dir='ltr'><strong>Filius,</strong></span> <span class='ocrx_word' id='word_1_396' title='bbox 1104 422 1179 449; x_wconf 88' lang='lat' dir='ltr'><strong>solus</strong></span> <span class='ocrx_word' id='word_1_397' title='bbox 1207 430 1239 449; x_wconf 80' lang='lat' dir='ltr'><strong>ex</strong></span> <span class='ocrx_word' id='word_1_398' title='bbox 1258 423 1318 449; x_wconf 90' lang='lat' dir='ltr'><strong>solo</strong></span> <span class='ocrx_word' id='word_1_399' title='bbox 1333 423 1414 450; x_wconf 84' lang='lat' dir='ltr'><strong>Patre</strong></span> <span class='ocrx_word' id='word_1_400' title='bbox 1442 427 1484 451; x_wconf 82' lang='lat' dir='ltr'><strong>est</strong></span> <span class='ocrx_word' id='word_1_401' title='bbox 1513 423 1640 459; x_wconf 74' lang='lat' dir='ltr'><strong>Spiritus‘</strong></span> <span class='ocrx_word' id='word_1_402' title='bbox 1655 433 1718 453; x_wconf 84' lang='lat' dir='ltr'><strong>san-</strong></span> 
     </span>
    </p>
   </div>
   <div class='ocr_carea' id='block_1_54' title="bbox 934 467 1716 506">
    <p class='ocr_par' dir='ltr' id='par_1_54' title="bbox 934 467 1716 506">
     <span class='ocr_line' id='line_1_54' title="bbox 934 467 1716 506; baseline 0.008 -13"><span class='ocrx_word' id='word_1_403' title='bbox 934 470 1005 494; x_wconf 89' lang='lat' dir='ltr'><strong>ctus.</strong></span> <span class='ocrx_word' id='word_1_404' title='bbox 1025 467 1102 500; x_wconf 89' lang='lat' dir='ltr'><strong>Quod</strong></span> <span class='ocrx_word' id='word_1_405' title='bbox 1124 471 1227 502; x_wconf 74' lang='lat' dir='ltr'><strong>spectat</strong></span> <span class='ocrx_word' id='word_1_406' title='bbox 1246 472 1336 495; x_wconf 89' lang='lat' dir='ltr'><strong>autem</strong></span> <span class='ocrx_word' id='word_1_407' title='bbox 1354 470 1499 497; x_wconf 80' lang='lat' dir='ltr'><strong>secundam</strong></span> <span class='ocrx_word' id='word_1_408' title='bbox 1521 471 1716 506; x_wconf 83' lang='lat' dir='ltr'><strong>profusionem,</strong></span> 
     </span>
    </p>
   </div>
   <div class='ocr_carea' id='block_1_55' title="bbox 934 512 1716 551">
    <p class='ocr_par' dir='ltr' id='par_1_55' title="bbox 934 512 1716 551">
     <span class='ocr_line' id='line_1_55' title="bbox 934 512 1716 551; baseline 0.008 -12"><span class='ocrx_word' id='word_1_409' title='bbox 934 513 992 540; x_wconf 86' lang='lat' dir='ltr'><strong>sive</strong></span> <span class='ocrx_word' id='word_1_410' title='bbox 1005 512 1246 548; x_wconf 77' lang='lat' dir='ltr'><strong>dispensationem.</strong></span> <span class='ocrx_word' id='word_1_411' title='bbox 1263 522 1316 548; x_wconf 83' lang='lat' dir='ltr'><strong>qua</strong></span> <span class='ocrx_word' id='word_1_412' title='bbox 1333 514 1414 541; x_wconf 86' lang='lat' dir='ltr'><strong>datur</strong></span> <span class='ocrx_word' id='word_1_413' title='bbox 1434 515 1468 542; x_wconf 86' lang='lat' dir='ltr'><strong>iis</strong></span> <span class='ocrx_word' id='word_1_414' title='bbox 1482 517 1528 550; x_wconf 92' lang='lat' dir='ltr'><strong>qui</strong></span> <span class='ocrx_word' id='word_1_415' title='bbox 1544 516 1617 551; x_wconf 78' lang='lat' dir='ltr'><strong>digni</strong></span> <span class='ocrx_word' id='word_1_416' title='bbox 1633 521 1716 551; x_wconf 87' lang='lat' dir='ltr'><strong>sunt;</strong></span> 
     </span>
    </p>
   </div>
   <div class='ocr_carea' id='block_1_56' title="bbox 933 558 1717 596">
    <p class='ocr_par' dir='ltr' id='par_1_56' title="bbox 933 558 1717 596">
     <span class='ocr_line' id='line_1_56' title="bbox 933 558 1717 596; baseline 0.009 -12"><span class='ocrx_word' id='word_1_417' title='bbox 933 558 1004 585; x_wconf 83' lang='lat' dir='ltr'><strong>sicut</strong></span> <span class='ocrx_word' id='word_1_418' title='bbox 1015 567 1047 586; x_wconf 83' lang='lat' dir='ltr'><strong>ex</strong></span> <span class='ocrx_word' id='word_1_419' title='bbox 1064 559 1143 586; x_wconf 83' lang='lat' dir='ltr'><strong>Patre</strong></span> <span class='ocrx_word' id='word_1_420' title='bbox 1155 563 1197 586; x_wconf 82' lang='lat' dir='ltr'><strong>est</strong></span> <span class='ocrx_word' id='word_1_421' title='bbox 1216 559 1345 594; x_wconf 87' lang='lat' dir='ltr'><strong>Spiritus,</strong></span> <span class='ocrx_word' id='word_1_422' title='bbox 1364 561 1400 588; x_wconf 92' lang='lat' dir='ltr'><strong>ita</strong></span> <span class='ocrx_word' id='word_1_423' title='bbox 1415 566 1441 588; x_wconf 89' lang='lat' dir='ltr'><strong>et</strong></span> <span class='ocrx_word' id='word_1_424' title='bbox 1457 569 1505 596; x_wconf 91' lang='lat' dir='ltr'><strong>per</strong></span> <span class='ocrx_word' id='word_1_425' title='bbox 1521 560 1618 589; x_wconf 88' lang='lat' dir='ltr'><strong>Filium</strong></span> <span class='ocrx_word' id='word_1_426' title='bbox 1639 567 1665 590; x_wconf 73' lang='lat' dir='ltr'><strong>et</strong></span> <span class='ocrx_word' id='word_1_427' title='bbox 1684 572 1717 591; x_wconf 79' lang='lat' dir='ltr'><strong>ex</strong></span> 
     </span>
    </p>
   </div>
   <div class='ocr_carea' id='block_1_57' title="bbox 934 603 1718 642">
    <p class='ocr_par' dir='ltr' id='par_1_57' title="bbox 934 603 1718 642">
     <span class='ocr_line' id='line_1_57' title="bbox 934 603 1718 642; baseline 0.006 -12"><span class='ocrx_word' id='word_1_428' title='bbox 934 604 1012 631; x_wconf 82' lang='lat' dir='ltr'><strong>Filio.</strong></span> <span class='ocrx_word' id='word_1_429' title='bbox 1031 603 1264 637; x_wconf 82' lang='lat' dir='ltr'><strong>Quemadmodum</strong></span> <span class='ocrx_word' id='word_1_430' title='bbox 1287 609 1314 632; x_wconf 89' lang='lat' dir='ltr'><strong>et</strong></span> <span class='ocrx_word' id='word_1_431' title='bbox 1340 610 1504 640; x_wconf 83' lang='lat' dir='ltr'><strong>postremam</strong></span> <span class='ocrx_word' id='word_1_432' title='bbox 1523 606 1583 634; x_wconf 83' lang='lat' dir='ltr'><strong>Filii</strong></span> <span class='ocrx_word' id='word_1_433' title='bbox 1603 616 1718 642; x_wconf 78' lang='lat' dir='ltr'><strong>genera-</strong></span> 
     </span>
    </p>
   </div>
   <div class='ocr_carea' id='block_1_58' title="bbox 933 649 1718 684">
    <p class='ocr_par' dir='ltr' id='par_1_58' title="bbox 933 649 1718 684">
     <span class='ocr_line' id='line_1_58' title="bbox 933 649 1718 684; baseline 0.005 -8"><span class='ocrx_word' id='word_1_434' title='bbox 933 649 1044 680; x_wconf 88' lang='lat' dir='ltr'><strong>tionetn,</strong></span> <span class='ocrx_word' id='word_1_435' title='bbox 1058 649 1118 684; x_wconf 83' lang='lat' dir='ltr'><strong>ejus</strong></span> <span class='ocrx_word' id='word_1_436' title='bbox 1133 650 1238 677; x_wconf 88' lang='lat' dir='ltr'><strong>scilicet</strong></span> <span class='ocrx_word' id='word_1_437' title='bbox 1257 649 1290 677; x_wconf 86' lang='lat' dir='ltr'><strong>ad</strong></span> <span class='ocrx_word' id='word_1_438' title='bbox 1305 658 1356 677; x_wconf 88' lang='lat' dir='ltr'><strong>nos</strong></span> <span class='ocrx_word' id='word_1_439' title='bbox 1370 651 1525 683; x_wconf 75' lang='lat' dir='ltr'><strong>adventum,</strong></span> <span class='ocrx_word' id='word_1_440' title='bbox 1542 659 1594 678; x_wconf 90' lang='lat' dir='ltr'><strong>non</strong></span> <span class='ocrx_word' id='word_1_441' title='bbox 1611 660 1642 679; x_wconf 85' lang='lat' dir='ltr'><strong>ex</strong></span> <span class='ocrx_word' id='word_1_442' title='bbox 1660 653 1718 680; x_wconf 90' lang='lat' dir='ltr'><strong>solo</strong></span> 
     </span>
    </p>
   </div>
   <div class='ocr_carea' id='block_1_59' title="bbox 932 695 1718 731">
    <p class='ocr_par' dir='ltr' id='par_1_59' title="bbox 932 695 1718 731">
     <span class='ocr_line' id='line_1_59' title="bbox 932 695 1718 731; baseline 0.004 -9"><span class='ocrx_word' id='word_1_443' title='bbox 932 703 994 723; x_wconf 80' lang='lat' dir='ltr'><strong>esse</strong></span> <span class='ocrx_word' id='word_1_444' title='bbox 1008 695 1097 727; x_wconf 84' lang='lat' dir='ltr'><strong>Patre,</strong></span> <span class='ocrx_word' id='word_1_445' title='bbox 1115 695 1163 723; x_wconf 90' lang='lat' dir='ltr'><strong>sed</strong></span> <span class='ocrx_word' id='word_1_446' title='bbox 1185 696 1265 722; x_wconf 90' lang='lat' dir='ltr'><strong>etiam</strong></span> <span class='ocrx_word' id='word_1_447' title='bbox 1291 704 1323 723; x_wconf 84' lang='lat' dir='ltr'><strong>ex</strong></span> <span class='ocrx_word' id='word_1_448' title='bbox 1341 696 1443 731; x_wconf 83' lang='lat' dir='ltr'><strong>Spiritu</strong></span> <span class='ocrx_word' id='word_1_449' title='bbox 1467 702 1563 724; x_wconf 86' lang='lat' dir='ltr'><strong>sancto</strong></span> <span class='ocrx_word' id='word_1_450' title='bbox 1578 698 1718 725; x_wconf 85' lang='lat' dir='ltr'><strong>existima-</strong></span> 
     </span>
    </p>
   </div>
   <div class='ocr_carea' id='block_1_60' title="bbox 932 742 1718 780">
    <p class='ocr_par' dir='ltr' id='par_1_60' title="bbox 932 742 1718 780">
     <span class='ocr_line' id='line_1_60' title="bbox 932 742 1718 780; baseline 0.005 -11"><span class='ocrx_word' id='word_1_451' title='bbox 932 750 1004 770; x_wconf 88' lang='lat' dir='ltr'><strong>mus.</strong></span> <span class='ocrx_word' id='word_1_452' title='bbox 1020 742 1140 778; x_wconf 84' lang='lat' dir='ltr'><strong>Ejusque</strong></span> <span class='ocrx_word' id='word_1_453' title='bbox 1157 743 1205 770; x_wconf 87' lang='lat' dir='ltr'><strong>tibi</strong></span> <span class='ocrx_word' id='word_1_454' title='bbox 1221 743 1259 771; x_wconf 85' lang='lat' dir='ltr'><strong>rei</strong></span> <span class='ocrx_word' id='word_1_455' title='bbox 1278 743 1358 771; x_wconf 82' lang='lat' dir='ltr'><strong>ﬁdem</strong></span> <span class='ocrx_word' id='word_1_456' title='bbox 1373 744 1453 772; x_wconf 83' lang='lat' dir='ltr'><strong>l&#39;ariat</strong></span> <span class='ocrx_word' id='word_1_457' title='bbox 1484 745 1606 780; x_wconf 79' lang='lat' dir='ltr'><strong>angelica</strong></span> <span class='ocrx_word' id='word_1_458' title='bbox 1619 754 1671 773; x_wconf 97' lang='lat' dir='ltr'><strong>vox</strong></span> <span class='ocrx_word' id='word_1_459' title='bbox 1684 746 1718 773; x_wconf 85' lang='lat' dir='ltr'><strong>ad</strong></span> 
     </span>
    </p>
   </div>
   <div class='ocr_carea' id='block_1_61' title="bbox 931 787 1717 823">
    <p class='ocr_par' dir='ltr' id='par_1_61' title="bbox 931 787 1717 823">
     <span class='ocr_line' id='line_1_61' title="bbox 931 787 1717 823; baseline 0.004 -8"><span class='ocrx_word' id='word_1_460' title='bbox 931 787 1077 823; x_wconf 84' lang='lat' dir='ltr'><strong>Josephum</strong></span> <span class='ocrx_word' id='word_1_461' title='bbox 1093 790 1180 816; x_wconf 91' lang='lat' dir='ltr'><strong>virum</strong></span> <span class='ocrx_word' id='word_1_462' title='bbox 1203 788 1295 816; x_wconf 64' lang='lat' dir='ltr'><strong>Maria:</strong></span> <span class='ocrx_word' id='word_1_463' title='bbox 1311 789 1380 817; x_wconf 84' lang='lat' dir='ltr'><strong>facta</strong></span> <span class='ocrx_word' id='word_1_464' title='bbox 1397 799 1404 817; x_wconf 87' lang='lat'><strong>:</strong></span> <span class='ocrx_word' id='word_1_465' title='bbox 1424 799 1433 816; x_wconf 82' lang='grc' dir='ltr'><strong>ι</strong></span> <span class='ocrx_word' id='word_1_466' title='bbox 1456 789 1515 817; x_wconf 86' lang='lat' dir='ltr'><strong>Noli</strong></span> <span class='ocrx_word' id='word_1_467' title='bbox 1533 791 1628 818; x_wconf 88' lang='lat' dir='ltr'><strong>timere</strong></span> <span class='ocrx_word' id='word_1_468' title='bbox 1643 792 1717 819; x_wconf 82' lang='lat' dir='ltr'><strong>acci-</strong></span> 
     </span>
    </p>
   </div>
   <div class='ocr_carea' id='block_1_62' title="bbox 932 836 1720 873">
    <p class='ocr_par' dir='ltr' id='par_1_62' title="bbox 932 836 1720 873">
     <span class='ocr_line' id='line_1_62' title="bbox 932 836 1720 873; baseline 0.005 -11"><span class='ocrx_word' id='word_1_469' title='bbox 932 843 995 870; x_wconf 85' lang='lat' dir='ltr'><strong>pere</strong></span> <span class='ocrx_word' id='word_1_470' title='bbox 1010 836 1121 863; x_wconf 86' lang='lat' dir='ltr'><strong>Mariam</strong></span> <span class='ocrx_word' id='word_1_471' title='bbox 1136 837 1278 872; x_wconf 78' lang='lat' dir='ltr'><strong>conjugem</strong></span> <span class='ocrx_word' id='word_1_472' title='bbox 1303 842 1377 864; x_wconf 89' lang='lat' dir='ltr'><strong>tuam</strong></span> <span class='ocrx_word' id='word_1_473' title='bbox 1395 847 1401 864; x_wconf 71' lang='grc' dir='ltr'><strong>ε</strong></span> <span class='ocrx_word' id='word_1_474' title='bbox 1417 838 1489 873; x_wconf 90' lang='lat' dir='ltr'><strong>quod</strong></span> <span class='ocrx_word' id='word_1_475' title='bbox 1502 839 1572 865; x_wconf 92' lang='lat' dir='ltr'><strong>enim</strong></span> <span class='ocrx_word' id='word_1_476' title='bbox 1585 838 1611 865; x_wconf 92' lang='lat' dir='ltr'><strong>in</strong></span> <span class='ocrx_word' id='word_1_477' title='bbox 1626 846 1657 866; x_wconf 87' lang='lat' dir='ltr'><strong>ea</strong></span> <span class='ocrx_word' id='word_1_478' title='bbox 1670 846 1720 866; x_wconf 77' lang='lat' dir='ltr'><strong>na—</strong></span> 
     </span>
    </p>
   </div>
   <div class='ocr_carea' id='block_1_63' title="bbox 898 874 1719 916">
    <p class='ocr_par' dir='ltr' id='par_1_63' title="bbox 898 874 1719 916">
     <span class='ocr_line' id='line_1_63' title="bbox 898 874 1719 916; baseline 0.002 -8"><span class='ocrx_word' id='word_1_479' title='bbox 898 874 917 900; x_wconf 77' lang='grc' dir='ltr'><strong>Β</strong></span> <span class='ocrx_word' id='word_1_480' title='bbox 932 886 986 908; x_wconf 92' lang='lat' dir='ltr'><strong>tum</strong></span> <span class='ocrx_word' id='word_1_481' title='bbox 1000 884 1052 908; x_wconf 89' lang='lat' dir='ltr'><strong>est.</strong></span> <span class='ocrx_word' id='word_1_482' title='bbox 1068 888 1099 908; x_wconf 80' lang='lat' dir='ltr'><strong>ex</strong></span> <span class='ocrx_word' id='word_1_483' title='bbox 1118 880 1221 916; x_wconf 84' lang='lat' dir='ltr'><strong>Spiritu</strong></span> <span class='ocrx_word' id='word_1_484' title='bbox 1234 885 1329 908; x_wconf 92' lang='lat' dir='ltr'><strong>sancto</strong></span> <span class='ocrx_word' id='word_1_485' title='bbox 1344 885 1386 909; x_wconf 87' lang='lat' dir='ltr'><strong>est</strong></span> <span class='ocrx_word' id='word_1_486' title='bbox 1402 882 1433 908; x_wconf 67' lang='grc'><strong>³⁸.</strong></span> <span class='ocrx_word' id='word_1_487' title='bbox 1448 892 1457 906; x_wconf 79' lang='grc' dir='ltr'><strong>ι</strong></span> <span class='ocrx_word' id='word_1_488' title='bbox 1471 882 1548 915; x_wconf 86' lang='lat' dir='ltr'><strong>Quod</strong></span> <span class='ocrx_word' id='word_1_489' title='bbox 1559 883 1582 910; x_wconf 87' lang='lat' dir='ltr'><strong>si</strong></span> <span class='ocrx_word' id='word_1_490' title='bbox 1597 883 1719 911; x_wconf 82' lang='lat' dir='ltr'><strong>ediscere</strong></span> 
     </span>
    </p>
   </div>
   <div class='ocr_carea' id='block_1_64' title="bbox 930 926 1718 961">
    <p class='ocr_par' dir='ltr' id='par_1_64' title="bbox 930 926 1718 961">
     <span class='ocr_line' id='line_1_64' title="bbox 930 926 1718 961; baseline 0.003 -8"><span class='ocrx_word' id='word_1_491' title='bbox 930 926 1024 960; x_wconf 89' lang='lat' dir='ltr'><strong>cupias</strong></span> <span class='ocrx_word' id='word_1_492' title='bbox 1033 927 1139 961; x_wconf 87' lang='lat' dir='ltr'><strong>aliquos</strong></span> <span class='ocrx_word' id='word_1_493' title='bbox 1148 934 1180 953; x_wconf 84' lang='lat' dir='ltr'><strong>ex</strong></span> <span class='ocrx_word' id='word_1_494' title='bbox 1191 927 1296 961; x_wconf 83' lang='lat' dir='ltr'><strong>magnis</strong></span> <span class='ocrx_word' id='word_1_495' title='bbox 1306 927 1375 961; x_wconf 85' lang='lat' dir='ltr'><strong>apud</strong></span> <span class='ocrx_word' id='word_1_496' title='bbox 1387 935 1436 954; x_wconf 90' lang='lat' dir='ltr'><strong>nos</strong></span> <span class='ocrx_word' id='word_1_497' title='bbox 1446 928 1557 960; x_wconf 75' lang='lat' dir='ltr'><strong>sant-tis,</strong></span> <span class='ocrx_word' id='word_1_498' title='bbox 1568 928 1718 956; x_wconf 86' lang='lat' dir='ltr'><strong>alIirmasse</strong></span> 
     </span>
    </p>
   </div>
   <div class='ocr_carea' id='block_1_65' title="bbox 929 971 1717 1008">
    <p class='ocr_par' dir='ltr' id='par_1_65' title="bbox 929 971 1717 1008">
     <span class='ocr_line' id='line_1_65' title="bbox 929 971 1717 1008; baseline 0.003 -9"><span class='ocrx_word' id='word_1_499' title='bbox 929 979 962 999; x_wconf 90' lang='lat' dir='ltr'><strong>ex</strong></span> <span class='ocrx_word' id='word_1_500' title='bbox 977 972 1035 999; x_wconf 90' lang='lat' dir='ltr'><strong>solo</strong></span> <span class='ocrx_word' id='word_1_501' title='bbox 1051 971 1132 999; x_wconf 82' lang='lat' dir='ltr'><strong>Patre</strong></span> <span class='ocrx_word' id='word_1_502' title='bbox 1149 971 1280 1006; x_wconf 86' lang='lat' dir='ltr'><strong>Spiritum</strong></span> <span class='ocrx_word' id='word_1_503' title='bbox 1293 977 1417 1000; x_wconf 89' lang='lat' dir='ltr'><strong>sanctum</strong></span> <span class='ocrx_word' id='word_1_504' title='bbox 1432 973 1589 1007; x_wconf 86' lang='lat' dir='ltr'><strong>procedere,</strong></span> <span class='ocrx_word' id='word_1_505' title='bbox 1601 974 1656 1008; x_wconf 91' lang='lat' dir='ltr'><strong>jam</strong></span> <span class='ocrx_word' id='word_1_506' title='bbox 1667 974 1717 1002; x_wconf 87' lang='lat' dir='ltr'><strong>tibi</strong></span> 
     </span>
    </p>
   </div>
   <div class='ocr_carea' id='block_1_66' title="bbox 929 1017 1716 1052">
    <p class='ocr_par' dir='ltr' id='par_1_66' title="bbox 929 1017 1716 1052">
     <span class='ocr_line' id='line_1_66' title="bbox 929 1017 1716 1052; baseline 0.003 -8"><span class='ocrx_word' id='word_1_507' title='bbox 929 1024 1058 1052; x_wconf 80' lang='lat' dir='ltr'><strong>magnum</strong></span> <span class='ocrx_word' id='word_1_508' title='bbox 1074 1017 1203 1045; x_wconf 60' lang='lat' dir='ltr'><strong>Ecclesiae</strong></span> <span class='ocrx_word' id='word_1_509' title='bbox 1221 1022 1330 1049; x_wconf 71' lang='lat' dir='ltr'><strong>nostrae,</strong></span> <span class='ocrx_word' id='word_1_510' title='bbox 1352 1019 1408 1045; x_wconf 92' lang='lat' dir='ltr'><strong>imo</strong></span> <span class='ocrx_word' id='word_1_511' title='bbox 1423 1019 1508 1045; x_wconf 88' lang='lat' dir='ltr'><strong>totius</strong></span> <span class='ocrx_word' id='word_1_512' title='bbox 1525 1019 1600 1046; x_wconf 88' lang='lat' dir='ltr'><strong>orbis</strong></span> <span class='ocrx_word' id='word_1_513' title='bbox 1618 1019 1716 1052; x_wconf 83' lang='lat' dir='ltr'><strong>solem,</strong></span> 
     </span>
    </p>
   </div>
   <div class='ocr_carea' id='block_1_67' title="bbox 929 1062 1718 1099">
    <p class='ocr_par' dir='ltr' id='par_1_67' title="bbox 929 1062 1718 1099">
     <span class='ocr_line' id='line_1_67' title="bbox 929 1062 1718 1099; baseline 0.003 -10"><span class='ocrx_word' id='word_1_514' title='bbox 929 1062 1060 1098; x_wconf 87' lang='lat' dir='ltr'><strong>Cyrillum</strong></span> <span class='ocrx_word' id='word_1_515' title='bbox 1076 1063 1192 1097; x_wconf 82' lang='lat' dir='ltr'><strong>hujusce</strong></span> <span class='ocrx_word' id='word_1_516' title='bbox 1203 1063 1241 1090; x_wconf 86' lang='lat' dir='ltr'><strong>rei</strong></span> <span class='ocrx_word' id='word_1_517' title='bbox 1257 1064 1350 1098; x_wconf 87' lang='lat' dir='ltr'><strong>accipe</strong></span> <span class='ocrx_word' id='word_1_518' title='bbox 1365 1067 1460 1090; x_wconf 85' lang='lat' dir='ltr'><strong>testem</strong></span> <span class='ocrx_word' id='word_1_519' title='bbox 1478 1073 1485 1090; x_wconf 90' lang='lat'><strong>:</strong></span> <span class='ocrx_word' id='word_1_520' title='bbox 1501 1064 1526 1090; x_wconf 90' lang='lat' dir='ltr'><strong>in</strong></span> <span class='ocrx_word' id='word_1_521' title='bbox 1539 1071 1589 1090; x_wconf 89' lang='lat' dir='ltr'><strong>stto</strong></span> <span class='ocrx_word' id='word_1_522' title='bbox 1600 1070 1718 1099; x_wconf 64' lang='lat' dir='ltr'><strong>namque</strong></span> 
     </span>
    </p>
   </div>
   <div class='ocr_carea' id='block_1_68' title="bbox 930 1106 1714 1142">
    <p class='ocr_par' dir='ltr' id='par_1_68' title="bbox 930 1106 1714 1142">
     <span class='ocr_line' id='line_1_68' title="bbox 930 1106 1714 1142; baseline -0.001 -9"><span class='ocrx_word' id='word_1_523' title='bbox 930 1106 967 1134; x_wconf 84' lang='lat' dir='ltr'><strong>De</strong></span> <span class='ocrx_word' id='word_1_524' title='bbox 984 1106 1113 1134; x_wconf 81' lang='lat' dir='ltr'><strong>Trinitate</strong></span> <span class='ocrx_word' id='word_1_525' title='bbox 1128 1106 1198 1134; x_wconf 83' lang='lat' dir='ltr'><strong>libro</strong></span> <span class='ocrx_word' id='word_1_526' title='bbox 1222 1111 1313 1141; x_wconf 86' lang='lat' dir='ltr'><strong>aperte</strong></span> <span class='ocrx_word' id='word_1_527' title='bbox 1328 1107 1365 1133; x_wconf 88' lang='lat' dir='ltr'><strong>ita</strong></span> <span class='ocrx_word' id='word_1_528' title='bbox 1380 1107 1509 1142; x_wconf 90' lang='lat' dir='ltr'><strong>loquitur.</strong></span> <span class='ocrx_word' id='word_1_529' title='bbox 1526 1106 1714 1140; x_wconf 81' lang='lat' dir='ltr'><strong>Sanctissima,</strong></span> 
     </span>
    </p>
   </div>
   <div class='ocr_carea' id='block_1_69' title="bbox 929 1151 1715 1187">
    <p class='ocr_par' dir='ltr' id='par_1_69' title="bbox 929 1151 1715 1187">
     <span class='ocr_line' id='line_1_69' title="bbox 929 1151 1715 1187; baseline 0.001 -8"><span class='ocrx_word' id='word_1_530' title='bbox 929 1152 1027 1186; x_wconf 84' lang='lat' dir='ltr'><strong>inquit,</strong></span> <span class='ocrx_word' id='word_1_531' title='bbox 1045 1156 1072 1180; x_wconf 87' lang='lat' dir='ltr'><strong>et</strong></span> <span class='ocrx_word' id='word_1_532' title='bbox 1089 1152 1243 1180; x_wconf 88' lang='lat' dir='ltr'><strong>veneranda</strong></span> <span class='ocrx_word' id='word_1_533' title='bbox 1259 1151 1389 1183; x_wconf 85' lang='lat' dir='ltr'><strong>Trinitas,</strong></span> <span class='ocrx_word' id='word_1_534' title='bbox 1405 1160 1466 1187; x_wconf 63' lang='lat' dir='ltr'><strong>qua:</strong></span> <span class='ocrx_word' id='word_1_535' title='bbox 1481 1156 1544 1180; x_wconf 87' lang='lat' dir='ltr'><strong>ante</strong></span> <span class='ocrx_word' id='word_1_536' title='bbox 1557 1153 1647 1179; x_wconf 90' lang='lat' dir='ltr'><strong>omnia</strong></span> <span class='ocrx_word' id='word_1_537' title='bbox 1665 1161 1715 1180; x_wconf 69' lang='lat' dir='ltr'><strong>sa:-</strong></span> 
     </span>
    </p>
   </div>
   <div class='ocr_carea' id='block_1_70' title="bbox 929 1196 1713 1231">
    <p class='ocr_par' dir='ltr' id='par_1_70' title="bbox 929 1196 1713 1231">
     <span class='ocr_line' id='line_1_70' title="bbox 929 1196 1713 1231; baseline 0 -7"><span class='ocrx_word' id='word_1_538' title='bbox 929 1197 990 1224; x_wconf 80' lang='lat' dir='ltr'><strong>Cula</strong></span> <span class='ocrx_word' id='word_1_539' title='bbox 1013 1200 1055 1224; x_wconf 89' lang='lat' dir='ltr'><strong>est</strong></span> <span class='ocrx_word' id='word_1_540' title='bbox 1070 1200 1096 1224; x_wconf 92' lang='lat' dir='ltr'><strong>ct</strong></span> <span class='ocrx_word' id='word_1_541' title='bbox 1111 1205 1217 1231; x_wconf 80' lang='lat' dir='ltr'><strong>semper</strong></span> <span class='ocrx_word' id='word_1_542' title='bbox 1240 1196 1341 1228; x_wconf 81' lang='lat' dir='ltr'><strong>I‘utura,</strong></span> <span class='ocrx_word' id='word_1_543' title='bbox 1359 1196 1518 1231; x_wconf 80' lang='lat' dir='ltr'><strong>incorrupta</strong></span> <span class='ocrx_word' id='word_1_544' title='bbox 1533 1201 1585 1228; x_wconf 90' lang='lat' dir='ltr'><strong>est,</strong></span> <span class='ocrx_word' id='word_1_545' title='bbox 1597 1200 1713 1228; x_wconf 61' lang='lat' dir='ltr'><strong>eterna,</strong></span> 
     </span>
    </p>
   </div>
   <div class='ocr_carea' id='block_1_71' title="bbox 929 1243 1714 1278">
    <p class='ocr_par' dir='ltr' id='par_1_71' title="bbox 929 1243 1714 1278">
     <span class='ocr_line' id='line_1_71' title="bbox 929 1243 1714 1278; baseline 0 -8"><span class='ocrx_word' id='word_1_546' title='bbox 929 1244 1090 1278; x_wconf 81' lang='lat' dir='ltr'><strong>incorporea</strong></span> <span class='ocrx_word' id='word_1_547' title='bbox 1099 1265 1105 1275; x_wconf 86' lang='lat'><strong>,</strong></span> <span class='ocrx_word' id='word_1_548' title='bbox 1135 1243 1421 1278; x_wconf 83' lang='lat' dir='ltr'><strong>incomprehensibilis</strong></span> <span class='ocrx_word' id='word_1_549' title='bbox 1429 1263 1436 1274; x_wconf 89' lang='lat'><strong>,</strong></span> <span class='ocrx_word' id='word_1_550' title='bbox 1462 1243 1698 1278; x_wconf 89' lang='lat' dir='ltr'><strong>incircumscripta</strong></span> <span class='ocrx_word' id='word_1_551' title='bbox 1707 1263 1714 1273; x_wconf 86' lang='lat'><strong><em>.</em></strong></span> 
     </span>
    </p>
   </div>
   <div class='ocr_carea' id='block_1_72' title="bbox 929 1288 1716 1324">
    <p class='ocr_par' dir='ltr' id='par_1_72' title="bbox 929 1288 1716 1324">
     <span class='ocr_line' id='line_1_72' title="bbox 929 1288 1716 1324; baseline -0.004 -7"><span class='ocrx_word' id='word_1_552' title='bbox 929 1290 976 1317; x_wconf 85' lang='lat' dir='ltr'><strong>sed</strong></span> <span class='ocrx_word' id='word_1_553' title='bbox 990 1297 1051 1324; x_wconf 76' lang='lat' dir='ltr'><strong>qua:</strong></span> <span class='ocrx_word' id='word_1_554' title='bbox 1066 1289 1256 1324; x_wconf 84' lang='lat' dir='ltr'><strong>complectitur</strong></span> <span class='ocrx_word' id='word_1_555' title='bbox 1272 1288 1374 1319; x_wconf 84' lang='lat' dir='ltr'><strong>omnia.</strong></span> <span class='ocrx_word' id='word_1_556' title='bbox 1397 1289 1609 1322; x_wconf 90' lang='lat' dir='ltr'><strong>universumque</strong></span> <span class='ocrx_word' id='word_1_557' title='bbox 1629 1289 1716 1315; x_wconf 91' lang='lat' dir='ltr'><strong>conti-</strong></span> 
     </span>
    </p>
   </div>
   <div class='ocr_carea' id='block_1_73' title="bbox 930 1333 1716 1370">
    <p class='ocr_par' dir='ltr' id='par_1_73' title="bbox 930 1333 1716 1370">
     <span class='ocr_line' id='line_1_73' title="bbox 930 1333 1716 1370; baseline -0.003 -8"><span class='ocrx_word' id='word_1_558' title='bbox 930 1340 976 1362; x_wconf 86' lang='lat' dir='ltr'><strong>net</strong></span> <span class='ocrx_word' id='word_1_559' title='bbox 995 1344 1001 1362; x_wconf 88' lang='lat'>:</span> <span class='ocrx_word' id='word_1_560' title='bbox 1016 1335 1098 1366; x_wconf 88' lang='lat' dir='ltr'><strong>bona,</strong></span> <span class='ocrx_word' id='word_1_561' title='bbox 1114 1334 1237 1370; x_wconf 84' lang='lat' dir='ltr'><strong>pr0vida,</strong></span> <span class='ocrx_word' id='word_1_562' title='bbox 1251 1334 1367 1361; x_wconf 75' lang='lat' dir='ltr'><strong>creatrix</strong></span> <span class='ocrx_word' id='word_1_563' title='bbox 1382 1334 1514 1365; x_wconf 87' lang='lat' dir='ltr'><strong>omnium,</strong></span> <span class='ocrx_word' id='word_1_564' title='bbox 1530 1333 1676 1360; x_wconf 78' lang='lat' dir='ltr'><strong>visibilium</strong></span> <span class='ocrx_word' id='word_1_565' title='bbox 1688 1337 1716 1360; x_wconf 87' lang='lat' dir='ltr'><strong>et</strong></span> 
     </span>
    </p>
   </div>
   <div class='ocr_carea' id='block_1_74' title="bbox 929 1379 1713 1414">
    <p class='ocr_par' dir='ltr' id='par_1_74' title="bbox 929 1379 1713 1414">
     <span class='ocr_line' id='line_1_74' title="bbox 929 1379 1713 1414; baseline -0.005 -5"><span class='ocrx_word' id='word_1_566' title='bbox 929 1382 1120 1413; x_wconf 88' lang='lat' dir='ltr'><strong>invisibilium,</strong></span> <span class='ocrx_word' id='word_1_567' title='bbox 1134 1380 1302 1414; x_wconf 85' lang='lat' dir='ltr'><strong>impatibilis,</strong></span> <span class='ocrx_word' id='word_1_568' title='bbox 1328 1379 1514 1412; x_wconf 85' lang='lat' dir='ltr'><strong>immutabilis,</strong></span> <span class='ocrx_word' id='word_1_569' title='bbox 1534 1379 1713 1410; x_wconf 85' lang='lat' dir='ltr'><strong>invariabilis.</strong></span> 
     </span>
    </p>
   </div>
   <div class='ocr_carea' id='block_1_75' title="bbox 930 1427 1714 1461">
    <p class='ocr_par' dir='ltr' id='par_1_75' title="bbox 930 1427 1714 1461">
     <span class='ocr_line' id='line_1_75' title="bbox 930 1427 1714 1461; baseline -0.004 -7"><span class='ocrx_word' id='word_1_570' title='bbox 930 1428 1014 1455; x_wconf 87' lang='lat' dir='ltr'><strong>menti</strong></span> <span class='ocrx_word' id='word_1_571' title='bbox 1030 1427 1170 1454; x_wconf 89' lang='lat' dir='ltr'><strong>hominum</strong></span> <span class='ocrx_word' id='word_1_572' title='bbox 1187 1431 1213 1453; x_wconf 80' lang='lat' dir='ltr'><strong>et</strong></span> <span class='ocrx_word' id='word_1_573' title='bbox 1229 1427 1398 1461; x_wconf 76' lang='lat' dir='ltr'><strong>angelorum,</strong></span> <span class='ocrx_word' id='word_1_574' title='bbox 1428 1429 1580 1459; x_wconf 69' lang='lat' dir='ltr'><strong>creataeque</strong></span> <span class='ocrx_word' id='word_1_575' title='bbox 1607 1429 1714 1452; x_wconf 67' lang='lat' dir='ltr'><strong>naturae</strong></span> 
     </span>
    </p>
   </div>
   <div class='ocr_carea' id='block_1_76' title="bbox 931 1471 1716 1507">
    <p class='ocr_par' dir='ltr' id='par_1_76' title="bbox 931 1471 1716 1507">
     <span class='ocr_line' id='line_1_76' title="bbox 931 1471 1716 1507; baseline -0.004 -6"><span class='ocrx_word' id='word_1_576' title='bbox 931 1472 1224 1507; x_wconf 85' lang='lat' dir='ltr'><strong>incomprehensibilis,</strong></span> <span class='ocrx_word' id='word_1_577' title='bbox 1247 1472 1275 1498; x_wconf 91' lang='lat' dir='ltr'><strong>in</strong></span> <span class='ocrx_word' id='word_1_578' title='bbox 1292 1471 1380 1506; x_wconf 86' lang='lat' dir='ltr'><strong>seipsa</strong></span> <span class='ocrx_word' id='word_1_579' title='bbox 1396 1471 1649 1502; x_wconf 85' lang='lat' dir='ltr'><strong>consubstantialis,</strong></span> <span class='ocrx_word' id='word_1_580' title='bbox 1673 1471 1716 1498; x_wconf 91' lang='lat' dir='ltr'><strong>in-</strong></span> 
     </span>
    </p>
   </div>
   <div class='ocr_carea' id='block_1_77' title="bbox 931 1516 1715 1546">
    <p class='ocr_par' dir='ltr' id='par_1_77' title="bbox 931 1516 1715 1546">
     <span class='ocr_line' id='line_1_77' title="bbox 931 1516 1715 1546; baseline -0.004 -1"><span class='ocrx_word' id='word_1_581' title='bbox 931 1518 1169 1546; x_wconf 79' lang='lat' dir='ltr'><strong>communicabilis</strong></span> <span class='ocrx_word' id='word_1_582' title='bbox 1185 1516 1334 1544; x_wconf 85' lang='lat' dir='ltr'><strong>secundum</strong></span> <span class='ocrx_word' id='word_1_583' title='bbox 1350 1516 1531 1544; x_wconf 86' lang='lat' dir='ltr'><strong>substantiam</strong></span> <span class='ocrx_word' id='word_1_584' title='bbox 1546 1516 1619 1543; x_wconf 88' lang='lat' dir='ltr'><strong>omni</strong></span> <span class='ocrx_word' id='word_1_585' title='bbox 1637 1524 1715 1542; x_wconf 90' lang='lat' dir='ltr'><strong>erea-</strong></span> 
     </span>
    </p>
   </div>
   <div class='ocr_carea' id='block_1_78' title="bbox 930 1561 1711 1598">
    <p class='ocr_par' dir='ltr' id='par_1_78' title="bbox 930 1561 1711 1598">
     <span class='ocr_line' id='line_1_78' title="bbox 930 1561 1711 1598; baseline -0.003 -7"><span class='ocrx_word' id='word_1_586' title='bbox 930 1567 1016 1591; x_wconf 69' lang='lat' dir='ltr'><strong>tnrte:</strong></span> <span class='ocrx_word' id='word_1_587' title='bbox 1033 1571 1117 1598; x_wconf 66' lang='lat' dir='ltr'><strong>quina</strong></span> <span class='ocrx_word' id='word_1_588' title='bbox 1134 1563 1223 1596; x_wconf 86' lang='lat' dir='ltr'><strong>seipsa</strong></span> <span class='ocrx_word' id='word_1_589' title='bbox 1240 1563 1327 1590; x_wconf 87' lang='lat' dir='ltr'><strong>solum</strong></span> <span class='ocrx_word' id='word_1_590' title='bbox 1352 1562 1537 1597; x_wconf 74' lang='lat' dir='ltr'><strong>cognoscitur,</strong></span> <span class='ocrx_word' id='word_1_591' title='bbox 1561 1565 1588 1588; x_wconf 87' lang='lat' dir='ltr'><strong>et</strong></span> <span class='ocrx_word' id='word_1_592' title='bbox 1603 1569 1618 1588; x_wconf 91' lang='lat' dir='ltr'><strong>a</strong></span> <span class='ocrx_word' id='word_1_593' title='bbox 1635 1561 1711 1589; x_wconf 88' lang='lat' dir='ltr'><strong>nulla</strong></span> 
     </span>
    </p>
   </div>
   <div class='ocr_carea' id='block_1_79' title="bbox 926 1606 1713 1644">
    <p class='ocr_par' dir='ltr' id='par_1_79' title="bbox 926 1606 1713 1644">
     <span class='ocr_line' id='line_1_79' title="bbox 926 1606 1713 1644; baseline -0.005 -8"><span class='ocrx_word' id='word_1_594' title='bbox 926 1614 1026 1636; x_wconf 81' lang='lat' dir='ltr'><strong>natura</strong></span> <span class='ocrx_word' id='word_1_595' title='bbox 1037 1617 1097 1644; x_wconf 73' lang='lat' dir='ltr'><strong>qua:</strong></span> <span class='ocrx_word' id='word_1_596' title='bbox 1111 1611 1138 1636; x_wconf 89' lang='lat' dir='ltr'><strong>In</strong></span> <span class='ocrx_word' id='word_1_597' title='bbox 1156 1609 1208 1636; x_wconf 89' lang='lat' dir='ltr'><strong>hoc</strong></span> <span class='ocrx_word' id='word_1_598' title='bbox 1226 1608 1327 1635; x_wconf 90' lang='lat' dir='ltr'><strong>mundo</strong></span> <span class='ocrx_word' id='word_1_599' title='bbox 1343 1607 1384 1634; x_wconf 91' lang='lat' dir='ltr'><strong>vel</strong></span> <span class='ocrx_word' id='word_1_600' title='bbox 1401 1614 1481 1642; x_wconf 80' lang='lat' dir='ltr'><strong>supra</strong></span> <span class='ocrx_word' id='word_1_601' title='bbox 1494 1607 1566 1633; x_wconf 90' lang='lat' dir='ltr'><strong>hunc</strong></span> <span class='ocrx_word' id='word_1_602' title='bbox 1582 1606 1713 1633; x_wconf 90' lang='lat' dir='ltr'><strong>mundum</strong></span> 
     </span>
    </p>
   </div>
   <div class='ocr_carea' id='block_1_80' title="bbox 928 1652 1711 1690">
    <p class='ocr_par' dir='ltr' id='par_1_80' title="bbox 928 1652 1711 1690">
     <span class='ocr_line' id='line_1_80' title="bbox 928 1652 1711 1690; baseline -0.004 -7"><span class='ocrx_word' id='word_1_603' title='bbox 928 1656 1025 1683; x_wconf 84' lang='lat' dir='ltr'><strong>fuerit:</strong></span> <span class='ocrx_word' id='word_1_604' title='bbox 1045 1655 1136 1682; x_wconf 87' lang='lat' dir='ltr'><strong>ttnitas</strong></span> <span class='ocrx_word' id='word_1_605' title='bbox 1152 1656 1178 1682; x_wconf 93' lang='lat' dir='ltr'><strong>in</strong></span> <span class='ocrx_word' id='word_1_606' title='bbox 1191 1655 1278 1682; x_wconf 90' lang='lat' dir='ltr'><strong>tribus</strong></span> <span class='ocrx_word' id='word_1_607' title='bbox 1292 1653 1495 1690; x_wconf 80' lang='lat' dir='ltr'><strong>hypostasibus.</strong></span> <span class='ocrx_word' id='word_1_608' title='bbox 1513 1660 1561 1679; x_wconf 88' lang='lat' dir='ltr'><strong>seu</strong></span> <span class='ocrx_word' id='word_1_609' title='bbox 1575 1652 1711 1687; x_wconf 85' lang='lat' dir='ltr'><strong>personis,</strong></span> 
     </span>
    </p>
   </div>
   <div class='ocr_carea' id='block_1_81' title="bbox 927 1698 1710 1731">
    <p class='ocr_par' dir='ltr' id='par_1_81' title="bbox 927 1698 1710 1731">
     <span class='ocr_line' id='line_1_81' title="bbox 927 1698 1710 1731; baseline -0.004 -4"><span class='ocrx_word' id='word_1_610' title='bbox 927 1705 953 1728; x_wconf 86' lang='lat' dir='ltr'><strong>et</strong></span> <span class='ocrx_word' id='word_1_611' title='bbox 974 1700 1082 1727; x_wconf 88' lang='lat' dir='ltr'><strong>trinitas</strong></span> <span class='ocrx_word' id='word_1_612' title='bbox 1100 1700 1127 1727; x_wconf 89' lang='lat' dir='ltr'><strong>in</strong></span> <span class='ocrx_word' id='word_1_613' title='bbox 1148 1700 1251 1727; x_wconf 85' lang='lat' dir='ltr'><strong>unitate</strong></span> <span class='ocrx_word' id='word_1_614' title='bbox 1267 1699 1388 1731; x_wconf 87' lang='lat' dir='ltr'><strong>deitatis,</strong></span> <span class='ocrx_word' id='word_1_615' title='bbox 1403 1699 1459 1726; x_wconf 87' lang='lat' dir='ltr'><strong>sive</strong></span> <span class='ocrx_word' id='word_1_616' title='bbox 1481 1698 1562 1725; x_wconf 89' lang='lat' dir='ltr'><strong>unius</strong></span> <span class='ocrx_word' id='word_1_617' title='bbox 1579 1698 1710 1725; x_wconf 85' lang='lat' dir='ltr'><strong>substan-</strong></span> 
     </span>
    </p>
   </div>
   <div class='ocr_carea' id='block_1_82' title="bbox 926 1743 1709 1780">
    <p class='ocr_par' dir='ltr' id='par_1_82' title="bbox 926 1743 1709 1780">
     <span class='ocr_line' id='line_1_82' title="bbox 926 1743 1709 1780; baseline -0.005 -7"><span class='ocrx_word' id='word_1_618' title='bbox 926 1746 971 1773; x_wconf 67' lang='lat' dir='ltr'><strong>tiae</strong></span> <span class='ocrx_word' id='word_1_619' title='bbox 986 1745 1106 1780; x_wconf 80' lang='lat' dir='ltr'><strong>cognita.</strong></span> <span class='ocrx_word' id='word_1_620' title='bbox 1127 1744 1214 1779; x_wconf 88' lang='lat' dir='ltr'><strong>llujus</strong></span> <span class='ocrx_word' id='word_1_621' title='bbox 1234 1748 1335 1771; x_wconf 70' lang='lat' dir='ltr'><strong>sanctae</strong></span> <span class='ocrx_word' id='word_1_622' title='bbox 1357 1747 1383 1771; x_wconf 84' lang='lat' dir='ltr'><strong>et</strong></span> <span class='ocrx_word' id='word_1_623' title='bbox 1408 1743 1568 1771; x_wconf 72' lang='lat' dir='ltr'><strong>veneranda:</strong></span> <span class='ocrx_word' id='word_1_624' title='bbox 1583 1743 1709 1774; x_wconf 84' lang='lat' dir='ltr'><strong>unitatis,</strong></span> 
     </span>
    </p>
   </div>
   <div class='ocr_carea' id='block_1_83' title="bbox 927 1792 1713 1827">
    <p class='ocr_par' dir='ltr' id='par_1_83' title="bbox 927 1792 1713 1827">
     <span class='ocr_line' id='line_1_83' title="bbox 927 1792 1713 1827; baseline -0.004 -9"><span class='ocrx_word' id='word_1_625' title='bbox 927 1792 1071 1819; x_wconf 73' lang='lat' dir='ltr'><strong>adorandae</strong></span> <span class='ocrx_word' id='word_1_626' title='bbox 1086 1796 1141 1819; x_wconf 90' lang='lat' dir='ltr'><strong>tres</strong></span> <span class='ocrx_word' id='word_1_627' title='bbox 1161 1792 1322 1827; x_wconf 78' lang='lat' dir='ltr'><strong>hypostases</strong></span> <span class='ocrx_word' id='word_1_628' title='bbox 1339 1793 1543 1825; x_wconf 76' lang='lat' dir='ltr'><strong>cognoscuntur</strong></span> <span class='ocrx_word' id='word_1_629' title='bbox 1561 1794 1641 1824; x_wconf 87' lang='lat' dir='ltr'><strong>atque</strong></span> <span class='ocrx_word' id='word_1_630' title='bbox 1653 1797 1713 1816; x_wconf 85' lang='lat' dir='ltr'><strong>cre-</strong></span> 
     </span>
    </p>
   </div>
   <div class='ocr_carea' id='block_1_84' title="bbox 926 1835 1713 1872">
    <p class='ocr_par' dir='ltr' id='par_1_84' title="bbox 926 1835 1713 1872">
     <span class='ocr_line' id='line_1_84' title="bbox 926 1835 1713 1872; baseline -0.006 -7"><span class='ocrx_word' id='word_1_631' title='bbox 926 1838 1027 1866; x_wconf 91' lang='lat' dir='ltr'><strong>duntur</strong></span> <span class='ocrx_word' id='word_1_632' title='bbox 1041 1847 1047 1865; x_wconf 90' lang='lat'><strong>:</strong></span> <span class='ocrx_word' id='word_1_633' title='bbox 1060 1837 1087 1864; x_wconf 91' lang='lat' dir='ltr'><strong>in</strong></span> <span class='ocrx_word' id='word_1_634' title='bbox 1101 1836 1181 1864; x_wconf 87' lang='lat' dir='ltr'><strong>Patre</strong></span> <span class='ocrx_word' id='word_1_635' title='bbox 1196 1838 1241 1872; x_wconf 89' lang='lat' dir='ltr'><strong>qui</strong></span> <span class='ocrx_word' id='word_1_636' title='bbox 1254 1840 1296 1864; x_wconf 89' lang='lat' dir='ltr'><strong>est</strong></span> <span class='ocrx_word' id='word_1_637' title='bbox 1309 1837 1366 1864; x_wconf 87' lang='lat' dir='ltr'><strong>sine</strong></span> <span class='ocrx_word' id='word_1_638' title='bbox 1381 1835 1524 1870; x_wconf 89' lang='lat' dir='ltr'><strong>principio,</strong></span> <span class='ocrx_word' id='word_1_639' title='bbox 1542 1835 1601 1863; x_wconf 86' lang='lat' dir='ltr'><strong>sine</strong></span> <span class='ocrx_word' id='word_1_640' title='bbox 1617 1841 1713 1868; x_wconf 76' lang='lat' dir='ltr'><strong>causa,</strong></span> 
     </span>
    </p>
   </div>
   <div class='ocr_carea' id='block_1_85' title="bbox 927 1880 1713 1918">
    <p class='ocr_par' dir='ltr' id='par_1_85' title="bbox 927 1880 1713 1918">
     <span class='ocr_line' id='line_1_85' title="bbox 927 1880 1713 1918; baseline -0.006 -7"><span class='ocrx_word' id='word_1_641' title='bbox 927 1883 1073 1918; x_wconf 76' lang='lat' dir='ltr'><strong>ingenitus,</strong></span> <span class='ocrx_word' id='word_1_642' title='bbox 1090 1883 1270 1917; x_wconf 81' lang='lat' dir='ltr'><strong>sempiternus</strong></span> <span class='ocrx_word' id='word_1_643' title='bbox 1288 1891 1295 1909; x_wconf 87' lang='lat'>:</span> <span class='ocrx_word' id='word_1_644' title='bbox 1309 1882 1334 1908; x_wconf 93' lang='lat' dir='ltr'><strong>in</strong></span> <span class='ocrx_word' id='word_1_645' title='bbox 1350 1880 1418 1908; x_wconf 81' lang='lat' dir='ltr'><strong>Filio</strong></span> <span class='ocrx_word' id='word_1_646' title='bbox 1432 1881 1569 1916; x_wconf 74' lang='lat' dir='ltr'><strong>unigenito</strong></span> <span class='ocrx_word' id='word_1_647' title='bbox 1581 1889 1588 1913; x_wconf 88' lang='lat'><strong>;</strong></span> <span class='ocrx_word' id='word_1_648' title='bbox 1601 1880 1713 1907; x_wconf 72' lang='lat' dir='ltr'><strong>internar-</strong></span> 
     </span>
    </p>
   </div>
   <div class='ocr_carea' id='block_1_86' title="bbox 925 1925 1712 1962">
    <p class='ocr_par' dir='ltr' id='par_1_86' title="bbox 925 1925 1712 1962">
     <span class='ocr_line' id='line_1_86' title="bbox 925 1925 1712 1962; baseline -0.005 -7"><span class='ocrx_word' id='word_1_649' title='bbox 925 1928 1059 1959; x_wconf 86' lang='lat' dir='ltr'><strong>rabiliter,</strong></span> <span class='ocrx_word' id='word_1_650' title='bbox 1081 1927 1293 1962; x_wconf 85' lang='lat' dir='ltr'><strong>impassibiliter,</strong></span> <span class='ocrx_word' id='word_1_651' title='bbox 1307 1925 1479 1952; x_wconf 83' lang='lat' dir='ltr'><strong>ineﬂabiliter</strong></span> <span class='ocrx_word' id='word_1_652' title='bbox 1496 1930 1559 1952; x_wconf 89' lang='lat' dir='ltr'><strong>nato</strong></span> <span class='ocrx_word' id='word_1_653' title='bbox 1574 1930 1636 1952; x_wconf 87' lang='lat' dir='ltr'><strong>ante</strong></span> <span class='ocrx_word' id='word_1_654' title='bbox 1653 1932 1712 1951; x_wconf 92' lang='lat' dir='ltr'><strong>om-</strong></span> 
     </span>
    </p>
   </div>
   <div class='ocr_carea' id='block_1_87' title="bbox 926 1969 1712 2007">
    <p class='ocr_par' dir='ltr' id='par_1_87' title="bbox 926 1969 1712 2007">
     <span class='ocr_line' id='line_1_87' title="bbox 926 1969 1712 2007; baseline -0.004 -7"><span class='ocrx_word' id='word_1_655' title='bbox 926 1973 971 2000; x_wconf 82' lang='lat' dir='ltr'><strong>nia</strong></span> <span class='ocrx_word' id='word_1_656' title='bbox 998 1973 1109 2005; x_wconf 67' lang='lat' dir='ltr'><strong>saecula,</strong></span> <span class='ocrx_word' id='word_1_657' title='bbox 1134 1980 1166 2000; x_wconf 81' lang='lat' dir='ltr'><strong>ex</strong></span> <span class='ocrx_word' id='word_1_658' title='bbox 1181 1973 1240 2007; x_wconf 87' lang='lat' dir='ltr'><strong>ipsa</strong></span> <span class='ocrx_word' id='word_1_659' title='bbox 1257 1971 1345 2000; x_wconf 87' lang='lat' dir='ltr'><strong>Patris</strong></span> <span class='ocrx_word' id='word_1_660' title='bbox 1363 1971 1528 2002; x_wconf 88' lang='lat' dir='ltr'><strong>substantia,</strong></span> <span class='ocrx_word' id='word_1_661' title='bbox 1552 1975 1634 2005; x_wconf 87' lang='lat' dir='ltr'><strong>atque</strong></span> <span class='ocrx_word' id='word_1_662' title='bbox 1650 1969 1712 1997; x_wconf 80' lang='lat' dir='ltr'><strong>ideo</strong></span> 
     </span>
    </p>
   </div>
   <div class='ocr_carea' id='block_1_88' title="bbox 925 2015 1709 2053">
    <p class='ocr_par' dir='ltr' id='par_1_88' title="bbox 925 2015 1709 2053">
     <span class='ocr_line' id='line_1_88' title="bbox 925 2015 1709 2053; baseline -0.006 -7"><span class='ocrx_word' id='word_1_663' title='bbox 925 2018 1154 2046; x_wconf 84' lang='lat' dir='ltr'><strong>consubstantiali</strong></span> <span class='ocrx_word' id='word_1_664' title='bbox 1165 2021 1192 2045; x_wconf 78' lang='lat' dir='ltr'><strong>et</strong></span> <span class='ocrx_word' id='word_1_665' title='bbox 1208 2018 1304 2053; x_wconf 66' lang='lat' dir='ltr'><strong>aequali</strong></span> <span class='ocrx_word' id='word_1_666' title='bbox 1316 2017 1400 2050; x_wconf 85' lang='lat' dir='ltr'><strong>Patri,</strong></span> <span class='ocrx_word' id='word_1_667' title='bbox 1413 2020 1524 2052; x_wconf 80' lang='lat' dir='ltr'><strong>excepta</strong></span> <span class='ocrx_word' id='word_1_668' title='bbox 1539 2015 1709 2050; x_wconf 83' lang='lat' dir='ltr'><strong>paternitate,</strong></span> 
     </span>
    </p>
   </div>
   <div class='ocr_carea' id='block_1_89' title="bbox 925 2061 1710 2099">
    <p class='ocr_par' dir='ltr' id='par_1_89' title="bbox 925 2061 1710 2099">
     <span class='ocr_line' id='line_1_89' title="bbox 925 2061 1710 2099; baseline -0.005 -8"><span class='ocrx_word' id='word_1_669' title='bbox 925 2064 971 2099; x_wconf 87' lang='lat' dir='ltr'><strong>qui</strong></span> <span class='ocrx_word' id='word_1_670' title='bbox 997 2072 1046 2098; x_wconf 90' lang='lat' dir='ltr'><strong>pro</strong></span> <span class='ocrx_word' id='word_1_671' title='bbox 1073 2072 1156 2092; x_wconf 86' lang='lat' dir='ltr'><strong>causa</strong></span> <span class='ocrx_word' id='word_1_672' title='bbox 1183 2063 1291 2091; x_wconf 83' lang='lat' dir='ltr'><strong>Patrem</strong></span> <span class='ocrx_word' id='word_1_673' title='bbox 1321 2063 1412 2095; x_wconf 86' lang='lat' dir='ltr'><strong>habet,</strong></span> <span class='ocrx_word' id='word_1_674' title='bbox 1435 2061 1581 2097; x_wconf 74' lang='lat' dir='ltr'><strong>generandi</strong></span> <span class='ocrx_word' id='word_1_675' title='bbox 1605 2061 1710 2088; x_wconf 86' lang='lat' dir='ltr'><strong>scilicet</strong></span> 
     </span>
    </p>
   </div>
   <div class='ocr_carea' id='block_1_90' title="bbox 925 2108 1706 2145">
    <p class='ocr_par' dir='ltr' id='par_1_90' title="bbox 925 2108 1706 2145">
     <span class='ocr_line' id='line_1_90' title="bbox 925 2108 1706 2145; baseline -0.005 -8"><span class='ocrx_word' id='word_1_676' title='bbox 925 2111 1007 2137; x_wconf 89' lang='lat' dir='ltr'><strong>modo</strong></span> <span class='ocrx_word' id='word_1_677' title='bbox 1020 2120 1027 2137; x_wconf 83' lang='lat'><strong>:</strong></span> <span class='ocrx_word' id='word_1_678' title='bbox 1039 2114 1066 2137; x_wconf 89' lang='lat' dir='ltr'><strong>et</strong></span> <span class='ocrx_word' id='word_1_679' title='bbox 1091 2110 1118 2137; x_wconf 91' lang='lat' dir='ltr'><strong>in</strong></span> <span class='ocrx_word' id='word_1_680' title='bbox 1142 2110 1244 2145; x_wconf 86' lang='lat' dir='ltr'><strong>Spiritu</strong></span> <span class='ocrx_word' id='word_1_681' title='bbox 1259 2115 1355 2137; x_wconf 75' lang='lat' dir='ltr'><strong>sancto</strong></span> <span class='ocrx_word' id='word_1_682' title='bbox 1372 2114 1399 2136; x_wconf 87' lang='lat' dir='ltr'><strong>et</strong></span> <span class='ocrx_word' id='word_1_683' title='bbox 1414 2109 1567 2136; x_wconf 84' lang='lat' dir='ltr'><strong>viviﬁcante</strong></span> <span class='ocrx_word' id='word_1_684' title='bbox 1584 2108 1706 2138; x_wconf 80' lang='lat' dir='ltr'><strong>adorato,</strong></span> 
     </span>
    </p>
   </div>
   <div class='ocr_carea' id='block_1_91' title="bbox 925 2153 1708 2191">
    <p class='ocr_par' dir='ltr' id='par_1_91' title="bbox 925 2153 1708 2191">
     <span class='ocr_line' id='line_1_91' title="bbox 925 2153 1708 2191; baseline -0.004 -9"><span class='ocrx_word' id='word_1_685' title='bbox 925 2155 1087 2191; x_wconf 73' lang='lat' dir='ltr'><strong>procedente</strong></span> <span class='ocrx_word' id='word_1_686' title='bbox 1103 2163 1135 2182; x_wconf 82' lang='lat' dir='ltr'><strong>ex</strong></span> <span class='ocrx_word' id='word_1_687' title='bbox 1159 2155 1248 2186; x_wconf 87' lang='lat' dir='ltr'><strong>Patre,</strong></span> <span class='ocrx_word' id='word_1_688' title='bbox 1273 2155 1297 2182; x_wconf 89' lang='lat' dir='ltr'><strong>id</strong></span> <span class='ocrx_word' id='word_1_689' title='bbox 1321 2159 1413 2183; x_wconf 81' lang='lat' dir='ltr'><strong>estex</strong></span> <span class='ocrx_word' id='word_1_690' title='bbox 1438 2154 1590 2181; x_wconf 84' lang='lat' dir='ltr'><strong>substantia</strong></span> <span class='ocrx_word' id='word_1_691' title='bbox 1607 2153 1708 2186; x_wconf 85' lang='lat' dir='ltr'><strong>Patris,</strong></span> 
     </span>
    </p>
   </div>
   <div class='ocr_carea' id='block_1_92' title="bbox 86 2197 877 2240">
    <p class='ocr_par' dir='ltr' id='par_1_92' title="bbox 86 2197 869 2234">
     <span class='ocr_line' id='line_1_92' title="bbox 86 2197 869 2234; baseline -0.003 -8"><span class='ocrx_word' id='word_1_692' title='bbox 86 2199 177 2234; x_wconf 69' lang='grc' dir='ltr'>ἀρχὴν</span> <span class='ocrx_word' id='word_1_693' title='bbox 193 2198 220 2225; x_wconf 80' lang='grc' dir='ltr'><strong>δὲ</strong></span> <span class='ocrx_word' id='word_1_694' title='bbox 236 2199 282 2225; x_wconf 78' lang='grc' dir='ltr'>καὶ</span> <span class='ocrx_word' id='word_1_695' title='bbox 305 2198 394 2225; x_wconf 90' lang='grc' dir='ltr'>αίτίαν</span> <span class='ocrx_word' id='word_1_696' title='bbox 415 2198 460 2225; x_wconf 69' lang='grc' dir='ltr'>τὸν</span> <span class='ocrx_word' id='word_1_697' title='bbox 485 2199 592 2233; x_wconf 83' lang='grc' dir='ltr'>Πατέρα</span> <span class='ocrx_word' id='word_1_698' title='bbox 619 2197 706 2233; x_wconf 82' lang='grc' dir='ltr'>ἔχοντι</span> <span class='ocrx_word' id='word_1_699' title='bbox 725 2197 869 2232; x_wconf 83' lang='grc' dir='ltr'>γεννητῶς·</span> 
     </span>
    </p>
   </div>
   <div class='ocr_carea' id='block_1_93' title="bbox 929 2197 1709 2240">
    <p class='ocr_par' dir='ltr' id='par_1_93' title="bbox 929 2198 1709 2235">
     <span class='ocr_line' id='line_1_93' title="bbox 929 2198 1709 2235; baseline -0.005 -7"><span class='ocrx_word' id='word_1_700' title='bbox 929 2209 977 2228; x_wconf 88' lang='lat' dir='ltr'><strong>non</strong></span> <span class='ocrx_word' id='word_1_701' title='bbox 994 2201 1177 2234; x_wconf 69' lang='lat' dir='ltr'><strong>generatione,</strong></span> <span class='ocrx_word' id='word_1_702' title='bbox 1189 2200 1415 2235; x_wconf 83' lang='lat' dir='ltr'><strong>quemadmodum</strong></span> <span class='ocrx_word' id='word_1_703' title='bbox 1431 2198 1526 2231; x_wconf 83' lang='lat' dir='ltr'><strong>Filius,</strong></span> <span class='ocrx_word' id='word_1_704' title='bbox 1543 2207 1575 2225; x_wconf 84' lang='lat' dir='ltr'><strong>ne</strong></span> <span class='ocrx_word' id='word_1_705' title='bbox 1589 2198 1643 2224; x_wconf 90' lang='lat' dir='ltr'><strong>duo</strong></span> <span class='ocrx_word' id='word_1_706' title='bbox 1654 2198 1709 2224; x_wconf 84' lang='lat' dir='ltr'><strong>sint</strong></span> 
     </span>
    </p>
   </div>
   <div class='ocr_carea' id='block_1_94' title="bbox 85 2243 870 2280">
    <p class='ocr_par' dir='ltr' id='par_1_94' title="bbox 85 2243 870 2280">
     <span class='ocr_line' id='line_1_94' title="bbox 85 2243 870 2280; baseline -0.003 -9"><span class='ocrx_word' id='word_1_707' title='bbox 85 2245 135 2271; x_wconf 73' lang='grc' dir='ltr'><strong>καὶ</strong></span> <span class='ocrx_word' id='word_1_708' title='bbox 151 2245 180 2271; x_wconf 81' lang='grc' dir='ltr'>ὲν</span> <span class='ocrx_word' id='word_1_709' title='bbox 207 2244 344 2280; x_wconf 74' lang='grc' dir='ltr'>Πνεύματι</span> <span class='ocrx_word' id='word_1_710' title='bbox 375 2244 444 2279; x_wconf 83' lang='grc' dir='ltr'>ἁγίῳ</span> <span class='ocrx_word' id='word_1_711' title='bbox 471 2243 595 2278; x_wconf 80' lang='grc' dir='ltr'>ζωοποιῷ</span> <span class='ocrx_word' id='word_1_712' title='bbox 625 2243 870 2280; x_wconf 80' lang='grc' dir='ltr'>προσκυνουμένῳ,</span> 
     </span>
    </p>
   </div>
   <div class='ocr_carea' id='block_1_95' title="bbox 83 2289 872 2326">
    <p class='ocr_par' dir='ltr' id='par_1_95' title="bbox 83 2289 872 2326">
     <span class='ocr_line' id='line_1_95' title="bbox 83 2289 872 2326; baseline 0 -10"><span class='ocrx_word' id='word_1_713' title='bbox 83 2291 296 2326; x_wconf 77' lang='grc' dir='ltr'>ἐκπορευομένῳ</span> <span class='ocrx_word' id='word_1_714' title='bbox 319 2292 350 2317; x_wconf 79' lang='grc' dir='ltr'>ὲκ</span> <span class='ocrx_word' id='word_1_715' title='bbox 377 2290 422 2316; x_wconf 86' lang='grc' dir='ltr'>τοῦ</span> <span class='ocrx_word' id='word_1_716' title='bbox 449 2290 574 2325; x_wconf 67' lang='grc' dir='ltr'>Πατρός,</span> <span class='ocrx_word' id='word_1_717' title='bbox 600 2290 737 2316; x_wconf 74' lang='grc' dir='ltr'>τουτέστιν</span> <span class='ocrx_word' id='word_1_718' title='bbox 766 2291 798 2316; x_wconf 86' lang='grc' dir='ltr'>ὲκ</span> <span class='ocrx_word' id='word_1_719' title='bbox 822 2289 872 2324; x_wconf 81' lang='grc' dir='ltr'>τῆς</span> 
     </span>
    </p>
   </div>
   <div class='ocr_carea' id='block_1_96' title="bbox 82 2335 869 2371">
    <p class='ocr_par' dir='ltr' id='par_1_96' title="bbox 82 2335 869 2371">
     <span class='ocr_line' id='line_1_96' title="bbox 82 2335 869 2371; baseline -0.003 -8"><span class='ocrx_word' id='word_1_720' title='bbox 82 2337 181 2368; x_wconf 82' lang='grc' dir='ltr'>οὐσίας</span> <span class='ocrx_word' id='word_1_721' title='bbox 196 2336 243 2362; x_wconf 81' lang='grc' dir='ltr'>τοῦ</span> <span class='ocrx_word' id='word_1_722' title='bbox 271 2336 385 2371; x_wconf 80' lang='grc' dir='ltr'>Πατρός.</span> <span class='ocrx_word' id='word_1_723' title='bbox 408 2336 444 2362; x_wconf 77' lang='grc' dir='ltr'><strong>Οὐ</strong></span> <span class='ocrx_word' id='word_1_724' title='bbox 464 2335 600 2370; x_wconf 70' lang='grc' dir='ltr'>γεννητῶς</span> <span class='ocrx_word' id='word_1_725' title='bbox 623 2335 747 2371; x_wconf 77' lang='grc' dir='ltr'>καθάπερ</span> <span class='ocrx_word' id='word_1_726' title='bbox 763 2337 777 2362; x_wconf 85' lang='grc' dir='ltr'>ὁ</span> <span class='ocrx_word' id='word_1_727' title='bbox 797 2336 869 2368; x_wconf 78' lang='grc' dir='ltr'>Υἱὸς,</span> 
     </span>
    </p>
   </div>
   <div class='ocr_carea' id='block_1_97' title="bbox 83 2380 872 2417">
    <p class='ocr_par' dir='ltr' id='par_1_97' title="bbox 83 2380 872 2417">
     <span class='ocr_line' id='line_1_97' title="bbox 83 2380 872 2417; baseline -0.003 -9"><span class='ocrx_word' id='word_1_728' title='bbox 83 2382 129 2408; x_wconf 80' lang='grc' dir='ltr'><strong>ἵνα</strong></span> <span class='ocrx_word' id='word_1_729' title='bbox 142 2382 180 2417; x_wconf 77' lang='grc' dir='ltr'>μὴ</span> <span class='ocrx_word' id='word_1_730' title='bbox 188 2381 234 2408; x_wconf 73' lang='grc' dir='ltr'>δύο</span> <span class='ocrx_word' id='word_1_731' title='bbox 244 2382 302 2407; x_wconf 70' lang='grc' dir='ltr'><strong>Υἱοὶ</strong></span> <span class='ocrx_word' id='word_1_732' title='bbox 309 2382 338 2408; x_wconf 79' lang='grc' dir='ltr'>ἐν</span> <span class='ocrx_word' id='word_1_733' title='bbox 345 2383 377 2416; x_wconf 84' lang='grc' dir='ltr'><strong>τῇ</strong></span> <span class='ocrx_word' id='word_1_734' title='bbox 387 2381 490 2416; x_wconf 78' lang='grc' dir='ltr'>Τριάόι·</span> <span class='ocrx_word' id='word_1_735' title='bbox 508 2380 565 2406; x_wconf 83' lang='grc' dir='ltr'>ἀλλ’</span> <span class='ocrx_word' id='word_1_736' title='bbox 575 2381 794 2416; x_wconf 76' lang='grc' dir='ltr'>ἐκπορευομένῳ,</span> <span class='ocrx_word' id='word_1_737' title='bbox 803 2380 872 2407; x_wconf 83' lang='grc' dir='ltr'>καθ-</span> 
     </span>
    </p>
   </div>
   <div class='ocr_carea' id='block_1_98' title="bbox 83 2426 871 2463">
    <p class='ocr_par' dir='ltr' id='par_1_98' title="bbox 83 2426 871 2463">
     <span class='ocr_line' id='line_1_98' title="bbox 83 2426 871 2463; baseline -0.001 -8"><span class='ocrx_word' id='word_1_738' title='bbox 83 2429 158 2463; x_wconf 81' lang='grc' dir='ltr'>άπερ</span> <span class='ocrx_word' id='word_1_739' title='bbox 171 2429 288 2463; x_wconf 77' lang='grc' dir='ltr'>εἴρηται,</span> <span class='ocrx_word' id='word_1_740' title='bbox 306 2428 336 2454; x_wconf 76' lang='grc' dir='ltr'>ὲκ</span> <span class='ocrx_word' id='word_1_741' title='bbox 353 2428 433 2462; x_wconf 82' lang='grc' dir='ltr'>μόνου</span> <span class='ocrx_word' id='word_1_742' title='bbox 452 2426 498 2453; x_wconf 81' lang='grc' dir='ltr'>τοῦ</span> <span class='ocrx_word' id='word_1_743' title='bbox 522 2426 638 2462; x_wconf 84' lang='grc' dir='ltr'>Πατρὸς,</span> <span class='ocrx_word' id='word_1_744' title='bbox 651 2428 696 2454; x_wconf 78' lang='grc' dir='ltr'>καὶ</span> <span class='ocrx_word' id='word_1_745' title='bbox 707 2427 760 2454; x_wconf 80' lang='grc' dir='ltr'><strong>ἀπὸ</strong></span> <span class='ocrx_word' id='word_1_746' title='bbox 771 2428 871 2463; x_wconf 85' lang='grc' dir='ltr'>στόμα-</span> 
     </span>
    </p>
   </div>
   <div class='ocr_carea' id='block_1_99' title="bbox 80 2473 871 2509">
    <p class='ocr_par' dir='ltr' id='par_1_99' title="bbox 80 2473 871 2509">
     <span class='ocr_line' id='line_1_99' title="bbox 80 2473 871 2509; baseline -0.003 -8"><span class='ocrx_word' id='word_1_747' title='bbox 80 2483 130 2506; x_wconf 86' lang='grc' dir='ltr'><strong>τος</strong></span> <span class='ocrx_word' id='word_1_748' title='bbox 142 2483 148 2489; x_wconf 93' lang='grc'><strong>·</strong></span> <span class='ocrx_word' id='word_1_749' title='bbox 169 2475 299 2509; x_wconf 78' lang='grc' dir='ltr'>πεφηνότι</span> <span class='ocrx_word' id='word_1_750' title='bbox 317 2474 345 2500; x_wconf 85' lang='grc' dir='ltr'><strong>δὲ</strong></span> <span class='ocrx_word' id='word_1_751' title='bbox 374 2474 407 2500; x_wconf 83' lang='grc' dir='ltr'><strong>δι’</strong></span> <span class='ocrx_word' id='word_1_752' title='bbox 424 2473 506 2506; x_wconf 81' lang='grc' dir='ltr'><strong>Υἱοῦ,</strong></span> <span class='ocrx_word' id='word_1_753' title='bbox 528 2473 576 2500; x_wconf 76' lang='grc' dir='ltr'>καὶ</span> <span class='ocrx_word' id='word_1_754' title='bbox 602 2473 748 2508; x_wconf 81' lang='grc' dir='ltr'>λαλήσαντι</span> <span class='ocrx_word' id='word_1_755' title='bbox 772 2474 800 2500; x_wconf 87' lang='grc' dir='ltr'>ὲν</span> <span class='ocrx_word' id='word_1_756' title='bbox 814 2475 871 2505; x_wconf 82' lang='grc' dir='ltr'>τοῖς</span> 
     </span>
    </p>
   </div>
   <div class='ocr_carea' id='block_1_100' title="bbox 80 2517 869 2554">
    <p class='ocr_par' dir='ltr' id='par_1_100' title="bbox 80 2517 869 2554">
     <span class='ocr_line' id='line_1_100' title="bbox 80 2517 869 2554; baseline 0 -8"><span class='ocrx_word' id='word_1_757' title='bbox 80 2520 173 2554; x_wconf 82' lang='grc' dir='ltr'>ἁγίοις</span> <span class='ocrx_word' id='word_1_758' title='bbox 195 2520 347 2554; x_wconf 72' lang='grc' dir='ltr'>προφήταις</span> <span class='ocrx_word' id='word_1_759' title='bbox 368 2519 415 2544; x_wconf 80' lang='grc' dir='ltr'>καὶ</span> <span class='ocrx_word' id='word_1_760' title='bbox 442 2518 608 2550; x_wconf 77' lang='grc' dir='ltr'>ἀποστόλοις.</span> <span class='ocrx_word' id='word_1_761' title='bbox 626 2518 714 2553; x_wconf 79' lang='grc' dir='ltr'>Πλὴν,</span> <span class='ocrx_word' id='word_1_762' title='bbox 729 2519 768 2550; x_wconf 80' lang='grc' dir='ltr'>ὡς</span> <span class='ocrx_word' id='word_1_763' title='bbox 783 2517 869 2547; x_wconf 82' lang='grc' dir='ltr'>εἷπον.</span> 
     </span>
    </p>
   </div>
   <div class='ocr_carea' id='block_1_101' title="bbox 925 2245 1709 2281">
    <p class='ocr_par' dir='ltr' id='par_1_101' title="bbox 925 2245 1709 2281">
     <span class='ocr_line' id='line_1_101' title="bbox 925 2245 1709 2281; baseline 0 -9"><span class='ocrx_word' id='word_1_764' title='bbox 925 2246 986 2273; x_wconf 84' lang='lat' dir='ltr'><strong>Filii</strong></span> <span class='ocrx_word' id='word_1_765' title='bbox 1001 2247 1029 2274; x_wconf 91' lang='lat' dir='ltr'><strong>in</strong></span> <span class='ocrx_word' id='word_1_766' title='bbox 1048 2245 1200 2279; x_wconf 86' lang='lat' dir='ltr'><strong>Trinitatc;</strong></span> <span class='ocrx_word' id='word_1_767' title='bbox 1217 2246 1263 2274; x_wconf 88' lang='lat' dir='ltr'><strong>sed</strong></span> <span class='ocrx_word' id='word_1_768' title='bbox 1289 2245 1463 2281; x_wconf 79' lang='lat' dir='ltr'><strong>procedente,</strong></span> <span class='ocrx_word' id='word_1_769' title='bbox 1480 2246 1518 2272; x_wconf 87' lang='lat' dir='ltr'><strong>uti</strong></span> <span class='ocrx_word' id='word_1_770' title='bbox 1536 2245 1638 2271; x_wconf 87' lang='lat' dir='ltr'><strong>dictum</strong></span> <span class='ocrx_word' id='word_1_771' title='bbox 1655 2249 1709 2278; x_wconf 82' lang='lat' dir='ltr'><strong>est,</strong></span> 
     </span>
    </p>
   </div>
   <div class='ocr_carea' id='block_1_102' title="bbox 926 2291 1709 2327">
    <p class='ocr_par' dir='ltr' id='par_1_102' title="bbox 926 2291 1709 2327">
     <span class='ocr_line' id='line_1_102' title="bbox 926 2291 1709 2327; baseline -0.005 -7"><span class='ocrx_word' id='word_1_772' title='bbox 926 2301 958 2320; x_wconf 74' lang='lat' dir='ltr'><strong>ex</strong></span> <span class='ocrx_word' id='word_1_773' title='bbox 975 2293 1034 2321; x_wconf 84' lang='lat' dir='ltr'><strong>solo</strong></span> <span class='ocrx_word' id='word_1_774' title='bbox 1060 2291 1150 2324; x_wconf 81' lang='lat' dir='ltr'><strong>Patre,</strong></span> <span class='ocrx_word' id='word_1_775' title='bbox 1172 2296 1252 2327; x_wconf 86' lang='lat' dir='ltr'><strong>atque</strong></span> <span class='ocrx_word' id='word_1_776' title='bbox 1268 2299 1299 2318; x_wconf 85' lang='lat' dir='ltr'><strong>ex</strong></span> <span class='ocrx_word' id='word_1_777' title='bbox 1315 2299 1373 2318; x_wconf 88' lang='lat' dir='ltr'><strong>ore.</strong></span> <span class='ocrx_word' id='word_1_778' title='bbox 1397 2291 1527 2326; x_wconf 84' lang='lat' dir='ltr'><strong>Apparuit</strong></span> <span class='ocrx_word' id='word_1_779' title='bbox 1554 2294 1643 2317; x_wconf 85' lang='lat' dir='ltr'><strong>autem</strong></span> <span class='ocrx_word' id='word_1_780' title='bbox 1661 2296 1709 2324; x_wconf 81' lang='lat' dir='ltr'><strong>per</strong></span> 
     </span>
    </p>
   </div>
   <div class='ocr_carea' id='block_1_103' title="bbox 925 2338 1710 2373">
    <p class='ocr_par' dir='ltr' id='par_1_103' title="bbox 925 2338 1710 2373">
     <span class='ocr_line' id='line_1_103' title="bbox 925 2338 1710 2373; baseline -0.005 -7"><span class='ocrx_word' id='word_1_781' title='bbox 925 2339 1034 2371; x_wconf 89' lang='lat' dir='ltr'><strong>Filiutn,</strong></span> <span class='ocrx_word' id='word_1_782' title='bbox 1055 2339 1216 2373; x_wconf 87' lang='lat' dir='ltr'><strong>loculusque</strong></span> <span class='ocrx_word' id='word_1_783' title='bbox 1234 2342 1276 2366; x_wconf 85' lang='lat' dir='ltr'><strong>est</strong></span> <span class='ocrx_word' id='word_1_784' title='bbox 1288 2338 1314 2364; x_wconf 93' lang='lat' dir='ltr'><strong>in</strong></span> <span class='ocrx_word' id='word_1_785' title='bbox 1332 2339 1435 2365; x_wconf 86' lang='lat' dir='ltr'><strong>sanctis</strong></span> <span class='ocrx_word' id='word_1_786' title='bbox 1453 2338 1590 2372; x_wconf 85' lang='lat' dir='ltr'><strong>prophetis</strong></span> <span class='ocrx_word' id='word_1_787' title='bbox 1605 2340 1632 2363; x_wconf 89' lang='lat' dir='ltr'><strong>et</strong></span> <span class='ocrx_word' id='word_1_788' title='bbox 1644 2343 1710 2371; x_wconf 86' lang='lat' dir='ltr'><strong>apo—</strong></span> 
     </span>
    </p>
   </div>
   <div class='ocr_carea' id='block_1_104' title="bbox 926 2382 1708 2418">
    <p class='ocr_par' dir='ltr' id='par_1_104' title="bbox 926 2382 1708 2418">
     <span class='ocr_line' id='line_1_104' title="bbox 926 2382 1708 2418; baseline -0.005 -6"><span class='ocrx_word' id='word_1_789' title='bbox 926 2386 1013 2412; x_wconf 86' lang='lat' dir='ltr'><strong>stolis.</strong></span> <span class='ocrx_word' id='word_1_790' title='bbox 1034 2385 1180 2414; x_wconf 73' lang='lat' dir='ltr'><strong>Cmtcrum,</strong></span> <span class='ocrx_word' id='word_1_791' title='bbox 1202 2388 1231 2410; x_wconf 88' lang='grc' dir='ltr'><strong>ιιι</strong></span> <span class='ocrx_word' id='word_1_792' title='bbox 1258 2383 1326 2415; x_wconf 76' lang='lat' dir='ltr'><strong>dixi,</strong></span> <span class='ocrx_word' id='word_1_793' title='bbox 1354 2383 1400 2418; x_wconf 89' lang='lat' dir='ltr'><strong>qui</strong></span> <span class='ocrx_word' id='word_1_794' title='bbox 1428 2388 1470 2410; x_wconf 87' lang='lat' dir='ltr'><strong>est</strong></span> <span class='ocrx_word' id='word_1_795' title='bbox 1495 2391 1529 2409; x_wconf 79' lang='lat' dir='ltr'><strong>ex</strong></span> <span class='ocrx_word' id='word_1_796' title='bbox 1553 2382 1708 2410; x_wconf 87' lang='lat' dir='ltr'><strong>substantia</strong></span> 
     </span>
    </p>
   </div>
   <div class='ocr_carea' id='block_1_105' title="bbox 927 2425 1708 2465">
    <p class='ocr_par' dir='ltr' id='par_1_105' title="bbox 927 2425 1708 2465">
     <span class='ocr_line' id='line_1_105' title="bbox 927 2425 1708 2465; baseline -0.006 -8"><span class='ocrx_word' id='word_1_797' title='bbox 927 2431 1014 2465; x_wconf 88' lang='lat' dir='ltr'><strong>ipsius</strong></span> <span class='ocrx_word' id='word_1_798' title='bbox 1029 2429 1118 2456; x_wconf 85' lang='lat' dir='ltr'><strong>Patris</strong></span> <span class='ocrx_word' id='word_1_799' title='bbox 1130 2433 1157 2456; x_wconf 91' lang='lat' dir='ltr'><strong>et</strong></span> <span class='ocrx_word' id='word_1_800' title='bbox 1173 2427 1245 2460; x_wconf 88' lang='lat' dir='ltr'><strong>Filii,</strong></span> <span class='ocrx_word' id='word_1_801' title='bbox 1262 2427 1556 2460; x_wconf 76' lang='lat' dir='ltr'><strong>consubstantialisque</strong></span> <span class='ocrx_word' id='word_1_802' title='bbox 1573 2430 1614 2452; x_wconf 86' lang='lat' dir='ltr'><strong>est</strong></span> <span class='ocrx_word' id='word_1_803' title='bbox 1634 2425 1708 2452; x_wconf 83' lang='lat' dir='ltr'><strong>l&#39;atri</strong></span> 
     </span>
    </p>
   </div>
   <div class='ocr_carea' id='block_1_106' title="bbox 923 2471 1709 2502">
    <p class='ocr_par' dir='ltr' id='par_1_106' title="bbox 923 2471 1709 2502">
     <span class='ocr_line' id='line_1_106' title="bbox 923 2471 1709 2502; baseline -0.005 0"><span class='ocrx_word' id='word_1_804' title='bbox 923 2480 949 2502; x_wconf 77' lang='lat' dir='ltr'><strong>et</strong></span> <span class='ocrx_word' id='word_1_805' title='bbox 965 2475 1044 2502; x_wconf 84' lang='lat' dir='ltr'><strong>Filio.</strong></span> <span class='ocrx_word' id='word_1_806' title='bbox 1056 2474 1322 2501; x_wconf 86' lang='lat' dir='ltr'><strong>luc0mmunicabilis</strong></span> <span class='ocrx_word' id='word_1_807' title='bbox 1338 2477 1427 2500; x_wconf 78' lang='lat' dir='ltr'><strong>autem</strong></span> <span class='ocrx_word' id='word_1_808' title='bbox 1438 2477 1491 2502; x_wconf 82' lang='lat' dir='ltr'><strong>est.</strong></span> <span class='ocrx_word' id='word_1_809' title='bbox 1507 2473 1577 2499; x_wconf 85' lang='lat' dir='ltr'><strong>sicut</strong></span> <span class='ocrx_word' id='word_1_810' title='bbox 1589 2471 1669 2498; x_wconf 81' lang='lat' dir='ltr'><strong>Pater</strong></span> <span class='ocrx_word' id='word_1_811' title='bbox 1682 2475 1709 2498; x_wconf 87' lang='lat' dir='ltr'><strong>ct</strong></span> 
     </span>
    </p>
   </div>
   <div class='ocr_carea' id='block_1_107' title="bbox 923 2518 1689 2554">
    <p class='ocr_par' dir='ltr' id='par_1_107' title="bbox 923 2518 1689 2554">
     <span class='ocr_line' id='line_1_107' title="bbox 923 2518 1689 2554; baseline -0.003 -8"><span class='ocrx_word' id='word_1_812' title='bbox 923 2520 1018 2554; x_wconf 68' lang='lat' dir='ltr'><strong>Elius,</strong></span> <span class='ocrx_word' id='word_1_813' title='bbox 1035 2521 1108 2548; x_wconf 90' lang='lat' dir='ltr'><strong>omni</strong></span> <span class='ocrx_word' id='word_1_814' title='bbox 1124 2524 1267 2553; x_wconf 67' lang='lat' dir='ltr'><strong>creatum,</strong></span> <span class='ocrx_word' id='word_1_815' title='bbox 1280 2520 1358 2554; x_wconf 83' lang='lat' dir='ltr'><strong>juxta</strong></span> <span class='ocrx_word' id='word_1_816' title='bbox 1372 2519 1531 2546; x_wconf 62' lang='lat' dir='ltr'><strong>substantite</strong></span> <span class='ocrx_word' id='word_1_817' title='bbox 1545 2518 1689 2544; x_wconf 88' lang='lat' dir='ltr'><strong>rationem.</strong></span> 
     </span>
    </p>
   </div>
   <div class='ocr_carea' id='block_1_108' title="bbox 81 2561 1710 2601">
    <p class='ocr_par' dir='ltr' id='par_1_108' title="bbox 81 2561 1710 2601">
     <span class='ocr_line' id='line_1_108' title="bbox 81 2561 1710 2601; baseline -0.002 -9"><span class='ocrx_word' id='word_1_818' title='bbox 81 2567 136 2601; x_wconf 74' lang='grc' dir='ltr'>τῆς</span> <span class='ocrx_word' id='word_1_819' title='bbox 168 2565 263 2596; x_wconf 88' lang='grc' dir='ltr'>οὐσίας</span> <span class='ocrx_word' id='word_1_820' title='bbox 278 2564 359 2591; x_wconf 78' lang='grc' dir='ltr'>αὐτοϋ</span> <span class='ocrx_word' id='word_1_821' title='bbox 384 2564 430 2591; x_wconf 82' lang='grc' dir='ltr'>τοῦ</span> <span class='ocrx_word' id='word_1_822' title='bbox 461 2565 568 2601; x_wconf 80' lang='grc' dir='ltr'>Πατρὸς</span> <span class='ocrx_word' id='word_1_823' title='bbox 592 2565 638 2591; x_wconf 72' lang='grc' dir='ltr'>καὶ</span> <span class='ocrx_word' id='word_1_824' title='bbox 658 2564 704 2592; x_wconf 78' lang='grc' dir='ltr'>τοῦ</span> <span class='ocrx_word' id='word_1_825' title='bbox 737 2565 800 2591; x_wconf 84' lang='grc' dir='ltr'><strong>Υἰοῦ</strong></span> <span class='ocrx_word' id='word_1_826' title='bbox 823 2566 986 2601; x_wconf 80' lang='grc' dir='ltr'>ὑπάρχοντι,</span> <span class='ocrx_word' id='word_1_827' title='bbox 1017 2567 1063 2593; x_wconf 75' lang='grc' dir='ltr'>καὶ</span> <span class='ocrx_word' id='word_1_828' title='bbox 1083 2567 1114 2593; x_wconf 76' lang='grc' dir='ltr'>τὸ</span> <span class='ocrx_word' id='word_1_829' title='bbox 1138 2566 1279 2601; x_wconf 79' lang='grc' dir='ltr'>ὁμοούσιον</span> <span class='ocrx_word' id='word_1_830' title='bbox 1311 2566 1397 2600; x_wconf 79' lang='grc' dir='ltr'>ἔχοντι</span> <span class='ocrx_word' id='word_1_831' title='bbox 1423 2565 1491 2600; x_wconf 66' lang='grc' dir='ltr'>πρὸς</span> <span class='ocrx_word' id='word_1_832' title='bbox 1515 2564 1624 2599; x_wconf 81' lang='grc' dir='ltr'>Πατέρα</span> <span class='ocrx_word' id='word_1_833' title='bbox 1660 2561 1710 2589; x_wconf 62' lang='grc' dir='ltr'><strong>καὶ</strong></span> 
     </span>
    </p>
   </div>
   <div class='ocr_carea' id='block_1_109' title="bbox 81 2608 1709 2649">
    <p class='ocr_par' dir='ltr' id='par_1_109' title="bbox 81 2608 1709 2649">
     <span class='ocr_line' id='line_1_109' title="bbox 81 2608 1709 2649; baseline -0.004 -9"><span class='ocrx_word' id='word_1_834' title='bbox 81 2613 159 2640; x_wconf 62' lang='lat' dir='ltr'><strong>nev.</strong></span> <span class='ocrx_word' id='word_1_835' title='bbox 179 2611 372 2646; x_wconf 76' lang='grc' dir='ltr'>Ἀκοινώνητον</span> <span class='ocrx_word' id='word_1_836' title='bbox 385 2611 413 2637; x_wconf 81' lang='grc' dir='ltr'><strong>δὲ</strong></span> <span class='ocrx_word' id='word_1_837' title='bbox 424 2612 471 2638; x_wconf 73' lang='grc' dir='ltr'>καὶ</span> <span class='ocrx_word' id='word_1_838' title='bbox 488 2612 554 2639; x_wconf 84' lang='grc' dir='ltr'>αὐτό</span> <span class='ocrx_word' id='word_1_839' title='bbox 573 2613 659 2645; x_wconf 78' lang='grc' dir='ltr'>ἐστιν,</span> <span class='ocrx_word' id='word_1_840' title='bbox 679 2612 772 2648; x_wconf 78' lang='grc' dir='ltr'>ὥσπερ</span> <span class='ocrx_word' id='word_1_841' title='bbox 786 2613 833 2639; x_wconf 75' lang='grc' dir='ltr'>καὶ</span> <span class='ocrx_word' id='word_1_842' title='bbox 853 2614 868 2639; x_wconf 83' lang='grc' dir='ltr'>ὁ</span> <span class='ocrx_word' id='word_1_843' title='bbox 885 2614 977 2649; x_wconf 82' lang='grc' dir='ltr'>Πατὴρ</span> <span class='ocrx_word' id='word_1_844' title='bbox 1008 2614 1056 2641; x_wconf 73' lang='grc' dir='ltr'>καὶ</span> <span class='ocrx_word' id='word_1_845' title='bbox 1082 2614 1097 2640; x_wconf 83' lang='grc' dir='ltr'>ὁ</span> <span class='ocrx_word' id='word_1_846' title='bbox 1115 2613 1178 2645; x_wconf 81' lang='grc' dir='ltr'>Υἱὸς</span> <span class='ocrx_word' id='word_1_847' title='bbox 1207 2613 1274 2648; x_wconf 81' lang='grc' dir='ltr'>πρὸς</span> <span class='ocrx_word' id='word_1_848' title='bbox 1291 2613 1382 2639; x_wconf 73' lang='grc' dir='ltr'>πᾶσαν</span> <span class='ocrx_word' id='word_1_849' title='bbox 1403 2611 1452 2646; x_wconf 87' lang='grc' dir='ltr'>τὴν</span> <span class='ocrx_word' id='word_1_850' title='bbox 1468 2611 1555 2638; x_wconf 83' lang='grc' dir='ltr'>κτίσιν</span> <span class='ocrx_word' id='word_1_851' title='bbox 1576 2608 1646 2635; x_wconf 81' lang='grc' dir='ltr'>κατὰ</span> <span class='ocrx_word' id='word_1_852' title='bbox 1661 2608 1709 2639; x_wconf 75' lang='grc' dir='ltr'><strong>τὸν</strong></span> 
     </span>
    </p>
   </div>
   <div class='ocr_carea' id='block_1_110' title="bbox 78 2658 336 2694">
    <p class='ocr_par' dir='ltr' id='par_1_110' title="bbox 78 2658 336 2694">
     <span class='ocr_line' id='line_1_110' title="bbox 78 2658 336 2694; baseline -0.004 -8"><span class='ocrx_word' id='word_1_853' title='bbox 78 2660 131 2694; x_wconf 84' lang='grc' dir='ltr'>τῆς</span> <span class='ocrx_word' id='word_1_854' title='bbox 143 2659 237 2690; x_wconf 81' lang='grc' dir='ltr'>οὐσίας</span> <span class='ocrx_word' id='word_1_855' title='bbox 249 2658 336 2691; x_wconf 76' lang='grc' dir='ltr'>λόγον.</span> 
     </span>
    </p>
   </div>
   <div class='ocr_carea' id='block_1_111' title="bbox 116 2705 866 2742">
    <p class='ocr_par' dir='ltr' id='par_1_111' title="bbox 116 2705 866 2742">
     <span class='ocr_line' id='line_1_111' title="bbox 116 2705 866 2742; baseline 0.001 -10"><span class='ocrx_word' id='word_1_856' title='bbox 116 2705 144 2732; x_wconf 76' lang='grc'><strong>2.</strong></span> <span class='ocrx_word' id='word_1_857' title='bbox 163 2706 243 2741; x_wconf 74' lang='grc' dir='ltr'>Ὁρᾷς</span> <span class='ocrx_word' id='word_1_858' title='bbox 259 2706 316 2737; x_wconf 82' lang='grc' dir='ltr'>πῶς</span> <span class='ocrx_word' id='word_1_859' title='bbox 335 2707 367 2732; x_wconf 81' lang='grc' dir='ltr'>ἐκ</span> <span class='ocrx_word' id='word_1_860' title='bbox 383 2706 462 2741; x_wconf 77' lang='grc' dir='ltr'>μόνου</span> <span class='ocrx_word' id='word_1_861' title='bbox 478 2706 524 2732; x_wconf 71' lang='grc' dir='ltr'>τοῦ</span> <span class='ocrx_word' id='word_1_862' title='bbox 545 2707 650 2741; x_wconf 72' lang='grc' dir='ltr'>Πατρὸς</span> <span class='ocrx_word' id='word_1_863' title='bbox 668 2707 699 2733; x_wconf 80' lang='grc' dir='ltr'><strong>τὺ</strong></span> <span class='ocrx_word' id='word_1_864' title='bbox 713 2706 823 2742; x_wconf 71' lang='grc' dir='ltr'>Πνεῦμα</span> <span class='ocrx_word' id='word_1_865' title='bbox 836 2707 866 2733; x_wconf 82' lang='grc' dir='ltr'><strong>τὺ</strong></span> 
     </span>
    </p>
   </div>
   <div class='ocr_carea' id='block_1_112' title="bbox 78 2750 867 2788">
    <p class='ocr_par' dir='ltr' id='par_1_112' title="bbox 78 2750 867 2788">
     <span class='ocr_line' id='line_1_112' title="bbox 78 2750 867 2788; baseline 0.003 -11"><span class='ocrx_word' id='word_1_866' title='bbox 78 2750 161 2785; x_wconf 75' lang='grc' dir='ltr'>ἅγιον</span> <span class='ocrx_word' id='word_1_867' title='bbox 184 2752 254 2778; x_wconf 76' lang='grc' dir='ltr'>κατὰ</span> <span class='ocrx_word' id='word_1_868' title='bbox 266 2751 311 2777; x_wconf 63' lang='grc' dir='ltr'><strong>τόν</strong></span> <span class='ocrx_word' id='word_1_869' title='bbox 336 2752 412 2786; x_wconf 74' lang='grc' dir='ltr'>ἅγιον</span> <span class='ocrx_word' id='word_1_870' title='bbox 431 2752 573 2788; x_wconf 59' lang='grc' dir='ltr'>Κύριῌον,</span> <span class='ocrx_word' id='word_1_871' title='bbox 587 2753 603 2788; x_wconf 80' lang='grc' dir='ltr'>ἦ</span> <span class='ocrx_word' id='word_1_872' title='bbox 621 2753 718 2788; x_wconf 56' lang='grc' dir='ltr'>μᾶὶᾶιον</span> <span class='ocrx_word' id='word_1_873' title='bbox 735 2752 805 2779; x_wconf 79' lang='grc' dir='ltr'>κατὰ</span> <span class='ocrx_word' id='word_1_874' title='bbox 817 2753 867 2779; x_wconf 65' lang='lat' dir='ltr'><strong>tri-</strong></span> 
     </span>
    </p>
   </div>
   <div class='ocr_carea' id='block_1_113' title="bbox 79 2794 865 2831">
    <p class='ocr_par' dir='ltr' id='par_1_113' title="bbox 79 2794 865 2831">
     <span class='ocr_line' id='line_1_113' title="bbox 79 2794 865 2831; baseline 0.005 -11"><span class='ocrx_word' id='word_1_875' title='bbox 79 2802 133 2821; x_wconf 81' lang='grc' dir='ltr'><strong>σαν</strong></span> <span class='ocrx_word' id='word_1_876' title='bbox 148 2794 198 2829; x_wconf 81' lang='grc' dir='ltr'>τὴν</span> <span class='ocrx_word' id='word_1_877' title='bbox 221 2794 297 2821; x_wconf 71' lang='grc' dir='ltr'>θείαν</span> <span class='ocrx_word' id='word_1_878' title='bbox 321 2795 441 2830; x_wconf 61' lang='grc' dir='ltr'>Γραφήν.</span> <span class='ocrx_word' id='word_1_879' title='bbox 469 2797 523 2822; x_wconf 72' lang='grc' dir='ltr'>Καὶ</span> <span class='ocrx_word' id='word_1_880' title='bbox 542 2797 577 2831; x_wconf 83' lang='grc' dir='ltr'>μή</span> <span class='ocrx_word' id='word_1_881' title='bbox 597 2805 641 2831; x_wconf 85' lang='grc' dir='ltr'><strong>μοι</strong></span> <span class='ocrx_word' id='word_1_882' title='bbox 663 2797 692 2823; x_wconf 83' lang='grc' dir='ltr'><strong>τὺ</strong></span> <span class='ocrx_word' id='word_1_883' title='bbox 715 2797 768 2823; x_wconf 84' lang='grc' dir='ltr'>ἀπὸ</span> <span class='ocrx_word' id='word_1_884' title='bbox 791 2796 865 2824; x_wconf 72' lang='grc' dir='ltr'>τοῦδε</span> 
     </span>
    </p>
   </div>
   <div class='ocr_carea' id='block_1_114' title="bbox 120 2871 347 2906">
    <p class='ocr_par' dir='ltr' id='par_1_114' title="bbox 120 2871 347 2906">
     <span class='ocr_line' id='line_1_114' title="bbox 120 2871 347 2906; baseline 0.004 -8"><span class='ocrx_word' id='word_1_885' title='bbox 120 2871 144 2888; x_wconf 70' lang='grc'><strong>¹⁵</strong></span> <span class='ocrx_word' id='word_1_886' title='bbox 160 2871 253 2899; x_wconf 77' lang='lat' dir='ltr'><strong>Matth.</strong></span> <span class='ocrx_word' id='word_1_887' title='bbox 271 2880 291 2906; x_wconf 86' lang='grc' dir='ltr'><strong>ι,</strong></span> <span class='ocrx_word' id='word_1_888' title='bbox 302 2872 347 2899; x_wconf 71' lang='grc'><strong>20.</strong></span> 
     </span>
    </p>
   </div>
   <div class='ocr_carea' id='block_1_115' title="bbox 953 2700 1706 2739">
    <p class='ocr_par' dir='ltr' id='par_1_115' title="bbox 953 2700 1706 2739">
     <span class='ocr_line' id='line_1_115' title="bbox 953 2700 1706 2739; baseline -0.005 -8"><span class='ocrx_word' id='word_1_889' title='bbox 953 2705 981 2731; x_wconf 73' lang='lat'><strong>2.</strong></span> <span class='ocrx_word' id='word_1_890' title='bbox 998 2704 1093 2731; x_wconf 73' lang='lat' dir='ltr'><strong>Viden‘</strong></span> <span class='ocrx_word' id='word_1_891' title='bbox 1109 2703 1182 2739; x_wconf 89' lang='lat' dir='ltr'><strong>quod</strong></span> <span class='ocrx_word' id='word_1_892' title='bbox 1211 2710 1243 2730; x_wconf 87' lang='lat' dir='ltr'><strong>ex</strong></span> <span class='ocrx_word' id='word_1_893' title='bbox 1263 2702 1321 2730; x_wconf 87' lang='lat' dir='ltr'><strong>solo</strong></span> <span class='ocrx_word' id='word_1_894' title='bbox 1345 2701 1426 2729; x_wconf 86' lang='lat' dir='ltr'><strong>Patre</strong></span> <span class='ocrx_word' id='word_1_895' title='bbox 1445 2701 1480 2728; x_wconf 89' lang='lat' dir='ltr'><strong>sit</strong></span> <span class='ocrx_word' id='word_1_896' title='bbox 1504 2700 1622 2736; x_wconf 81' lang='lat' dir='ltr'><strong>Spiritus</strong></span> <span class='ocrx_word' id='word_1_897' title='bbox 1643 2709 1706 2729; x_wconf 87' lang='lat' dir='ltr'><strong>san-</strong></span> 
     </span>
    </p>
   </div>
   <div class='ocr_carea' id='block_1_116' title="bbox 919 2746 1704 2785">
    <p class='ocr_par' dir='ltr' id='par_1_116' title="bbox 919 2746 1704 2785">
     <span class='ocr_line' id='line_1_116' title="bbox 919 2746 1704 2785; baseline -0.006 -7"><span class='ocrx_word' id='word_1_898' title='bbox 919 2755 980 2778; x_wconf 88' lang='lat' dir='ltr'><strong>ctus</strong></span> <span class='ocrx_word' id='word_1_899' title='bbox 1006 2750 1083 2785; x_wconf 81' lang='lat' dir='ltr'><strong>juxta</strong></span> <span class='ocrx_word' id='word_1_900' title='bbox 1108 2753 1232 2776; x_wconf 87' lang='lat' dir='ltr'><strong>sanctum</strong></span> <span class='ocrx_word' id='word_1_901' title='bbox 1261 2749 1411 2784; x_wconf 76' lang='lat' dir='ltr'><strong>Cyrillum;</strong></span> <span class='ocrx_word' id='word_1_902' title='bbox 1438 2747 1493 2774; x_wconf 84' lang='lat' dir='ltr'><strong>into</strong></span> <span class='ocrx_word' id='word_1_903' title='bbox 1519 2746 1596 2781; x_wconf 84' lang='lat' dir='ltr'><strong>juxta</strong></span> <span class='ocrx_word' id='word_1_904' title='bbox 1619 2751 1704 2774; x_wconf 86' lang='lat' dir='ltr'><strong>totam</strong></span> 
     </span>
    </p>
   </div>
   <div class='ocr_carea' id='block_1_117' title="bbox 921 2792 1706 2831">
    <p class='ocr_par' dir='ltr' id='par_1_117' title="bbox 921 2792 1706 2831">
     <span class='ocr_line' id='line_1_117' title="bbox 921 2792 1706 2831; baseline -0.005 -7"><span class='ocrx_word' id='word_1_905' title='bbox 921 2796 1090 2831; x_wconf 80' lang='lat' dir='ltr'><strong>Scripturam</strong></span> <span class='ocrx_word' id='word_1_906' title='bbox 1107 2802 1222 2823; x_wconf 80' lang='lat' dir='ltr'><strong>sacram.</strong></span> <span class='ocrx_word' id='word_1_907' title='bbox 1246 2793 1278 2821; x_wconf 86' lang='lat' dir='ltr'><strong>Et</strong></span> <span class='ocrx_word' id='word_1_908' title='bbox 1295 2802 1330 2822; x_wconf 85' lang='lat' dir='ltr'><strong>ne</strong></span> <span class='ocrx_word' id='word_1_909' title='bbox 1343 2793 1405 2829; x_wconf 90' lang='lat' dir='ltr'><strong>quis</strong></span> <span class='ocrx_word' id='word_1_910' title='bbox 1424 2793 1493 2820; x_wconf 85' lang='lat' dir='ltr'><strong>mihi</strong></span> <span class='ocrx_word' id='word_1_911' title='bbox 1511 2794 1584 2820; x_wconf 89' lang='lat' dir='ltr'><strong>ultra</strong></span> <span class='ocrx_word' id='word_1_912' title='bbox 1607 2792 1706 2829; x_wconf 72' lang='lat' dir='ltr'><strong>frigida</strong></span> 
     </span>
    </p>
   </div>
  </div>
