1940 3068
235 126 287 153 827

781 126 810 154 S.
829 125 1063 154 AI'HANASIUS.
1080 139 1114 144 —
1129 123 1263 152 SPURIA.

1807 120 1863 149 8‘28

235 185 281 212 illa
308 185 428 219 proferat
459 185 551 218 verba,
581 189 629 212 aut
656 186 786 216 voculas.
816 185 889 221 quod
920 185 1011 212 scilice

1077 183 1179 217 λεγέτω
1193 191 1236 215 τις
1249 182 1284 208 τὰ
1295 181 1386 218 ψυχρά
1402 182 1492 208 ἐκεῖνα
1505 181 1624 217 ῥήματα,
1637 180 1653 216 ἢ
1668 178 1807 215 λογιῖδρια,
1819 180 1862 205 ὅτι

234 231 358 264 praeclari
382 231 418 257 illi
445 232 495 258 viri
517 231 683 258 Athanasius
705 237 732 258 et
757 231 888 266 Cyrillus,
913 238 1020 266 unaque

234 275 256 302 G
273 276 380 309 egon-ius
403 276 552 311 Nyssenus,
578 276 724 303 additionis
756 277 782 303 in
813 284 896 304 causa
933 276 1018 303 fuere.

233 322 400 349 Athanasius
426 323 525 356 quippe
557 322 593 349 ita
625 322 662 348 ait
686 331 692 349 :
726 321 845 356 Spiritus
874 330 906 349 ex
930 321 1019 353 Patre,

233 368 327 400 (aiunt
354 368 500 394 adversarii
514 370 521 401 )
537 372 564 394 et
579 375 592 394 a
605 367 703 398 Verbo,
721 367 795 402 quod
811 372 852 395 est
878 376 911 394 ex
939 367 1020 394 Patre

233 414 355 448 procedit
389 413 528 449 Nyssenus
548 418 638 441 antem
662 418 804 448 postquam
826 414 904 446 dixit,
922 413 1020 441 Filium

231 467 293 487 esse
324 461 495 494 peculiariter
522 468 554 487 es
585 461 693 495 primo,
722 460 747 487 id
779 465 821 488 est
860 469 892 488 ex
928 460 1018 492 Patre,

232 506 360 540 deinceps
387 507 424 532 ait
450 515 456 532 :
476 506 595 540 Spiritus
621 514 668 540 per
688 513 750 532 eum
769 507 814 540 qui
833 510 874 533 est
899 507 1020 541 peculia-

231 550 298 577 riter
309 558 341 577 ex
356 551 453 584 primo.
469 549 694 584 Sapientissimus
713 559 777 578 vero
789 550 910 584 Cyrillns
927 555 1020 585 aperte

231 596 310 628 dixit,
330 604 363 624 ex
382 597 524 627 ambobus,
543 596 621 623 Patre
642 604 739 631 nempe
751 601 777 623 et
791 597 869 627 Filio,
888 596 1018 631 Spiritum

231 649 294 669 esse
310 646 447 668 sanctum.
466 640 528 668 Haec
539 646 603 668 sunt
616 646 776 676 argumenta
795 647 938 669 auctorum
955 650 1019 677 por-

230 692 344 714 tentosa:
370 688 444 714 illius
462 691 543 722 atque
566 695 655 722 prava:
682 688 840 715 additionis.
868 688 924 723 Ego
940 696 1016 720 vero,

231 733 345 768 ignarus
367 733 442 764 licet,
457 743 466 758 ι
483 741 590 760 omnem
609 742 720 761 sensum
749 734 890 768 captivans
907 734 933 760 in
951 734 1018 761 obe-

230 779 358 806 dientiam
373 779 486 810 Christi,
502 789 511 804 ι
530 779 579 806 hac
593 780 697 806 ratione
711 781 770 806 loca
785 780 829 806 illa
847 781 961 814 explico.
980 780 1018 808 Ea

230 825 363 852 sententia
381 824 546 851 Athanasius
569 826 618 857 ait,
645 825 774 859 Spiritum
797 833 831 852 ev
850 825 929 852 Patre
944 833 1016 857 esse.

229 875 256 897 et
272 877 286 896 a
300 869 389 897 Verbo
403 870 475 904 quod
488 878 519 897 ex
533 870 612 897 Patre
628 871 759 905 procedit.
778 870 1015 903 Quemadmodum
1032 859 1054 886 Β

229 924 262 943 ex
290 917 348 951 ipso
374 922 508 944 cowterno
538 916 640 944 Patre:
659 917 730 943 sicut
754 921 781 945 et
807 917 924 945 Verbum
954 919 1016 945 mit-

228 962 297 988 titur
311 962 444 997 daturque
462 963 587 990 lidelibus
611 970 626 989 a
653 962 767 998 Spiritu,
793 965 888 992 eadem
910 966 1016 994 ratione

196 1004 199 1009 ’
228 1014 282 1042 qua
304 1007 339 1034 ab
368 1008 426 1042 ipSo
451 1007 539 1035 Patre.
557 1007 753 1036 Testimonium
775 1011 867 1045 accipe
896 1011 930 1038 ab
956 1012 1015 1046 ipso

228 1051 318 1079 Verbo
330 1058 412 1087 alque
428 1052 507 1083 Filio.
525 1054 614 1081 aiente
628 1064 634 1081 :
652 1063 661 1080 ι
678 1054 796 1090 Spiritus
807 1055 912 1083 Domini
934 1065 1016 1092 super

227 1098 306 1133 301
316 1106 367 1129 me.
379 1106 411 1126 eo
423 1099 494 1133 quod
508 1100 615 1126 unxerit
627 1108 679 1128 me.
690 1100 880 1136 Evangelizare
889 1103 1015 1138 pauperi-

227 1143 279 1172 bus
293 1145 368 1171 misit
381 1145 463 1172 tne".
482 1155 490 1170 ι
510 1144 626 1173 Sanctus
641 1154 706 1180 ergo
722 1146 839 1181 Spiritus
855 1147 952 1175 Filium
965 1158 1015 1176 utt-

227 1190 268 1217 xit
283 1194 364 1224 atque
379 1191 472 1223 misit;
495 1191 542 1218 sed
561 1192 643 1218 etiam
660 1192 741 1219 Pater
755 1201 787 1220 ex
808 1194 942 1221 ambolms
968 1195 1014 1222 Fi-

227 1235 266 1262 lio
285 1235 390 1262 scilicet
407 1239 434 1263 et
450 1235 552 1271 Spiritu
569 1237 696 1264 mittitur.
717 1237 775 1271 Qua
801 1239 908 1266 ratione
932 1247 1014 1274 porro

227 1280 255 1307 id
275 1279 332 1313 ﬂat,
351 1280 458 1308 Patren:
475 1282 537 1308 audi
555 1290 602 1316 per
616 1281 712 1309 Isaiam
735 1283 893 1318 prophetam
917 1285 954 1311 ita
973 1285 1012 1312 lo-

227 1330 354 1360 quentem
377 1335 384 1353 τ
406 1326 495 1353 «Audi
515 1334 575 1357 me.
599 1326 682 1354 Jacob
701 1332 726 1355 et
743 1328 836 1361 lsrael,
852 1337 933 1364 quem
963 1338 1012 1365 ego

228 1378 297 1396 voco
316 1379 322 1397 :
342 1370 398 1406 Ego
417 1370 487 1398 Dens
497 1372 610 1406 primus,
627 1376 653 1398 et
664 1380 713 1406 ego
729 1378 788 1407 post
805 1374 860 1401 haec
878 1384 885 1402 :
901 1379 928 1402 et
943 1383 1013 1410 prae-

225 1420 268 1444 ter
287 1425 328 1444 me
349 1425 401 1444 non
420 1423 461 1444 est
478 1417 557 1445 Dens.
580 1418 634 1453 Ego
651 1426 732 1446 manu
750 1427 809 1446 mea
829 1420 940 1448 fundavi
958 1426 1012 1449 ter-

225 1470 296 1493 ram,
315 1468 342 1489 et
360 1461 478 1496 Spiritus
497 1469 574 1490 meus
591 1462 705 1489 ﬁrmavit
726 1464 834 1490 coelum.
858 1464 913 1499 Ego
924 1466 1012 1492 omni-

225 1506 277 1535 bus
312 1507 395 1534 astris
422 1507 538 1542 praecepi
547 1527 555 1534 .

224 1553 306 1580 me“.
324 1561 333 1579 ι
356 1552 436 1579 Pater
455 1553 537 1587 iguur
555 1557 597 1580 est
616 1553 662 1588 qui
683 1554 734 1581 hoc
751 1554 812 1581 loco
829 1555 895 1582 dicit
910 1565 916 1582 :
938 1564 947 1581 ι
963 1555 1012 1583 Mi-

224 1598 260 1626 sit
279 1606 331 1626 me.
345 1608 354 1624 t
367 1598 460 1626 Vidcn'
471 1599 652 1633 mqualitatem
669 1600 751 1626 trium
772 1608 949 1635 personarum
965 1610 1012 1629 ex-

223 1645 384 1672 celsissimae
403 1645 535 1672 deitatis?
562 1645 630 1672 Cum
651 1646 772 1680 Spiritus
791 1651 905 1674 sanctus
929 1649 1012 1675 mitti-

223 1693 268 1717 tur
287 1697 301 1716 a
321 1689 445 1721 duobus,
473 1695 502 1717 ut
525 1690 770 1718 consubstantialis
790 1693 907 1719 mittitur
926 1692 999 1720 Patri

223 1739 306 1770 atque
324 1735 402 1764 Filio.
433 1736 501 1762 Cum
519 1740 609 1763 autem
628 1736 713 1764 Filius
728 1745 760 1764 ex
778 1737 876 1769 Patre.
894 1743 924 1765 ut
946 1747 1011 1766 con—

225 1781 415 1808 substantialis
449 1782 530 1808 etiam
556 1781 681 1816 Spiritui.
713 1782 781 1809 Cum
815 1789 904 1810 autem
931 1783 1011 1811 Pater

222 1835 255 1854 ex
273 1826 341 1854 Filio
359 1832 387 1854 et
406 1827 530 1862 Spiritu,
560 1828 637 1862 quasi
657 1828 911 1856 consubstantialis.
941 1830 1008 1857 Cum

221 1873 290 1900 dixit
310 1874 401 1908 itaque
416 1881 531 1908 magnus
551 1874 729 1908 Athanasius,
747 1875 865 1910 Spiritus
882 1883 914 1903 ex
930 1875 1009 1904 Patre

221 1919 384 1954 procedens.
415 1920 564 1947 declaravit
591 1921 727 1948 undenam
764 1921 883 1956 Spiritus
910 1923 1008 1950 habeat

223 1965 447 1997 sulisistcntiam,
465 1966 572 1993 scilicet
591 1975 623 1993 ex
642 1968 700 1994 solo
717 1967 806 1994 Patre.
827 1967 896 1994 Cum
917 1974 1006 1995 autem

222 2011 260 2037 ait
277 2019 385 2038 rursum
404 2021 410 2038 :
430 2011 469 2038 lta
489 2016 532 2038 est
550 2011 670 2047 Spiritus
685 2021 717 2040 ex
738 2013 836 2047 Patre,
863 2019 891 2042 ut
910 2020 953 2042 est
974 2024 1007 2043 ex

220 2055 289 2083 Filio
303 2056 349 2090 qui
365 2060 407 2083 est
431 2064 464 2084 ex
480 2056 578 2090 Patre;
604 2059 784 2093 aequalitatem
806 2058 894 2087 Patris
920 2066 946 2087 et
961 2060 1006 2088 Fi-

220 2101 249 2129 lii
264 2103 498 2135 counnonstravit,
514 2107 543 2129 ut
560 2103 610 2130 hac
625 2103 651 2130 in
667 2111 695 2130 re
710 2104 889 2131 confunderet
903 2106 1007 2141 impiis-

219 2149 319 2175 simum
342 2148 447 2181 Arium,
472 2149 518 2183 qui
538 2148 636 2175 Filium
664 2153 818 2176 creaturam
846 2158 906 2178 esse
928 2151 1004 2183 dicit,

219 2197 313 2220 etnon
331 2193 413 2220 Deum
431 2204 437 2221 :
458 2195 536 2229 quasi
558 2194 632 2222 hisce
659 2195 734 2221 illum
748 2195 840 2223 verbis
860 2198 1005 2231 compella-

187 2237 191 2242 ’
218 2245 260 2266 ret
277 2249 283 2266 :
303 2239 324 2266 0
345 2240 505 2275 iwpiissime
532 2241 578 2267 Ari
591 2261 598 2273 ,
618 2242 658 2268 sic
679 2241 796 2276 Spiritus
816 2243 861 2277 qni
882 2251 896 2270 a
922 2243 1003 2271 Patre

218 2286 361 2320 procedit,
383 2293 397 2312 a
419 2285 487 2313 Filio
506 2295 587 2322 quem
615 2292 642 2314 tu
664 2288 856 2323 blasphemas.
880 2289 1004 2324 splendet

217 2332 351 2366 daturque
379 2332 523 2364 lidelibus,
555 2333 705 2360 secundum
734 2334 794 2368 ejus
817 2336 1002 2369 operationem

218 2382 300 2412 atque
320 2378 422 2405 donum
434 2399 441 2412 ,
459 2379 688 2414 quemadmodum
706 2382 740 2407 ab
758 2381 817 2415 ipso
836 2382 1003 2416 sempiterno

220 2422 309 2450 l’atre.
326 2424 403 2456 Quod
420 2429 510 2452 autem
525 2425 574 2452 hoc
590 2425 623 2452 ad
638 2425 711 2453 hunc
726 2426 835 2453 tnodum
850 2435 880 2454 se
895 2427 1002 2461 habeat,

215 2469 401 2503 vide,qnaaso.
422 2469 486 2504 quid
511 2470 544 2496 ad
571 2469 747 2505 Serapionem
776 2472 879 2499 scribat
896 2473 1004 2507 episco-

216 2523 279 2550 pum
307 2516 351 2543 illc
366 2515 461 2547 Pater,
476 2516 522 2551 qni
537 2516 572 2544 ab
586 2517 793 2544 immortalitate
808 2525 908 2545 nomen
922 2526 1002 2545 acce-

216 2562 264 2596 pit.
294 2561 393 2589 Eadem
417 2562 490 2590 enim
508 2563 638 2597 loquitur,
658 2563 746 2598 deque
764 2564 859 2591 iisdem
874 2564 997 2598 philoso—

215 2608 314 2642 phatur
330 2608 404 2635 hisce
420 2608 511 2635 verbis
527 2617 534 2635 :
559 2608 793 2641 Quemadmodum
809 2608 894 2637 Filius
910 2611 1003 2644 proles

213 2658 257 2681 est
277 2653 418 2690 unigenita
432 2653 522 2681 Patris
533 2675 540 2687 ,
557 2655 593 2681 ita
608 2660 634 2682 et
647 2654 766 2690 Spiritus
779 2662 795 2682 a
815 2654 884 2683 Filio
908 2655 1000 2688 datus,

252 2741 274 2757 “
293 2740 345 2769 lsa.
365 2750 426 2775 ut,
447 2742 560 2776 1;an.
576 2751 612 2776 tv,
630 2744 672 2772 l8.
713 2745 735 2761 "
749 2745 801 2774 lsa.
818 2753 912 2778 XLVIII,
927 2743 1020 2774 12-16.

255 2831 312 2866 (το)
330 2831 377 2860 llic
393 2832 489 2861 desunt
507 2834 647 2861 nonnulla.

605 1507 637 1534 Et
670 1515 741 1535 nunc
771 1508 903 1538 Dominus
936 1511 1045 1550 misitc

1081 230 1239 261 Ἀθανάσιος
1256 229 1303 256 καὶ
1326 228 1459 264 Κύριλλος
1473 229 1497 255 οἱ
1514 228 1641 263 ἀοίδιμοι,
1658 227 1725 263 πρὸς
1739 226 1767 252 δὲ
1782 225 1830 252 καὶ
1847 227 1864 252 6

1071 275 1219 302 Νυσσαέων
1250 275 1417 310 Γρηγόριος,
1451 275 1501 310 τῆς
1532 274 1688 310 προσθήκης
1717 273 1862 307 γεγόνασιν

1070 322 1160 348 αἴτιοι.
1175 322 1203 347 ’0
1220 321 1268 356 μὲν
1278 321 1331 356 γὰρ
1345 320 1502 352 Ἀθανάσιος
1511 320 1597 352 οὕτως
1611 319 1691 355 φησι·
1705 319 1741 345 Τὸ
1748 318 1863 354 Πνεῦμα

1070 369 1102 394 ὲκ
1119 367 1165 395 τοῦ
1177 367 1281 402 Πατρὸς
1297 367 1321 393 οἰ
1338 367 1473 394 ἀντίθετοι
1493 366 1618 400 λέγουσι,
1646 365 1693 392 καὶ
1714 364 1789 400 παρά
1809 363 1861 390 τοῦ

1069 414 1166 447 Λόγου,
1179 412 1224 439 τοῦ
1236 414 1266 438 ἐκ
1278 413 1392 448 Πατρὺς,
1405 412 1632 448 ἐκπορευόμενον·
1656 413 1670 438 6
1689 411 1716 437 δὲ
1736 410 1859 444 Νῦσα-ης,

1070 458 1153 485 εἰπὼν
1169 458 1214 485 τὸν
1230 459 1292 486 Υἱὸν
1305 457 1373 486 εἶναι
1390 459 1529 494 προσεχώς
1543 459 1575 484 ἐκ
1589 458 1636 484 τοῦ
1647 457 1765 493 πρώτου,
1779 465 1861 483 τουτ-

1073 505 1131 531 έστι
1154 504 1201 531 τοῦ
1227 505 1341 540 Πατρὸς,
1379 505 1442 539 ὲξῆς
1465 505 1554 538 λέγει·
1569 504 1606 530 T6
1619 503 1729 538 Πνεῦμα
1752 503 1796 530 διὰ
1810 502 1860 530 τοῦ

1070 549 1210 584 πφσεχῶς
1230 550 1262 576 ὲκ
1282 549 1328 576 τοῦ
1347 549 1470 585 πρώτου’
1485 550 1499 576 6
1519 549 1547 576 δέ
1566 558 1597 583 γε
1624 548 1778 582 σοφώτατος
1799 548 1860 575 Κύ-

1070 594 1157 630 ριλλος
1174 595 1329 630 προφανῶς,
1346 595 1438 630 φησὶν,
1457 595 1567 630 εἴρηκεν
1585 594 1614 627 ἐξ
1630 595 1730 629 ἀμφοῖν
1750 593 1859 628 Πατρδς

1069 641 1116 668 καὶ
1148 641 1212 668 Υἱςῦ
1244 641 1274 668 τὸ
1300 641 1411 676 Πνεῦμα
1435 641 1465 667 τὸ
1488 641 1575 674 ἅγιον.
1607 641 1699 667 Ταῦτα
1730 640 1783 666 τῶν
1807 640 1859 675 τῆς

1070 686 1172 721 σαθρᾶς
1203 686 1360 722 προσθήκης
1389 695 1417 712 τε
1423 686 1578 722 ρατουργῶν
1602 686 1637 712 τὰ
1664 685 1766 721 προὸλή
1772 694 1856 720 ματα.

1070 732 1178 766 Ἔγωγε
1203 733 1225 758 δ’
1250 743 1259 758 ι
1283 733 1355 759 ἃπαν
1382 734 1480 768 νόημα,
1503 742 1513 758 ι
1540 733 1641 768 καίπερ
1666 732 1704 759 ὣν
1728 731 1856 767 ἀμαθὴς,

1070 787 1080 803 ‹
1096 778 1303 813 αίχμαλωτίζων
1317 779 1356 810 είς
1374 778 1422 813 τὴν
1433 779 1556 813 ὑπακοὴν
1571 778 1617 804 τοῦ
1631 777 1758 814 Χριστοῦ.
1776 787 1784 803 ι
1803 773 1857 804 ὧδέ

1069 831 1127 855 πως
1144 823 1229 850 ταῦτα
1250 824 1384 858 διασαφῶ.
1399 823 1492 856 Οὕτως
1506 824 1536 850 τὸ
1551 823 1663 858 Πνεῦμα
1681 820 1713 849 ἐκ
1736 823 1781 849 τοῦ
1797 824 1858 850 Πα-

1067 870 1130 905 τρός
1146 879 1228 905 φησιν
1246 870 1412 902 Ἀθανάσιος,
1428 869 1474 896 καὶ
1489 869 1563 904 παρὰ
1580 869 1628 895 τοῦ
1647 868 1742 902 Λόγου,
1758 868 1804 895 τοῦ
1822 869 1857 896 ὲκ

1067 917 1184 952 Πατρὸς,
1211 916 1443 952 ἐκπορευόμενον,
1468 915 1562 951 ὥσπερ
1582 915 1630 941 καὶ
1657 910 1687 947 ὲξ
1708 914 1789 941 αὑτοῦ
1805 913 1855 941 τοῦ

1068 962 1202 989 συναῖὸίου
1235 962 1352 998 Πατρὺς,
1376 961 1446 988 καθὰ
1472 961 1519 988 καὶ
1542 961 1556 987 6
1580 961 1643 992 Υἱὸς
1669 960 1754 992 οὕτως
1783 961 1856 987 ἀπο-

1067 1009 1203 1035 στέλλεται
1231 1007 1311 1043 (20),
1332 1008 1379 1034 καὶ
1413 1007 1513 1034 δίδοται
1547 1006 1623 1042 παρὰ
1646 1006 1694 1033 τοῦ
1724 1006 1854 1041 Πνεῦμα-

1065 1061 1110 1084 τος
1133 1055 1188 1084 τοῖς
1220 1054 1333 1084 πιστοῖς,
1357 1053 1395 1084 ὡς
1421 1052 1468 1078 καὶ
1493 1051 1523 1084 ἐξ
1551 1051 1632 1078 αὐτοῦ
1657 1051 1704 1078 τοῦ
1727 1051 1852 1087 Πατρόςσ

1065 1099 1112 1125 καὶ
1136 1099 1186 1134 τὴν
1218 1098 1370 1133 μαρτυρίαν
1396 1098 1442 1124 ἀπ’
1469 1097 1550 1124 αὐτοῦ
1582 1097 1703 1129 λάμϐανε
1726 1096 1772 1123 τοῦ
1802 1097 1855 1123 Λό-

1064 1153 1113 1178 γου
1151 1144 1197 1170 καὶ
1218 1143 1282 1170 Υἱοῦ
1294 1163 1300 1175 ,
1318 1153 1326 1169 ι
1340 1144 1452 1179 Πνεῦμα
1474 1144 1587 1179 Κυρίου,
1604 1154 1613 1169 ι
1639 1144 1771 1178 λέγοντος,
1785 1153 1794 1169 ι
1808 1144 1853 1171 ἐπ’

1063 1189 1123 1224 ἐμὲ,
1139 1188 1170 1216 οὗ
1192 1190 1293 1217 εἵνεκεν
1309 1190 1399 1225 ἔχρισε
1414 1199 1458 1225 με.
1487 1189 1719 1224 Εὑαγγελίσασθαι
1734 1191 1854 1224 πτωχοῖς

1063 1235 1216 1262 ἀπὲσταλκέ
1227 1244 1270 1271 με.
1279 1246 1287 1260 ι
1303 1236 1374 1272 Ἀρα
1384 1235 1414 1262 τὸ
1426 1236 1536 1271 Πνεῦμα
1553 1235 1600 1262 καὶ
1615 1236 1704 1271 ἔχρισε
1719 1235 1763 1262 τὸν
1775 1235 1852 1267 Υἱδν,

1062 1281 1110 1307 καὶ
1126 1281 1295 1308 ἀπέσταλκεν
1308 1289 1314 1296 ·
1340 1281 1407 1307 ἀλλὰ
1424 1282 1471 1308 καὶ
1483 1282 1497 1308 6
1515 1281 1609 1316 Πατὴρ
1624 1281 1654 1313 ἐξ
1672 1282 1772 1316 ἀμφοῖν
1784 1281 1852 1308 Υίοῦ

1063 1326 1110 1352 καὶ
1123 1326 1191 1352 Ilva}
1196 1335 1279 1361 ματος
1292 1326 1496 1354 ἀποστέλλεται.
1515 1327 1607 1358 Ὅπως
1623 1326 1651 1353 δὲ
1661 1326 1749 1359 tot-ro,
1766 1326 1852 1353 αὑτοῦ

1062 1371 1109 1398 τοῦ
1130 1372 1235 1407 [ἰατρὸς
1252 1371 1322 1398 οὕτω
1338 1371 1383 1398 διὰ
1408 1372 1521 1398 Ἡσαΐου
1540 1371 1588 1398 τοῦ
1604 1371 1743 1407 προφήτου
1759 1372 1853 1406 λέγον-

1061 1424 1108 1448 τος
1124 1416 1239 1443 ἄκουσον
1249 1425 1256 1432 ⁸
1291 1417 1407 1444 «Ἂκουέ
1422 1426 1483 1452 μου,
1506 1417 1601 1444 Ἰακὼϐ
1618 1418 1663 1444 καὶ
1678 1417 1795 1453 Ἰσραὴλ,
1820 1418 1852 1445 ὃν

1062 1461 1118 1497 ἐγὼ
1131 1462 1220 1489 καλῶ-
1243 1463 1312 1497 Ὲγὼ
1326 1463 1392 1494 Θεὸς
1405 1463 1512 1499 πρῶτος
1522 1483 1528 1494 ,
1546 1463 1600 1497 ἐγὼ
1611 1464 1657 1490 καὶ
1671 1464 1738 1499 μετά
1747 1463 1850 1490 ταῦτα*

1062 1509 1110 1535 καὶ
1123 1509 1192 1543 πλὴν
1206 1509 1273 1544 ἐμοῦ
1291 1509 1350 1541 θεὸς
1363 1510 1412 1536 οὐκ
1420 1509 1502 1535 ἔστιν.
1513 1509 1585 1544 Ἐγὼ
1600 1509 1670 1545 χειρί
1687 1518 1736 1545 μου
1754 1509 1852 1544 ἐθεμε-

1063 1553 1148 1580 λίωσα
1169 1556 1218 1590 τὴν
1240 1554 1303 1588 γῆν,
1323 1555 1370 1580 καὶ
1392 1554 1423 1581 τὸ
1437 1554 1549 1590 Πνεῦμα
1570 1564 1620 1590 μου
1640 1555 1788 1591 ὲστερέωσε
1803 1554 1852 1581 τδν

1062 1599 1186 1634 οὐρανόν.
1211 1598 1283 1633 Ἐγὼ
1303 1600 1369 1625 πᾶσι
1385 1601 1440 1631 τοῖς
1461 1600 1570 1636 ἄστροις
1583 1600 1767 1635 ἐνετειλάμην.
1795 1600 1851 1627 Καὶ

1062 1644 1110 1671 νῦν
1127 1645 1228 1680 Κύριος
1240 1645 1394 1672 ἀπέσταλκέ
1409 1654 1452 1680 με.
1468 1655 1477 1671 ι
1500 1646 1596 1681 Ἀρανὸ
1609 1646 1704 1681 Πατήρ
1721 1646 1793 1672 ἐστιν
1808 1647 1852 1672 ὲν-

1063 1691 1150 1718 ταῦθα
1169 1692 1183 1717 ὁ
1196 1691 1283 1725 λέγων
1307 1691 1338 1718 τό
1351 1699 1358 1706 ·
1386 1701 1395 1717 ι
1416 1691 1582 1718 Ἀπέσταλκέ
1606 1700 1650 1727 με.
1664 1701 1673 1717 ι
1701 1692 1783 1727 Ὁρᾷς
1799 1692 1850 1728 τὴν

1063 1736 1199 1771 ἰσοτιμίαν
1213 1736 1266 1762 τῶν
1278 1737 1362 1772 τριῶν
1383 1736 1536 1772 προσώπων
1555 1737 1604 1772 τῆς
1621 1737 1777 1773 ὺπερτάτης
1792 1737 1850 1764 θεό-

1060 1789 1160 1816 τητος;
1188 1781 1252 1808 Ὅτε
1271 1782 1301 1808 τὸ
1317 1782 1430 1818 Πνεῦμα
1451 1782 1481 1809 τὸ
1504 1783 1581 1817 ἅγιον
1609 1783 1802 1810 ἀποστέλλεται
1819 1783 1852 1818 ἐξ

1060 1828 1171 1862 ἀμφοῖν,
1187 1828 1225 1859 ὡς
1236 1826 1376 1862 ὁμοούσιον
1388 1828 1579 1855 ἀποστέλλεται
1591 1828 1697 1864 Πατρὸς
1712 1829 1758 1855 καὶ
1771 1829 1848 1856 Υίοῦ.

1061 1873 1124 1899 ’Ὀτε
1138 1873 1166 1899 δὲ
1179 1873 1265 1905 όΥίὸς
1282 1875 1314 1900 ὲκ
1327 1874 1373 1900 τοῦ
1385 1874 1502 1909 Πατρδς,
1519 1874 1557 1906 ὡς
1576 1874 1718 1910 ὁμοούσιος
1737 1875 1784 1902 καὶ
1801 1876 1849 1902 τοῦ

1060 1919 1228 1954 Πνεύματος.
1255 1920 1320 1947 "Ore
1337 1920 1364 1947 δὲ
1386 1922 1400 1947 6
1416 1920 1510 1956 Πατὴρ
1530 1922 1562 1947 ἐκ
1587 1920 1635 1947 τοῦ
1653 1921 1718 1947 Υἱοῦ
1735 1922 1782 1948 καὶ
1800 1921 1849 1948 τοῦ

1059 1966 1228 2001 Πνεύματος,
1249 1967 1287 1999 ὡς
1310 1967 1461 2002 ὁμοοὺσιος.
1497 1967 1589 1994 Εἰπὼν
1612 1967 1702 1994 τοίνυν
1722 1968 1736 1994 6
1762 1968 1850 2003 μέγας

1064 2013 1232 2046 ἈΟανάο-ιος,
1249 2014 1280 2040 τὸ
1300 2014 1515 2049 ἐκπορευόμενον
1535 2014 1581 2040 τοῦ
1600 2014 1705 2050 Πατρδς
1724 2014 1848 2050 Πνεῦμα,

1058 2058 1191 2094 ἐδήλωσεν
1207 2059 1267 2085 ὅθεν
1286 2059 1342 2095 ἕχει
1360 2060 1389 2086 τὸ
1402 2059 1514 2095 Πνεῦμα
1529 2060 1578 2095 τὴν
1595 2059 1709 2096 ὓπαρξιν
1721 2080 1728 2092 ,
1748 2061 1780 2087 ὲκ
1798 2061 1848 2095 μό-

1057 2112 1102 2130 νου
1117 2104 1238 2139 δηλονότι
1253 2105 1300 2131 τοῦ
1323 2105 1443 2140 Πατρός.
1460 2105 1551 2132 Εἰπὼν
1568 2106 1596 2132 δὲ
1614 2106 1693 2133 πάλιν
1716 2106 1787 2132 οὕτω
1816 2107 1849 2133 τὺ

1058 2149 1169 2184 Πνεῦμα
1186 2151 1219 2177 ὲκ
1234 2150 1281 2177 τοῦ
1302 2151 1423 2186 Πατρὸς,
1439 2151 1476 2182 ὡς
1493 2150 1568 2186 παρὰ
1584 2151 1630 2178 τοῦ
1647 2151 1733 2185 Λόγου
1750 2151 1796 2178 τοῦ
1814 2152 1847 2178 ὲκ

1024 2192 1044 2219 D
1060 2195 1183 2229 Πατρὸς,
1202 2195 1251 2230 τὴν
1269 2196 1403 2231 ἰσοτιμίαν
1427 2195 1545 2231 ἐδήλωσε
1571 2197 1677 2232 Πατρὸς
1703 2197 1749 2223 καὶ
1768 2197 1845 2230 Υίοῦ,

1057 2241 1236 2276 καταισχύναι
1263 2242 1292 2267 ὲν
1314 2241 1401 2276 τούτῳ
1424 2242 1469 2268 τὸν
1492 2242 1644 2269 ἀθεώτατον
1674 2243 1798 2279 Ἀρειον,
1815 2243 1846 2274 ὃς

1057 2286 1158 2320 κτίσμα
1182 2285 1267 2320 ἔλεγε,
1288 2286 1334 2313 καὶ
1356 2287 1386 2312 οὺ
1414 2286 1480 2313 Θεὸν
1500 2287 1545 2314 τὸν
1563 2287 1644 2314 Υἱόν·
1663 2289 1743 2314 οἱονεὶ
1759 2290 1846 2315 ταῦτα

1056 2330 1143 2364 λέγων
1168 2332 1236 2367 πρὸς
1260 2332 1355 2358 αὐτόν·
1380 2330 1415 2358 Ὦ
1437 2332 1573 2364 ἀβεώτατε
1596 2334 1698 2368 Ἀρειε,
1715 2334 1787 2362 οὕτω
1814 2335 1847 2362 τὸ

1056 2378 1271 2414 ἐκπορευόμενον
1291 2379 1401 2414 Πνεῦμα
1424 2378 1471 2405 τοῦ
1494 2379 1611 2414 Πατρδς,
1635 2380 1711 2415 παρά
1732 2379 1779 2406 τοῦ
1795 2380 1847 2408 ὑπὸ

1058 2423 1105 2449 σοῦ
1139 2423 1383 2459 βλασφημουμένου
1411 2425 1476 2451 Υἱοῦ
1510 2424 1644 2460 ἐκλάμπει
1671 2426 1717 2452 καὶ
1745 2425 1846 2454 δίδοται

1056 2472 1113 2502 τοῖς
1131 2472 1234 2502 πιστοῖς
1252 2471 1323 2497 κατά
1342 2471 1391 2506 τὴν
1408 2471 1490 2498 αὐτοῦ
1510 2471 1651 2507 ἐνέργειαν
1667 2471 1713 2498 καὶ
1730 2472 1846 2508 δωρεὰν,

1057 2517 1151 2553 ὥσπερ
1168 2518 1215 2544 καὶ
1231 2516 1261 2550 ἐξ
1277 2517 1359 2544 αὑτοῦ
1376 2517 1423 2544 τοῦ
1441 2517 1577 2544 συναῖδίου
1592 2517 1707 2553 Πατρός.
1736 2518 1847 2546 ’Ὁτισδὲ

1053 2563 1132 2591 τοῦτο
1147 2563 1267 2590 τοιοῦτον
1284 2564 1339 2598 ἔχει
1354 2563 1400 2590 τὸν
1415 2564 1526 2599 τρόπον,
1546 2565 1597 2599 ὅρα
1613 2564 1638 2590 τί
1656 2563 1756 2599 γράφει
1779 2565 1847 2599 πρὸς

1053 2609 1098 2636 τὸν
1130 2609 1278 2636 ἐπίσκοπον
1309 2609 1355 2635 τὸν
1381 2609 1541 2644 Σεραπίωνα
1556 2629 1563 2640 ,
1593 2609 1607 2635 6
1623 2608 1672 2643 τῆς
1695 2608 1847 2640 ἀθανασίας

1055 2654 1210 2691 ἀξιώνυμος
1234 2651 1310 2687 οὗτος
1329 2655 1433 2691 Πατήρ.
1464 2654 1505 2681 Τὰ
1521 2653 1591 2682 αὐτὰ
1606 2653 1661 2690 γὰρ
1679 2653 1778 2688 λέγων,
1798 2655 1846 2681 καὶ
