1940 3068
112 146 167 175 829

701 148 816 176 SERMO
834 148 973 177 CONTRA
989 148 1146 176 LATINOS.
1191 151 1198 157 '

1680 149 1732 178 850

113 203 269 238 φιλοσοφῶν
294 203 358 239 περὶ
381 203 434 230 τῶν
457 203 555 236 αὐτῶν,
579 203 650 230 οὕτω
667 204 777 231 κάκεῖσέ
800 213 892 240 φησιν

952 209 1034 240 atque
1047 205 1166 235 missus.
1184 204 1241 240 ipse
1259 212 1368 240 qu0que
1386 213 1458 232 unus
1476 209 1557 233 estet
1575 213 1630 233 non
1644 207 1734 240 multi,

115 250 222 285 Ὠσπερ
236 249 358 284 γέννημα
370 249 512 284 μονογενὲς
527 250 599 276 ἐστιν
616 250 630 275 6
643 249 707 281 Υἱος
722 249 769 276 τοῦ
784 250 897 285 Πατρδς,

113 294 186 322 οὕτω
211 295 258 321 καὶ
283 295 312 321 τὸ
335 294 447 330 Πνεῦμα
463 294 538 330 παρὰ
553 294 601 321 τοῦ
618 295 683 321 Υίοῦ
701 294 835 329 διδόμενον
853 296 899 322 καὶ

113 341 301 376 πεμπόμενον,
326 341 371 368 καὶ¹
393 341 458 368 αὐτὸ
481 341 570 368 ἓνκαὶ
603 341 633 367 οὐ
662 341 754 373 πολλὰ,
784 342 837 368 οὐδ’
867 343 898 368 ὲκ

113 387 221 414 πολλῶν
238 388 277 418 ἓν,
302 388 369 414 ἀλλὰ
392 388 470 423 μόνον
495 388 560 414 αὐτὸ
585 386 707 423 Πνεῦμα.
750 387 825 419 Ἐνὺς
845 387 898 422 γὰρ

113 434 191 464 δντος
215 432 262 459 τοῦ
275 432 338 458 Tini}
356 432 401 458 τοῦ
425 432 524 464 ζῶντος
538 431 635 465 Λόγου,
666 431 728 466 μίαν
761 429 830 458 εἶναι
858 431 898 458 δεῖ

113 479 219 505 τελείαν
238 479 284 505 καὶ
300 478 390 513 πλήρη
412 478 461 512 τὴν
481 478 642 512 ἀγιαστικὴν
664 477 710 503 καὶ
732 476 897 512 φωτιστικὴν

113 524 197 559 ζωὴν,
225 522 307 551 οὖσαν
320 524 460 559 ἐνέργειαν
483 524 529 550 καὶ
549 523 652 558 δωρεὰν
672 523 763 553 αὑτοῦ,
785 523 845 557 ἥτις
865 531 897 556 γε

112 570 146 596 ὲκ
168 570 273 604 Πατρὸς
287 570 392 603 λέγεται
415 568 621 604 ἐκπορεύεσθαι,
643 568 735 603 ἐπειδὴ
753 568 826 604 παρὰ
850 568 896 594 τοῦ

113 617 201 650 Λόγου
216 616 263 643 τοῦ
285 618 316 643 ἐκ
335 616 440 651 Πιτρὺς
455 615 669 650 ὁμολογουμένου
691 614 825 649 ἐκλάμπει
851 614 897 640 καὶ

113 663 307 690 ἀποστέλλεται
327 662 374 689 καὶ
397 661 504 688 δίδοται.
528 662 632 696 Ὠσπερ
647 661 769 696 γέννημα
786 668 896 694 μονογε-

113 707 169 739 νὲς,
184 707 275 742 φησὶν,
291 709 305 734 6
321 707 383 738 Υἱὸς
395 706 440 733 τοῦ
459 707 573 742 Πατρδς,
594 706 665 732 οὕτω
686 706 731 732 καὶ
751 705 896 741 πρόϐλημα

111 752 160 778 τοῦ
186 751 268 778 αὐτοῦ
295 752 401 786 Ila-.96;
425 751 452 777 ἓν
478 751 508 777 τὸ
532 751 641 785 Πνεῦμα
668 751 715 777 καὶ
743 751 773 777 οὑ
801 750 894 782 πολλὰ,

111 798 173 824 οὐδ’
188 799 220 824 ὲκ
232 797 334 824 πολλῶν
349 796 527 832 δηλονότιτὴν
541 796 655 831 ὓπαρξιν
670 796 794 831 ἐσχηκός.
827 796 894 822 Ἀλλ’

111 843 150 874 ὡς
173 842 252 877 μόνον
280 842 345 868 αὐτὸ
366 842 476 876 Πνεῦμα
496 842 542 868 καὶ
563 842 717 876 πρόϐλημα,
737 841 823 873 οὓτως
849 841 895 867 καὶ

112 891 145 916 ὲκ
170 889 249 924 μόνου
268 889 347 915 τοῦτο
365 889 412 915 καὶ
429 889 458 922 ἑξ
471 889 530 920 ἑνὸς
543 888 588 914 τοῦ
610 888 723 923 Πατρός.
755 888 830 919 Ἐνὸς
841 889 895 923 γὰρ

111 936 188 968 ὄντος
208 934 254 963 τοῦ
276 936 340 963 Τίοῦ
362 936 408 963 τοῦ
432 936 531 968 ζῶντος
550 937 646 969 Λόγου,
667 936 704 967 ὠς
725 935 754 967 ἐξ
777 935 835 966 ἐνὸς
849 934 895 961 τοῦ

108 982 229 1017 Πατρὸς,
245 982 291 1009 καὶ
311 982 375 1017 μίαν
397 980 466 1009 εἶναι
488 982 529 1008 δεῖ
550 982 655 1008 τελείαν
675 982 721 1008 καὶ
740 981 830 1016 πλήρη
847 981 895 1016 τὴν

111 1027 270 1062 ἀγιαιττικὴν
286 1027 333 1053 καὶ
354 1026 520 1060 φωτιστικὴν
536 1026 617 1060 ζωὴν,
642 1025 701 1060 ἥτις
714 1023 747 1060 ἦν
762 1025 791 1050 τὸ
808 1024 894 1050 Πνεῦ-

111 1081 150 1107 μα
169 1072 198 1098 τὸ
220 1072 306 1106 ἅγιον,
324 1072 355 1098 τὸ
370 1071 418 1105 τὴν
435 1071 501 1098 ἰδίαν
521 1070 616 1097 ἑαυτοῦ
636 1070 740 1106 δωρεὰν
755 1069 893 1106 ἐνεργοῦν,

109 1118 157 1144 καὶ
179 1117 298 1153 διαιροῦν
323 1117 375 1152 ἰδίᾳ
396 1117 513 1151 ἑκάστῳ,
538 1116 628 1148 καθὼς
654 1116 785 1150 βούλεται⁴
814 1115 894 1147 Ἦτις

109 1172 140 1198 γε
156 1163 243 1198 δωρεὰ
261 1163 303 1190 διὰ
319 1163 397 1189 τοῦτο
414 1164 445 1189 ἐκ
459 1163 504 1189 τοῦ
523 1162 629 1197 Πατρὸς
642 1161 749 1195 λέγεται
763 1161 895 1195 ἐκπορεύ-

109 1209 197 1238 εσθαι,
216 1209 352 1235 τουτέστιν
365 1208 501 1243 ἐκκεῖσθαι
522 1209 566 1234 καὶ
583 1207 804 1237 ἀποστέλλεσθαι.
820 1208 894 1233 ἐπει-

108 1253 141 1289 δὴ
162 1253 237 1288 παρὰ
257 1253 303 1280 τοῦ
326 1254 412 1287 Λόγου
433 1253 479 1280 τοῦ
502 1254 533 1279 ἐκ
554 1253 658 1288 Πατρδς
679 1253 891 1288 ὁμολογουμένου

109 1299 244 1334 ἐκλάμπει
266 1299 311 1324 καὶ
333 1298 525 1324 ἀποστέλλεται
542 1298 587 1324 καὶ
606 1297 715 1323 δίδοται.
744 1297 892 1332 Φιλοσοφή-

110 1352 158 1375 σας
179 1344 285 1378 πρῶτον
302 1345 316 1369 6
332 1344 408 1378 ἅγιος
423 1344 486 1379 περὶ
503 1344 551 1378 τῆς
569 1343 731 1378 προαιωνίου
747 1342 792 1369 τοῦ
808 1342 892 1369 Ilvati-

110 1397 194 1423 ματος
216 1388 401 1423 ὲκπορεύσεως
413 1387 549 1423 ἀμυδρῶς,
570 1387 648 1422 μόνον
670 1386 734 1413 αὐτὸ
749 1386 892 1419 ἀποδείξας

108 1434 266 1469 πρόϐλημα,
296 1433 334 1465 ὡς
359 1433 387 1465 ἐξ
406 1433 464 1464 ἑνὸς
485 1432 531 1458 τοῦ
555 1431 708 1468 προϐολέως
725 1439 754 1457 τε
770 1431 817 1457 καὶ
834 1431 892 1457 Πα-

107 1479 181 1514 τρδς,
208 1479 250 1505 διὰ
277 1478 329 1504 τῶν
355 1478 417 1513 ἑξῆς
435 1479 500 1513 ἡμῖν
519 1477 692 1504 ἀποδείκνυσι
711 1476 782 1511 μάλα
799 1475 892 1510 σαφῶς

108 1525 156 1550 καὶ
177 1524 225 1559 τὴν
243 1523 295 1550 ὑπὸ
314 1524 408 1559 χρόνον
426 1524 568 1558 πρόχυοιν,
590 1522 626 1554 ὡς
643 1522 672 1554 ἐξ
688 1522 787 1556 ἀμφοῖν
805 1522 891 1557 ὑπάρο

106 1578 207 1605 χουσαν
224 1570 328 1604 Πατρὺς
342 1570 387 1595 καὶ
409 1569 485 1595 Υἱοῦ.
502 1569 588 1603 Ὂπερ
605 1567 632 1594 δὲ
649 1567 758 1594 δύναται
776 1568 834 1593 ἐκεῖ
848 1567 888 1599 τὸ,

108 1614 187 1641 Οὕτω
204 1614 233 1641 τὸ
251 1615 360 1649 Πνεῦμα
376 1615 407 1640 ὲκ
424 1613 470 1640 τοῦ
497 1613 612 1647 Πατρδς,
631 1612 667 1644 ὡς
685 1613 760 1647 παρὰ
774 1612 820 1638 τοῦ
841 1612 890 1638 Λό-

107 1669 157 1695 γου
178 1660 224 1686 τοῦ
249 1662 280 1686 ἐκ
299 1660 419 1695 Πατρὸς,
439 1659 524 1691 οὕτως
547 1658 661 1685 ἐνταῦθα
679 1659 725 1684 καὶ
741 1658 786 1684 τό·
811 1658 890 1688 ’Ἢτις

951 257 1038 284 neque
1058 257 1091 276 ex
1119 249 1214 276 multis
1236 257 1326 281 unus,
1349 249 1396 277 sed
1422 250 1480 284 ipse
1503 249 1579 277 solus
1604 250 1733 285 Spiritus.

950 294 1026 323 Unus
1053 295 1124 322 enim
1150 302 1211 322 cum
1236 295 1271 322 sit
1293 295 1378 322 Filius
1394 294 1512 322 Verbum
1532 296 1636 325 vivens.
1651 303 1734 323 unam

949 347 1009 366 esse
1023 343 1130 374 oportet
1156 339 1302 374 perfectam
1320 340 1482 374 plenamque
1493 362 1500 372 ,
1517 341 1734 368 ειηιειὶιίειιηιειιι

949 391 1030 421 atque
1057 386 1253 413 illuminantem
1281 387 1374 417 vitam.
1396 394 1456 421 qua:-
1479 388 1514 414 sit
1529 387 1587 420 ejus
1611 388 1734 421 operatio

949 437 1029 465 atque
1057 432 1173 464 donum,
1198 439 1258 466 qum
1281 432 1381 459 dicitur
1407 441 1440 459 ex
1464 432 1544 459 Patre
1565 433 1730 468 procedere;

948 478 1168 512 quandoquidem
1191 486 1222 504 ex
1240 477 1346 508 Verbo.
1367 479 1439 512 quod
1468 487 1500 505 ex
1517 478 1595 505 Patre
1617 487 1677 506 esse
1704 479 1731 506 in

948 524 1076 550 confesso
1092 527 1143 554 est,
1159 523 1293 558 splendet.
1314 524 1428 549 mittitur
1454 529 1533 558 atque
1549 524 1639 552 datur.
1656 525 1733 551 Sicut

947 570 1037 604 proles
1058 569 1196 603 unigenila
1210 575 1262 600 est,
1284 570 1333 599 ait,
1351 569 1440 596 Patris
1453 569 1555 601 Filius.
1573 571 1609 597 ita
1622 575 1649 598 et
1668 578 1731 605 pro-

947 616 1038 642 ductio
1051 615 1172 649 ejusdem
1186 615 1275 643 Patris
1289 619 1330 642 est
1344 623 1414 642 unus
1430 614 1548 650 Spiritus
1561 620 1587 642 et
1602 624 1653 643 non
1666 617 1732 644 mul-

947 661 977 692 ti,
998 669 1049 687 nec
1068 669 1100 687 ex
1116 660 1219 689 multis.
1238 664 1267 687 ut
1283 661 1391 695 planum
1411 664 1464 690 est.
1483 661 1562 688 habet
1578 662 1730 689 subsisten-

946 705 1020 732 tiam.
1039 705 1090 732 Sed
1108 706 1179 732 sicut
1193 713 1265 732 unus
1279 710 1321 732 est
1339 705 1396 740 ipse
1415 705 1543 740 Spiritus,
1561 715 1645 733 unum
1668 715 1731 742 pro-

946 750 1068 782 ductum,
1082 751 1117 776 ita
1131 755 1156 776 et
1171 758 1203 777 ex
1224 751 1283 778 solo
1298 755 1325 777 ct
1339 759 1394 778 uno
1407 756 1450 779 est
1464 751 1552 779 Patre.
1571 752 1638 779 Cum
1660 760 1730 780 unus

946 803 1064 830 namque
1084 796 1119 822 sit
1140 795 1225 823 Filius
1245 795 1338 823 vivens
1361 796 1490 828 Verbum.
1517 801 1610 831 utpote
1624 806 1656 824 ex
1677 805 1732 825 uno

946 840 1043 873 Patre;
1062 848 1143 867 unam
1159 849 1266 875 quoque
1277 845 1384 876 oportet
1398 849 1459 869 esse
1477 842 1623 876 perfectam
1639 846 1666 869 et
1679 842 1732 876 ple-

912 875 932 902 Β
946 893 1026 917 nam,
1047 886 1262 913 sanetilicamem
1285 890 1312 913 et
1335 887 1531 914 illuminantem
1553 888 1653 919 vitam.
1671 895 1732 922 quae

945 935 988 959 est
1004 931 1123 965 Spiritus
1139 935 1261 963 sanctus,
1276 932 1322 966 qui
1346 932 1447 959 donum
1473 933 1530 967 ipse
1544 940 1623 960 suum
1638 941 1731 967 opera-

946 981 1008 1008 tur,
1025 982 1052 1004 et
1076 977 1171 1004 dividit
1189 978 1296 1012 proprie
1322 978 1438 1013 singulis
1459 983 1540 1013 prout
1563 980 1629 1006 vult.
1651 979 1731 1012 Quod

945 1023 1045 1049 donum
1071 1024 1133 1050 idco
1149 1031 1182 1049 ex
1201 1023 1281 1050 Patre
1301 1023 1402 1050 dicitur
1417 1024 1579 1058 procedere,
1601 1024 1653 1051 hoc
1676 1029 1730 1058 est,

944 1068 1045 1095 eii'undi
1066 1073 1148 1103 atque
1164 1068 1233 1096 mitti
1248 1088 1254 1100 ,
1281 1069 1344 1104 quia
1365 1078 1379 1096 ιι
1394 1069 1494 1101 Verbo.
1518 1070 1588 1104 quod
1601 1078 1633 1097 ex
1649 1069 1730 1098 Patre

944 1121 1005 1141 esse
1029 1115 1055 1141 in
1074 1114 1200 1142 confesso
1223 1118 1276 1145 est,
1303 1115 1437 1149 splendet.
1453 1116 1569 1142 mittitur
1589 1119 1616 1144 et
1637 1116 1728 1145 datur.

943 1159 1012 1187 Cum
1032 1161 1109 1195 prius
1125 1165 1237 1188 sanctus
1254 1161 1298 1188 ille
1313 1162 1492 1190 ratiocinatus
1504 1163 1674 1190 subobscure
1689 1171 1731 1191 cs-

945 1211 986 1234 set
1009 1206 1043 1233 de
1062 1207 1236 1241 processioue
1259 1207 1377 1242 Spiritus
1403 1216 1462 1242 qua:
1481 1212 1523 1236 est
1540 1213 1602 1236 ante
1618 1210 1728 1241 saecula.

943 1252 1084 1286 solumque
1100 1252 1188 1286 ipsum
1206 1252 1353 1280 ostendens
1367 1261 1428 1280 esse
1451 1253 1611 1288 productum
1624 1274 1632 1286 ,
1651 1255 1729 1289 quasi

943 1303 974 1322 ex
991 1304 1048 1323 uno
1070 1297 1242 1332 prmluctore,
1270 1303 1352 1332 atque
1367 1297 1469 1330 Patre;
1491 1298 1518 1325 in
1538 1300 1730 1334 subsequenti-

942 1343 992 1370 bus
1007 1343 1085 1370 nobis
1102 1343 1205 1378 liquido
1220 1343 1341 1370 declarat
1356 1352 1416 1371 eam
1431 1353 1492 1379 quae
1512 1345 1538 1372 in
1553 1349 1675 1380 tempore
1687 1348 1730 1373 est

942 1387 1128 1422 profusionem
1142 1408 1149 1419 ,
1175 1389 1252 1423 quasi
1273 1397 1305 1416 ex
1330 1389 1448 1420 duobus.
1465 1389 1545 1418 Patre
1569 1391 1673 1418 scilicet
1688 1394 1730 1418 ato

944 1441 996 1467 que
1017 1433 1086 1460 Filio
1099 1455 1106 1465 ,
1123 1435 1320 1467 exsisteutem;
1344 1435 1417 1469 quod
1433 1435 1533 1462 ibidem
1555 1437 1729 1471 signiﬁcatur

943 1477 995 1504 hoc
1011 1478 1084 1505 dicto
1100 1488 1107 1505 :
1125 1477 1170 1505 Sic
1189 1478 1309 1512 Spiritus
1333 1487 1365 1506 ex
1382 1479 1461 1507 Palre
1473 1499 1480 1511 ,
1499 1481 1728 1514 quemadmodum

943 1530 958 1549 a
974 1523 1063 1551 Verbo
1088 1524 1159 1558 quod
1176 1529 1218 1551 est
1237 1532 1268 1551 ex
1290 1524 1380 1551 Patre.
1399 1525 1438 1551 Ita
1459 1533 1569 1560 quoque
1594 1526 1645 1553 hoc
1669 1527 1730 1554 loco

944 1568 1009 1595 illud
1027 1578 1033 1595 :
1048 1568 1113 1601 Quae
1125 1577 1156 1595 ex
1174 1569 1253 1596 Patre
1266 1569 1368 1596 dicitur
1382 1571 1537 1604 procedere,
1555 1572 1728 1606 quandoqui-

942 1613 1002 1640 dem
1018 1621 1033 1640 ιι
1049 1613 1151 1645 Verbo,
1170 1615 1242 1650 quod
1265 1623 1297 1641 ex
1315 1615 1394 1642 Patre
1410 1623 1471 1643 esse
1490 1617 1516 1644 in
1533 1617 1660 1645 confesso
1676 1623 1728 1651 est,

943 1659 1074 1693 splendet,
1090 1661 1205 1687 mittitur
1218 1665 1245 1688 et
1258 1660 1347 1687 datur.

107 1716 139 1740 γε
156 1707 188 1732 ἐκ
204 1706 250 1732 τοῦ
268 1706 372 1741 Πατρὸς
387 1706 493 1740 λέγεται
509 1704 713 1741 ἐκπορεύεσθαι,
732 1704 824 1740 ἐπειδὴ
837 1704 911 1740 παρὰ
926 1705 972 1731 τοῦ
1001 1706 1088 1740 Λόγου
1105 1706 1152 1732 τοῦ
1169 1707 1200 1732 ἐκ
1232 1707 1337 1742 Πατρὸς
1359 1707 1574 1743 ὁμολογουμένου
1594 1707 1730 1744 ἐκλάμπει

107 1753 155 1779 καί
172 1752 364 1779 ἀποστέλλεται
380 1753 426 1778 καὶ
441 1752 551 1779 δίδοται.

155 1811 183 1837 5.
211 1811 279 1836 Κατ’
308 1810 389 1837 αὑτὸν
418 1811 446 1837 δὲ
476 1811 521 1837 τὸν
551 1810 653 1846 τρόπον
680 1810 729 1837 καὶ
752 1811 765 1837 6
782 1809 892 1845 Νύσσης

107 1857 258 1892 Γρηγόριος
283 1857 312 1882 τὺ
336 1856 447 1891 Πνεῦμα
471 1856 515 1883 διὰ
543 1856 589 1883 τοῦ
617 1856 757 1892 προσεχῶς
785 1857 817 1882 ὲκ
845 1855 892 1882 τοῦ

107 1901 216 1936 πρώτου
234 1901 318 1936 φησι·
337 1901 405 1936 μετὰ
420 1901 467 1928 τοῦ
481 1901 544 1927 Υἱοῦ
569 1901 688 1936 δηλονότι
714 1900 890 1936 συνημμένως

107 1948 155 1972 καὶ
179 1946 246 1981 ἄμα,
274 1947 319 1973 καὶ
345 1946 374 1972 οὐ
403 1945 472 1981 μετὰ
491 1946 536 1972 τὸν
557 1946 620 1972 Υἰὺν
648 1946 796 1981 ὑστερίζων
821 1945 892 1972 κατὰ

107 1991 157 2026 τὴν
190 1992 317 2027 ὕπαρξιν.
353 1991 445 2018 Εἰπὼν
475 1992 504 2018 δὲ
533 1992 578 2018 τὸν
609 1991 671 2018 Υἱδν
695 1991 835 2026 προσεχῶς
858 1992 890 2017 ὲκ

107 2038 154 2063 τοῦ
184 2037 303 2073 πρώτου,
335 2038 372 2073 μὴ
397 2038 489 2072 νόμιζε
527 2038 564 2072 μὴ
589 2038 636 2064 καὶ
660 2037 741 2068 αὐτὸς
764 2035 832 2063 εἶναι
860 2037 890 2063 τὸ

108 2082 221 2118 Πνεῦμα
250 2083 390 2119 προσεχῶς
416 2085 448 2110 ἐκ
481 2083 526 2110 τοῦ
556 2083 674 2119 πρώτου.
707 2083 812 2118 Ὥσπερ
838 2082 891 2118 γὰρ

107 2128 123 2153 ὁ
144 2127 206 2158 Υἱὸς
240 2127 380 2163 προσεχῶς
410 2128 457 2154 καὶ
489 2127 601 2162 ἔγγιστα
627 2129 659 2154 ὲκ
685 2128 731 2154 τοῦ
762 2127 891 2163 πρώτου,

107 2172 230 2198 τουτὲπτι
256 2172 303 2199 τοῦ
330 2173 444 2208 Πατρὸς,
469 2173 539 2200 οὕτω
563 2174 610 2200 καὶ
632 2173 661 2199 τὺ
682 2173 793 2208 Πνεῦμα
808 2181 892 2208 προσ-

979 1808 1005 1835 5.
1024 1807 1123 1835 Eodem
1140 1815 1248 1843 quoque
1274 1807 1354 1835 modo
1367 1807 1514 1843 Gregorius
1530 1808 1669 1844 Nysaenus
1693 1809 1731 1838 ait

945 1853 1074 1888 Spiritum
1092 1861 1141 1887 per
1153 1862 1214 1880 eum
1236 1861 1296 1881 esse
1308 1854 1408 1888 quiest
1426 1854 1600 1888 peculiariter
1619 1863 1651 1882 ex
1675 1856 1731 1890 pri-

944 1907 1008 1930 mo;
1041 1907 1101 1926 cum
1120 1898 1188 1926 Filio
1213 1899 1318 1926 scilicet
1341 1900 1508 1933 coniunctim
1532 1905 1613 1934 atque
1637 1901 1729 1933 simul,

942 1951 1030 1979 neque
1052 1948 1113 1978 post
1134 1943 1229 1970 Filium
1255 1945 1404 1971 secundum
1427 1946 1641 1974 subsistentiam.
1662 1948 1729 1974 Cum

943 1991 981 2016 ait
1006 1993 1095 2016 autem
1113 1989 1209 2016 Filium
1233 1990 1406 2024 peculiariter
1429 1999 1459 2018 ex
1480 1992 1578 2025 primo,
1601 2000 1634 2019 ne
1658 1993 1731 2019 arbi-

943 2038 1017 2061 trere
1037 2035 1125 2068 ipsqu
1141 2034 1272 2069 Spiritum
1289 2043 1340 2060 uou
1361 2042 1422 2061 esse
1439 2036 1610 2069 peculiariter
1631 2044 1662 2062 ex
1676 2036 1730 2070 pri-

944 2087 998 2106 mo.
1028 2078 1262 2111 Quelnadmmlum
1287 2079 1360 2106 enim
1385 2079 1471 2106 Filius
1500 2081 1674 2114 peculiariter
1704 2086 1732 2109 et

943 2124 1066 2159 proxime
1081 2132 1112 2150 ex
1131 2123 1220 2158 primo
1233 2128 1285 2155 est,
1304 2124 1329 2150 id
1343 2130 1395 2156 est.
1411 2133 1443 2152 ex
1456 2124 1535 2152 Patre
1549 2133 1556 2158 ;
1573 2125 1608 2151 ita
1623 2129 1650 2152 et
1667 2124 1730 2160 Spi-

944 2170 1013 2197 ritus
1034 2171 1206 2204 peculiariter
1232 2175 1274 2197 est
1299 2178 1330 2197 cx
1359 2172 1463 2206 primo,
1494 2171 1643 2198 secundum
1670 2179 1730 2199 eam

111 2219 182 2253 εχῶς
205 2220 237 2245 ὲκ
249 2219 295 2245 τοῦ
320 2219 438 2254 πρώτου,
464 2220 534 2246 κατὰ
545 2219 594 2255 τὴν
626 2219 788 2255 προαιώνιον
804 2219 892 2254 ὓπαρ-

946 2223 1006 2249 qua:
1025 2219 1087 2242 ante
1104 2215 1202 2242 sarcula
1218 2218 1258 2242 est
1276 2215 1490 2242 subsistentiam.
1523 2215 1630 2241 Primus
1650 2222 1731 2248 porro

107 2264 160 2297 ξιν.
201 2265 311 2299 Πρῶτος
338 2265 365 2291 δὲ
391 2267 404 2291 6
429 2265 523 2301 Πατὴρ
551 2266 581 2291 οὑ
608 2265 678 2291 κατὰ
703 2266 806 2300 χρόνον,
831 2265 891 2291 οὐδὲ

107 2311 179 2338 κατὰ
208 2313 294 2345 τάξιν,
330 2312 367 2347 μὴ
403 2311 522 2346 γένοιτοί
554 2311 620 2337 ἀλλὰ
642 2310 709 2337 καθὸ
736 2311 821 2342 αἴτιος
843 2310 889 2336 τοῦ

106 2357 172 2384 Υἱοῦ
198 2358 243 2384 καὶ
270 2357 317 2384 τοῦ
343 2357 511 2392 Πνεύμιτος,
537 2357 630 2392 ὥσπερ
657 2356 704 2382 καὶ
730 2357 828 2391 μείζων
846 2356 891 2382 καὶ

106 2402 233 2437 ἄναρχος,
257 2402 294 2433 ὡς
310 2403 440 2433 ἀναίτιος,
469 2402 506 2434 ὡς
526 2401 587 2436 ῥίζα
610 2401 664 2427 τῶν
687 2400 717 2433 ἐξ
741 2401 822 2427 αὑτοῦ
844 2401 892 2427 καὶ

107 2448 194 2482 πηγή.
220 2448 324 2481 Ὥσπερ
348 2447 401 2482 γὰρ
426 2445 502 2478 οὗτος
529 2448 606 2482 μόνος
631 2447 746 2482 ἄναρχος
773 2447 841 2482 πρὸς
862 2446 891 2472 τὸ

106 2491 219 2526 Πίεῦμα
246 2492 292 2518 καί
319 2491 362 2518 τὸν
377 2491 450 2522 Υἰὸν,
473 2491 543 2517 οὓτω
566 2491 613 2517 καὶ
642 2492 742 2517 τούτων
774 2492 788 2516 6
812 2491 891 2523 αὐτὸς

108 2537 188 2571 μύλος
216 2537 300 2570 αἴτιος
319 2543 325 2550 ·
352 2537 381 2563 τὺ
405 2537 433 2563 δὲ
465 2536 577 2572 Πνεῦμα
607 2537 674 2572 πρὸς
700 2537 745 2562 τὸν
771 2537 890 2571 Πατέρα,

106 2583 156 2609 οὐκ
177 2582 301 2617 ἄναρχον,
330 2581 383 2608 οὐδ’
409 2581 538 2612 ἀναίτιον,
564 2581 658 2618 ὥσπερ
685 2581 716 2617 δὴ
739 2582 785 2608 καὶ
811 2582 892 2613 αὐτὸς

105 2628 120 2654 6
138 2627 199 2658 Υἱὸς
226 2628 296 2653 κατὰ
322 2627 371 2663 τὴν
396 2627 424 2654 ἐν
446 2627 535 2662 χρόνῳ
554 2627 651 2662 ἀρχήν.
688 2627 726 2653 Οὐ
756 2627 834 2662 μόνον
860 2627 891 2654 τὸ

105 2672 229 2707 Πνεῦμα.
258 2672 327 2698 ἀλλὰ
353 2673 401 2698 καὶ
425 2673 439 2698 ὁ
465 2672 528 2703 Υἱὸς
555 2672 671 2707 ἄναρχος
696 2671 789 2708 ὥσπερ
815 2672 862 2699 καὶ
877 2673 892 2699 6

107 2717 217 2752 Πατήρ.
244 2716 354 2752 Πρῶτος
386 2716 471 2748 αἴτιος
500 2717 546 2744 καὶ
575 2717 652 2752 μόνος
677 2719 691 2744 6
715 2717 809 2753 Πατὴρ
844 2717 891 2744 τοῦ

106 2761 173 2787 Υξοῦ
204 2762 249 2788 καὶ
275 2761 322 2788 τοῦ
360 2761 526 2796 Πνεύματος.
565 2763 644 2789 Ἀλλὰ
677 2763 713 2798 μὴ
738 2763 813 2798 ζήτει
844 2763 892 2790 καὶ

106 2806 232 2842 δεύτερον
261 2809 274 2833 ὁ
296 2806 445 2842 ὸρῦόδοξος,
476 2808 543 2842 μηδέ
571 2817 602 2842 γε
631 2809 742 2844 τρίτον·
772 2810 815 2836 ἵνα
842 2809 890 2844 μὴ,

107 2850 157 2886 τὴν
173 2851 256 2886 αὐτὴν
276 2852 321 2877 καὶ
339 2850 401 2885 μίαν
414 2851 506 2878 οὺςίαν
519 2854 694 2888 κατατέμνων
708 2854 888 2889 κακοτλόλως,

946 2259 1024 2286 Pater
1049 2264 1100 2291 est,
1128 2267 1180 2285 nou
1205 2263 1335 2294 tempore,
1361 2267 1410 2286 nec
1425 2260 1504 2294 302
1524 2259 1747 2290 ordiue,absitl‘

943 2305 990 2331 sed
1007 2305 1032 2331 in
1049 2309 1180 2339 quantum
1199 2312 1281 2331 causa
1298 2308 1340 2331 est
1357 2304 1416 2331 Filii
1433 2309 1458 2331 cl
1476 2305 1592 2339 Spiritus
1605 2324 1613 2336 ,
1634 2313 1729 2340 quem-

943 2350 1087 2376 admodum
1115 2356 1141 2377 et
1162 2350 1247 2384 major
1270 2354 1298 2376 et
1331 2350 1434 2385 absque
1458 2350 1601 2385 principio.
1620 2355 1649 2377 ut
1671 2353 1730 2378 sine

942 2403 1024 2422 causa
1041 2396 1105 2425 ulla,
1124 2396 1198 2422 radix
1216 2401 1241 2422 et
1265 2395 1327 2422 fons
1347 2403 1441 2422 eorum
1458 2404 1518 2430 qua:
1536 2404 1568 2422 ex
1583 2396 1642 2430 ipso
1657 2405 1731 2423 ema-

942 2445 1018 2468 naut.
1031 2441 1266 2473 Quemadmodum
1283 2441 1355 2468 enim
1372 2442 1429 2476 ipse
1447 2443 1522 2469 solus
1540 2443 1643 2476 absque
1657 2443 1731 2477 prin—

942 2487 1014 2522 cipio
1031 2491 1073 2514 cst
1098 2490 1222 2520 respectu
1248 2486 1367 2521 Spiritus
1382 2495 1413 2514 ac
1434 2487 1506 2518 Filii,
1534 2488 1570 2514 ita
1590 2491 1617 2514 et
1636 2496 1730 2515 eorum

943 2533 1000 2568 ipse
1023 2533 1099 2560 solus
1119 2538 1161 2560 est
1183 2541 1275 2560 causa.
1299 2533 1419 2568 Spiritus
1437 2542 1501 2561 vero
1531 2540 1657 2568 respectu
1680 2534 1733 2560 Pa-

941 2579 1002 2610 tris,
1026 2586 1081 2605 non
1099 2579 1202 2612 absque
1227 2579 1370 2613 principio.
1389 2586 1439 2606 nec
1459 2579 1562 2614 absque
1577 2587 1659 2606 causa
1677 2583 1731 2612 est.

942 2625 1170 2660 quemadmodum
1185 2632 1235 2652 nec
1258 2626 1316 2660 ipse
1329 2624 1415 2652 Filius
1429 2625 1506 2660 juxta
1521 2633 1600 2653 suum
1615 2626 1641 2652 in
1665 2630 1732 2653 tem-
1747 2617 1750 2620 λ

943 2679 1008 2705 pore
1026 2671 1202 2706 principium.
1231 2670 1289 2698 Non
1319 2671 1400 2698 modo
1419 2671 1561 2706 Spiritus,
1589 2673 1635 2699 sed
1649 2679 1731 2699 etiam

942 2717 1028 2744 Filius
1043 2717 1146 2751 absque
1157 2717 1291 2752 principio
1307 2721 1348 2746 est
1362 2718 1443 2744 sicuti
1457 2717 1546 2745 Pater.
1563 2717 1652 2744 Prima
1669 2724 1732 2744 cau-

943 2770 973 2790 sa
996 2770 1082 2797 eaquc
1100 2764 1157 2790 sola
1181 2763 1261 2791 Pater
1279 2767 1321 2791 est
1344 2763 1404 2790 Filii
1435 2767 1516 2798 atque
1543 2763 1669 2798 Spiritus.
1695 2762 1730 2790 At

943 2810 1091 2837 secundam
1107 2818 1141 2838 ne
1163 2818 1279 2846 queeras.
1301 2810 1429 2845 quisquis
1443 2810 1612 2837 orthodoxus
1628 2818 1669 2843 es,
1682 2817 1717 2837 ne

944 2864 995 2891 que
1009 2855 1127 2891 tertiam;
1147 2860 1175 2884 ut
1193 2865 1226 2885 ne
1251 2856 1372 2884 eamdcm
1390 2863 1527 2892 unamque
1543 2856 1727 2884 substantiam
