1940 3068
214 136 265 165 83!
756 137 760 142 ”
785 141 813 168 S.
836 140 1062 169 ATHANASIUS.
1082 155 1117 161 -
1136 138 1286 169 SPURIA.‘
1774 143 1831 170 8'52

216 192 340 227 improbo
356 193 480 221 dividens
503 195 594 223 studio
607 216 614 227 ,
631 201 660 223 ut
684 205 773 232 pravae
794 198 926 226 doctrinze
948 199 997 226 ho-

1051 198 1096 224 καὶ
1122 198 1242 234 διαιρῶν,
1268 197 1469 233 καταδικασθῇς
1492 199 1532 230 ὡς
1559 199 1712 232 κακόδοξος.
1748 201 1833 236 Πρῶ-

216 245 262 265 nlo
272 238 419 266 damneris.
445 240 551 268 Primus
569 243 658 277 itaque
675 242 753 270 Pater
768 248 809 271 est
825 246 851 271 iu
865 249 997 279 quantum

1051 251 1092 274 τος
1115 243 1258 278 τοιγαροῦν
1282 244 1296 269 6
1327 243 1421 279 Πατὴρ
1447 243 1513 270 καθὸ
1534 243 1644 278 μείζων,
1670 244 1769 279 μείζων
1799 245 1831 272 δὲ

216 284 305 317 major
320 288 378 317 est;
393 286 479 320 major
494 295 558 314 vero
570 288 595 314 in
611 293 742 322 quantum
758 294 799 316 est
814 291 916 325 absque
925 291 999 325 priu-

217 329 307 363 cipio;
327 330 429 365 absque
443 333 578 367 principio
592 338 683 361 autem
699 339 741 362 est
759 336 785 362 in
809 343 940 371 quantum
956 340 998 364 est

216 375 379 410 principium
395 377 580 411 hypostasium
595 388 654 413 qua-
667 385 729 406 suut
748 381 868 415 ejusdem
885 387 996 410 naturae.

219 419 336 454 Spiritus
351 427 376 448 et
393 421 476 449 Filius
490 425 664 458 peculiariter
673 433 704 452 ex
721 427 823 460 majore
837 447 844 459 ,
860 427 886 454 id
900 432 942 455 est
965 437 996 455 ex

217 464 306 493 Patre.
333 466 391 494 Una
411 469 482 496 enim
503 468 586 497 Filius
608 472 714 506 proprie
739 479 770 498 ac
796 481 867 504 vere,
892 481 998 500 necnon

218 509 338 545 Spiritus
369 517 480 540 sanctus
500 523 532 541 ex
554 515 634 542 Patre
663 521 735 542 stitit.
766 516 824 543 Non
852 518 924 551 quod
955 519 998 546 ille

218 558 305 592 prius,
326 557 378 585 iste
401 559 554 593 posterius;
572 560 618 586 sed
634 560 713 587 simul
734 560 794 588 Filii
810 563 958 596 generatio,
973 567 999 590 et

219 601 337 638 Spiritus
354 605 493 638 processio
509 606 638 639 splenilct'
652 615 659 633 ε
686 607 802 634 mittitur
821 607 939 643 Spiritus
958 614 1000 636 at—

218 657 272 683 que
292 649 377 683 datur,
396 658 444 684 per
462 649 572 682 Filium,
593 656 622 678 ut
645 652 738 680 beatus
762 654 799 681 ait
821 655 997 689 Athanasius,

218 694 445 728 quemadmodum
460 700 486 722 et
505 695 589 723 Filius
609 705 656 731 per
668 696 811 732 Spiritum,
835 701 872 726 uti
896 701 998 728 dictum

219 739 279 766 fuit.
294 739 391 767 Eadem
407 749 515 776 quoque
526 743 629 770 ratione
649 743 850 779 intelligendum
862 747 928 773 illud
945 747 999 783 Cy-

219 786 273 812 rilli
287 785 400 818 dictum.
418 795 514 822 nempe
530 796 562 815 ex
585 789 728 821 ambobus.
747 791 863 825 scilicet,
882 792 1000 828 Spiritus

218 839 252 858 ex
271 830 351 858 Patre
367 833 515 866 procedens
531 841 562 860 ex
586 835 717 863 ambobus
734 836 868 871 splendet,
883 840 1001 866 mittitur

1048 288 1115 315 καθὸ
1138 288 1262 324 ἄναρχος·
1289 288 1405 324 ἄναρχος
1431 289 1459 314 δὲ
1486 289 1554 316 καθὸ
1579 290 1650 326 ἀρχὴ
1675 290 1728 316 τῶν
1762 292 1833 327 ὀμο-

1049 333 1122 366 φυῶν
1143 333 1327 359 ὑποστάσεων.
1343 333 1380 359 Τὸ
1403 333 1525 369 Πνεῦμα,
1552 335 1599 361 καὶ
1620 336 1634 361 6
1656 335 1719 368 Υἱὸς
1742 345 1831 371 προσ-

1048 379 1117 414 εχῶς
1154 380 1186 405 ὲκ
1225 379 1271 406 τοῦ
1311 379 1442 414 μείζονος,
1471 380 1593 407 τουτέστι
1627 382 1672 408 τοῦ
1711 383 1830 418 Πατρός.

1049 424 1123 458 ’Ἅμα
1151 424 1204 460 γὰρ
1237 425 1252 450 6
1283 425 1346 456 Υἱὸς
1378 425 1480 460 κυρίως
1506 427 1553 452 καὶ
1587 426 1703 462 ἀληθῶς,
1727 430 1774 454 καὶ
1798 429 1833 454 τὸ

1048 470 1159 505 Πνεῦμα
1184 471 1216 496 ἐκ
1238 469 1285 496 τοῦ
1306 471 1421 505 Πατρός.
1449 472 1504 506 Οὐχ
1525 473 1539 498 ὁ
1568 472 1617 507 μὲν
1643 474 1784 509 πρότερον,
1799 474 1833 501 τὸ

1047 515 1075 541 δὲ
1105 515 1163 551 pst‘
1194 515 1284 542 αὐτόν·
1317 516 1374 542 ἀλλ’
1399 517 1457 552 ἅμα
1484 519 1501 553 ἡ
1527 518 1652 554 γέννησις
1676 519 1723 546 τοῦ
1750 519 1832 551 Υῐοῦ.

1049 561 1105 595 ἅμα
1132 562 1178 587 καὶ
1204 561 1250 587 τοῦ
1280 561 1436 597 Πνεῦματος
1465 564 1481 598 ἡ
1507 563 1668 599 ἐκπόρευσις
1692 565 1834 600 ἐκλάμπε-

1048 614 1103 637 tat,
1129 607 1176 632 καὶ
1193 606 1385 633 ἀποστέλλεται
1410 608 1440 634 τὺ
1466 608 1577 644 Πνεῦμα
1601 610 1649 636 καὶ
1671 609 1769 636 δίδοται
1787 609 1834 636 διὰ.

1049 651 1094 678 τοῦ
1125 652 1210 684 Υἱοῦ,
1242 652 1280 684 ὡς
1308 654 1441 689 μακάριός
1465 663 1546 689 φησιν
1567 655 1737 687 Ἀθανάσιος,
1765 656 1835 683 καθ-

1050 697 1122 733 άπερ
1146 698 1192 724 καὶ
1222 699 1236 724 6
1260 698 1324 729 Υἱὸς
1344 698 1388 725 διὰ
1413 700 1458 726 τοῦ
1483 700 1649 736 Πνεύματος,
1674 701 1767 737 ὥσπερ
1793 702 1834 728 εἷ-

1051 751 1139 778 ρηται.
1185 744 1322 775 Ὡσαύτως
1358 745 1405 771 καὶ
1433 746 1464 772 τὸ
1490 745 1535 772 τοῦ
1564 747 1698 782 μακαρίου
1729 747 1835 782 Κυρίλ-

1050 787 1116 819 λου,
1143 788 1213 822 λέγω
1241 789 1272 824 δὴ
1300 789 1340 821 τὸ,
1364 790 1393 823 ἐξ
1415 791 1533 825 ἀμφοῖν,
1558 791 1619 817 κατ’
1646 792 1730 826 αὐτὴν
1749 791 1834 827 ἐκλη-

1051 833 1131 860 πτέον
1153 834 1202 868 τὴν
1224 834 1342 861 ἔννοιαν·
1369 835 1399 862 τὸ
1423 835 1534 870 Πνεῦμα
1564 836 1594 862 τὸ
1617 837 1834 872 ἐκπορευόμενον

218 882 246 904 et
259 878 349 911 datur,
364 886 396 905 ex
407 878 486 906 Patre
500 880 603 907 scilicet
613 886 640 907 et
653 880 734 910 Filio.
750 867 783 909 iit
809 867 889 918 paulo
909 890 970 919 post
991 895 999 914 :

1051 880 1083 906 ὲκ
1106 879 1151 906 τοῦ
1178 867 1284 916 Πατρδς
1311 881 1341 913 ἐξ
1364 882 1462 916 ἀμφοῖν
1494 867 1673 917 ἐκλάμπεται,
1687 867 1836 910 -ἀποιστέλ-

220 921 294 950 Duas
306 924 503 957 generationes,
521 925 558 951 uti
582 926 708 960 superius
732 927 798 959 dixi,
817 929 890 956 circa
903 929 1001 957 Filium

219 968 321 1002 didici;
339 977 419 996 unam
433 978 495 1005 qua:
510 975 551 998 est
566 979 598 998 er
615 971 695 1000 Patre
705 977 768 1001 ante
781 978 911 1009 tempora.
922 977 1001 1003 aliam

219 1023 280 1050 quia:
293 1023 326 1042 ex
338 1015 449 1051 Virgine
464 1017 491 1043 in
508 1021 638 1051 tempore.
652 1018 751 1046 Eodem
767 1020 846 1047 modo
858 1021 925 1048 duas
940 1030 1002 1056 pro-

219 1061 342 1090 fusiones
372 1063 454 1090 didici
479 1070 540 1090 esse
565 1062 684 1098 Spiritus
707 1067 814 1098 sancti;
841 1074 922 1094 unam
949 1075 1002 1102 qua

220 1107 343 1143 procedit
357 1113 420 1135 ante
434 1112 554 1143 tempora
564 1129 571 1141 ,
587 1114 614 1136 et
629 1110 708 1136 aliam
722 1118 775 1145 qua
791 1111 938 1139 bonitatem
952 1114 1003 1140 im-

220 1154 345 1188 partitur.
379 1153 432 1181 Sed
458 1154 558 1188 prioris
577 1154 638 1182 Filii
663 1156 846 1190 generationis
863 1161 890 1184 ct
905 1159 1003 1192 prioris

221 1199 403 1234 processionis
433 1199 560 1235 Spiritus.
576 1199 657 1227 Pater
671 1203 746 1228 solus
765 1210 848 1229 causa
860 1207 912 1230 est.
931 1203 1002 1231 Alte-

220 1245 279 1271 rius
293 1252 357 1271 vero
376 1246 559 1279 generationis
582 1255 642 1281 quze
659 1247 685 1273 in
709 1251 830 1282 tempore
852 1248 923 1276 facta
949 1253 1002 1280 est.

221 1295 249 1317 et
270 1290 383 1318 alterius
401 1291 579 1325 prol‘usionis,
608 1300 661 1327 qua
672 1292 742 1319 dona
760 1294 923 1328 impartitur,
949 1303 1004 1322 nou

221 1335 297 1362 solus
308 1335 396 1368 Pater,
411 1337 458 1363 sed
470 1336 555 1364 Filius
565 1341 592 1364 et
605 1337 723 1372 Spiritus
735 1343 847 1367 sanctus
857 1344 1003 1368 estcausa.

221 1381 261 1409 Ex
277 1382 409 1410 ambobus
424 1383 524 1418 itaque.
541 1383 622 1411 Patre
637 1385 741 1412 scilicet
753 1391 780 1412 et
792 1385 871 1416 Filio.
891 1387 924 1414 ad
949 1388 1006 1415 dis-

220 1430 408 1463 pensationem
424 1430 573 1457 ell'unditur
589 1441 596 1458 :
617 1439 672 1458 non
687 1432 837 1458 secundum
853 1433 1005 1460 subsisten-

221 1473 297 1506 tiam,
313 1474 398 1502 absit!
418 1475 538 1510 alioquin
560 1476 620 1503 duze
634 1484 724 1504 causa:
737 1485 877 1513 perperam
893 1478 1006 1506 induce-

1051 924 1197 952 λεταιικαὶ
1220 926 1330 958 δίδοται,
1356 927 1462 962 Πατρὸς
1498 928 1546 954 καὶ
1570 927 1652 955 Υἰοῦ.
1688 929 1742 956 Καὶ
1774 931 1834 964 μετ’

1051 971 1144 1004 ὀλίγα·
1178 971 1230 998 Δύο
1260 972 1399 1008 γεννήσεις
1433 973 1472 1004 ὡς
1499 973 1600 1000 ἀνωθεν
1640 974 1724 1009 ἔφθην
1748 974 1836 1001 εἰπὼν

1052 1016 1098 1042 ἐπὶ
1122 1015 1167 1043 τοῦ
1196 1017 1282 1050 Λόγου
1306 1018 1468 1054 μεμάθηκα·
1497 1018 1560 1053 μίαν
1583 1019 1632 1054 μὲν
1654 1019 1702 1054 τὴν
1730 1020 1761 1046 ἐκ
1778 1020 1835 1046 Πι-

1051 1060 1114 1095 τρὸς
1142 1061 1189 1087 καὶ
1211 1061 1280 1096 ὑπὲρ
1300 1062 1403 1097 χρόνον,
1427 1063 1490 1098 μίαν
1508 1063 1536 1090 δὲ
1562 1064 1610 1099 τὴν
1635 1065 1666 1090 ὲκ
1689 1064 1738 1099 τῆς
1759 1065 1835 1100 Πειρ-

1053 1106 1130 1132 θένου
1167 1107 1214 1133 καὶ
1241 1107 1292 1134 ὑπὸ
1324 1108 1450 1143 χρόνον.’
1476 1109 1610 1141 Ὡσαύτως
1634 1109 1680 1136 καὶ
1701 1110 1747 1136 δύο
1772 1119 1837 1145 προ-

1052 1151 1144 1186 χύσεις
1173 1153 1295 1188 ὲμυήθην
1332 1154 1379 1180 ἐπὶ
1401 1153 1448 1181 τοῦ
1482 1155 1657 1190 Πνεύματος⁸
1694 1156 1758 1191 μίαν
1785 1157 1837 1191 μὲν

1052 1198 1101 1232 τὴν
1125 1198 1321 1234 ἐκπορευτικὴν
1344 1201 1390 1226 καὶ
1418 1201 1486 1236 ὑπὲρ
1507 1201 1611 1236 χρόνον,
1632 1202 1678 1228 καὶ
1700 1202 1764 1237 μίαν
1786 1202 1837 1236 τὴν

1055 1249 1230 1284 μεταδοτικὴν
1258 1250 1432 1286 ἁγαοάτητος.
1459 1251 1538 1279 Ἀλλὰ
1562 1253 1612 1286 τῆς
1639 1253 1750 1288 πρώτης
1772 1261 1836 1286 γεν-

1054 1295 1157 1330 νήσεως
1181 1295 1228 1321 τοῦ
1257 1295 1344 1328 Υῑοῦ,
1379 1298 1425 1324 καὶ
1450 1298 1498 1332 τῆς
1527 1297 1638 1333 πρώτης
1671 1298 1716 1324 τοῦ
1749 1298 1838 1324 Πνεύ-

1056 1347 1139 1373 ματος
1161 1339 1358 1374 ὲκπορεύσεως,
1386 1342 1400 1366 6
1427 1342 1521 1377 Πατὴρ
1549 1342 1626 1377 μόνος
1647 1342 1741 1373 αἴτιος.
1782 1342 1838 1376 Τῆς

1053 1384 1081 1411 δὲ
1102 1385 1184 1420 ἄλλης
1204 1387 1357 1422 γεννήσεως
1372 1387 1422 1422 τῆς
1435 1388 1487 1414 ὑπὸ
1500 1389 1594 1424 χρόνον
1604 1408 1611 1421 ,
1633 1389 1680 1415 καὶ
1693 1389 1742 1423 τῆς
1754 1388 1838 1423 ἄλλης

1055 1435 1213 1470 προχύσεως
1229 1435 1277 1469 τῆς
1302 1436 1494 1472 μεταδοτικῆς,
1512 1438 1542 1464 οὐ
1561 1438 1640 1473 μόνος
1657 1437 1741 1469 αἴτιος
1755 1439 1769 1464 6
1784 1438 1840 1463 ﬂa~

1055 1481 1118 1516 τὴρ,
1137 1480 1204 1508 ἀλλὰ
1223 1482 1268 1508 καὶ
1282 1483 1296 1508 6
1311 1482 1374 1514 Υἱὸς
1390 1483 1436 1508 καὶ
1451 1483 1480 1509 τὸ
1497 1483 1608 1518 Πνεῦμα
1625 1484 1655 1510 τὸ
1674 1483 1767 1517 ἅγιον.
1794 1483 1840 1516 Ἐξ

220 1523 327 1551 rentur,
341 1528 400 1555 quae
420 1522 465 1548 uni
483 1521 521 1548 illi
544 1523 666 1557 ejusdem
692 1527 796 1550 natura;
821 1531 853 1550 ac
868 1525 942 1558 paris
957 1524 1000 1551 ho-

1057 1527 1157 1560 ἀμφοῖν
1174 1526 1316 1562 τοιγαροῦν
1330 1527 1359 1554 τὸ
1372 1527 1494 1563 Πνεῦμα,
1508 1529 1613 1564 Πατρὺς
1628 1529 1673 1555 καὶ
1685 1528 1758 1560 Υῑοῠ,
1772 1528 1840 1564 πρὸς

221 1565 295 1592 noris
311 1566 462 1599 exsistenti,
479 1568 591 1595 multum
612 1568 815 1595 antecellerent.

1057 1571 1216 1607 ἐπινέμησιν
1232 1574 1391 1608 προχεῖται·
1406 1573 1436 1599 οὐ
1453 1574 1522 1600 κατὰ
1536 1575 1583 1609 τὴν
1599 1574 1725 1610 ὓπαρξιν,
1743 1574 1781 1610 μὴ
1795 1573 1842 1610 γέ·-

223 1619 292 1638 θοιτο
304 1612 310 1638 l
325 1612 385 1638 ἐπεὶ
400 1612 446 1639 δύο
460 1613 494 1639 τὰ
507 1613 582 1640 αἴτια.
591 1614 811 1649 παρεισάγονται,
823 1613 869 1641 τοῦ
882 1614 941 1646 ἑνὸς
952 1616 1090 1651 συμφυοῦς
1105 1617 1151 1643 καὶ
1165 1617 1296 1652 ὀμοτίμου
1311 1619 1382 1645 κατὰ
1395 1619 1462 1645 πολὺ
1477 1619 1645 1654 διαφέροντα.

221 1703 1826 1719 Ἦ

441 1762 502 1806 IN
540 1762 856 1807 SYNTAGMA
884 1762 1207 1808 DOCTlileE
1250 1765 1621 1813 ADMONITIO.

257 1893 315 1920 Hoc
329 1895 483 1929 opusculum
500 1895 593 1929 paucis
616 1894 648 1922 ab
673 1895 733 1921 hinc
754 1896 831 1922 armis
848 1896 876 1923 in
897 1895 980 1924 lucem
996 1897 1109 1931 protulit
1127 1895 1167 1922 uir
1181 1895 1287 1922 clariss.
1306 1895 1426 1923 Andreas
1449 1895 1582 1923 Arnoldus
1603 1895 1844 1932 Norimbergensis,

221 1947 292 1967 anno
312 1940 411 1967 scilicet
432 1940 511 1968 1685.
531 1941 615 1976 Atque
631 1941 658 1967 in
682 1940 838 1975 pra'fatione
865 1950 916 1968 sua
935 1943 1025 1970 multis
1042 1942 1087 1969 illa
1110 1942 1270 1977 argumentis
1291 1941 1438 1969 Athanasio
1451 1951 1568 1969 asserere
1581 1943 1721 1971 contendit.
1749 1944 1844 1972 Sancti

222 1987 364 2015 Athanasii
374 1987 572 2023 archiepiscopi
584 1988 771 2022 Alexandrini,
784 1989 821 2016 ait
837 1990 900 2022 inse,
917 1990 1063 2025 Syntagma
1073 1989 1201 2017 doctrina:
1211 1990 1245 2016 ad
1257 1990 1408 2022 monac/ws.
1419 1991 1528 2018 clericos
1540 1996 1564 2018 et
1577 1991 1669 2024 laicus,
1685 1997 1845 2020 recensetur

221 2042 254 2062 ex
271 2035 454 2070 pulcherrimo
481 2036 576 2063 codice
600 2036 810 2064 membranaceo
830 2036 967 2064 \ossiano
982 2038 1192 2072 quingentorum
1208 2037 1248 2064 vel
1265 2041 1457 2065 sescentorum
1484 2046 1616 2066 annorum
1628 2059 1635 2072 ,
1661 2041 1706 2074 qui
1721 2041 1844 2068 continet

223 2089 352 2117 praaterea
377 2081 490 2110 Palladii
514 2082 663 2109 Historiam
680 2082 840 2110 Lausiacam
857 2092 919 2111 cum
943 2084 1046 2120 aliquot
1065 2085 1163 2112 libellis
1181 2084 1385 2111 vetustioribus.
1409 2084 1450 2111 Ad
1470 2085 1646 2119 cupiditatem
1669 2085 1844 2114 describendi

222 2128 382 2156 exciverunt.
394 2137 436 2156 me
450 2129 502 2155 viri
516 2129 630 2156 illustris
644 2136 725 2156 manu
741 2129 861 2164 ascripta
877 2129 959 2156 verba
997 2129 1058 2156 Non
1070 2134 1109 2156 est
1130 2130 1155 2155 in
1165 2128 1243 2155 editis
1257 2128 1408 2156 Athanasii.
1423 2128 1550 2156 Nolebam
1568 2130 1639 2157 enim
1656 2130 1734 2165 parvi
1755 2129 1845 2158 facere

223 2175 355 2212 quidquid
368 2177 433 2203 tanti
444 2176 572 2204 Ecclesia:
583 2177 704 2204 doctoris
713 2181 796 2210 esset,
805 2177 931 2212 quodque
938 2177 970 2204 ad
979 2178 1096 2212 aliquem
1105 2185 1195 2204 meum
1207 2177 1324 2204 fructum
1334 2177 1503 2204 redundaret.
1516 2177 1612 2205 Postea
1621 2186 1668 2213 per
1676 2178 1782 2206 litteras
1791 2178 1845 2205 fau-

198 2250 204 2256 ,
223 2227 308 2250 torezu
322 2222 354 2250 de
364 2223 502 2250 voluntate
512 2224 652 2252 emittendi
664 2224 804 2252 Athanasii
816 2225 961 2252 certiorem
969 2225 1084 2257 reddidi,
1093 2225 1193 2260 quibus
1205 2225 1258 2251 tale
1268 2232 1427 2260 responsum
1435 2225 1509 2252 dedit
1521 2235 1527 2252 :
1544 2225 1574 2253 S.
1585 2225 1725 2252 Athanasii
1738 2225 1775 2253 De
1789 2226 1844 2253 vita

223 2272 375 2298 monastica
395 2271 582 2299 διδασκαλικόν
598 2273 707 2308 dignum
721 2278 760 2300 est
777 2281 884 2307 prorsus
902 2273 971 2308 quod
985 2274 1090 2305 edatur,
1108 2273 1231 2308 longeque
1244 2273 1414 2307 pra’stantius
1433 2282 1464 2299 ea
1481 2273 1581 2307 regula.
1607 2281 1686 2308 quam
1699 2281 1732 2300 ea:
1748 2273 1845 2301 "iero-

223 2319 423 2353 nymioperibus
437 2321 540 2355 collegit
553 2319 653 2354 Lupus.
665 2319 731 2347 Cum
746 2326 841 2348 veteres
852 2321 980 2354 scriptum
990 2321 1037 2347 hoc
1050 2320 1198 2347 Athanasio
1217 2319 1345 2351 tribuant,
1361 2328 1412 2346 non
1431 2320 1497 2346 satis
1515 2319 1588 2346 video
1596 2327 1677 2354 quare
1689 2319 1720 2345 de
1738 2324 1846 2347 auctora

223 2364 340 2393 dubitas.
358 2366 500 2394 Winsoriw
521 2375 548 2394 xt
563 2367 619 2395 Jul.
643 2367 851 2396 clalochxxut.
866 2367 906 2394 Ex
923 2375 977 2402 quo
996 2375 1123 2403 maguum
1150 2367 1215 2394 mihi
1236 2367 1399 2394 nascebatur
1422 2370 1610 2400 argumentum
1629 2370 1685 2392 tmn
1708 2366 1844 2398 veritatis,

223 2418 281 2441 tum
299 2413 450 2448 dignitatis.
468 2413 582 2448 Purgant
605 2414 632 2441 in
651 2415 768 2449 incepto,
794 2414 839 2441 ubi
859 2417 936 2440 tanto
953 2414 1015 2440 viro
1032 2421 1081 2447 pro
1100 2414 1158 2440 suis
1180 2413 1207 2439 in
1222 2420 1264 2439 me
1287 2412 1402 2443 meritis,
1423 2411 1525 2446 gratias
1545 2419 1634 2446 egero.
1659 2411 1711 2438 Per
1724 2412 1846 2446 quinque

224 2461 341 2496 amplius
354 2469 463 2489 menses
480 2461 643 2489 bibiiotheca
660 2462 758 2496 ipsius,
772 2470 833 2496 qua:
848 2461 948 2488 multas
970 2461 1038 2487 alias
1064 2461 1192 2492 raritate,
1211 2460 1383 2493 utilitathue
1410 2459 1487 2494 longe
1513 2464 1642 2494 superat,
1665 2467 1720 2486 non
1740 2463 1846 2486 tantum

224 2507 328 2542 patuit;
344 2507 392 2534 sed
408 2507 548 2534 oraculum
564 2508 727 2535 eruditionis
745 2508 772 2534 in
788 2507 911 2542 singulos
931 2507 991 2533 dies
1008 2506 1152 2533 consulere
1170 2506 1211 2533 fas
1229 2509 1299 2533 erat.
1315 2504 1424 2532 Veteres
1441 2505 1544 2532 oraculi
1566 2505 1607 2532 vel
1625 2512 1677 2531 una
1699 2505 1759 2532 vice
1780 2513 1848 2532 eon-

225 2553 343 2581 sultandi
358 2561 440 2581 causa
469 2554 625 2588 longissima
647 2554 846 2581 emetiebanlur
861 2553 960 2587 itinera
974 2572 982 2584 ,
1004 2552 1075 2579 beati
1096 2551 1224 2579 brevibus
1238 2551 1398 2585 responsis:
1421 2551 1482 2585 quis
1499 2550 1613 2581 dubitet,
1632 2550 1744 2577 meliore
1762 2550 1846 2578 fuisse

224 2599 285 2627 loco
300 2600 347 2634 qui
364 2600 390 2626 in
409 2600 509 2634 templo
525 2599 662 2626 Musarum
676 2607 739 2626 cum
756 2599 881 2634 Apolline
897 2598 1050 2625 habitavit?
1063 2598 1122 2624 Alio
1144 2597 1309 2632 quandoque
1333 2596 1474 2631 spectabat
1488 2595 1584 2631 Pythia
1605 2603 1675 2622 vox:
1700 2596 1848 2630 aliquando

225 2650 326 2673 sortem
339 2646 442 2672 oraculi
457 2646 609 2673 eluseruut.
632 2645 806 2673 Dormiebaut
821 2645 946 2672 nonnulli
959 2644 986 2671 in
1001 2644 1132 2674 delubris.
1151 2648 1179 2670 ut
1199 2651 1246 2678 per
1263 2643 1399 2670 somnium
1423 2642 1546 2669 viderent
1566 2641 1672 2676 species
1688 2649 1790 2673 rerum,
1806 2643 1846 2670 vel

226 2690 352 2717 audirent
368 2698 479 2723 vocem;
497 2691 563 2717 mihi
585 2696 648 2718 tunc
674 2691 790 2719 lmtiores
806 2691 834 2718 in
859 2691 914 2718 vita
928 2691 1076 2718 illuxerunt
1092 2690 1161 2721 dies,
1181 2696 1244 2716 vera
1261 2690 1350 2716 omnis
1373 2692 1400 2716 et
1424 2688 1568 2723 perspicua
1582 2686 1798 2715 oratio.Gratias
1821 2692 1848 2716 te

226 2737 333 2772 dignas.
347 2738 462 2766 illustris
478 2737 568 2771 Vossi,
585 2747 665 2774 agere
681 2738 818 2772 deberem,
837 2743 865 2767 et
880 2746 948 2774 quas
966 2745 1078 2773 possum
1094 2744 1154 2772 ago.
1172 2735 1313 2772 Siquidem
1333 2735 1402 2763 nihil
1417 2735 1486 2763 satis
1504 2734 1677 2770 magniﬁcum
1699 2734 1732 2761 de
1749 2734 1848 2762 virtute

227 2789 274 2813 tua
287 2786 413 2813 dixerim.

263 2830 417 2866 'l‘antopere
429 2831 462 2859 de
477 2840 520 2860 me
534 2832 641 2866 merito,
656 2832 752 2861 Lector
770 2833 910 2866 benevole,
925 2836 1031 2868 gratum
1055 2831 1175 2868 praebere
1204 2831 1347 2866 imperavit
1364 2830 1469 2866 pietas;
1493 2837 1566 2858 nunc
1586 2829 1621 2858 ad
1639 2829 1783 2864 Syntagma
1805 2836 1848 2857 ro-
