1940 3068
74 168 128 195 835
607 170 794 198 SYNTAGMA
812 170 1007 200 DOL'TRINIE.
1024 189 1056 194 —
1073 173 1242 200 MONITUM.
1650 178 1702 205 ΒΞΔ

74 225 228 259 dcundum,
252 227 324 261 quod
346 234 445 254 novum
462 227 611 261 exsistens,
629 227 814 262 praefationem
832 227 883 255 sibi
904 229 1035 263 postulat.
1056 230 1147 258 Codex
1168 231 1214 258 ine
1234 231 1362 266 antiquus
1389 231 1418 259 S.
1434 233 1584 262 Athanasio
1607 235 1704 263 tribuit

74 272 248 306 opusculum,
262 280 323 307 quas
337 280 381 300 res
395 273 512 307 alicujus
527 277 570 300 est
587 275 729 302 momenti.
748 279 807 301 utut
822 275 954 301 librortnn
969 276 1162 311 inscriptiones
1176 285 1240 305 vera
1257 278 1367 305 nomina
1382 287 1435 306 non
1452 280 1554 315 ubique
1570 281 1701 310 referant.

73 317 141 344 Nam
158 318 342 352 posteriorum
368 323 520 354 temporum
546 319 710 354 scriptores,
733 325 825 348 vetera
851 321 987 348 interdum
1011 323 1063 350 sibi
1085 324 1241 355 vindicant;
1255 333 1451 360 nonnunquam
1474 326 1527 353 sub
1549 327 1702 362 priscorum

73 368 218 389 auctorum
240 363 398 392 nominibus
421 373 471 391 sua
486 369 652 399 supponunt,
668 366 818 400 praesertim
834 373 868 392 ex
894 367 1021 393 doctrina
1045 368 1175 395 nobilium
1196 373 1224 397 et
1249 370 1397 398 clarorum.
1418 370 1522 399 interea
1548 380 1580 399 ex
1598 373 1703 402 codicis

73 410 238 445 antiquitate
253 415 372 443 constat,
390 412 454 438 olim
469 411 554 439 fuisse
569 412 703 439 creditum
719 414 818 440 seriem
833 414 905 440 hanc
921 414 1053 442 doctrin-.1:
1075 415 1109 442 ab
1123 417 1274 444 Athanasio
1289 418 1440 452 posteritati
1460 419 1539 453 303
1565 419 1701 448 relictam.

74 457 103 484 Si
119 458 197 492 plura
218 466 282 485 mss.
300 459 393 485 eodem
410 459 491 486 modo
505 460 637 495 inscripta
653 461 848 495 reperirentur,
865 461 984 496 aliquam
1002 462 1097 489 saltetn
1117 463 1241 490 veritatis
1253 464 1386 492 rationem
1400 469 1591 499 suggererent;
1605 473 1702 493 verum

72 511 173 540 printer
190 505 353 533 Vossianum
380 507 484 534 nullum
501 507 591 535 adhuc
616 508 717 540 inveni.
744 516 833 543 neque
857 509 884 536 in
899 509 1129 537 Christianissimi
1152 511 1223 545 regis
1242 510 1417 542 bibliotheca,
1432 512 1474 538 vel
1496 512 1560 538 alibi
1580 519 1702 547 quoque.

71 553 272 588 Argumentum
290 555 358 581 foret
373 555 405 582 ad
421 556 605 590 probandum,
623 561 669 583 aut
686 557 769 583 coaevi
785 557 906 584 auctoris
922 557 1120 590 testiinonium,
1134 561 1180 584 aut
1193 558 1279 592 ipsius
1291 559 1433 586 Athanasii
1446 559 1473 586 in
1490 560 1548 586 suis
1560 561 1699 594 operibus.

70 602 144 636 quod
162 608 223 627 cum
239 602 320 633 desit,
335 602 408 629 aliud
423 608 465 630 est
476 603 503 629 in
521 608 658 638 promptu.
675 603 813 636 Quzerenti
836 604 982 639 aliquando
999 605 1026 632 in
1044 605 1207 632 bibliotheca
1225 605 1308 641 Regia
1323 606 1540 641 Sophronianam
1554 607 1614 635 lidei
1634 616 1701 636 con-

71 648 221 676 fessionem
238 649 344 676 indultu
362 650 397 677 cl.
411 649 574 682 Thevenoti,
593 657 709 678 conatus
724 659 800 679 meos
815 653 940 679 ornantis
957 657 984 679 et
999 653 1185 687 promoveatis
1198 662 1205 686 ;
1219 658 1351 680 venerunt
1368 653 1395 680 in
1416 660 1514 681 manus
1536 654 1700 690 Ἐρωτήσεις

70 695 214 721 κανονικαὶ
228 696 275 721 καὶ
289 696 448 732 ἀποκρίσεις
463 697 511 731 τῆς
524 697 605 731 ἁγίας
621 697 746 728 συνόδου,
763 698 836 732 absqi

933 698 938 724 i
957 699 1121 732 temporisve
1139 698 1355 725 circumstantia.
1377 699 1513 731 Quanitur
1533 703 1634 731 autem,
1656 700 1699 732 Ὠς

70 743 100 769 οὐ
117 743 158 769 δεῖ
168 742 313 770 καταλύειν
326 744 375 778 τὴν
391 744 516 778 νηστείαν
532 745 561 770 ὲν
575 745 684 780 τετράδι
696 745 743 771 καὶ
759 747 917 781 παρασκευῇ
934 746 1012 782 χάριν
1030 746 1139 781 μνήμης
1150 746 1227 781 ἁγίου
1240 747 1256 781 ἢ
1268 747 1417 773 ἀποστόλου
1434 747 1516 779 τινὸς,
1530 748 1554 774 εἰ
1572 748 1608 784 μὴ
1621 748 1699 783 μόνον

69 789 99 814 ἐν
117 790 177 819 ταῖς
191 788 363 820 δεσποτικαῖς
389 789 508 824 ἑορταῖς.
535 790 662 817 Utrumne
680 796 798 824 oporteat
823 800 835 824 q

933 798 956 818 et
978 794 1123 818 l‘arascere
1144 793 1242 827 solvere
1258 792 1401 826 jejunium.
1423 798 1527 827 propter
1546 795 1699 821 memoriam

69 835 157 862 sancti
172 839 218 860 aut
234 835 346 868 apostoli
361 835 474 869 alicujus
487 836 499 862 ?
512 836 560 867 uel,
577 844 611 862 an
630 836 762 870 jejunium
790 836 936 864 Dominicis
951 838 1114 864 solummodo
1133 837 1223 864 diebus
1237 839 1292 872 (2i)
1313 840 1465 866 soluendum
1479 841 1533 868 sit?
1549 841 1699 876 Respondit

69 882 192 917 synodus
207 891 213 909 :
231 881 298 917 Περὶ
311 881 438 908 τούτωνὸ
456 882 543 917 μέγας
569 882 726 914 Ἀθανάσιος
744 883 807 909 τάδε
825 884 906 918 φησιν
932 884 960 910 ἐν
980 893 1033 910 τισι
1051 884 1104 911 τῶν
1133 886 1357 920 συγγραμμάτων
1379 886 1477 913 αὐτοῦ’
1505 897 1514 912 ε
1530 888 1592 914 ’Ὁτι
1613 889 1644 914 οὐ
1658 888 1698 915 δεῖ

68 927 248 964 παραϐαίνειν
264 927 388 962 νηστείαν
400 928 502 963 Κυρίου
516 929 560 954 τὸν
576 929 690 964 μοναχὸν
702 930 718 964 ἦ
734 930 778 956 τὸν
792 931 865 965 ἱερέα
875 930 989 965 τετράδα
1005 931 1052 957 καὶ
1067 931 1252 966 παρασκευὴν,
1264 933 1288 958 εἰ
1304 933 1340 968 μή
1356 941 1382 958 τι
1398 933 1445 959 ἐπὶ
1455 933 1524 968 νόσῳ
1538 933 1697 970 βεῦἁρηται,

67 977 154 1012 χωρὶς
168 976 218 1010 τῆς
235 976 451 1011 Πεντηκοστῆςῆ
472 975 526 1002 τῶν
544 977 734 1011 Ἐπιφανειῶν.
747 987 756 1002 ›
776 977 813 1004 De

934 986 999 1013 gnus
1015 979 1179 1005 Athanasius
1198 979 1224 1005 in
1241 980 1330 1014 aliquo
1352 981 1511 1014 scriptorum
1528 990 1636 1008 suorum
1659 984 1697 1010 ita

66 1031 95 1048 se
108 1021 252 1055 exprimit:
277 1030 286 1046 ε
299 1020 446 1047 Monac/tus
468 1026 514 1047 aut
541 1022 663 1048 sacerdos
675 1022 806 1056 jejunium
829 1028 932 1057 quarta:
950 1023 988 1050 vel
1003 1027 1084 1049 centre
1104 1023 1156 1049 diei
1172 1031 1222 1050 non
1240 1024 1335 1055 solvat,
1359 1025 1412 1051 nisi
1434 1025 1573 1052 detumbat
1594 1026 1695 1060 morbo,

65 1069 182 1102 exceptis
197 1066 349 1094 Pentecoste
363 1071 387 1094 et
405 1059 571 1102 Epip/taniis.
590 1077 599 1093 ι
618 1067 724 1095 Placuit
739 1069 814 1095 locus
830 1068 885 1101 hic,
903 1069 1015 1103 ipsaque
1031 1068 1218 1104 Syntagmatis
1233 1070 1320 1096 nostri
1340 1071 1420 1097 verba
1436 1070 1608 1105 proferenda,
1625 1059 1697 1100 unde

67 1116 114 1143 illa
130 1116 274 1150 desumpta
291 1120 371 1143 sunt:
386 1115 431 1151 Μὴ
452 1116 630 1152 παραϐαίνειν
645 1117 783 1152 νηστείαν,
804 1118 927 1143 τουτέστι
947 1118 1062 1153 τετράδα
1075 1118 1121 1144 καὶ
1133 1118 1319 1153 παρασκευὴν,
1336 1119 1360 1144 εἰ
1379 1119 1415 1154 μή
1431 1127 1456 1144 τι
1470 1120 1516 1145 ἐπὶ
1533 1120 1601 1155 νόσῳ
1617 1119 1698 1155 βεϐά-

66 1172 160 1200 ρηται,
178 1164 262 1198 χωρὶς
274 1164 462 1199 Πεντηκοστῆς
476 1164 562 1199 μήνης
578 1164 626 1190 καὶ
645 1165 698 1190 τῶν
717 1164 832 1198 Ἐπιφαν

929 1165 982 1191 Alia
1000 1165 1110 1199 ponitur
1124 1166 1250 1199 qumstio,
1265 1174 1325 1200 qua:
1339 1174 1416 1200 mque
1431 1167 1483 1193 ltuc
1501 1167 1614 1194 attinet:
1628 1168 1695 1204 Περὶ

64 1212 113 1238 τοῦ
130 1211 230 1238 κλίνειν
244 1212 309 1245 γόνυ
322 1213 350 1237 ὲν
368 1211 498 1246 Σαϐϐάτῳ
514 1213 530 1246 ὴ
551 1212 579 1238 ἐν
597 1212 698 1248 Νικαίᾳ
719 1212 824 1244 σύνοδος
841 1213 914 1248 καὶὴ
930 1215 957 1239 ὲν
969 1213 1095 1248 Τρούλλῳ
1110 1214 1264 1249 διωρίσατο,
1291 1214 1349 1249 μεθ’
1366 1211 1404 1241 ὧν
1421 1215 1467 1241 καὶ
1480 1216 1494 1241 ὁ
1515 1215 1600 1250 μέγας
1617 1216 1697 1243 Ἀθα-

65 1260 159 1291 voluto;
170 1259 231 1285 τάδε
244 1259 309 1294 φησί
320 1268 326 1274 ι
340 1260 384 1294 Μή
397 1259 437 1290 τίς
453 1267 483 1285 σε
501 1259 624 1295 πλανήσῃ
638 1259 668 1286 τὸ
683 1260 812 1295 παράπαν
829 1261 857 1287 ἐν
871 1262 989 1296 κυριακῇ
1005 1263 1173 1294 γονυπετεῖν,
1189 1262 1205 1296 ἢ
1228 1262 1256 1288 ἐν
1272 1263 1460 1298 Πεντηκοστῇ·
1478 1264 1524 1290 καὶ
1545 1263 1609 1299 περὶ
1626 1264 1696 1290 Σαὸη

65 1308 150 1334 ϐάτου
163 1308 212 1334 οὐκ
234 1305 320 1334 εἶπεν.
341 1307 513 1342 ’Λπόκρισις·
527 1307 618 1339 Οὕτως
639 1307 695 1342 ἕχει
718 1308 763 1334 καὶ
779 1309 794 1342 ἡ
811 1308 938 1343 ἀλήθεια’
957 1308 1025 1343 πλὴν
1043 1310 1069 1335 οἱ
1087 1309 1188 1341 πολλοὶ,
1206 1309 1249 1336 διὰ
1274 1309 1304 1336 τὸ
1330 1310 1367 1344 μὴ
1384 1309 1506 1344 γίνεσθαι
1526 1310 1651 1345 νηστείαν
1665 1313 1696 1338 ὲν

65 1355 209 1390 Σαϐϐάτῳ,
227 1355 275 1390 τὴν
289 1354 462 1388 γονυκλισίαν
475 1355 611 1390 παρῆκαν.
624 1354 770 1388 Nimirum,
784 1357 817 1382 de

929 1356 967 1382 lie
989 1356 1102 1383 Sahbati
1120 1356 1266 1388 ﬂectendo,
1283 1356 1403 1391 synodos
1422 1356 1558 1384 Nicamam
1572 1362 1598 1384 et
1615 1357 1695 1384 Trul-

65 1403 154 1428 lanam
173 1402 350 1433 statuisse,et
366 1409 494 1436 magnum
510 1401 689 1428 Athanasium
705 1403 807 1437 pariter
822 1403 994 1430 enuntiasse:
1008 1402 1076 1430 Cave
1084 1411 1114 1429 ne
1126 1404 1264 1438 quisquam
1280 1409 1304 1430 te
1316 1402 1422 1429 inducat
1433 1403 1571 1430 Dominica
1583 1404 1625 1430 die
1639 1412 1695 1431 esse

59 1447 237 1482 jejunandam
252 1446 368 1477 omnino,
380 1447 431 1473 sive
451 1447 477 1473 in
498 1446 662 1473 Pentecoste.
675 1445 746 1473 Nihil
759 1454 823 1473 vero
837 1447 940 1474 dixisse
955 1447 988 1474 de
1000 1447 1129 1474 Sabbato.
1149 1447 1399 1482 liespondetur:Sic
1414 1458 1440 1476 se
1452 1458 1492 1476 res
1505 1450 1583 1485 plane
1599 1451 1693 1483 habet;

61 1494 180 1528 plerique
195 1499 292 1524 (oniten,
305 1493 367 1528 quia
384 1492 501 1520 Sabbato
516 1501 566 1519 non
578 1493 727 1527 jejunatur,
740 1492 946 1527 genuﬂexionem
961 1493 1176 1527 prartermittunt.
1189 1492 1222 1520 Ut
1236 1494 1342 1528 singula
1356 1499 1513 1529 appareant,
1525 1503 1558 1522 en
1573 1496 1692 1523 Athana-

64 1539 137 1566 sium
155 1542 296 1565 nostrum:
313 1538 358 1573 Μή
375 1538 417 1569 τίς
432 1545 462 1563 σε
484 1538 608 1573 πλανήσῃ
622 1538 651 1564 ἐν
666 1538 784 1573 κυριακῇ
801 1538 941 1572 νηστεύειν
952 1538 982 1564 τὸ
1000 1538 1142 1574 παράπαν,
1161 1539 1231 1574 μήτε
1248 1541 1404 1573 γονυπετεῖν
1417 1540 1447 1566 τὸ
1467 1541 1606 1575 παράπαν,
1625 1542 1694 1577 μήτε

64 1586 95 1610 ὲν
108 1583 292 1619 Πεντηκοστῇ.
310 1583 347 1609 Οὺ
366 1583 419 1618 γάρ
436 1584 492 1609 ἐστι
508 1583 608 1618 Θεσμὸς
627 1583 800 1618 Ἐκκλησίας.
815 1583 830 1609 Ε

926 1589 1043 1619 igmenta
1059 1584 1153 1611 isthwc
1169 1592 1222 1611 non
1236 1585 1304 1612 levis
1320 1589 1384 1613 sunt
1398 1586 1544 1620 ponderis;
1560 1587 1692 1621 tantique,

66 1637 97 1658 ut
112 1632 217 1658 nullmu
234 1631 318 1658 ferme
341 1631 454 1658 dubiutn
472 1631 652 1666 relinquatur.
671 1630 811 1665 Siquidem
831 1630 891 1665 ipsa
907 1631 1028 1666 synodus
1042 1638 1075 1657 eo
1088 1630 1245 1657 testimonio
1260 1631 1357 1662 utitur,
1375 1639 1462 1666 neque
1479 1631 1578 1658 refellit
1599 1640 1694 1658 moria-

64 1678 133 1704 chos
146 1686 178 1704 ex
192 1676 342 1704 Athanasio
358 1681 451 1704 nostro
467 1677 644 1705 disserentes.
658 1677 735 1712 Apud
753 1677 943 1705 Balsamonem
971 1678 1091 1704 occurrit
1108 1678 1223 1712 quaestio
1238 1678 1272 1705 de
1283 1685 1354 1713 genu
1372 1678 1400 1705 in
1416 1678 1534 1705 Sabbato
1548 1678 1692 1710 ﬂectendo,

63 1727 138 1749 mota
157 1731 172 1749 ιι
195 1723 336 1750 monachis
354 1727 432 1750 extra
452 1724 545 1750 urbem
564 1732 593 1751 se
615 1724 821 1756 exercentibus,
845 1728 967 1758 tempore
988 1719 1091 1754 N'icolai
1118 1724 1280 1759 patriarchae
1308 1729 1335 1751 et
1372 1725 1459 1752 Alexii
1485 1725 1627 1752 Comneni.
1651 1726 1694 1754 Ad

63 1778 147 1806 quam
164 1770 304 1805 respondit
318 1778 396 1798 sacra
411 1770 711 1806 Constantinopolitana
727 1772 861 1807 synodus.
871 1771 971 1799 Verum
988 1771 1117 1798 dill‘crunt
1131 1772 1361 1807 interrogationes
1377 1772 1485 1798 illorum
1497 1772 1693 1800 monachorum

62 1826 77 1844 a
105 1818 209 1845 nostris
226 1818 254 1844 in
270 1825 323 1844 ms.
342 1816 444 1852 Regio,
466 1823 576 1852 propter
597 1818 705 1845 diversa
734 1819 834 1853 capita.
859 1818 964 1850 Porro,
990 1819 1042 1846 etsi
1059 1818 1180 1853 ejusdem
1199 1821 1292 1845 essent
1314 1826 1376 1845 eum
1401 1818 1509 1846 caeteris
1525 1818 1574 1845 xvi
1586 1838 1593 1850 ,
1611 1826 1692 1845 nemo

61 1863 141 1890 facile
155 1864 208 1890 sibi
222 1864 400 1898 persuaserit,
416 1863 557 1891 Athanasii
578 1869 645 1891 tunc
663 1865 878 1899 suppositionem
895 1864 1011 1898 factam;
1035 1865 1083 1892 sed
1106 1869 1201 1892 contra
1219 1868 1305 1899 putet,
1322 1865 1403 1899 longa
1425 1868 1505 1891 aetate
1526 1864 1605 1891 [idem
1620 1864 1692 1891 obti-

60 1909 157 1936 nuisse
169 1909 195 1935 in
212 1908 322 1936 Patrum
341 1917 484 1937 consessu.
501 1909 625 1945 Conjicio
643 1915 732 1937 autern
751 1910 916 1945 quaestiones
933 1911 1081 1937 canonicas
1096 1915 1123 1937 et
1136 1910 1329 1945 responsiones
1345 1910 1446 1936 codicis
1466 1908 1542 1944 Regii
1558 1909 1590 1935 ad
1605 1916 1692 1936 saecu-

61 1955 117 1981 lum
133 1963 160 1982 tx
175 1955 341 1988 referendas,
357 1956 384 1982 in
397 1956 498 1990 quibus
513 1955 542 1982 lit
562 1956 664 1983 mentio
683 1956 848 1991 typicorum,
875 1957 1083 1991 synaxariorum
1099 1956 1188 1983 sancti
1207 1955 1297 1983 Patris
1320 1955 1408 1982 nostri
1429 1954 1511 1988 Saba,
1537 1959 1564 1982 et
1584 1962 1689 1990 praece-

59 2001 149 2036 ptoris
163 2001 247 2028 eremi
266 2001 356 2036 magni
373 2001 520 2037 Euthymii,
536 2009 586 2028 nec
604 2009 658 2028 non
676 2001 705 2028 δ.
718 2001 862 2028 Athanasii
883 2002 955 2028 illius
980 2001 1008 2027 in
1023 2004 1115 2028 monte
1131 2006 1235 2028 sancto.
1251 1999 1445 2027 Producuntur
1474 2000 1620 2027 concilium
1640 1999 1690 2028 Ni-

58 2056 164 2076 caanum
175 2056 207 2080 ιι,
217 2049 233 2084 ὴ
245 2048 367 2080 ὲνώσεως
383 2048 499 2080 σύνοδος,
513 2050 530 2084 ἡ
545 2048 678 2084 γενομένη
691 2049 720 2075 ἐν
736 2049 824 2075 Κωνσε

921 2058 941 2074 μυ
954 2048 1041 2082 πόλει,
1055 2048 1120 2083 περὶ
1127 2047 1182 2074 τῶν
1192 2048 1299 2082 γάμων,
1311 2048 1432 2083 synodus
1446 2046 1687 2079 Neocasariensis.

58 2095 88 2122 S.
102 2095 222 2124 Basilius
240 2095 275 2123 ad
289 2096 520 2132 Amphilochium.

92 2151 165 2186 Quid
184 2153 219 2180 sit
233 2160 318 2188 quare
340 2153 488 2189 Synlagma
503 2155 628 2179 nostrum
646 2151 675 2178 S.
692 2151 835 2180 Athanasii
854 2159 914 2180 esse
930 2155 1057 2186 nequeat,
1074 2151 1194 2178 nondum
1212 2151 1347 2186 perspicio
1364 2159 1371 2177 :
1395 2151 1520 2185 quamvis
1539 2149 1612 2176 enim
1628 2149 1689 2183 ipse

56 2200 85 2227 in
105 2199 169 2226 Vita
185 2199 214 2227 S.
231 2199 339 2226 Antonii
351 2199 514 2232 narraverit,
527 2203 582 2226 tam
602 2200 697 2227 crebra
711 2199 878 2226 monasteria
894 2199 922 2225 in
944 2198 1062 2234 [Egypto
1083 2202 1140 2224 tum
1157 2205 1210 2224 non
1226 2197 1322 2228 fuisse,
1345 2196 1392 2224 sed
1409 2202 1545 2230 quemque
1560 2203 1588 2222 se
1604 2202 1686 2222 eser-

55 2249 150 2276 cuisse
165 2255 180 2274 a
196 2255 247 2275 suo
261 2255 330 2282 pago
343 2254 398 2274 non
413 2247 528 2281 procul:
550 2247 635 2274 nihilo
655 2255 733 2275 secus
751 2246 899 2282 Gregorius
914 2246 1114 2277 Nazianzenus,
1129 2244 1205 2272 Orat.
1225 2245 1253 2271 in
1268 2243 1374 2271 laudent
1388 2243 1541 2274 Athanasii,
1559 2242 1686 2274 aﬂirmat,

61 2294 151 2321 Vitam
167 2294 277 2321 Antonii
292 2293 465 2329 promulgare
480 2294 553 2329 leges
569 2295 734 2321 monasticae
750 2294 802 2321 sub
815 2294 906 2328 specie
923 2293 1100 2320 narrationis.
1118 2292 1159 2319 Ad
1178 2292 1236 2319 haec
1250 2299 1313 2318 cum
1330 2291 1434 2318 nostris
1448 2293 1613 2322 congruunt,
1625 2296 1687 2324 quae

54 2342 131 2378 legas
148 2343 175 2369 in
195 2342 223 2369 S.
247 2342 398 2369 Athanasio
419 2341 458 2369 De
473 2342 635 2376 virginitate,
655 2342 791 2377 ἤτοιπερὶ
808 2342 961 2378 ἀσκήσεως.
985 2341 1099 2376 Propter
1116 2341 1273 2376 superbiam
1298 2339 1423 2367 diabolus
1438 2347 1472 2366 ex
1493 2339 1569 2366 caelis
1590 2338 1687 2374 praci-

55 2391 205 2425 pitabatur.
218 2389 374 2425 Νήστευσον
389 2389 448 2416 ὅλον
468 2389 514 2415 τὸν
536 2389 658 2416 ἐνιαυτὸν
671 2390 755 2424 χωρὶς
772 2389 862 2424 πάσης
879 2389 1017 2424 ἀνάγκης·
1034 2387 1093 2424 ὥρᾳ
1113 2387 1142 2414 δὲ
1165 2387 1263 2422 ἐννάτῃ
1285 2387 1335 2422 τῆς
1349 2386 1455 2421 ἡμέρας
1474 2387 1502 2412 ὲν
1521 2385 1616 2420 ὕμνοις
1638 2386 1686 2413 καὶ

53 2435 148 2470 εὐχαῖς
166 2434 352 2463 διατελέσασα,
367 2434 558 2469 καταλάμβανε
573 2434 618 2460 τὸν
636 2434 717 2470 ἄρτον
735 2442 781 2460 σου
798 2435 828 2461 ὲν
842 2434 950 2469 λαχάνῳ
962 2434 1194 2469 ἀναπεποιημένῳ
1208 2431 1409 2467 ὲλαίῳ..1ε]ιιηα
1424 2432 1574 2458 universum
1586 2439 1685 2458 annum

53 2481 112 2507 sine
125 2480 277 2506 necessitate
292 2481 420 2514 (melius,
435 2472 489 2506 nisi
506 2479 654 2507 necessitas
670 2479 743 2506 aliud
757 2480 910 2516 postulet);
927 2480 992 2506 liora
1009 2487 1068 2506 vero
1093 2487 1174 2510 nona,
1191 2479 1218 2505 in
1230 2478 1334 2513 hymnis
1358 2482 1382 2504 et
1391 2478 1503 2512 jejuniis
1524 2477 1682 2512 pet-durans,

53 2532 129 2551 sume
147 2532 241 2558 panem
262 2531 336 2552 tuam
354 2533 414 2552 cum
437 2525 553 2553 oleribus
569 2525 626 2552 oleo
645 2525 759 2560 refectis.
774 2534 784 2550 ‹
799 2518 916 2553 Nuditas
936 2533 971 2552 ne
987 2527 1118 2560 appareat
1141 2531 1234 2551 coram
1250 2524 1313 2551 alio.
1331 2523 1392 2550 Non
1416 2524 1468 2551 ibis
1485 2523 1519 2549 ad
1542 2523 1682 2556 balneum,

52 2571 191 2606 siquidem
215 2578 281 2598 sana
298 2572 354 2604 sis,
369 2571 424 2599 nisi
447 2576 562 2607 urgente
577 2572 753 2600 necessitate.
784 2571 812 2598 Si

915 2579 926 2599 s
941 2571 1089 2603 infirmum,
1106 2570 1206 2606 χρῆσαι
1223 2570 1287 2606 οϊνῳ
1306 2570 1389 2605 ὀλίγῳ
1405 2569 1449 2596 διὰ
1470 2571 1515 2598 τὸν
1537 2570 1681 2605 στόμαχον.

50 2617 133 2649 Quod
156 2618 179 2645 si
205 2618 278 2645 adsit
296 2618 492 2647 catechumena
515 2619 544 2646 in
564 2625 671 2649 mensa,
694 2626 729 2645 ne
755 2622 814 2645 oret
834 2625 897 2645 cum
914 2617 1050 2650 ﬁdelibus,
1064 2625 1153 2653 neque
1181 2615 1290 2644 sedebis
1312 2620 1339 2644 et
1355 2623 1409 2643 una
1432 2623 1494 2643 cum
1518 2616 1563 2643 illa
1584 2624 1682 2651 panem

49 2663 192 2690 comedes.
212 2663 240 2690 Si
253 2664 395 2698 virjustus
413 2664 447 2692 ad
462 2669 488 2693 te
500 2665 616 2697 venerit,
631 2664 693 2691 lava
705 2664 730 2691 ei
748 2664 840 2699 pedes.
859 2663 888 2691 Si
905 2664 1026 2698 virgines
1041 2663 1219 2691 advenientes
1236 2663 1329 2690 vinum
1344 2663 1449 2696 bibant,
1461 2663 1568 2691 etiamsi
1586 2667 1614 2689 tu
1626 2655 1681 2689 non

52 2709 136 2742 bibis,
155 2714 265 2744 propter
280 2717 326 2738 eas
350 2711 413 2738 bibe
426 2711 587 2745 pauxillum.
610 2710 640 2737 in
660 2710 777 2739 ecclesia
795 2714 867 2744 tace,
882 2717 932 2737 nec
948 2709 1098 2745 quidquam
1121 2710 1255 2746 loquaris,
1276 2709 1325 2737 sed
1347 2710 1511 2737 lectionibus
1530 2708 1652 2736 intende.
1668 2719 1678 2735 ι

52 2757 188 2784 Similiter
203 2758 231 2785 in
251 2757 444 2786 Exhortatione
461 2759 495 2787 ad
513 2759 664 2793 monac/tos,
679 2767 762 2795 quam
781 2758 878 2787 Latine
893 2759 1027 2787 habemus
1042 2759 1070 2787 in
1089 2763 1163 2787 tomo
1176 2758 1199 2786 ll
1214 2758 1297 2795 0pp.,
1317 2759 1341 2787 si
1363 2759 1496 2786 donamus
1515 2765 1577 2785 esse
1589 2756 1681 2784 Athe.—

86 2864 144 2900 (21)
163 2864 193 2891 in
207 2863 284 2893 festis
296 2863 413 2892 Domini.
