  <div class='ocr_page' id='page_1' title='image "/cluster/home/n/w/nwhite01/storage/ocr_20150623/28/njp.32101007506148/431.png"; bbox 0 0 1940 3068; ppageno 0'>
   <div class='ocr_carea' id='block_1_1' title="bbox 205 173 258 200">
    <p class='ocr_par' dir='ltr' id='par_1_1' title="bbox 205 173 258 200">
     <span class='ocr_line' id='line_1_1' title="bbox 205 173 258 200; baseline 0 0"><span class='ocrx_word' id='word_1_1' title='bbox 205 173 258 200; x_wconf 76' lang='lat'><strong>839</strong></span> 
     </span>
    </p>
   </div>
   <div class='ocr_carea' id='block_1_2' title="bbox 745 134 1283 193">
    <p class='ocr_par' dir='ltr' id='par_1_2' title="bbox 745 134 1283 193">
     <span class='ocr_line' id='line_1_2' title="bbox 745 134 1283 193; baseline -0.013 0"><span class='ocrx_word' id='word_1_2' title='bbox 745 166 774 193; x_wconf 88' lang='lat' dir='ltr'><strong>S.</strong></span> <span class='ocrx_word' id='word_1_3' title='bbox 796 163 1026 192; x_wconf 72' lang='lat' dir='ltr'><strong>ATHANASIUS.</strong></span> <span class='ocrx_word' id='word_1_4' title='bbox 1045 172 1081 185; x_wconf 57' lang='grc' dir='ltr'><strong>ι-</strong></span> <span class='ocrx_word' id='word_1_5' title='bbox 1101 161 1237 189; x_wconf 75' lang='lat' dir='ltr'><strong>SPURIA.</strong></span> <span class='ocrx_word' id='word_1_6' title='bbox 1276 134 1283 143; x_wconf 41' lang='grc' dir='ltr'>ι</span> 
     </span>
    </p>
   </div>
   <div class='ocr_carea' id='block_1_3' title="bbox 1764 155 1822 181">
    <p class='ocr_par' dir='ltr' id='par_1_3' title="bbox 1764 155 1822 181">
     <span class='ocr_line' id='line_1_3' title="bbox 1764 155 1822 181; baseline -0.017 0"><span class='ocrx_word' id='word_1_7' title='bbox 1764 155 1822 181; x_wconf 69' lang='grc' dir='ltr'><strong>ΒΜ)</strong></span> 
     </span>
    </p>
   </div>
   <div class='ocr_carea' id='block_1_4' title="bbox 205 221 993 274">
    <p class='ocr_par' dir='ltr' id='par_1_4' title="bbox 205 231 987 274">
     <span class='ocr_line' id='line_1_4' title="bbox 205 231 987 274; baseline -0.013 -6"><span class='ocrx_word' id='word_1_8' title='bbox 205 242 324 274; x_wconf 78' lang='lat' dir='ltr'><strong>Quartae,</strong></span> <span class='ocrx_word' id='word_1_9' title='bbox 335 240 507 268; x_wconf 80' lang='lat' dir='ltr'><strong>Parasceves,</strong></span> <span class='ocrx_word' id='word_1_10' title='bbox 517 235 735 271; x_wconf 72' lang='lat' dir='ltr'><strong>Quadragesima:</strong></span> <span class='ocrx_word' id='word_1_11' title='bbox 742 240 767 262; x_wconf 90' lang='lat' dir='ltr'><strong>et</strong></span> <span class='ocrx_word' id='word_1_12' title='bbox 777 233 931 264; x_wconf 82' lang='lat' dir='ltr'><strong>Passionis;</strong></span> <span class='ocrx_word' id='word_1_13' title='bbox 940 231 987 259; x_wconf 85' lang='lat' dir='ltr'><strong>sed</strong></span> 
     </span>
    </p>
   </div>
   <div class='ocr_carea' id='block_1_5' title="bbox 1046 221 1823 274">
    <p class='ocr_par' dir='ltr' id='par_1_5' title="bbox 1046 221 1823 265">
     <span class='ocr_line' id='line_1_5' title="bbox 1046 221 1823 265; baseline -0.014 -8"><span class='ocrx_word' id='word_1_14' title='bbox 1046 230 1188 265; x_wconf 77' lang='grc' dir='ltr'>ταγμένην,</span> <span class='ocrx_word' id='word_1_15' title='bbox 1202 227 1318 262; x_wconf 73' lang='grc' dir='ltr'>τετράδα</span> <span class='ocrx_word' id='word_1_16' title='bbox 1331 226 1378 252; x_wconf 72' lang='grc' dir='ltr'><strong>καὶ</strong></span> <span class='ocrx_word' id='word_1_17' title='bbox 1393 223 1578 260; x_wconf 78' lang='grc' dir='ltr'>παρασκευὴν,</span> <span class='ocrx_word' id='word_1_18' title='bbox 1594 222 1640 249; x_wconf 82' lang='grc' dir='ltr'><strong>καὶ</strong></span> <span class='ocrx_word' id='word_1_19' title='bbox 1657 221 1704 258; x_wconf 80' lang='grc' dir='ltr'><strong>τὴν</strong></span> <span class='ocrx_word' id='word_1_20' title='bbox 1720 229 1823 247; x_wconf 81' lang='grc' dir='ltr'>τεσσα-</span> 
     </span>
    </p>
   </div>
   <div class='ocr_carea' id='block_1_6' title="bbox 204 279 985 321">
    <p class='ocr_par' dir='ltr' id='par_1_6' title="bbox 204 279 985 321">
     <span class='ocr_line' id='line_1_6' title="bbox 204 279 985 321; baseline -0.013 -8"><span class='ocrx_word' id='word_1_21' title='bbox 204 287 337 321; x_wconf 86' lang='lat' dir='ltr'><strong>jejunium</strong></span> <span class='ocrx_word' id='word_1_22' title='bbox 352 293 384 312; x_wconf 82' lang='lat' dir='ltr'><strong>ex</strong></span> <span class='ocrx_word' id='word_1_23' title='bbox 397 283 535 319; x_wconf 88' lang='lat' dir='ltr'><strong>proposito</strong></span> <span class='ocrx_word' id='word_1_24' title='bbox 552 287 599 309; x_wconf 88' lang='lat' dir='ltr'><strong>tuo</strong></span> <span class='ocrx_word' id='word_1_25' title='bbox 615 285 762 310; x_wconf 81' lang='lat' dir='ltr'><strong>servatum,</strong></span> <span class='ocrx_word' id='word_1_26' title='bbox 772 286 868 314; x_wconf 87' lang='lat' dir='ltr'><strong>nempe</strong></span> <span class='ocrx_word' id='word_1_27' title='bbox 881 279 985 304; x_wconf 71' lang='lat' dir='ltr'><strong>Secun-</strong></span> 
     </span>
    </p>
   </div>
   <div class='ocr_carea' id='block_1_7' title="bbox 205 323 986 363">
    <p class='ocr_par' dir='ltr' id='par_1_7' title="bbox 205 323 986 363">
     <span class='ocr_line' id='line_1_7' title="bbox 205 323 986 363; baseline -0.013 -4"><span class='ocrx_word' id='word_1_28' title='bbox 205 333 256 363; x_wconf 65' lang='lat' dir='ltr'><strong>dae,</strong></span> <span class='ocrx_word' id='word_1_29' title='bbox 276 331 381 361; x_wconf 74' lang='lat' dir='ltr'><strong>Tertiae.</strong></span> <span class='ocrx_word' id='word_1_30' title='bbox 397 329 512 362; x_wconf 80' lang='lat' dir='ltr'><strong>Quintze.</strong></span> <span class='ocrx_word' id='word_1_31' title='bbox 525 328 644 355; x_wconf 81' lang='lat' dir='ltr'><strong>Sabbato</strong></span> <span class='ocrx_word' id='word_1_32' title='bbox 655 331 682 354; x_wconf 89' lang='lat' dir='ltr'><strong>et</strong></span> <span class='ocrx_word' id='word_1_33' title='bbox 705 325 845 352; x_wconf 90' lang='lat' dir='ltr'><strong>Dominica</strong></span> <span class='ocrx_word' id='word_1_34' title='bbox 861 333 894 351; x_wconf 88' lang='lat' dir='ltr'><strong>ne</strong></span> <span class='ocrx_word' id='word_1_35' title='bbox 915 323 986 358; x_wconf 86' lang='lat' dir='ltr'><strong>jeju-</strong></span> 
     </span>
    </p>
   </div>
   <div class='ocr_carea' id='block_1_8' title="bbox 206 370 984 410">
    <p class='ocr_par' dir='ltr' id='par_1_8' title="bbox 206 370 984 410">
     <span class='ocr_line' id='line_1_8' title="bbox 206 370 984 410; baseline -0.01 -6"><span class='ocrx_word' id='word_1_36' title='bbox 206 378 325 408; x_wconf 87' lang='lat' dir='ltr'><strong>naveris,</strong></span> <span class='ocrx_word' id='word_1_37' title='bbox 342 381 452 410; x_wconf 76' lang='lat' dir='ltr'><strong>excepto</strong></span> <span class='ocrx_word' id='word_1_38' title='bbox 478 381 575 409; x_wconf 81' lang='lat' dir='ltr'><strong>magno</strong></span> <span class='ocrx_word' id='word_1_39' title='bbox 602 373 720 400; x_wconf 88' lang='lat' dir='ltr'><strong>Sabbato</strong></span> <span class='ocrx_word' id='word_1_40' title='bbox 749 371 837 398; x_wconf 88' lang='lat' dir='ltr'><strong>sancti</strong></span> <span class='ocrx_word' id='word_1_41' title='bbox 864 370 984 397; x_wconf 62' lang='lat' dir='ltr'><strong>Paschae.</strong></span> 
     </span>
    </p>
   </div>
   <div class='ocr_carea' id='block_1_9' title="bbox 205 416 987 458">
    <p class='ocr_par' dir='ltr' id='par_1_9' title="bbox 205 416 987 458">
     <span class='ocr_line' id='line_1_9' title="bbox 205 416 987 458; baseline -0.013 -7"><span class='ocrx_word' id='word_1_42' title='bbox 205 424 314 458; x_wconf 71' lang='lat' dir='ltr'><strong>Quarta:</strong></span> <span class='ocrx_word' id='word_1_43' title='bbox 323 429 410 450; x_wconf 87' lang='lat' dir='ltr'><strong>autem</strong></span> <span class='ocrx_word' id='word_1_44' title='bbox 421 422 494 449; x_wconf 73' lang='lat' dir='ltr'><strong>feria:</strong></span> <span class='ocrx_word' id='word_1_45' title='bbox 502 425 528 448; x_wconf 87' lang='lat' dir='ltr'><strong>et</strong></span> <span class='ocrx_word' id='word_1_46' title='bbox 542 419 707 447; x_wconf 85' lang='lat' dir='ltr'><strong>Parasceves</strong></span> <span class='ocrx_word' id='word_1_47' title='bbox 719 418 852 452; x_wconf 82' lang='lat' dir='ltr'><strong>jejunium</strong></span> <span class='ocrx_word' id='word_1_48' title='bbox 865 424 895 443; x_wconf 73' lang='lat' dir='ltr'><strong>ex</strong></span> <span class='ocrx_word' id='word_1_49' title='bbox 908 416 987 449; x_wconf 90' lang='lat' dir='ltr'><strong>jussu</strong></span> 
     </span>
    </p>
   </div>
   <div class='ocr_carea' id='block_1_10' title="bbox 206 461 988 503">
    <p class='ocr_par' dir='ltr' id='par_1_10' title="bbox 206 461 988 503">
     <span class='ocr_line' id='line_1_10' title="bbox 206 461 988 503; baseline -0.015 -6"><span class='ocrx_word' id='word_1_50' title='bbox 206 471 240 498; x_wconf 86' lang='lat' dir='ltr'><strong>ad</strong></span> <span class='ocrx_word' id='word_1_51' title='bbox 256 471 349 496; x_wconf 90' lang='lat' dir='ltr'><strong>horam</strong></span> <span class='ocrx_word' id='word_1_52' title='bbox 364 476 450 503; x_wconf 85' lang='lat' dir='ltr'><strong>usque</strong></span> <span class='ocrx_word' id='word_1_53' title='bbox 473 474 570 494; x_wconf 86' lang='lat' dir='ltr'><strong>nonam</strong></span> <span class='ocrx_word' id='word_1_54' title='bbox 587 469 720 493; x_wconf 86' lang='lat' dir='ltr'><strong>servatur.</strong></span> <span class='ocrx_word' id='word_1_55' title='bbox 739 463 814 496; x_wconf 86' lang='lat' dir='ltr'><strong>Quod</strong></span> <span class='ocrx_word' id='word_1_56' title='bbox 832 463 855 490; x_wconf 87' lang='lat' dir='ltr'><strong>si</strong></span> <span class='ocrx_word' id='word_1_57' title='bbox 872 462 936 496; x_wconf 89' lang='lat' dir='ltr'><strong>quid</strong></span> <span class='ocrx_word' id='word_1_58' title='bbox 950 461 988 486; x_wconf 93' lang='lat' dir='ltr'><strong>ul-</strong></span> 
     </span>
    </p>
   </div>
   <div class='ocr_carea' id='block_1_11' title="bbox 206 509 987 545">
    <p class='ocr_par' dir='ltr' id='par_1_11' title="bbox 206 509 987 545">
     <span class='ocr_line' id='line_1_11' title="bbox 206 509 987 545; baseline -0.014 -1"><span class='ocrx_word' id='word_1_59' title='bbox 206 521 248 544; x_wconf 90' lang='lat' dir='ltr'><strong>tra</strong></span> <span class='ocrx_word' id='word_1_60' title='bbox 264 516 372 545; x_wconf 79' lang='lat' dir='ltr'><strong>feceris.</strong></span> <span class='ocrx_word' id='word_1_61' title='bbox 388 514 414 542; x_wconf 91' lang='lat' dir='ltr'><strong>id</strong></span> <span class='ocrx_word' id='word_1_62' title='bbox 425 519 472 540; x_wconf 79' lang='lat' dir='ltr'><strong>tuo</strong></span> <span class='ocrx_word' id='word_1_63' title='bbox 484 514 520 540; x_wconf 88' lang='lat' dir='ltr'><strong>sit</strong></span> <span class='ocrx_word' id='word_1_64' title='bbox 528 512 648 539; x_wconf 90' lang='lat' dir='ltr'><strong>arbitrio.</strong></span> <span class='ocrx_word' id='word_1_65' title='bbox 677 510 704 537; x_wconf 89' lang='lat' dir='ltr'><strong>Si</strong></span> <span class='ocrx_word' id='word_1_66' title='bbox 720 517 784 537; x_wconf 86' lang='lat' dir='ltr'><strong>vero</strong></span> <span class='ocrx_word' id='word_1_67' title='bbox 793 509 895 535; x_wconf 80' lang='lat' dir='ltr'><strong>diutius</strong></span> <span class='ocrx_word' id='word_1_68' title='bbox 911 512 987 542; x_wconf 88' lang='lat' dir='ltr'><strong>potes</strong></span> 
     </span>
    </p>
   </div>
   <div class='ocr_carea' id='block_1_12' title="bbox 207 554 989 595">
    <p class='ocr_par' dir='ltr' id='par_1_12' title="bbox 207 554 989 595">
     <span class='ocr_line' id='line_1_12' title="bbox 207 554 989 595; baseline -0.013 -6"><span class='ocrx_word' id='word_1_69' title='bbox 207 563 341 590; x_wconf 85' lang='lat' dir='ltr'><strong>sustinere</strong></span> <span class='ocrx_word' id='word_1_70' title='bbox 353 560 498 595; x_wconf 83' lang='lat' dir='ltr'><strong>jejunium,</strong></span> <span class='ocrx_word' id='word_1_71' title='bbox 524 564 656 592; x_wconf 78' lang='lat' dir='ltr'><strong>generose</strong></span> <span class='ocrx_word' id='word_1_72' title='bbox 673 556 740 590; x_wconf 78' lang='lat' dir='ltr'><strong>agis.</strong></span> <span class='ocrx_word' id='word_1_73' title='bbox 759 554 827 581; x_wconf 84' lang='lat' dir='ltr'><strong>Dum</strong></span> <span class='ocrx_word' id='word_1_74' title='bbox 841 554 948 588; x_wconf 86' lang='lat' dir='ltr'><strong>jejunas</strong></span> <span class='ocrx_word' id='word_1_75' title='bbox 961 555 989 579; x_wconf 76' lang='lat' dir='ltr'><strong>et</strong></span> 
     </span>
    </p>
   </div>
   <div class='ocr_carea' id='block_1_13' title="bbox 206 598 984 635">
    <p class='ocr_par' dir='ltr' id='par_1_13' title="bbox 206 598 984 635">
     <span class='ocr_line' id='line_1_13' title="bbox 206 598 984 635; baseline -0.015 0"><span class='ocrx_word' id='word_1_76' title='bbox 206 609 258 635; x_wconf 88' lang='lat' dir='ltr'><strong>hoc</strong></span> <span class='ocrx_word' id='word_1_77' title='bbox 273 607 425 634; x_wconf 85' lang='lat' dir='ltr'><strong>institutum</strong></span> <span class='ocrx_word' id='word_1_78' title='bbox 441 605 502 631; x_wconf 59' lang='lat' dir='ltr'><strong>vitae</strong></span> <span class='ocrx_word' id='word_1_79' title='bbox 519 608 603 634; x_wconf 87' lang='lat' dir='ltr'><strong>tenes,</strong></span> <span class='ocrx_word' id='word_1_80' title='bbox 627 610 693 629; x_wconf 83' lang='lat' dir='ltr'><strong>cave</strong></span> <span class='ocrx_word' id='word_1_81' title='bbox 710 609 743 627; x_wconf 85' lang='lat' dir='ltr'><strong>ne</strong></span> <span class='ocrx_word' id='word_1_82' title='bbox 764 599 890 634; x_wconf 77' lang='lat' dir='ltr'><strong>superbia</strong></span> <span class='ocrx_word' id='word_1_83' title='bbox 914 598 984 624; x_wconf 88' lang='lat' dir='ltr'><strong>iutu-</strong></span> 
     </span>
    </p>
   </div>
   <div class='ocr_carea' id='block_1_14' title="bbox 207 645 989 683">
    <p class='ocr_par' dir='ltr' id='par_1_14' title="bbox 207 645 989 683">
     <span class='ocr_line' id='line_1_14' title="bbox 207 645 989 683; baseline -0.014 -3"><span class='ocrx_word' id='word_1_84' title='bbox 207 660 324 680; x_wconf 84' lang='lat' dir='ltr'><strong>mescas.</strong></span> <span class='ocrx_word' id='word_1_85' title='bbox 341 651 445 678; x_wconf 81' lang='lat' dir='ltr'><strong>lnllatio</strong></span> <span class='ocrx_word' id='word_1_86' title='bbox 461 657 577 683; x_wconf 77' lang='lat' dir='ltr'><strong>namque</strong></span> <span class='ocrx_word' id='word_1_87' title='bbox 604 648 716 682; x_wconf 88' lang='lat' dir='ltr'><strong>laqueus</strong></span> <span class='ocrx_word' id='word_1_88' title='bbox 738 650 779 673; x_wconf 90' lang='lat' dir='ltr'><strong>est</strong></span> <span class='ocrx_word' id='word_1_89' title='bbox 801 645 912 676; x_wconf 88' lang='lat' dir='ltr'><strong>diaboli,</strong></span> <span class='ocrx_word' id='word_1_90' title='bbox 941 650 989 678; x_wconf 84' lang='lat' dir='ltr'><strong>per</strong></span> 
     </span>
    </p>
   </div>
   <div class='ocr_carea' id='block_1_15' title="bbox 207 689 988 732">
    <p class='ocr_par' dir='ltr' id='par_1_15' title="bbox 207 689 988 732">
     <span class='ocr_line' id='line_1_15' title="bbox 207 689 988 732; baseline -0.014 -7"><span class='ocrx_word' id='word_1_91' title='bbox 207 705 289 732; x_wconf 82' lang='lat' dir='ltr'><strong>quam</strong></span> <span class='ocrx_word' id='word_1_92' title='bbox 304 705 336 724; x_wconf 80' lang='lat' dir='ltr'><strong>ex</strong></span> <span class='ocrx_word' id='word_1_93' title='bbox 352 697 423 723; x_wconf 74' lang='lat' dir='ltr'><strong>ct‘elo</strong></span> <span class='ocrx_word' id='word_1_94' title='bbox 438 695 566 730; x_wconf 84' lang='lat' dir='ltr'><strong>delapsus</strong></span> <span class='ocrx_word' id='word_1_95' title='bbox 581 698 641 720; x_wconf 88' lang='lat' dir='ltr'><strong>est:</strong></span> <span class='ocrx_word' id='word_1_96' title='bbox 656 693 833 725; x_wconf 69' lang='lat' dir='ltr'><strong>similiterque</strong></span> <span class='ocrx_word' id='word_1_97' title='bbox 849 698 895 725; x_wconf 89' lang='lat' dir='ltr'><strong>per</strong></span> <span class='ocrx_word' id='word_1_98' title='bbox 914 689 988 716; x_wconf 80' lang='lat' dir='ltr'><strong>illam</strong></span> 
     </span>
    </p>
   </div>
   <div class='ocr_carea' id='block_1_16' title="bbox 208 735 990 777">
    <p class='ocr_par' dir='ltr' id='par_1_16' title="bbox 208 735 990 777">
     <span class='ocr_line' id='line_1_16' title="bbox 208 735 990 777; baseline -0.013 -7"><span class='ocrx_word' id='word_1_99' title='bbox 208 743 337 777; x_wconf 69' lang='lat' dir='ltr'><strong>deinceps</strong></span> <span class='ocrx_word' id='word_1_100' title='bbox 356 741 479 768; x_wconf 87' lang='lat' dir='ltr'><strong>homines</strong></span> <span class='ocrx_word' id='word_1_101' title='bbox 491 740 640 774; x_wconf 87' lang='lat' dir='ltr'><strong>illaqueans</strong></span> <span class='ocrx_word' id='word_1_102' title='bbox 655 738 758 771; x_wconf 79' lang='lat' dir='ltr'><strong>dejicit.</strong></span> <span class='ocrx_word' id='word_1_103' title='bbox 772 735 810 763; x_wconf 86' lang='lat' dir='ltr'><strong>Ne</strong></span> <span class='ocrx_word' id='word_1_104' title='bbox 826 736 888 770; x_wconf 87' lang='lat' dir='ltr'><strong>quis</strong></span> <span class='ocrx_word' id='word_1_105' title='bbox 904 739 929 761; x_wconf 91' lang='lat' dir='ltr'><strong>te</strong></span> <span class='ocrx_word' id='word_1_106' title='bbox 947 741 990 760; x_wconf 65' lang='lat' dir='ltr'><strong>sco</strong></span> 
     </span>
    </p>
   </div>
   <div class='ocr_carea' id='block_1_17' title="bbox 208 780 990 820">
    <p class='ocr_par' dir='ltr' id='par_1_17' title="bbox 208 780 990 820">
     <span class='ocr_line' id='line_1_17' title="bbox 208 780 990 820; baseline -0.014 -5"><span class='ocrx_word' id='word_1_107' title='bbox 208 789 300 820; x_wconf 82' lang='lat' dir='ltr'><strong>ducat,</strong></span> <span class='ocrx_word' id='word_1_108' title='bbox 324 792 352 814; x_wconf 89' lang='lat' dir='ltr'><strong>ut</strong></span> <span class='ocrx_word' id='word_1_109' title='bbox 364 787 406 813; x_wconf 88' lang='lat' dir='ltr'><strong>vel</strong></span> <span class='ocrx_word' id='word_1_110' title='bbox 424 785 561 812; x_wconf 86' lang='lat' dir='ltr'><strong>Dominica</strong></span> <span class='ocrx_word' id='word_1_111' title='bbox 578 786 688 811; x_wconf 82' lang='lat' dir='ltr'><strong>omnino</strong></span> <span class='ocrx_word' id='word_1_112' title='bbox 702 783 819 817; x_wconf 83' lang='lat' dir='ltr'><strong>jejunes,</strong></span> <span class='ocrx_word' id='word_1_113' title='bbox 848 780 888 807; x_wconf 90' lang='lat' dir='ltr'><strong>vel</strong></span> <span class='ocrx_word' id='word_1_114' title='bbox 903 786 990 814; x_wconf 75' lang='lat' dir='ltr'><strong>genua</strong></span> 
     </span>
    </p>
   </div>
   <div class='ocr_carea' id='block_1_18' title="bbox 208 823 992 864">
    <p class='ocr_par' dir='ltr' id='par_1_18' title="bbox 208 823 992 864">
     <span class='ocr_line' id='line_1_18' title="bbox 208 823 992 864; baseline -0.015 -3"><span class='ocrx_word' id='word_1_115' title='bbox 208 834 312 864; x_wconf 80' lang='lat' dir='ltr'><strong>ﬂectas,</strong></span> <span class='ocrx_word' id='word_1_116' title='bbox 322 833 362 859; x_wconf 85' lang='lat' dir='ltr'><strong>vel</strong></span> <span class='ocrx_word' id='word_1_117' title='bbox 373 833 401 858; x_wconf 90' lang='lat' dir='ltr'><strong>in</strong></span> <span class='ocrx_word' id='word_1_118' title='bbox 418 831 585 858; x_wconf 80' lang='lat' dir='ltr'><strong>Pentecoste.</strong></span> <span class='ocrx_word' id='word_1_119' title='bbox 598 828 689 863; x_wconf 85' lang='lat' dir='ltr'><strong>Neque</strong></span> <span class='ocrx_word' id='word_1_120' title='bbox 703 829 773 854; x_wconf 89' lang='lat' dir='ltr'><strong>enim</strong></span> <span class='ocrx_word' id='word_1_121' title='bbox 789 834 820 853; x_wconf 86' lang='lat' dir='ltr'><strong>ea</strong></span> <span class='ocrx_word' id='word_1_122' title='bbox 835 827 875 852; x_wconf 74' lang='lat' dir='ltr'><strong>lex</strong></span> <span class='ocrx_word' id='word_1_123' title='bbox 890 829 931 852; x_wconf 81' lang='lat' dir='ltr'><strong>est</strong></span> <span class='ocrx_word' id='word_1_124' title='bbox 944 823 992 850; x_wconf 69' lang='lat' dir='ltr'><strong>lic-</strong></span> 
     </span>
    </p>
   </div>
   <div class='ocr_carea' id='block_1_19' title="bbox 208 871 990 909">
    <p class='ocr_par' dir='ltr' id='par_1_19' title="bbox 208 871 990 909">
     <span class='ocr_line' id='line_1_19' title="bbox 208 871 990 909; baseline -0.015 -3"><span class='ocrx_word' id='word_1_125' title='bbox 208 879 308 906; x_wconf 74' lang='lat' dir='ltr'><strong>clesite.</strong></span> <span class='ocrx_word' id='word_1_126' title='bbox 323 877 394 905; x_wconf 79' lang='lat' dir='ltr'><strong>Cave</strong></span> <span class='ocrx_word' id='word_1_127' title='bbox 415 884 448 903; x_wconf 91' lang='lat' dir='ltr'><strong>ne</strong></span> <span class='ocrx_word' id='word_1_128' title='bbox 466 880 492 902; x_wconf 88' lang='lat' dir='ltr'><strong>te</strong></span> <span class='ocrx_word' id='word_1_129' title='bbox 506 874 615 909; x_wconf 85' lang='lat' dir='ltr'><strong>quidam</strong></span> <span class='ocrx_word' id='word_1_130' title='bbox 631 872 811 899; x_wconf 72' lang='lat' dir='ltr'><strong>Marcionistze</strong></span> <span class='ocrx_word' id='word_1_131' title='bbox 829 871 854 897; x_wconf 90' lang='lat' dir='ltr'><strong>in</strong></span> <span class='ocrx_word' id='word_1_132' title='bbox 871 876 990 897; x_wconf 86' lang='lat' dir='ltr'><strong>errorem</strong></span> 
     </span>
    </p>
   </div>
   <div class='ocr_carea' id='block_1_20' title="bbox 1038 269 1824 313">
    <p class='ocr_par' dir='ltr' id='par_1_20' title="bbox 1038 269 1824 313">
     <span class='ocr_line' id='line_1_20' title="bbox 1038 269 1824 313; baseline -0.013 -10"><span class='ocrx_word' id='word_1_133' title='bbox 1038 277 1182 313; x_wconf 70' lang='grc' dir='ltr'>ρακοστὴν,</span> <span class='ocrx_word' id='word_1_134' title='bbox 1198 274 1243 300; x_wconf 74' lang='grc' dir='ltr'><strong>καὶ</strong></span> <span class='ocrx_word' id='word_1_135' title='bbox 1255 273 1301 299; x_wconf 80' lang='grc' dir='ltr'>τοῦ</span> <span class='ocrx_word' id='word_1_136' title='bbox 1315 273 1426 303; x_wconf 74' lang='grc' dir='ltr'>πάθους,</span> <span class='ocrx_word' id='word_1_137' title='bbox 1442 271 1509 297; x_wconf 85' lang='grc' dir='ltr'>ἀλλὰ</span> <span class='ocrx_word' id='word_1_138' title='bbox 1520 270 1568 305; x_wconf 82' lang='grc' dir='ltr'>τὴν</span> <span class='ocrx_word' id='word_1_139' title='bbox 1582 269 1634 296; x_wconf 70' lang='grc' dir='ltr'><strong>ἀπὸ</strong></span> <span class='ocrx_word' id='word_1_140' title='bbox 1648 269 1713 299; x_wconf 78' lang='grc' dir='ltr'>ιδίας</span> <span class='ocrx_word' id='word_1_141' title='bbox 1725 275 1824 302; x_wconf 77' lang='grc' dir='ltr'>προαι-</span> 
     </span>
    </p>
   </div>
   <div class='ocr_carea' id='block_1_21' title="bbox 1038 315 1822 358">
    <p class='ocr_par' dir='ltr' id='par_1_21' title="bbox 1038 315 1822 358">
     <span class='ocr_line' id='line_1_21' title="bbox 1038 315 1822 358; baseline -0.013 -9"><span class='ocrx_word' id='word_1_142' title='bbox 1038 324 1148 358; x_wconf 76' lang='grc' dir='ltr'>ρέσεως,</span> <span class='ocrx_word' id='word_1_143' title='bbox 1161 321 1282 348; x_wconf 73' lang='grc' dir='ltr'><strong>τουτέστι</strong></span> <span class='ocrx_word' id='word_1_144' title='bbox 1293 319 1432 355; x_wconf 79' lang='grc' dir='ltr'>δευτέρας,</span> <span class='ocrx_word' id='word_1_145' title='bbox 1447 318 1493 344; x_wconf 69' lang='grc' dir='ltr'><strong>καὶ</strong></span> <span class='ocrx_word' id='word_1_146' title='bbox 1503 317 1607 351; x_wconf 81' lang='grc' dir='ltr'>τρίτης,</span> <span class='ocrx_word' id='word_1_147' title='bbox 1621 315 1667 341; x_wconf 77' lang='grc' dir='ltr'><strong>καὶ</strong></span> <span class='ocrx_word' id='word_1_148' title='bbox 1680 315 1822 349; x_wconf 81' lang='grc' dir='ltr'><strong>πέμπτης.</strong></span> 
     </span>
    </p>
   </div>
   <div class='ocr_carea' id='block_1_22' title="bbox 1037 360 1826 400">
    <p class='ocr_par' dir='ltr' id='par_1_22' title="bbox 1037 360 1826 400">
     <span class='ocr_line' id='line_1_22' title="bbox 1037 360 1826 400; baseline -0.011 -7"><span class='ocrx_word' id='word_1_149' title='bbox 1037 367 1174 393; x_wconf 76' lang='grc' dir='ltr'>Σάεἳὸατον</span> <span class='ocrx_word' id='word_1_150' title='bbox 1191 365 1237 392; x_wconf 67' lang='grc' dir='ltr'><strong>καὶ</strong></span> <span class='ocrx_word' id='word_1_151' title='bbox 1250 364 1382 400; x_wconf 78' lang='grc' dir='ltr'>κυριακὴν</span> <span class='ocrx_word' id='word_1_152' title='bbox 1399 363 1435 398; x_wconf 87' lang='grc' dir='ltr'><strong>μὴ</strong></span> <span class='ocrx_word' id='word_1_153' title='bbox 1451 361 1609 396; x_wconf 72' lang='grc' dir='ltr'>νηστεύςῃς,</span> <span class='ocrx_word' id='word_1_154' title='bbox 1628 360 1696 394; x_wconf 78' lang='grc' dir='ltr'>πλὴν</span> <span class='ocrx_word' id='word_1_155' title='bbox 1710 360 1755 385; x_wconf 82' lang='grc' dir='ltr'>τοῦ</span> <span class='ocrx_word' id='word_1_156' title='bbox 1773 367 1826 393; x_wconf 86' lang='grc' dir='ltr'>με-</span> 
     </span>
    </p>
   </div>
   <div class='ocr_carea' id='block_1_23' title="bbox 1037 406 1824 446">
    <p class='ocr_par' dir='ltr' id='par_1_23' title="bbox 1037 406 1824 446">
     <span class='ocr_line' id='line_1_23' title="bbox 1037 406 1824 446; baseline -0.011 -7"><span class='ocrx_word' id='word_1_157' title='bbox 1037 412 1120 446; x_wconf 80' lang='grc' dir='ltr'>γάλου</span> <span class='ocrx_word' id='word_1_158' title='bbox 1133 412 1271 439; x_wconf 72' lang='grc' dir='ltr'>Σαϐϐάτου</span> <span class='ocrx_word' id='word_1_159' title='bbox 1288 409 1334 436; x_wconf 86' lang='grc' dir='ltr'>τοῦ</span> <span class='ocrx_word' id='word_1_160' title='bbox 1349 409 1426 443; x_wconf 81' lang='grc' dir='ltr'>ἁγίου</span> <span class='ocrx_word' id='word_1_161' title='bbox 1441 409 1545 443; x_wconf 75' lang='grc' dir='ltr'>Πάσχα.</span> <span class='ocrx_word' id='word_1_162' title='bbox 1567 407 1598 433; x_wconf 81' lang='lat' dir='ltr'><strong>&#39;ll</strong></span> <span class='ocrx_word' id='word_1_163' title='bbox 1612 407 1640 432; x_wconf 77' lang='grc' dir='ltr'><strong>δὲ</strong></span> <span class='ocrx_word' id='word_1_164' title='bbox 1654 406 1703 440; x_wconf 76' lang='grc' dir='ltr'>τῆς</span> <span class='ocrx_word' id='word_1_165' title='bbox 1721 409 1824 440; x_wconf 78' lang='grc' dir='ltr'>τετρα-</span> 
     </span>
    </p>
   </div>
   <div class='ocr_carea' id='block_1_24' title="bbox 1037 451 1824 492">
    <p class='ocr_par' dir='ltr' id='par_1_24' title="bbox 1037 451 1824 492">
     <span class='ocr_line' id='line_1_24' title="bbox 1037 451 1824 492; baseline -0.011 -7"><span class='ocrx_word' id='word_1_166' title='bbox 1037 459 1081 490; x_wconf 87' lang='grc' dir='ltr'>δος</span> <span class='ocrx_word' id='word_1_167' title='bbox 1103 458 1149 484; x_wconf 77' lang='grc' dir='ltr'><strong>καὶ</strong></span> <span class='ocrx_word' id='word_1_168' title='bbox 1167 456 1340 492; x_wconf 72' lang='grc' dir='ltr'>παρασκευῆς</span> <span class='ocrx_word' id='word_1_169' title='bbox 1354 455 1405 485; x_wconf 77' lang='grc' dir='ltr'>ἓως</span> <span class='ocrx_word' id='word_1_170' title='bbox 1420 453 1494 489; x_wconf 74' lang='grc' dir='ltr'>ὥρας</span> <span class='ocrx_word' id='word_1_171' title='bbox 1513 452 1625 487; x_wconf 80' lang='grc' dir='ltr'>ὲννὰτης</span> <span class='ocrx_word' id='word_1_172' title='bbox 1642 451 1752 487; x_wconf 75' lang='grc' dir='ltr'><strong>νηστεία</strong></span> <span class='ocrx_word' id='word_1_173' title='bbox 1775 460 1824 477; x_wconf 85' lang='grc' dir='ltr'>τε-</span> 
     </span>
    </p>
   </div>
   <div class='ocr_carea' id='block_1_25' title="bbox 1038 498 1823 538">
    <p class='ocr_par' dir='ltr' id='par_1_25' title="bbox 1038 498 1823 538">
     <span class='ocr_line' id='line_1_25' title="bbox 1038 498 1823 538; baseline -0.011 -8"><span class='ocrx_word' id='word_1_174' title='bbox 1038 504 1159 538; x_wconf 77' lang='grc' dir='ltr'>ταγμένη</span> <span class='ocrx_word' id='word_1_175' title='bbox 1184 502 1258 529; x_wconf 78' lang='grc' dir='ltr'>ἐστί’</span> <span class='ocrx_word' id='word_1_176' title='bbox 1286 502 1332 528; x_wconf 75' lang='grc' dir='ltr'><strong>καὶ</strong></span> <span class='ocrx_word' id='word_1_177' title='bbox 1355 500 1382 526; x_wconf 78' lang='grc' dir='ltr'>εἴ</span> <span class='ocrx_word' id='word_1_178' title='bbox 1406 509 1433 526; x_wconf 89' lang='grc' dir='ltr'><strong>τι</strong></span> <span class='ocrx_word' id='word_1_179' title='bbox 1457 499 1655 534; x_wconf 72' lang='grc' dir='ltr'>περισσοτέρως</span> <span class='ocrx_word' id='word_1_180' title='bbox 1678 498 1823 532; x_wconf 73' lang='grc' dir='ltr'><strong>ποιήσεις,</strong></span> 
     </span>
    </p>
   </div>
   <div class='ocr_carea' id='block_1_26' title="bbox 1037 542 1826 583">
    <p class='ocr_par' dir='ltr' id='par_1_26' title="bbox 1037 542 1826 583">
     <span class='ocr_line' id='line_1_26' title="bbox 1037 542 1826 583; baseline -0.01 -8"><span class='ocrx_word' id='word_1_181' title='bbox 1037 549 1116 575; x_wconf 76' lang='grc' dir='ltr'>τοῦτο</span> <span class='ocrx_word' id='word_1_182' title='bbox 1132 547 1207 583; x_wconf 78' lang='grc' dir='ltr'>παρὰ</span> <span class='ocrx_word' id='word_1_183' title='bbox 1222 546 1270 582; x_wconf 84' lang='grc' dir='ltr'><strong>τὴν</strong></span> <span class='ocrx_word' id='word_1_184' title='bbox 1284 545 1396 572; x_wconf 79' lang='grc' dir='ltr'><strong>σεαυτοῦ</strong></span> <span class='ocrx_word' id='word_1_185' title='bbox 1411 544 1577 580; x_wconf 83' lang='grc' dir='ltr'>προαίρεσιν.</span> <span class='ocrx_word' id='word_1_186' title='bbox 1594 544 1625 569; x_wconf 79' lang='grc' dir='ltr'><strong>Εἰ</strong></span> <span class='ocrx_word' id='word_1_187' title='bbox 1639 542 1666 568; x_wconf 79' lang='grc' dir='ltr'><strong>δὲ</strong></span> <span class='ocrx_word' id='word_1_188' title='bbox 1681 542 1727 568; x_wconf 77' lang='grc' dir='ltr'>καὶ</span> <span class='ocrx_word' id='word_1_189' title='bbox 1739 542 1826 577; x_wconf 84' lang='grc' dir='ltr'>ὑπερ-</span> 
     </span>
    </p>
   </div>
   <div class='ocr_carea' id='block_1_27' title="bbox 1038 588 1825 626">
    <p class='ocr_par' dir='ltr' id='par_1_27' title="bbox 1038 588 1825 626">
     <span class='ocr_line' id='line_1_27' title="bbox 1038 588 1825 626; baseline -0.01 -5"><span class='ocrx_word' id='word_1_190' title='bbox 1038 595 1126 626; x_wconf 73' lang='grc' dir='ltr'>θέσεις</span> <span class='ocrx_word' id='word_1_191' title='bbox 1149 594 1260 620; x_wconf 78' lang='grc' dir='ltr'>δύνασαι</span> <span class='ocrx_word' id='word_1_192' title='bbox 1283 593 1380 622; x_wconf 79' lang='grc' dir='ltr'><strong>ποιεῖν,</strong></span> <span class='ocrx_word' id='word_1_193' title='bbox 1402 590 1533 625; x_wconf 80' lang='grc' dir='ltr'><strong>γενναίως</strong></span> <span class='ocrx_word' id='word_1_194' title='bbox 1554 590 1656 620; x_wconf 84' lang='grc' dir='ltr'>ἀσκεῐς.</span> <span class='ocrx_word' id='word_1_195' title='bbox 1675 588 1825 623; x_wconf 75' lang='grc' dir='ltr'>Νηστεύων</span> 
     </span>
    </p>
   </div>
   <div class='ocr_carea' id='block_1_28' title="bbox 1037 634 1825 672">
    <p class='ocr_par' dir='ltr' id='par_1_28' title="bbox 1037 634 1825 672">
     <span class='ocr_line' id='line_1_28' title="bbox 1037 634 1825 672; baseline -0.01 -5"><span class='ocrx_word' id='word_1_196' title='bbox 1037 641 1066 667; x_wconf 77' lang='grc' dir='ltr'><strong>δὲ</strong></span> <span class='ocrx_word' id='word_1_197' title='bbox 1089 640 1135 666; x_wconf 75' lang='grc' dir='ltr'><strong>καὶ</strong></span> <span class='ocrx_word' id='word_1_198' title='bbox 1153 638 1366 672; x_wconf 77' lang='grc' dir='ltr'><strong>πολιτευόμενος,</strong></span> <span class='ocrx_word' id='word_1_199' title='bbox 1390 636 1472 671; x_wconf 80' lang='grc' dir='ltr'>βλέπε</span> <span class='ocrx_word' id='word_1_200' title='bbox 1497 635 1534 670; x_wconf 83' lang='grc' dir='ltr'>μὴ</span> <span class='ocrx_word' id='word_1_201' title='bbox 1559 634 1714 669; x_wconf 77' lang='grc' dir='ltr'>φυσιωθῇς·</span> <span class='ocrx_word' id='word_1_202' title='bbox 1737 634 1825 669; x_wconf 82' lang='grc' dir='ltr'>ἡγὰρ</span> 
     </span>
    </p>
   </div>
   <div class='ocr_carea' id='block_1_29' title="bbox 1039 679 1825 721">
    <p class='ocr_par' dir='ltr' id='par_1_29' title="bbox 1039 679 1825 721">
     <span class='ocr_line' id='line_1_29' title="bbox 1039 679 1825 721; baseline -0.009 -9"><span class='ocrx_word' id='word_1_203' title='bbox 1039 687 1169 721; x_wconf 73' lang='grc' dir='ltr'>φυσίωσις</span> <span class='ocrx_word' id='word_1_204' title='bbox 1184 684 1266 718; x_wconf 85' lang='grc' dir='ltr'>παγίς</span> <span class='ocrx_word' id='word_1_205' title='bbox 1282 685 1340 710; x_wconf 81' lang='grc' dir='ltr'>εστι</span> <span class='ocrx_word' id='word_1_206' title='bbox 1356 682 1401 709; x_wconf 75' lang='grc' dir='ltr'>τοῦ</span> <span class='ocrx_word' id='word_1_207' title='bbox 1425 681 1556 712; x_wconf 71' lang='grc' dir='ltr'>διαϐόλου,</span> <span class='ocrx_word' id='word_1_208' title='bbox 1572 681 1605 707; x_wconf 78' lang='grc' dir='ltr'>δι’</span> <span class='ocrx_word' id='word_1_209' title='bbox 1628 679 1660 716; x_wconf 81' lang='grc' dir='ltr'>ἦς</span> <span class='ocrx_word' id='word_1_210' title='bbox 1676 680 1723 706; x_wconf 84' lang='grc' dir='ltr'><strong>ἀπ’</strong></span> <span class='ocrx_word' id='word_1_211' title='bbox 1739 681 1825 715; x_wconf 76' lang='grc' dir='ltr'>οὐρα.-</span> 
     </span>
    </p>
   </div>
   <div class='ocr_carea' id='block_1_30' title="bbox 1039 726 1825 765">
    <p class='ocr_par' dir='ltr' id='par_1_30' title="bbox 1039 726 1825 765">
     <span class='ocr_line' id='line_1_30' title="bbox 1039 726 1825 765; baseline -0.01 -6"><span class='ocrx_word' id='word_1_212' title='bbox 1039 732 1084 760; x_wconf 76' lang='grc' dir='ltr'><strong>νοῦ</strong></span> <span class='ocrx_word' id='word_1_213' title='bbox 1107 731 1259 762; x_wconf 74' lang='grc' dir='ltr'><strong>πέπτωκεν,</strong></span> <span class='ocrx_word' id='word_1_214' title='bbox 1274 730 1372 765; x_wconf 82' lang='grc' dir='ltr'>ὁμοίως</span> <span class='ocrx_word' id='word_1_215' title='bbox 1390 728 1418 754; x_wconf 84' lang='grc' dir='ltr'>δὲ</span> <span class='ocrx_word' id='word_1_216' title='bbox 1434 727 1525 754; x_wconf 82' lang='grc' dir='ltr'>λοιπὸν</span> <span class='ocrx_word' id='word_1_217' title='bbox 1542 727 1575 753; x_wconf 83' lang='grc' dir='ltr'><strong>δι’</strong></span> <span class='ocrx_word' id='word_1_218' title='bbox 1592 727 1676 762; x_wconf 77' lang='grc' dir='ltr'>αὐτῆς</span> <span class='ocrx_word' id='word_1_219' title='bbox 1697 726 1759 757; x_wconf 74' lang='grc' dir='ltr'>τοὺς</span> <span class='ocrx_word' id='word_1_220' title='bbox 1777 726 1825 752; x_wconf 85' lang='grc' dir='ltr'><strong>ἀν-</strong></span> 
     </span>
    </p>
   </div>
   <div class='ocr_carea' id='block_1_31' title="bbox 1040 769 1825 812">
    <p class='ocr_par' dir='ltr' id='par_1_31' title="bbox 1040 769 1825 812">
     <span class='ocr_line' id='line_1_31' title="bbox 1040 769 1825 812; baseline -0.01 -9"><span class='ocrx_word' id='word_1_221' title='bbox 1040 776 1164 812; x_wconf 84' lang='grc' dir='ltr'>ορώπους</span> <span class='ocrx_word' id='word_1_222' title='bbox 1178 774 1327 809; x_wconf 79' lang='grc' dir='ltr'>παγιδεύων</span> <span class='ocrx_word' id='word_1_223' title='bbox 1341 772 1513 800; x_wconf 71' lang='grc' dir='ltr'>καταϐάλλει.</span> <span class='ocrx_word' id='word_1_224' title='bbox 1530 772 1574 806; x_wconf 79' lang='grc' dir='ltr'><strong>Μὴ</strong></span> <span class='ocrx_word' id='word_1_225' title='bbox 1594 771 1636 802; x_wconf 81' lang='grc' dir='ltr'><strong>τίς</strong></span> <span class='ocrx_word' id='word_1_226' title='bbox 1656 779 1684 796; x_wconf 86' lang='grc' dir='ltr'>σε</span> <span class='ocrx_word' id='word_1_227' title='bbox 1700 769 1825 805; x_wconf 81' lang='grc' dir='ltr'><strong>πλανήσῃ</strong></span> 
     </span>
    </p>
   </div>
   <div class='ocr_carea' id='block_1_32' title="bbox 1039 816 1826 857">
    <p class='ocr_par' dir='ltr' id='par_1_32' title="bbox 1039 816 1826 857">
     <span class='ocr_line' id='line_1_32' title="bbox 1039 816 1826 857; baseline -0.008 -8"><span class='ocrx_word' id='word_1_228' title='bbox 1039 824 1068 849; x_wconf 86' lang='grc' dir='ltr'>ὲν</span> <span class='ocrx_word' id='word_1_229' title='bbox 1083 822 1201 857; x_wconf 75' lang='grc' dir='ltr'>κυριακῇ</span> <span class='ocrx_word' id='word_1_230' title='bbox 1216 820 1354 856; x_wconf 81' lang='grc' dir='ltr'><strong>νηστεύειν</strong></span> <span class='ocrx_word' id='word_1_231' title='bbox 1373 819 1403 846; x_wconf 83' lang='grc' dir='ltr'>τὸ</span> <span class='ocrx_word' id='word_1_232' title='bbox 1424 818 1564 854; x_wconf 80' lang='grc' dir='ltr'>παράπαν,</span> <span class='ocrx_word' id='word_1_233' title='bbox 1584 818 1650 852; x_wconf 85' lang='grc' dir='ltr'>μήτε</span> <span class='ocrx_word' id='word_1_234' title='bbox 1667 816 1826 850; x_wconf 85' lang='grc' dir='ltr'>γονυπετεῖν</span> 
     </span>
    </p>
   </div>
   <div class='ocr_carea' id='block_1_33' title="bbox 1039 861 1827 903">
    <p class='ocr_par' dir='ltr' id='par_1_33' title="bbox 1039 861 1827 903">
     <span class='ocr_line' id='line_1_33' title="bbox 1039 861 1827 903; baseline -0.009 -9"><span class='ocrx_word' id='word_1_235' title='bbox 1039 868 1070 894; x_wconf 80' lang='grc' dir='ltr'><strong>τὸ</strong></span> <span class='ocrx_word' id='word_1_236' title='bbox 1084 867 1226 903; x_wconf 83' lang='grc' dir='ltr'>παράπαν,</span> <span class='ocrx_word' id='word_1_237' title='bbox 1244 866 1311 901; x_wconf 83' lang='grc' dir='ltr'>μήτε</span> <span class='ocrx_word' id='word_1_238' title='bbox 1333 866 1361 891; x_wconf 79' lang='grc' dir='ltr'>ὲν</span> <span class='ocrx_word' id='word_1_239' title='bbox 1377 865 1548 899; x_wconf 75' lang='grc' dir='ltr'>Πεντηκοστῇ</span> <span class='ocrx_word' id='word_1_240' title='bbox 1559 872 1567 879; x_wconf 72' lang='grc' dir='ltr'><strong>ο</strong></span> <span class='ocrx_word' id='word_1_241' title='bbox 1582 863 1612 889; x_wconf 87' lang='grc' dir='ltr'>οὺ</span> <span class='ocrx_word' id='word_1_242' title='bbox 1633 863 1687 897; x_wconf 79' lang='grc' dir='ltr'><strong>γάρ</strong></span> <span class='ocrx_word' id='word_1_243' title='bbox 1703 863 1760 888; x_wconf 75' lang='grc' dir='ltr'>ἐστι</span> <span class='ocrx_word' id='word_1_244' title='bbox 1780 861 1827 887; x_wconf 82' lang='grc' dir='ltr'><strong>θε-</strong></span> 
     </span>
    </p>
   </div>
   <div class='ocr_carea' id='block_1_34' title="bbox 208 907 993 955">
    <p class='ocr_par' dir='ltr' id='par_1_34' title="bbox 208 907 989 955">
     <span class='ocr_line' id='line_1_34' title="bbox 208 907 989 955; baseline -0.015 -3"><span class='ocrx_word' id='word_1_245' title='bbox 208 925 354 955; x_wconf 81' lang='lat' dir='ltr'><strong>deducant,</strong></span> <span class='ocrx_word' id='word_1_246' title='bbox 374 927 420 950; x_wconf 85' lang='lat' dir='ltr'><strong>aut</strong></span> <span class='ocrx_word' id='word_1_247' title='bbox 439 922 484 949; x_wconf 83' lang='lat' dir='ltr'><strong>alii</strong></span> <span class='ocrx_word' id='word_1_248' title='bbox 503 907 633 953; x_wconf 68' lang='lat' dir='ltr'><strong>lueretici,</strong></span> <span class='ocrx_word' id='word_1_249' title='bbox 654 923 680 946; x_wconf 82' lang='lat' dir='ltr'><strong>et</strong></span> <span class='ocrx_word' id='word_1_250' title='bbox 703 918 821 944; x_wconf 85' lang='lat' dir='ltr'><strong>Sabbato</strong></span> <span class='ocrx_word' id='word_1_251' title='bbox 840 916 879 943; x_wconf 72' lang='lat' dir='ltr'><strong>vel</strong></span> <span class='ocrx_word' id='word_1_252' title='bbox 899 915 989 942; x_wconf 88' lang='lat' dir='ltr'><strong>Domi--</strong></span> 
     </span>
    </p>
   </div>
   <div class='ocr_carea' id='block_1_35' title="bbox 1046 907 1823 955">
    <p class='ocr_par' dir='ltr' id='par_1_35' title="bbox 1046 907 1823 949">
     <span class='ocr_line' id='line_1_35' title="bbox 1046 907 1823 949; baseline -0.01 -9"><span class='ocrx_word' id='word_1_253' title='bbox 1046 914 1110 949; x_wconf 66' lang='grc' dir='ltr'>σμὸς</span> <span class='ocrx_word' id='word_1_254' title='bbox 1128 912 1296 947; x_wconf 81' lang='grc' dir='ltr'>Ἑκκλησίας.</span> <span class='ocrx_word' id='word_1_255' title='bbox 1313 910 1367 937; x_wconf 70' lang='grc' dir='ltr'><strong>Καὶ</strong></span> <span class='ocrx_word' id='word_1_256' title='bbox 1383 910 1420 946; x_wconf 85' lang='grc' dir='ltr'>μὴ</span> <span class='ocrx_word' id='word_1_257' title='bbox 1434 909 1540 944; x_wconf 83' lang='grc' dir='ltr'>ἀνέχου,</span> <span class='ocrx_word' id='word_1_258' title='bbox 1556 910 1597 934; x_wconf 82' lang='grc' dir='ltr'><strong>ἵνα</strong></span> <span class='ocrx_word' id='word_1_259' title='bbox 1614 907 1770 942; x_wconf 73' lang='grc' dir='ltr'>πλοινήσωσί</span> <span class='ocrx_word' id='word_1_260' title='bbox 1791 915 1823 933; x_wconf 82' lang='grc' dir='ltr'>σε</span> 
     </span>
    </p>
   </div>
   <div class='ocr_carea' id='block_1_36' title="bbox 211 963 988 1004">
    <p class='ocr_par' dir='ltr' id='par_1_36' title="bbox 211 963 988 1004">
     <span class='ocr_line' id='line_1_36' title="bbox 211 963 988 1004; baseline -0.013 -7"><span class='ocrx_word' id='word_1_261' title='bbox 211 971 272 998; x_wconf 83' lang='lat' dir='ltr'><strong>nica</strong></span> <span class='ocrx_word' id='word_1_262' title='bbox 291 969 414 1004; x_wconf 86' lang='lat' dir='ltr'><strong>jejunare</strong></span> <span class='ocrx_word' id='word_1_263' title='bbox 428 968 569 994; x_wconf 87' lang='lat' dir='ltr'><strong>suadeant.</strong></span> <span class='ocrx_word' id='word_1_264' title='bbox 599 965 753 992; x_wconf 85' lang='lat' dir='ltr'><strong>Convenlus</strong></span> <span class='ocrx_word' id='word_1_265' title='bbox 770 971 802 990; x_wconf 91' lang='lat' dir='ltr'><strong>ne</strong></span> <span class='ocrx_word' id='word_1_266' title='bbox 820 963 937 996; x_wconf 75' lang='lat' dir='ltr'><strong>neglige;</strong></span> <span class='ocrx_word' id='word_1_267' title='bbox 954 965 988 988; x_wconf 73' lang='grc' dir='ltr'>ιε·</span> 
     </span>
    </p>
   </div>
   <div class='ocr_carea' id='block_1_37' title="bbox 211 1007 992 1052">
    <p class='ocr_par' dir='ltr' id='par_1_37' title="bbox 211 1007 992 1052">
     <span class='ocr_line' id='line_1_37' title="bbox 211 1007 992 1052; baseline -0.014 -9"><span class='ocrx_word' id='word_1_268' title='bbox 211 1025 264 1052; x_wconf 90' lang='lat' dir='ltr'><strong>que</strong></span> <span class='ocrx_word' id='word_1_269' title='bbox 273 1016 375 1051; x_wconf 86' lang='lat' dir='ltr'><strong>ipseita</strong></span> <span class='ocrx_word' id='word_1_270' title='bbox 390 1021 510 1049; x_wconf 59' lang='lat' dir='ltr'><strong>praepara</strong></span> <span class='ocrx_word' id='word_1_271' title='bbox 522 1017 551 1039; x_wconf 91' lang='lat' dir='ltr'><strong>ut</strong></span> <span class='ocrx_word' id='word_1_272' title='bbox 566 1012 663 1046; x_wconf 77' lang='lat' dir='ltr'><strong>dignus</strong></span> <span class='ocrx_word' id='word_1_273' title='bbox 674 1011 712 1037; x_wconf 86' lang='lat' dir='ltr'><strong>sis</strong></span> <span class='ocrx_word' id='word_1_274' title='bbox 722 1010 867 1044; x_wconf 78' lang='lat' dir='ltr'><strong>mysteriis.</strong></span> <span class='ocrx_word' id='word_1_275' title='bbox 880 1016 913 1034; x_wconf 88' lang='lat' dir='ltr'><strong>ne</strong></span> <span class='ocrx_word' id='word_1_276' title='bbox 924 1007 992 1033; x_wconf 83' lang='lat' dir='ltr'><strong>forte</strong></span> 
     </span>
    </p>
   </div>
   <div class='ocr_carea' id='block_1_38' title="bbox 208 1053 991 1095">
    <p class='ocr_par' dir='ltr' id='par_1_38' title="bbox 208 1053 991 1095">
     <span class='ocr_line' id='line_1_38' title="bbox 208 1053 991 1095; baseline -0.014 -7"><span class='ocrx_word' id='word_1_277' title='bbox 208 1062 236 1088; x_wconf 91' lang='lat' dir='ltr'><strong>in</strong></span> <span class='ocrx_word' id='word_1_278' title='bbox 266 1061 399 1095; x_wconf 86' lang='lat' dir='ltr'><strong>judicium</strong></span> <span class='ocrx_word' id='word_1_279' title='bbox 430 1058 545 1085; x_wconf 74' lang='lat' dir='ltr'><strong>incidas.</strong></span> <span class='ocrx_word' id='word_1_280' title='bbox 577 1056 614 1083; x_wconf 79' lang='lat' dir='ltr'><strong>Ne</strong></span> <span class='ocrx_word' id='word_1_281' title='bbox 639 1055 749 1082; x_wconf 86' lang='lat' dir='ltr'><strong>omittas</strong></span> <span class='ocrx_word' id='word_1_282' title='bbox 781 1053 991 1083; x_wconf 85' lang='lat' dir='ltr'><strong>te_adeuutium</strong></span> 
     </span>
    </p>
   </div>
   <div class='ocr_carea' id='block_1_39' title="bbox 208 1097 991 1140">
    <p class='ocr_par' dir='ltr' id='par_1_39' title="bbox 208 1097 991 1140">
     <span class='ocr_line' id='line_1_39' title="bbox 208 1097 991 1140; baseline -0.014 -6"><span class='ocrx_word' id='word_1_283' title='bbox 208 1107 323 1134; x_wconf 77' lang='lat' dir='ltr'><strong>fratrum</strong></span> <span class='ocrx_word' id='word_1_284' title='bbox 339 1106 420 1140; x_wconf 82' lang='lat' dir='ltr'><strong>pedes</strong></span> <span class='ocrx_word' id='word_1_285' title='bbox 446 1105 546 1134; x_wconf 75' lang='lat' dir='ltr'><strong>lavare,</strong></span> <span class='ocrx_word' id='word_1_286' title='bbox 566 1101 698 1136; x_wconf 81' lang='lat' dir='ltr'><strong>ejusmodi</strong></span> <span class='ocrx_word' id='word_1_287' title='bbox 725 1106 842 1133; x_wconf 84' lang='lat' dir='ltr'><strong>namque</strong></span> <span class='ocrx_word' id='word_1_288' title='bbox 864 1097 991 1133; x_wconf 64' lang='lat' dir='ltr'><strong>praecepti</strong></span> 
     </span>
    </p>
   </div>
   <div class='ocr_carea' id='block_1_40' title="bbox 208 1145 992 1186">
    <p class='ocr_par' dir='ltr' id='par_1_40' title="bbox 208 1145 992 1186">
     <span class='ocr_line' id='line_1_40' title="bbox 208 1145 992 1186; baseline -0.01 -7"><span class='ocrx_word' id='word_1_289' title='bbox 208 1153 280 1180; x_wconf 82' lang='lat' dir='ltr'><strong>ratio</strong></span> <span class='ocrx_word' id='word_1_290' title='bbox 305 1151 486 1186; x_wconf 86' lang='lat' dir='ltr'><strong>postulabitur</strong></span> <span class='ocrx_word' id='word_1_291' title='bbox 509 1150 544 1176; x_wconf 87' lang='lat' dir='ltr'><strong>ab</strong></span> <span class='ocrx_word' id='word_1_292' title='bbox 573 1149 606 1176; x_wconf 88' lang='lat' dir='ltr'><strong>iis</strong></span> <span class='ocrx_word' id='word_1_293' title='bbox 621 1148 667 1182; x_wconf 85' lang='lat' dir='ltr'><strong>qui</strong></span> <span class='ocrx_word' id='word_1_294' title='bbox 699 1154 753 1181; x_wconf 64' lang='lat' dir='ltr'><strong>pra</strong></span> <span class='ocrx_word' id='word_1_295' title='bbox 777 1146 903 1180; x_wconf 79' lang='lat' dir='ltr'><strong>superbia</strong></span> <span class='ocrx_word' id='word_1_296' title='bbox 926 1145 992 1171; x_wconf 89' lang='lat' dir='ltr'><strong>illud</strong></span> 
     </span>
    </p>
   </div>
   <div class='ocr_carea' id='block_1_41' title="bbox 209 1191 992 1230">
    <p class='ocr_par' dir='ltr' id='par_1_41' title="bbox 209 1191 992 1230">
     <span class='ocr_line' id='line_1_41' title="bbox 209 1191 992 1230; baseline -0.009 -5"><span class='ocrx_word' id='word_1_297' title='bbox 209 1198 360 1227; x_wconf 84' lang='lat' dir='ltr'><strong>omiserint,</strong></span> <span class='ocrx_word' id='word_1_298' title='bbox 381 1196 503 1230; x_wconf 78' lang='lat' dir='ltr'><strong>quamvis</strong></span> <span class='ocrx_word' id='word_1_299' title='bbox 532 1195 587 1222; x_wconf 88' lang='lat' dir='ltr'><strong>sint</strong></span> <span class='ocrx_word' id='word_1_300' title='bbox 611 1193 742 1228; x_wconf 74' lang='lat' dir='ltr'><strong>episcopi.</strong></span> <span class='ocrx_word' id='word_1_301' title='bbox 771 1191 834 1219; x_wconf 83' lang='lat' dir='ltr'><strong>Nam</strong></span> <span class='ocrx_word' id='word_1_302' title='bbox 862 1191 992 1218; x_wconf 90' lang='lat' dir='ltr'><strong>Dominus</strong></span> 
     </span>
    </p>
   </div>
   <div class='ocr_carea' id='block_1_42' title="bbox 210 1236 992 1277">
    <p class='ocr_par' dir='ltr' id='par_1_42' title="bbox 210 1236 992 1277">
     <span class='ocr_line' id='line_1_42' title="bbox 210 1236 992 1277; baseline -0.012 -7"><span class='ocrx_word' id='word_1_303' title='bbox 210 1249 303 1270; x_wconf 82' lang='lat' dir='ltr'><strong>noster</strong></span> <span class='ocrx_word' id='word_1_304' title='bbox 317 1243 390 1277; x_wconf 90' lang='lat' dir='ltr'><strong>prior</strong></span> <span class='ocrx_word' id='word_1_305' title='bbox 405 1243 463 1276; x_wconf 89' lang='lat' dir='ltr'><strong>ipse</strong></span> <span class='ocrx_word' id='word_1_306' title='bbox 486 1240 581 1272; x_wconf 82' lang='lat' dir='ltr'><strong>abluit,</strong></span> <span class='ocrx_word' id='word_1_307' title='bbox 598 1247 660 1266; x_wconf 88' lang='lat' dir='ltr'><strong>cum</strong></span> <span class='ocrx_word' id='word_1_308' title='bbox 677 1237 804 1272; x_wconf 68' lang='lat' dir='ltr'><strong>prmccpit</strong></span> <span class='ocrx_word' id='word_1_309' title='bbox 835 1236 889 1263; x_wconf 83' lang='lat' dir='ltr'><strong>illis</strong></span> <span class='ocrx_word' id='word_1_310' title='bbox 903 1240 932 1263; x_wconf 88' lang='lat' dir='ltr'><strong>ut</strong></span> <span class='ocrx_word' id='word_1_311' title='bbox 955 1236 992 1262; x_wconf 89' lang='lat' dir='ltr'><strong>ita</strong></span> 
     </span>
    </p>
   </div>
   <div class='ocr_carea' id='block_1_43' title="bbox 211 1287 342 1313">
    <p class='ocr_par' dir='ltr' id='par_1_43' title="bbox 211 1287 342 1313">
     <span class='ocr_line' id='line_1_43' title="bbox 211 1287 342 1313; baseline -0.008 0"><span class='ocrx_word' id='word_1_312' title='bbox 211 1287 342 1313; x_wconf 84' lang='lat' dir='ltr'><strong>facerent.</strong></span> 
     </span>
    </p>
   </div>
   <div class='ocr_carea' id='block_1_44' title="bbox 248 1327 991 1364">
    <p class='ocr_par' dir='ltr' id='par_1_44' title="bbox 248 1327 991 1364">
     <span class='ocr_line' id='line_1_44' title="bbox 248 1327 991 1364; baseline -0.011 -4"><span class='ocrx_word' id='word_1_313' title='bbox 248 1334 274 1361; x_wconf 80' lang='grc'><strong>5.</strong></span> <span class='ocrx_word' id='word_1_314' title='bbox 290 1332 330 1359; x_wconf 83' lang='lat' dir='ltr'><strong>Ne</strong></span> <span class='ocrx_word' id='word_1_315' title='bbox 341 1338 399 1360; x_wconf 90' lang='lat' dir='ltr'><strong>esto</strong></span> <span class='ocrx_word' id='word_1_316' title='bbox 419 1338 527 1362; x_wconf 87' lang='lat' dir='ltr'><strong>avarus,</strong></span> <span class='ocrx_word' id='word_1_317' title='bbox 540 1338 573 1357; x_wconf 90' lang='lat' dir='ltr'><strong>ne</strong></span> <span class='ocrx_word' id='word_1_318' title='bbox 587 1329 672 1364; x_wconf 90' lang='lat' dir='ltr'><strong>turpis</strong></span> <span class='ocrx_word' id='word_1_319' title='bbox 686 1329 764 1359; x_wconf 85' lang='lat' dir='ltr'><strong>lucri,</strong></span> <span class='ocrx_word' id='word_1_320' title='bbox 776 1327 991 1362; x_wconf 84' lang='lat' dir='ltr'><strong>possessionum.</strong></span> 
     </span>
    </p>
   </div>
   <div class='ocr_carea' id='block_1_45' title="bbox 210 1371 993 1412">
    <p class='ocr_par' dir='ltr' id='par_1_45' title="bbox 210 1371 993 1412">
     <span class='ocr_line' id='line_1_45' title="bbox 210 1371 993 1412; baseline -0.01 -6"><span class='ocrx_word' id='word_1_321' title='bbox 210 1379 367 1407; x_wconf 82' lang='lat' dir='ltr'><strong>divitiarum</strong></span> <span class='ocrx_word' id='word_1_322' title='bbox 388 1377 503 1412; x_wconf 81' lang='lat' dir='ltr'><strong>cupidus</strong></span> <span class='ocrx_word' id='word_1_323' title='bbox 520 1386 526 1403; x_wconf 73' lang='grc' dir='ltr'><strong>ε</strong></span> <span class='ocrx_word' id='word_1_324' title='bbox 543 1383 606 1402; x_wconf 89' lang='lat' dir='ltr'><strong>nam</strong></span> <span class='ocrx_word' id='word_1_325' title='bbox 624 1376 669 1410; x_wconf 92' lang='lat' dir='ltr'><strong>qui</strong></span> <span class='ocrx_word' id='word_1_326' title='bbox 690 1373 824 1409; x_wconf 84' lang='lat' dir='ltr'><strong>ejusmodi</strong></span> <span class='ocrx_word' id='word_1_327' title='bbox 844 1377 918 1403; x_wconf 84' lang='lat' dir='ltr'><strong>sunt,</strong></span> <span class='ocrx_word' id='word_1_328' title='bbox 938 1371 993 1398; x_wconf 89' lang='lat' dir='ltr'><strong>Deo</strong></span> 
     </span>
    </p>
   </div>
   <div class='ocr_carea' id='block_1_46' title="bbox 211 1419 994 1463">
    <p class='ocr_par' dir='ltr' id='par_1_46' title="bbox 211 1419 994 1463">
     <span class='ocr_line' id='line_1_46' title="bbox 211 1419 994 1463; baseline -0.013 -9"><span class='ocrx_word' id='word_1_329' title='bbox 211 1428 317 1463; x_wconf 84' lang='lat' dir='ltr'><strong>placere</strong></span> <span class='ocrx_word' id='word_1_330' title='bbox 327 1433 381 1453; x_wconf 89' lang='lat' dir='ltr'><strong>non</strong></span> <span class='ocrx_word' id='word_1_331' title='bbox 393 1425 492 1452; x_wconf 87' lang='lat' dir='ltr'><strong>valent.</strong></span> <span class='ocrx_word' id='word_1_332' title='bbox 502 1423 541 1450; x_wconf 89' lang='lat' dir='ltr'><strong>Ne</strong></span> <span class='ocrx_word' id='word_1_333' title='bbox 553 1423 665 1450; x_wconf 86' lang='lat' dir='ltr'><strong>omnino</strong></span> <span class='ocrx_word' id='word_1_334' title='bbox 675 1421 781 1455; x_wconf 81' lang='lat' dir='ltr'><strong>negotia</strong></span> <span class='ocrx_word' id='word_1_335' title='bbox 793 1427 888 1455; x_wconf 80' lang='lat' dir='ltr'><strong>geras;</strong></span> <span class='ocrx_word' id='word_1_336' title='bbox 903 1419 994 1445; x_wconf 66' lang='lat' dir='ltr'><strong>multm</strong></span> 
     </span>
    </p>
   </div>
   <div class='ocr_carea' id='block_1_47' title="bbox 210 1466 993 1505">
    <p class='ocr_par' dir='ltr' id='par_1_47' title="bbox 210 1466 993 1505">
     <span class='ocr_line' id='line_1_47' title="bbox 210 1466 993 1505; baseline -0.011 -5"><span class='ocrx_word' id='word_1_337' title='bbox 210 1477 273 1500; x_wconf 86' lang='lat' dir='ltr'><strong>sunt</strong></span> <span class='ocrx_word' id='word_1_338' title='bbox 290 1471 400 1499; x_wconf 68' lang='lat' dir='ltr'><strong>incultze</strong></span> <span class='ocrx_word' id='word_1_339' title='bbox 414 1471 548 1505; x_wconf 81' lang='lat' dir='ltr'><strong>regiones,</strong></span> <span class='ocrx_word' id='word_1_340' title='bbox 568 1476 684 1503; x_wconf 86' lang='lat' dir='ltr'><strong>quarum</strong></span> <span class='ocrx_word' id='word_1_341' title='bbox 699 1467 794 1494; x_wconf 76' lang='lat' dir='ltr'><strong>incolae</strong></span> <span class='ocrx_word' id='word_1_342' title='bbox 814 1466 837 1493; x_wconf 88' lang='lat' dir='ltr'><strong>si</strong></span> <span class='ocrx_word' id='word_1_343' title='bbox 855 1469 927 1492; x_wconf 87' lang='lat' dir='ltr'><strong>artes</strong></span> <span class='ocrx_word' id='word_1_344' title='bbox 940 1472 993 1491; x_wconf 92' lang='lat' dir='ltr'><strong>non</strong></span> 
     </span>
    </p>
   </div>
   <div class='ocr_carea' id='block_1_48' title="bbox 212 1510 994 1549">
    <p class='ocr_par' dir='ltr' id='par_1_48' title="bbox 212 1510 994 1549">
     <span class='ocr_line' id='line_1_48' title="bbox 212 1510 994 1549; baseline -0.009 -6"><span class='ocrx_word' id='word_1_345' title='bbox 212 1516 329 1543; x_wconf 86' lang='lat' dir='ltr'><strong>habeant</strong></span> <span class='ocrx_word' id='word_1_346' title='bbox 348 1520 483 1549; x_wconf 59' lang='lat' dir='ltr'><strong>coauntur</strong></span> <span class='ocrx_word' id='word_1_347' title='bbox 498 1513 648 1547; x_wconf 83' lang='lat' dir='ltr'><strong>negotiari;</strong></span> <span class='ocrx_word' id='word_1_348' title='bbox 669 1511 726 1546; x_wconf 88' lang='lat' dir='ltr'><strong>qui,</strong></span> <span class='ocrx_word' id='word_1_349' title='bbox 743 1511 850 1538; x_wconf 86' lang='lat' dir='ltr'><strong>etiamsi</strong></span> <span class='ocrx_word' id='word_1_350' title='bbox 867 1510 994 1537; x_wconf 88' lang='lat' dir='ltr'><strong>monachi</strong></span> 
     </span>
    </p>
   </div>
   <div class='ocr_carea' id='block_1_49' title="bbox 213 1547 993 1593">
    <p class='ocr_par' dir='ltr' id='par_1_49' title="bbox 213 1547 993 1593">
     <span class='ocr_line' id='line_1_49' title="bbox 213 1547 993 1593; baseline -0.006 -7"><span class='ocrx_word' id='word_1_351' title='bbox 213 1567 267 1586; x_wconf 89' lang='lat' dir='ltr'><strong>non</strong></span> <span class='ocrx_word' id='word_1_352' title='bbox 284 1559 349 1590; x_wconf 88' lang='lat' dir='ltr'><strong>sint,</strong></span> <span class='ocrx_word' id='word_1_353' title='bbox 367 1559 389 1586; x_wconf 89' lang='lat' dir='ltr'><strong>si</strong></span> <span class='ocrx_word' id='word_1_354' title='bbox 410 1558 590 1593; x_wconf 79' lang='lat' dir='ltr'><strong>negotientur,</strong></span> <span class='ocrx_word' id='word_1_355' title='bbox 616 1557 686 1583; x_wconf 82' lang='lat' dir='ltr'><strong>male</strong></span> <span class='ocrx_word' id='word_1_356' title='bbox 705 1555 814 1590; x_wconf 88' lang='lat' dir='ltr'><strong>quidem</strong></span> <span class='ocrx_word' id='word_1_357' title='bbox 832 1560 924 1590; x_wconf 83' lang='lat' dir='ltr'><strong>agunt,</strong></span> <span class='ocrx_word' id='word_1_358' title='bbox 941 1547 993 1582; x_wconf 78' lang='lat' dir='ltr'><strong>nisi</strong></span> 
     </span>
    </p>
   </div>
   <div class='ocr_carea' id='block_1_50' title="bbox 213 1601 994 1636">
    <p class='ocr_par' dir='ltr' id='par_1_50' title="bbox 213 1601 994 1636">
     <span class='ocr_line' id='line_1_50' title="bbox 213 1601 994 1636; baseline -0.006 -4"><span class='ocrx_word' id='word_1_359' title='bbox 213 1606 239 1632; x_wconf 89' lang='lat' dir='ltr'><strong>iu</strong></span> <span class='ocrx_word' id='word_1_360' title='bbox 254 1613 319 1632; x_wconf 87' lang='lat' dir='ltr'><strong>casu</strong></span> <span class='ocrx_word' id='word_1_361' title='bbox 341 1604 524 1632; x_wconf 75' lang='lat' dir='ltr'><strong>necessitatis.</strong></span> <span class='ocrx_word' id='word_1_362' title='bbox 542 1602 657 1631; x_wconf 80' lang='lat' dir='ltr'><strong>Usuram</strong></span> <span class='ocrx_word' id='word_1_363' title='bbox 680 1611 713 1630; x_wconf 91' lang='lat' dir='ltr'><strong>ne</strong></span> <span class='ocrx_word' id='word_1_364' title='bbox 736 1601 848 1636; x_wconf 86' lang='lat' dir='ltr'><strong>accipe:</strong></span> <span class='ocrx_word' id='word_1_365' title='bbox 865 1609 899 1629; x_wconf 89' lang='lat' dir='ltr'><strong>ne</strong></span> <span class='ocrx_word' id='word_1_366' title='bbox 919 1602 994 1636; x_wconf 90' lang='lat' dir='ltr'><strong>prius</strong></span> 
     </span>
    </p>
   </div>
   <div class='ocr_carea' id='block_1_51' title="bbox 211 1648 995 1687">
    <p class='ocr_par' dir='ltr' id='par_1_51' title="bbox 211 1648 995 1687">
     <span class='ocr_line' id='line_1_51' title="bbox 211 1648 995 1687; baseline -0.009 -7"><span class='ocrx_word' id='word_1_367' title='bbox 211 1659 353 1687; x_wconf 83' lang='lat' dir='ltr'><strong>compares</strong></span> <span class='ocrx_word' id='word_1_368' title='bbox 370 1651 507 1685; x_wconf 86' lang='lat' dir='ltr'><strong>quidpiam</strong></span> <span class='ocrx_word' id='word_1_369' title='bbox 523 1651 577 1676; x_wconf 85' lang='lat' dir='ltr'><strong>alio</strong></span> <span class='ocrx_word' id='word_1_370' title='bbox 592 1657 673 1684; x_wconf 87' lang='lat' dir='ltr'><strong>quam</strong></span> <span class='ocrx_word' id='word_1_371' title='bbox 689 1649 793 1682; x_wconf 77' lang='lat' dir='ltr'><strong>vulgari</strong></span> <span class='ocrx_word' id='word_1_372' title='bbox 818 1649 912 1682; x_wconf 85' lang='lat' dir='ltr'><strong>pretio.</strong></span> <span class='ocrx_word' id='word_1_373' title='bbox 929 1648 995 1673; x_wconf 86' lang='lat' dir='ltr'><strong>Ama</strong></span> 
     </span>
    </p>
   </div>
   <div class='ocr_carea' id='block_1_52' title="bbox 211 1692 996 1730">
    <p class='ocr_par' dir='ltr' id='par_1_52' title="bbox 211 1692 996 1730">
     <span class='ocr_line' id='line_1_52' title="bbox 211 1692 996 1730; baseline -0.009 -6"><span class='ocrx_word' id='word_1_374' title='bbox 211 1704 307 1725; x_wconf 84' lang='lat' dir='ltr'><strong>omnes</strong></span> <span class='ocrx_word' id='word_1_375' title='bbox 323 1697 458 1727; x_wconf 85' lang='lat' dir='ltr'><strong>homines,</strong></span> <span class='ocrx_word' id='word_1_376' title='bbox 473 1699 499 1722; x_wconf 88' lang='lat' dir='ltr'><strong>et</strong></span> <span class='ocrx_word' id='word_1_377' title='bbox 510 1702 604 1730; x_wconf 83' lang='lat' dir='ltr'><strong>pacem</strong></span> <span class='ocrx_word' id='word_1_378' title='bbox 618 1694 686 1721; x_wconf 86' lang='lat' dir='ltr'><strong>habe</strong></span> <span class='ocrx_word' id='word_1_379' title='bbox 702 1701 764 1720; x_wconf 87' lang='lat' dir='ltr'><strong>cum</strong></span> <span class='ocrx_word' id='word_1_380' title='bbox 780 1692 917 1723; x_wconf 87' lang='lat' dir='ltr'><strong>omnibus,</strong></span> <span class='ocrx_word' id='word_1_381' title='bbox 934 1699 996 1718; x_wconf 90' lang='lat' dir='ltr'><strong>cum</strong></span> 
     </span>
    </p>
   </div>
   <div class='ocr_carea' id='block_1_53' title="bbox 213 1738 997 1776">
    <p class='ocr_par' dir='ltr' id='par_1_53' title="bbox 213 1738 997 1776">
     <span class='ocr_line' id='line_1_53' title="bbox 213 1738 997 1776; baseline -0.008 -6"><span class='ocrx_word' id='word_1_382' title='bbox 213 1744 267 1770; x_wconf 91' lang='lat' dir='ltr'><strong>illis</strong></span> <span class='ocrx_word' id='word_1_383' title='bbox 290 1743 371 1770; x_wconf 85' lang='lat' dir='ltr'><strong>etiam</strong></span> <span class='ocrx_word' id='word_1_384' title='bbox 387 1742 549 1776; x_wconf 89' lang='lat' dir='ltr'><strong>quibuscum</strong></span> <span class='ocrx_word' id='word_1_385' title='bbox 570 1748 622 1767; x_wconf 88' lang='lat' dir='ltr'><strong>non</strong></span> <span class='ocrx_word' id='word_1_386' title='bbox 639 1747 713 1771; x_wconf 87' lang='lat' dir='ltr'><strong>oras,</strong></span> <span class='ocrx_word' id='word_1_387' title='bbox 732 1743 863 1773; x_wconf 85' lang='lat' dir='ltr'><strong>quantum</strong></span> <span class='ocrx_word' id='word_1_388' title='bbox 883 1738 997 1764; x_wconf 75' lang='lat' dir='ltr'><strong>facultas</strong></span> 
     </span>
    </p>
   </div>
   <div class='ocr_carea' id='block_1_54' title="bbox 212 1783 998 1823">
    <p class='ocr_par' dir='ltr' id='par_1_54' title="bbox 212 1783 998 1823">
     <span class='ocr_line' id='line_1_54' title="bbox 212 1783 998 1823; baseline -0.01 -7"><span class='ocrx_word' id='word_1_389' title='bbox 212 1790 276 1820; x_wconf 84' lang='lat' dir='ltr'><strong>erit.</strong></span> <span class='ocrx_word' id='word_1_390' title='bbox 291 1793 404 1823; x_wconf 77' lang='lat' dir='ltr'><strong>excepta</strong></span> <span class='ocrx_word' id='word_1_391' title='bbox 421 1787 530 1814; x_wconf 65' lang='lat' dir='ltr'><strong>haeresis</strong></span> <span class='ocrx_word' id='word_1_392' title='bbox 544 1793 637 1813; x_wconf 86' lang='lat' dir='ltr'><strong>causa.</strong></span> <span class='ocrx_word' id='word_1_393' title='bbox 655 1784 683 1812; x_wconf 90' lang='lat' dir='ltr'><strong>Si</strong></span> <span class='ocrx_word' id='word_1_394' title='bbox 699 1787 835 1819; x_wconf 83' lang='lat' dir='ltr'><strong>suppetat.</strong></span> <span class='ocrx_word' id='word_1_395' title='bbox 847 1783 944 1818; x_wconf 81' lang='lat' dir='ltr'><strong>largire</strong></span> <span class='ocrx_word' id='word_1_396' title='bbox 959 1783 998 1808; x_wconf 72' lang='lat' dir='ltr'><strong>in-</strong></span> 
     </span>
    </p>
   </div>
   <div class='ocr_carea' id='block_1_55' title="bbox 213 1830 997 1870">
    <p class='ocr_par' dir='ltr' id='par_1_55' title="bbox 213 1830 997 1870">
     <span class='ocr_line' id='line_1_55' title="bbox 213 1830 997 1870; baseline -0.008 -8"><span class='ocrx_word' id='word_1_397' title='bbox 213 1835 326 1870; x_wconf 79' lang='lat' dir='ltr'><strong>digenti,</strong></span> <span class='ocrx_word' id='word_1_398' title='bbox 346 1835 388 1861; x_wconf 87' lang='lat' dir='ltr'><strong>sin</strong></span> <span class='ocrx_word' id='word_1_399' title='bbox 403 1834 438 1860; x_wconf 89' lang='lat' dir='ltr'><strong>mi</strong></span> <span class='ocrx_word' id='word_1_400' title='bbox 464 1841 506 1863; x_wconf 90' lang='lat' dir='ltr'><strong>us,</strong></span> <span class='ocrx_word' id='word_1_401' title='bbox 523 1833 576 1859; x_wconf 88' lang='lat' dir='ltr'><strong>noli</strong></span> <span class='ocrx_word' id='word_1_402' title='bbox 593 1832 733 1866; x_wconf 81' lang='lat' dir='ltr'><strong>conqueri.</strong></span> <span class='ocrx_word' id='word_1_403' title='bbox 753 1830 780 1857; x_wconf 85' lang='lat' dir='ltr'><strong>Si</strong></span> <span class='ocrx_word' id='word_1_404' title='bbox 797 1830 858 1864; x_wconf 88' lang='lat' dir='ltr'><strong>quis</strong></span> <span class='ocrx_word' id='word_1_405' title='bbox 873 1834 966 1856; x_wconf 89' lang='lat' dir='ltr'><strong>mutuo</strong></span> <span class='ocrx_word' id='word_1_406' title='bbox 982 1836 997 1856; x_wconf 69' lang='grc' dir='ltr'><strong>ιι</strong></span> 
     </span>
    </p>
   </div>
   <div class='ocr_carea' id='block_1_56' title="bbox 213 1874 999 1912">
    <p class='ocr_par' dir='ltr' id='par_1_56' title="bbox 213 1874 999 1912">
     <span class='ocr_line' id='line_1_56' title="bbox 213 1874 999 1912; baseline -0.006 -7"><span class='ocrx_word' id='word_1_407' title='bbox 213 1883 240 1906; x_wconf 85' lang='lat' dir='ltr'><strong>te</strong></span> <span class='ocrx_word' id='word_1_408' title='bbox 253 1877 370 1912; x_wconf 84' lang='lat' dir='ltr'><strong>petierit,</strong></span> <span class='ocrx_word' id='word_1_409' title='bbox 386 1877 458 1907; x_wconf 83' lang='lat' dir='ltr'><strong>dato,</strong></span> <span class='ocrx_word' id='word_1_410' title='bbox 483 1881 509 1903; x_wconf 88' lang='lat' dir='ltr'><strong>et</strong></span> <span class='ocrx_word' id='word_1_411' title='bbox 529 1879 563 1909; x_wconf 73' lang='lat' dir='ltr'><strong>ab</strong></span> <span class='ocrx_word' id='word_1_412' title='bbox 580 1884 613 1902; x_wconf 88' lang='lat' dir='ltr'><strong>eo</strong></span> <span class='ocrx_word' id='word_1_413' title='bbox 628 1876 720 1910; x_wconf 77' lang='lat' dir='ltr'><strong>aceipe</strong></span> <span class='ocrx_word' id='word_1_414' title='bbox 741 1879 853 1906; x_wconf 76' lang='lat' dir='ltr'><strong>sortem,</strong></span> <span class='ocrx_word' id='word_1_415' title='bbox 873 1882 934 1901; x_wconf 90' lang='lat' dir='ltr'><strong>cum</strong></span> <span class='ocrx_word' id='word_1_416' title='bbox 950 1874 999 1900; x_wconf 85' lang='lat' dir='ltr'><strong>lia-</strong></span> 
     </span>
    </p>
   </div>
   <div class='ocr_carea' id='block_1_57' title="bbox 213 1921 998 1957">
    <p class='ocr_par' dir='ltr' id='par_1_57' title="bbox 213 1921 998 1957">
     <span class='ocr_line' id='line_1_57' title="bbox 213 1921 998 1957; baseline -0.006 -6"><span class='ocrx_word' id='word_1_417' title='bbox 213 1924 315 1954; x_wconf 86' lang='lat' dir='ltr'><strong>buerit,</strong></span> <span class='ocrx_word' id='word_1_418' title='bbox 330 1923 432 1957; x_wconf 86' lang='lat' dir='ltr'><strong>absque</strong></span> <span class='ocrx_word' id='word_1_419' title='bbox 446 1923 561 1949; x_wconf 72' lang='lat' dir='ltr'><strong>famore.</strong></span> <span class='ocrx_word' id='word_1_420' title='bbox 574 1921 612 1948; x_wconf 83' lang='lat' dir='ltr'><strong>Ne</strong></span> <span class='ocrx_word' id='word_1_421' title='bbox 622 1922 715 1948; x_wconf 79' lang='lat' dir='ltr'><strong>dolose</strong></span> <span class='ocrx_word' id='word_1_422' title='bbox 734 1929 798 1956; x_wconf 79' lang='lat' dir='ltr'><strong>agas</strong></span> <span class='ocrx_word' id='word_1_423' title='bbox 811 1921 838 1947; x_wconf 94' lang='lat' dir='ltr'><strong>in</strong></span> <span class='ocrx_word' id='word_1_424' title='bbox 850 1923 998 1954; x_wconf 85' lang='lat' dir='ltr'><strong>conspectu</strong></span> 
     </span>
    </p>
   </div>
   <div class='ocr_carea' id='block_1_58' title="bbox 215 1968 999 2003">
    <p class='ocr_par' dir='ltr' id='par_1_58' title="bbox 215 1968 999 2003">
     <span class='ocr_line' id='line_1_58' title="bbox 215 1968 999 2003; baseline -0.005 -7"><span class='ocrx_word' id='word_1_425' title='bbox 215 1969 331 1997; x_wconf 90' lang='lat' dir='ltr'><strong>Domini.</strong></span> <span class='ocrx_word' id='word_1_426' title='bbox 349 1968 416 1995; x_wconf 84' lang='lat' dir='ltr'><strong>Nam</strong></span> <span class='ocrx_word' id='word_1_427' title='bbox 429 1969 452 1996; x_wconf 87' lang='lat' dir='ltr'><strong>si</strong></span> <span class='ocrx_word' id='word_1_428' title='bbox 468 1969 559 2003; x_wconf 71' lang='lat' dir='ltr'><strong>fruges</strong></span> <span class='ocrx_word' id='word_1_429' title='bbox 580 1968 679 1995; x_wconf 81' lang='lat' dir='ltr'><strong>habeas</strong></span> <span class='ocrx_word' id='word_1_430' title='bbox 693 1971 739 1994; x_wconf 84' lang='lat' dir='ltr'><strong>aut</strong></span> <span class='ocrx_word' id='word_1_431' title='bbox 756 1970 999 2001; x_wconf 73' lang='lat' dir='ltr'><strong>argenturmatque</strong></span> 
     </span>
    </p>
   </div>
   <div class='ocr_carea' id='block_1_59' title="bbox 215 2014 999 2050">
    <p class='ocr_par' dir='ltr' id='par_1_59' title="bbox 215 2014 999 2050">
     <span class='ocr_line' id='line_1_59' title="bbox 215 2014 999 2050; baseline -0.005 -7"><span class='ocrx_word' id='word_1_432' title='bbox 215 2016 313 2050; x_wconf 90' lang='lat' dir='ltr'><strong>aliquis</strong></span> <span class='ocrx_word' id='word_1_433' title='bbox 341 2023 357 2042; x_wconf 86' lang='lat' dir='ltr'><strong>a</strong></span> <span class='ocrx_word' id='word_1_434' title='bbox 378 2019 405 2042; x_wconf 91' lang='lat' dir='ltr'><strong>te</strong></span> <span class='ocrx_word' id='word_1_435' title='bbox 432 2020 527 2041; x_wconf 91' lang='lat' dir='ltr'><strong>mutuo</strong></span> <span class='ocrx_word' id='word_1_436' title='bbox 557 2015 681 2049; x_wconf 87' lang='lat' dir='ltr'><strong>accipere</strong></span> <span class='ocrx_word' id='word_1_437' title='bbox 703 2014 832 2048; x_wconf 85' lang='lat' dir='ltr'><strong>postulet,</strong></span> <span class='ocrx_word' id='word_1_438' title='bbox 855 2017 947 2047; x_wconf 71' lang='lat' dir='ltr'><strong>tuque.</strong></span> <span class='ocrx_word' id='word_1_439' title='bbox 965 2021 999 2039; x_wconf 89' lang='lat' dir='ltr'><strong>ne</strong></span> 
     </span>
    </p>
   </div>
   <div class='ocr_carea' id='block_1_60' title="bbox 216 2059 999 2095">
    <p class='ocr_par' dir='ltr' id='par_1_60' title="bbox 216 2059 999 2095">
     <span class='ocr_line' id='line_1_60' title="bbox 216 2059 999 2095; baseline -0.003 -7"><span class='ocrx_word' id='word_1_440' title='bbox 216 2069 326 2089; x_wconf 86' lang='lat' dir='ltr'><strong>usuram</strong></span> <span class='ocrx_word' id='word_1_441' title='bbox 350 2061 468 2095; x_wconf 85' lang='lat' dir='ltr'><strong>accipias</strong></span> <span class='ocrx_word' id='word_1_442' title='bbox 496 2060 599 2094; x_wconf 85' lang='lat' dir='ltr'><strong>majore</strong></span> <span class='ocrx_word' id='word_1_443' title='bbox 622 2061 708 2094; x_wconf 84' lang='lat' dir='ltr'><strong>pretio</strong></span> <span class='ocrx_word' id='word_1_444' title='bbox 733 2059 838 2090; x_wconf 81' lang='lat' dir='ltr'><strong>vendis.</strong></span> <span class='ocrx_word' id='word_1_445' title='bbox 869 2063 897 2086; x_wconf 87' lang='lat' dir='ltr'><strong>ut</strong></span> <span class='ocrx_word' id='word_1_446' title='bbox 923 2066 999 2086; x_wconf 83' lang='lat' dir='ltr'><strong>etuas</strong></span> 
     </span>
    </p>
   </div>
   <div class='ocr_carea' id='block_1_61' title="bbox 215 2104 999 2143">
    <p class='ocr_par' dir='ltr' id='par_1_61' title="bbox 215 2104 999 2143">
     <span class='ocr_line' id='line_1_61' title="bbox 215 2104 999 2143; baseline -0.005 -9"><span class='ocrx_word' id='word_1_447' title='bbox 215 2111 306 2143; x_wconf 85' lang='lat' dir='ltr'><strong>postea</strong></span> <span class='ocrx_word' id='word_1_448' title='bbox 327 2107 422 2134; x_wconf 85' lang='lat' dir='ltr'><strong>viliore</strong></span> <span class='ocrx_word' id='word_1_449' title='bbox 450 2111 477 2133; x_wconf 90' lang='lat' dir='ltr'><strong>et</strong></span> <span class='ocrx_word' id='word_1_450' title='bbox 504 2107 608 2133; x_wconf 89' lang='lat' dir='ltr'><strong>minore</strong></span> <span class='ocrx_word' id='word_1_451' title='bbox 634 2106 722 2140; x_wconf 88' lang='lat' dir='ltr'><strong>pretio</strong></span> <span class='ocrx_word' id='word_1_452' title='bbox 737 2115 744 2132; x_wconf 90' lang='lat'><strong>:</strong></span> <span class='ocrx_word' id='word_1_453' title='bbox 758 2114 766 2130; x_wconf 79' lang='grc' dir='ltr'><strong>ι</strong></span> <span class='ocrx_word' id='word_1_454' title='bbox 789 2104 999 2140; x_wconf 88' lang='lat' dir='ltr'><strong>Comprehendit</strong></span> 
     </span>
    </p>
   </div>
   <div class='ocr_carea' id='block_1_62' title="bbox 214 2149 998 2188">
    <p class='ocr_par' dir='ltr' id='par_1_62' title="bbox 214 2149 998 2188">
     <span class='ocr_line' id='line_1_62' title="bbox 214 2149 998 2188; baseline -0.005 -8"><span class='ocrx_word' id='word_1_455' title='bbox 214 2153 286 2181; x_wconf 83' lang='lat' dir='ltr'><strong>Deus</strong></span> <span class='ocrx_word' id='word_1_456' title='bbox 301 2153 436 2188; x_wconf 86' lang='lat' dir='ltr'><strong>sapientes</strong></span> <span class='ocrx_word' id='word_1_457' title='bbox 446 2152 472 2178; x_wconf 93' lang='lat' dir='ltr'><strong>in</strong></span> <span class='ocrx_word' id='word_1_458' title='bbox 482 2152 581 2178; x_wconf 82' lang='lat' dir='ltr'><strong>astutia</strong></span> <span class='ocrx_word' id='word_1_459' title='bbox 592 2152 639 2176; x_wconf 70' lang='grc' dir='ltr'><strong>η.»</strong></span> <span class='ocrx_word' id='word_1_460' title='bbox 653 2150 791 2186; x_wconf 81' lang='lat' dir='ltr'><strong>Perpende</strong></span> <span class='ocrx_word' id='word_1_461' title='bbox 802 2151 873 2177; x_wconf 88' lang='lat' dir='ltr'><strong>enim</strong></span> <span class='ocrx_word' id='word_1_462' title='bbox 883 2157 915 2177; x_wconf 87' lang='lat' dir='ltr'><strong>ac</strong></span> <span class='ocrx_word' id='word_1_463' title='bbox 927 2149 998 2181; x_wconf 87' lang='lat' dir='ltr'><strong>vide,</strong></span> 
     </span>
    </p>
   </div>
   <div class='ocr_carea' id='block_1_63' title="bbox 214 2197 999 2232">
    <p class='ocr_par' dir='ltr' id='par_1_63' title="bbox 214 2197 999 2232">
     <span class='ocr_line' id='line_1_63' title="bbox 214 2197 999 2232; baseline -0.006 -4"><span class='ocrx_word' id='word_1_464' title='bbox 214 2205 242 2228; x_wconf 80' lang='lat' dir='ltr'><strong>te</strong></span> <span class='ocrx_word' id='word_1_465' title='bbox 258 2201 339 2228; x_wconf 89' lang='lat' dir='ltr'><strong>unius</strong></span> <span class='ocrx_word' id='word_1_466' title='bbox 355 2199 467 2226; x_wconf 65' lang='lat' dir='ltr'><strong>faenoris</strong></span> <span class='ocrx_word' id='word_1_467' title='bbox 485 2199 556 2231; x_wconf 86' lang='lat' dir='ltr'><strong>loco,</strong></span> <span class='ocrx_word' id='word_1_468' title='bbox 572 2199 624 2225; x_wconf 89' lang='lat' dir='ltr'><strong>tria</strong></span> <span class='ocrx_word' id='word_1_469' title='bbox 641 2203 686 2225; x_wconf 92' lang='lat' dir='ltr'><strong>aut</strong></span> <span class='ocrx_word' id='word_1_470' title='bbox 699 2203 815 2232; x_wconf 87' lang='lat' dir='ltr'><strong>quatuor</strong></span> <span class='ocrx_word' id='word_1_471' title='bbox 829 2197 936 2225; x_wconf 65' lang='lat' dir='ltr'><strong>foenera</strong></span> <span class='ocrx_word' id='word_1_472' title='bbox 951 2204 999 2223; x_wconf 83' lang='lat' dir='ltr'><strong>ac-</strong></span> 
     </span>
    </p>
   </div>
   <div class='ocr_carea' id='block_1_64' title="bbox 214 2250 369 2281">
    <p class='ocr_par' dir='ltr' id='par_1_64' title="bbox 214 2250 369 2281">
     <span class='ocr_line' id='line_1_64' title="bbox 214 2250 369 2281; baseline -0.006 -7"><span class='ocrx_word' id='word_1_473' title='bbox 214 2250 369 2281; x_wconf 80' lang='lat' dir='ltr'><strong>cepturum.</strong></span> 
     </span>
    </p>
   </div>
   <div class='ocr_carea' id='block_1_65' title="bbox 249 2290 997 2325">
    <p class='ocr_par' dir='ltr' id='par_1_65' title="bbox 249 2290 997 2325">
     <span class='ocr_line' id='line_1_65' title="bbox 249 2290 997 2325; baseline -0.005 -5"><span class='ocrx_word' id='word_1_474' title='bbox 249 2293 277 2320; x_wconf 71' lang='grc' dir='ltr'><strong>Δ.</strong></span> <span class='ocrx_word' id='word_1_475' title='bbox 296 2292 361 2320; x_wconf 87' lang='lat' dir='ltr'><strong>Esto</strong></span> <span class='ocrx_word' id='word_1_476' title='bbox 380 2291 490 2319; x_wconf 84' lang='lat' dir='ltr'><strong>humilis</strong></span> <span class='ocrx_word' id='word_1_477' title='bbox 508 2298 539 2317; x_wconf 83' lang='lat' dir='ltr'><strong>ac</strong></span> <span class='ocrx_word' id='word_1_478' title='bbox 553 2291 671 2325; x_wconf 89' lang='lat' dir='ltr'><strong>quietus,</strong></span> <span class='ocrx_word' id='word_1_479' title='bbox 695 2294 814 2317; x_wconf 89' lang='lat' dir='ltr'><strong>tremens</strong></span> <span class='ocrx_word' id='word_1_480' title='bbox 838 2290 912 2317; x_wconf 91' lang='lat' dir='ltr'><strong>omni</strong></span> <span class='ocrx_word' id='word_1_481' title='bbox 929 2295 997 2317; x_wconf 88' lang='lat' dir='ltr'><strong>tem—</strong></span> 
     </span>
    </p>
   </div>
   <div class='ocr_carea' id='block_1_66' title="bbox 214 2336 998 2374">
    <p class='ocr_par' dir='ltr' id='par_1_66' title="bbox 214 2336 998 2374">
     <span class='ocr_line' id='line_1_66' title="bbox 214 2336 998 2374; baseline -0.005 -8"><span class='ocrx_word' id='word_1_482' title='bbox 214 2346 280 2374; x_wconf 89' lang='lat' dir='ltr'><strong>pore</strong></span> <span class='ocrx_word' id='word_1_483' title='bbox 292 2338 399 2366; x_wconf 88' lang='lat' dir='ltr'><strong>Domini</strong></span> <span class='ocrx_word' id='word_1_484' title='bbox 412 2338 530 2372; x_wconf 87' lang='lat' dir='ltr'><strong>eloquia.</strong></span> <span class='ocrx_word' id='word_1_485' title='bbox 547 2336 585 2364; x_wconf 83' lang='lat' dir='ltr'><strong>Ne</strong></span> <span class='ocrx_word' id='word_1_486' title='bbox 600 2337 638 2364; x_wconf 79' lang='lat' dir='ltr'><strong>sis</strong></span> <span class='ocrx_word' id='word_1_487' title='bbox 650 2337 848 2368; x_wconf 85' lang='lat' dir='ltr'><strong>contentiosus,</strong></span> <span class='ocrx_word' id='word_1_488' title='bbox 865 2344 898 2363; x_wconf 93' lang='lat' dir='ltr'><strong>ne</strong></span> <span class='ocrx_word' id='word_1_489' title='bbox 909 2337 998 2363; x_wconf 73' lang='lat' dir='ltr'><strong>caedas</strong></span> 
     </span>
    </p>
   </div>
   <div class='ocr_carea' id='block_1_67' title="bbox 167 2383 998 2424">
    <p class='ocr_par' dir='ltr' id='par_1_67' title="bbox 167 2383 998 2424">
     <span class='ocr_line' id='line_1_67' title="bbox 167 2383 998 2424; baseline -0.004 -12"><span class='ocrx_word' id='word_1_490' title='bbox 167 2421 170 2424; x_wconf 25' lang='lat'><strong><em>.</em></strong></span> <span class='ocrx_word' id='word_1_491' title='bbox 214 2385 362 2415; x_wconf 82' lang='lat' dir='ltr'><strong>hominem,</strong></span> <span class='ocrx_word' id='word_1_492' title='bbox 383 2385 435 2412; x_wconf 92' lang='lat' dir='ltr'><strong>nisi</strong></span> <span class='ocrx_word' id='word_1_493' title='bbox 459 2391 571 2419; x_wconf 89' lang='lat' dir='ltr'><strong>puerum</strong></span> <span class='ocrx_word' id='word_1_494' title='bbox 587 2388 660 2410; x_wconf 90' lang='lat' dir='ltr'><strong>tuum</strong></span> <span class='ocrx_word' id='word_1_495' title='bbox 687 2383 801 2412; x_wconf 87' lang='lat' dir='ltr'><strong>modice.</strong></span> <span class='ocrx_word' id='word_1_496' title='bbox 818 2383 998 2410; x_wconf 88' lang='lat' dir='ltr'><strong>institutionis</strong></span> 
     </span>
    </p>
   </div>
   <div class='ocr_carea' id='block_1_68' title="bbox 214 2428 998 2464">
    <p class='ocr_par' dir='ltr' id='par_1_68' title="bbox 214 2428 998 2464">
     <span class='ocr_line' id='line_1_68' title="bbox 214 2428 998 2464; baseline -0.003 -8"><span class='ocrx_word' id='word_1_497' title='bbox 214 2437 308 2460; x_wconf 88' lang='lat' dir='ltr'><strong>causa,</strong></span> <span class='ocrx_word' id='word_1_498' title='bbox 330 2429 411 2464; x_wconf 90' lang='lat' dir='ltr'><strong>idque</strong></span> <span class='ocrx_word' id='word_1_499' title='bbox 436 2433 527 2456; x_wconf 87' lang='lat' dir='ltr'><strong>tamen</strong></span> <span class='ocrx_word' id='word_1_500' title='bbox 544 2435 606 2455; x_wconf 86' lang='lat' dir='ltr'><strong>eum</strong></span> <span class='ocrx_word' id='word_1_501' title='bbox 624 2428 820 2461; x_wconf 86' lang='lat' dir='ltr'><strong>moderatione,</strong></span> <span class='ocrx_word' id='word_1_502' title='bbox 845 2435 945 2454; x_wconf 88' lang='lat' dir='ltr'><strong>cavens</strong></span> <span class='ocrx_word' id='word_1_503' title='bbox 965 2435 998 2454; x_wconf 86' lang='lat' dir='ltr'><strong>ne</strong></span> 
     </span>
    </p>
   </div>
   <div class='ocr_carea' id='block_1_69' title="bbox 214 2474 1000 2510">
    <p class='ocr_par' dir='ltr' id='par_1_69' title="bbox 214 2474 1000 2510">
     <span class='ocr_line' id='line_1_69' title="bbox 214 2474 1000 2510; baseline -0.004 -8"><span class='ocrx_word' id='word_1_504' title='bbox 214 2475 279 2502; x_wconf 90' lang='lat' dir='ltr'><strong>hinc</strong></span> <span class='ocrx_word' id='word_1_505' title='bbox 293 2475 381 2502; x_wconf 56' lang='lat' dir='ltr'><strong>caedes</strong></span> <span class='ocrx_word' id='word_1_506' title='bbox 393 2479 586 2510; x_wconf 86' lang='lat' dir='ltr'><strong>consequatur,</strong></span> <span class='ocrx_word' id='word_1_507' title='bbox 597 2474 753 2509; x_wconf 85' lang='lat' dir='ltr'><strong>complures</strong></span> <span class='ocrx_word' id='word_1_508' title='bbox 766 2474 838 2501; x_wconf 91' lang='lat' dir='ltr'><strong>enim</strong></span> <span class='ocrx_word' id='word_1_509' title='bbox 851 2478 915 2500; x_wconf 89' lang='lat' dir='ltr'><strong>sunt</strong></span> <span class='ocrx_word' id='word_1_510' title='bbox 928 2481 1000 2499; x_wconf 86' lang='lat' dir='ltr'><strong>mor—</strong></span> 
     </span>
    </p>
   </div>
   <div class='ocr_carea' id='block_1_70' title="bbox 215 2521 998 2556">
    <p class='ocr_par' dir='ltr' id='par_1_70' title="bbox 215 2521 998 2556">
     <span class='ocr_line' id='line_1_70' title="bbox 215 2521 998 2556; baseline -0.003 -8"><span class='ocrx_word' id='word_1_511' title='bbox 215 2522 249 2548; x_wconf 72' lang='lat' dir='ltr'><strong>tis</strong></span> <span class='ocrx_word' id='word_1_512' title='bbox 265 2522 436 2550; x_wconf 86' lang='lat' dir='ltr'><strong>occasiones.</strong></span> <span class='ocrx_word' id='word_1_513' title='bbox 448 2521 588 2549; x_wconf 81' lang='lat' dir='ltr'><strong>Neminem</strong></span> <span class='ocrx_word' id='word_1_514' title='bbox 603 2522 772 2548; x_wconf 86' lang='lat' dir='ltr'><strong>subsannes:</strong></span> <span class='ocrx_word' id='word_1_515' title='bbox 791 2528 824 2548; x_wconf 86' lang='lat' dir='ltr'><strong>ne</strong></span> <span class='ocrx_word' id='word_1_516' title='bbox 835 2527 998 2556; x_wconf 85' lang='lat' dir='ltr'><strong>quemquam</strong></span> 
     </span>
    </p>
   </div>
   <div class='ocr_carea' id='block_1_71' title="bbox 213 2566 998 2598">
    <p class='ocr_par' dir='ltr' id='par_1_71' title="bbox 213 2566 998 2598">
     <span class='ocr_line' id='line_1_71' title="bbox 213 2566 998 2598; baseline -0.003 -4"><span class='ocrx_word' id='word_1_517' title='bbox 213 2567 369 2594; x_wconf 73' lang='lat' dir='ltr'><strong>vestimenti</strong></span> <span class='ocrx_word' id='word_1_518' title='bbox 389 2575 471 2594; x_wconf 87' lang='lat' dir='ltr'><strong>causa</strong></span> <span class='ocrx_word' id='word_1_519' title='bbox 486 2567 640 2594; x_wconf 88' lang='lat' dir='ltr'><strong>detesteris.</strong></span> <span class='ocrx_word' id='word_1_520' title='bbox 656 2566 779 2594; x_wconf 88' lang='lat' dir='ltr'><strong>Modesto</strong></span> <span class='ocrx_word' id='word_1_521' title='bbox 799 2571 876 2594; x_wconf 87' lang='lat' dir='ltr'><strong>utere</strong></span> <span class='ocrx_word' id='word_1_522' title='bbox 893 2566 998 2598; x_wconf 88' lang='lat' dir='ltr'><strong>habitu,</strong></span> 
     </span>
    </p>
   </div>
   <div class='ocr_carea' id='block_1_72' title="bbox 215 2611 997 2648">
    <p class='ocr_par' dir='ltr' id='par_1_72' title="bbox 215 2611 997 2648">
     <span class='ocr_line' id='line_1_72' title="bbox 215 2611 997 2648; baseline -0.005 -8"><span class='ocrx_word' id='word_1_523' title='bbox 215 2621 302 2648; x_wconf 88' lang='lat' dir='ltr'><strong>neque</strong></span> <span class='ocrx_word' id='word_1_524' title='bbox 313 2614 441 2641; x_wconf 88' lang='lat' dir='ltr'><strong>mollibus</strong></span> <span class='ocrx_word' id='word_1_525' title='bbox 456 2613 639 2645; x_wconf 87' lang='lat' dir='ltr'><strong>vestimentis,</strong></span> <span class='ocrx_word' id='word_1_526' title='bbox 656 2620 744 2647; x_wconf 87' lang='lat' dir='ltr'><strong>neque</strong></span> <span class='ocrx_word' id='word_1_527' title='bbox 758 2619 820 2639; x_wconf 90' lang='lat' dir='ltr'><strong>cum</strong></span> <span class='ocrx_word' id='word_1_528' title='bbox 839 2611 997 2638; x_wconf 85' lang='lat' dir='ltr'><strong>indumento</strong></span> 
     </span>
    </p>
   </div>
   <div class='ocr_carea' id='block_1_73' title="bbox 215 2657 998 2694">
    <p class='ocr_par' dir='ltr' id='par_1_73' title="bbox 215 2657 998 2694">
     <span class='ocr_line' id='line_1_73' title="bbox 215 2657 998 2694; baseline -0.005 -7"><span class='ocrx_word' id='word_1_529' title='bbox 215 2660 261 2694; x_wconf 86' lang='lat' dir='ltr'><strong>qui</strong></span> <span class='ocrx_word' id='word_1_530' title='bbox 283 2664 442 2687; x_wconf 88' lang='lat' dir='ltr'><strong>sanctorum</strong></span> <span class='ocrx_word' id='word_1_531' title='bbox 459 2667 521 2687; x_wconf 78' lang='lat' dir='ltr'><strong>esse</strong></span> <span class='ocrx_word' id='word_1_532' title='bbox 535 2659 655 2686; x_wconf 81' lang='lat' dir='ltr'><strong>virorum</strong></span> <span class='ocrx_word' id='word_1_533' title='bbox 668 2658 803 2690; x_wconf 86' lang='lat' dir='ltr'><strong>videatur,</strong></span> <span class='ocrx_word' id='word_1_534' title='bbox 820 2657 932 2685; x_wconf 90' lang='lat' dir='ltr'><strong>sordido</strong></span> <span class='ocrx_word' id='word_1_535' title='bbox 945 2657 998 2684; x_wconf 89' lang='lat' dir='ltr'><strong>sci-</strong></span> 
     </span>
    </p>
   </div>
   <div class='ocr_carea' id='block_1_74' title="bbox 251 2736 513 2768">
    <p class='ocr_par' dir='ltr' id='par_1_74' title="bbox 251 2736 513 2768">
     <span class='ocr_line' id='line_1_74' title="bbox 251 2736 513 2768; baseline -0.008 -3"><span class='ocrx_word' id='word_1_536' title='bbox 251 2739 272 2753; x_wconf 86' lang='lat'><strong><em>“</em></strong></span> <span class='ocrx_word' id='word_1_537' title='bbox 292 2737 302 2764; x_wconf 90' lang='lat' dir='ltr'><strong>l</strong></span> <span class='ocrx_word' id='word_1_538' title='bbox 318 2737 382 2765; x_wconf 87' lang='lat' dir='ltr'><strong>Cor.</strong></span> <span class='ocrx_word' id='word_1_539' title='bbox 403 2744 432 2764; x_wconf 86' lang='grc' dir='ltr'><strong>ιιι</strong></span> <span class='ocrx_word' id='word_1_540' title='bbox 444 2756 452 2768; x_wconf 89' lang='grc'><strong>,</strong></span> <span class='ocrx_word' id='word_1_541' title='bbox 470 2736 513 2763; x_wconf 80' lang='lat' dir='ltr'><strong>l9.</strong></span> 
     </span>
    </p>
   </div>
   <div class='ocr_carea' id='block_1_75' title="bbox 251 2812 541 2849">
    <p class='ocr_par' dir='ltr' id='par_1_75' title="bbox 251 2812 541 2849">
     <span class='ocr_line' id='line_1_75' title="bbox 251 2812 541 2849; baseline -0.003 -9"><span class='ocrx_word' id='word_1_542' title='bbox 251 2813 306 2849; x_wconf 65' lang='grc' dir='ltr'><strong>(ῇι)</strong></span> <span class='ocrx_word' id='word_1_543' title='bbox 324 2815 341 2841; x_wconf 89' lang='lat' dir='ltr'><strong>l.</strong></span> <span class='ocrx_word' id='word_1_544' title='bbox 360 2812 541 2849; x_wconf 78' lang='grc' dir='ltr'>προαγόραξε.</span> 
     </span>
    </p>
   </div>
   <div class='ocr_carea' id='block_1_76' title="bbox 250 2845 510 2882">
    <p class='ocr_par' dir='ltr' id='par_1_76' title="bbox 250 2845 510 2882">
     <span class='ocr_line' id='line_1_76' title="bbox 250 2845 510 2882; baseline -0.008 -7"><span class='ocrx_word' id='word_1_545' title='bbox 250 2845 305 2882; x_wconf 72' lang='grc'><strong>(32)</strong></span> <span class='ocrx_word' id='word_1_546' title='bbox 323 2849 340 2874; x_wconf 92' lang='lat' dir='ltr'><strong>l.</strong></span> <span class='ocrx_word' id='word_1_547' title='bbox 359 2845 510 2882; x_wconf 67' lang='grc' dir='ltr'>μεταδίδου.</span> 
     </span>
    </p>
   </div>
   <div class='ocr_carea' id='block_1_77' title="bbox 249 2850 996 2920">
    <p class='ocr_par' dir='ltr' id='par_1_77' title="bbox 249 2850 996 2920">
     <span class='ocr_line' id='line_1_77' title="bbox 250 2850 510 2882; baseline -0.008 -7"><span class='ocrx_word' id='word_1_548' title='bbox 250 2850 294 2882; x_wconf 77' lang='lat'><strong>(3&#39;2</strong></span> <span class='ocrx_word' id='word_1_549' title='bbox 323 2850 340 2874; x_wconf 93' lang='lat' dir='ltr'><strong>l.</strong></span> <span class='ocrx_word' id='word_1_550' title='bbox 359 2850 510 2882; x_wconf 81' lang='grc' dir='ltr'>μεταδίδου.</span> 
     </span>
     <span class='ocr_line' id='line_1_78' title="bbox 249 2850 996 2920; baseline -0.008 -9"><span class='ocrx_word' id='word_1_551' title='bbox 249 2850 305 2920; x_wconf 48' lang='lat'><strong>(55;</strong></span> <span class='ocrx_word' id='word_1_552' title='bbox 323 2883 397 2915; x_wconf 80' lang='lat' dir='ltr'><strong>Hanc</strong></span> <span class='ocrx_word' id='word_1_553' title='bbox 412 2891 503 2911; x_wconf 85' lang='lat' dir='ltr'><strong>vocem</strong></span> <span class='ocrx_word' id='word_1_554' title='bbox 517 2883 553 2910; x_wconf 84' lang='lat' dir='ltr'><strong>ita</strong></span> <span class='ocrx_word' id='word_1_555' title='bbox 568 2883 632 2918; x_wconf 73' lang='lat' dir='ltr'><strong>legit</strong></span> <span class='ocrx_word' id='word_1_556' title='bbox 648 2881 746 2910; x_wconf 82' lang='lat' dir='ltr'><strong>Suidas</strong></span> <span class='ocrx_word' id='word_1_557' title='bbox 763 2881 803 2910; x_wconf 78' lang='lat' dir='ltr'><strong>bis</strong></span> <span class='ocrx_word' id='word_1_558' title='bbox 814 2879 996 2915; x_wconf 74' lang='grc' dir='ltr'>ὲνδυομενυία,</span> 
     </span>
    </p>
   </div>
   <div class='ocr_carea' id='block_1_78' title="bbox 1045 950 1824 996">
    <p class='ocr_par' dir='ltr' id='par_1_78' title="bbox 1045 950 1824 996">
     <span class='ocr_line' id='line_1_79' title="bbox 1045 950 1824 996; baseline -0.01 -10"><span class='ocrx_word' id='word_1_559' title='bbox 1045 961 1113 990; x_wconf 75' lang='grc' dir='ltr'>τινὲς</span> <span class='ocrx_word' id='word_1_560' title='bbox 1132 958 1347 996; x_wconf 71' lang='grc' dir='ltr'>Μαρκιωνισταὶ,</span> <span class='ocrx_word' id='word_1_561' title='bbox 1363 957 1378 992; x_wconf 81' lang='grc' dir='ltr'>ἢ</span> <span class='ocrx_word' id='word_1_562' title='bbox 1400 957 1480 991; x_wconf 74' lang='grc' dir='ltr'>ἑτέρα</span> <span class='ocrx_word' id='word_1_563' title='bbox 1503 955 1617 990; x_wconf 76' lang='grc' dir='ltr'>αἵρεσις,</span> <span class='ocrx_word' id='word_1_564' title='bbox 1636 950 1776 989; x_wconf 73' lang='grc' dir='ltr'>νηστεύειν</span> <span class='ocrx_word' id='word_1_565' title='bbox 1791 953 1824 979; x_wconf 79' lang='grc' dir='ltr'>τὸ</span> 
     </span>
    </p>
   </div>
   <div class='ocr_carea' id='block_1_79' title="bbox 1045 999 1825 1038">
    <p class='ocr_par' dir='ltr' id='par_1_79' title="bbox 1045 999 1825 1038">
     <span class='ocr_line' id='line_1_80' title="bbox 1045 999 1825 1038; baseline -0.01 -6"><span class='ocrx_word' id='word_1_566' title='bbox 1045 1006 1179 1032; x_wconf 73' lang='grc' dir='ltr'>Σάϐϐατον</span> <span class='ocrx_word' id='word_1_567' title='bbox 1198 1004 1269 1035; x_wconf 79' lang='grc' dir='ltr'>ἰδίως</span> <span class='ocrx_word' id='word_1_568' title='bbox 1283 1003 1330 1030; x_wconf 75' lang='grc' dir='ltr'><strong>καὶ</strong></span> <span class='ocrx_word' id='word_1_569' title='bbox 1347 1002 1492 1038; x_wconf 78' lang='grc' dir='ltr'>κυριακῆς.</span> <span class='ocrx_word' id='word_1_570' title='bbox 1508 1000 1568 1027; x_wconf 81' lang='grc' dir='ltr'>Τῶν</span> <span class='ocrx_word' id='word_1_571' title='bbox 1583 1001 1611 1026; x_wconf 84' lang='grc' dir='ltr'><strong>δὲ</strong></span> <span class='ocrx_word' id='word_1_572' title='bbox 1635 999 1769 1032; x_wconf 77' lang='grc' dir='ltr'>συνάξεων</span> <span class='ocrx_word' id='word_1_573' title='bbox 1785 999 1825 1034; x_wconf 77' lang='grc' dir='ltr'>μὴ</span> 
     </span>
    </p>
   </div>
   <div class='ocr_carea' id='block_1_80' title="bbox 1042 1045 1877 1087">
    <p class='ocr_par' dir='ltr' id='par_1_80' title="bbox 1042 1045 1877 1087">
     <span class='ocr_line' id='line_1_81' title="bbox 1042 1045 1877 1087; baseline -0.012 -8"><span class='ocrx_word' id='word_1_574' title='bbox 1042 1048 1158 1087; x_wconf 65' lang='grc' dir='ltr'>ἁμέλειῖ</span> <span class='ocrx_word' id='word_1_575' title='bbox 1180 1051 1233 1077; x_wconf 82' lang='grc' dir='ltr'><strong>τῶν</strong></span> <span class='ocrx_word' id='word_1_576' title='bbox 1259 1050 1414 1085; x_wconf 75' lang='grc' dir='ltr'>μυστηρίων</span> <span class='ocrx_word' id='word_1_577' title='bbox 1437 1047 1510 1079; x_wconf 81' lang='grc' dir='ltr'>ἄξιον</span> <span class='ocrx_word' id='word_1_578' title='bbox 1534 1046 1644 1072; x_wconf 77' lang='grc' dir='ltr'>σεαυτὸν</span> <span class='ocrx_word' id='word_1_579' title='bbox 1671 1045 1825 1081; x_wconf 71' lang='grc' dir='ltr'>εὐτρέπιζε,</span> <span class='ocrx_word' id='word_1_580' title='bbox 1871 1051 1877 1057; x_wconf 71' lang='lat'><strong>‘</strong></span> 
     </span>
    </p>
   </div>
   <div class='ocr_carea' id='block_1_81' title="bbox 1044 1091 1827 1133">
    <p class='ocr_par' dir='ltr' id='par_1_81' title="bbox 1044 1091 1827 1133">
     <span class='ocr_line' id='line_1_82' title="bbox 1044 1091 1827 1133; baseline -0.009 -10"><span class='ocrx_word' id='word_1_581' title='bbox 1044 1099 1140 1133; x_wconf 82' lang='grc' dir='ltr'>μήπως</span> <span class='ocrx_word' id='word_1_582' title='bbox 1153 1097 1191 1127; x_wconf 76' lang='grc' dir='ltr'>εἰς</span> <span class='ocrx_word' id='word_1_583' title='bbox 1202 1097 1288 1131; x_wconf 84' lang='grc' dir='ltr'>κρῖμα</span> <span class='ocrx_word' id='word_1_584' title='bbox 1301 1094 1439 1130; x_wconf 79' lang='grc' dir='ltr'>συνὲλῠῃς.</span> <span class='ocrx_word' id='word_1_585' title='bbox 1454 1093 1498 1128; x_wconf 79' lang='grc' dir='ltr'><strong>Μὴ</strong></span> <span class='ocrx_word' id='word_1_586' title='bbox 1511 1092 1606 1128; x_wconf 84' lang='grc' dir='ltr'>ἀμέλει</span> <span class='ocrx_word' id='word_1_587' title='bbox 1619 1091 1726 1118; x_wconf 81' lang='grc' dir='ltr'>πλύνειν</span> <span class='ocrx_word' id='word_1_588' title='bbox 1742 1091 1827 1122; x_wconf 76' lang='grc' dir='ltr'>πόδας</span> 
     </span>
    </p>
   </div>
   <div class='ocr_carea' id='block_1_82' title="bbox 1043 1138 1828 1177">
    <p class='ocr_par' dir='ltr' id='par_1_82' title="bbox 1043 1138 1828 1177">
     <span class='ocr_line' id='line_1_83' title="bbox 1043 1138 1828 1177; baseline -0.008 -8"><span class='ocrx_word' id='word_1_589' title='bbox 1043 1143 1163 1176; x_wconf 70' lang='grc' dir='ltr'>ἀδελφῶν</span> <span class='ocrx_word' id='word_1_590' title='bbox 1184 1141 1338 1177; x_wconf 77' lang='grc' dir='ltr'>ἐρχομένων</span> <span class='ocrx_word' id='word_1_591' title='bbox 1355 1140 1424 1175; x_wconf 75' lang='grc' dir='ltr'>πρὸς</span> <span class='ocrx_word' id='word_1_592' title='bbox 1446 1138 1492 1165; x_wconf 78' lang='grc' dir='ltr'><strong>σέ·</strong></span> <span class='ocrx_word' id='word_1_593' title='bbox 1513 1138 1659 1174; x_wconf 78' lang='grc' dir='ltr'>ζητήσεται</span> <span class='ocrx_word' id='word_1_594' title='bbox 1672 1138 1724 1173; x_wconf 77' lang='grc' dir='ltr'>γὰρ</span> <span class='ocrx_word' id='word_1_595' title='bbox 1737 1138 1754 1172; x_wconf 76' lang='grc' dir='ltr'><strong>ἡ</strong></span> <span class='ocrx_word' id='word_1_596' title='bbox 1769 1146 1828 1163; x_wconf 83' lang='grc' dir='ltr'>τοι·</span> 
     </span>
    </p>
   </div>
   <div class='ocr_carea' id='block_1_83' title="bbox 1042 1182 1827 1224">
    <p class='ocr_par' dir='ltr' id='par_1_83' title="bbox 1042 1182 1827 1224">
     <span class='ocr_line' id='line_1_84' title="bbox 1042 1182 1827 1224; baseline -0.009 -9"><span class='ocrx_word' id='word_1_597' title='bbox 1042 1189 1110 1224; x_wconf 72' lang='grc' dir='ltr'>αὕτη</span> <span class='ocrx_word' id='word_1_598' title='bbox 1123 1187 1216 1222; x_wconf 81' lang='grc' dir='ltr'>ἐντολὴ</span> <span class='ocrx_word' id='word_1_599' title='bbox 1230 1187 1292 1222; x_wconf 81' lang='grc' dir='ltr'>περὶ</span> <span class='ocrx_word' id='word_1_600' title='bbox 1306 1185 1358 1212; x_wconf 75' lang='grc' dir='ltr'><strong>τῶν</strong></span> <span class='ocrx_word' id='word_1_601' title='bbox 1371 1184 1650 1221; x_wconf 78' lang='grc' dir='ltr'>ὑπερηφανευσάντων</span> <span class='ocrx_word' id='word_1_602' title='bbox 1661 1182 1755 1218; x_wconf 80' lang='grc' dir='ltr'>αὐτὴν,</span> <span class='ocrx_word' id='word_1_603' title='bbox 1773 1183 1827 1209; x_wconf 77' lang='grc' dir='ltr'><strong>κᾶν</strong></span> 
     </span>
    </p>
   </div>
   <div class='ocr_carea' id='block_1_84' title="bbox 1043 1229 1827 1267">
    <p class='ocr_par' dir='ltr' id='par_1_84' title="bbox 1043 1229 1827 1267">
     <span class='ocr_line' id='line_1_85' title="bbox 1043 1229 1827 1267; baseline -0.008 -6"><span class='ocrx_word' id='word_1_604' title='bbox 1043 1235 1183 1261; x_wconf 79' lang='grc' dir='ltr'>ἐπίσκοποι</span> <span class='ocrx_word' id='word_1_605' title='bbox 1199 1231 1274 1259; x_wconf 74' lang='grc' dir='ltr'>ὧπιν.</span> <span class='ocrx_word' id='word_1_606' title='bbox 1295 1233 1323 1258; x_wconf 88' lang='lat'><strong>&#39;0</strong></span> <span class='ocrx_word' id='word_1_607' title='bbox 1339 1232 1393 1267; x_wconf 75' lang='grc' dir='ltr'><strong>γὰρ</strong></span> <span class='ocrx_word' id='word_1_608' title='bbox 1407 1230 1508 1266; x_wconf 64' lang='grc' dir='ltr'>Κύριος</span> <span class='ocrx_word' id='word_1_609' title='bbox 1522 1230 1600 1266; x_wconf 80' lang='grc' dir='ltr'>ἡμῶν</span> <span class='ocrx_word' id='word_1_610' title='bbox 1621 1230 1700 1261; x_wconf 75' lang='grc' dir='ltr'>αὐτὸς</span> <span class='ocrx_word' id='word_1_611' title='bbox 1719 1229 1827 1264; x_wconf 82' lang='grc' dir='ltr'>πρῶτος</span> 
     </span>
    </p>
   </div>
   <div class='ocr_carea' id='block_1_85' title="bbox 1042 1277 1649 1315">
    <p class='ocr_par' dir='ltr' id='par_1_85' title="bbox 1042 1277 1649 1315">
     <span class='ocr_line' id='line_1_86' title="bbox 1042 1277 1649 1315; baseline -0.005 -8"><span class='ocrx_word' id='word_1_612' title='bbox 1042 1281 1148 1312; x_wconf 73' lang='grc' dir='ltr'>ἔπλυνε,</span> <span class='ocrx_word' id='word_1_613' title='bbox 1161 1279 1347 1315; x_wconf 73' lang='grc' dir='ltr'>παραγγείλας</span> <span class='ocrx_word' id='word_1_614' title='bbox 1362 1279 1450 1310; x_wconf 72' lang='grc' dir='ltr'>αὐτοῖς</span> <span class='ocrx_word' id='word_1_615' title='bbox 1465 1277 1535 1304; x_wconf 78' lang='grc' dir='ltr'>οὕτω</span> <span class='ocrx_word' id='word_1_616' title='bbox 1555 1280 1649 1304; x_wconf 84' lang='grc' dir='ltr'>ποιεῖν.</span> 
     </span>
    </p>
   </div>
   <div class='ocr_carea' id='block_1_86' title="bbox 1077 1323 1828 1361">
    <p class='ocr_par' dir='ltr' id='par_1_86' title="bbox 1077 1323 1828 1361">
     <span class='ocr_line' id='line_1_87' title="bbox 1077 1323 1828 1361; baseline -0.003 -9"><span class='ocrx_word' id='word_1_617' title='bbox 1077 1327 1102 1353; x_wconf 86' lang='grc'><strong>5.</strong></span> <span class='ocrx_word' id='word_1_618' title='bbox 1119 1326 1164 1361; x_wconf 80' lang='grc' dir='ltr'><strong>Μὴ</strong></span> <span class='ocrx_word' id='word_1_619' title='bbox 1177 1326 1250 1359; x_wconf 89' lang='grc' dir='ltr'>γίνου</span> <span class='ocrx_word' id='word_1_620' title='bbox 1266 1325 1440 1360; x_wconf 72' lang='grc' dir='ltr'>φιλάργυρος,</span> <span class='ocrx_word' id='word_1_621' title='bbox 1460 1324 1496 1359; x_wconf 85' lang='grc' dir='ltr'>μὴ</span> <span class='ocrx_word' id='word_1_622' title='bbox 1509 1323 1714 1358; x_wconf 73' lang='grc' dir='ltr'>αἰσχροκερδὴς,</span> <span class='ocrx_word' id='word_1_623' title='bbox 1732 1323 1770 1358; x_wconf 81' lang='grc' dir='ltr'>μὴ</span> <span class='ocrx_word' id='word_1_624' title='bbox 1783 1331 1828 1357; x_wconf 77' lang='grc' dir='ltr'><strong>φι-</strong></span> 
     </span>
    </p>
   </div>
   <div class='ocr_carea' id='block_1_87' title="bbox 1042 1368 1828 1407">
    <p class='ocr_par' dir='ltr' id='par_1_87' title="bbox 1042 1368 1828 1407">
     <span class='ocr_line' id='line_1_88' title="bbox 1042 1368 1828 1407; baseline -0.006 -8"><span class='ocrx_word' id='word_1_625' title='bbox 1042 1372 1195 1407; x_wconf 84' lang='grc' dir='ltr'>λοκτήμων,</span> <span class='ocrx_word' id='word_1_626' title='bbox 1223 1371 1259 1406; x_wconf 81' lang='grc' dir='ltr'><strong>μὴ</strong></span> <span class='ocrx_word' id='word_1_627' title='bbox 1283 1371 1474 1405; x_wconf 76' lang='grc' dir='ltr'>φιλόπλουτος·</span> <span class='ocrx_word' id='word_1_628' title='bbox 1499 1371 1524 1396; x_wconf 74' lang='grc' dir='ltr'>οἱ</span> <span class='ocrx_word' id='word_1_629' title='bbox 1550 1370 1604 1405; x_wconf 85' lang='grc' dir='ltr'>γὰρ</span> <span class='ocrx_word' id='word_1_630' title='bbox 1627 1369 1740 1395; x_wconf 81' lang='grc' dir='ltr'>τοιοῦτοι</span> <span class='ocrx_word' id='word_1_631' title='bbox 1768 1368 1828 1404; x_wconf 80' lang='grc' dir='ltr'><strong>6εῷ</strong></span> 
     </span>
    </p>
   </div>
   <div class='ocr_carea' id='block_1_88' title="bbox 1043 1414 1830 1454">
    <p class='ocr_par' dir='ltr' id='par_1_88' title="bbox 1043 1414 1830 1454">
     <span class='ocr_line' id='line_1_89' title="bbox 1043 1414 1830 1454; baseline -0.006 -9"><span class='ocrx_word' id='word_1_632' title='bbox 1043 1419 1139 1454; x_wconf 72' lang='grc' dir='ltr'>ἀρέσαι</span> <span class='ocrx_word' id='word_1_633' title='bbox 1150 1419 1180 1444; x_wconf 76' lang='grc' dir='ltr'><strong>οὐ</strong></span> <span class='ocrx_word' id='word_1_634' title='bbox 1194 1418 1328 1444; x_wconf 84' lang='grc' dir='ltr'>δύνανται.</span> <span class='ocrx_word' id='word_1_635' title='bbox 1341 1417 1395 1443; x_wconf 73' lang='grc' dir='ltr'>Καὶ</span> <span class='ocrx_word' id='word_1_636' title='bbox 1407 1416 1474 1447; x_wconf 80' lang='grc' dir='ltr'>ὅλως</span> <span class='ocrx_word' id='word_1_637' title='bbox 1489 1416 1525 1451; x_wconf 78' lang='grc' dir='ltr'>μὴ</span> <span class='ocrx_word' id='word_1_638' title='bbox 1539 1414 1747 1450; x_wconf 76' lang='grc' dir='ltr'><strong>’πραγματεύου⁸</strong></span> <span class='ocrx_word' id='word_1_639' title='bbox 1764 1415 1830 1441; x_wconf 84' lang='grc' dir='ltr'>πολ-</span> 
     </span>
    </p>
   </div>
   <div class='ocr_carea' id='block_1_89' title="bbox 1043 1461 1829 1500">
    <p class='ocr_par' dir='ltr' id='par_1_89' title="bbox 1043 1461 1829 1500">
     <span class='ocr_line' id='line_1_90' title="bbox 1043 1461 1829 1500; baseline -0.004 -9"><span class='ocrx_word' id='word_1_640' title='bbox 1043 1464 1087 1491; x_wconf 82' lang='grc' dir='ltr'>λα).</span> <span class='ocrx_word' id='word_1_641' title='bbox 1103 1463 1190 1500; x_wconf 80' lang='grc' dir='ltr'>χῶραί</span> <span class='ocrx_word' id='word_1_642' title='bbox 1212 1465 1264 1490; x_wconf 81' lang='grc' dir='ltr'>εἰσι</span> <span class='ocrx_word' id='word_1_643' title='bbox 1290 1464 1327 1498; x_wconf 82' lang='grc' dir='ltr'>μὴ</span> <span class='ocrx_word' id='word_1_644' title='bbox 1344 1463 1489 1498; x_wconf 77' lang='grc' dir='ltr'>σπέρασαι,</span> <span class='ocrx_word' id='word_1_645' title='bbox 1513 1462 1560 1488; x_wconf 78' lang='grc' dir='ltr'>καὶ</span> <span class='ocrx_word' id='word_1_646' title='bbox 1576 1463 1601 1488; x_wconf 78' lang='grc' dir='ltr'><strong>οἱ</strong></span> <span class='ocrx_word' id='word_1_647' title='bbox 1617 1461 1762 1492; x_wconf 82' lang='grc' dir='ltr'>οἰκοῦντες,</span> <span class='ocrx_word' id='word_1_648' title='bbox 1780 1461 1829 1488; x_wconf 75' lang='grc' dir='ltr'><strong>ἐὰν</strong></span> 
     </span>
    </p>
   </div>
   <div class='ocr_carea' id='block_1_90' title="bbox 1045 1506 1828 1546">
    <p class='ocr_par' dir='ltr' id='par_1_90' title="bbox 1045 1506 1828 1546">
     <span class='ocr_line' id='line_1_91' title="bbox 1045 1506 1828 1546; baseline -0.005 -10"><span class='ocrx_word' id='word_1_649' title='bbox 1045 1511 1140 1546; x_wconf 78' lang='grc' dir='ltr'>τέχνας</span> <span class='ocrx_word' id='word_1_650' title='bbox 1161 1509 1198 1545; x_wconf 87' lang='grc' dir='ltr'>μὴ</span> <span class='ocrx_word' id='word_1_651' title='bbox 1217 1509 1324 1544; x_wconf 79' lang='grc' dir='ltr'>ἔχωσιν,</span> <span class='ocrx_word' id='word_1_652' title='bbox 1347 1508 1545 1542; x_wconf 78' lang='grc' dir='ltr'>ἀναγκάζονται</span> <span class='ocrx_word' id='word_1_653' title='bbox 1569 1506 1828 1542; x_wconf 74' lang='grc' dir='ltr'>πραγματεύεσθαι·</span> 
     </span>
    </p>
   </div>
   <div class='ocr_carea' id='block_1_91' title="bbox 1045 1553 1830 1592">
    <p class='ocr_par' dir='ltr' id='par_1_91' title="bbox 1045 1553 1830 1592">
     <span class='ocr_line' id='line_1_92' title="bbox 1045 1553 1830 1592; baseline -0.006 -9"><span class='ocrx_word' id='word_1_654' title='bbox 1045 1557 1096 1583; x_wconf 71' lang='grc' dir='ltr'>κᾶν</span> <span class='ocrx_word' id='word_1_655' title='bbox 1113 1556 1149 1592; x_wconf 84' lang='grc' dir='ltr'>μὴ</span> <span class='ocrx_word' id='word_1_656' title='bbox 1162 1553 1212 1582; x_wconf 77' lang='grc' dir='ltr'><strong>ὦσι</strong></span> <span class='ocrx_word' id='word_1_657' title='bbox 1226 1555 1396 1590; x_wconf 82' lang='grc' dir='ltr'>μονάζοντες,</span> <span class='ocrx_word' id='word_1_658' title='bbox 1414 1555 1460 1581; x_wconf 74' lang='grc' dir='ltr'><strong>καὶ</strong></span> <span class='ocrx_word' id='word_1_659' title='bbox 1475 1553 1720 1589; x_wconf 81' lang='grc' dir='ltr'>πραγματεύονται,</span> <span class='ocrx_word' id='word_1_660' title='bbox 1736 1553 1830 1584; x_wconf 84' lang='grc' dir='ltr'>κακῶς</span> 
     </span>
    </p>
   </div>
   <div class='ocr_carea' id='block_1_92' title="bbox 1048 1599 1832 1638">
    <p class='ocr_par' dir='ltr' id='par_1_92' title="bbox 1048 1599 1832 1638">
     <span class='ocr_line' id='line_1_93' title="bbox 1048 1599 1832 1638; baseline -0.006 -9"><span class='ocrx_word' id='word_1_661' title='bbox 1048 1603 1106 1638; x_wconf 79' lang='grc' dir='ltr'>μὲν,</span> <span class='ocrx_word' id='word_1_662' title='bbox 1124 1603 1192 1637; x_wconf 84' lang='grc' dir='ltr'>πλὴν</span> <span class='ocrx_word' id='word_1_663' title='bbox 1220 1602 1326 1637; x_wconf 82' lang='grc' dir='ltr'>ἀνάγκη</span> <span class='ocrx_word' id='word_1_664' title='bbox 1351 1602 1430 1626; x_wconf 86' lang='grc' dir='ltr'>ποιεῖ.</span> <span class='ocrx_word' id='word_1_665' title='bbox 1455 1600 1539 1626; x_wconf 82' lang='grc' dir='ltr'>Τόκον</span> <span class='ocrx_word' id='word_1_666' title='bbox 1568 1599 1605 1634; x_wconf 82' lang='grc' dir='ltr'>μὴ</span> <span class='ocrx_word' id='word_1_667' title='bbox 1626 1599 1761 1634; x_wconf 71' lang='grc' dir='ltr'>λάμϐανε·</span> <span class='ocrx_word' id='word_1_668' title='bbox 1791 1599 1832 1634; x_wconf 79' lang='grc' dir='ltr'>μὴ</span> 
     </span>
    </p>
   </div>
   <div class='ocr_carea' id='block_1_93' title="bbox 1047 1645 1828 1684">
    <p class='ocr_par' dir='ltr' id='par_1_93' title="bbox 1047 1645 1828 1684">
     <span class='ocr_line' id='line_1_94' title="bbox 1047 1645 1828 1684; baseline -0.008 -8"><span class='ocrx_word' id='word_1_669' title='bbox 1047 1647 1234 1684; x_wconf 77' lang='grc' dir='ltr'>προσαγόραζὲ</span> <span class='ocrx_word' id='word_1_670' title='bbox 1249 1648 1304 1682; x_wconf 80' lang='grc'><strong>(51)</strong></span> <span class='ocrx_word' id='word_1_671' title='bbox 1318 1655 1343 1673; x_wconf 84' lang='grc' dir='ltr'><strong>τι</strong></span> <span class='ocrx_word' id='word_1_672' title='bbox 1362 1647 1418 1673; x_wconf 75' lang='grc' dir='ltr'>ἴσον</span> <span class='ocrx_word' id='word_1_673' title='bbox 1431 1647 1468 1678; x_wconf 85' lang='grc' dir='ltr'>ὠς</span> <span class='ocrx_word' id='word_1_674' title='bbox 1489 1645 1540 1680; x_wconf 80' lang='grc' dir='ltr'>τῆς</span> <span class='ocrx_word' id='word_1_675' title='bbox 1563 1645 1771 1680; x_wconf 82' lang='grc' dir='ltr'>πολιτευομένης</span> <span class='ocrx_word' id='word_1_676' title='bbox 1787 1653 1828 1671; x_wconf 77' lang='grc' dir='ltr'><strong>τιι</strong></span> 
     </span>
    </p>
   </div>
   <div class='ocr_carea' id='block_1_94' title="bbox 1049 1690 1830 1730">
    <p class='ocr_par' dir='ltr' id='par_1_94' title="bbox 1049 1690 1830 1730">
     <span class='ocr_line' id='line_1_95' title="bbox 1049 1690 1830 1730; baseline -0.008 -8"><span class='ocrx_word' id='word_1_677' title='bbox 1049 1695 1111 1730; x_wconf 83' lang='grc' dir='ltr'><strong>μῆς.</strong></span> <span class='ocrx_word' id='word_1_678' title='bbox 1140 1694 1246 1727; x_wconf 77' lang='grc' dir='ltr'>’Λγάπα</span> <span class='ocrx_word' id='word_1_679' title='bbox 1266 1693 1353 1719; x_wconf 85' lang='grc' dir='ltr'>πάντα</span> <span class='ocrx_word' id='word_1_680' title='bbox 1370 1692 1522 1727; x_wconf 79' lang='grc' dir='ltr'>ἄνθρωπον,</span> <span class='ocrx_word' id='word_1_681' title='bbox 1544 1691 1591 1718; x_wconf 76' lang='grc' dir='ltr'>καὶ</span> <span class='ocrx_word' id='word_1_682' title='bbox 1613 1691 1736 1727; x_wconf 84' lang='grc' dir='ltr'>εἰρήνευε</span> <span class='ocrx_word' id='word_1_683' title='bbox 1761 1690 1830 1725; x_wconf 79' lang='grc' dir='ltr'>μετὰ</span> 
     </span>
    </p>
   </div>
   <div class='ocr_carea' id='block_1_95' title="bbox 1047 1735 1831 1774">
    <p class='ocr_par' dir='ltr' id='par_1_95' title="bbox 1047 1735 1831 1774">
     <span class='ocr_line' id='line_1_96' title="bbox 1047 1735 1831 1774; baseline -0.004 -8"><span class='ocrx_word' id='word_1_684' title='bbox 1047 1741 1164 1771; x_wconf 71' lang='grc' dir='ltr'>πάντων,</span> <span class='ocrx_word' id='word_1_685' title='bbox 1183 1740 1230 1766; x_wconf 79' lang='grc' dir='ltr'><strong>καὶ</strong></span> <span class='ocrx_word' id='word_1_686' title='bbox 1257 1739 1316 1774; x_wconf 78' lang='grc' dir='ltr'>μεθ’</span> <span class='ocrx_word' id='word_1_687' title='bbox 1332 1735 1369 1765; x_wconf 80' lang='grc' dir='ltr'>ὧν</span> <span class='ocrx_word' id='word_1_688' title='bbox 1388 1738 1438 1764; x_wconf 83' lang='grc' dir='ltr'><strong>οὐκ</strong></span> <span class='ocrx_word' id='word_1_689' title='bbox 1463 1737 1540 1773; x_wconf 72' lang='grc' dir='ltr'>εὔχῃ,</span> <span class='ocrx_word' id='word_1_690' title='bbox 1567 1738 1590 1764; x_wconf 86' lang='grc' dir='ltr'><strong>εί</strong></span> <span class='ocrx_word' id='word_1_691' title='bbox 1607 1737 1718 1763; x_wconf 81' lang='grc' dir='ltr'>δυνατὸν</span> <span class='ocrx_word' id='word_1_692' title='bbox 1743 1737 1773 1763; x_wconf 86' lang='grc' dir='ltr'>τδ</span> <span class='ocrx_word' id='word_1_693' title='bbox 1798 1738 1831 1764; x_wconf 84' lang='grc' dir='ltr'>ὲκ</span> 
     </span>
    </p>
   </div>
   <div class='ocr_carea' id='block_1_96' title="bbox 1048 1784 1831 1822">
    <p class='ocr_par' dir='ltr' id='par_1_96' title="bbox 1048 1784 1831 1822">
     <span class='ocr_line' id='line_1_97' title="bbox 1048 1784 1831 1822; baseline -0.006 -8"><span class='ocrx_word' id='word_1_694' title='bbox 1048 1787 1105 1819; x_wconf 75' lang='grc' dir='ltr'>σοῦ,</span> <span class='ocrx_word' id='word_1_695' title='bbox 1122 1787 1204 1822; x_wconf 63' lang='grc' dir='ltr'>χωρὶς</span> <span class='ocrx_word' id='word_1_696' title='bbox 1218 1786 1357 1822; x_wconf 71' lang='grc' dir='ltr'>αἱρέσεως.</span> <span class='ocrx_word' id='word_1_697' title='bbox 1373 1786 1461 1820; x_wconf 86' lang='grc' dir='ltr'>Ἕχων</span> <span class='ocrx_word' id='word_1_698' title='bbox 1472 1785 1511 1816; x_wconf 72' lang='grc' dir='ltr'><strong>δὲ,</strong></span> <span class='ocrx_word' id='word_1_699' title='bbox 1530 1784 1652 1819; x_wconf 73' lang='grc' dir='ltr'>μετάδιδε</span> <span class='ocrx_word' id='word_1_700' title='bbox 1670 1784 1724 1819; x_wconf 73' lang='grc'><strong>(52)</strong></span> <span class='ocrx_word' id='word_1_701' title='bbox 1740 1784 1778 1819; x_wconf 82' lang='grc' dir='ltr'><strong>τῷ</strong></span> <span class='ocrx_word' id='word_1_702' title='bbox 1792 1784 1831 1819; x_wconf 81' lang='grc' dir='ltr'>μὴ</span> 
     </span>
    </p>
   </div>
   <div class='ocr_carea' id='block_1_97' title="bbox 1047 1830 1832 1868">
    <p class='ocr_par' dir='ltr' id='par_1_97' title="bbox 1047 1830 1832 1868">
     <span class='ocr_line' id='line_1_98' title="bbox 1047 1830 1832 1868; baseline -0.005 -9"><span class='ocrx_word' id='word_1_703' title='bbox 1047 1833 1134 1868; x_wconf 80' lang='grc' dir='ltr'>ἔχοντι</span> <span class='ocrx_word' id='word_1_704' title='bbox 1145 1841 1151 1848; x_wconf 65' lang='grc'><strong><em>⁸</em></strong></span> <span class='ocrx_word' id='word_1_705' title='bbox 1171 1833 1208 1867; x_wconf 85' lang='grc' dir='ltr'>μὴ</span> <span class='ocrx_word' id='word_1_706' title='bbox 1228 1832 1295 1867; x_wconf 77' lang='grc' dir='ltr'>ἔχων</span> <span class='ocrx_word' id='word_1_707' title='bbox 1307 1831 1344 1863; x_wconf 82' lang='grc' dir='ltr'><strong>δὲ,</strong></span> <span class='ocrx_word' id='word_1_708' title='bbox 1362 1832 1399 1867; x_wconf 87' lang='grc' dir='ltr'><strong>μὴ</strong></span> <span class='ocrx_word' id='word_1_709' title='bbox 1413 1831 1577 1866; x_wconf 79' lang='grc' dir='ltr'>ἐγκληθήσῃ.</span> <span class='ocrx_word' id='word_1_710' title='bbox 1598 1830 1661 1856; x_wconf 73' lang='grc' dir='ltr'><strong>Ἐὰν</strong></span> <span class='ocrx_word' id='word_1_711' title='bbox 1676 1831 1773 1865; x_wconf 74' lang='grc' dir='ltr'>αἰτήσῃ</span> <span class='ocrx_word' id='word_1_712' title='bbox 1790 1838 1832 1862; x_wconf 88' lang='grc' dir='ltr'><strong>τις</strong></span> 
     </span>
    </p>
   </div>
   <div class='ocr_carea' id='block_1_98' title="bbox 1048 1876 1831 1914">
    <p class='ocr_par' dir='ltr' id='par_1_98' title="bbox 1048 1876 1831 1914">
     <span class='ocr_line' id='line_1_99' title="bbox 1048 1876 1831 1914; baseline -0.004 -9"><span class='ocrx_word' id='word_1_713' title='bbox 1048 1879 1123 1914; x_wconf 74' lang='grc' dir='ltr'>παρὰ</span> <span class='ocrx_word' id='word_1_714' title='bbox 1142 1878 1188 1904; x_wconf 74' lang='grc' dir='ltr'>σοῦ</span> <span class='ocrx_word' id='word_1_715' title='bbox 1200 1879 1239 1909; x_wconf 84' lang='grc' dir='ltr'>εἰς</span> <span class='ocrx_word' id='word_1_716' title='bbox 1252 1878 1359 1913; x_wconf 81' lang='grc' dir='ltr'>χρῆσιν,</span> <span class='ocrx_word' id='word_1_717' title='bbox 1374 1877 1455 1909; x_wconf 77' lang='grc' dir='ltr'>δίδου,</span> <span class='ocrx_word' id='word_1_718' title='bbox 1473 1877 1520 1903; x_wconf 82' lang='grc' dir='ltr'><strong>καὶ</strong></span> <span class='ocrx_word' id='word_1_719' title='bbox 1534 1876 1655 1912; x_wconf 79' lang='grc' dir='ltr'>).άμ6ανε</span> <span class='ocrx_word' id='word_1_720' title='bbox 1672 1878 1735 1912; x_wconf 85' lang='grc' dir='ltr'>παρ’</span> <span class='ocrx_word' id='word_1_721' title='bbox 1749 1876 1831 1902; x_wconf 77' lang='grc' dir='ltr'>αὐτοῦ</span> 
     </span>
    </p>
   </div>
   <div class='ocr_carea' id='block_1_99' title="bbox 1047 1922 1831 1959">
    <p class='ocr_par' dir='ltr' id='par_1_99' title="bbox 1047 1922 1831 1959">
     <span class='ocr_line' id='line_1_100' title="bbox 1047 1922 1831 1959; baseline -0.003 -9"><span class='ocrx_word' id='word_1_722' title='bbox 1047 1925 1078 1950; x_wconf 84' lang='grc' dir='ltr'><strong>τὸ</strong></span> <span class='ocrx_word' id='word_1_723' title='bbox 1092 1923 1248 1959; x_wconf 83' lang='grc' dir='ltr'>κεφάλαιον,</span> <span class='ocrx_word' id='word_1_724' title='bbox 1265 1923 1303 1949; x_wconf 79' lang='grc' dir='ltr'><strong>ὅτ’</strong></span> <span class='ocrx_word' id='word_1_725' title='bbox 1320 1922 1353 1950; x_wconf 85' lang='grc' dir='ltr'>ἆν</span> <span class='ocrx_word' id='word_1_726' title='bbox 1369 1922 1429 1958; x_wconf 78' lang='grc' dir='ltr'>ἔχῃ,</span> <span class='ocrx_word' id='word_1_727' title='bbox 1452 1922 1515 1949; x_wconf 82' lang='grc' dir='ltr'>ἄνευ</span> <span class='ocrx_word' id='word_1_728' title='bbox 1539 1922 1628 1949; x_wconf 82' lang='grc' dir='ltr'>τόκου.</span> <span class='ocrx_word' id='word_1_729' title='bbox 1651 1922 1697 1957; x_wconf 79' lang='grc' dir='ltr'><strong>Μὴ</strong></span> <span class='ocrx_word' id='word_1_730' title='bbox 1712 1922 1831 1948; x_wconf 83' lang='grc' dir='ltr'>δολιεύου</span> 
     </span>
    </p>
   </div>
   <div class='ocr_carea' id='block_1_100' title="bbox 1049 1969 1833 2006">
    <p class='ocr_par' dir='ltr' id='par_1_100' title="bbox 1049 1969 1833 2006">
     <span class='ocr_line' id='line_1_101' title="bbox 1049 1969 1833 2006; baseline -0.004 -9"><span class='ocrx_word' id='word_1_731' title='bbox 1049 1970 1162 1997; x_wconf 77' lang='grc' dir='ltr'>ἐνώπιον</span> <span class='ocrx_word' id='word_1_732' title='bbox 1178 1970 1290 2006; x_wconf 82' lang='grc' dir='ltr'>Κυρίου.</span> <span class='ocrx_word' id='word_1_733' title='bbox 1311 1970 1373 1996; x_wconf 80' lang='grc' dir='ltr'><strong>Ἐὰν</strong></span> <span class='ocrx_word' id='word_1_734' title='bbox 1387 1970 1440 2006; x_wconf 83' lang='grc' dir='ltr'>γὰρ</span> <span class='ocrx_word' id='word_1_735' title='bbox 1456 1969 1520 2004; x_wconf 80' lang='grc' dir='ltr'>ἔχῃς</span> <span class='ocrx_word' id='word_1_736' title='bbox 1540 1970 1696 2004; x_wconf 82' lang='grc' dir='ltr'>γεννήματα</span> <span class='ocrx_word' id='word_1_737' title='bbox 1714 1969 1731 2005; x_wconf 75' lang='grc' dir='ltr'>ἢ</span> <span class='ocrx_word' id='word_1_738' title='bbox 1747 1969 1833 2004; x_wconf 72' lang='grc' dir='ltr'>ἀργύ-</span> 
     </span>
    </p>
   </div>
   <div class='ocr_carea' id='block_1_101' title="bbox 1050 2013 1833 2052">
    <p class='ocr_par' dir='ltr' id='par_1_101' title="bbox 1050 2013 1833 2052">
     <span class='ocr_line' id='line_1_102' title="bbox 1050 2013 1833 2052; baseline -0.003 -10"><span class='ocrx_word' id='word_1_739' title='bbox 1050 2024 1117 2052; x_wconf 87' lang='grc' dir='ltr'>ριον,</span> <span class='ocrx_word' id='word_1_740' title='bbox 1133 2016 1180 2042; x_wconf 75' lang='grc' dir='ltr'><strong>καὶ</strong></span> <span class='ocrx_word' id='word_1_741' title='bbox 1197 2015 1274 2050; x_wconf 79' lang='grc' dir='ltr'>ζητεῖ</span> <span class='ocrx_word' id='word_1_742' title='bbox 1288 2023 1329 2047; x_wconf 87' lang='grc' dir='ltr'><strong>τις</strong></span> <span class='ocrx_word' id='word_1_743' title='bbox 1343 2014 1515 2042; x_wconf 73' lang='grc' dir='ltr'>δανείσασθαι</span> <span class='ocrx_word' id='word_1_744' title='bbox 1531 2013 1604 2049; x_wconf 78' lang='grc' dir='ltr'>παρὰ</span> <span class='ocrx_word' id='word_1_745' title='bbox 1627 2013 1672 2040; x_wconf 79' lang='grc' dir='ltr'>σοῦ</span> <span class='ocrx_word' id='word_1_746' title='bbox 1687 2013 1732 2039; x_wconf 77' lang='grc' dir='ltr'><strong>καὶ</strong></span> <span class='ocrx_word' id='word_1_747' title='bbox 1746 2014 1777 2039; x_wconf 81' lang='grc' dir='ltr'>οὺ</span> <span class='ocrx_word' id='word_1_748' title='bbox 1789 2013 1833 2040; x_wconf 71' lang='grc' dir='ltr'><strong>διὰ</strong></span> 
     </span>
    </p>
   </div>
   <div class='ocr_carea' id='block_1_102' title="bbox 1050 2059 1834 2098">
    <p class='ocr_par' dir='ltr' id='par_1_102' title="bbox 1050 2059 1834 2098">
     <span class='ocr_line' id='line_1_103' title="bbox 1050 2059 1834 2098; baseline -0.004 -10"><span class='ocrx_word' id='word_1_749' title='bbox 1050 2063 1087 2098; x_wconf 85' lang='grc' dir='ltr'>μὴ</span> <span class='ocrx_word' id='word_1_750' title='bbox 1099 2062 1246 2097; x_wconf 76' lang='grc' dir='ltr'>λαμϐάνειν</span> <span class='ocrx_word' id='word_1_751' title='bbox 1263 2070 1292 2088; x_wconf 87' lang='grc' dir='ltr'>σε</span> <span class='ocrx_word' id='word_1_752' title='bbox 1308 2062 1387 2088; x_wconf 87' lang='grc' dir='ltr'>τόκον</span> <span class='ocrx_word' id='word_1_753' title='bbox 1403 2061 1502 2092; x_wconf 87' lang='grc' dir='ltr'>πωλεῖς</span> <span class='ocrx_word' id='word_1_754' title='bbox 1515 2059 1695 2096; x_wconf 82' lang='grc' dir='ltr'>τιμιωτέρως,</span> <span class='ocrx_word' id='word_1_755' title='bbox 1711 2059 1753 2085; x_wconf 74' lang='grc' dir='ltr'>ἵνα</span> <span class='ocrx_word' id='word_1_756' title='bbox 1769 2059 1834 2094; x_wconf 79' lang='grc' dir='ltr'>ἁγο-</span> 
     </span>
    </p>
   </div>
   <div class='ocr_carea' id='block_1_103' title="bbox 1051 2103 1831 2142">
    <p class='ocr_par' dir='ltr' id='par_1_103' title="bbox 1051 2103 1831 2142">
     <span class='ocr_line' id='line_1_104' title="bbox 1051 2103 1831 2142; baseline -0.005 -9"><span class='ocrx_word' id='word_1_757' title='bbox 1051 2106 1136 2142; x_wconf 82' lang='grc' dir='ltr'>ράσῃς</span> <span class='ocrx_word' id='word_1_758' title='bbox 1162 2106 1269 2138; x_wconf 75' lang='grc' dir='ltr'>εὖώνως</span> <span class='ocrx_word' id='word_1_759' title='bbox 1297 2105 1336 2141; x_wconf 84' lang='grc' dir='ltr'><strong>τῷ</strong></span> <span class='ocrx_word' id='word_1_760' title='bbox 1364 2104 1461 2140; x_wconf 83' lang='grc' dir='ltr'>καιρῷ,</span> <span class='ocrx_word' id='word_1_761' title='bbox 1489 2105 1625 2131; x_wconf 79' lang='grc' dir='ltr'>τουτέστιν</span> <span class='ocrx_word' id='word_1_762' title='bbox 1652 2103 1831 2139; x_wconf 79' lang='grc' dir='ltr'>ὀλιγοτίμωςο</span> 
     </span>
    </p>
   </div>
   <div class='ocr_carea' id='block_1_104' title="bbox 1052 2150 1830 2188">
    <p class='ocr_par' dir='ltr' id='par_1_104' title="bbox 1052 2150 1830 2188">
     <span class='ocr_line' id='line_1_105' title="bbox 1052 2150 1830 2188; baseline -0.003 -10"><span class='ocrx_word' id='word_1_763' title='bbox 1052 2162 1061 2178; x_wconf 77' lang='grc' dir='ltr'><strong>ι</strong></span> <span class='ocrx_word' id='word_1_764' title='bbox 1080 2153 1232 2188; x_wconf 83' lang='grc' dir='ltr'>Δράσσεται</span> <span class='ocrx_word' id='word_1_765' title='bbox 1245 2153 1260 2178; x_wconf 85' lang='grc' dir='ltr'><strong>ὸ</strong></span> <span class='ocrx_word' id='word_1_766' title='bbox 1276 2151 1342 2183; x_wconf 76' lang='grc' dir='ltr'>Θεὸς</span> <span class='ocrx_word' id='word_1_767' title='bbox 1354 2152 1416 2183; x_wconf 80' lang='grc' dir='ltr'>τοὺς</span> <span class='ocrx_word' id='word_1_768' title='bbox 1432 2151 1528 2185; x_wconf 84' lang='grc' dir='ltr'>σοφοὺς</span> <span class='ocrx_word' id='word_1_769' title='bbox 1544 2151 1573 2176; x_wconf 82' lang='grc' dir='ltr'>ἐν</span> <span class='ocrx_word' id='word_1_770' title='bbox 1588 2151 1620 2186; x_wconf 79' lang='grc' dir='ltr'>τῇ</span> <span class='ocrx_word' id='word_1_771' title='bbox 1638 2150 1800 2186; x_wconf 68' lang='grc' dir='ltr'>πανουργία.</span> <span class='ocrx_word' id='word_1_772' title='bbox 1820 2159 1830 2176; x_wconf 73' lang='grc' dir='ltr'><strong>ι</strong></span> 
     </span>
    </p>
   </div>
   <div class='ocr_carea' id='block_1_105' title="bbox 1050 2196 1844 2234">
    <p class='ocr_par' dir='ltr' id='par_1_105' title="bbox 1050 2196 1844 2234">
     <span class='ocr_line' id='line_1_106' title="bbox 1050 2196 1844 2234; baseline -0.005 -9"><span class='ocrx_word' id='word_1_773' title='bbox 1050 2199 1151 2233; x_wconf 72' lang='grc' dir='ltr'>Σκέψαι</span> <span class='ocrx_word' id='word_1_774' title='bbox 1164 2199 1217 2234; x_wconf 78' lang='grc' dir='ltr'><strong>γὰρ</strong></span> <span class='ocrx_word' id='word_1_775' title='bbox 1230 2198 1277 2225; x_wconf 77' lang='grc' dir='ltr'>καὶ</span> <span class='ocrx_word' id='word_1_776' title='bbox 1291 2198 1351 2233; x_wconf 83' lang='grc' dir='ltr'>ὅρα,</span> <span class='ocrx_word' id='word_1_777' title='bbox 1367 2198 1407 2224; x_wconf 80' lang='grc' dir='ltr'><strong>ὅτι</strong></span> <span class='ocrx_word' id='word_1_778' title='bbox 1421 2197 1477 2223; x_wconf 78' lang='grc' dir='ltr'>ἀνθ’</span> <span class='ocrx_word' id='word_1_779' title='bbox 1491 2197 1549 2227; x_wconf 75' lang='grc' dir='ltr'>ἑνὸς</span> <span class='ocrx_word' id='word_1_780' title='bbox 1562 2197 1640 2223; x_wconf 84' lang='grc' dir='ltr'>τόκου</span> <span class='ocrx_word' id='word_1_781' title='bbox 1653 2197 1726 2232; x_wconf 84' lang='grc' dir='ltr'>τρεῖς</span> <span class='ocrx_word' id='word_1_782' title='bbox 1738 2196 1754 2231; x_wconf 80' lang='grc' dir='ltr'><strong>ἢ</strong></span> <span class='ocrx_word' id='word_1_783' title='bbox 1771 2196 1844 2222; x_wconf 56' lang='grc' dir='ltr'><strong>τέσςν</strong></span> 
     </span>
    </p>
   </div>
   <div class='ocr_carea' id='block_1_106' title="bbox 1014 2241 1556 2278">
    <p class='ocr_par' dir='ltr' id='par_1_106' title="bbox 1014 2241 1556 2278">
     <span class='ocr_line' id='line_1_107' title="bbox 1014 2241 1556 2278; baseline -0.007 -8"><span class='ocrx_word' id='word_1_784' title='bbox 1014 2247 1035 2273; x_wconf 89' lang='lat' dir='ltr'><strong>D</strong></span> <span class='ocrx_word' id='word_1_785' title='bbox 1051 2251 1137 2278; x_wconf 75' lang='grc' dir='ltr'>σαρας</span> <span class='ocrx_word' id='word_1_786' title='bbox 1151 2243 1246 2274; x_wconf 75' lang='grc' dir='ltr'>τόκους</span> <span class='ocrx_word' id='word_1_787' title='bbox 1263 2243 1388 2278; x_wconf 67' lang='grc' dir='ltr'>εὑρήσεις</span> <span class='ocrx_word' id='word_1_788' title='bbox 1402 2241 1556 2276; x_wconf 77' lang='grc' dir='ltr'>λαμϐάνων.</span> 
     </span>
    </p>
   </div>
   <div class='ocr_carea' id='block_1_107' title="bbox 1085 2284 1834 2321">
    <p class='ocr_par' dir='ltr' id='par_1_107' title="bbox 1085 2284 1834 2321">
     <span class='ocr_line' id='line_1_108' title="bbox 1085 2284 1834 2321; baseline -0.007 -6"><span class='ocrx_word' id='word_1_789' title='bbox 1085 2289 1111 2316; x_wconf 72' lang='grc'><strong>4.</strong></span> <span class='ocrx_word' id='word_1_790' title='bbox 1129 2289 1206 2315; x_wconf 87' lang='grc' dir='ltr'>Γίνου</span> <span class='ocrx_word' id='word_1_791' title='bbox 1219 2287 1344 2319; x_wconf 77' lang='grc' dir='ltr'>ταπεινὸς</span> <span class='ocrx_word' id='word_1_792' title='bbox 1358 2287 1404 2313; x_wconf 73' lang='grc' dir='ltr'>καὶ</span> <span class='ocrx_word' id='word_1_793' title='bbox 1420 2286 1542 2321; x_wconf 77' lang='grc' dir='ltr'>ἡσύχιος,</span> <span class='ocrx_word' id='word_1_794' title='bbox 1556 2285 1664 2320; x_wconf 81' lang='grc' dir='ltr'>τρέμων</span> <span class='ocrx_word' id='word_1_795' title='bbox 1679 2284 1723 2311; x_wconf 80' lang='grc' dir='ltr'><strong>διὰ</strong></span> <span class='ocrx_word' id='word_1_796' title='bbox 1734 2286 1834 2318; x_wconf 78' lang='grc' dir='ltr'>παντδς</span> 
     </span>
    </p>
   </div>
   <div class='ocr_carea' id='block_1_108' title="bbox 1050 2329 1833 2369">
    <p class='ocr_par' dir='ltr' id='par_1_108' title="bbox 1050 2329 1833 2369">
     <span class='ocr_line' id='line_1_109' title="bbox 1050 2329 1833 2369; baseline -0.009 -7"><span class='ocrx_word' id='word_1_797' title='bbox 1050 2336 1084 2362; x_wconf 78' lang='grc' dir='ltr'>τὰ</span> <span class='ocrx_word' id='word_1_798' title='bbox 1097 2335 1174 2369; x_wconf 80' lang='grc' dir='ltr'>λόγια</span> <span class='ocrx_word' id='word_1_799' title='bbox 1194 2334 1238 2361; x_wconf 85' lang='grc' dir='ltr'>τοῦ</span> <span class='ocrx_word' id='word_1_800' title='bbox 1262 2333 1373 2369; x_wconf 86' lang='grc' dir='ltr'>Κυρίου.</span> <span class='ocrx_word' id='word_1_801' title='bbox 1388 2332 1432 2367; x_wconf 83' lang='grc' dir='ltr'><strong>Μὴ</strong></span> <span class='ocrx_word' id='word_1_802' title='bbox 1451 2331 1525 2366; x_wconf 81' lang='grc' dir='ltr'>γίνου</span> <span class='ocrx_word' id='word_1_803' title='bbox 1549 2332 1676 2366; x_wconf 84' lang='grc' dir='ltr'>μάχιμος,</span> <span class='ocrx_word' id='word_1_804' title='bbox 1694 2329 1732 2365; x_wconf 86' lang='grc' dir='ltr'>μὴ</span> <span class='ocrx_word' id='word_1_805' title='bbox 1748 2329 1833 2354; x_wconf 78' lang='grc' dir='ltr'>τύπτε</span> 
     </span>
    </p>
   </div>
   <div class='ocr_carea' id='block_1_109' title="bbox 1051 2374 1832 2418">
    <p class='ocr_par' dir='ltr' id='par_1_109' title="bbox 1051 2374 1832 2418">
     <span class='ocr_line' id='line_1_110' title="bbox 1051 2374 1832 2418; baseline -0.01 -10"><span class='ocrx_word' id='word_1_806' title='bbox 1051 2381 1201 2418; x_wconf 80' lang='grc' dir='ltr'>ἄνθρωπον,</span> <span class='ocrx_word' id='word_1_807' title='bbox 1213 2379 1229 2416; x_wconf 84' lang='grc' dir='ltr'>ἦ</span> <span class='ocrx_word' id='word_1_808' title='bbox 1244 2380 1322 2414; x_wconf 72' lang='grc' dir='ltr'>μόνον</span> <span class='ocrx_word' id='word_1_809' title='bbox 1336 2375 1497 2405; x_wconf 74' lang='grc' dir='ltr'>παιδίονσου</span> <span class='ocrx_word' id='word_1_810' title='bbox 1510 2377 1606 2412; x_wconf 80' lang='grc' dir='ltr'>μικρὸν</span> <span class='ocrx_word' id='word_1_811' title='bbox 1619 2376 1685 2412; x_wconf 71' lang='grc' dir='ltr'>πρὸς</span> <span class='ocrx_word' id='word_1_812' title='bbox 1699 2374 1832 2404; x_wconf 84' lang='grc' dir='ltr'>παιδείαν,</span> 
     </span>
    </p>
   </div>
   <div class='ocr_carea' id='block_1_110' title="bbox 1051 2419 1833 2460">
    <p class='ocr_par' dir='ltr' id='par_1_110' title="bbox 1051 2419 1833 2460">
     <span class='ocr_line' id='line_1_111' title="bbox 1051 2419 1833 2460; baseline -0.009 -7"><span class='ocrx_word' id='word_1_813' title='bbox 1051 2428 1096 2454; x_wconf 74' lang='grc' dir='ltr'>καὶ</span> <span class='ocrx_word' id='word_1_814' title='bbox 1118 2426 1182 2452; x_wconf 81' lang='grc' dir='ltr'>αὐτὸ</span> <span class='ocrx_word' id='word_1_815' title='bbox 1195 2424 1473 2460; x_wconf 79' lang='grc' dir='ltr'>παρατετηρημένως,</span> <span class='ocrx_word' id='word_1_816' title='bbox 1490 2423 1598 2450; x_wconf 77' lang='grc' dir='ltr'>σκοπῶν</span> <span class='ocrx_word' id='word_1_817' title='bbox 1613 2423 1709 2458; x_wconf 85' lang='grc' dir='ltr'>μήπως</span> <span class='ocrx_word' id='word_1_818' title='bbox 1722 2421 1767 2447; x_wconf 77' lang='grc' dir='ltr'><strong>διὰ</strong></span> <span class='ocrx_word' id='word_1_819' title='bbox 1787 2419 1833 2446; x_wconf 80' lang='grc' dir='ltr'>σοῦ</span> 
     </span>
    </p>
   </div>
   <div class='ocr_carea' id='block_1_111' title="bbox 1051 2466 1834 2508">
    <p class='ocr_par' dir='ltr' id='par_1_111' title="bbox 1051 2466 1834 2508">
     <span class='ocr_line' id='line_1_112' title="bbox 1051 2466 1834 2508; baseline -0.009 -9"><span class='ocrx_word' id='word_1_820' title='bbox 1051 2473 1130 2508; x_wconf 79' lang='grc' dir='ltr'>φόνος</span> <span class='ocrx_word' id='word_1_821' title='bbox 1143 2472 1253 2507; x_wconf 78' lang='grc' dir='ltr'>γένηται</span> <span class='ocrx_word' id='word_1_822' title='bbox 1264 2480 1270 2486; x_wconf 85' lang='grc'><strong>-</strong></span> <span class='ocrx_word' id='word_1_823' title='bbox 1286 2470 1379 2496; x_wconf 75' lang='grc' dir='ltr'>πολλαὶ</span> <span class='ocrx_word' id='word_1_824' title='bbox 1393 2470 1446 2505; x_wconf 84' lang='grc' dir='ltr'><strong>γάρ</strong></span> <span class='ocrx_word' id='word_1_825' title='bbox 1463 2471 1530 2496; x_wconf 81' lang='grc' dir='ltr'>εἰσιν</span> <span class='ocrx_word' id='word_1_826' title='bbox 1548 2468 1669 2504; x_wconf 77' lang='grc' dir='ltr'>ἀφορμαὶ</span> <span class='ocrx_word' id='word_1_827' title='bbox 1690 2466 1736 2493; x_wconf 83' lang='grc' dir='ltr'>τοῦ</span> <span class='ocrx_word' id='word_1_828' title='bbox 1753 2466 1834 2493; x_wconf 75' lang='grc' dir='ltr'>Θανά-</span> 
     </span>
    </p>
   </div>
   <div class='ocr_carea' id='block_1_112' title="bbox 1049 2512 1833 2553">
    <p class='ocr_par' dir='ltr' id='par_1_112' title="bbox 1049 2512 1833 2553">
     <span class='ocr_line' id='line_1_113' title="bbox 1049 2512 1833 2553; baseline -0.01 -7"><span class='ocrx_word' id='word_1_829' title='bbox 1049 2528 1107 2546; x_wconf 85' lang='grc' dir='ltr'>του.</span> <span class='ocrx_word' id='word_1_830' title='bbox 1124 2518 1168 2553; x_wconf 84' lang='grc' dir='ltr'><strong>Μὴ</strong></span> <span class='ocrx_word' id='word_1_831' title='bbox 1184 2516 1332 2553; x_wconf 76' lang='grc' dir='ltr'>μυκτήριζε</span> <span class='ocrx_word' id='word_1_832' title='bbox 1350 2515 1438 2542; x_wconf 82' lang='grc' dir='ltr'>πάντα</span> <span class='ocrx_word' id='word_1_833' title='bbox 1452 2514 1594 2550; x_wconf 82' lang='grc' dir='ltr'>ἄνθρωπον</span> <span class='ocrx_word' id='word_1_834' title='bbox 1605 2523 1611 2529; x_wconf 89' lang='grc'>·</span> <span class='ocrx_word' id='word_1_835' title='bbox 1630 2513 1665 2549; x_wconf 80' lang='grc' dir='ltr'>μὴ</span> <span class='ocrx_word' id='word_1_836' title='bbox 1689 2512 1833 2548; x_wconf 78' lang='grc' dir='ltr'>βδελύσσου</span> 
     </span>
    </p>
   </div>
   <div class='ocr_carea' id='block_1_113' title="bbox 1050 2559 1834 2598">
    <p class='ocr_par' dir='ltr' id='par_1_113' title="bbox 1050 2559 1834 2598">
     <span class='ocr_line' id='line_1_114' title="bbox 1050 2559 1834 2598; baseline -0.009 -7"><span class='ocrx_word' id='word_1_837' title='bbox 1050 2564 1112 2591; x_wconf 72' lang='grc' dir='ltr'>τινὰ</span> <span class='ocrx_word' id='word_1_838' title='bbox 1140 2564 1194 2590; x_wconf 71' lang='grc' dir='ltr'><strong>ἀπὸ</strong></span> <span class='ocrx_word' id='word_1_839' title='bbox 1223 2564 1380 2598; x_wconf 81' lang='grc' dir='ltr'>σχήματος·</span> <span class='ocrx_word' id='word_1_840' title='bbox 1416 2560 1680 2596; x_wconf 76' lang='grc' dir='ltr'>παρατετηρημένως</span> <span class='ocrx_word' id='word_1_841' title='bbox 1709 2559 1754 2593; x_wconf 74' lang='grc' dir='ltr'>ἔχε</span> <span class='ocrx_word' id='word_1_842' title='bbox 1786 2559 1834 2593; x_wconf 76' lang='grc' dir='ltr'><strong>τὴν</strong></span> 
     </span>
    </p>
   </div>
   <div class='ocr_carea' id='block_1_114' title="bbox 1051 2605 1834 2645">
    <p class='ocr_par' dir='ltr' id='par_1_114' title="bbox 1051 2605 1834 2645">
     <span class='ocr_line' id='line_1_115' title="bbox 1051 2605 1834 2645; baseline -0.008 -9"><span class='ocrx_word' id='word_1_843' title='bbox 1051 2610 1164 2645; x_wconf 76' lang='grc' dir='ltr'>ἐσθῆτα,</span> <span class='ocrx_word' id='word_1_844' title='bbox 1190 2609 1258 2644; x_wconf 81' lang='grc' dir='ltr'>μήτε</span> <span class='ocrx_word' id='word_1_845' title='bbox 1283 2608 1414 2643; x_wconf 84' lang='grc' dir='ltr'>μαλακοῖς</span> <span class='ocrx_word' id='word_1_846' title='bbox 1441 2607 1580 2642; x_wconf 83' lang='grc' dir='ltr'>χρώμενος</span> <span class='ocrx_word' id='word_1_847' title='bbox 1608 2606 1734 2640; x_wconf 77' lang='grc' dir='ltr'>ἱματίοις,</span> <span class='ocrx_word' id='word_1_848' title='bbox 1765 2605 1834 2639; x_wconf 76' lang='grc' dir='ltr'>μήτε</span> 
     </span>
    </p>
   </div>
   <div class='ocr_carea' id='block_1_115' title="bbox 1051 2650 1835 2690">
    <p class='ocr_par' dir='ltr' id='par_1_115' title="bbox 1051 2650 1835 2690">
     <span class='ocr_line' id='line_1_116' title="bbox 1051 2650 1835 2690; baseline -0.005 -8"><span class='ocrx_word' id='word_1_849' title='bbox 1051 2655 1144 2690; x_wconf 71' lang='grc' dir='ltr'>ἐσθῆτι</span> <span class='ocrx_word' id='word_1_850' title='bbox 1157 2654 1306 2690; x_wconf 80' lang='grc' dir='ltr'>φαινομένῃ</span> <span class='ocrx_word' id='word_1_851' title='bbox 1318 2653 1428 2680; x_wconf 82' lang='grc' dir='ltr'>δικαίων</span> <span class='ocrx_word' id='word_1_852' title='bbox 1442 2652 1615 2687; x_wconf 82' lang='grc' dir='ltr'>ὲνδυομενυία</span> <span class='ocrx_word' id='word_1_853' title='bbox 1630 2650 1695 2686; x_wconf 73' lang='lat'><strong>(35),</strong></span> <span class='ocrx_word' id='word_1_854' title='bbox 1709 2650 1835 2678; x_wconf 80' lang='grc' dir='ltr'>τουτέστι</span> 
     </span>
    </p>
   </div>
   <div class='ocr_carea' id='block_1_116' title="bbox 1053 2803 1833 2840">
    <p class='ocr_par' dir='ltr' id='par_1_116' title="bbox 1053 2803 1833 2840">
     <span class='ocr_line' id='line_1_117' title="bbox 1053 2803 1833 2840; baseline -0.004 -5"><span class='ocrx_word' id='word_1_855' title='bbox 1053 2816 1104 2835; x_wconf 87' lang='lat' dir='ltr'><strong>nec</strong></span> <span class='ocrx_word' id='word_1_856' title='bbox 1115 2807 1211 2836; x_wconf 83' lang='lat' dir='ltr'><strong>dubito</strong></span> <span class='ocrx_word' id='word_1_857' title='bbox 1226 2808 1263 2834; x_wconf 86' lang='lat' dir='ltr'><strong>ita</strong></span> <span class='ocrx_word' id='word_1_858' title='bbox 1278 2807 1370 2834; x_wconf 87' lang='lat' dir='ltr'><strong>haberi</strong></span> <span class='ocrx_word' id='word_1_859' title='bbox 1387 2807 1413 2834; x_wconf 93' lang='lat' dir='ltr'><strong>in</strong></span> <span class='ocrx_word' id='word_1_860' title='bbox 1429 2805 1523 2834; x_wconf 79' lang='lat' dir='ltr'><strong>codice</strong></span> <span class='ocrx_word' id='word_1_861' title='bbox 1545 2813 1599 2840; x_wconf 86' lang='lat' dir='ltr'><strong>quo</strong></span> <span class='ocrx_word' id='word_1_862' title='bbox 1627 2812 1694 2832; x_wconf 83' lang='lat' dir='ltr'><strong>usus</strong></span> <span class='ocrx_word' id='word_1_863' title='bbox 1721 2809 1764 2831; x_wconf 86' lang='lat' dir='ltr'><strong>est</strong></span> <span class='ocrx_word' id='word_1_864' title='bbox 1792 2803 1833 2832; x_wconf 85' lang='lat' dir='ltr'><strong>CI.</strong></span> 
     </span>
    </p>
   </div>
   <div class='ocr_carea' id='block_1_117' title="bbox 1052 2840 1834 2877">
    <p class='ocr_par' dir='ltr' id='par_1_117' title="bbox 1052 2840 1834 2877">
     <span class='ocr_line' id='line_1_118' title="bbox 1052 2840 1834 2877; baseline -0.005 -8"><span class='ocrx_word' id='word_1_865' title='bbox 1052 2843 1200 2874; x_wconf 85' lang='lat' dir='ltr'><strong>Arnoldus,</strong></span> <span class='ocrx_word' id='word_1_866' title='bbox 1210 2843 1256 2877; x_wconf 91' lang='lat' dir='ltr'><strong>qui</strong></span> <span class='ocrx_word' id='word_1_867' title='bbox 1270 2841 1525 2877; x_wconf 66' lang='grc' dir='ltr'>ὶθεὶιὲνδυσμενυία.</span> <span class='ocrx_word' id='word_1_868' title='bbox 1539 2840 1661 2868; x_wconf 81' lang='lat' dir='ltr'><strong>Proclive</strong></span> <span class='ocrx_word' id='word_1_869' title='bbox 1671 2843 1713 2866; x_wconf 83' lang='lat' dir='ltr'><strong>est</strong></span> <span class='ocrx_word' id='word_1_870' title='bbox 1729 2840 1755 2866; x_wconf 90' lang='lat' dir='ltr'><strong>in</strong></span> <span class='ocrx_word' id='word_1_871' title='bbox 1765 2847 1834 2877; x_wconf 74' lang='lat' dir='ltr'><strong>tnss.</strong></span> 
     </span>
    </p>
   </div>
   <div class='ocr_carea' id='block_1_118' title="bbox 1053 2875 1834 2913">
    <p class='ocr_par' dir='ltr' id='par_1_118' title="bbox 1053 2875 1834 2913">
     <span class='ocr_line' id='line_1_119' title="bbox 1053 2875 1834 2913; baseline -0.006 -7"><span class='ocrx_word' id='word_1_872' title='bbox 1053 2886 1066 2905; x_wconf 89' lang='grc' dir='ltr'><strong>ο</strong></span> <span class='ocrx_word' id='word_1_873' title='bbox 1079 2885 1128 2913; x_wconf 89' lang='lat' dir='ltr'><strong>pro</strong></span> <span class='ocrx_word' id='word_1_874' title='bbox 1148 2886 1164 2905; x_wconf 84' lang='grc' dir='ltr'><strong>σ</strong></span> <span class='ocrx_word' id='word_1_875' title='bbox 1178 2875 1276 2912; x_wconf 74' lang='lat' dir='ltr'><strong>accipi,</strong></span> <span class='ocrx_word' id='word_1_876' title='bbox 1295 2875 1356 2905; x_wconf 75' lang='lat' dir='ltr'><strong>eum</strong></span> <span class='ocrx_word' id='word_1_877' title='bbox 1381 2875 1483 2904; x_wconf 69' lang='lat' dir='ltr'><strong>librarii</strong></span> <span class='ocrx_word' id='word_1_878' title='bbox 1510 2877 1555 2904; x_wconf 91' lang='lat' dir='ltr'><strong>ubi</strong></span> <span class='ocrx_word' id='word_1_879' title='bbox 1579 2880 1706 2903; x_wconf 83' lang='lat' dir='ltr'><strong>currente</strong></span> <span class='ocrx_word' id='word_1_880' title='bbox 1729 2875 1834 2902; x_wconf 83' lang='lat' dir='ltr'><strong>calamo</strong></span> 
     </span>
    </p>
   </div>
  </div>
