1940 3068
103 197 153 226 δη

717 197 907 226 SYNTAGMA
926 196 1121 227 DOGTRINE.

1675 196 1728 225 8η

105 256 238 290 pompm;
250 252 459 289 προερχόμενος.
473 252 577 280 Σὰκκον
587 253 615 280 δὲ
627 253 675 280 ἐὰν
689 253 764 289 ἔχῃς,
776 254 818 280 ἵνα
831 262 893 280 πεν-

945 254 1007 281 licet
1019 253 1130 285 vestitu,
1145 251 1329 288 progrediare.
1346 251 1460 280 Saceum
1472 252 1495 281 si
1514 251 1626 285 habeas,
1638 257 1667 281 ut
1680 257 1728 282 tua

103 299 155 337 θῇς
169 299 218 331 τὰς
242 299 377 334 ἁμαρτίας
397 306 454 331 σου,
473 299 568 326 σκόπει
591 299 628 335 μὴ
643 301 712 335 φανῇ
729 307 775 326 σου
795 301 810 326 ὁ
827 300 893 327 σάκ-

105 353 165 378 κος,
184 344 241 371 ἀλλ’
255 345 324 371 ἔστω
337 345 527 380 κεκρυμμένος
545 345 607 371 ἔσω.
621 345 675 371 Καὶ
692 346 759 381 μήτε
771 346 893 381 δέρματα

103 390 253 426 ἀμφιάζου,
265 391 361 426 μήπως
373 391 450 424 δόξαν
462 390 536 427 παρὰ
547 391 696 427 ἀνθρώπων
708 391 790 427 λήψῃ.
805 392 893 425 ’Ὁλως

103 437 200 473 τρίχας
217 436 254 472 μὴ
363 444 369 450 ·
388 436 498 475 egigni/5
512 437 566 472 γὰρ
581 437 610 463 τὸ
629 437 748 464 τοιοῦτον
765 438 858 473 σχῆμα
878 439 893 464 ό

110 483 285 515 ’Δπόστολος-
302 483 339 518 μὴ
360 483 431 519 Ξυρῶ
454 483 484 510 τὸ
504 483 618 517 γένειον,
639 484 687 510 καὶ
710 484 747 519 μὴ
763 493 892 520 περικου-

104 530 191 566 ρείοις
205 529 263 564 χρῶ
283 530 450 565 κειρόμενος.
527 521 578 533 ν

140 576 166 602 5.
181 576 211 601 Εἰ
224 575 335 602 δύνασαι
355 575 402 601 καὶ
417 575 552 610 ἑϐδομάδα
568 577 718 612 νηστεύειν,
734 577 827 613 μηδενὶ
843 577 894 604 δεί-

103 629 180 648 κνυε.
198 621 294 656 Κρεῶν
308 620 421 655 ἀπέχου,
433 621 480 656 οὐχ
494 621 531 652 ὡς
547 622 768 657 βδελυσσόμενος,
784 623 841 649 ἀλλ’
855 623 893 655 ὡς

104 667 266 694 ἀνακόπτων
282 667 312 693 τὸ
331 667 409 702 σῶμα
424 668 472 702 τῆς
486 668 599 703 τροφῆς,
613 669 659 695 καὶ
672 669 780 702 ἀνάξιον
797 669 893 696 ἑαυτὸν

104 712 264 749 ἡγούμενος,
274 713 320 739 καὶ
335 713 393 739 ἀντὶ
405 713 457 739 τῶν
473 714 599 747 ἐπιγείων
612 713 666 740 τῶν
675 714 817 749 οὑρανῖων,
833 716 893 750 ὁρε-

104 759 231 794 γόμενον.
239 759 295 790 Πᾶς
305 759 358 794 γὰρ
373 759 526 794 μετριάζων
538 759 663 796 δαψιλείᾳ
671 761 788 796 τροφῶν,
802 761 894 797 βοηθεῖ

103 805 144 840 τῷ
167 804 271 840 σώματι
290 804 371 831 αὑτοῦ
395 805 461 840 πρὸς
485 805 656 839 ἐγκράτειαν.
675 806 752 832 οἱ”νου
773 806 840 838 ὅλως
855 807 892 843 μὴ

104 849 237 885 λάμϐανε,
249 850 265 883 ἢ
280 849 359 884 μόνον
370 849 497 884 γεύεσθαι
509 850 554 876 καὶ
566 849 685 884 εὐλογεῖν
696 851 740 877 τὸν
752 851 890 878 κτίσαντα.

111 896 175 923 Ἐὰν
191 896 219 922 δὲ
236 897 282 922 καὶ
298 896 340 928 σὺ,
353 895 447 932 ὥσπερ
461 897 602 932 Τιμόθεος,
615 896 659 924 διὰ
671 897 718 933 τὴν
730 898 828 933 πολλὴν
846 907 893 926 πο-

104 941 206 968 λιτείαν
228 941 314 972 νόσοις
336 941 496 977 περιπέσῃς,
514 942 596 978 ὀλίγῳ
618 943 680 978 οἴνῳ
703 943 775 980 χρῶ·
791 943 822 970 τὸ
838 944 892 980 γὰρ

103 987 193 1022 ὀλίγον
207 987 350 1023 φάρμακόν
365 989 437 1014 ἐστιν
455 987 551 1020 ἰάσεως
562 997 568 1003 ·
587 989 675 1024 πολλῷ
692 989 719 1016 δὲ
736 989 810 1025 αὐτῷ
822 990 893 1026 χρώ-

106 1041 197 1068 μενος,
215 1032 371 1068 ἀμφοτέρας
391 1032 531 1064 ἀσθενείας
547 1033 658 1059 σεαυτὸν
678 1034 850 1069 περιϐαλεῖς·
868 1035 892 1060 εἰ

104 1078 135 1105 δὲ
151 1079 203 1110 ἓως
219 1079 278 1110 ἑνὸς
294 1078 423 1113 ποτηρίου
436 1078 452 1114 ἢ
471 1078 528 1110 δύο,
549 1079 676 1114 περισσὸν
690 1079 721 1115 δὴ
738 1080 785 1115 μή.
800 1080 832 1106 Et
846 1079 892 1106 δυ-

105 1124 187 1152 νατόν
211 1133 250 1151 σοι
277 1124 440 1151 ἀνυπόόυτον
465 1124 533 1160 (54)
557 1125 668 1157 ὁδεύειν,
696 1126 826 1160 γενναίως
849 1126 892 1153 ὲν-

104 1170 224 1208 ηχθήσῃ·
243 1171 266 1196 εί
278 1170 306 1197 δὲ
322 1171 428 1206 ἀνάγκη
442 1171 499 1197 ἐστὶ
515 1171 624 1203 πάντως
644 1171 811 1204 ύπο-ἰέεσθαι,
827 1171 892 1207 ψιλὰ

104 1216 211 1242 ἔσονταί
230 1224 276 1242 σου
291 1217 324 1243 τὰ
342 1216 502 1251 ὑποδήματα
513 1225 519 1231 ·
538 1218 585 1244 καὶ
607 1217 644 1253 μὴ
661 1217 721 1244 θέλε
741 1226 891 1245 κατακεκο-

107 1262 257 1297 σμημένοις
272 1262 440 1297 ὑποδήμασιν
460 1263 618 1298 ἑταιρισμοῦ
634 1263 769 1299 σχήμασιν
786 1264 893 1299 ὲπαιρί-

105 1307 208 1334 δεσθαι.
227 1308 289 1340 Τοῖς
306 1308 437 1343 παροῦσιν
449 1308 545 1344 ἀρκοῦ,
561 1309 614 1335 Καὶ
630 1309 677 1335 ἐὰν
693 1310 893 1345 περισσοτέρων

105 1353 197 1389 κρεῶν
219 1354 266 1380 καὶ
291 1353 370 1380 οἴνων
393 1353 458 1389 ἔχῃς
477 1354 624 1387 πολιτείαν,
642 1354 690 1380 καὶ
704 1354 823 1391 ἀπέλθῃς
846 1356 893 1382 ἐπὶ

106 1398 196 1433 ξένης,
216 1398 253 1434 μὴ
270 1398 386 1434 θελήσῃς
403 1399 498 1425 ἑαυτὸν
514 1399 676 1434 κομπάζειν,
700 1399 757 1426 ἀλλ’
775 1400 831 1431 ἴσος
849 1399 892 1434 γί-

105 1453 152 1471 νου
168 1446 223 1476 τοῖς
239 1444 361 1480 ἀδελφοῖς
371 1453 377 1459 ·
395 1442 462 1476 οἷον,
485 1445 532 1472 ἐὰν
554 1445 582 1471 ὲν
597 1444 722 1480 λαχάνοις
742 1445 891 1482 χρώμενος,

107 1491 155 1517 καὶ
175 1491 307 1526 ἐψήμασι,
328 1490 375 1518 καὶ
395 1492 419 1517 εί
439 1491 556 1525 ἀνάγκη,
578 1491 661 1526 γάρον
684 1491 792 1523 ἐσθίειν,
810 1491 826 1527 ἢ
847 1492 894 1518 καὶ

109 1535 198 1571 ἰχθύος
217 1535 445 1571 μεταλαμϐάνειν,
458 1535 505 1562 ἐὰν
519 1535 600 1571 θέλῃς
611 1545 617 1552 ·
633 1535 684 1568 ἕως
695 1536 788 1563 τούτου
801 1537 892 1572 μόνου,

107 1582 155 1608 καὶ¹
172 1581 251 1609 πάλιν
266 1582 382 1609 ἀνάλαϐε
396 1582 445 1617 τὴν
463 1581 574 1618 πρώτην
592 1581 719 1617 ἄσκησιν.
736 1577 830 1614 Πάλιν,
847 1583 894 1610 ἐὰν

106 1629 298 1665 ἀῤῥωστήσῃς,
313 1629 360 1656 καὶ
374 1629 460 1665 λάϐῃς
478 1627 543 1661 ὡοῦ,
560 1629 682 1664 ἁμαρτία
697 1630 748 1656 οὐκ
764 1629 836 1656 ἐστιν
846 1638 852 1644 ·
869 1630 894 1656 εί

106 1676 138 1703 δὲ.
163 1676 282 1711 ἡττηθῇς
303 1676 331 1702 ἐν
354 1677 387 1711 τῇ
406 1676 485 1710 νόσῳ,
510 1675 570 1711 [καὶ
592 1675 675 1712 λάϐῃς
699 1676 821 1702 πετεινοῦ
848 1676 895 1703 καὶ

107 1721 197 1757 κρεῶν
208 1721 405 1758 (55),]ἥττημα
421 1722 469 1758 μέν
485 1723 525 1750 σοί
541 1723 610 1754 ἐστι,
632 1723 669 1758 μὴ
683 1722 778 1759 λογίσῃ
789 1723 817 1749 δὲ
830 1722 896 1750 αὐτὸ

107 1768 244 1804 ἁμαρτίαν
253 1777 259 1782 ·
274 1768 357 1795 λυποῦ
372 1769 409 1800 δὲ,
421 1769 462 1795 ὅτι
474 1769 611 1806 ἀνεκόπης
625 1778 671 1796 σου
685 1769 734 1805 τῆς
748 1769 894 1802 πολιτείας,

107 1814 156 1841 καὶ
171 1815 360 1851 ὑπεχαλάσθης
374 1815 420 1841 τοῦ
438 1816 548 1845 στερεοῦ
564 1816 705 1853 λογισμοῦ.

141 1944 167 1971 6.
181 1945 213 1971 El
227 1944 256 1971 δὲ
271 1945 317 1971 ἐπὶ
328 1944 398 1980 νόσῳ
412 1945 596 1981 ἀναγκασθῇς,
612 1945 717 1982 λουτρῷ
730 1947 829 1982 χρήσῃ,
843 1946 895 1978 ἕως

108 1989 182 2023 ἅπαξ
197 1991 245 2017 καὶ
271 1990 326 2022 δίς·
353 1991 482 2025 ὑγιαίνων
509 1991 549 2024 δὲ,
576 1991 717 2027 βαλανείου
746 1992 776 2018 οὐ
802 1990 895 2027 χρείαν

108 2036 190 2072 ἔχεις.
208 2037 244 2064 Σὺ
260 2038 274 2064 ὁ
287 2036 409 2072 μονάςων
426 2037 473 2064 καὶ¹
488 2037 576 2073 ἱερεὺς
589 2037 740 2073 χαμευνίαν
756 2037 827 2069 θέλε,
847 2037 895 2063 ἐὰν

107 2081 142 2120 ᾖς
155 2083 233 2119 ὑγιής
244 2092 251 2098 ·
265 2084 318 2120 πρὸ
327 2084 427 2116 παντὸς
439 2083 467 2110 δὲ
477 2083 574 2119 τέχνην
588 2084 743 2120 ἐπιχειρεῖν.
762 2083 806 2110 Ἐν
818 2083 895 2119 ἀγρῷ

108 2129 235 2166 ἐργάζου,
252 2129 296 2156 ἴνα
314 2129 351 2165 μὴ
370 2129 463 2171 solm;
479 2129 562 2168 ἄρτον
581 2129 679 2164 ἀργόν·
702 2128 802 2165 μᾶλλον
817 2129 845 2155 δὲ
863 2130 895 2156 ὲκ

107 2174 162 2201 τῶν
176 2174 276 2211 χειρῶν
291 2183 337 2202 σου
355 2174 398 2210 ἔχε
413 2174 481 2211 πρὸς
495 2175 524 2201 τὺ
540 2175 690 2202 ἀναπαύειν
706 2175 834 2209 ἀδελφοὺς
849 2175 896 2201 καὶ

108 2221 211 2255 ξένους,
223 2222 270 2248 καὶ
283 2222 307 2248 εί
322 2221 443 2254 δυνατὸν,
455 2222 552 2257 χήρας,
567 2222 614 2248 καὶ
629 2222 773 2257 ὀρφανοὺς,
790 2221 836 2247 καὶ
849 2229 895 2256 με-

944 300 1038 335 lugeas
1058 304 1180 335 peccata,
1203 306 1269 326 eave
1292 306 1326 327 ne
1345 299 1509 328 saccus.il-le
1523 299 1657 332 videatur,
1679 299 1728 328 sed

943 346 1120 373 absconditus
1131 346 1166 373 sit
1179 346 1303 373 interius.
1319 345 1357 373 Ne
1369 346 1485 380 pellibus
1502 346 1541 374 sis
1556 347 1681 378 amictus,
1698 350 1728 374 ut

942 398 977 418 ne
991 391 1025 418 ab
1038 391 1195 418 hominibus
1210 391 1325 426 gloriam
1339 391 1454 419 referas.
1469 390 1589 427 Capillos
1601 399 1635 419 ne
1651 392 1726 420 alas:

942 435 1078 471 ejusmodi
1097 437 1199 472 quippe
1227 440 1355 464 ornatum
1383 438 1507 473 praecidit
1534 438 1682 473 Apostolus
1692 438 1726 466 ὀι

942 481 981 510 Ne
995 483 1108 510 tondeas
1126 486 1256 515 mentum,
1277 490 1366 518 neque
1383 484 1615 512 circumtonsione
1639 489 1726 512 utare.

978 573 1005 601 5.
1023 573 1051 600 Si
1065 574 1154 609 possis
1166 574 1208 601 vel
1224 573 1392 602 hebdomade
1406 573 1510 610 integra
1531 575 1667 610 jejunare,
1679 583 1729 603 ne-

943 619 1008 646 mini
1024 619 1049 646 id
1063 619 1194 646 declares.
1208 618 1230 645 Α
1242 619 1371 647 carnibus
1383 619 1502 655 abstine,
1517 627 1571 647 non
1584 621 1668 655 utqui
1681 627 1728 648 eas

943 663 1100 695 detesteris,
1118 663 1165 691 sed
1181 668 1209 690 ut
1225 664 1272 699 qui
1284 664 1393 698 corpori
1408 654 1484 692 cibos
1498 665 1636 697 detrahas,
1648 655 1730 700 teque

943 711 1085 746 indignum
1104 719 1136 739 eo
1151 711 1281 744 mstimes,
1301 715 1383 746 atque
1401 716 1570 739 terrenorum
1597 712 1657 739 loco
1672 720 1729 740 cte-

943 757 1020 785 lcstia
1035 757 1295 793 appetas.Quisquis
1304 757 1385 793 306
1400 758 1471 785 enim
1486 758 1513 785 in
1530 759 1653 786 ciborum
1667 759 1727 786 lau-

943 803 1001 830 vitia
1030 804 1140 830 modum
1160 807 1243 836 tenet,
1272 803 1314 832 his
1337 804 1445 838 corpori
1473 803 1525 831 fert
1543 811 1622 839 opem
1640 807 1670 832 ut
1697 811 1728 833 se

943 849 1084 877 continere
1106 850 1202 884 possit.
1220 850 1240 876 A
1257 850 1320 876 vino
1335 850 1414 884 plane
1436 850 1552 883 abstine,
1570 851 1622 878 nisi
1640 851 1728 878 solum

943 897 974 921 ut
988 893 1123 930 degustes,
1139 899 1166 922 et
1177 895 1298 922 Creatori
1312 895 1371 930 ejus
1387 895 1542 923 bcnedicas.
1557 895 1634 929 Quod
1650 897 1673 923 si
1688 900 1729 930 tu,

943 940 1172 975 quemadmodum
1197 939 1367 973 Timotheus,
1384 941 1419 968 ob
1435 941 1547 968 nimiam
1562 943 1731 970 exercitatio-

943 994 1005 1013 nem
1026 987 1054 1013 in
1074 987 1184 1014 morbos
1204 986 1344 1018 incideris,
1363 987 1427 1014 vino
1441 987 1548 1014 modico
1560 991 1646 1020 utere,
1666 996 1730 1016 nam

943 1039 1025 1067 parce
1050 1035 1189 1066 sumptum
1213 1032 1349 1059 medicina
1374 1035 1433 1066 est;
1464 1032 1507 1059 sin
1528 1032 1614 1060 multo
1638 1036 1728 1066 utare,

943 1082 1074 1112 utrasque
1091 1078 1140 1105 tibi
1155 1077 1330 1106 infirmitates
1350 1077 1463 1105 induces
1482 1087 1489 1104 :
1508 1078 1541 1105 ad
1561 1086 1645 1105 unum
1664 1086 1730 1106 vero

943 1123 986 1151 vel
1001 1123 1056 1150 duo
1070 1123 1166 1158 pocula
1183 1123 1269 1152 bibito
1281 1131 1369 1158 neque
1384 1124 1513 1158 amplius.
1530 1123 1558 1151 Si
1574 1124 1666 1152 valcas
1681 1132 1731 1152 nu-

943 1169 984 1196 dis
996 1169 1122 1196 incedere
1136 1169 1261 1204 pedibus,
1276 1177 1408 1204 generose
1418 1172 1444 1196 te
1462 1169 1552 1204 geris;
1569 1169 1611 1197 sin
1627 1170 1674 1197 tibi
1688 1178 1732 1198 nec

943 1215 1059 1243 cessitas
1081 1215 1161 1250 plane
1187 1215 1269 1242 fuerit
1296 1219 1326 1242 ut
1342 1215 1449 1243 calceos
1472 1222 1574 1247 sumas,
1595 1215 1731 1251 simplicia

943 1261 992 1288 tibi
1007 1263 1090 1288 sunto
1107 1261 1291 1288 calceamenta
1310 1269 1316 1287 :
1333 1261 1388 1288 noli
1412 1260 1516 1288 ornatis
1538 1261 1731 1289 calceamentis

943 1307 1113 1334 amasiorum
1129 1314 1204 1334 more
1218 1312 1243 1334 te
1254 1306 1360 1334 eﬂerre.
1373 1306 1434 1334 Sint
1449 1307 1497 1334 tibi
1512 1315 1555 1335 res
1566 1307 1669 1342 quaevis
1685 1307 1732 1334 ob-

943 1353 993 1380 via:
1003 1353 1079 1380 satis.
1098 1352 1210 1380 Etiamsi
1224 1353 1353 1381 carnibus
1368 1357 1394 1381 et
1412 1354 1474 1381 vino
1494 1358 1624 1389 tanquam
1637 1361 1731 1389 super-

944 1399 1071 1427 vacaneis
1085 1399 1221 1426 abstinere
1237 1399 1324 1427 soleas
1339 1407 1371 1426 ex
1397 1399 1523 1426 instituto
1541 1404 1598 1432 tuo,
1613 1407 1675 1426 cum
1690 1404 1731 1426 ta-

943 1453 1007 1472 men
1022 1445 1049 1472 in
1066 1445 1236 1480 pcregrinam
1252 1445 1391 1480 regionem
1419 1446 1599 1477 concesseris,
1619 1445 1676 1473 noli
1703 1449 1731 1474 te

941 1489 1056 1525 jactare,
1072 1490 1119 1517 sed
1138 1493 1199 1517 esto
1218 1489 1348 1517 fratribus
1366 1490 1488 1525 aequalis,
1510 1491 1630 1518 oleribus
1656 1491 1732 1518 vide-

947 1535 1011 1562 licet
1025 1541 1114 1568 utens,
1129 1537 1270 1571 coctisque
1285 1535 1365 1568 cibis,
1378 1535 1432 1562 imo
1440 1535 1621 1570 si,neccssum
1634 1535 1670 1562 sit
1685 1543 1732 1570 ga-

944 1589 1004 1609 rIrm
1018 1581 1129 1609 comede
1142 1587 1168 1610 et
1185 1583 1260 1617 pisce
1273 1589 1394 1614 vescere,
1409 1581 1433 1608 si
1448 1581 1566 1609 volueris
1580 1590 1587 1614 ;
1617 1581 1665 1609 sed
1682 1589 1732 1616 pro

945 1635 976 1654 ea
991 1627 1050 1654 vice
1063 1627 1162 1660 solum,
1178 1635 1209 1655 ac
1220 1635 1329 1655 rursum
1347 1626 1490 1662 pristinam
1508 1634 1615 1654 resume
1625 1626 1732 1654 exerci-

945 1673 1086 1700 tationem.
1103 1672 1131 1700 Si
1155 1676 1273 1708 aegrotus
1296 1681 1376 1700 ovum
1398 1672 1561 1705 comederis,
1590 1676 1732 1707 peccatum

945 1726 999 1745 non
1013 1723 1069 1751 est;
1084 1718 1131 1747 sed
1145 1719 1167 1746 si
1183 1719 1211 1746 in
1225 1719 1321 1746 morbo
1329 1726 1416 1754 usque
1426 1725 1459 1746 eo
1471 1717 1600 1753 dejiciare
1617 1721 1646 1745 ut
1655 1724 1732 1745 avem

944 1768 971 1791 et
985 1772 1082 1792 carnes
1103 1756 1241 1797 comedas,
1258 1765 1349 1793 minus
1365 1764 1475 1801 quidem
1499 1763 1649 1799 perfectum
1666 1763 1732 1791 illud

944 1813 1000 1843 est;
1017 1818 1050 1837 ne
1065 1810 1199 1838 arbitrare
1220 1815 1311 1839 tamen
1335 1815 1478 1846 peccatum
1498 1818 1559 1839 esse
1576 1820 1583 1838 :
1601 1809 1650 1838 sed
1671 1810 1733 1838 dolo

945 1857 1016 1891 quod
1027 1856 1174 1892 pristinum
1189 1857 1250 1885 vita:
1267 1857 1422 1885 institutum
1444 1864 1498 1884 non
1512 1857 1592 1893 plane
1607 1864 1734 1885 servave-

944 1902 993 1934 ris,
1009 1906 1037 1929 et
1049 1911 1064 1930 a
1081 1903 1158 1931 firmo
1172 1904 1313 1939 proposito
1334 1903 1456 1939 dejectus
1474 1903 1523 1932 sis.

980 1948 1006 1975 6.
1020 1948 1048 1976 Si
1061 1949 1088 1976 in
1101 1950 1195 1978 morbo
1212 1950 1239 1978 id
1254 1951 1406 1979 necessitas
1422 1951 1550 1986 postulet,
1568 1959 1621 1979 una
1635 1954 1682 1978 aut
1691 1950 1733 1978 ala

947 1999 1007 2022 tera
1021 1996 1080 2023 vice
1097 1996 1194 2024 balneo
1208 2002 1293 2030 utere,
1310 2004 1394 2024 sanus
1408 2002 1497 2025 autem
1509 1997 1606 2025 balneo
1620 2005 1676 2024 non
1690 1997 1734 2024 in-

945 2041 1031 2076 diges.
1047 2041 1088 2069 Tu
1106 2043 1238 2070 monache
1252 2047 1279 2071 et
1294 2043 1434 2076 sacerdos,
1449 2043 1525 2071 humi
1540 2044 1649 2076 cubato,
1666 2043 1733 2071 dum

945 2095 1029 2116 sanus
1048 2095 1163 2124 corpore
1184 2089 1244 2117 sis:
1261 2088 1288 2116 in
1309 2090 1404 2125 primis
1420 2097 1485 2118 vero
1509 2094 1595 2117 artem
1612 2089 1732 2125 aliquam

945 2141 1082 2161 exerceas.
1105 2133 1135 2160 lu
1151 2141 1216 2170 agro
1235 2134 1339 2168 labora,
1366 2143 1399 2162 ne
1414 2142 1511 2170 panem
1536 2135 1623 2164 otiose
1639 2143 1732 2163 come-

945 2178 1013 2211 das;
1030 2179 1085 2205 imo
1107 2186 1138 2206 ex
1154 2186 1282 2206 manuum
1298 2182 1407 2206 tuarum
1424 2179 1516 2208 labore
1532 2179 1634 2207 habeas
1660 2179 1732 2207 unde

946 2224 1045 2252 fratres
1057 2225 1232 2260 hospitesque
1248 2224 1366 2257 reficias,
1380 2229 1407 2252 et
1425 2225 1448 2252 si
1466 2225 1581 2253 facultas
1596 2225 1674 2257 ferat,
1690 2225 1732 2252 vi-

107 2268 209 2303 τρίους.
224 2268 279 2294 Καὶ
290 2268 313 2294 εί
329 2268 377 2302 μὲν
393 2268 493 2303 μεταξὺ
508 2267 562 2294 τῶν
574 2267 723 2302 ἀνθρώπων
737 2268 831 2299 οἰκεῖς,
846 2268 892 2294 καὶ

945 2271 1024 2304 duas,
1042 2271 1179 2306 orphanos
1197 2275 1224 2298 et
1252 2278 1362 2306 egenos.
1380 2270 1458 2304 Quod
1473 2271 1496 2298 si
1523 2271 1594 2299 inter
1609 2271 1733 2299 homines

108 2312 180 2347 ἔχεις
207 2312 315 2348 χωρίον,
341 2313 400 2348 ἦτοι
423 2312 555 2348 γεώργιον
578 2312 760 2348 ἐργάζεσθαι·
784 2313 894 2345 δικαίως

110 2358 233 2392 συνάγων
251 2358 383 2394 καρποὺς,
404 2359 450 2384 καὶ
466 2358 503 2393 μὴ
520 2357 588 2392 ἔχων
606 2367 632 2384 τι
652 2358 768 2390 ἀδικίας,
787 2358 894 2394 πρῶτον

111 2404 162 2440 μὲν
178 2403 226 2436 τὰς
237 2403 363 2439 ἀπαρχὰς
374 2405 429 2435 τοῖς
442 2403 543 2439 ἱερεῦσι
559 2403 696 2439 πρόσφερε
706 2412 713 2418 ·
726 2403 821 2430 ἔπειτα
834 2403 895 2430 θέλε

109 2450 157 2477 καὶ
171 2451 258 2486 χήρας
272 2451 430 2482 ἀναπαύειν,
445 2450 493 2476 καὶ
507 2451 641 2485 ὀρφανοὺς
656 2449 702 2476 καὶ
716 2450 826 2482 λοιποὺς
841 2450 895 2476 ἀπὸ

107 2497 221 2524 δικαίων
247 2496 346 2528 πόνων,
373 2496 409 2532 μὴ
436 2496 490 2522 ἀπὸ
513 2496 600 2522 τόκων
624 2496 641 2532 ἢ
669 2495 854 2531 πλεονασμῶν,
878 2495 895 2531 ἦ

110 2543 316 2580 πραγματειῶν,
330 2542 347 2578 ἢ
361 2541 570 2578 διασεισμάτων.
584 2542 614 2568 Ei
629 2541 658 2568 δὲ
673 2542 713 2573 είς
727 2541 810 2576 μονὴν
830 2541 896 2568 καθ-

111 2589 172 2626 έζῃ,
190 2589 227 2624 μὴ
246 2588 341 2624 ὒῦριζε
359 2588 409 2623 τὴν
421 2588 536 2623 ἄσκησιν
549 2588 598 2623 τῆς
613 2587 706 2623 μονῆς.
723 2587 784 2614 Ἐὰν
797 2588 896 2624 χωρίον

111 2636 257 2671 κέκτησαι,
275 2636 303 2662 ὲν
320 2634 490 2671 μοναστηρίῳ
505 2633 663 2670 ἀναχωρῶν,
674 2634 724 2660 οὐκ
739 2633 895 2670 ἀνεχώρησέ

111 2690 164 2715 σοι,
181 2681 239 2708 ἀλλ’
255 2681 398 2717 ὲμπαίζεις
412 2682 459 2708 καὶ
474 2681 605 2717 ἐμπαίζῃ.
622 2680 811 2716 Καθεζόμενος
827 2681 854 2708 δὲ
867 2682 896 2708 ὲν

163 2772 187 2788 ’⁸
206 2772 215 2799 l
231 2773 294 2801 Cor.
314 2781 359 2804 n,
380 2771 423 2799 Η.

108 2863 246 2895 scribunt,
258 2865 289 2889 ut
302 2862 419 2889 litteram
432 2870 447 2888 ο
461 2861 637 2897 subsequenti
656 2862 794 2897 copulant.
823 2860 895 2896 quod

109 2898 268 2934 properanti
285 2904 345 2934 mos
360 2900 413 2928 est.
430 2896 544 2934 caudam
557 2897 630 2932 parti
645 2896 778 2933 superiori
799 2897 896 2925 littera

108 2931 125 2960 ὃ
144 2931 258 2970 ponant,
269 2935 297 2960 et
307 2932 347 2959 sic
360 2939 376 2957 σ
389 2939 458 2966 pene
469 2931 599 2959 referant.

271 2978 408 3010 PATBOL.
424 2978 484 3009 Gn.
506 2977 653 3010 XXVIII.

944 2317 1077 2350 quosdam
1095 2315 1213 2347 habitas,
1240 2315 1342 2350 tibique
1356 2315 1445 2349 locus,
1474 2324 1522 2344 seu
1534 2323 1598 2352 ager
1613 2317 1733 2351 suppetit

944 2361 978 2389 ad
998 2361 1188 2394 laborandum,
1204 2361 1309 2389 fructus
1321 2361 1395 2396 juste
1409 2366 1435 2389 et
1450 2362 1553 2398 absque
1567 2363 1620 2389 ulla
1632 2362 1734 2398 injuria

945 2408 1076 2443 colliges;
1097 2407 1287 2443 primitiasque
1304 2411 1366 2434 ante
1378 2408 1469 2435 omnia
1486 2408 1674 2436 sacerdotibus
1690 2408 1734 2436 of-

946 2455 1019 2482 feras
1037 2463 1043 2480 :
1062 2454 1160 2482 dehinc
1181 2454 1279 2485 viduis.
1294 2454 1435 2490 orphanis,
1449 2454 1563 2490 aliisque
1581 2454 1680 2490 largire
1697 2463 1732 2482 ex

944 2499 1026 2535 justis
1037 2499 1176 2527 laboribus
1188 2507 1243 2527 non
1266 2507 1299 2527 ex
1322 2499 1426 2532 fenore,
1441 2499 1482 2528 vel
1495 2507 1529 2527 ex
1546 2499 1630 2526 nimia
1645 2499 1733 2526 abun-

946 2545 1049 2577 dantia,
1064 2545 1105 2572 vel
1119 2553 1151 2573 ex
1162 2545 1357 2581 negotiatione,
1372 2545 1413 2573 vel
1426 2553 1459 2573 cx
1473 2545 1645 2572 tumultibus.
1663 2544 1691 2571 Si
1703 2544 1733 2571 in

946 2591 1114 2619 monasterio
1129 2591 1217 2627 degis,
1236 2600 1270 2620 ne
1290 2591 1452 2620 monasterii
1467 2591 1597 2619 exercitia
1614 2594 1734 2618 contem-

946 2643 991 2664 ne.
1007 2635 1084 2669 Quod
1099 2636 1121 2664 si
1141 2643 1204 2664 cum
1230 2636 1258 2664 in
1286 2636 1481 2664 monasterium
1507 2635 1613 2664 secedis
1637 2642 1732 2671 agrum

946 2681 1081 2716 possides,
1102 2689 1273 2718 nequaquam
1289 2682 1405 2716 secedis,
1420 2682 1468 2711 sed
1483 2681 1576 2710 illudis
1593 2685 1674 2717 atque
1695 2681 1732 2709 il-

983 2861 1040 2896 (σι)
1056 2860 1235 2896 ζᾼνυπόδητον

984 2897 1041 2932 (ὃὸὶ
1057 2895 1120 2925 Haec
1133 2895 1214 2925 verba
1229 2896 1307 2926 uncis
1321 2896 1428 2926 inclusa
1444 2897 1560 2926 restitui.

1558 2975 1610 3017 .27
