1940 3068
222 183 274 212 8ιῖ

787 180 815 208 S.
831 179 1059 207 ATHANASIUS.
1080 195 1114 200 —
1134 178 1268 207 SPURlA.

1776 177 1835 206 8H

223 240 334 268 luderis.
351 239 380 266 In
392 238 556 265 monasterio
572 244 633 264 cum
648 236 723 271 degis
743 237 798 264 noli
810 242 913 265 otiosus
927 245 998 270 esse,

1054 237 1235 272 μοναστηρίῳ,
1263 237 1300 271 μὴ
1327 234 1386 262 θέλε
1409 233 1476 262 εἶναι
1503 234 1585 269 ἀργὸς
1604 232 1650 261 καὶ
1671 234 1722 260 ὑπὸ
1743 234 1835 262 ἄλλων

222 287 260 312 ita
274 290 303 312 ut
322 284 367 311 alii
392 287 418 311 te
431 282 581 316 alant;sed
610 289 659 318 par
673 286 715 310 est
736 286 762 310 te
780 286 826 310 aut
847 287 931 310 artem
947 283 998 309 ali—

221 338 300 365 quam
316 329 424 362 callere,
440 329 613 364 autoperari,
642 333 672 356 ut
688 328 874 364 quotidianum
890 328 938 355 tibi
959 329 999 355 ci-

222 377 284 404 bum
298 383 448 410 compares.
460 374 495 402 'Si
508 375 631 410 juniores
650 380 737 403 tecum
754 375 864 406 fuerint,
882 375 999 410 primum

222 422 333 449 humilis
344 427 414 453 esto,
426 430 514 456 neque
527 422 654 456 magister
668 429 729 448 esse
742 421 876 455 optaveris
892 430 898 448 :
917 421 963 448 sed
977 420 1000 447 si

222 467 322 495 videris
337 467 441 495 animas
456 473 501 494 tua
515 467 719 494 conversatione
732 467 846 494 salutem
858 466 1000 501 consequi,

187 531 195 536 ι
223 517 304 548 atque
326 513 443 540 volueris
462 514 582 548 quinque
602 513 700 540 talenta
718 516 828 548 accepta
851 512 1000 546 duplicare,

223 561 328 586 animas
341 566 405 586 cura
420 564 508 586 tecum
520 561 670 589 versantes,
687 562 714 585 et
726 557 850 593 juniores
861 558 1001 592 compelle,

223 610 252 631 ut
269 605 383 640 quisque
399 611 521 632 seorsum
541 604 629 639 degat,
645 612 733 638 neque
750 611 802 630 una
825 604 1001 631 confabulen-

225 654 278 680 tur,
299 653 346 676 aut
361 657 414 676 una
427 652 579 681 versentur,
599 653 710 683 excepta
726 649 812 676 solum
836 657 940 682 mensa,
959 657 1004 684 sy-

224 695 298 727 naxi,
318 698 345 722 et
367 694 526 730 psalmodia,
542 699 572 721 ut
590 695 661 721 inter
678 694 864 721 dormiendum
888 695 1003 730 propriis

223 741 286 776 quis
302 741 468 768 indumentis
483 740 598 767 amictus
614 741 658 773 sit,
673 745 700 768 et
716 741 875 768 sticharium
905 741 1004 776 singuli

224 796 314 820 suum,
323 795 485 822 saccumque
497 787 684 814 absconditum
695 787 839 819 retineant,
849 790 878 813 ut
891 787 913 814 si
925 787 1006 814 fuerit

224 839 306 860 noctu
315 833 460 865 orandum,
473 834 559 868 parati
573 833 753 860 inveniantur.
767 832 853 868 Vigila
868 833 1006 861 moderate

224 879 251 906 in
269 879 381 914 psalmis
407 882 433 905 et
456 879 604 913 precibus:
625 877 743 905 interdiu
763 886 827 906 vero
852 878 1006 914 frequenter

223 931 281 956 ora,
299 931 335 952 ne
358 928 447 951 tamen
474 924 579 959 prolixa
606 925 642 951 sit
656 924 753 956 oratio,
768 931 801 951 ne
821 924 950 957 clamosa,
966 933 1000 953 ne

224 970 369 997 multorum
385 969 559 1011 inaniumque
571 970 724 997 verborum.
737 969 804 997 Cum
817 970 1001 999 moderatione

223 1015 404 1050 psallendum,
429 1023 462 1042 ne
478 1015 600 1043 molestia
613 1016 709 1042 animae
724 1015 883 1043 afﬁciantur.
900 1016 1002 1045 Pueros

223 1061 257 1088 ad
274 1061 410 1088 silentium
425 1061 545 1088 institue.
569 1060 598 1087 ln
614 1068 761 1095 cauponam
777 1069 811 1088 ne
826 1069 943 1096 unquam
958 1062 1001 1088 in-

223 1106 362 1141 grediare;
376 1106 422 1133 sed
439 1106 462 1132 si
480 1105 630 1133 necessitas
646 1105 672 1132 id
690 1106 817 1140 postulet,
836 1106 858 1133 si
874 1106 901 1133 in
911 1110 1002 1134 extra-

223 1159 275 1179 nea
289 1151 399 1186 regione
412 1151 540 1182 versaris,
567 1155 648 1185 atque
669 1151 730 1178 cibo
744 1152 786 1179 vel
801 1156 866 1186 potu
878 1159 947 1186 opus
959 1155 1001 1180 est

225 1196 287 1229 tibi,
305 1200 423 1231 emptum
441 1196 527 1228 mitte,
543 1200 570 1223 et
583 1196 610 1223 in
625 1196 740 1224 ecclesia
753 1197 874 1229 comede,
888 1197 948 1225 loco
959 1205 1002 1225 se-

224 1245 318 1268 moto:
335 1241 358 1268 si
372 1240 446 1268 nulla
460 1248 493 1268 eo
516 1241 576 1268 loco
598 1240 680 1268 fuerit
705 1241 830 1273 ecclesia,
848 1247 893 1269 aut
908 1242 1002 1269 ortho-

166 1283 172 1291 '
223 1286 358 1314 doxorum
383 1286 490 1318 domus,
509 1294 706 1322 accessumque
730 1286 780 1313 tibi
805 1286 841 1314 sit
864 1287 892 1313 in
912 1287 1002 1315 diver-

224 1332 327 1360 sorium
352 1331 466 1367 ingredi,
492 1332 520 1359 in
546 1332 696 1360 diversorio
719 1340 829 1360 maneas
858 1333 904 1360 ubi
921 1334 1002 1361 nullae

224 1380 280 1408 sint
291 1378 430 1411 mulieres,
449 1386 535 1414 neque
549 1387 690 1414 caupona:
705 1379 785 1415 idque
799 1387 861 1407 cum
873 1386 999 1408 maerore.

259 1467 285 1495 7.
296 1467 324 1494 Si
333 1466 465 1502 ejusmodi
479 1472 612 1502 praecepta
623 1475 684 1494 cum
693 1468 855 1501 servaveris,
868 1472 894 1496 et
907 1476 921 1495 a
932 1476 1001 1504 prte-

224 1513 305 1541 dietis
319 1514 440 1549 peccatis
455 1514 559 1541 caveris
569 1533 576 1546 ,
593 1514 620 1540 in
636 1513 697 1545 ﬁde,
718 1514 843 1542 castitate
857 1518 883 1542 et
897 1522 929 1542 eo
940 1515 1001 1543 vita

224 1560 360 1591 instituto,
377 1560 415 1586 uti
438 1559 567 1591 diximus,
598 1567 708 1587 cursum
736 1559 858 1594 impleas,
886 1559 998 1595 gradum

223 1605 274 1632 tibi
297 1613 423 1640 magnum
439 1608 466 1632 et
486 1605 588 1632 bonum
604 1605 740 1640 acquires.
759 1605 822 1632 llaec
840 1606 1001 1640 supradicta:

221 1650 284 1678 ﬁdei
299 1655 442 1685 praecepta,
458 1653 485 1677 et
494 1649 574 1684 307
589 1650 802 1682 observationes,
821 1657 890 1685 quas
905 1650 928 1677 si
940 1657 1002 1685 per-

223 1697 332 1730 feceris,
342 1697 473 1731 ﬁdemque
486 1696 649 1728 servaveris,
662 1696 716 1723 eris
730 1696 880 1730 discipulus
896 1696 1002 1724 Domini

224 1743 309 1771 nostri
323 1742 387 1770 Jesu
398 1742 509 1770 Christi.
521 1741 598 1774 Quod
610 1741 632 1768 si
644 1741 705 1776 quis
717 1741 879 1775 supradictis
893 1746 1002 1768 contra-

224 1787 308 1819 dicat,
320 1786 374 1814 Deo
388 1785 557 1813 contradicit.
571 1785 681 1812 Evolvat
697 1786 742 1813 ille
758 1786 863 1814 divinas
881 1785 1003 1822 Scriptu-

224 1840 281 1864 ras,
297 1836 323 1860 et
338 1832 468 1866 intelligat
492 1831 666 1859 traditionem
686 1831 822 1862 Ecclesiae,
847 1839 879 1858 ac
894 1833 1002 1860 demum

224 1881 370 1912 cognoscet
381 1877 437 1904 lirec
454 1877 545 1903 omnia
559 1877 718 1912 praecepisse
733 1877 885 1904 Dominum.
897 1877 952 1906 Nos
971 1886 1004 1906 ne

225 1923 360 1958 longiores
383 1930 517 1954 essemus,
555 1922 709 1949 testimonia
739 1930 795 1950 non
814 1923 1002 1957 produximus.

225 1967 362 1995 Hactenus
376 1971 508 2003 praecepta
523 1968 672 1996 monachos
686 1969 858 2004 reliquosque
868 1969 1002 1998 Christia-

226 2022 276 2042 nos
291 2014 450 2049 spectantia.

263 2143 289 2170 8.
304 2142 362 2170 Jam
376 2150 440 2171 vero
457 2143 480 2170 si
499 2142 626 2170 sacerdos
646 2142 781 2178 quispiam
802 2147 927 2171 accurate
941 2144 1006 2171 velit

223 2188 379 2215 sacerdotio
399 2187 485 2222 fungi,
502 2195 564 2215 cum
584 2187 770 2222 superioribus
792 2187 943 2221 prmceptis,
960 2195 1005 2214 so-

224 2234 301 2262 brius
312 2234 357 2267 sit,
368 2234 487 2265 sedulus,
500 2233 616 2268 patiens,
627 2237 795 2264 mansuetus,
810 2233 1003 2268 orplianorum,
1022 2252 1042 2278 Β

224 2287 384 2314 pauperum,
399 2279 545 2313 hospitum,
562 2279 694 2306 bonorum
707 2285 812 2310 amans,
828 2279 947 2314 quietus,
960 2279 1004 2305 tir-

225 2331 287 2350 mus
310 2323 370 2355 ﬁde,
394 2323 538 2354 sententia,
559 2323 652 2355 verbo,
677 2323 816 2350 abstinens
839 2331 854 2350 a
880 2324 1001 2354 muliere,

225 2377 331 2404 gregem
364 2376 417 2396 non
441 2369 572 2404 negligat,
597 2376 629 2395 ne
654 2370 806 2404 quempiam
831 2374 1002 2401 exsecretur,

225 2420 370 2450 personam
386 2422 420 2441 ne
442 2415 567 2448 accipiat,
591 2421 686 2441 omnes
709 2418 854 2449 coarguat;
880 2421 914 2441 ne
932 2415 1004 2441 sinat

225 2460 307 2487 ullam
324 2459 476 2486 scabiosam
496 2459 523 2486 in
542 2459 606 2486 ovili
629 2467 717 2489 ovem,
734 2459 779 2486 sed
801 2467 850 2494 per
871 2461 1004 2495 poeniten-

223 2505 288 2532 tiam
304 2508 399 2540 purget
416 2505 500 2536 illam,
513 2507 594 2539 atque
609 2505 646 2531 ita
660 2505 688 2531 in
702 2505 772 2532 ovile
785 2505 899 2540 recipiat
911 2515 917 2532 :
935 2506 1003 2533 sciat

223 2559 278 2586 quo
300 2554 380 2585 pacto
398 2551 518 2586 singulos
531 2558 642 2585 pascere
656 2560 663 2578 :
679 2558 739 2585 quae
755 2555 888 2586 praecepta
902 2551 1003 2584 viduis,

223 2603 283 2631 quae
297 2596 448 2627 monachis,
463 2604 523 2630 quae
545 2597 631 2627 laicis,
653 2604 713 2632 quae
728 2597 931 2625 catechumenis
946 2602 1004 2624 tra-

222 2642 287 2669 dere
302 2642 406 2670 debeat.
428 2643 554 2670 Mulieres
572 2645 642 2670 vetet
656 2643 682 2669 in
697 2642 813 2670 ecclesia
830 2651 943 2678 prorsus
963 2643 999 2670 lo‘

223 2687 269 2722 qui
289 2689 322 2719 ¹¹,
339 2688 385 2715 sed
401 2696 507 2722 semper
527 2689 606 2715 silere
623 2688 716 2723 jubeat
740 2692 767 2716 et
785 2695 864 2716 orare
877 2707 884 2720 ,
908 2696 958 2716 nec
978 2697 1004 2717 ει

222 2740 291 2759 auro
313 2734 489 2768 vestibusque
505 2741 647 2766 exornare,
666 2734 768 2762 vultum
781 2738 934 2769 contegere,
960 2741 1006 2763 aut

259 2812 281 2828 ²¹
301 2811 313 2838 Ξ
328 2812 392 2840 Cor.
411 2820 465 2844 xtv,
483 2812 529 2840 51.

257 2879 312 2917 (56)
329 2880 395 2907 Add.
412 2881 447 2916 μή

1049 281 1196 318 τρέφεσθαι
1208 290 1214 296 ·
1233 281 1299 308 ἀλλὰ
1319 280 1360 307 δεῖ
1379 280 1516 315 σεαυτὺνῆ
1530 281 1627 315 τέχνην
1656 279 1772 315 εῑδεῖν,ἢ
1787 280 1836 316 ὲρ-

1049 327 1220 362 γατεύεσθαι,
1234 327 1277 353 ἵνα
1291 335 1349 358 πως
1361 325 1408 362 τὴν
1420 326 1555 361 ἐφήμερον
1571 326 1760 362 προσπορήσῃς
1769 333 1837 361 τρο-

1050 373 1112 407 φήν.
1135 372 1291 408 Νεωτέρους
1305 372 1333 398 δὲ
1348 371 1394 397 ἐὰν
1410 371 1474 406 ἔχῃς
1498 371 1561 406 περὶ
1579 371 1701 404 σεαυτὸν,
1725 372 1836 407 πρῶτον

1052 417 1101 453 μὲν
1112 417 1324 452 ταπεινοφρόνει,
1341 417 1388 443 καὶ
1406 416 1443 452 μὴ
1461 416 1519 442 θέλε
1535 415 1603 443 εῖναι
1617 417 1772 448 διδάσκαλος
1783 425 1790 432 ·
1809 419 1836 444 ει

1050 463 1078 489 δὲ
1101 463 1157 498 ἴδῃς
1172 463 1260 498 ψυχὰς
1277 461 1432 498 σωζομένας
1454 462 1497 489 διὰ
1517 463 1566 497 τῆς
1585 463 1634 496 σῆς
1648 462 1834 497 ἀναστροφῆς,

1050 507 1192 535 τελειῶσαι
1207 508 1366 543 βουλόμενος
1382 507 1435 534 τῶν
1448 507 1527 534 πέντε
1541 507 1678 534 ταλάντων
1690 507 1722 534 τὰ
1740 507 1838 534 διπλά-

1053 562 1108 585 σια,
1123 552 1159 580 ὧν
1182 554 1306 590 εἴληφας,
1328 554 1445 589 μερίμνα
1467 553 1516 585 τὰς
1532 553 1595 588 περὶ
1620 553 1648 579 σὲ
1664 553 1762 588 ψυχὰς,
1787 554 1837 580 καὶ

1052 600 1183 634 ὲπίστυφε
1203 600 1265 631 τοὺς
1282 600 1428 634 νεωτέρους
1444 599 1552 631 ἰδιάζειν
1573 599 1686 625 ἕκαστον
1701 600 1790 626 αὐτῶν
1807 600 1837 626 ἐν

1053 652 1083 670 τε
1101 645 1134 679 τῇ
1152 643 1243 679 ὁμιλίᾳ
1256 644 1302 670 καὶ
1315 645 1343 670 ἐν
1357 645 1389 679 τῇ
1401 644 1567 680 ἀναστροφῇ,
1582 644 1666 679 χωρὶς
1683 644 1766 678 μόνης
1785 644 1836 678 τῆς

1053 689 1199 725 τραπέζης,
1217 691 1264 716 καὶ
1280 690 1424 722 συνάξεως,
1447 691 1492 716 καὶ
1513 689 1686 725 ψαλμῳδίας·
1703 690 1731 716 ὲν
1748 689 1776 716 δὲ
1796 690 1838 725 τῷ

1054 735 1157 766 ὐπνεῐν,
1174 734 1287 761 ἕκαστον
1308 735 1360 761 ἴδια
1383 734 1599 770 περιϐάλλεσθαι,
1618 734 1665 761 καὶ
1681 734 1793 761 ἕκαστον
1806 734 1838 760 τὸ

1057 780 1193 815 στιχὰριον
1216 780 1299 806 αὑτοῦ
1322 781 1404 815 ἔχειν,
1423 780 1484 815 ἦτοι
1507 780 1617 806 σακκίον
1633 780 1836 814 κεκρυμμένον,

1056 825 1110 857 ἵνα,
1128 825 1160 852 ἄν
1184 834 1234 852 που
1257 825 1323 860 εὔχῃ
1349 825 1454 858 νυκτὸς,
1470 825 1570 860 ἕτοιμοι
1588 825 1744 861 εὑρεθῶσιν.
1769 825 1837 852 Θέλε

1057 871 1204 906 ἀγρυπνεῖν
1225 871 1386 907 συμμέτρως
1403 872 1431 897 ἐν
1449 871 1564 906 ψαλμοῖς
1585 872 1632 898 καὶ
1655 871 1764 906 εὐχαῖςο
1788 870 1839 898 καὶ

1019 913 1038 940 Β
1053 917 1158 952 ἡμέρας
1182 916 1231 952 μὲν
1253 916 1379 951 εὔχεσθαι
1399 916 1519 948 πυκνῶς,
1541 918 1577 952 μὴ
1600 917 1730 953 χρονίζων
1752 917 1781 943 δὲ
1807 919 1838 943 ὲν

1053 962 1130 997 εὐχῇ,
1147 962 1163 997 ἢ
1178 962 1295 997 κράζων,
1314 962 1330 997 ἢ
1346 962 1528 997 βαττολογῶν’
1549 963 1710 998 συμμέτρως
1724 962 1752 989 δὲ
1769 962 1838 996 ψὰλο

1051 1007 1117 1040 λειν,
1137 1008 1179 1034 ἵνα.
1193 1008 1230 1043 μὴ
1243 1007 1426 1043 περικακῶσιν
1441 1009 1469 1034 αἱ
1479 1008 1573 1042 ψυχαί.
1585 1008 1649 1034 Θέλε
1663 1009 1691 1035 δὲ
1703 1009 1764 1040 τοῦς
1777 1009 1839 1035 παῖ-

1050 1053 1098 1085 δας
1115 1054 1295 1088 σιωπητικοὺς
1320 1053 1504 1089 προϐιϐάζειν.
1530 1054 1577 1085 Εἰς
1599 1054 1745 1090 καπηλεῖον
1765 1054 1837 1086 ὅλως

1051 1098 1173 1135 εἰσέλθῃς
1190 1099 1258 1134 (56)’
1275 1099 1330 1125 ἀλλ’
1345 1100 1369 1124 εί
1385 1099 1489 1135 ἀνάγκῆ
1505 1099 1626 1134 γένηται,
1639 1099 1685 1125 ἐπὶ
1699 1099 1776 1134 ξένης
1790 1107 1839 1132 γε-

1051 1145 1172 1180 νόμενος,
1187 1146 1234 1171 καὶ
1255 1145 1349 1180 χρείαν
1365 1145 1436 1180 ἔχεις
1456 1145 1603 1180 ἐδέσματος
1621 1145 1637 1180 ῆ
1661 1144 1751 1175 ποτοῦ,
1767 1145 1839 1171 ἀπο-

1052 1192 1158 1222 στείλας
1178 1191 1322 1226 ἀγόρασον,
1349 1192 1395 1218 καὶ
1411 1192 1439 1217 ἐν
1461 1190 1593 1226 ἐκκλησίᾳ
1612 1190 1681 1224 φάγε
1705 1190 1752 1217 καὶ
1779 1190 1837 1222 πίε,

1051 1238 1080 1263 ὲν
1099 1237 1173 1272 τόπῳ
1185 1238 1268 1272 αὐτῆς
1281 1237 1529 1273 ἀνακεχωρημένιμ’
1549 1237 1596 1262 ἐὰν
1609 1236 1636 1262 δὲ
1652 1236 1689 1272 μὴ
1737 1235 1839 1270 ἐκκληι

1052 1283 1096 1310 σία
1107 1284 1135 1310 ἐν
1152 1283 1190 1318 τῷ
1212 1284 1295 1318 τόπῳ,
1314 1284 1382 1318 μηδὲ
1403 1284 1476 1310 οἰκία
1496 1282 1652 1318 ὀρθοδόξων,
1667 1282 1714 1308 καὶ
1729 1281 1838 1316 ἀνάγκη

1051 1337 1092 1354 σοι
1103 1329 1223 1363 γένηται,
1239 1329 1286 1355 καὶ
1301 1318 1479 1364 Eisele-ging
1488 1329 1654 1363 πανδοχεῖον,
1667 1328 1727 1355 θέλε
1743 1328 1837 1363 μένειν

1051 1375 1080 1402 ἐν
1097 1375 1255 1410 πανδοχείῳ,
1277 1376 1344 1402 ὅπου
1365 1377 1414 1402 οὐκ
1435 1376 1487 1402 εἰσὶ
1506 1377 1643 1412 γυναῖκες,
1663 1374 1724 1401 οὔτε
1745 1383 1838 1410 καπη-

1051 1419 1135 1447 λεῖον·
1148 1421 1194 1448 καὶ
1206 1421 1285 1447 τοῦτο
1302 1421 1370 1456 μετὰ
1384 1421 1479 1457 λύπης.

1087 1466 1114 1493 7.
1138 1466 1200 1492 Ἐὰν
1217 1464 1273 1498 οὖν,
1287 1466 1336 1498 τὰς
1357 1467 1557 1502 προειρημένας
1579 1467 1687 1498 ἐντολὰς
1701 1465 1836 1501 φυλάξας,

1052 1511 1099 1537 καὶ
1115 1511 1168 1538 τῶν
1185 1512 1389 1547 προειρημένων
1411 1512 1574 1548 σφαλμάτων
1591 1512 1684 1539 ἑαυτὸν
1700 1512 1834 1547 τηρήσας,

1054 1557 1099 1584 τὸν
1113 1557 1209 1592 δρόμον
1225 1558 1370 1593 τελειώσῃς
1389 1559 1417 1584 ὲν
1440 1559 1528 1585 πίστει
1542 1567 1571 1585 τε
1587 1559 1633 1585 καὶ
1649 1558 1776 1593 ἁγνότητι
1786 1557 1837 1584 καὶ

1053 1602 1185 1638 πολιτείᾳ,
1208 1603 1279 1629 κατὰ
1297 1603 1327 1629 τὺ
1339 1603 1497 1639 εἰρημένον·
1515 1603 1616 1638 βαθμὸν
1630 1603 1735 1638 σεαυτῷ
1748 1602 1835 1638 μέγαν

1052 1647 1098 1674 καὶ
1116 1647 1216 1682 ἀγαθὸν
1231 1649 1404 1684 περιποιήσῃ.
1422 1649 1505 1675 Αὺταί
1520 1650 1587 1675 εἰσιν
1602 1649 1629 1675 αἱ
1642 1649 1690 1684 τῆς
1706 1657 1838 1684 προειρη-

1053 1693 1137 1729 μένης
1149 1693 1266 1725 πὶστεως
1282 1694 1387 1721 ἐντολαὶ
1403 1694 1452 1721 καὶ
1466 1694 1714 1730 παραφυλάγματα,
1732 1694 1768 1725 ἃς
1787 1694 1836 1720 ἐὰν

1053 1740 1177 1774 ποιήσῃς,
1196 1740 1243 1766 καὶ
1256 1740 1304 1775 τὴν
1323 1740 1412 1766 πίστιν
1431 1741 1561 1776 τηρήσῃς,
1579 1739 1627 1775 ἔσῃ
1648 1739 1770 1775 μαθητὴς
1786 1738 1837 1765 τοῦ

1052 1784 1153 1821 Κυρίου
1175 1785 1252 1820 ἡμῶν
1273 1785 1360 1821 Ἰησοῦ
1379 1785 1508 1821 Χριστοῦ.
1535 1787 1566 1812 Et
1583 1785 1612 1811 δέ
1634 1793 1675 1816 τις
1699 1785 1836 1818 ἀντιλέγει

1052 1831 1108 1861 τοῖς
1122 1829 1338 1864 προειρημένοις,
1355 1829 1414 1864 Θεῴ
1434 1831 1508 1856 ἐστιν
1525 1829 1680 1864 ἀντιλέγων.
1697 1829 1835 1864 Ψηλαφή-

1053 1883 1094 1901 σει
1108 1874 1163 1910 γὰρ
1173 1874 1222 1905 τὰς
1235 1875 1308 1906 Θείας
1321 1875 1441 1910 Γραφὰς,
1453 1876 1499 1902 καὶ
1511 1876 1672 1910 κατανοήσει
1684 1875 1733 1909 τὴν
1747 1875 1839 1909 παρά-

1052 1919 1123 1946 δοσιν
1147 1920 1198 1954 τῆς
1220 1920 1392 1956 Ἐκκλησίας,
1415 1921 1463 1947 καὶ
1482 1921 1536 1956 ἔχει
1553 1921 1681 1951 συνιέναι,
1703 1921 1744 1946 ὃτι
1770 1921 1836 1956 περὶ

1053 1966 1153 1993 τούτων
1167 1966 1234 1992 ὅλων
1251 1966 1400 1993 ἐντέλλεται
1417 1967 1431 1993 ὁ
1446 1966 1556 2002 Κύριος.
1577 1967 1670 2001 Ἡμεῖς
1690 1965 1728 1997 δὲ,
1741 1965 1784 1991 ἴνα
1797 1965 1836 2001 μὴ

1055 2011 1312 2047 μακρολογήσωμεν,
1339 2011 1388 2043 τὰς
1419 2012 1570 2047 μαρτυρίας
1597 2013 1646 2038 οὐκ
1675 2010 1835 2045 ὲξεθέμεθα.

1054 2057 1109 2084 Καὶ
1123 2055 1202 2084 αὗται
1219 2058 1268 2092 μὲν
1281 2059 1307 2084 αἱ
1322 2057 1424 2084 ἐντολαὶ
1439 2057 1581 2093 μονάζουσι
1596 2057 1642 2084 καὶ
1653 2057 1755 2088 λοιποῖς
1769 2057 1838 2092 Χρι⁶

1057 2104 1175 2134 στιανοῖς
1186 2103 1336 2130 εὐλαϐέσιν.

1089 2148 1116 2175 8.
1129 2148 1159 2174 Εἰ
1175 2148 1203 2174 δέ
1215 2157 1257 2180 τις
1275 2148 1363 2184 ἱερεὺς
1377 2147 1498 2183 ἀκριϐῶς
1513 2147 1577 2184 θέλῃ
1590 2147 1747 2183 ἱερατεύειν,
1768 2147 1838 2182 μετὰ

1054 2193 1107 2219 τῶν
1124 2194 1327 2229 προειρημένων
1349 2194 1463 2220 ἐντολῶν
1476 2213 1482 2225 ,
1501 2194 1557 2229 ἤτω
1582 2193 1709 2228 νηφάλιος
1721 2213 1728 2224 ,
1753 2201 1837 2219 σπου-

1055 2238 1137 2270 δαῖος,
1151 2238 1319 2271 ἀνεξίκακος,
1332 2238 1459 2274 χρηστὸς,
1472 2238 1644 2274 φιλόρφανος,
1656 2237 1836 2275 φιλόπῖωχος,

1056 2283 1190 2317 φιλόξενος
1202 2303 1208 2314 ,
1227 2284 1374 2318 φιλάγαοος
1387 2305 1394 2316 ,
1409 2285 1509 2320 ἥσυχος
1520 2305 1527 2317 ,
1543 2284 1650 2319 στερεὸς
1671 2283 1761 2309 πίστει
1789 2283 1837 2309 καὶ

1057 2329 1152 2364 γνώμῃ
1169 2329 1216 2355 καὶ
1230 2329 1310 2364 λόγῳ,
1328 2329 1494 2365 ἀπεχόμενος
1507 2329 1650 2363 γυναικὸς,
1667 2329 1704 2363 μὴ
1728 2328 1837 2362 ἀμελῶν

1056 2374 1102 2400 τοῦ
1117 2375 1252 2409 ποιμνίου,
1269 2374 1306 2410 μὴ
1323 2374 1530 2410 βδελυσσόμενος
1542 2383 1603 2401 τινα
1614 2383 1620 2389 ·
1640 2374 1676 2409 μὴ
1694 2382 1839 2408 προσωποα

1057 2419 1177 2454 ληπτεῖν,
1195 2420 1338 2455 ἐλέγχοντα
1350 2421 1396 2447 ἐπὶ
1413 2421 1530 2452 πάντων,
1544 2421 1581 2456 μὴ
1594 2421 1640 2455 ὲᾷν
1655 2420 1757 2455 ψωριὺν
1770 2420 1838 2456 πρό-

1057 2464 1138 2491 ϐατον
1156 2466 1184 2492 ὲν
1209 2467 1241 2501 τῇ
1261 2466 1362 2502 ποίμνῃ
1374 2486 1380 2498 ,
1402 2466 1469 2493 ἀλλὰ
1485 2467 1624 2501 καθαίρειν
1643 2465 1749 2500 πρῶτον
1768 2466 1839 2501 μετὰ

1057 2511 1207 2545 μετανοίας,
1222 2511 1269 2538 καὶ
1283 2511 1342 2538 τότε
1360 2512 1485 2546 συνάγειν
1507 2512 1534 2538 ὲν
1549 2513 1580 2546 τῇ
1599 2511 1703 2546 μάνδρᾳ.
1714 2520 1720 2527 -
1736 2511 1838 2539 εἰδέναι

1054 2555 1167 2582 ἕκαστον
1178 2557 1216 2588 ὡς
1230 2557 1383 2592 ποιμαίνειν
1390 2557 1430 2584 δεῖ
1440 2578 1448 2591 ,
1466 2557 1492 2584 τι
1503 2557 1531 2583 δὲ
1545 2558 1603 2588 ταῖς
1618 2557 1714 2592 χήραις
1729 2565 1839 2592 παραγ-

1055 2601 1159 2635 γέλλειν
1170 2621 1177 2633 ,
1195 2602 1220 2628 τί
1239 2604 1363 2638 μοναχοῖς
1375 2623 1382 2635 ,
1394 2603 1420 2629 τι
1433 2603 1534 2634 λαῖκοῖς
1544 2623 1552 2635 ,
1568 2603 1594 2629 τί
1613 2602 1837 2637 κατηχουμένοις.

1056 2647 1164 2681 Γυναιξὶ
1176 2647 1204 2674 δὲ
1218 2649 1416 2684 παραγγέλλειν
1430 2650 1458 2676 ὲν
1470 2648 1600 2685 ἐκκλησίᾳ
1609 2649 1646 2684 μὴ
1657 2648 1745 2675 λαλεῖν
1757 2648 1839 2681 ὅλως,

1056 2692 1112 2718 ἀλλ’
1126 2693 1154 2719 έν
1167 2693 1232 2719 πᾶσι
1248 2694 1326 2728 σιγᾷν
1340 2694 1386 2721 καὶ
1403 2693 1540 2729 εὔχεσθαι,
1557 2693 1603 2720 καὶ
1619 2692 1656 2728 μὴ
1667 2692 1839 2728 λαμπρύνειν

1055 2737 1155 2769 ἑαυτὰς
1178 2739 1206 2765 ὲν
1222 2739 1314 2775 χρυσῷ
1330 2740 1346 2775 ἢ
1368 2739 1478 2775 ἐσθῆτι,
1496 2739 1529 2766 τὰ
1548 2738 1576 2766 δὲ
1597 2738 1730 2775 πρόσωπα
1749 2737 1840 2766 αὐτῶν
