1940 3068
137 175 188 203 M5

678 170 770 200 VlTJE
791 170 1000 200 MONASTICE
1025 169 1232 199 lNSTlTUTlO.

1692 171 1746 200 848

138 232 175 267 μὴ
191 230 342 265 φαίνεσθαι,
359 231 451 266 χεῖρας
474 229 576 266 ἀνδρῶν
598 229 634 264 μὴ
662 228 829 264 καταφιλεῖν.
846 230 920 256 Κατ-

973 236 1066 256 manus
1081 228 1200 256 virorum
1219 227 1346 256 osculari.
1360 226 1552 256 Catechumeul
1568 232 1658 256 autem
1672 235 1746 256 seor-

139 276 280 312 ηχούμενοι
296 276 325 304 δὲ
343 275 394 312 ίδίᾳ
411 275 595 311 εὖχέσθωσαν,
615 275 631 310 ἢ
647 274 744 307 ἔξωθεν
760 275 806 301 τοῦ
824 275 916 310 βηλοῦ.

141 320 170 348 '0
183 321 211 347 δὲ
226 322 281 352 πᾶς
299 321 362 352 λαὸς
377 322 405 348 ἐν
420 321 494 356 φόϐῳ
509 321 556 348 καὶ
571 321 658 356 σιωπῇ
681 320 802 346 ἀκουέτω
817 320 862 347 τὸν
876 319 919 347 λό-

140 375 183 401 γον
198 366 245 393 τοῦ
260 366 371 403 Κυρίου.
395 366 432 392 Οὐ
449 366 527 401 μόνον
542 365 569 392 δὲ
585 367 610 392 οἰ
624 366 822 401 ἁμαρτάνοντες
842 365 918 400 δίκην

138 412 321 443 ἀποτίσουσιν,
338 411 406 438 ἀλλά
428 411 474 438 καὶ
493 412 518 437 οἱ
540 411 680 446 χαίροντες
696 410 742 437 ἐπὶ
759 412 815 442 τοῖς
830 411 919 446 ἀμαρ-

138 457 256 483 τάνουσι.
282 455 349 490 Περὶ
373 455 402 481 δὲ
421 454 474 480 τῶν
496 453 658 490 προσφορῶν
681 453 781 488 ὀφείλει
799 454 892 488 νήφειν
905 453 919 479 ὁ

140 501 228 537 ἱερεύς
237 510 243 516 ·
256 501 302 528 ἐὰν
317 501 371 536 γὰρ
384 500 452 536 λάόῃ
465 500 539 536 παρά
551 499 766 536 στρατευομένου
780 498 919 534 ἐκχέοντος

139 545 218 582 αἷμα,
233 546 249 582 ἢ
264 546 455 578 διασείσαντος,
469 545 655 581 ἣκλὲψαντος,
667 544 684 580 ἢ
697 543 918 580 πραγματευτοῦ,

139 591 156 627 ἢ
174 591 313 627 ὲπιόρκου,
329 591 345 626 ἢ
363 590 439 626 παρά
460 590 586 617 πλουσίου
604 588 799 624 ἀποστερητοῦ,
816 588 920 623 ἣπαρὰ

138 636 253 663 τελώνου
278 637 502 672 ὲπιπράττοντος,
517 636 533 670 ἢ
549 634 713 669 τοκογλύφοι.)
723 655 731 667 ,
749 634 764 669 ἢ
782 633 919 669 τιμιολκοῦ

139 681 185 707 ἐπὶ
211 681 294 712 σίτου,
320 681 337 717 ἢ
362 680 437 716 πειρά
461 681 560 712 παντὸς
578 679 753 715 ἀμαρτωλοῦ·
768 680 782 706 ὁ
802 679 920 711 τοιοῦτος

140 726 240 761 ἱερεὺς,
262 726 315 752 ἀπὸ
327 726 453 753 τοιούτων
475 725 522 753 ὲὰν
537 725 616 762 λάϐῃ,
631 725 725 760 χωλῶν
745 725 792 752 καὶ
813 723 920 759 τυφλῶν

141 772 289 807 προσφέρει
312 772 340 805 ἐξ
357 772 444 799 αὐτῶν
464 771 502 807 τῷ
519 771 586 807 Θεῷ.
611 772 656 797 Sol.
674 771 703 797 δὲ
719 770 757 806 τῷ
773 770 857 806 λαῖκῷ
871 770 921 797 οὐκ

139 817 228 849 ἔξεστι
245 819 334 853 κρῖναι
348 818 392 844 τὸν
406 817 489 853 ἱερέα,
503 819 527 844 εἰ
540 817 587 853 μὴ,
599 817 644 844 ἐὰν
661 817 733 852 εἰδῇς
748 816 919 852 παραΰόιτην,

141 861 224 895 φεῦγε
240 862 286 889 ἀπ’
301 863 392 889 αὑτοῦ.
407 863 468 889 Ἐὰν
483 862 568 889 ταῦτα
582 862 712 899 φυλάξῃς,
730 863 744 889 ό
759 863 856 897 ἱερεὺς,
874 861 920 897 βα-

140 908 209 942 θμὸν
223 908 323 942 ἀγαθὸν
338 908 425 944 ἑαυτῷ
440 909 577 944 περιποιῇ,
591 909 638 935 καὶ
653 908 752 943 πολλὴν
764 907 918 944 παρρησίαν
935 901 956 930 Β

140 954 189 989 τὴν
209 955 237 980 ὲν
251 953 359 989 Χριστῷ
375 954 462 989 Ἰησοῦ
478 955 572 990 Κυρίῳ
586 953 680 989 ἡμῶν,
700 953 758 989 μεθ’
773 951 802 981 οὗ
814 953 850 988 τῷ
865 953 920 980 [Ια-

140 999 185 1034 τρὶ
202 999 250 1026 σὺν
264 999 333 1034 ἁγιῳ
345 999 482 1034 Πνεύματι
501 1000 517 1034 ἡ
533 999 595 1031 δόξα
616 999 655 1030 εἰς
673 999 735 1031 τοὺς
751 998 851 1030 αἰῶνας
866 997 919 1024 τῶν

141 1043 257 1072 αἰώνων.
278 1045 373 1081 Ἀμήν.

969 274 1020 302 sim
1032 278 1110 301 orent
1124 278 1151 301 et
1172 278 1250 301 extra
1272 274 1364 302 limen.
1387 273 1534 309 Omnisque
1552 274 1669 309 populus
1683 281 1745 301 cum

968 319 1119 348 reverentia
1132 324 1160 347 et
1171 320 1280 348 silentio
1293 319 1384 347 audiat
1398 321 1510 348 verbum
1528 319 1644 347 Domini.
1660 320 1746 347 Porro

968 371 1022 391 non
1035 364 1053 391 ii
1070 365 1158 392 solum
1174 365 1220 399 qui
1234 369 1357 399 peccant,
1379 364 1425 391 sed
1439 364 1520 391 etiam
1538 363 1584 398 qui
1599 363 1632 391 de
1650 370 1747 398 pecca~

968 409 1074 437 toribus
1099 410 1228 445 gaudent,
1255 417 1350 444 poenas
1376 410 1462 437 luent.
1491 408 1648 436 Oblationes
1674 408 1746 443 quod

969 458 1083 489 spectat,
1100 454 1265 490 vigilandum
1280 459 1322 482 est
1339 454 1493 483 sacerdoti:
1512 461 1574 481 nam
1591 453 1643 481 sia
1661 454 1747 481 milite

969 500 1102 535 acceperit
1117 500 1164 535 qui
1185 500 1309 528 eﬂ‘uderit
1323 501 1493 536 sanguinem,
1508 507 1522 527 a
1544 500 1708 533 turbulento,
1727 507 1747 528 Α

969 545 1039 578 iure,
1059 545 1094 572 ab
1107 545 1229 579 improbo
1245 545 1421 580 negotiatore,
1438 552 1453 571 ο
1473 545 1593 579 perjuro,
1610 548 1657 571 aut
1672 551 1689 570 a
1705 543 1748 571 di-

972 590 1027 617 vite
1040 588 1241 621 defraudalore,
1257 596 1272 616 a
1292 589 1436 624 publicano
1453 592 1588 622 exactore,
1602 596 1618 616 a
1641 588 1749 616 fenerav

970 639 1038 666 tore,
1055 636 1096 663 vel
1112 636 1146 663 ab
1160 643 1192 662 eo
1205 635 1250 671 qui
1266 635 1383 671 pretium
1398 635 1525 662 frumenti
1540 636 1655 668 auxerit,
1672 635 1714 662 vel
1731 642 1748 663 a

970 681 1090 716 quolibet
1105 685 1262 717 peccatore;
1288 681 1444 716 hnjusmodi
1460 681 1598 712 sacerdos,
1623 681 1747 716 inquam,

970 727 1017 762 qui
1031 727 1093 754 talia
1108 727 1252 762 acceperit,
1266 727 1361 754 clauda
1375 731 1402 754 et
1421 734 1491 754 caeca
1508 727 1571 754 hinc
1589 725 1644 754 Deo
1659 726 1746 754 oilert.

971 773 1031 800 Tibi
1054 773 1123 801 laico
1139 781 1193 801 non
1216 773 1279 801 licet
1299 773 1466 801 sacerdotem
1480 773 1622 808 judicare;
1640 772 1710 808 quod
1724 772 1748 800 si

970 818 1204 852 praevaricatorem
1229 818 1379 846 adverteris
1401 818 1486 850 illum,
1510 818 1572 853 fuge
1594 818 1626 845 ab
1644 818 1699 845 illo.
1718 817 1748 844 Si

971 862 1027 889 haec
1050 866 1080 889 tu
1104 863 1232 890 sacerdos
1255 863 1416 894 servaveris,
1439 862 1551 898 gradum
1574 862 1674 890 bonum
1700 861 1749 888 tibi

969 909 1095 944 acquires
1113 909 1151 942 “;
1168 909 1332 945 multamque
1358 909 1482 936 ﬁduciam
1504 909 1532 935 in
1555 907 1663 936 Christo
1683 907 1748 935 Jesu

972 953 1085 981 Domino
1097 957 1201 987 nostro,
1216 961 1278 981 cum
1301 961 1355 989 quo
1378 954 1452 980 Patri
1472 957 1499 980 et
1521 953 1635 988 Spiritui
1654 957 1749 981 sancto

972 998 1056 1034 gloria
1071 999 1099 1026 iu
1117 999 1214 1027 saecula
1231 999 1403 1027 saeculorum.
1417 998 1512 1026 Amen.

630 1163 663 1191 lN
684 1163 841 1197 SEQUENS
861 1162 1073 1191 OPUSCULUM
1092 1162 1261 1190 MONlTUM.

175 1221 282 1248 Brevem
297 1220 364 1248 hanc
375 1221 436 1249 vita:
447 1221 605 1249 monasticae
621 1221 993 1257 lnstitutionem:synlagmali
1011 1221 1132 1256 apposite
1143 1221 1309 1256 subjicimus,
1319 1221 1387 1258 quod
1400 1221 1476 1249 ambo
1499 1221 1614 1257 ejusdem
1638 1229 1748 1257 prorsus

142 1265 195 1293 sint
212 1266 367 1300 argumenti.
389 1265 501 1300 Sequens
521 1269 608 1293 autem
628 1266 782 1300 opusculum
800 1266 931 1301 inelegans
945 1270 984 1292 est
1003 1266 1119 1299 omnino,
1139 1272 1164 1294 ιι
1182 1267 1321 1302 aquodam
1347 1267 1467 1295 Graeculo
1484 1267 1623 1296 Athanasii
1645 1268 1750 1296 nomine

141 1310 292 1344 ron/ictum,
307 1315 336 1337 ut
350 1310 433 1344 quivis
445 1309 576 1342 eruditus,
591 1309 630 1337 vel
647 1311 732 1344 primo
745 1314 850 1346 aspectu
862 1310 1036 1338 existimabit.

578 1420 689 1463 ΤΟΥ
712 1385 976 1464 ΜΕΓΑΛόΥ
1000 1403 1314 1468 ΑΘΑΝΑΣΙΟῩ

510 1511 711 1539 ΔΙΑΤΥΠΩΣΙΣ
729 1513 797 1540 ΤΩΝ
815 1513 997 1542 ΘΕΛΟΝΤΩΝ
1015 1515 1060 1542 ΕΝ
1079 1516 1207 1552 ΗΣΥΧΙᾼ
1227 1517 1370 1545 ΔΙΑΓΕῙΝ.

670 1637 856 1684 MAGNI
894 1640 1216 1686 ATHANASII

416 1735 614 1764 INSTITUTIO
633 1736 754 1766 EORUM
774 1738 832 1772 QUI
852 1739 885 1767 IN
904 1740 1032 1774 QUIETE
1051 1741 1157 1770 VITAM
1176 1741 1292 1770 AGERE
1310 1740 1474 1770 CUPIUNT.

180 1838 205 1864 l.
217 1838 341 1869 Τοιοῦτος
350 1839 364 1865 ὁ
376 1838 500 1874 μοναχὺς,
512 1840 558 1866 καὶ
568 1839 638 1867 οὕτω
648 1841 700 1876 χρὴ
708 1839 777 1869 εἶναι
785 1843 831 1869 τὸν
843 1852 924 1879 μονα·
937 1852 958 1877 c

144 1883 201 1919 χον,
215 1883 380 1918 ἀπεχόμενον
396 1884 449 1910 ἀπὸ
461 1885 561 1919 γηΐνων
576 1886 761 1921 πραγμάτων·
778 1888 809 1914 οὐ
827 1890 880 1924 μὴν
895 1890 924 1918 δὲ

144 1929 212 1955 ἀλλὰ
230 1930 276 1955 καὶ
299 1929 414 1964 Χριστοῦ
435 1930 617 1966 στρατιώτην,
641 1931 738 1964 sum,
763 1933 922 1970 ἀμέριμνον,

145 1974 235 2010 πάσης
255 1976 494 2010 πραγματευτικῆς
515 1977 619 2009 ἐννοίας
638 1978 684 2004 καὶ
696 1977 819 2014 πράξεως
834 1980 922 2013 ἐκτός.

143 2020 188 2046 Ἐν
207 2020 311 2052 τούτοις
333 2021 389 2056 ἤτω
406 2022 420 2047 ὁ
443 2022 574 2056 μοναχὸς,
593 2023 709 2058 μάλιστα
721 2026 735 2051 ὁ
752 2026 840 2052 πᾶσαν
857 2026 923 2062 ὓλην

144 2066 190 2092 τοῦ
216 2066 317 2101 κόσμου
343 2066 437 2093 τούτου
461 2067 634 2095 καταλιπών
652 2069 698 2096 καὶ
721 2070 766 2097 ἐπὶ
782 2071 816 2097 τὰ
835 2071 924 2108 ὡραῖα

144 2111 229 2146 κάλλη
244 2111 294 2146 τῆς
308 2111 421 2147 ἡσυχίας
437 2113 453 2148 ἡ
466 2113 590 2148 ἄσκησις,
603 2114 668 2150 ἡδὺς
683 2116 697 2140 ὸ
711 2115 778 2150 βίος,
792 2118 809 2152 ἡ
826 2117 924 2153 πρᾶξις

143 2157 256 2192 τερπνή.
270 2157 361 2184 Βούλει
373 2158 526 2194 τοιγαροῦν,
542 2160 676 2195 ἀγαπητὲ,
688 2161 732 2187 τὸν
747 2163 851 2198 μονήρη
866 2163 923 2198 βίον

143 2202 297 2235 ἀναλαϐεῖν,
314 2203 361 2230 καὶ
384 2204 430 2230 ἐπὶ
450 2204 483 2231 τὰ
499 2205 547 2240 τῆς
564 2205 676 2241 ἡσυχίας
688 2207 847 2244 ἀποτρέχειν
861 2210 922 2245 τρό-

145 2255 231 2273 παια·
253 2247 320 2281 ἄφες
347 2248 405 2275 ἐκεῖ
425 2249 470 2275 τὸν
493 2250 593 2285 κόσμον
618 2252 729 2284 καὶτὰς
752 2253 799 2280 τοῦ
820 2254 921 2289 κόσμου

144 2292 296 2327 φροντίδας,
311 2293 359 2324 τάς
371 2302 400 2320 τε
415 2294 459 2320 ἐπὶ
471 2294 572 2322 τούτων
585 2295 670 2331 ἀρχάς
684 2306 713 2324 τε
729 2299 776 2325 καὶ
790 2298 921 2332 ἐξουσίας,

143 2338 264 2364 τουτέστι
279 2339 357 2373 μόνος
375 2339 455 2374 ἆᾷλος
467 2339 522 2372 ἔσο,
539 2341 656 2376 ἀπαθὴς,
674 2342 764 2378 πάσης
778 2344 924 2380 ἐπιθυμίας

143 2383 238 2416 ἐκτὸς,
258 2383 314 2415 ἵνα,
333 2384 382 2418 τῆς
403 2384 435 2411 ἐκ
458 2385 559 2412 τούτων
581 2387 766 2422 περιστάσεως
785 2389 922 2426 ἀλλότριος

143 2428 296 2462 γενόμενος,
313 2428 428 2464 δυνηθῇς
440 2429 587 2464 ἡσυχάζειν
601 2431 699 2464 καλῶς.
716 2433 747 2459 El
763 2434 800 2468 μὴ
812 2433 866 2469 γάρ
881 2443 923 2467 τις

142 2472 244 2498 τούτων
257 2473 351 2499 ἑαυτὸν
367 2473 499 2510 ὑπεξάρῃ,
514 2475 564 2502 οὐκ
576 2475 608 2503 ἂν
625 2476 724 2513 δυνηθῇ
740 2478 841 2514 ταύτην
857 2487 923 2505 κατ-

142 2517 260 2553 ορθῶσαι
283 2519 333 2554 τὴν
356 2519 503 2549 πολιτείαν.
527 2521 641 2557 Τροφῶν
662 2522 784 2558 βραχέων
809 2512 920 2560 ἀντέχου
938 2512 959 2540 D

144 2564 191 2590 καὶ⁵
204 2564 457 2601 εὐκαταφρονήτων,
476 2567 513 2602 μὴ
531 2568 633 2594 πολλῶν
648 2570 695 2596 καὶ
711 2570 921 2606 εὐπεριστάτων,

145 2608 161 2643 ἢ
177 2608 275 2643 μᾶλλον
295 2609 492 2645 ἀπεριστάτων.
519 2612 581 2639 Ἐὰν
603 2612 631 2639 δὲ
655 2613 702 2640 καὶ
714 2613 757 2646 ’ὡς
774 2614 923 2649 φιλοξενίας

144 2656 222 2692 χάριν
244 2658 307 2692 περὶ
335 2657 369 2684 τὰ
391 2658 523 2694 πολυτελῆ
549 2659 677 2696 λογισμὸς
706 2660 834 2696 γένηται,
855 2662 924 2696 ἄφες

143 2702 234 2730 τοῦτον
267 2704 340 2734 ἐκεῖ,
369 2705 405 2739 μὴ
438 2705 505 2737 ὅλως
536 2706 649 2742 πεισθῇς
675 2707 763 2743 αὐτῷ·
789 2708 922 2744 ὲνεδρεύει

143 2747 197 2783 γάρ
210 2756 240 2774 σε
255 2747 299 2774 διὰ
311 2749 405 2776 τούτου
421 2751 436 2776 ό
451 2751 622 2784 ὑπεναντίος,
632 2752 679 2779 τοῦ
704 2753 856 2789 ἀποστησαι
875 2755 924 2790 τῆς

143 2793 268 2832 amisso

183 2871 204 2885 "
223 2869 232 2897 l
249 2862 318 2898 Tim.
337 2879 381 2905 In,
402 2872 444 2900 l5.

1011 1846 1035 1873 l.
1052 1845 1144 1872 Talem
1160 1848 1187 1871 et
1209 1843 1365 1878 hujusmodi
1381 1847 1488 1878 oportet
1502 1850 1561 1871 esse
1576 1845 1750 1878 monachum,

974 1898 990 1918 a
1006 1891 1122 1918 terrenis
1142 1889 1224 1918 rebus
1247 1889 1438 1922 abstinentem,
1452 1896 1484 1916 ac
1503 1892 1631 1924 praeterea
1649 1890 1753 1919 Christi

974 1936 1098 1968 militem,
1125 1935 1239 1962 materia
1268 1938 1417 1970 expertem,
1447 1935 1675 1964 sollicitudinibus
1705 1944 1754 1963 va-

975 1989 1067 2012 cuum,
1090 1985 1166 2008 extra
1191 1987 1297 2008 omnem
1320 1980 1490 2016 negotiorum
1515 1981 1705 2016 cogitationem
1727 1986 1756 2010 et

975 2027 1143 2055 exercitium.
1167 2026 1198 2053 ln
1216 2026 1260 2053 bis
1276 2026 1312 2053 sit
1334 2030 1362 2054 et
1379 2026 1458 2060 degat
1475 2026 1636 2059 monachus,
1651 2027 1675 2054 is
1697 2034 1756 2054 ma-

976 2072 1048 2099 xime
1064 2071 1110 2106 qui
1129 2075 1213 2098 totam
1228 2069 1322 2097 mundi
1340 2069 1424 2111 liujus
1443 2070 1584 2097 materiam
1599 2069 1753 2104 dereliquit.

974 2115 1074 2143 Omnes
1089 2115 1225 2150 speciosas
1236 2114 1452 2149 pulchritudines
1463 2117 1574 2148 superat
1585 2113 1686 2141 ascesis
1696 2114 1754 2147 illa,

975 2162 1067 2196 quieta
1081 2164 1108 2187 et
1123 2160 1270 2194 tranquilla
1282 2163 1323 2187 est
1334 2159 1398 2186 vita.
1410 2159 1466 2194 Age
1484 2166 1560 2193 ergo,
1571 2158 1680 2191 dilecte,
1696 2167 1756 2186 mo-

974 2207 1106 2234 nasticam
1123 2206 1285 2241 amplectere
1298 2205 1393 2236 vitam,
1409 2208 1436 2232 et
1449 2212 1562 2232 accurre
1574 2204 1607 2231 ad
1620 2204 1664 2231 illa
1676 2204 1755 2239 quie-

975 2253 1009 2280 tis
1025 2257 1135 2286 tropaea.
1159 2250 1291 2285 Relinque
1311 2249 1349 2276 ibi
1374 2249 1518 2282 mundum,
1534 2248 1681 2283 mundique
1703 2257 1754 2276 cu-

974 2306 1031 2331 ras,
1050 2297 1201 2324 mundanos
1217 2297 1282 2324 item
1304 2295 1473 2330 principatus
1495 2299 1522 2323 et
1546 2299 1707 2330 potestates;
1728 2295 1756 2323 id

973 2348 1025 2376 est,
1043 2344 1117 2371 solus
1135 2346 1162 2370 et
1177 2343 1292 2369 materia
1310 2345 1380 2373 esto,
1392 2341 1618 2377 passionibusque
1637 2348 1752 2373 vacuus,

973 2389 1062 2416 omnis
1077 2395 1174 2422 expers
1197 2386 1335 2418 desiderii,
1348 2390 1388 2418 ut,
1404 2394 1498 2414 earum
1523 2394 1614 2414 rerum
1634 2387 1755 2413 circum-

974 2431 1075 2458 stantia
1088 2431 1204 2462 alienus,
1217 2431 1335 2465 quietam
1354 2430 1439 2465 probe
1455 2431 1538 2457 vitam
1554 2438 1634 2466 agere
1653 2431 1753 2466 possis.

974 2475 1032 2503 Nisi
1047 2476 1119 2504 enim
1134 2476 1196 2510 quis
1218 2483 1278 2503 sese
1293 2475 1427 2510 ejusmodi
1449 2476 1531 2504 rebus
1554 2477 1665 2508 eximat,
1686 2485 1756 2503 nun-

973 2530 1054 2557 quam
1073 2523 1190 2557 potuerit
1204 2514 1263 2549 eam
1276 2530 1355 2557 agere
1368 2522 1430 2550 vitae
1449 2523 1590 2550 rationem.
1612 2523 1710 2551 Paucis
1729 2529 1757 2551 ct

975 2567 1074 2595 vilibus
1087 2572 1164 2595 utere
1176 2568 1257 2599 cibis,
1271 2575 1326 2595 non
1341 2575 1404 2595 vero
1418 2569 1547 2603 copiosis,
1563 2573 1591 2609 et
1609 2569 1693 2604 probe
1708 2577 1757 2604 pa-

975 2613 1053 2645 ratis,
1067 2614 1121 2640 imo
1134 2613 1224 2648 potius
1239 2614 1360 2648 improbe
1377 2615 1489 2649 paratis.
1506 2614 1582 2648 Quod
1596 2616 1619 2642 si
1637 2615 1759 2650 hospita-

975 2660 1060 2688 litatis
1080 2667 1163 2687 causa
1185 2664 1213 2687 te
1235 2661 1302 2688 lauti
1323 2661 1376 2688 cibi
1396 2661 1524 2697 cogitatio
1547 2661 1655 2693 subeat,
1676 2660 1759 2696 308

975 2705 1086 2733 missam
1104 2705 1147 2733 fac
1162 2706 1246 2738 illam,
1268 2715 1317 2734 nec
1331 2715 1442 2742 prorsus
1455 2708 1494 2734 illi
1515 2707 1696 2742 obtemperes.
1714 2707 1757 2734 ln-

976 2750 1093 2778 sidiatur
1111 2752 1183 2778 enim
1197 2752 1246 2779 tibi
1269 2760 1318 2788 per
1343 2761 1402 2781 eam
1431 2754 1613 2786 adversarius,
1637 2755 1666 2780 ut
1693 2756 1719 2780 te
1741 2759 1758 2779 ι

983 2796 1067 2830 Ftiﬂa
1083 2797 1203 2827 retrahat
1216 2799 1269 2826 vita
