1940 3068
194 179 245 206 8H

751 169 778 197 S.
799 165 1030 196 ATHANASlUS.
1051 179 1086 186 —
1105 164 1243 194 SPURIA.

1754 165 1809 193 858

228 238 256 266 2.
274 237 345 265 Cave
362 243 395 263 ne
411 233 520 262 divitias
537 230 702 267 pauperibus
717 228 869 264 erogandae
891 234 972 262 expe-

1058 225 1085 252 2.
1100 225 1170 261 Ὅρα
1194 225 1231 261 μὴ
1258 225 1430 261 ἐπιθυμήσῃς
1452 223 1566 250 πλοῦτον
1583 222 1654 259 ἔχειν
1669 223 1738 258 πρὸς
1750 223 1810 250 διά-

195 290 252 317 tas;
269 282 364 309 melior
381 279 454 307 enim
475 284 566 306 sermo
586 277 675 304 bonus
695 279 749 307 est,
761 281 844 309 quam
859 272 972 300 donum.

194 332 242 359 Est
257 331 355 365 quippe
376 328 421 355 illa
437 328 502 354 item
519 324 629 360 maligni
649 324 734 355 fraus,
746 330 800 358 qua
816 322 850 349 ad
865 322 973 348 inanem

193 377 306 413 gloriam
331 375 489 410 plerumque
515 375 541 399 et
565 371 598 398 ad
623 370 735 397 multam
764 367 974 403 negotiationem

193 427 310 452 mentem
326 421 446 456 conjicit.
463 419 631 447 Vestimenta
649 417 721 451 quod
739 417 854 450 spectat,
877 422 911 440 ne
930 421 976 440 cu-

193 467 252 502 pias
272 465 370 493 multas
390 464 489 491 habere
502 468 608 495 vestes;
625 462 671 489 sed
685 469 732 488 eas
749 460 837 487 solum
853 459 900 486 tibi
916 464 975 492 pro-

193 513 255 541 vide
269 519 329 547 quae
344 510 500 538 necessitati
512 507 636 543 corporis
649 507 717 534 satis
731 506 795 533 sint.
819 503 847 530 Si
861 504 910 530 tibi
925 502 970 528 ali-

193 546 291 585 mentis
315 560 362 584 aut
381 555 502 583 vestibus
523 553 558 580 sit
579 559 658 587 opus,
675 558 709 577 ne
732 549 829 584 pudeat
849 555 881 575 ea
903 546 976 573 acci-

193 611 267 638 pere.
288 610 348 637 qua:
363 601 411 628 tibi
428 600 462 627 ab
477 599 539 626 aliis
561 597 713 624 offeruntur
730 604 737 622 :
754 597 797 621 est
820 593 893 620 enim
909 590 975 618 illud

194 649 328 686 quoddam
345 646 478 682 superbiae
499 652 593 680 genus.
615 641 692 675 Quod
710 641 732 668 si
755 640 803 667 tibi
823 638 924 674 aliquid
947 638 975 664 in

193 682 271 723 hisce
284 692 450 728 superﬂuum
464 690 557 722 fuerit,
571 689 605 716 da
621 695 717 723 egeno.
729 685 804 712 Ilanc
816 684 888 711 Deus
907 682 975 710 filios

195 747 261 768 suos
277 739 334 766 vult
349 737 527 765 teconomiam
541 741 662 762 servare.
683 731 751 759 Cum
770 729 897 766 praesenti
910 732 976 755 tem-

195 793 262 821 pore
277 783 430 812 necessaria
446 783 604 816 suppetunt,
619 786 653 806 ne
669 777 753 805 futuri
776 775 906 810 temporis
921 773 975 800 sol-

194 819 363 858 licitudinem
379 834 470 863 geras,
485 834 519 854 ne
531 825 613 853 unius
628 824 736 860 quidem
749 821 801 849 diei
815 825 861 848 aut
874 819 976 847 hebdo-

195 877 304 905 madis:
330 875 364 902 de
382 873 509 910 praesenti
532 871 620 900 solum
647 877 733 897 cura:
756 868 844 903 ipsum
868 870 976 900 tempus

1025 272 1098 299 δοσιν
1112 272 1167 298 τῶν
1177 273 1299 308 πενήτων
1311 280 1317 287 ·
1332 272 1457 306 κρεῖσσον
1469 270 1523 306 γάρ
1534 269 1612 305 λόγος
1624 269 1724 304 ἀγαθὸς
1739 269 1813 306 ὑπὲρ

1026 317 1110 352 δόμα·
1126 317 1182 344 ἔστι
1204 317 1259 353 γὰρ
1282 317 1329 344 καὶ⁴
1343 316 1412 352 αὕτη
1433 317 1525 352 ἀπάτη
1541 316 1587 343 τοῦ
1609 315 1726 352 πονηροῦ
1741 315 1814 351 πρὸς

1027 361 1177 394 κενοδοξίαν
1191 361 1319 393 πολλάκις
1332 362 1377 388 καὶ
1391 362 1430 393 εἰς
1444 361 1708 396 πολυπραγμοσύνης
1723 360 1814 387 αἰτίαν

1027 408 1197 443 ὲμῦάλλουσα
1212 408 1256 435 τὸν
1273 408 1343 436 νοῦν.
1359 408 1425 443 Περὶ
1440 407 1468 434 δὲ
1484 407 1608 443 ἱματίων,
1625 407 1662 442 μὴ
1677 406 1815 442 ἐπιθυμή-

1027 462 1077 489 σῃς
1091 454 1175 480 πολλὰ
1186 454 1257 489 ἔχειν
1274 454 1367 490 ἱμάτια
1377 462 1385 470 ⁸
1400 454 1466 480 ἀλλὰ
1482 454 1516 480 τὰ
1529 453 1663 489 ἀρκοῦντα
1678 454 1710 488 τῇ
1727 453 1814 487 ἀνάτ-

1027 508 1063 536 κῃ
1079 500 1124 527 τοῦ
1148 499 1271 536 σώματος
1295 500 1362 535 μόνα
1379 499 1504 535 προνοοῦ.
1524 499 1586 526 Ἐάν
1608 498 1656 535 δέῃ
1674 497 1781 534 τροφῶν
1795 497 1814 534 ῆ

1029 547 1152 582 ἱματίων,
1175 547 1211 582 μὴ
1227 546 1374 582 αἰσχυνθῇς
1389 545 1423 572 τὰ
1437 545 1501 581 παρ’
1521 546 1622 581 ἑτέρων
1638 553 1678 570 σοι
1695 552 1817 579 προσφε-

1029 592 1128 636 ρόμενα
1142 592 1233 618 λαϐεῖν
1248 599 1254 606 '
1267 592 1345 618 τοῦτο
1362 591 1416 626 γάρ
1438 591 1510 617 ἐστιν
1529 591 1715 626 ὑπερηφανίας
1729 587 1813 620 εἶδος.

1034 633 1140 664 Ἐὰνδὲ
1155 637 1200 664 καὶ
1220 637 1300 669 αὐτὸς
1321 637 1351 663 ἐν
1365 636 1470 667 τούτοις
1485 635 1649 671 περισσεύῃς
1661 655 1668 667 ,
1685 634 1756 661 δίδου
1770 633 1812 670 τῷ

1028 684 1218 720 ὑστερουμένῳ
1229 691 1236 698 ”
1250 683 1335 714 οὕτως
1351 683 1364 709 ὁ
1380 682 1445 714 Θεὸς
1461 683 1525 713 τοὺς
1547 680 1643 707 ἑαυτοῦ
1658 681 1754 712 παῖδας
1773 681 1815 708 οἰ-

1028 730 1200 765 κονομεῖσθαι
1222 729 1354 764 βούλεται.
1369 729 1457 763 Ἐχων
1483 727 1529 755 τοῦ
1553 727 1698 759 ἐνεστῶτος
1716 726 1816 762 καιροῦ

1027 777 1061 803 τὰ
1077 776 1179 808 δέοντα,
1194 776 1234 807 εἰς
1250 776 1295 802 τὸν
1310 774 1438 810 μέλλοντα
1454 774 1490 810 μὴ
1515 774 1684 810 μεριμνήσῃς
1706 773 1814 808 καιρὸν,

1027 820 1083 849 οἷον
1097 823 1202 858 ἡμέρας
1229 822 1292 858 μιᾶς
1303 842 1311 854 ,
1329 821 1345 856 ἦ
1369 820 1515 856 ἑϐδομάδος
1528 840 1534 852 ,
1557 821 1573 855 ἢ
1598 820 1650 855 μὴν
1666 820 1815 852 ἐνεστῶτος

1028 868 1124 904 καιροῦ
1138 877 1145 884 ’
1171 868 1251 900 αὐτὸς
1275 868 1290 894 ὁ
1314 867 1409 902 καιρὸς
1431 866 1625 902 ὲπιχορηγήσει
1648 866 1682 893 τά
1707 866 1812 893 δέοντα.

195 924 248 951 sibi
266 907 421 950 necessaria
443 917 636 954 suppeditabit.
652 915 706 943 Sed
725 914 752 941 in
769 912 864 948 primis
885 916 972 946 qurere

1033 914 1111 941 Ἀλλὰ
1127 913 1225 948 μᾶλλον
1240 913 1314 949 ζήτει
1335 913 1451 948 μάλιστα
1464 913 1513 949 τὴν
1536 912 1672 948 βασιλείαν
1693 912 1746 939 τῶν
1767 913 1814 939 οὺ-

195 975 308 1004 regnum
322 966 465 994 ccelorum.
482 965 568 990 Tuam
583 968 690 997 semper
707 960 850 988 utilitatem
868 960 973 989 curato,

176 1024 179 1029 ⁴
196 1019 223 1042 et
232 1003 335 1048 quietae
350 1012 414 1040 vita:
430 1009 542 1038 modum
563 1008 611 1035 tibi
629 1007 775 1035 constitue.
791 1004 831 1032 Ne
850 1011 912 1031 cum
928 1003 975 1030 ho-

194 1046 314 1086 minibus
334 1056 454 1084 materia
471 1053 582 1084 deditis,
598 1056 624 1079 et
647 1051 718 1078 ultro
737 1050 859 1083 citroque
874 1046 974 1074 distra-

194 1105 245 1132 ctis
260 1103 384 1131 habites:
400 1101 442 1128 vel
457 1100 532 1127 solus
552 1097 654 1127 habita,
669 1099 716 1123 aut
734 1101 796 1122 cum
817 1091 974 1120 hominibus

193 1149 304 1177 materia
324 1146 482 1183 expertibus
499 1149 525 1172 et
544 1149 634 1171 tecum
648 1140 890 1170 consentientibus.
905 1137 973 1164 Nam

193 1199 239 1234 qui
257 1205 318 1225 cum
330 1195 486 1223 hominibus
502 1192 622 1220 materia:
642 1190 750 1220 deditis,
763 1192 789 1215 et
804 1188 876 1215 ultro
891 1186 974 1213 citro-

193 1231 246 1280 que
261 1241 401 1271 distractis
412 1240 527 1270 habitat,
542 1238 566 1264 is
582 1243 694 1272 prorsus
710 1241 803 1262 eorum
817 1231 974 1260 distractio-

193 1291 236 1318 nis
259 1288 394 1324 particeps
414 1286 476 1318 erit,
500 1282 679 1316 humanisque
704 1280 803 1307 serviet
826 1277 972 1309 mandatis,

192 1323 330 1363 obnoxius
346 1332 424 1360 vanis
447 1327 734 1358 sermocinationibus,
757 1325 872 1359 aliisque
895 1323 974 1351 malis

192 1380 330 1412 omnibus,
345 1378 402 1410 iraa,
419 1375 540 1407 mcerori,
563 1373 745 1401 materialium
769 1378 860 1398 rerum
877 1370 973 1397 insano

192 1426 289 1458 amori,
310 1424 393 1452 metui
415 1422 614 1452 scandalorum,
639 1416 868 1454 patrimonialium
892 1416 975 1442 bono-

191 1480 253 1501 rum
273 1469 511 1500 sollicitudinibus,
528 1469 705 1501 cognatorum
721 1462 858 1490 amicitiis.
874 1460 973 1488 Eorum

192 1519 284 1553 itaque
299 1516 465 1544 consortium
487 1513 587 1544 devita,
606 1518 640 1538 ne
659 1510 728 1537 forte
743 1514 817 1536 tuam
833 1507 860 1534 in
876 1506 973 1534 cellula

193 1551 310 1600 quietem
330 1562 461 1594 adimant,
477 1563 504 1587 et
516 1559 550 1586 ad
566 1566 615 1586 sua
634 1557 706 1584 ultro
721 1555 844 1590 citr0quc
866 1551 972 1588 negotia

192 1609 351 1646 pertrahaut

227 1656 255 1683 5.
277 1654 306 1682 Si
322 1660 404 1689 porro
424 1651 521 1679 cellula
537 1650 566 1677 in
589 1656 643 1684 qua
664 1647 740 1683 degis
763 1647 975 1680 circumquaque

193 1708 301 1728 amoma
317 1699 362 1730 sit,
380 1699 441 1733 fuge
455 1697 488 1724 ab
504 1697 560 1727 illa,
572 1703 606 1722 ne
617 1701 724 1730 parcas,
741 1701 775 1720 ne
790 1691 905 1718 fortasse
915 1690 974 1724 ejus

194 1754 286 1774 amore
306 1745 473 1780 pertrahare.
494 1742 566 1769 Nihil
588 1748 642 1768 non
667 1747 725 1774 age,
742 1738 810 1765 nihil
834 1745 889 1764 non
911 1743 975 1770 ope-

192 1800 263 1824 rare,
290 1796 320 1819 ut
340 1790 428 1825 possis
452 1789 550 1824 quietae
571 1790 599 1814 ct
616 1785 767 1820 tranquillae
790 1783 852 1810 vitae
865 1788 973 1812 vacare,

192 1842 273 1872 atque
287 1843 395 1867 curare,
407 1839 436 1861 ut
445 1834 522 1868 juxta
533 1832 580 1859 Dei
593 1831 757 1858 voluntatem
769 1828 860 1863 degas.
874 1830 901 1854 et
912 1834 973 1853 cum

194 1882 376 1910 invisibilibus
398 1879 515 1907 inimicis
533 1885 647 1913 pugnes.
665 1875 694 1903 Si
716 1882 770 1902 non
786 1877 862 1909 potes
876 1873 903 1900 in
919 1873 973 1899 tuis

195 1928 319 1963 partibus
337 1925 483 1959 tranquille
494 1927 521 1951 et
544 1923 634 1958 quiete
649 1922 757 1956 degere,
776 1919 894 1946 transfer
911 1926 973 1953 pro-

191 1973 310 2008 positum
325 1975 402 1997 tuum
416 1969 450 1996 ad
464 1967 687 2002 hospitalitatem,
704 1966 731 1992 in
746 1972 860 1999 eamque
871 1963 974 1998 cogita-

190 2019 279 2046 tiones
291 2022 353 2044 tuas
365 2015 565 2051 quamprimum
575 2019 685 2048 repone.
698 2011 762 2038 Esto
777 2010 850 2037 velut
862 2008 972 2044 quidam

190 2065 309 2100 optimus
330 2062 492 2098 negotiator,
513 2060 559 2095 qui
576 2059 666 2086 omnia
692 2057 726 2084 ad
748 2057 867 2092 quietam
889 2055 972 2082 vitam

190 2109 287 2145 probat
301 2111 328 2136 et
342 2107 464 2139 ordinat;
484 2111 511 2133 et
531 2111 591 2140 qua:
605 2102 751 2138 tranquilla
765 2104 792 2129 et
812 2100 889 2128 utilia
909 2103 973 2127 sunt

190 2154 333 2191 perquirit.
347 2153 478 2181 Caeterum
498 2152 559 2179 dico
577 2150 638 2182 tibi,
652 2147 862 2184 hospitalitatem
878 2146 971 2181 dilige,

189 2210 252 2230 nam
269 2201 366 2228 liberat
384 2204 409 2227 te
431 2207 446 2226 a
469 2198 579 2225 casibus
600 2198 628 2224 in
650 2196 760 2231 regione
781 2197 828 2221 tua
843 2193 972 2221 obvenire

189 2248 287 2279 solitis,
303 2247 405 2281 tibique
421 2248 531 2280 praestat
549 2247 578 2270 ut
593 2243 691 2278 quietae
712 2247 739 2270 et
758 2241 913 2276 tranquilla:
929 2240 969 2267 vi-
985 2259 1006 2286 Β

188 2298 221 2321 ιω
231 2294 347 2321 utilitate
362 2292 510 2327 perfruare.
527 2289 601 2324 Fuge
616 2297 706 2316 moras
722 2289 749 2316 in
765 2288 885 2320 civitate,
899 2291 926 2314 et
941 2287 969 2313 in

187 2348 280 2368 eremo
299 2346 453 2374 persevera,
471 2338 494 2365 si
510 2337 568 2365 ﬁeri
585 2336 697 2363 omnino
713 2335 808 2370 possit.
826 2334 854 2361 ln
876 2333 970 2360 urbem

189 2393 222 2412 ne
239 2383 369 2411 accedas:
388 2383 455 2410 nillil
472 2383 544 2410 enim
565 2382 640 2413 utile,
661 2381 727 2407 nihil
747 2384 796 2407 tuo
816 2380 877 2407 vita:
897 2379 971 2406 insti-

188 2434 246 2456 tuto
263 2429 432 2456 fructuosum
454 2428 510 2455 illic
530 2427 690 2462 conspicies.
716 2425 755 2453 Ne
767 2425 866 2453 timeas
882 2432 971 2460 neque

187 2476 316 2504 formides
334 2483 427 2503 earum
450 2483 539 2503 rerum
562 2474 693 2506 sonitum,
707 2481 795 2508 neque
811 2472 936 2507 aufugias
955 2479 970 2497 a

187 2522 276 2548 stadio
296 2522 419 2549 utilitatis
439 2526 500 2548 tum.
517 2521 626 2554 Absque
649 2520 748 2546 timore
762 2518 876 2550 sustine,
889 2521 916 2544 et
931 2517 970 2543 vi-

186 2568 264 2595 debis
279 2567 326 2595 Dei
339 2567 563 2603 magnitudinem,
577 2565 668 2593 omnia
679 2564 782 2592 scilicet
801 2564 852 2590 alia
873 2563 970 2590 salutis

135 2619 140 2627 ’
186 2616 263 2651 signa
279 2618 306 2642 et
325 2615 567 2642 manifestationes.

220 2662 247 2688 4.
265 2662 376 2688 Amicos
397 2661 421 2688 si
436 2661 530 2693 habes,
548 2659 609 2695 fuge
622 2666 715 2687 eorum
734 2658 889 2692 frequentes
903 2663 970 2683 eon-

186 2708 385 2741 fabulationes;
399 2708 423 2735 si
437 2707 509 2735 enim
524 2714 635 2743 perraro
647 2706 803 2741 colloquare
813 2712 875 2732 cum
890 2704 968 2738 ipsis,

185 2758 280 2790 gratus
294 2754 349 2782 Deo
363 2756 428 2782 eris.
441 2754 519 2788 Quod
533 2754 556 2782 si
569 2753 780 2789 deprehenderis
795 2760 842 2788 per
859 2759 907 2779 eos
920 2751 968 2778 tibi

186 2802 314 2828 damnum
328 2802 467 2833 obvenire,
482 2809 516 2828 ne
531 2809 643 2836 prorsus
658 2799 771 2827 accedas
787 2798 820 2825 ad
834 2798 904 2825 illos.
918 2797 969 2824 Par

185 2847 286 2883 quippe
300 2852 342 2875 cst
359 2848 461 2874 amicos
474 2852 500 2874 te
516 2847 615 2874 habere
635 2847 681 2880 qui
702 2851 749 2873 tuo
766 2846 828 2872 vitae
842 2845 968 2872 instituto

186 2893 267 2922 utiles
286 2901 316 2921 ac
337 2892 422 2922 dediti
436 2893 501 2921 sint.
519 2893 593 2928 Fuge
611 2893 790 2928 malignorum
807 2895 834 2919 et
855 2894 967 2918 conten-

1028 959 1125 995 ρανῶν.
1142 959 1197 994 Τῆς
1219 959 1314 985 ἑαυτοῦ
1331 958 1463 993 ὡφελείας
1478 959 1591 985 πάντοτε
1607 958 1732 994 φρόντιζε
1743 978 1750 990 ,
1766 958 1816 985 καὶ

1026 1006 1082 1036 τὸν,
1097 1005 1145 1040 τῆς
1163 1005 1278 1040 ἡσυχίας
1301 1004 1442 1040 περιποιοῦ
1466 1003 1576 1039 τρόπον.
1599 1003 1645 1039 Μὴ
1666 1004 1814 1040 ἁγαπήσῃς

1026 1050 1133 1085 οἰκῆσαι
1151 1050 1219 1085 μετὰ
1233 1049 1381 1085 ἀνθρώπων
1395 1048 1493 1076 ὑλικῶν
1509 1049 1555 1076 καὶ
1568 1048 1811 1084 ἐμπερισπάστων·

1026 1096 1042 1132 ἢ
1063 1096 1141 1131 μόνος
1154 1095 1232 1125 οἴκει,
1249 1095 1265 1130 ἢ
1281 1095 1350 1130 μετὰ
1366 1094 1515 1131 ἀνθρώπων
1529 1095 1617 1121 ἁῢλων
1632 1095 1678 1121 καὶ
1694 1093 1815 1130 ὁμοφρά-

1025 1149 1079 1168 νων
1091 1150 1097 1155 ·
1110 1142 1124 1168 ὁ
1138 1141 1193 1176 γὰρ
1214 1140 1282 1176 μετὰ
1304 1139 1453 1176 ἀνθρώπων
1467 1140 1566 1166 ὐλικῶν
1579 1140 1625 1166 καὶ
1641 1139 1815 1175 ἐμπερισπά-

1027 1195 1096 1213 στων
1105 1186 1197 1220 οἰκῶν,
1211 1186 1319 1218 πάντως
1332 1187 1490 1222 κοινωνήσει
1507 1186 1553 1212 καὶ
1570 1186 1649 1218 αὐτὸς
1664 1187 1696 1221 τῇ
1710 1185 1815 1212 τούτων

1027 1235 1200 1270 περιστάσει,
1219 1234 1265 1260 καὶ
1290 1233 1425 1260 δουλεύσει
1447 1233 1630 1268 ἀνθρωπίναις
1656 1233 1813 1266 ἐπιταγαῖς,

1026 1280 1131 1312 λαλιαῖς
1148 1289 1177 1306 τε
1197 1279 1341 1315 ματαίαις,
1366 1280 1413 1306 καὶ
1433 1281 1488 1311 τοῖς
1501 1279 1589 1311 ἄλλοις
1606 1279 1690 1306 ἅπασι
1704 1278 1811 1310 δεινοῖς.

1026 1326 1104 1361 ὀργῇ,
1118 1325 1202 1362 λύπῃ,
1217 1326 1299 1361 μανίᾳ
1312 1325 1366 1352 τῶν
1384 1325 1463 1358 ὑλῶν,
1481 1325 1554 1360 φόϐῳ
1568 1325 1621 1351 τῶν
1643 1324 1812 1356 σκανδάλων,

1026 1373 1146 1405 γονικαῖς
1163 1372 1319 1407 μερίμναις,
1336 1373 1507 1406 συγγενικαῖς
1529 1371 1639 1405 φιλίαις.
1662 1370 1740 1397 Ἀλλὰ
1753 1369 1812 1406 γὰρ

1026 1418 1075 1452 τῆς
1090 1417 1157 1453 πρὸς
1176 1418 1286 1450 τούτους
1308 1419 1451 1453 συντυχίας
1473 1418 1606 1454 παραιτοῦ
1620 1438 1627 1450 ,
1653 1416 1756 1454 μήποτέ
1779 1425 1811 1443 σε

1025 1463 1178 1490 ἀπολέσωσι
1193 1464 1241 1499 τῆς
1260 1465 1288 1491 ὲν
1304 1464 1342 1500 τῷ
1358 1464 1455 1500 κελλίῳ
1468 1465 1601 1500 ἡσυχίας,
1617 1464 1665 1491 καὶ
1680 1464 1744 1500 περὶ
1759 1462 1812 1494 τὰς

1026 1510 1129 1537 ἑαυτῶν
1143 1510 1316 1545 περιστάσεις
1326 1511 1473 1545 ἀγάγωσιν.

1059 1644 1085 1671 5.
1107 1643 1168 1670 Ἐὰν
1183 1643 1211 1670 δὲ
1227 1642 1274 1669 καὶ
1290 1641 1320 1668 τδ
1337 1641 1439 1668 κελλῐον
1455 1641 1483 1667 ὲν
1535 1639 1637 1676 καϐἐζῃ
1651 1639 1810 1676 εὐπερίσταο

1023 1698 1068 1717 τον
1083 1688 1110 1726 ᾗ,
1129 1689 1223 1724 φεῦγε,
1241 1688 1287 1715 καί
1302 1687 1383 1714 αὐτοῦ
1405 1686 1443 1722 μὴ
1456 1687 1556 1722 ιφείσῃ,
1573 1685 1610 1721 μὴ
1623 1685 1755 1721 ἑλκυσοῇς
1768 1686 1810 1718 εἰς

1023 1735 1132 1771 ἀγάπην
1157 1733 1249 1761 αὑτοῦ.
1271 1733 1363 1760 Πάντα
1377 1732 1467 1764 ποίει,
1485 1731 1574 1758 πάντα
1599 1730 1711 1766 πρᾶττε,
1733 1731 1809 1762 ὅπως

1023 1781 1139 1817 δυνηθῇς
1152 1779 1296 1816 ἡσυχάσαι,
1310 1779 1357 1805 καὶ
1372 1778 1516 1813 σχολάσαι,
1529 1777 1574 1803 καὶ
1597 1775 1744 1802 σπουδάσαι
1766 1783 1811 1810 γε·

1023 1827 1115 1855 νέσθαι
1140 1828 1168 1853 ἐν
1183 1828 1238 1857 τοῖς
1252 1825 1298 1852 τοῦ
1313 1824 1379 1852 Θεοῦ
1398 1824 1545 1859 θελήμασι,
1563 1823 1609 1849 καὶ
1630 1822 1659 1848 ὲν
1678 1823 1710 1857 τῇ
1734 1821 1810 1857 πάλῃ

1022 1873 1076 1900 τῶν
1088 1873 1220 1908 ἀοράτων.
1235 1871 1267 1898 Et
1280 1871 1316 1907 μὴ
1327 1871 1440 1898 δύνασαι
1452 1869 1550 1906 ῥᾳδίως
1564 1868 1698 1903 ἡσυχάσαι
1710 1868 1738 1893 ὲν
1751 1869 1809 1899 τοῖς

1024 1920 1080 1950 σοῖς
1096 1918 1201 1954 μέρεσι,
1217 1917 1261 1948 δός
1278 1925 1323 1943 σου
1336 1917 1382 1943 ἐπὶ
1396 1914 1524 1947 ξενιτείαν
1539 1913 1587 1950 τὴν
1601 1913 1742 1948 πρόθεσιν,
1760 1911 1809 1938 καὶ

1023 1964 1174 2000 ἐπιταύτην
1180 1962 1349 1990 κατάσπευδέ
1362 1970 1407 1988 σου
1419 1961 1464 1988 τὸν
1474 1960 1601 1995 λογισμόν
1613 1968 1620 1975 ·
1636 1958 1809 1994 γενοῦλκαθά-

1024 2021 1077 2048 περ
1102 2020 1145 2043 τις
1171 2009 1383 2045 πραγματευτὴς
1415 2008 1538 2043 ἄριστος,
1561 2006 1595 2032 τὰ
1621 2006 1708 2032 πάντα
1736 2005 1807 2040 πρὸς

1022 2058 1135 2094 ἡσυχίαν
1157 2055 1309 2091 δοκιμάζων
1320 2074 1327 2086 ,
1343 2054 1389 2081 καὶ
1402 2056 1435 2080 τά
1452 2053 1519 2089 πρὸς
1534 2051 1635 2087 ταύτην
1647 2052 1736 2086 ἥσυχα
1758 2051 1806 2076 καὶ

1023 2106 1153 2141 χρήσιμα.
1172 2103 1246 2138 Πλὴν
1269 2101 1340 2135 λέγω
1361 2108 1402 2126 σοι
1414 2119 1421 2132 ,
1438 2097 1569 2132 ξενιτείαν
1590 2097 1684 2132 ἀγάπα
1696 2105 1703 2112 '
1719 2096 1807 2123 ἀπαλ-

1021 2151 1112 2178 λάττει
1136 2149 1190 2185 γάρ
1211 2157 1240 2174 σε
1261 2147 1314 2174 τῶν
1331 2145 1401 2172 κατὰ
1416 2145 1464 2180 τὴν
1483 2144 1550 2171 ἰδίαν
1570 2143 1662 2179 χώραν
1674 2142 1805 2179 περιστά-

1022 2204 1107 2227 σεων,
1132 2195 1179 2222 καὶ
1200 2194 1249 2229 τῆς
1267 2192 1337 2220 κατὰ
1356 2191 1405 2227 τὴν
1428 2191 1541 2227 ἡσυχίαν
1566 2189 1698 2224 ὠφελείας
1725 2188 1806 2224 μόνον

1022 2240 1167 2268 ἀπολαύειν
1184 2241 1263 2266 ποιεῖ.
1282 2238 1337 2270 Τάς
1352 2239 1381 2264 ὲν
1395 2237 1470 2264 πόλει
1486 2235 1626 2272 διατριϐὰς
1641 2234 1739 2269 φεῦγε,
1757 2233 1805 2260 καὶ

1022 2289 1051 2314 ὲν
1071 2287 1166 2323 ἐρήμῳ
1182 2285 1360 2321 καρτέρησον,
1384 2284 1408 2310 εἰ
1433 2283 1543 2309 δυνατὸν
1560 2281 1590 2308 τὺ
1610 2280 1733 2308 καθόλου.
1756 2280 1805 2311 Εἰς

1021 2334 1097 2361 πόλιν
1117 2334 1153 2369 μὴ
1173 2332 1348 2367 ἀπαντήσῃς·
1369 2329 1444 2356 οὐδὲν
1465 2328 1519 2364 γὰρ
1544 2327 1709 2364 εὔχρηστον,
1728 2325 1807 2353 οὐδὲν

1020 2380 1155 2415 ὠφέλιμον
1169 2379 1202 2414 τῇ
1218 2377 1340 2413 πολιτείᾳ
1356 2385 1402 2403 σου
1420 2376 1479 2402 ἐκεῖ
1494 2374 1588 2410 θεάσῃ.
1602 2374 1648 2409 Μὴ
1668 2372 1806 2409 δειλιάσῃς

1020 2425 1085 2463 ἦχον
1098 2425 1197 2456 αὐτῶν,
1217 2424 1233 2459 ἢ
1249 2423 1368 2458 πτοηθῇς
1380 2431 1387 2437 ·
1407 2421 1474 2457 μηδὲ
1497 2419 1640 2455 άποφύγῃς
1653 2419 1684 2445 τδ
1698 2418 1807 2445 στάδιον

1020 2473 1068 2507 τῆς
1083 2472 1132 2507 σῆς
1149 2470 1290 2504 ὡφελείας.
1310 2467 1430 2502 Ἀφόὸως
1451 2466 1607 2501 ὑπόμεινον,
1623 2463 1670 2491 καὶ
1684 2463 1745 2498 ὕψει
1756 2463 1805 2490 τοῦ

1020 2517 1087 2544 Θεοῦ
1106 2516 1139 2544 τά
1155 2516 1283 2551 μεγαλεῖα
1293 2535 1300 2548 ,
1314 2513 1362 2550 τὴν
1380 2512 1462 2548 ἄλλην
1479 2512 1586 2538 ἃπασαν
1604 2510 1650 2537 ἐπὶ
1667 2508 1806 2544 σωτηρίαν

1021 2563 1214 2599 πληροφορίαν.

1054 2655 1080 2682 ι.
1103 2654 1164 2681 Ἐάν
1183 2653 1275 2688 φίλους
1292 2651 1356 2687 ἔχῃς
1368 2670 1375 2683 ,
1393 2650 1476 2685 φεῦγε
1500 2649 1602 2676 τούτων
1617 2647 1667 2679 τὰς
1683 2649 1806 2683 συνεχεῖς

1020 2700 1177 2735 συντυχίας·
1193 2698 1237 2725 διὰ
1258 2696 1362 2733 μακροῦ
1379 2695 1433 2731 γὰρ
1447 2695 1537 2726 αὐτοῖς
1558 2693 1748 2728 συντυγχάνων
1763 2692 1805 2718 εὑ-

1018 2749 1145 2784 χάριστος
1158 2746 1217 2782 ἔσῃ.
1237 2745 1299 2772 Ἐὰν
1315 2744 1342 2771 δὲ
1362 2742 1531 2778 κατανοήσῃς
1544 2740 1587 2767 διὰ
1597 2739 1697 2766 τούτων
1714 2737 1806 2765 αὐτῶν

1019 2794 1119 2830 βλάὸην
1135 2801 1174 2819 σοι
1190 2791 1345 2826 γινομένην,
1362 2788 1482 2824 μηδόλως
1499 2787 1612 2822 ὲγγίσῃς
1624 2795 1631 2801 ·
1646 2785 1738 2820 φίλους
1748 2784 1803 2820 γὰρ

1018 2843 1089 2878 ἔχειν
1107 2848 1135 2866 σε
1151 2839 1204 2874 χρὴ
1221 2839 1284 2869 τοὺς
1299 2836 1453 2871 ὠφελίμους
1466 2834 1511 2861 καὶ
1531 2830 1803 2867 συλλαμϐανομένους

1068 2888 1100 2922 σῇ
1116 2883 1246 2918 πολιτεία.
1261 2882 1346 2916 Φεῦγε
1361 2881 1414 2908 τῶν
1429 2878 1553 2915 πονηρῶν
1567 2876 1670 2912 ἀνδρῶν
1686 2875 1734 2902 καὶ
1749 2883 1803 2911 μα-
