1940 3068
216 142 266 172 854

772 146 800 174 S.
818 146 1047 176 ATHANASIUS.
1066 162 1100 167 —-
1117 147 1251 176 SPURIA.

1771 147 1828 176 852

217 201 270 236 εειιί
291 201 390 237 quippe
413 201 507 230 eodem
524 202 551 229 in
568 202 638 235 loco,
651 206 772 238 tempore
786 204 906 239 synaxis,
922 207 997 238 post-

1050 203 1162 230 τελοῦσι.
1179 203 1370 238 Συναγομένων
1385 203 1439 238 γὰρ
1454 202 1542 229 αὐτῶν
1558 202 1604 229 ἐπὶ
1624 203 1654 230 τὺ
1669 203 1734 230 αὐτὸ
1754 204 1827 232 κατὰ

217 255 298 282 quam
324 247 463 275 absolutus
479 251 520 275 est
541 248 671 284 psalmus,
688 256 742 276 non
761 249 853 277 statim
865 249 897 276 ad
913 257 997 284 genu—

218 293 358 321 llexionem
380 294 509 327 veniunt;
529 294 575 322 sed
588 295 747 330 priusquam
772 302 859 331 genua
876 295 996 327 ﬂectant,

219 338 326 364 modico
354 341 474 373 tempore
500 343 603 366 stantes
617 340 745 374 expansis
760 340 887 367 manibus
902 344 997 373 orant;

218 387 311 418 postea
338 384 412 411 humi
439 385 580 420 prostrati,
603 390 630 413 et
652 386 723 413 facta
735 387 808 414 brevi
827 387 898 414 inter
913 395 998 422 genu-

217 429 379 457 ﬂectendum
388 432 520 463 oratione,
536 440 589 459 una
604 437 877 468 surguntomnes:ac
891 441 998 461 rursum

217 476 345 510 expansis
356 477 480 505 manibus
492 478 594 505 diutius
609 483 688 513 alque
703 478 850 506 ferventius
863 480 999 514 supplica-

218 520 306 548 tiones
316 522 482 556 persolvunt,
490 523 596 551 nemine
603 524 806 559 genuﬂectente,
819 529 865 552 aut
877 533 907 553 ex
916 533 1000 561 genu-

219 565 332 594 ﬂexione
340 575 399 595 sese
409 568 539 603 erigente.
548 568 633 596 donec
642 570 665 597 is
675 570 722 605 qui
737 570 885 597 orationem
893 571 997 603 reeitat,

218 612 294 646 prior
301 613 473 647 genuﬂexerit
485 618 531 641 aut
542 615 615 650 prior
626 615 775 642 surrexerit
783 616 848 651 (40).
859 615 941 643 Prout
950 617 999 643 ita-

217 667 270 692 que
277 658 378 687 dictum
388 665 438 692 est,
446 668 506 688 cum
518 661 648 696 ejusmodi
661 664 801 697 synaxium
812 670 894 690 causa
902 670 1000 691 conve-

219 705 305 736 nium,
315 709 418 733 tantum
438 707 472 734 ab
486 708 612 736 omnibus
628 712 752 736 servatur
762 708 910 740 silentium,
925 712 955 736 ut
972 709 1000 735 in

219 756 295 777 tanto
307 755 333 778 et
342 759 409 786 pene
420 752 608 781 innumerabili
619 758 700 786 cmtu,
711 754 845 782 neminem
855 753 950 782 adesse
960 755 1000 781 vi-

219 795 330 830 deatur;
348 798 538 832 potissimuum
553 807 617 827 vero
635 805 753 835 tempore
771 800 999 835 orationum,quo

219 849 306 877 neque
316 849 423 878 sputum
432 845 573 878 emittitur,
582 853 669 880 neque
679 846 764 874 tussis
772 846 880 874 auditur
889 855 895 872 :
904 842 958 874 non
967 846 1000 873 il-

1046 248 1092 274 τὸν
1107 248 1201 284 καιρὸν
1215 249 1265 284 τῆς
1278 249 1427 281 συνάξεως,
1443 247 1522 284 ἡνίκα
1536 247 1662 284 τελειωθῇ
1679 249 1694 274 ὀ
1709 249 1827 284 ψαλμδς,

1047 294 1075 320 οὐ
1088 294 1257 329 παραχρῆμα
1271 294 1338 329 πρὸς
1353 293 1522 328 γονυκλισίαν
1539 293 1667 328 ὁρμῶσιν,
1679 294 1745 321 άλλά
1760 295 1828 331 πρὶν

1047 339 1063 374 ἣ
1077 339 1111 365 τὰ
1126 340 1225 373 γόνατα
1239 339 1356 375 κάμψαι,
1374 339 1441 374 πρὸς
1453 339 1541 372 ὀλίγον
1559 339 1704 374 ἱστάμενοι,
1717 341 1763 366 καὶ
1776 340 1828 373 τὰς

1048 386 1139 420 χεῖρας
1167 385 1347 420 ὲκτεταμένας
1369 384 1490 419 ἔχοντες,
1513 384 1651 419 εὔχονται·
1682 386 1729 412 καὶ
1758 386 1829 421 μετὰ

1046 429 1133 456 ταῦτα
1149 431 1235 466 χαμαὶ
1249 430 1463 466 προσπίπτοντες
1475 449 1482 461 ,
1502 430 1548 456 καὶ
1562 431 1628 466 πρὸς
1642 431 1731 465 ὀλίγον
1746 431 1829 458 πάλιν

1048 477 1076 503 ὲν
1091 477 1124 512 τῇ
1137 476 1293 512 γονυκλισίᾳ
1308 476 1447 512 εὐχόμενοι
1460 477 1568 509 πάντες,
1583 479 1610 504 ὲν
1626 477 1665 512 τῷ
1681 478 1739 512 ἅμα
1754 478 1829 511 ἐγεί-

1050 531 1140 558 ρονται
1151 531 1157 538 ο
1172 523 1218 550 καὶ
1232 524 1311 550 πάλιν
1329 524 1377 556 τὰς
1391 525 1484 560 χεῖρας
1503 524 1711 556 διαπετάσαντες
1721 545 1728 556 ,
1749 525 1829 550 ἐκτε-

1048 569 1173 604 νέστερον
1189 570 1236 596 καὶ
1257 569 1456 604 ἐπιτεταμένως
1469 570 1517 602 τὰς
1534 570 1637 601 ἱκεσίας
1657 569 1832 604 ἀποπληροῦ-

1050 622 1092 640 σιν
1103 635 1110 647 ,
1127 614 1233 646 οὐδενὸς
1249 614 1312 648 γόνυ
1328 614 1478 647 κλίνοντος,
1494 615 1511 650 ἢ
1534 615 1565 641 ὲκ
1587 614 1636 649 τῆς
1657 614 1830 648 γονυκλισίας

1049 660 1238 696 ἀνισταμένου,
1248 661 1300 692 ἕως
1313 660 1345 687 ἂν
1361 661 1375 687 ὁ
1386 661 1468 687 ποιῶν
1482 661 1571 692 αὐτοῖς
1584 661 1632 696 τὴν
1644 661 1735 696 εὐχὴν,
1750 660 1830 696 κλίνῃ

1049 706 1166 742 πρῶτος,
1180 705 1196 742 ἢ
1209 707 1311 742 ἀναστῇ
1326 706 1440 742 πρῶτος.
1457 706 1536 733 Καθὰ
1547 707 1634 733 τοίνυν
1651 706 1768 742 εἴρηται,
1784 707 1830 733 ὅτε

1049 752 1098 784 τὰς
1119 752 1318 787 προειρημένας
1334 752 1455 784 συνάξεις
1476 752 1629 780 ἐπιτελέσαι
1644 752 1828 788 συνέρχονται,

1051 797 1138 833 σιωπὴ
1153 797 1268 833 τοσαύτη
1283 796 1430 833 παρέχεται
1447 798 1499 824 ὑπὸ
1516 798 1633 830 πάντων,
1650 798 1686 829 ὡς
1702 797 1833 833 νομισθῆ-

1050 852 1094 869 ναι
1114 842 1215 878 μηδένα
1235 843 1376 878 ἄνθρωπον
1398 844 1428 870 ὲν
1448 844 1481 879 τῇ
1503 843 1618 878 τοσαύτῃ
1641 842 1694 869 τῶν
1709 842 1830 876 ἀδελφῶν

219 886 254 913 lic
262 887 375 922 pigritia:
381 888 499 923 signum.
507 897 559 916 non
566 879 731 923 dormitatio,
738 898 793 918 non
800 891 936 924 oscitatio,
944 898 998 918 non

1050 888 1225 924 άναριϐμήτῳ
1238 888 1336 924 πληθύῖ
1348 889 1483 924 παρεῖναι,
1494 887 1638 924 ἐξαιρέτως
1650 889 1677 914 ὲν
1688 887 1726 923 τῷ
1741 886 1831 923 καιρῷ

218 933 333 967 gemitus
348 941 409 960 cum
421 941 489 962 sono
504 935 660 964 audiuntur.
675 935 742 964 Eum
753 944 870 972 namque
884 938 929 972 qui
943 945 999 972 piae

218 986 321 1007 nausea
344 984 371 1008 et
391 981 475 1008 animi
505 982 618 1010 mollitie
641 990 703 1010 cum
725 982 844 1010 clamore
859 987 996 1018 precatur,

219 1023 295 1050 aiunt
319 1024 463 1059 dupliciter
489 1033 622 1062 peccare;
649 1027 753 1062 primo,
780 1027 854 1062 quod
881 1028 999 1063 segniter

219 1073 295 1104 oret;
326 1071 456 1104 secundo,
474 1073 546 1107 quod
566 1073 769 1108 indisciplinata
782 1073 828 1100 illa
843 1081 918 1106 voce,
935 1081 999 1108 pro-

218 1116 284 1143 ximi
313 1124 393 1145 aures
412 1118 555 1150 obtundat,
579 1126 610 1146 ac
623 1123 739 1146 mentem
755 1119 888 1148 distrahat
901 1130 908 1147 :
920 1120 998 1147 inva-

221 1161 348 1191 dentibus
365 1171 418 1191 una
442 1164 567 1200 malignis
584 1164 735 1200 spiritibus,
761 1165 808 1200 qui
821 1172 883 1192 eum
901 1173 950 1193 nos
962 1165 1000 1192 vi-

220 1208 309 1234 derint
330 1208 358 1235 in
372 1209 494 1236 oratione
516 1213 618 1238 stantes
628 1230 636 1242 ,
656 1210 844 1238 indecentibus
860 1219 910 1239 nos
925 1211 998 1247 cogi-

218 1253 376 1287 tationibus,
397 1258 424 1282 et
435 1263 536 1283 nausea
551 1259 631 1291 atque
644 1255 753 1283 fastidio
764 1257 881 1284 animam
900 1265 997 1292 aggra-

218 1303 294 1326 vant.
307 1299 362 1335 (Μ)
376 1299 442 1333 Qua:
460 1309 545 1329 causa
567 1306 609 1330 est
620 1306 649 1330 ut
663 1302 794 1338 psalmos,
811 1310 866 1330 non
878 1311 940 1330 cum
952 1307 997 1330 tu-

218 1345 305 1372 multu
322 1349 349 1373 et
370 1347 574 1381 perturbatione
597 1348 752 1376 festinando
765 1349 895 1382 recitent;
911 1356 998 1384 neque

218 1398 347 1419 versuum
374 1393 558 1426 multitudine,
582 1394 629 1421 sed
652 1394 752 1421 mentis
781 1393 998 1421 consideratione

218 1437 404 1470 oblectentur;
424 1446 455 1466 ea
471 1439 576 1466 scilicet
592 1439 755 1475 cogitatione
768 1439 793 1467 ei
817 1439 998 1475 obsequentes

218 1482 265 1516 qui
275 1482 329 1509 ait:
343 1491 352 1507 ι
368 1481 486 1510 Psallam
511 1484 620 1519 spiritu,
643 1485 757 1520 psallam
774 1489 801 1512 et
823 1489 914 1513 mente
924 1486 965 1513 "z
985 1495 995 1512 ι

218 1527 273 1553 rati
291 1527 384 1554 utilius
396 1535 457 1556 esse
470 1528 563 1556 decem
579 1537 674 1557 versus
689 1538 752 1558 cum
766 1532 915 1558 attentione
926 1531 998 1566 psal-
1010 1548 1032 1576 Ο

219 1571 292 1605 lere,
319 1580 400 1608 quam
432 1578 518 1602 totum
554 1575 713 1613 psalterium
744 1584 806 1604 cum
838 1577 998 1605 confusione

218 1618 328 1648 montis.

255 1753 337 1788 310
347 1754 373 1781 2.
387 1754 443 1789 (42)
456 1755 602 1790 Completis
616 1756 728 1791 psalmis
737 1761 764 1785 et
771 1764 885 1790 canone,
901 1759 939 1785 uti
953 1766 999 1786 su-

220 1799 313 1833 perius
336 1802 556 1834 memoravimus,
585 1810 664 1830 nemo
676 1801 789 1830 fratrum
809 1803 851 1830 vel
864 1803 999 1831 tantillum

221 1846 352 1880 temporis
365 1854 426 1873 cum
444 1847 497 1874 alio
508 1852 581 1876 stare
592 1852 639 1875 aut
647 1849 728 1876 verba
740 1848 829 1876 facere
839 1849 936 1877 audet:
952 1849 1000 1877 sed

220 1898 310 1925 neque
337 1892 405 1919 cella
429 1893 530 1928 egredi.
544 1898 590 1920 aut
605 1901 674 1929 opus
690 1894 814 1922 deserere
827 1903 918 1927 suum,
928 1896 1000 1931 quod

220 1944 277 1972 pne
304 1938 430 1966 manibus
456 1943 565 1972 tractat,
596 1939 673 1974 juxta
688 1941 873 1976 Apostolicum
901 1949 1001 1976 praece-

221 1988 314 2018 ptum;
332 1984 385 2011 nisi
414 1986 563 2013 necessarii
589 1986 730 2021 cujusdam
746 1987 836 2022 operis
857 1988 1000 2016 occasione

220 2037 316 2057 omnes
326 2037 378 2056 una
393 2032 668 2066 convenireoporteat
684 2041 690 2059 :
707 2032 808 2067 egressi
826 2037 914 2060 autem
931 2041 1000 2068 opus

221 2082 301 2101 suum
318 2080 520 2110 exsequuntur;
538 2076 574 2103 ita
588 2080 617 2104 ut
634 2084 669 2104 ne
682 2077 793 2104 minima
811 2077 919 2112 quidem
931 2078 1001 2105 inter

219 2126 268 2146 eos
282 2118 317 2146 sit
332 2119 526 2152 confabulatio,
545 2121 590 2148 sed
606 2121 704 2156 singuli
719 2121 886 2149 meditationi
903 2123 1000 2149 mentis

221 2169 317 2192 vacent
328 2170 354 2192 et
370 2166 484 2200 psalmo.
496 2170 522 2193 et
536 2166 608 2201 quod
623 2167 674 2194 sibi
685 2166 791 2202 jussum
802 2171 844 2195 est
860 2167 998 2202 impleant.

1048 934 1101 961 τῶν
1116 934 1272 970 προσευχῶν
1282 954 1289 966 ,
1304 934 1348 960 ὅτε
1361 933 1422 961 οὗτε
1437 933 1548 969 πτύσμα
1563 933 1749 969 προσέρχεται,
1767 931 1830 959 οὔτε

1049 979 1098 1015 βὴξ
1113 981 1234 1015 ἠχεῖται,
1247 979 1297 1006 οὒκ
1312 979 1411 1016 ἀκηδία
1422 999 1430 1012 ,
1445 979 1474 1006 οὐ
1496 979 1664 1014 νυσταγμδς,
1680 979 1710 1004 οὐ
1724 977 1830 1013 χάσμα,

1048 1025 1078 1052 οὐ
1097 1025 1244 1061 στεναγμοὶ
1262 1025 1319 1061 μετ’
1346 1026 1412 1061 ήχου
1427 1022 1641 1061 ἀναπέμπονται.
1657 1024 1708 1050 Τὸν
1730 1024 1783 1059 γὰρ
1801 1023 1830 1049 ὲν

1048 1071 1190 1107 χαυνότητι
1209 1071 1326 1104 διανοίας
1348 1072 1417 1108 μετὰ
1437 1071 1561 1107 κραυγῆς
1582 1070 1632 1102 τὰς
1645 1069 1725 1106 εὐχάς
1740 1069 1831 1095 ἐπιτε-

1048 1116 1154 1149 λοῦντα,
1167 1116 1265 1149 δισσῶς
1279 1117 1445 1153 ἁμαρτάνειν
1460 1116 1566 1151 λέγουσι
1581 1124 1588 1131 ·
1605 1115 1710 1151 πρῶτον
1729 1114 1777 1149 μὲν
1792 1113 1831 1146 ὡς

1050 1162 1177 1198 ῥᾳθύμως
1196 1163 1359 1198 εὐχόμενον,
1383 1162 1506 1197 δεύτερον
1530 1161 1557 1188 δὲ
1575 1161 1612 1193 ὡς
1628 1160 1780 1194 ἀπαιδεύτῳ
1794 1160 1830 1194 τῇ

1048 1209 1123 1244 φωνῇ
1139 1208 1187 1244 τὴν
1208 1208 1254 1235 τοῦ
1276 1208 1389 1244 πλησίον
1410 1208 1493 1244 ἀκοὴν
1522 1205 1755 1237 κατακτυποῦντα,
1782 1204 1830 1231 καὶ⁴

1047 1253 1255 1285 διασκεδάξοντα
1279 1254 1329 1290 τὴν
1352 1253 1490 1284 διάνοιαν,
1515 1251 1758 1286 συνεπιτιθεμένων
1781 1249 1831 1277 καὶ

1046 1299 1101 1326 τῶν
1114 1299 1237 1335 πονηρῶν
1251 1300 1412 1335 πνευμάτων
1422 1320 1430 1333 ,
1446 1300 1481 1331 οἳ,
1497 1299 1588 1333 ἐπειδὴ
1603 1298 1635 1325 ἃν
1652 1297 1741 1324 ἴδωσιν
1755 1297 1832 1332 ἡμᾶς

1047 1345 1086 1376 είς
1109 1344 1262 1380 προσευχὴν
1286 1343 1454 1379 ἱσταμένους,
1480 1343 1617 1378 λογισμοῖς
1631 1342 1764 1378 ἀπρεπέσι
1782 1341 1831 1370 καὶ

1047 1388 1145 1424 ἀκηδίᾳ
1160 1388 1208 1424 τὴν
1221 1389 1309 1424 ψυχὴν
1321 1388 1548 1425 καταδαρύνουσι.
1567 1388 1621 1415 Καὶ
1638 1388 1732 1414 τούτου
1749 1387 1830 1423 χάριν

1047 1434 1109 1465 τοὺς
1132 1432 1257 1468 ψαλμοὺς
1278 1433 1308 1459 οὐ
1333 1434 1401 1469 μετὰ
1421 1432 1535 1469 θορύὸου
1549 1433 1595 1459 καὶ
1612 1433 1731 1468 ταραχῆς
1747 1431 1831 1458 σπεύ-

1047 1479 1135 1506 δουσιν
1158 1479 1294 1512 ἐκτελεῖν,
1316 1479 1377 1506 οὐδὲ
1391 1479 1431 1515 τῷ
1446 1479 1541 1515 πλήθει
1562 1479 1617 1505 τῶν
1633 1479 1747 1514 στίχων,
1763 1477 1832 1505 ἀλλὰ

1047 1526 1080 1561 τῇ
1094 1526 1143 1561 τῆς
1157 1525 1274 1558 διανοίας
1290 1525 1381 1561 νοήσει
1396 1525 1594 1561 εὐφραίνονται,
1617 1525 1712 1560 ἐκείνῳ
1725 1523 1764 1559 τῷ
1785 1523 1832 1550 λο-

1048 1570 1139 1606 γισμῷ
1161 1570 1423 1602 κατακολουθοῦντες
1440 1569 1479 1606 τῷ
1500 1570 1629 1605 φάσκοντι
1640 1578 1647 1584 ·
1663 1578 1672 1594 ι
1691 1568 1775 1596 Ψαλῶ
1792 1569 1831 1604 τῷ

1049 1616 1202 1652 πνεύματι,
1222 1616 1298 1651 ψαλῶ
1314 1616 1363 1643 καὶ
1385 1615 1424 1651 τῷ
1441 1617 1496 1643 νοΐ·
1519 1625 1529 1641 ›
1548 1614 1755 1650 ὠφελιμώτερον
1776 1614 1833 1648 γὰρ

1048 1662 1139 1698 ἔχουσι
1159 1663 1190 1690 τὸ
1210 1662 1276 1690 δέκα
1301 1663 1408 1698 στίχους
1426 1662 1495 1698 μετὰ
1516 1662 1648 1693 συνέσεως
1672 1660 1792 1696 ψάλλειν,
1812 1660 1830 1695 ἢ

1049 1709 1109 1736 ὅλον
1123 1708 1154 1735 τδ
1166 1708 1313 1745 ψαλτήριον
1332 1708 1400 1744 μετὰ
1414 1708 1569 1743 συγχύσεως
1584 1708 1712 1740 διανοίας.

1083 1755 1111 1782 2.
1128 1754 1328 1782 Τελειωθέντων
1342 1755 1370 1781 δὲ
1385 1754 1438 1782 τῶν
1454 1754 1568 1790 ψαλμῶν
1584 1755 1632 1781 καὶ
1646 1753 1693 1781 τοῦ
1708 1754 1830 1787 κανόνος,

1049 1800 1136 1833 οὕτως
1166 1801 1204 1833 ὡς
1233 1801 1360 1837 ἀνωτέρω
1386 1799 1641 1836 ἐμνημονεύσαμεν,
1665 1800 1752 1832 οὐδεὶς
1775 1800 1832 1828 τῶν

1051 1846 1171 1881 ἀδελφῶν
1194 1846 1245 1873 κᾶν
1266 1846 1334 1881 πρὸς
1355 1845 1445 1879 ὀλίγον
1465 1846 1573 1881 στῆναι,
1596 1845 1755 1881 ἢὸμιλῆσαι
1772 1845 1831 1880 μετ’

1050 1893 1129 1920 ἄλλου
1145 1892 1232 1928 τολμᾷ
1242 1900 1248 1907 ο
1262 1892 1319 1918 ἀλλ’
1333 1892 1394 1918 οὐδὲ
1407 1891 1454 1918 τοῦ
1476 1891 1580 1918 κελλίου
1598 1891 1737 1927 προελθεῖν
1746 1911 1754 1924 ,
1771 1891 1787 1926 ἢ
1801 1891 1832 1918 τὸ

1050 1939 1130 1974 ἔργον
1144 1937 1298 1965 καταλιπεῖν
1309 1958 1316 1970 ,
1329 1938 1343 1964 ὃ
1359 1937 1427 1974 μετὰ
1446 1939 1538 1974 χεῖρας
1553 1937 1674 1973 ἔχουσιν,
1690 1937 1832 1964 ἀποστολι-

1050 1983 1096 2011 κὸν
1111 1983 1274 2019 πληροῦντες
1289 1983 1482 2019 παράγγελμα,
1496 1984 1520 2009 εἰ
1538 1983 1573 2018 μή
1586 1982 1636 2009 πού
1652 1991 1683 2017 γε
1698 1983 1778 2018 χρεία
1788 1983 1833 2016 γέ·

1050 2039 1128 2065 νηται
1150 2030 1216 2066 πρὸς
1241 2029 1360 2065 καθῆκόν
1379 2037 1450 2061 τινος
1468 2028 1616 2063 ἀναγκαίου
1635 2028 1714 2064 ἔργου
1728 2029 1832 2060 πάντας

1050 2075 1227 2101 συνεισελθεῖν
1237 2095 1244 2107 ,
1259 2075 1327 2111 ὅπερ
1348 2074 1419 2101 οὕτω
1439 2073 1508 2109 μετά
1530 2074 1647 2110 σπουδῆς
1661 2074 1708 2100 καὶ
1721 2073 1832 2109 ἐξερχό-

1051 2129 1125 2156 μενοι
1140 2120 1288 2156 πληροῦσιν
1298 2141 1305 2152 ,
1322 2120 1359 2152 ὡς
1375 2120 1508 2156 μηδεμίαν
1536 2120 1643 2155 ὁμιλίαν
1666 2119 1766 2155 μεταξὺ
1781 2121 1831 2146 αὺ-

1049 2166 1103 2193 τῶν
1114 2166 1288 2198 ἀνακύπτειν,
1304 2166 1361 2193 ἀλλ’
1375 2166 1487 2193 ἕκαστον
1502 2166 1668 2202 προσέχοντα
1681 2167 1713 2201 τῇ
1733 2165 1833 2202 μελέτῃ

221 2208 316 2244 Magna
337 2217 418 2244 porro
433 2211 616 2238 sollicitudine
639 2215 746 2244 cavent,
764 2220 798 2240 ne
811 2212 872 2247 quis
884 2211 997 2239 fratrum

1050 2212 1098 2247 τῆς
1120 2211 1238 2243 διανοίας
1260 2212 1307 2238 καὶ
1327 2211 1367 2246 τῷ
1384 2211 1499 2247 ψαλμῷ,
1513 2211 1678 2247 πληροῦντες
1689 2211 1719 2238 τὸ
1735 2221 1833 2247 προτε-

220 2263 282 2282 eum
307 2255 361 2282 alio
383 2256 499 2284 maxime
514 2256 616 2284 novitio
635 2257 710 2284 solus
723 2264 842 2291 unquam
859 2256 999 2291 relinqua-

221 2304 276 2332 tur,
291 2304 337 2326 aut
348 2300 466 2328 extensis
488 2300 611 2328 manibus
629 2301 745 2336 aliquem
770 2305 940 2329 contrectare
953 2304 1000 2328 aut

221 2346 364 2380 complecti
381 2346 487 2374 audeat.
517 2346 595 2380 Quod
623 2347 645 2375 si
675 2347 736 2382 quis
758 2347 828 2374 hanc
848 2346 999 2382 transgredi

221 2391 341 2425 regulam
370 2391 607 2426 deprehendatur,
642 2392 808 2428 gravissimae
835 2392 999 2428 correptioni

221 2437 375 2472 subjicitur.

255 2525 281 2552 5.
301 2524 357 2560 (45)
374 2524 412 2553 De
439 2526 572 2553 canonico
594 2525 684 2561 itaque
701 2533 786 2558 more,
812 2526 868 2554 sive
888 2533 998 2560 precum

222 2569 279 2596 sive
293 2570 470 2604 psalmorum,
485 2578 539 2604 quo
561 2576 638 2605 pacto
655 2571 757 2598 scilicet
770 2579 817 2599 eas
831 2575 955 2606 oporteat
969 2571 997 2598 in

221 2615 327 2643 diurnis
351 2616 528 2643 conventibus
545 2616 692 2649 observari,
708 2621 750 2645 sat
769 2625 785 2644 a
800 2617 940 2652 uobisjam
957 2617 998 2644 di-

221 2666 294 2688 ctum
309 2665 361 2689 est.
389 2661 521 2697 Deinceps
541 2670 606 2690 vero
622 2663 755 2698 agendum
769 2663 848 2691 nobis
862 2668 904 2692 est
917 2663 951 2692 de
964 2664 998 2691 iis

257 2739 280 2756 "
300 2739 309 2765 Ι
327 2739 388 2767 Cor.
406 2748 462 2773 xw,
482 2741 525 2768 15.

195 2804 206 2835 ’ἐ
268 2816 302 2843 ιο
329 2815 448 2844 Cassian.
467 2816 584 2845 Institi”.
600 2819 646 2846 lib.
666 2826 696 2850 ιι,
717 2827 741 2846 c.
762 2819 801 2846 ιο.

257 2815 312 2888 ξμς
330 2850 396 2879 una.
411 2859 434 2879 c.
450 2852 492 2880 ti.

330 2850 396 2879 Ibid.
411 2859 434 2879 c.
450 2852 492 2880 Η.

1049 2257 1193 2292 ταγμένον.
1205 2256 1318 2293 Μεγάλῃ
1329 2256 1356 2283 δὲ
1367 2257 1468 2292 σπουδῇ
1480 2257 1650 2291 φυλάττουσι,
1661 2258 1697 2293 μή
1708 2266 1750 2289 τις
1762 2258 1832 2293 μετὰ

1050 2302 1141 2334 ἄλλου,
1159 2302 1206 2329 καὶ
1222 2302 1337 2337 μάλιστα
1351 2303 1482 2338 ἀρχαρίου
1493 2323 1500 2335 ,
1517 2303 1664 2338 ἀπολειφθῇ
1682 2303 1737 2330 τῶν
1753 2303 1832 2330 ἀδελ-

1049 2348 1107 2382 φῶν
1123 2348 1230 2380 ἰδιάζων
1247 2348 1298 2375 πού
1320 2357 1384 2375 ποτε
1394 2348 1429 2384 ,ἢ
1444 2348 1494 2380 τὰς
1510 2349 1578 2380 ἰδίας
1600 2350 1694 2384 χεῖρας
1708 2349 1832 2382 ἐκτείνας

1049 2393 1169 2429 τολμήσῃ
1185 2395 1328 2429 κατασχεῖν
1346 2395 1362 2429 ἢ
1377 2394 1575 2430 περιπλακῆναι
1589 2394 1682 2430 ἑτέρῳ.
1699 2395 1730 2421 Εἰ
1749 2395 1778 2422 δέ
1791 2403 1832 2427 τις

1051 2438 1226 2474 παραϐαίνων
1238 2439 1283 2465 τὸν
1299 2439 1397 2467 κανόνα
1413 2438 1506 2466 τοῦτον
1518 2439 1625 2476 εὑρεθῇ,
1640 2441 1768 2476 ἐπιτιμίῳ
1785 2440 1833 2476 βα-

1052 2484 1157 2518 ρυτάτῳ
1170 2484 1347 2510 ὑποὸά).λεται

1086 2529 1112 2555 5.
1134 2529 1200 2564 Περὶ
1218 2529 1267 2564 μὲν
1283 2527 1329 2556 οὖν
1343 2529 1390 2556 τοῦ
1406 2529 1546 2556 κανονικοῦ
1562 2531 1663 2565 τρόπου
1675 2531 1728 2558 τῶν
1741 2540 1771 2558 τε
1785 2532 1821 2558 si)-

1049 2573 1104 2609 χῶν
1127 2574 1173 2601 καὶ
1187 2574 1240 2601 τῶν
1254 2575 1366 2610 ψαλμῶν
1376 2595 1382 2607 ,
1399 2575 1428 2607 ὃς
1445 2576 1546 2610 ὀφείλει
1562 2577 1589 2602 ὲν
1604 2578 1664 2608 ταῖς
1679 2576 1816 2613 καθημερι

1049 2621 1109 2652 ναῖς
1121 2621 1237 2653 συνόδοις
1246 2622 1434 2656 φυλάττεσθαι,
1447 2622 1543 2654 ἱκανῶς
1553 2623 1738 2659 ήμῖνεῖρηται.
1745 2624 1831 2658 Ὀφεί-

1050 2665 1131 2700 λομεν
1147 2665 1175 2692 δὲ
1187 2665 1277 2694 λοιπὸν
1293 2666 1358 2702 περὶ
1375 2666 1429 2694 τῶν
1444 2667 1670 2703 ἀποτασσομένων
1683 2667 1722 2704 τῷ
1734 2668 1830 2705 κόσμῳ

1087 2815 1142 2850 (t2)
1163 2815 1228 2843 ibid.
1247 2816 1330 2844 c.15.

1089 2852 1144 2883 (43)
1161 2851 1226 2879 ibid.
1238 2851 1284 2879 lib.
1300 2859 1336 2881 ιν.
1353 2859 1378 2879 c.
1393 2851 1416 2878 Ι.
