1940 3068
140 84 195 110 853

732 83 901 112 EPISTOLA
919 84 930 111 l
950 84 994 112 AD
1013 83 1210 113 CASTOREM.

1707 87 1760 116 854-

139 138 339 174 διηγήσασθαι,
356 139 424 174 ποίῳ
437 139 529 175 τρόπῳ
550 140 580 165 ἐν
596 140 700 172 τούτοις
712 142 768 172 τοῖς
784 140 926 172 κοινοϐίοις

980 142 1022 177 qui
1035 141 1166 169 mundum
1188 140 1358 173 abdicarunt.
1373 148 1427 176 qua
1440 140 1545 169 ratione
1562 141 1591 168 in
1615 140 1691 169 hisce
1706 148 1764 169 cre-

139 183 324 219 είσέρχονται,
346 184 393 210 καὶ
415 184 570 220 διαμένουσι
589 185 862 221 ταπεινοφρονοῦντες
879 185 926 212 καὶ

141 230 356 265 ὑποτασσόμενοι
379 230 430 261 ἓως
445 230 596 265 βαθυτάτης
618 230 722 262 πολιᾶς.
737 231 859 266 Τοσαύτη
873 231 927 267 γὰρ

142 277 208 312 παρ’
222 277 342 312 αὑτοῖ;ή
360 276 465 312 ὑπακοὴ
480 277 527 303 καὶ
550 277 714 309 ταπείνωσις
737 278 800 312 ἄχρι
823 279 926 313 γήρως,

140 322 190 356 ὅση
213 322 262 348 οὐκ
283 322 316 348 ἂν
335 322 432 358 εὑρεθῇ
454 322 513 348 οὐδὲ
531 322 602 348 κατὰ
617 322 661 348 τὸν
684 322 792 358 πρῶτον
807 323 927 348 ἐνιαυτὸν

142 369 199 398 τοῖς
209 367 440 402 ἀποτασσομένοις
455 369 484 394 ἐν
497 369 553 398 τοῖς
566 368 626 393 καθ’
640 368 712 402 ἡμᾶς
729 367 926 404 μοναστηρίοις.

141 413 179 439 Οὐ
196 414 327 448 πρότερον
341 413 428 440 τοίνυν
443 413 601 448 δεχθήσεται
615 412 668 439 ἔσω
683 414 712 439 ἐν
734 413 773 448 τῷ
797 421 928 448 μοναστη-

143 459 193 494 ρίῳ
208 459 222 484 ὁ
235 458 319 485 θέλων
332 460 456 494 μονάσαι,
467 459 531 494 πρὶν
546 458 682 491 ἀπόδειξίν
696 467 756 485 τινα
771 459 818 485 καὶ
832 460 928 494 πεῖραν

139 505 187 532 τοῦ
211 504 278 540 πρὸς
297 505 363 532 Θεὸν
384 505 466 531 πόθου
485 506 592 540 καὶτῆς
611 505 800 536 ταπεινώσεως
813 505 860 531 καὶ
875 513 927 540 μα-

140 551 292 587 κροθυμίας
315 551 358 578 διὰ
379 552 430 586 τῆς
453 551 624 578 ὲπιπλεῖστον
646 552 768 586 ὑπακοῆς
788 551 926 587 παράσχῃ.

139 598 318 634 Δοκιμασθεὶς
331 595 377 624 οὖν
389 599 418 624 ἐν
428 597 541 630 τούτοις,
551 598 747 634 εὐπρόσδεκτος
760 599 823 634 παρ’
838 598 929 629 αὐτοῖς

139 644 264 677 γίνεται,
283 645 330 671 καὶ
351 643 506 670 διδάσκεται
531 645 582 680 τῆς
603 644 684 671 αὑτοῦ
710 643 868 679 περιουσίας
892 643 928 678 μὴ

139 690 211 725 ἔχειν
225 699 250 716 τι
265 690 527 726 τεθησαυρισμένον*
547 690 704 716 ἐπίστανται
716 689 769 725 γὰρ
783 689 828 716 τὸν
840 697 928 724 παρα-

139 734 293 770 κρατοῦντά
306 744 332 761 τι
343 734 397 761 τῶν
413 735 485 761 ἰδίων
502 734 539 770 μὴ
557 734 685 761 δύνασθαι
697 734 834 770 διαμένειν
849 734 929 760 πολυ-

140 782 246 816 χρόνιον
264 783 292 808 ὲν
312 783 344 817 τῇ
357 782 404 808 τοῦ
422 781 603 817 μοναστηρίου
621 782 753 816 ὑποταγῇ,
771 781 817 807 καὶ
830 789 929 807 κακου-

140 830 188 865 χίᾳ.
213 830 253 861 εἰς
274 829 349 861 τέλος
371 830 555 865 ἐγκαρτερεῖν.
589 828 685 855 Ἠνίκα
707 828 760 864 γάρ
785 828 927 863 οίαδήποτε

141 875 278 910 πρόφασις
292 875 308 910 ἢ
325 874 412 909 θλίψις
423 875 472 910 τὴν
488 874 569 901 αὺτοῦ
584 875 689 910 κινήσει
703 874 832 905 διάνοιαν,
847 874 927 906 εὐθὺς

140 921 158 956 ἡ
171 920 218 946 τοῦ
231 920 411 955 ἀποκειμένου
427 920 515 951 ἐλπὶς,
531 919 623 955 ὥσπερ
639 919 767 954 σφενδόνη
784 918 867 951 λίθον,
882 918 927 945 τοῦ

143 966 323 1002 μοναστηρίου
347 966 510 992 ἐκτινάσσει.
529 966 578 993 Διά
603 974 643 992 τοι
657 964 736 991 τοῦτο
751 964 866 996 ἕκαστος
881 964 929 990 αὺ-

141 1013 194 1039 τῶν
206 1012 354 1048 γυμνοῦται
364 1012 414 1047 τῆς
429 1012 544 1048 ἀρχαίας
555 1012 722 1047 περιουσίας,
735 1011 772 1043 ὡς
784 1011 849 1046 μηδὲ
864 1011 929 1037 αὐτὸ

140 1058 172 1084 τὸ
190 1058 291 1093 ἔνδυμα
306 1057 320 1083 ὃ
334 1057 562 1093 περιϐεϐλημένος
581 1055 646 1093 ἦλθε
667 1057 713 1083 τοῦ
729 1056 823 1083 λοιποῦ
838 1057 928 1092 φορεῖν

143 1102 351 1138 συγχωρεῖσθαι.
383 1102 481 1134 Ἀλλὰ,
505 1102 559 1129 τῶν
586 1100 707 1135 ἀδελφῶν
735 1100 844 1126 πάντων
868 1107 929 1126 συν-

142 1149 278 1185 ηγμένων,
291 1148 436 1184 προαχθεὶς
449 1149 489 1180 εἰς
502 1148 532 1174 τὺ
547 1147 638 1183 μέσον,
648 1146 772 1173 ἐκδύεται
786 1146 820 1172 τὰ
835 1145 929 1181 ἱμάτια

143 1196 176 1222 τὰ
191 1195 254 1226 ἴδια,
270 1195 316 1221 καὶ
332 1194 375 1221 διὰ
388 1194 442 1221 τῶν
459 1193 558 1229 χειρῶν
570 1193 617 1219 τοῦ
633 1193 704 1219 ἀεῧᾶ
717 1212 723 1224 ,
738 1191 868 1227 ἐνδύμασι
881 1189 929 1218 τοῦ

145 1250 262 1277 μοναστη
268 1242 324 1277 ρίου
338 1240 568 1277 μεταμφιέννυται
579 1249 585 1255 ·
600 1240 637 1271 ὡς
650 1238 694 1265 διὰ
711 1238 756 1265 τοῦ
770 1238 856 1264 τύπου
869 1237 930 1264 τού-

142 1296 189 1313 του
216 1287 362 1322 ἐπιγνῶναι
393 1287 489 1318 αὑτὸν,
512 1286 569 1318 ὅτι,
591 1285 698 1311 πάντων
720 1284 773 1310 τῶν
791 1282 929 1319 κοσμικῶν

143 1333 312 1370 πραγμάτων
329 1333 375 1360 καὶ
391 1333 440 1368 τῆς
460 1331 628 1364 ἀλαζονείας,
646 1331 694 1357 καὶ
716 1329 762 1357 τοῦ
780 1329 864 1364 τύφου
878 1337 929 1364 γυ-

144 1379 275 1416 μνωθεις,
293 1378 436 1407 ἐνεδύσατο
448 1377 497 1415 τὴν
512 1377 648 1412 πτωχείαν
662 1376 707 1403 τοῦ
726 1376 843 1412 Χριστοῦ
857 1397 864 1409 ,
884 1375 930 1402 καὶ

141 1427 183 1453 ὅτι
197 1425 418 1461 ἀνεπαισχύντως
433 1424 574 1460 ὲναριθμεῖ
589 1422 683 1451 ἑαυτὸν
693 1444 699 1450 .
714 1422 762 1449 καὶ⁸
785 1422 870 1453 ἐξισοῖ
891 1421 931 1456 τῷ

143 1472 250 1507 σώματι
263 1472 312 1507 τῆς
332 1471 519 1506 ἀδελφότητος.
538 1470 576 1497 Τὰ
592 1470 622 1496 ’δὲ
641 1469 735 1505 ἱμάτια
754 1468 772 1495 ἃ
785 1467 929 1495 ἀποδύεται

141 1517 232 1545 λαϐὼν
244 1519 258 1544 ὁ
268 1518 406 1553 οἰκονόμος
421 1518 470 1552 τῆς
485 1517 567 1552 μονῆς
581 1516 718 1550 φυλάττει,
733 1515 866 1551 ἀφορίσας
876 1514 928 1546 ἕως

141 1564 164 1591 δ’
181 1564 214 1591 ἂν
235 1565 286 1599 τῆς
299 1565 438 1600 προκοπῆς
461 1563 543 1590 αὑτοῦ
558 1563 605 1590 καὶ
621 1562 670 1598 τῆς
685 1562 868 1597 ἀναστροφῆς,
881 1561 929 1588 καὶ

142 1611 280 1646 ὑπομονῆς
292 1611 340 1646 τῆς
352 1611 380 1636 ὲν
391 1610 526 1645 διαφόροις
541 1604 847 1644 πειρασμοῖξάπόδειξιν
860 1616 930 1643 παρ-

143 1658 224 1693 άσχῃ.
245 1657 298 1683 Καὶ
313 1657 336 1683 εί
355 1656 403 1691 μὲν
419 1655 535 1692 εὕρωσιν
564 1655 646 1681 αὑτὸν
659 1653 808 1689 δυνάμενον
827 1653 856 1679 ὲν
868 1653 930 1679 τοὺ-

142 1711 197 1734 τοις
223 1703 364 1737 καρτερεῖν
377 1721 384 1733 ,
400 1702 446 1728 καὶ
462 1701 490 1727 ὲν
514 1700 614 1735 σπουδῇ
629 1700 701 1735 πάσῃ
715 1719 722 1731 ,
745 1699 791 1725 καὶ
805 1699 929 1735 διαπύρῳ

143 1751 242 1787 θέρμῃ,
286 1750 426 1785 ἐνήρξατο,
444 1748 603 1783 διαμένοντα
615 1767 622 1780 ,
637 1749 691 1779 τοῖς
709 1747 810 1778 λοιποῖς
822 1754 929 1782 συναρι-

143 1797 255 1832 θμοῦσιν
271 1795 407 1830 ἀδελφοῖς·
424 1795 487 1822 είδέ
499 1803 525 1821 τι
553 1793 710 1829 γογγυσμοῦ
736 1793 890 1828 ἐλάττωμα,
910 1793 926 1829 ἢ

143 1843 282 1879 παρακοῆς
298 1842 457 1877 οίασδήποτε
477 1839 612 1876 ἁμαρτίαν
629 1841 658 1866 ὲν
687 1839 762 1874 αὐτῷ
785 1839 928 1874 καταμάρ-

144 1888 226 1915 θωσιν
250 1887 281 1925 [Γ.
297 1886 537 1923 καταμάρψωσιν],
553 1886 693 1916 ὲκδύοντες
703 1885 797 1912 τοῦτον
814 1885 884 1920 ἅπερ
897 1886 929 1911 ὲκ

143 1935 190 1962 τοῦ
206 1934 383 1970 μοναστηρίου
397 1933 563 1964 ὲνεδύσαντο,
575 1933 688 1963 καὶτοῖς
702 1933 842 1967 κοσμικοῖς
855 1931 930 1958 ὲνδύ-

146 1990 211 2017 μασι
224 1980 303 2008 πάλιν
314 1979 530 2015 περιϐάλλοντες,
539 1977 711 2004 ἀπωθοῦνται
724 1977 770 2004 τοῦ
784 1976 927 2004 κοινοϐίου.

150 2028 238 2059 Ὠςέκ
252 2025 353 2062 ταύτης
365 2025 457 2052 λοιπὸν
480 2026 530 2060 τῆς
544 2023 687 2060 ἀκριϐείας
712 2023 748 2058 μὴ
766 2022 876 2058 εὐχερὲς
892 2020 929 2049 εἷ-

145 2082 188 2101 ναι
206 2073 245 2109 τῷ
270 2073 422 2108 βουλομένῳ
439 2070 609 2106 είσέρχεσθαι
631 2070 669 2101 ὡς
692 2069 814 2104 βούλεται
831 2069 847 2104 ἢ
864 2069 929 2096 ἀνα-

145 2121 242 2156 χωρεῖν
263 2120 312 2154 τῆς
338 2118 439 2154 μονῆς,
458 2117 524 2144 ἀλλὰ
552 2116 596 2144 τὸν
623 2116 660 2152 μὴ
683 2116 836 2151 ἐμμένοντα
859 2115 930 2141 κατὰ

146 2166 233 2192 πάντα
255 2165 356 2200 τρόπον
379 2164 411 2200 τῇ
437 2162 491 2190 ἰδία
513 2162 642 2198 ὁμολογίᾳ
670 2161 862 2197 μετενδύεσθαι
882 2160 929 2186 τοῦ
947 2165 968 2192 ι)

147 2211 326 2248 μοναστηρίου
332 2231 338 2237 .

179 2258 206 2284 4.
227 2258 291 2284 Ὅτε
316 2256 406 2283 τοίνυν
433 2256 447 2282 ὁ
477 2254 632 2289 ὑποδεχθεὶς
658 2253 760 2290 ταύτῃ,
785 2250 857 2290 ᾗπερ
885 2253 930 2279 et—

146 2304 280 2340 ρήκαμεν,
303 2301 430 2338 ἀκριϐείᾳ
457 2300 624 2335 δοκιμασθῇ,
652 2299 699 2326 καὶ
718 2299 860 2334 ἄμεμπτος
887 2298 931 2325 εὑ-

146 2348 225 2385 ρεθῇ,
245 2348 274 2375 οὐ
294 2347 461 2383 παραχρῆμα
479 2347 512 2381 τῇ
532 2345 638 2380 συνοδίᾳ
655 2344 709 2371 τῶν
728 2343 848 2378 ἀδελφῶν
870 2351 930 2369 συν-

145 2393 342 2429 αναμίγνυσθαι
372 2392 566 2429 ἐπιτρέπεται,
593 2390 659 2417 ἀλλά
689 2389 864 2425 παραδίδοται
889 2388 929 2424 τῷ

146 2439 349 2474 ἒιιιτεταγμὲνῳ
361 2437 410 2474 τὴν
426 2437 554 2473 φροντίδα
573 2435 626 2462 τῶν
646 2435 742 2467 ξένων,
763 2435 809 2460 καὶ
825 2433 929 2464 τούτοις

146 2486 236 2513 πᾶσαν
246 2484 402 2519 ἐπιμέλειαν
410 2484 455 2510 καὶ
467 2481 618 2518 ὑπηρεσίαν
625 2482 711 2506 ποιεῖν
720 2479 927 2514 προστᾰιςισεται⁸

146 2532 193 2559 καὶ
205 2531 250 2557 ὅτε
269 2529 412 2565 ὁλόκληρον
434 2527 556 2555 ἐνιαυτὸν
573 2526 725 2562 ἀμέμπτως
738 2524 928 2560 ἐξυπηρετήσῃ

145 2579 201 2609 τοῖς
224 2576 308 2610 ξένοις
320 2595 328 2608 ,
347 2575 481 2606 τυπωθεὶς
496 2573 540 2600 διὰ
559 2572 654 2599 τούτου
677 2571 746 2606 πρὸς
766 2570 930 2596 ταπείνωσιν

146 2624 192 2650 καὶ
206 2621 407 2658 μακροθυμίαν,
427 2619 631 2654 συναριθμεῖται
653 2617 745 2644 λοιπον
769 2617 802 2652 τῇ
823 2615 929 2650 συνοδίᾳ

145 2669 198 2696 τῶν
212 2666 351 2702 ἀδελφῶν,
367 2666 413 2693 καὶ
428 2665 602 2701 παραδίδοται
617 2664 656 2690 ἐνὶ
671 2662 725 2689 τῶν
738 2661 882 2698 γερόντων,
900 2660 928 2691 ὃς

175 2745 237 2777 ’(44)
254 2744 378 2771 Cassia".
396 2742 514 2770 lnslilut.
532 2741 576 2769 lib.
595 2750 631 2774 tv,
646 2747 670 2768 ι’.
685 2740 713 2766 2.

183 2781 239 2815 (ιδ)
254 2779 323 2815 ibid.
339 2787 364 2805 ο.
379 2779 397 2815 ,5
413 2785 438 2804 L't
452 2779 478 2804 ι.

184 2813 238 2850 (ιθ)
254 2813 323 2842 ibid.
337 2823 360 2841 ς.
378 2814 402 2840 5.

978 187 1068 215 nobiis
1092 186 1289 222 ingrediantur,
1308 186 1335 213 in
1352 186 1459 221 illisque
1471 189 1650 221 permaneant
1666 186 1694 213 in
1709 186 1764 214 hu—

978 233 1092 260 militate
1114 236 1142 259 et
1160 232 1337 267 obsequentia
1354 239 1440 266 usque
1466 231 1499 258 ad
1510 235 1658 259 extremam
1682 239 1762 260 sene-

978 283 1089 306 ctutem.
1104 278 1160 314 (M)
1176 278 1263 305 Tanta
1271 279 1370 313 quippe
1383 277 1454 312 apud
1466 277 1526 305 illos
1540 281 1582 305 est
1596 277 1762 309 obedientia,

978 329 1053 352 tanta
1083 325 1221 352 humilitas
1248 326 1280 352 ad
1304 329 1472 352 senectutem
1486 332 1585 359 usque,
1605 328 1706 359 quanta
1729 332 1763 351 ne

978 372 1066 406 primo
1078 371 1186 406 quidem
1207 379 1279 398 anno
1295 371 1322 398 in
1333 371 1366 398 iis
1379 371 1424 405 qui
1443 371 1571 398 saeculum
1590 370 1762 400 abdicarunt,

977 417 1006 444 in
1028 417 1201 445 monasteriis
1224 417 1325 444 nostris
1354 417 1515 452 reperiatur.
1534 416 1589 451 (45)
1611 415 1670 442 Non
1685 416 1762 450 prius

978 464 1071 498 itaque
1087 464 1115 490 in
1139 463 1306 490 monasterio
1328 463 1481 490 admittitur
1494 462 1541 497 qui
1557 462 1614 488 vult
1628 469 1689 489 esse
1701 468 1763 489 mo-

978 510 1093 541 nachus,
1105 517 1187 544 quam
1205 510 1343 544 Specimcn
1360 514 1386 537 et
1399 509 1613 544 experimentum
1624 507 1762 543 quoddam

979 554 1021 581 sui
1032 562 1097 590 erga
1111 553 1195 581 Deum
1208 555 1319 586 amoris.
1331 554 1492 582 humilitatis
1505 561 1562 581 suae
1575 557 1655 588 atque
1671 560 1762 588 acqua-

978 601 1112 629 nimitatis
1134 609 1182 636 per
1206 608 1339 628 summam
1370 600 1551 627 obedientiam
1578 599 1691 626 dederit.
1715 597 1761 626 His

979 647 1070 682 itaque
1097 648 1238 682 probatus,
1258 650 1288 674 ut
1320 645 1502 673 admittendus
1519 646 1553 672 ab
1567 645 1621 672 illis
1646 644 1761 672 trahetur

979 697 1060 728 atque
1070 692 1194 726 docetur,
1212 701 1246 720 ne
1260 692 1408 728 quidquam
1421 692 1455 719 de
1470 691 1548 719 bonis
1560 691 1618 718 suis
1638 690 1707 726 apud
1733 697 1763 717 se

979 741 1150 769 reconditum
1175 744 1316 767 conservet
1336 739 1432 774 :gnari
1459 738 1564 766 scilicet
1586 745 1648 765 eum
1664 737 1711 771 qui
1727 736 1763 763 de

979 786 1059 814 bonis
1076 786 1135 814 suis
1150 786 1298 821 quidquam
1311 785 1420 817 retinet,
1440 793 1496 812 non
1512 790 1592 819 posse
1608 782 1653 810 diu
1666 783 1692 809 in
1704 789 1762 809 πιθα-

977 828 1090 858 nasterii
1106 831 1260 859 obedientia
1281 838 1451 866 permanere,
1468 837 1555 865 neque
1573 827 1608 854 ad
1621 828 1700 856 ﬁnem
1715 836 1762 856 us-

976 884 1029 912 que
1039 883 1222 911 perseverare,
1236 882 1291 909 prm
1306 875 1389 908 animi
1402 874 1530 910 languore
1542 882 1574 902 ac
1590 874 1678 902 taedio.
1693 873 1761 901 Cum

978 921 1079 956 quaevis
1092 921 1165 948 enim
1181 920 1293 947 minima
1309 919 1418 946 occasio
1432 923 1478 945 aut
1493 919 1600 946 afﬂictio
1624 919 1684 954 ejus
1707 925 1765 945 mo-

977 968 1050 996 vebit
1064 967 1196 998 animum,
1212 965 1304 993 statim
1315 965 1448 993 reconditi
1460 965 1580 992 thesauri
1598 972 1670 1000 spes,
1683 963 1762 999 quasi

978 1013 1062 1041 funda
1076 1012 1204 1048 lapidem,
1223 1012 1389 1039 monasterio
1409 1011 1485 1038 illum
1500 1010 1584 1045 ejieit.
1605 1010 1660 1046 (46)
1672 1009 1763 1043 Quare

978 1059 1068 1095 quivis
1085 1059 1193 1086 illorum
1211 1057 1331 1092 antiquis
1353 1057 1573 1092 possessionibus
1588 1057 1706 1087 exuitur.
1725 1056 1764 1083 ita

978 1110 1009 1133 ut
1030 1112 1064 1132 ne
1092 1104 1254 1133 vestimento
1267 1103 1376 1138 quidem
1387 1111 1441 1138 quo
1458 1103 1570 1130 indutus
1584 1107 1642 1130 erat
1655 1102 1696 1129 uti
1710 1102 1762 1129 sibi

979 1151 1069 1178 liceat.
1084 1149 1137 1177 Sed
1152 1149 1323 1185 congregatis
1331 1149 1438 1176 cunctis
1453 1148 1593 1180 fratribus,
1609 1148 1763 1175 inmedium

979 1197 1123 1228 adductus,
1149 1196 1260 1224 emitur
1289 1195 1459 1224 vestimentis
1485 1195 1613 1230 propriis.
1625 1198 1651 1221 et
1669 1201 1763 1221 eorum

979 1242 1039 1269 loco
1052 1241 1157 1269 abbatis
1174 1241 1301 1268 manibus
1313 1241 1471 1268 monasterii
1489 1240 1659 1268 vestimentis
1674 1240 1764 1267 indui-

978 1292 1040 1322 tur;
1056 1292 1085 1315 ut
1099 1295 1130 1316 ea
1139 1288 1226 1315 forma
1243 1287 1463 1322 cognoscatipse,
1478 1295 1508 1315 se
1521 1287 1667 1314 mundanis
1680 1286 1763 1313 rebus

979 1335 1106 1362 omnibus
1122 1334 1278 1369 arrogantia
1294 1336 1358 1361 item
1375 1338 1402 1361 et
1417 1333 1544 1369 superbia
1562 1333 1705 1365 nudatum,
1719 1332 1762 1358 in-

980 1380 1073 1408 duisse
1101 1384 1287 1415 paupertatem
1316 1379 1430 1411 Christi.
1452 1383 1479 1407 et
1508 1380 1567 1407 sine
1583 1379 1686 1414 pudore
1703 1385 1764 1405 sese

980 1434 1178 1454 connumerare
1189 1430 1215 1454 et
1228 1433 1372 1461 exaequare
1384 1426 1492 1460 corpori
1505 1425 1684 1452 fraternitatis
1696 1424 1764 1460 (47).

943 1485 963 1514 C
983 1472 1148 1500 Vestimenta
1179 1476 1268 1500 autem
1290 1472 1390 1507 quibus
1413 1472 1521 1499 exuitur
1549 1476 1659 1507 accepta
1673 1474 1764 1498 servat

981 1523 1139 1548 (Economus
1169 1519 1338 1551 monasterii,
1362 1522 1443 1553 atque
1471 1525 1594 1546 seorsum
1634 1517 1761 1552 reponit,

981 1565 1068 1593 donec
1092 1566 1149 1600 ipse
1161 1565 1311 1600 profectus,
1336 1564 1552 1593 conversationis
1574 1563 1765 1598 patientiaeque

981 1612 1008 1638 in
1024 1612 1107 1638 variis
1125 1611 1321 1638 tentatiunibus
1337 1610 1473 1645 specimen
1488 1610 1601 1637 dederit.
1617 1608 1650 1635 Et
1664 1608 1686 1636 si
1703 1609 1765 1643 qui-

981 1657 1042 1684 dem
1072 1656 1288 1691 deprehcndat-Ir
1316 1657 1344 1683 in
1367 1656 1442 1683 hisce
1472 1663 1552 1690 posse
1577 1661 1762 1689 perseverare,

981 1707 1062 1738 atque
1088 1711 1120 1730 eo
1144 1703 1243 1735 studio,
1268 1707 1295 1730 et
1318 1702 1431 1730 ferventi
1448 1702 1588 1737 proposito
1604 1709 1658 1736 quo
1681 1701 1766 1736 coepit

981 1756 1158 1784 permanere,
1190 1749 1302 1784 reliquis
1329 1756 1391 1776 eum
1417 1748 1549 1776 fratribus
1572 1750 1763 1775 annumerant.

981 1795 1059 1829 Quod
1078 1795 1101 1823 si
1120 1796 1146 1822 in
1168 1803 1201 1823 eo
1216 1795 1440 1823 murmurationis
1451 1795 1591 1827 delictum,
1607 1799 1654 1821 aut
1671 1794 1765 1822 inobe-

981 1842 1090 1870 dientia:
1114 1842 1260 1877 cujuslibet
1290 1846 1431 1877 peccatum
1451 1842 1630 1876 comperiant,
1652 1844 1763 1869 exutum

981 1897 1044 1918 eum
1065 1889 1223 1917 monasterii
1249 1889 1430 1920 vestimentis,
1454 1895 1486 1915 ac
1502 1887 1649 1915 mundanis
1673 1886 1765 1914 denuo

982 1936 1148 1964 indumentis
1154 1936 1282 1963 amictum
1291 1943 1325 1963 ex
1333 1934 1458 1963 cmnobio
1464 1935 1612 1969 expellunt,
1621 1934 1656 1960 ita
1664 1937 1693 1961 ut
1704 1937 1766 1968 post

981 1986 1037 2009 tam
1053 1986 1207 2009 accuratam
1227 1981 1424 2015 probationem,
1437 1989 1490 2008 non
1507 1980 1585 2007 facile
1598 1980 1634 2007 sit
1651 1979 1767 2011 volenti,

982 2023 1096 2054 arbitrio
1109 2035 1158 2055 suo
1174 2027 1216 2053 vel
1228 2026 1333 2061 ingredi
1350 2027 1391 2054 vel
1406 2034 1423 2054 e
1436 2026 1601 2053 monasterio
1619 2025 1744 2052 secedere
1756 2033 1771 2057 ;

983 2073 1030 2101 sed
1045 2075 1090 2108 qui
1104 2080 1133 2100 se
1145 2073 1286 2108 profitetur
1302 2079 1442 2100 remanere
1457 2072 1539 2104 nolle,
1555 2071 1668 2098 omnino
1680 2077 1765 2098 exua-

983 2121 1027 2145 tur
1042 2117 1199 2145 monasterii
1210 2117 1389 2144 vestimentis.

1017 2249 1044 2277 4.
1062 2249 1117 2284 (48)
1127 2248 1196 2276 Cum
1219 2248 1302 2282 igitur
1327 2247 1351 2273 is
1368 2245 1416 2281 qui
1433 2249 1577 2280 susceptus
1597 2248 1648 2276 est,
1660 2251 1693 2272 ea
1710 2251 1763 2279 qua

981 2295 1101 2322 diximus
1129 2294 1303 2321 accuratione
1319 2292 1461 2327 probatus,
1481 2291 1689 2325 inculpatusque
1709 2290 1763 2317 de—

982 2342 1133 2376 prehensus
1147 2344 1199 2372 est,
1225 2346 1280 2366 non
1303 2338 1396 2365 statim
1421 2337 1535 2363 fratrum
1554 2335 1635 2363 coetui
1651 2334 1764 2362 commi-

982 2387 1051 2414 sceri
1067 2385 1242 2420 permittitur,
1261 2383 1307 2410 scd
1320 2383 1436 2410 traditur
1444 2383 1468 2409 ei
1486 2381 1528 2409 cui
1545 2381 1680 2416 hospitum
1690 2387 1764 2407 com-

982 2432 1066 2459 missa
1080 2438 1145 2458 cura
1160 2434 1212 2461 est,
1237 2433 1319 2464 atque
1331 2428 1441 2463 jubetur
1460 2427 1596 2461 hospitum
1611 2425 1764 2453 ministerio

981 2481 1008 2505 et
1024 2477 1155 2511 obsequio
1170 2475 1283 2503 omnino
1293 2482 1405 2506 vacare;
1423 2481 1454 2500 ac
1470 2477 1613 2508 postquam
1627 2472 1762 2506 integrum

981 2530 1081 2549 annum
1105 2521 1241 2555 inculpate
1265 2519 1386 2554 hospites
1399 2517 1546 2553 exceperit.
1561 2517 1613 2543 hac
1627 2524 1655 2543 re
1671 2516 1699 2543 in
1713 2515 1778 2550 hu-;

982 2567 1122 2593 militatem
1143 2565 1300 2592 eﬁormatus
1313 2568 1339 2591 et
1358 2564 1387 2591 in
1400 2562 1642 2598 aequanimitatem,
1654 2556 1778 2588 demum'

980 2612 1062 2640 coetui
1077 2611 1191 2638 fratrum
1204 2613 1409 2641 annumeratur,
1426 2613 1507 2643 atque
1521 2607 1601 2634 alicui
1615 2614 1631 2634 e
1648 2606 1764 2633 seniori-

980 2659 1031 2686 bus
1046 2657 1172 2688 traditur,
1188 2656 1232 2683 cui
1246 2655 1326 2691 311
1342 2655 1456 2690 hujusce
1471 2653 1592 2681 muneris
1607 2651 1764 2680 sollicitudo

1027 2734 1071 2767 ιτ)
1092 2732 1161 2760 una.
1179 2740 1202 2760 c.
1221 2732 1248 2759 θ.

1027 2734 1071 2767 ιτ)
1092 2734 1161 2760 una.
1179 2740 1202 2760 ε.
1221 2734 1237 2759 6

1015 2734 1071 2805 ire)
1089 2768 1155 2796 ibid.
1170 2775 1194 2795 ς.
1213 2767 1237 2793 7.
