1940 3068
76 110 124 138 537

651 107 816 136 EPISTOLA
832 107 842 134 1
856 107 900 134 AD
919 107 1113 137 CASTOREM.

1638 115 1689 143 858

75 166 264 202 περιποιεῖται,
283 165 413 201 πάροικον
434 165 528 193 ἑαυτὸν
551 166 597 192 καὶ
617 165 691 199 ξένον
709 167 778 203 ἔχων
793 166 853 194 ὅλου

913 175 1001 195 venam
1020 172 1047 196 et
1065 169 1236 204 peregrinum
1254 169 1406 204 existimet;
1422 179 1585 208 servumque
1598 181 1626 201 se
1642 181 1690 208 po-

76 212 120 239 τοῦ
135 212 247 247 κόσμου,
268 211 314 238 καὶ
328 211 418 238 δοῦλον
432 211 526 238 ἑαυτὸν
547 212 645 247 μᾶλλον
660 213 705 239 καὶ
719 213 858 249 ὑπηρέτην

78 259 128 285 τῶν
140 257 261 292 ἀδελφῶν
283 257 463 293 λογιζόμενος,
480 258 531 293 ἥπε
536 267 551 294 ρ
562 258 693 294 δεσπότην
705 260 858 294 οἱουδήποτε

77 305 169 340 τηῖνου
183 304 353 340 πράγματος.
369 305 399 330 El
424 303 451 330 δέ
475 313 517 336 τις
536 304 621 341 κλάσῃ
647 305 741 336 σκεῦος
759 305 860 340 υἱονδή-

76 361 151 383 ποτε,
169 352 185 387 ἣ
210 352 340 388 ἀπολέσῃ,
362 352 561 387 ἐξομολογεῇαι
577 353 615 388 τῷ
638 354 708 389 αϐὅᾷ
726 354 774 388 τῆς
792 353 858 386 ἰδίας

75 398 211 433 ῥᾳθυμίας
227 398 257 424 τὺ
282 400 416 433 πταῖσμα,
432 399 480 425 καὶ
498 398 568 425 οὕτω
588 399 656 433 μετὰ
682 407 860 435 ταπεινοφρο-

75 443 159 479 σύνης
189 444 326 479 μετανοῶν
349 445 480 480 λαμϐάνει
510 445 691 482 συγχώρησιν.
717 447 810 478 Ὅστις
831 446 859 473 δὲ

74 488 143 524 πρός
159 497 186 515 τι
207 489 287 524 ἔργον
313 490 501 525 μετακληθεὶς,
523 491 621 527 ἦπρὸς
635 491 753 524 σύναξιν,
775 500 859 519 κατα-

74 535 214 570 φρονήσας
236 535 397 570 βραδύτερον
421 537 526 572 ἀπαντή
531 545 574 572 σῃ.
597 537 614 573 ἤ
635 538 824 574 σκληρότερον,
841 538 858 574 ἢ

74 581 291 618 προπετέστερον
306 581 451 618 ἀποκριθῇ,
470 583 487 618 ἢ
506 583 695 620 ἀμελέστερον,
710 585 727 620 ἢ
743 585 860 619 ὑπογογ-

74 627 167 661 γύζων
179 628 209 654 τὸ
224 627 391 663 προσταχθὲν
414 629 524 664 ποιήσῃ,
539 628 555 664 ἢ
571 630 620 665 τὴν
643 630 793 664 ἀνάλγνωσιν
812 631 860 657 τοῦ

74 671 158 706 ἔργου
173 672 221 698 καὶ
231 673 278 708 τῆς
288 672 410 707 ὑπακοῆς
420 674 601 708 προτιμήσας,
610 673 644 700 τὰ
658 667 869 710 προσταχθέντα

74 715 150 751 αὐτῷ
175 715 244 751 ἔργα
265 716 427 753 βραδύτερον
456 717 594 754 ἐκτελέσῃ,
613 718 629 754 ἢ
645 719 788 751 ἀπολυθεὶς
811 719 861 756 τῆς

75 762 213 794 συνάξεως
228 763 265 798 μὴ
276 763 380 798 ταχέως
395 763 462 798 πρὸς
474 763 504 790 τὸ
517 764 596 800 ἔργον
611 765 692 792 αὐτοῦ
705 765 859 802 ἀναδράμῃ,

74 808 92 843 ῆ
113 807 182 843 μετά
192 817 264 840 τινος
275 809 351 841 ἐκτὸς
364 810 514 844 ἀναγκαίας
529 811 622 846 χρείας
638 811 764 847 ὁμιλήσῃ,
779 812 795 846 ἢ
812 811 859 838 ἄλ-

74 853 123 880 λοι)
149 854 218 890 μετὰ
244 855 399 892 παρρησίας
422 856 546 893 κατάσχῃ
564 857 612 892 τὴν
627 858 743 894 χεῖρα,ῆ
761 866 858 892 συγγε-

74 900 156 927 νειῶν
166 901 282 937 συντύχῃ
293 902 377 937 χωρὶς
390 902 438 929 τοῦ
455 903 527 930 ὰὸὃᾶ
543 903 624 930 αὑτοῦ
650 905 798 940 ἐπιτροπῆς
813 905 860 932 καὶ

74 946 210 980 εὐλογίας,
228 947 244 982 ἢ
269 948 412 983 ἐπιστολὴν
429 949 505 985 παρά
523 958 594 981 τινος
616 950 736 985 δέξηται,
766 952 782 986 ἦ
808 960 859 978 τινι

75 992 242 1028 ἀντιγράψαι
260 993 323 1019 ἄνευ
351 993 397 1020 τοῦ
419 994 492 1021 ἀϐϐἄ
517 996 687 1031 ἐπιχειρήσῃ,
716 996 733 1030 ἦ
761 1005 788 1022 τι
807 996 860 1023 τῶν

74 1038 177 1072 ὁμοίων
191 1038 295 1070 τούτοις
310 1039 502 1077 πλημμελήσῃ,
516 1041 628 1076 τοιούτῳ
647 1042 776 1078 ἐπιτιμίῳ
793 1043 860 1070 ὑπο-

75 1084 218 1111 ϐάλλεται·
237 1085 415 1120 Συνηγμένων
431 1086 484 1112 τῶν
499 1086 620 1121 ἀδελφῶν
639 1089 667 1114 ὲν
689 1090 721 1123 τῇ
740 1088 857 1121 συνάξει,

77 1129 160 1165 ῥίψας
188 1130 282 1157 ἑαυτὸν
309 1131 354 1157 ἐπὶ
376 1131 426 1167 τὴν
455 1132 518 1166 γῆν,
535 1124 580 1158 καὶ
605 1132 857 1170 ἐξομολογούμενος,

76 1176 250 1212 συγχώρησιν
265 1178 334 1204 αἰτεῖ
349 1178 395 1204 τοῦ
411 1178 476 1204 ἰδίου
492 1178 657 1213 σφάλματος.
677 1179 716 1206 Τὰ
732 1180 760 1206 δὲ
775 1181 861 1215 παχύ-

75 1231 143 1258 τερα
155 1223 256 1250 τούτων
266 1224 419 1259 πταίσματα
436 1224 461 1250 εἴ
469 1233 509 1255 τις
518 1224 615 1259 εὑρεθῇ
628 1225 763 1260 πράττων,
780 1225 861 1253 ἅτινά

77 1270 137 1296 ἐστι
161 1269 371 1304 καταφρόνησις,
387 1269 524 1303 ἀντιλογία
542 1269 610 1305 μετὰ
630 1271 826 1306 ὑπερηφανίας,
842 1271 858 1307 ἢ

76 1314 110 1340 ἐκ
127 1313 174 1340 τοῦ
198 1315 377 1351 μοναστηρίου
405 1315 515 1350 πρόοδος
539 1315 616 1346 ἐκτὸς
647 1316 796 1352 ἐπιτροπῆς
814 1317 860 1343 τοῦ

77 1361 159 1394 ἀϐϐᾱ,
187 1361 203 1396 ἢ
230 1362 298 1397 πρὸς
310 1363 425 1396 γυναῖκα
445 1362 582 1397 συντυχία,
594 1362 696 1399 ἥόργὴ,
715 1363 827 1398 ἢμάχη.
843 1363 859 1398 ἢ

77 1407 172 1442 ἔχθρα,
186 1408 202 1443 ἢ
221 1409 397 1443 μνησικακία,
408 1409 424 1444 ἢ
435 1408 608 1444 φιλαργυρία,
628 1410 688 1444 ἥτις
703 1410 760 1436 ἐστὶ
773 1410 861 1444 λέπρα

77 1452 175 1487 ψυχῆς,
241 1454 336 1488 κτῆσις
362 1454 519 1488 οἱανδήποτε
536 1454 696 1488 πράγματος
719 1454 797 1485 ἐκτὸς
807 1454 860 1481 τῶν

909 214 963 242 tius
976 218 1003 242 et
1017 215 1172 242 ministrum
1199 217 1312 244 fratrum
1338 225 1398 245 esse
1421 218 1579 251 arbitretur,
1607 227 1688 254 quam

909 261 990 287 ullius
1007 266 1121 289 terrenw
1137 262 1175 289 rei
1200 263 1350 290 dominum.
1369 263 1424 300 (33-)
1436 264 1513 297 Quod
1527 265 1550 292 si
1567 266 1628 300 quis
1640 273 1689 293 vas

908 307 1046 341 quodlibet
1070 307 1180 342 fregerit
1202 311 1248 335 aut
1272 309 1431 343 perdiderit,
1446 310 1616 344 negligentia).
1632 318 1689 338 suae

908 360 1001 380 casum
1018 353 1107 380 abbati
1124 353 1278 383 conﬁtetur.
1291 359 1318 382 et
1331 355 1367 381 ita
1384 363 1444 382 cum
1465 355 1617 386 humilitate
1633 364 1689 391 pte-

908 397 1039 430 nitentize,
1065 399 1169 425 veniam
1193 399 1301 434 accipit.
1326 399 1355 426 Si
1379 399 1440 434 quis
1459 405 1548 428 autetn
1565 401 1599 427 ad
1621 408 1689 435 opus

908 445 1048 479 quodlibet
1057 449 1180 477 vocatus,
1193 448 1239 471 aut
1254 446 1286 472 ad
1303 447 1437 481 synaxim,
1460 454 1515 480 pra:
1531 451 1688 482 contemptu

909 490 1013 517 tardius
1023 494 1159 520 occurrat.
1176 494 1222 516 aut
1235 491 1330 518 durius
1345 492 1563 527 petulantiusque
1576 500 1690 527 respon-

909 536 978 563 derit
993 545 999 562 :
1017 536 1060 563 vel
1081 537 1104 563 si
1124 536 1305 571 negligentius
1322 529 1368 564 aut
1384 545 1446 564 cum
1464 546 1613 571 murmure,
1629 538 1690 572 jus-

909 589 967 609 sam
986 590 1043 610 rem
1061 583 1254 617 compleverit;
1278 588 1324 610 aut
1343 584 1367 611 si
1387 584 1529 611 lectionem
1544 585 1617 619 operi
1632 592 1690 612 ma-

909 635 993 654 nuum
1008 631 1035 654 ct
1054 628 1215 656 obedientize
1234 632 1412 663 anteponens,
1436 629 1513 662 jussa
1536 630 1587 657 sibi
1607 637 1689 665 opera

908 673 1015 700 tardius
1031 671 1218 708 compleverit;
1234 678 1280 700 aut
1300 681 1314 700 a
1330 678 1464 701 conventu
1479 674 1620 706 dimissus,
1635 682 1689 701 non

909 717 964 744 cito
980 717 1012 745 ad
1035 726 1103 752 opus
1125 725 1204 745 suum
1227 719 1391 752 accurrerit;
1413 722 1459 745 aut
1479 726 1541 746 cum
1563 719 1689 754 quopiam

910 762 1013 797 absque
1035 763 1200 790 necessitate
1224 763 1415 791 confabulatus
1440 763 1538 797 fuerit;
1556 770 1603 791 aut
1629 772 1691 791 cum

910 808 1074 836 conﬁdentia
1088 816 1198 836 manum
1217 809 1328 836 alterius
1342 811 1570 837 contrectaverit:
1586 814 1632 836 aut
1647 817 1693 836 eo-

910 859 1007 890 gnatos
1029 854 1098 882 citra
1120 855 1226 882 abbatis
1250 856 1412 890 permissum
1430 860 1457 883 et
1476 856 1691 883 benedictionem

911 901 1080 932 convenerit.
1092 905 1137 928 aut
1149 901 1291 936 epistolam
1307 901 1340 928 ab
1355 901 1447 936 aliquo
1459 902 1591 936 accipere,
1606 902 1647 929 vel
1659 901 1692 928 ad

911 947 1027 982 aliquem
1043 947 1193 975 rescribere
1210 947 1312 982 absque
1328 947 1435 984 abbatis
1452 948 1629 975 concessione
1643 956 1693 975 au-

911 1001 960 1020 sus
981 993 1080 1026 fuerit;
1098 993 1121 1020 si
1137 993 1165 1019 in
1180 993 1273 1028 aliquo
1287 1001 1383 1028 nempe
1400 993 1556 1027 huiusmodi
1572 993 1694 1029 delique.

911 1040 956 1072 rit,
971 1039 1126 1074 hujusmodi
1146 1039 1189 1066 ille
1208 1047 1295 1075 preme
1317 1040 1461 1074 subjicitur
1475 1049 1480 1067 :
1496 1040 1575 1075 312
1590 1040 1692 1067 Fratri-

911 1086 962 1114 bus
977 1086 1004 1112 in
1026 1085 1121 1121 synaxi
1136 1086 1317 1121 congregatis,
1336 1094 1395 1113 sese
1416 1086 1442 1112 in
1457 1091 1556 1113 terram
1572 1086 1690 1120 projicit,

911 1136 993 1167 atque
1006 1131 1160 1167 confessus,
1177 1132 1281 1167 peccati
1295 1131 1401 1158 veniam
1418 1132 1546 1166 postulat.
1562 1131 1692 1158 Graviore

910 1185 992 1212 porro
1013 1177 1110 1205 delicta
1135 1178 1157 1205 si
1182 1178 1244 1212 quis
1267 1180 1426 1212 perpetratis
1462 1177 1691 1212 deprehendatur,

911 1232 970 1259 quae
983 1227 1057 1256 sunt,
1073 1227 1253 1258 contemptus.
1272 1224 1449 1258 repugnantia
1472 1231 1533 1250 cum
1553 1224 1689 1258 superbia,

912 1275 958 1298 aut
969 1278 1096 1306 egressus
1111 1278 1144 1298 ex
1159 1269 1326 1298 monasterio
1342 1270 1445 1304 absque
1456 1270 1562 1297 abbatis
1578 1277 1691 1297 conces-

911 1318 999 1350 sione,
1023 1322 1069 1344 aut
1092 1324 1256 1352 congressus
1275 1324 1336 1343 cum
1362 1316 1485 1346 muliere,
1502 1320 1548 1342 aut
1574 1315 1624 1347 ira,
1646 1319 1692 1342 aut

912 1371 1013 1399 pugna,
1040 1367 1087 1391 aut
1107 1364 1248 1390 inimicitia
1267 1363 1294 1389 in
1316 1363 1444 1396 aliquem,
1468 1365 1515 1388 aut
1541 1361 1694 1389 recordatio

912 1411 1084 1445 iniuriarum,
1097 1415 1143 1436 aut
1153 1417 1229 1436 amor
1241 1409 1371 1444 pecunim.
1382 1416 1442 1442 qum
1453 1408 1524 1442 lepra
1535 1412 1576 1435 est
1587 1408 1692 1440 animm,

913 1461 959 1484 aut
972 1457 1110 1492 possessio
1127 1456 1314 1490 cujuscunque
1332 1455 1381 1487 rei,
1397 1453 1517 1488 exeeptis
1534 1454 1567 1481 iis
1586 1461 1646 1488 qua:
1661 1454 1694 1480 ab

77 1498 225 1533 διδομένων
249 1499 323 1535 παρὰ
348 1499 394 1526 τοῦ
417 1499 499 1531 ἀ66ᾱ,
518 1499 649 1535 ἢτροφῆς
663 1500 727 1526 ἄνευ
737 1500 860 1534 εὐλογίας

913 1503 1009 1530 abbate
1023 1503 1133 1534 dantur,
1153 1505 1198 1528 aut
1216 1501 1346 1527 furtivum
1362 1500 1517 1527 alimentum
1530 1500 1632 1535 absque
1648 1500 1695 1527 be-

78 1543 233 1578 κλεψιμαίιχ)
250 1544 343 1579 τρόπῳ
371 1545 525 1579 γινομένης,
547 1545 593 1571 καὶ
611 1544 645 1571 τὰ
662 1544 763 1571 τούτων
773 1554 861 1581 παρα-

78 1588 190 1624 πλήσια,
215 1589 244 1615 οὐ
261 1583 310 1624 τῷ¹
321 1590 510 1626 προειρημένῳ
534 1590 661 1625 ἐπιτιμίῳ
673 1590 860 1623 ὑποϐάλλεται,

78 1635 146 1663 ἀλλὰ
162 1635 341 1671 σφοδροτέρῳ,
353 1637 400 1662 καὶ
418 1636 529 1671 μείζονι.
545 1637 600 1663 Καὶ
624 1638 648 1663 εἰ
665 1637 701 1673 μὴ
717 1637 860 1674 διοροωθῇ,

78 1682 238 1710 ἐκϐάλλεται
252 1683 299 1710 τοῦ
318 1691 435 1719 μοναστη
441 1683 498 1718 ρίου
505 1703 507 1705 τ

115 1730 140 1756 7.
158 1730 196 1756 Τὸ
205 1730 233 1756 δὲ
247 1730 399 1764 ἀνάγνωσιν
409 1729 590 1757 ἐπιτελεῖσθαι
608 1729 636 1756 ἕν
651 1739 705 1757 τισι
721 1729 863 1762 κοινοΰίοις

77 1777 149 1804 κατὰ
160 1777 205 1804 τὸν
219 1777 311 1813 καιρὸν
320 1778 369 1812 τῆς
387 1777 544 1809 ἑστιάσεως,
560 1778 609 1803 οὐκ
626 1777 680 1803 ἀπὸ
693 1776 741 1803 τοῦ
753 1777 863 1808 κανόνος

78 1823 132 1850 τῶν
145 1822 310 1856 Αἰγυπτίων,
324 1822 390 1849 ἀλλὰ
406 1822 460 1849 ἀπὸ
475 1822 529 1849 τῶν
539 1822 738 1854 Καππαδόκων,
755 1822 860 1854 οἵτινες,

78 1870 108 1897 οὐ
134 1869 322 1905 πνευματικῆς
350 1869 442 1896 ἕνεκεν
469 1868 594 1896 τοσοῦτον
619 1870 783 1904 γυμνασίας,
802 1871 863 1896 ὅσον

78 1916 194 1951 ἡσυχίας
210 1916 288 1951 χάριν
315 1915 365 1950 τῆς
390 1914 466 1951 παρὰ
488 1916 538 1947 τὰς
556 1915 675 1950 ὁμιλίας,
692 1915 722 1941 τὸ
737 1914 862 1942 τοσοῦτον

78 1961 288 1989 διετυπώσαντο.
305 1961 384 1997 Παρὰ
396 1961 423 1988 δὲ
435 1962 490 1992 τοῖς
506 1962 673 1996 Αἰγυπτίοις.
686 1963 731 1988 καὶ
749 1962 864 1996 μάλιστα

78 2009 136 2040 τοῖς
158 2007 407 2043 Ταϐεννησιὼταις,
432 2008 548 2042 τοσαύτη
578 2007 665 2041 σιωπὴ
688 2008 740 2034 ὑπὸ
756 2009 864 2035 πάντων

80 2055 238 2090 παρέχεται,
254 2054 333 2089 ἡνίκα
349 2055 387 2085 εἰς
394 2053 518 2080 τοσοῦτον
535 2053 635 2089 πλῆθος
647 2053 863 2090 πολυαρίομητον

78 2100 132 2128 τῶν
161 2099 282 2134 ἀδελφῶν
304 2099 373 2126 κατὰ
402 2099 448 2126 τὸν
473 2099 567 2134 καιρὸν
590 2100 638 2135 τῆς
663 2099 797 2132 συνάξεως
814 2101 863 2136 τῆς

79 2145 220 2182 τραπέζης
236 2144 335 2176 αὐτῶν,
350 2145 415 2179 ὅσην
434 2145 524 2179 σχεδὸν
542 2145 570 2172 ὲν
585 2145 673 2177 ἄλλοις
689 2145 726 2181 μὴ
741 2146 863 2182 εὑρίσκε-

80 2191 154 2223 σθαι,
180 2190 266 2222 οὕτως
293 2191 330 2222 ὼς
357 2191 393 2226 μὴ
411 2190 513 2226 τολμᾷν
529 2191 626 2227 βρῆξαί
647 2200 705 2218 τινα
727 2193 862 2228 παρεκτὸς

79 2236 126 2263 τοῦ
143 2235 266 2272 ἀρχηγοῦ
280 2237 329 2272 τῆς
341 2235 491 2272 τραπέζης,
506 2237 588 2269 ὅστις,
601 2237 628 2263 εἴ
639 2246 711 2269 τινος
722 2226 862 2274 1952'??—

80 2291 168 2317 νηται,
194 2282 345 2318 κρούσματι
365 2282 464 2317 μᾶλλον
484 2283 501 2318 ἣ
526 2285 600 2318 φωνῇ
629 2284 706 2310 τοῦτο
725 2285 860 2320 σημαίνει.

80 2328 134 2355 Καί
148 2327 183 2354 τὰ
198 2327 340 2353 κουκούλια
359 2327 410 2358 ἕως
425 2327 498 2354 κάτω
514 2328 567 2354 τῶν
579 2328 718 2364 βλεφάρων
736 2330 863 2365 φοροῦσιν

80 2371 161 2405 οὗτοι,
193 2373 237 2399 ἵνα
268 2373 315 2408 μὴ,
346 2373 463 2409 ρεμϐοὒς
483 2374 545 2405 τοὺς
563 2374 716 2409 ὀφθαλμοὺς
744 2375 861 2410 ἔχοντες,

81 2417 287 2454 περιεργότερον
300 2417 422 2453 ἀλλήλοις
438 2418 565 2454 ἐνορῶσι·
584 2419 616 2454 τῇ
632 2418 658 2444 δὲ
676 2419 799 2455 τραπέζῃ
817 2419 864 2454 μό-

80 2473 134 2495 νον,
150 2464 197 2490 καὶ
210 2465 241 2498 τῇ
258 2464 304 2489 τοῦ
328 2462 473 2498 τρέφοντος
492 2463 558 2489 Θεοῦ
575 2464 732 2499 εὐχαριστίᾳ
745 2465 863 2491 ὲνατενί›

81 2511 167 2542 ζουσι.
197 2508 311 2543 Μεγάλη
331 2508 359 2534 δέ
389 2509 446 2534 ἐστι
467 2508 573 2544 φυλακὴ
595 2509 659 2544 παρ’
677 2510 777 2542 αὐτοῖς,
790 2511 863 2542 ὅπως

83 2555 177 2590 μηδεὶς
196 2552 286 2580 αὐτῶν
313 2552 411 2585 ἔξωθεν
438 2555 488 2589 τῆς
500 2553 639 2590 τραπέζης
658 2555 760 2590 τροφῆς
779 2564 860 2590 μετα-

81 2601 162 2636 λάῦῃ.

116 2648 142 2675 8.
151 2648 210 2674 Ἵνα
218 2647 245 2673 δὲ
256 2647 292 2682 μή
310 2655 335 2672 τι
351 2645 470 2681 δόξωμεν
486 2646 540 2673 τῶν
553 2646 729 2673 κοινοόιακῶν
743 2646 861 2673 κανόνων

83 2693 320 2729 παραλελοιπέναι,
336 2691 534 2728 ἐπιμνησθῆναι
551 2691 591 2718 δεῖ
602 2692 649 2719 καὶ
664 2691 718 2719 τῶν
732 2693 760 2718 ὲν
774 2692 863 2724 ἄλλοις

119 2780 175 2813 (55)
192 2779 316 2807 Cassian.
331 2778 454 2806 Institul.
473 2778 521 2806 lib.
540 2785 576 2812 tv,
593 2785 618 2806 c.
633 2777 676 2806 16.

119 2816 176 2851 (δι)
190 2815 256 2843 Ibid.
270 2822 295 2842 c.
310 2813 354 2841 ιτ.

913 1548 1066 1576 nedictione
1080 1547 1186 1574 abbatis
1199 1551 1349 1580 sumptum,
1362 1550 1388 1573 et
1401 1546 1444 1573 his
1459 1545 1568 1577 similia,
1581 1553 1635 1571 non
1648 1553 1694 1572 su-

912 1594 1062 1629 pradictam
1080 1594 1153 1620 subit
1174 1600 1293 1628 pmnam,
1320 1591 1365 1619 sed
1383 1591 1546 1627 graviorem,
1566 1594 1593 1618 et
1609 1591 1695 1618 multo

912 1640 1053 1674 majorem.
1071 1639 1149 1672 Quod
1175 1639 1197 1666 si
1222 1646 1277 1666 non
1300 1638 1456 1673 resipuerit,
1481 1644 1512 1664 ex
1531 1636 1695 1664 monasterio

912 1687 1028 1722 ejicitur.

948 1733 974 1759 7.
991 1733 1045 1767 (54)
1060 1731 1137 1765 Quod
1155 1737 1242 1758 autem
1257 1731 1283 1758 in
1294 1729 1456 1765 quibusdam
1471 1728 1613 1760 ccenobiis,
1627 1731 1695 1754 tvm-

914 1786 980 1815 pore
995 1778 1170 1805 comestionis
1185 1777 1267 1804 lectio
1288 1776 1432 1807 habeatur,
1453 1774 1479 1801 id
1497 1781 1552 1801 non
1565 1781 1597 1801 ex
1611 1772 1696 1809 [Egy-

914 1825 1042 1860 ptiorum.
1069 1823 1115 1851 sed
1135 1831 1167 1850 ex
1187 1821 1378 1857 Cappadocum
1403 1821 1495 1856 regula
1521 1820 1693 1850 observatur,

914 1871 960 1906 qui
977 1879 1031 1897 non
1047 1874 1101 1896 tam
1120 1869 1270 1904 spiritualis
1287 1866 1503 1898 exercitationis.
1520 1873 1602 1901 quam
1620 1865 1696 1899 quie-

915 1918 959 1949 tis,
975 1921 1002 1943 ct
1019 1916 1147 1950 colloquii
1169 1914 1270 1941 vitandi
1294 1913 1380 1949 gratia
1399 1912 1465 1939 illud
1481 1911 1693 1939 constituerunt.

914 1963 993 1998 Apud
1010 1962 1152 1997 {Egyptios
1169 1965 1270 1991 autem,
1285 1959 1402 1986 maxime
1418 1965 1482 1985 vero
1501 1956 1571 1992 apud
1588 1955 1696 1983 Taben-

914 2010 1047 2041 nesiotas,
1067 2012 1171 2035 tantum
1194 2010 1318 2034 servatur
1343 2005 1376 2032 ab
1398 2004 1525 2032 omnibus
1545 2003 1698 2036 silentium,

915 2061 977 2081 cum
995 2053 1089 2088 ingens
1103 2052 1148 2078 illa
1165 2049 1310 2078 multitudo
1333 2049 1446 2076 fratrum
1468 2052 1589 2083 tempore
1604 2055 1696 2074 come-

916 2099 1012 2128 stionis
1027 2101 1205 2134 congregatur
1217 2096 1250 2124 ad
1262 2104 1397 2127 mensam;
1412 2099 1442 2122 ut
1453 2095 1497 2122 vix
1510 2093 1647 2129 quidpiam
1661 2092 1697 2120 si-

916 2147 979 2173 mile
991 2146 1017 2172 in
1028 2146 1088 2173 aliis
1099 2144 1263 2180 reperiatur;
1279 2143 1346 2170 adeo
1360 2147 1390 2169 ut
1400 2150 1433 2169 ne
1447 2148 1574 2168 excreare
1588 2139 1696 2174 quidem

916 2191 989 2218 ausit
1006 2190 1161 2225 quisquam,
1177 2192 1290 2223 excepto
1301 2193 1402 2214 mensm
1419 2185 1557 2221 praefecto,
1575 2184 1620 2218 qui
1633 2183 1654 2210 si
1669 2190 1698 2210 re

916 2237 1043 2272 quapiam
1060 2236 1095 2263 sit
1111 2243 1190 2270 opus,
1207 2234 1361 2269 pulsatione
1381 2232 1470 2267 potius
1489 2238 1570 2265 quam
1587 2237 1653 2256 voce
1670 2228 1696 2255 id

916 2282 1063 2317 signiﬁcat.
1087 2281 1216 2308 Cucullas
1241 2283 1343 2311 autem,
1366 2279 1447 2305 etiam
1466 2277 1535 2303 infra
1553 2275 1696 2310 palpebras

915 2329 1047 2356 demissas
1063 2332 1178 2363 gestant,
1190 2335 1224 2354 ne
1234 2326 1310 2361 vagis
1324 2325 1410 2352 oculis
1426 2324 1560 2350 curiosius
1575 2323 1642 2349 alios
1655 2322 1697 2348 in-

915 2374 1043 2409 spiciunt,
1067 2381 1098 2400 ac
1119 2379 1220 2400 mensae
1238 2372 1335 2402 solum,
1360 2369 1507 2404 gratiisque
1533 2367 1616 2394 alenti
1641 2366 1697 2393 Deo

916 2420 1025 2455 agendis
1035 2419 1162 2446 adhibent
1173 2417 1365 2453 animum.(55)
1378 2415 1527 2449 Magnaque
1545 2412 1616 2448 apud
1634 2412 1696 2439 illos

916 2473 982 2493 cura
996 2470 1046 2497 est,
1068 2473 1102 2492 ne
1118 2464 1180 2499 quis
1196 2472 1286 2491 eoruw
1303 2466 1381 2488 extra
1398 2468 1520 2488 mensam
1540 2460 1629 2487 cibum
1647 2466 1694 2486 su-

915 2515 980 2539 mat.

950 2642 976 2671 8.
999 2641 1053 2678 (56)
1071 2640 1109 2669 Ne
1129 2641 1194 2676 quid
1210 2641 1350 2668 videamur
1365 2643 1454 2667 autem
1470 2638 1696 2666 cmnobiticarum

915 2687 1069 2722 regularum
1082 2686 1216 2717 omittere,
1230 2692 1381 2713 memorare
1394 2691 1503 2720 quoque
1517 2687 1623 2719 oportet
1634 2690 1696 2711 com

951 2776 1006 2809 (55)
1024 2774 1090 2802 Ibid.
1104 2781 1128 2801 c.
1147 2773 1188 2809 te.

952 2808 1006 2848 (56)
1027 2809 1093 2841 Ibid.
1115 2817 1139 2837 c.
1163 2808 1206 2836 ta.

1706 2759 1709 2795 ί
