1940 3068
247 111 299 139 859

792 111 820 138 S.
840 110 1072 138 ATHANASlUS.
1091 125 1125 131 -—
1144 109 1279 138 SPURIA.

1807 109 1863 138 860

247 167 405 195 stitutiones
419 167 446 194 in
463 167 524 194 aliis
540 166 697 201 regionibus
712 166 836 194 traditas.
857 166 886 194 In
904 171 959 194 tota
978 167 1027 193 ita-

1080 167 1191 202 κλίμασι
1217 165 1438 202 παραδεδομένων
1458 165 1657 192 διατυπώσεων.
1675 165 1752 192 Κατά
1766 166 1864 192 πᾶσαν

247 220 301 248 que
318 212 520 247 Mesopotamia,
537 211 680 238 Patrestiua
704 217 730 238 et
752 211 934 246 Cappadocia,
954 216 980 238 et
998 211 1026 238 in

247 261 306 284 toto
324 257 444 287 Oriente,
470 259 592 290 tempore
617 260 768 282 conventus
789 257 885 287 tertiae,
906 259 988 283 sextae
1000 259 1027 282 et

247 311 325 330 nonas
342 302 426 334 hora),
443 302 466 328 si
484 302 546 336 quis
565 305 628 328 ante
641 301 804 336 completum
821 302 936 336 primum
955 302 1026 336 psal-

247 356 320 375 mum
336 355 390 374 non
408 347 568 379 occurrerit,
589 348 612 374 is
634 347 661 373 in
676 347 827 373 oratorium
849 347 953 382 ingredi
973 354 1027 373 non

247 390 339 421 audet,
357 398 445 424 neque
459 398 519 417 sese
535 390 714 425 psallentibus
730 391 881 417 admiscere
899 399 905 416 ε
924 390 971 417 sed
986 391 1028 417 di-

246 436 404 463 missionem
430 436 544 463 fratrum
568 443 618 470 pro
644 436 748 463 foribus
775 441 850 464 stans
877 439 1026 470 exspectat.

246 481 456 515 Egretlicntibus
483 486 573 508 autem
600 483 738 514 erunibus,
762 482 837 509 humi
863 486 1026 516 prostratus,

246 527 433 561 pteuitentiam
449 535 540 561 agens,
560 527 730 562 negligentia:
745 535 801 553 sua:
818 527 923 554 veniam
938 534 1029 562 postn-

247 572 294 599 lat.
312 572 341 599 ln
358 574 501 600 nocturnis
517 580 599 607 porro
618 573 808 604 conventibus,
826 580 912 607 usque
931 572 965 599 ad
985 580 1029 600 se-

247 619 366 646 cundum
382 619 515 653 psalmum
534 619 609 645 renia
622 619 699 645 tarde
716 619 886 646 venientibus
903 619 1028 646 concedi-

247 668 301 691 tur.
320 664 405 691 Porro
421 664 519 691 fratres
537 672 584 698 per
605 664 788 691 hebdomadas
808 664 860 691 sibi
877 664 1029 691 succedunt

248 710 277 737 in
291 711 407 745 coquiia
427 716 453 737 et
469 711 495 736 in
511 711 572 737 aliis
587 709 692 740 olliciis,
710 718 772 736 cum
785 710 863 736 multi
878 710 979 736 laboris
990 710 1029 737 le-

247 756 329 782 vandi
343 763 438 785 causa.
455 760 510 782 tum
523 759 551 782 ut
566 755 707 782 charitatis
722 755 807 790 legem
818 755 921 782 mutuis
935 754 1029 782 olliciis

247 801 388 835 impleant.
415 801 501 827 Tanta
517 806 606 828 autem
625 801 779 828 humilitate
800 805 827 828 et
847 801 1029 828 sollicitudine

1079 212 1165 239 τοίνυν
1180 212 1229 248 τὴν
1243 211 1451 246 Μεσοποταμίαν
1463 211 1510 238 καὶ
1524 211 1767 246 Παλαιστίνην,“καὶ
1778 211 1866 237 Καπ-

1079 257 1219 289 παδοκίαν,
1233 257 1279 284 καὶ
1289 258 1378 283 πᾶσαν
1391 257 1439 291 τὴν
1448 255 1590 290 ’Δνατολὴν
1612 256 1641 282 έν
1656 255 1695 290 τῷ
1711 255 1799 291 καιρῷ
1809 256 1863 290 τῆς

1081 302 1224 334 συνάξεως,
1255 302 1357 338 τρίτης,
1386 302 1432 328 καὶ
1445 301 1537 336 ἕκτης,
1552 301 1598 328 καὶ
1614 301 1710 336 ἐνάτης
1731 301 1814 336 ὥρας,
1834 302 1864 327 εἴ

1080 356 1132 380 τις,
1152 347 1256 383 πρινὴό
1267 347 1482 383 πρῶτοςψαλμὺς
1495 347 1634 382 τελειωθῇ,
1652 347 1688 383 μὴ
1702 348 1862 383 ἀπαντήσῃ,

1080 393 1125 419 τοῦ
1151 393 1242 419 λοιποῦ
1268 394 1306 424 εἰς
1337 393 1366 418 τὸ
1393 393 1535 428 εὐκτήριον
1555 393 1682 419 εἰσελθεῖν
1711 394 1741 419 οὐ
1758 393 1860 428 τολμᾷ,

1080 437 1140 464 οὔτε
1164 437 1310 472 καταμίξαι
1337 437 1432 464 ἑαυτὸν
1459 439 1515 470 τοῖς
1541 437 1698 472 ψάλλουσιν·
1722 437 1789 464 ἀλλά
1803 438 1862 464 τῶν

1081 483 1201 517 ἀδελφῶν
1227 483 1275 518 τὴν
1295 482 1424 509 ἀπόλυσιν
1439 483 1490 518 πρὸ
1511 483 1598 518 θυρῶν
1619 483 1755 518 ἐκδέχεται
1781 484 1862 511 ἱστά-

1083 537 1170 564 μενος.
1189 528 1386 563 Ἐξερχομὲνων
1399 528 1427 554 δὲ
1438 528 1554 559 πάντων,
1574 527 1661 562 βαλὼν
1676 527 1721 554 ἐπὶ
1736 527 1785 563 τὴν
1805 527 1862 562 γῆν

1082 575 1236 610 μετάνοιαν,
1255 573 1397 606 ὲξαιτείται
1421 573 1470 608 τῆς
1485 573 1585 605 οἰκείας
1601 574 1734 609 ῥᾳθυμίας
1751 574 1862 609 συγχώ-

1082 627 1168 654 ρησιν.
1200 619 1243 645 Ἐν
1272 619 1300 645 δὲ
1323 620 1381 650 ταῖς
1404 620 1570 654 νυκτεριναῖς
1587 619 1711 652 συνάξεσι
1731 620 1860 655 δευτέρου

1079 664 1198 703 ψαλμοῦ,
1219 664 1366 700 παρέχεται
1382 664 1528 700 συγγνώμη
1545 666 1599 696 τοῖς
1609 664 1765 700 βραδύνωσι
1784 665 1863 700 παρὰ

1080 711 1183 742 τούτοις
1192 719 1198 725 ·
1213 711 1260 737 καὶ
1269 710 1416 745 εὕδομὰδας
1429 711 1452 738 oi
1466 711 1574 745 ἀδελφοὶ
1589 711 1620 737 ὲκ
1633 711 1755 746 διαδοχῆς
1767 711 1863 738 ποιοῦ-

1082 763 1124 782 σιν
1138 756 1166 782 έν
1182 764 1211 782 τε
1224 756 1263 791 τῷ
1280 757 1426 792 μαγειρείῳ
1442 757 1488 782 καὶ
1506 758 1562 788 τοῖς
1582 756 1670 788 ἄλλοις
1684 757 1863 792 καθήκουσιν,

1082 802 1139 837 ἃμα
1153 802 1200 828 καὶ
1219 802 1330 833 ἑαυτοὺς
1345 802 1563 834 διαναπαύοντες,
1579 803 1626 830 καὶ
1639 803 1718 838 νόμον
1738 803 1862 839 ἀγάπης,

247 847 399 874 ministeria
417 847 537 881 implent,
556 851 686 882 quantam
706 855 741 874 ne
755 847 827 874 servi
844 847 952 882 quidem
967 855 1027 873 cum

1079 846 1123 873 διὰ
1140 847 1170 873 τὸ
1194 846 1327 873 δουλεύειν
1347 847 1480 883 ἀλλήλοις,
1497 847 1720 883 ἀναπληροῦντες.
1735 849 1862 884 Τοσαύτη

248 891 321 919 heris
335 892 393 919 Suis
411 892 566 918 adlnbeant.
585 892 725 927 Complela
741 892 918 924 hebdomade,
940 892 1031 919 Domi-

248 937 310 963 nica
333 937 375 964 die
402 940 462 971 post
487 937 635 964 matutinos
661 937 788 972 hymnos,
814 938 1029 972 ingredientibus

249 981 310 1008 aliis
323 982 355 1008 ad
367 982 550 1013 serviendum,
563 990 627 1009 vasa
639 983 719 1010 cilicii
729 983 770 1010 sui
784 983 890 1017 signata
901 983 1027 1010 tradunt:

247 1034 308 1061 quae
321 1031 430 1062 accepta
447 1027 490 1054 alii
513 1031 588 1054 tanta
605 1035 671 1054 cura
691 1032 720 1055 et
736 1028 918 1056 sollicitudine
937 1032 1030 1056 custo-

248 1072 337 1105 diunt,
364 1079 444 1100 utne
470 1081 564 1100 eorum
591 1074 729 1108 quidpiam
756 1075 797 1101 vel
820 1074 960 1109 frangatur
987 1074 1030 1101 vel

247 1122 350 1152 pereat,
368 1123 496 1154 quantam
510 1119 534 1146 is
550 1118 675 1146 adhibeat
694 1119 737 1145 cui
755 1127 818 1146 vasa
838 1127 915 1146 sacra
928 1127 960 1146 ac
974 1119 1029 1146 Deo

247 1161 336 1188 dicata
347 1162 563 1190 committuntur.
579 1162 646 1189 Nam
659 1171 719 1190 sese
736 1168 887 1197 prteparant
899 1163 932 1189 ad
945 1163 1029 1190 ratio-

247 1213 308 1233 nem
324 1206 499 1238 reddendam,
517 1215 570 1234 non
589 1208 676 1234 solum
693 1215 836 1235 cceonomo
855 1208 882 1235 in
902 1209 1028 1243 prmseuti

247 1255 380 1286 tempore.
402 1252 448 1279 sed
463 1253 544 1279 etiam
561 1252 616 1279 Deo
633 1253 660 1279 in
673 1252 776 1284 futuro,
792 1253 815 1279 si
831 1258 877 1280 aut
891 1254 1029 1288 negligen-

247 1297 284 1323 tia
292 1301 337 1323 aut
347 1297 458 1331 segnitie
469 1305 562 1324 eorum
574 1297 712 1332 quidpiam
725 1299 844 1332 perierit.
855 1299 909 1334 (57)
920 1299 959 1326 Ad
972 1307 1029 1326 ma-

244 1341 332 1376 jorem
349 1350 430 1377 porro
445 1343 580 1369 dictorum
594 1343 684 1374 iidem,
705 1351 765 1378 qua:
781 1345 849 1371 meis
866 1345 924 1379 ipse
941 1345 1028 1372 oculis

246 1388 370 1422 perspexi
391 1388 515 1414 narrabo.
535 1387 563 1415 In
581 1388 748 1417 hebdomade
762 1389 904 1423 cujusdam
923 1389 1026 1422 fratris,

246 1433 432 1467 perlransiens
462 1440 640 1466 meonomus,
672 1441 759 1468 pauca
787 1434 921 1462 lenticqu
944 1442 1028 1470 grana

246 1477 321 1504 humi
337 1478 456 1512 projeeta
473 1479 550 1510 vidit,
565 1486 652 1514 neque
667 1479 790 1514 despexit
803 1481 883 1515 quasi
898 1488 955 1507 rem
966 1481 1028 1507 nul-

246 1523 300 1551 lius
326 1525 422 1558 pretii;
449 1524 496 1551 sed
521 1524 614 1552 multis
642 1524 811 1560 increpatum
838 1526 959 1558 fratrem,
984 1522 1062 1553 cuiC

246 1567 395 1595 hebdomas
423 1568 468 1594 illa
493 1569 649 1596 concredita
682 1575 757 1601 erat,
785 1577 864 1604 poena
893 1571 1028 1604 multavit,

246 1614 325 1649 quasi
348 1614 527 1649 negligentem
551 1623 582 1642 ea
607 1622 667 1650 quae
694 1615 748 1642 Deo
767 1615 857 1642 dicata
881 1620 984 1647 essent.
1003 1621 1030 1645 et

245 1660 453 1686 conculcautem
473 1661 611 1694 propriam
629 1661 836 1688 conscientiam.
856 1660 944 1688 Tanta
957 1663 1028 1689 enim

246 1711 314 1731 cura
329 1707 357 1731 et
371 1705 555 1732 sollicitudine
572 1706 662 1733 omnia
684 1710 804 1738 servant,
828 1707 920 1734 omnia
939 1707 1028 1734 admi-

247 1749 377 1781 nistrant,
400 1753 430 1776 ut
452 1758 484 1776 ea
503 1758 564 1785 quae
585 1751 664 1778 nobis
678 1751 742 1777 vilia
757 1754 784 1778 et
797 1751 973 1786 despicabilia
988 1752 1029 1778 vi-

247 1794 356 1828 dentur,
372 1803 469 1830 magna
491 1797 640 1823 attentione
659 1797 831 1829 custodiant;
853 1798 889 1824 ita
909 1802 938 1824 ut
959 1798 1029 1825 male

246 1840 364 1874 positum
377 1848 424 1868 vas
438 1841 614 1871 transferant.
631 1842 782 1876 projectum
795 1842 934 1877 colligant,
948 1843 1027 1878 313

246 1885 389 1912 credentes
405 1893 434 1912 se
447 1893 463 1912 a
480 1886 593 1913 Domino
610 1886 664 1913 Deo
688 1887 784 1914 harum
805 1895 914 1922 quoque
936 1896 1027 1915 rerum

246 1930 396 1956 mercedem
407 1935 577 1965 accepturos.
589 1932 644 1967 (58)
653 1931 706 1960 llas
715 1932 911 1959 hebdomadum
921 1934 1028 1968 regulas

247 1981 295 2009 per
322 1978 408 2001 totum
442 1976 581 2003 Orientem
614 1977 754 2004 observari
789 1977 1026 2012 deprehendimus.

246 2019 322 2054 Apud
341 2019 483 2055 Aﬁgyptios
499 2024 589 2048 autem
605 2029 659 2049 non
677 2022 714 2048 ita
730 2022 928 2050 hebdomadum
946 2023 1027 2050 vicis-

245 2065 335 2093 situdo
356 2070 497 2100 servatur;
516 2067 563 2094 sed
587 2067 668 2094 alicui
693 2066 808 2094 fratrum
831 2068 1026 2103 probatissimo

244 2111 341 2138 culina:
367 2119 432 2138 cura
457 2112 646 2145 committitur,
666 2117 769 2147 quanto
787 2113 890 2141 scilicet
905 2118 1026 2148 tempore

244 2158 331 2185 virtus
348 2158 407 2192 ejus
427 2163 602 2194 augmentum
625 2159 734 2194 accipit,
763 2161 834 2187 vires
858 2161 982 2196 corporis
998 2161 1024 2187 in

1079 892 1107 918 δὲ
1119 892 1350 928 ταπεινοφροσύνῃ
1364 893 1411 919 καὶ
1427 893 1528 929 σπουδὴ
1544 893 1572 920 ὲν
1587 895 1619 928 τῇ
1633 893 1754 929 διακονίᾳ
1768 893 1862 920 ἐπιτε-

1079 937 1163 965 λεῖται
1178 939 1244 974 παρ’
1262 939 1363 970 αὐτοῖς,
1377 939 1427 973 ὅση
1440 939 1490 965 οὑκ
1504 939 1536 966 ἂν
1552 939 1691 970 δεσπόταις
1706 940 1781 975 παρὰ
1796 940 1860 966 δού-

1079 983 1131 1011 λων
1146 984 1339 1020 παρασχεθείη.
1361 985 1606 1020 Συμπληρωθείοης
1625 986 1652 1012 δὲ
1672 986 1721 1020 τῆς
1742 985 1862 1021 ἑϐδομά-

1078 1030 1133 1062 δος,
1161 1032 1194 1065 τῇ
1227 1031 1403 1065 ὰναστασίμῳ
1432 1031 1521 1066 ἡμέρᾳ
1551 1031 1619 1066 μετὰ
1643 1032 1705 1063 τοὺς
1732 1031 1863 1064 ἑωθινοὺς

1079 1076 1179 1111 ὕμνους
1198 1076 1288 1108 ἄλλοις
1307 1077 1386 1102 πάλιν
1400 1078 1456 1108 τοῖς
1477 1077 1673 1112 εἰσερχομένοις
1688 1078 1860 1113 ὑπηρετῆσαι

1078 1122 1112 1148 τὰ
1126 1121 1192 1157 πρὸς
1203 1122 1252 1156 τὴν
1265 1121 1361 1156 χρῆσιν
1373 1122 1457 1157 σκεύη
1472 1123 1676 1158 σεσημειωμένα
1692 1123 1858 1158 παραδιδόα-

1079 1174 1119 1192 σιν
1129 1162 1142 1181 θλ
1152 1167 1230 1193 ἆτινα
1249 1167 1396 1202 δεχόμενοι,
1413 1167 1544 1202 τοσαύτην
1560 1168 1691 1204 μέριμναν
1715 1169 1762 1195 καὶ
1779 1177 1862 1204 φρον-

1077 1214 1136 1239 τίδα
1153 1215 1192 1246 είς
1207 1214 1254 1249 τὴν
1280 1213 1382 1240 τούτων
1401 1214 1597 1249 παραφυλακὴν
1612 1214 1799 1246 ἐνδείκνυνται,
1819 1216 1858 1251 μή

1077 1267 1103 1285 τι
1119 1258 1149 1291 ἐξ
1165 1259 1254 1285 αὐτῶν
1270 1259 1372 1294 κλασθῇ
1388 1259 1404 1294 ἢ
1424 1259 1566 1294 ἀπόληται,
1585 1261 1649 1295 ὅσην
1665 1260 1737 1292 εἰκὸς
1752 1261 1798 1286 τὸν
1809 1270 1860 1288 πε-

1078 1305 1254 1340 πιστευμένον
1271 1305 1353 1340 σκεύη
1378 1305 1438 1341 ἱερά
1455 1306 1501 1332 καὶ
1518 1305 1557 1341 τῷ
1573 1305 1631 1341 Θεῷ
1652 1306 1858 1342 ἀνατεθειμένα.

1083 1351 1205 1385 ’Υφέξειν
1227 1350 1280 1386 γὰρ
1305 1351 1382 1385 λόγον
1402 1352 1587 1386 έτοιμάζονται
1607 1352 1637 1379 οὐ
1650 1353 1728 1387 μόνον
1758 1353 1788 1379 ἐν
1819 1353 1863 1388 τῷ

1078 1396 1192 1432 παρόντι
1221 1396 1260 1432 τῷ
1274 1397 1417 1433 οίκονόμῳ,
1443 1397 1510 1424 ἀλλὰ
1529 1398 1577 1424 καὶ
1589 1399 1618 1425 ὲν
1636 1398 1674 1433 τῷ
1687 1398 1808 1433 μέλλοντι
1821 1399 1862 1434 τῷ

1077 1440 1146 1476 Θεῷ,
1167 1441 1190 1467 εί
1211 1440 1286 1476 τύχοι
1306 1441 1336 1474 ἐξ
1353 1442 1507 1477 ἀμελείαςῆ
1526 1442 1659 1478 ῥᾳθυμίας
1669 1443 1816 1470 ἀπολέσθαι
1832 1453 1860 1471 τι

1078 1486 1107 1519 ἐξ
1135 1486 1231 1514 αὐτῶν.
1263 1486 1335 1522 Πρὸς
1352 1487 1459 1514 πλείονα
1476 1487 1503 1514 δὲ
1524 1488 1614 1515 πίστιν
1629 1489 1682 1515 τῶν
1696 1490 1859 1524 εἰρημένων,

1080 1531 1147 1567 ὅπερ
1158 1531 1251 1562 αὐταῖς
1265 1531 1357 1566 ὕψεσιν
1375 1531 1529 1568 ἐθεασάμην
1555 1533 1699 1569 προσθήσω
1716 1535 1754 1568 τῷ
1765 1535 1862 1570 διηγή-

1081 1585 1155 1611 ματι.
1174 1577 1218 1602 Ἐν
1231 1577 1263 1612 τῇ
1282 1576 1405 1612 ἑὸδομάδι
1417 1578 1488 1610 τινὸς
1509 1578 1622 1612 ἀδελῳοῦ
1638 1579 1741 1615 παριὼν
1758 1581 1772 1606 ό
1788 1581 1862 1607 οἰκο-

1079 1621 1158 1656 νόμος
1175 1621 1280 1655 ὀλίγους
1297 1622 1411 1654 κόκκους
1429 1624 1517 1658 φακῆς
1528 1624 1598 1650 κατὰ
1610 1624 1662 1659 γῆν
1679 1625 1862 1661 ἐρριμμένους

1079 1666 1218 1699 ἐθεάσατο,
1235 1668 1282 1694 καὶ
1300 1667 1330 1694 οὺ
1354 1668 1554 1703 κατεφρόνησεν
1576 1669 1614 1701 ὡς
1633 1670 1740 1706 οίκτροῦ
1756 1672 1802 1697 καὶ
1816 1672 1863 1697 οὺ-

1078 1711 1189 1747 δαμινοῦ
1209 1712 1384 1748 πράγματος·
1410 1713 1478 1752 ἀλλὰ
1493 1714 1577 1741 πολλά
1600 1715 1749 1748 ἐγκαλέσας
1759 1717 1798 1752 τῷ
1811 1717 1860 1753 τὴν

1079 1756 1210 1791 ἑϐδομάδα
1224 1757 1432 1793 πεπιστευμένῳ
1447 1758 1562 1794 ἀδελφῷ,
1579 1759 1691 1786 δέδωκεν
1712 1761 1785 1796 αὐτῷ
1799 1763 1860 1789 ἐπι-

1078 1803 1182 1837 τιμίαν,
1197 1802 1234 1834 ὼς
1264 1803 1406 1838 ἀμελοῦντι
1435 1804 1489 1830 τῶν
1512 1805 1549 1840 τῷ
1565 1805 1624 1841 Θεῷ
1648 1807 1858 1842 ἀνατιθεμένων,

1078 1848 1124 1874 καὶ
1139 1848 1337 1875 κατα-πατοῦντι
1350 1849 1399 1884 τὴν
1415 1849 1481 1876 ίδίαν
1496 1851 1656 1886 συνείδησιν.
1671 1851 1795 1888 Τοσαύτη
1806 1853 1861 1888 γάρ

1077 1893 1166 1920 πίστει
1193 1894 1239 1921 καὶ
1255 1894 1356 1931 σπουδῇ
1372 1894 1479 1922 πάντων
1494 1896 1693 1932 ἐπιμελοῦνται,
1709 1899 1755 1925 καὶ
1771 1899 1859 1926 πάντα

1076 1939 1229 1972 διοικοῦσιν,
1249 1940 1287 1972 ὡς
1299 1941 1434 1977 καὶιαύτά,
1445 1942 1515 1979 ειπερ
1528 1943 1592 1978 ἡμῖν
1603 1943 1697 1979 εὐτελῆ
1713 1943 1760 1971 καὶ
1776 1953 1861 1972 κατα-

1077 1986 1233 2021 φρονήσεως
1256 1986 1318 2019 ἄξια
1344 1987 1498 2021 φαίνονται,
1515 1988 1584 2023 μετά
1607 1988 1705 2024 πολλῆς
1722 1990 1860 2025 προσοχῆς

1077 2031 1231 2066 φυλάττειν,
1245 2031 1301 2059 οἷον
1315 2033 1425 2067 ἀγγεῖον
1439 2033 1532 2065 κακῶς
1541 2034 1665 2069 κείμενον
1681 2036 1858 2071 μεταστῆσαι,

1077 2075 1171 2108 σκεῦος
1180 2077 1342 2112 ἐρριμμένον
1354 2078 1474 2109 συνάξαι,
1482 2078 1651 2110 πιστεύοντες
1663 2080 1708 2106 καὶ
1716 2080 1786 2115 ὑπὲρ
1799 2080 1860 2106 τού-

1075 2129 1129 2146 των
1147 2121 1241 2156 μισθὸν
1255 2121 1327 2156 ἔχειν
1348 2123 1412 2157 παρ’
1429 2123 1502 2158 αὐτῷ
1518 2122 1554 2158 τῷ
1568 2124 1688 2159 Δεσπὸτη
1705 2124 1773 2159 Θεῷ.
1791 2125 1858 2152 Τού-

1076 2173 1138 2196 τους
1162 2165 1190 2191 δὲ
1218 2166 1282 2198 τοὺς
1308 2167 1423 2199 κανόνας
1442 2168 1496 2194 τῶν
1510 2169 1663 2204 ἑϐδομάδων
1680 2170 1750 2196 κατά
1767 2172 1857 2197 πᾶσαν

243 2203 322 2230 oﬂicii
344 2204 483 2232 functione
507 2209 663 2240 suppetunt,
690 2213 741 2233 nec
762 2210 889 2233 senectus
912 2206 1025 2233 infirmi-

1079 2210 1124 2246 τὴν
1141 2211 1284 2247 Ἀνατολὴν
1296 2198 1450 2249 εὑρήκαμεν
1461 2198 1591 2248 γίνεσθαί.
1609 2215 1687 2251 Παρὰ
1697 2216 1725 2242 δὲ
1740 2218 1797 2248 τοῖς
1809 2218 1856 2244 Δί-

243 2252 320 2276 tasve
338 2250 474 2284 prohibet.
492 2250 560 2277 Cum
577 2255 667 2278 autem
686 2252 766 2280 nobis
779 2259 869 2279 sermo
881 2252 916 2280 sit
929 2253 963 2280 de
976 2252 1025 2279 ob—

243 2296 385 2330 sequentia
402 2301 430 2323 et
444 2297 478 2324 de
493 2297 656 2329 humilitate,
672 2305 722 2332 per
734 2306 802 2332 quas
817 2297 851 2325 ad
867 2305 1024 2333 supremum

242 2342 353 2369 virtutis
372 2342 510 2378 fastigium
528 2350 674 2378 possumus
693 2343 846 2378 pervenire,
861 2351 950 2379 opera:
965 2352 1026 2379 pre-

241 2387 308 2414 tium
323 2388 393 2415 duco
406 2396 493 2423 pauca
505 2396 537 2416 ex
550 2389 645 2416 multis
659 2390 788 2424 praeclare
800 2390 884 2425 gestis
897 2397 911 2416 a
923 2389 1026 2417 sanctis

243 2432 369 2461 Patribus
383 2434 429 2470 qui
449 2434 476 2460 in
493 2435 628 2462 ctenobiis
645 2434 782 2467 ellulsere,
798 2434 914 2470 exempli
929 2441 1022 2466 causa,

242 2480 391 2506 narrationi
406 2480 524 2514 adjicere
538 2485 648 2508 nostrae.

1076 2257 1202 2290 γυπτίοις
1227 2257 1275 2292 οὐχ
1300 2257 1370 2285 οὕτω
1383 2259 1436 2285 τῶν
1455 2259 1608 2295 ἑϐδομάδων
1622 2261 1788 2303 ήιὲναλλαγὴ
1799 2264 1856 2290 ἐπι-

1075 2301 1201 2343 τελεῖται,
1219 2303 1287 2330 ἀλλά
1311 2304 1351 2330 έν).
1376 2304 1553 2341 δοκιμωτάτῳ
1574 2306 1628 2332 τῶν
1643 2301 1763 2342 ἀδελφῶν
1777 2309 1794 2343 ἡ
1809 2308 1855 2335 τοῦ

1072 2342 1234 2384 ³μαγειρείου
1264 2350 1372 2384 φροντὶς
1395 2351 1580 2386 ἐπιτρέπεται.
1600 2351 1642 2386 ἐφ’
1664 2353 1753 2388 ὃσονὴ
1772 2354 1855 2389 ἀρετὴ

1076 2392 1170 2418 τούτου
1187 2393 1335 2426 ἐπιδίδωσι,
1353 2396 1399 2422 καὶ
1414 2396 1430 2430 ἡ
1443 2397 1519 2431 ἰσχὺς
1533 2396 1578 2422 τοῦ
1592 2396 1716 2432 σώματος
1725 2399 1857 2434 ὑπουργεῖ

1077 2438 1106 2463 ὲν
1119 2439 1151 2473 τῇ
1167 2437 1299 2475 διακονίᾳ,
1317 2439 1362 2466 καὶ
1380 2441 1447 2476 μήτε
1461 2441 1548 2477 γῆρας
1558 2442 1631 2478 αὺτῷ
1646 2444 1714 2478 μήτε
1729 2443 1856 2471 ἀσθένεια

1078 2481 1225 2517 ἐμποδίζει.
1248 2484 1302 2510 Καὶ
1321 2485 1413 2521 ἐπειδὴ
1429 2486 1443 2512 ὁ
1457 2485 1534 2519 λόγος
1548 2487 1613 2522 ἡμῖν
1632 2487 1696 2523 περὶ
1719 2489 1857 2525 ὑποταγῆς

242 2524 288 2550 καὶ
304 2524 491 2557 ταπεινώσεως
507 2525 670 2564 εῐρηται,δι⁵
684 2522 721 2551 ὦν
740 2524 808 2560 πρὸς
836 2524 866 2550 τὸ
886 2524 1033 2560 ἀκρότατον
1051 2525 1100 2560 τῆς
1120 2526 1219 2562 ἀρετῆς
1242 2527 1361 2555 ἀνελθεῖν
1390 2529 1534 2564 δυνάμεθα,
1564 2531 1709 2565 ἀναγκαῖον
1727 2522 1858 2569 ὑπολαγμέ

242 2571 316 2597 ϐάνω
330 2572 407 2606 ὀλίγα
430 2574 462 2600 ἐκ
496 2573 599 2599 πολλῶν
616 2572 669 2599 τῶν
688 2573 716 2599 ὲν
736 2574 791 2604 τοῖς
826 2571 967 2603 κοινοϐίοις
995 2571 1201 2608 διαλαμψάντων
1234 2574 1345 2609 ἀγώνων
1367 2575 1474 2613 [ἁγίων]
1493 2577 1620 2614 Πατέρων
1658 2574 1861 2615 κατορθώματα

242 2619 458 2654 παραδείγματος
473 2620 552 2656 χάριν
567 2620 722 2656 προσθεῖναι
739 2619 777 2654 τῷ
793 2619 950 2654 διηγήματι.

277 2665 304 2693 9.
313 2666 368 2701 (59)
379 2667 441 2694 Erat
449 2667 556 2702 quidam
568 2667 648 2695 Pater
659 2667 682 2694 Μ
687 2667 778 2694 uthius
785 2666 840 2702 (60)
850 2666 968 2701 nomine,
975 2666 1021 2702 qui

277 2735 333 2770 (57)
349 2735 474 2763 Cassian.
492 2735 614 2764 Ιιιείὶιιιι.
627 2737 674 2765 lib.
696 2726 734 2769 iv;
750 2745 774 2764 ς.
789 2737 833 2765 eo.

290 2770 335 2804 εδ)
351 2770 418 2798 Ibid.
434 2779 459 2798 ο.
475 2771 520 2798 22.

289 2805 334 2840 59)
351 2805 417 2832 Ibid.
434 2813 459 2833 c.
473 2807 518 2832 ιιι.

1110 2665 1137 2693 9.
1154 2666 1251 2700 Γέγονέ
1264 2675 1305 2699 τις
1319 2667 1412 2703 Πατὴρ
1427 2668 1542 2701 Μούθιος
1551 2669 1672 2706 ὀνόματι.
1703 2668 1787 2703 Οὗτος
1797 2673 1857 2699 ἑπι-

1115 2736 1170 2772 (60)
1185 2736 1480 2775 Alii_putan_t__rectius
1507 2739 1558 2775 legi
1583 2737 1779 2766 Patermuthius
1800 2747 1856 2768 una

1079 2779 1155 2805 voce,
1169 2779 1222 2807 qua
1237 2771 1270 2800 de
1285 2779 1314 2800 re
1325 2771 1398 2800 alibi.
