1940 3068
52 140 104 169 861

640 139 803 166 EPISTULA
825 139 835 166 l
855 137 899 165 AD
915 135 1111 165 CASTf)REM.

1618 133 1671 162 862

53 197 149 226 ποθῶν
170 197 360 230 ἀποτάξασθαι
383 196 422 233 τῷ
444 197 555 233 κόσμῳ,
572 197 790 233 παραγενόμενος
811 198 855 227 ὲν,

909 204 951 222 um
967 195 1046 223 vellet
1067 194 1167 221 mundo
1190 192 1358 225 renuntiare,
1373 192 1504 220 accedens
1525 191 1557 219 ad
1578 200 1672 219 emno-

54 244 195 279 κοινοῆίῳ,
210 244 325 271 ἐπιπολὺ
346 243 398 279 πρὸ
412 243 466 270 τῶν
486 243 575 278 Θυρῶν
597 242 644 269 τοῦ
663 242 841 278 μοναστηρίου

54 290 255 325 ἐκαρτέρησεν,
268 289 319 320 ἕως
332 289 375 315 ὅτε
391 290 423 324 τῇ
441 288 524 323 πολλῇ
540 288 621 314 αὐτοῦ
634 287 755 322 ὑπομονῇ
774 287 843 321 μετὰ

58 335 161 371 μικροῦ
181 335 238 361 υἱοῦ
254 334 330 370 παρὰ
344 335 389 361 τὸν
404 334 505 369 συνήθη
525 334 624 360 κανόνα
645 332 690 359 τοῦ
712 331 843 358 κοινοϐίου

56 380 168 416 ἐδέχθη.
184 381 239 407 Καὶ
258 381 302 406 ὅτε
320 380 388 415 μετὰ
410 379 523 410 πολλοὺς
540 379 640 410 κόπους
661 377 794 412 εἰσῆλθεν,
813 377 843 402 οὑ

59 427 143 461 μόνον
156 426 294 460 διαφόροις
310 426 400 461 ἔργοις
415 424 612 460 παρεδόθησαν,
628 424 694 450 ἀλλὰ
708 423 756 449 καὶ
775 421 844 449 κατὰ

58 473 112 508 τὴν
129 472 175 498 τοῦ
190 471 294 498 χελλίου
316 471 469 506 συνοίκησιν
488 469 710 505 διεχιυρίσθησαν,
726 469 798 499 ὅπως
811 469 843 502 τῇ

60 519 110 544 ἀπ’
129 518 251 554 ἀλλήλων
265 517 397 550 διαζεύξει
411 516 481 543 κατὰ
498 516 593 551 μικρὸν
614 515 662 549 τῆς
683 514 749 550 πρὸς
764 513 842 548 ἀλλή-

60 563 127 595 λους
146 563 263 598 φυσικῆς
281 562 465 597 προσπαθείας
480 560 688 594 ἀπαλλαγῶσιν·
706 558 740 595 ἧς
756 559 845 594 χάριτι

60 609 183 644 Χριστοῦ
200 609 243 635 διὰ
257 609 305 643 τῆς
321 607 421 641 πολλῆς
432 606 585 641 γυμνασίας
601 607 614 632 ό
629 605 717 640 πατὴρ
737 604 847 639 ἠλευθε-

61 654 150 690 ρώθη.
161 654 212 680 Καί
227 662 293 680 ποτε
309 653 376 688 πρὸς
392 652 505 686 βάσανον
519 651 566 678 καὶ
579 650 691 686 δοκιμὴν
705 650 753 685 τῆς
765 648 845 687 αὑτοῦ

61 701 165 735 ἀρετῆς
183 699 401 735 προσεποιήσατο
422 699 436 724 ὁ
453 697 540 728 assa;
567 697 625 732 μετ’
642 696 727 732 ὀργῆς
745 695 847 729 ἀγανα-

61 745 140 770 κτεῖν
159 744 225 780 πρὸς
241 743 286 769 τὸν
301 743 393 773 παῖδα,
409 743 455 768 καὶ
469 742 634 777 προστάσσει
654 740 692 776 τῷ
713 739 847 776 εἰρημένῳ

62 789 150 824 πατρὶ
165 785 246 815 αὐτοῦ
261 788 351 814 λαϐεῖν
362 787 442 814 αὑτὸν
455 787 501 813 καὶ
516 787 591 822 ῥίψαι
604 787 644 816 εἰς
657 785 702 811 τὸν
716 784 846 819 ποταμόν.

63 836 133 862 Τότε
149 836 261 866 ἐκεῖνος,
279 834 316 865 ὡς
328 833 360 860 ἂν
375 833 428 859 ὑπὸ
443 832 510 858 Θεοῦ
526 831 705 866 προσταχθεὶς
717 830 848 866 βαστάσαι

64 880 150 908 αὑτοῦ
162 880 206 908 τὸν
219 880 311 911 παῖδα,
321 879 448 915 δρομαῖος
463 878 508 904 ἐπὶ
520 878 569 913 τὴν
578 877 659 912 ὄχθην
668 876 713 902 τοῦ
727 875 848 911 ποταμοῦ

64 927 258 962 παραγίνεται,
277 925 323 951 καὶ
343 924 464 950 σπεύδων
479 922 622 957 πληρῶσαι
639 921 669 947 τὺ
687 921 849 956 πρόσταγμα

65 973 159 1000 πίστει
171 971 295 1006 διαπύρῳ
306 971 352 997 καὶ
362 969 507 1005 θερμότητι
519 968 569 1003 τῆς
585 967 715 1002 ὑπακοῆς,
728 966 850 1001 ἐκωλύθη

66 1017 121 1044 ὑπὸ
134 1016 189 1043 τῶν
205 1015 336 1050 ἀδελφῶν,
351 1014 560 1048 ὲπιιρθασάντων
573 1013 620 1040 καὶ
632 1012 851 1048 ἀφαρπασάντων

66 1063 114 1090 τὸν
133 1062 227 1089 παῖδα.
240 1060 372 1088 Τοσοῦτον
385 1058 432 1086 οὖν
452 1059 525 1095 παρὰ
539 1059 599 1094 Θεῷ
616 1060 631 1093 ἡ
650 1058 739 1089 πίστις
757 1057 850 1084 τούτου

67 1109 117 1135 καὶ
128 1109 144 1144 ή
157 1107 263 1142 ὑπακοὴ
270 1105 445 1142 προσεδὲχθη,
455 1105 492 1136 ὼς
503 1103 726 1138 ἀποκαλυφθῆναι
734 1103 772 1138 τῷ
783 1102 853 1138 ἀόϐᾷ

69 1155 102 1180 ὲκ
116 1153 163 1179 τοῦ
172 1152 250 1184 Θεοῦ,
262 1152 301 1177 ὃτι
315 1151 344 1177 τὺ
355 1150 433 1186 ἔργον
447 1150 492 1176 τοῦ
506 1149 631 1185 Ἀϐραὰμ
643 1147 718 1180 οὗτος
732 1148 851 1185 ἐποίησε.

69 1199 138 1226 Μετ’
155 1197 243 1232 ὀλίγον
261 1197 290 1224 δὲ
306 1197 399 1232 χρόνον
415 1197 428 1222 ό
443 1195 585 1231 εἰρημένος
605 1195 690 1226 ἁόὅᾶς
706 1194 752 1220 τοῦ
769 1202 854 1220 κοινο-

71 1245 132 1271 είου
148 1243 289 1274 τελευτῶν,
304 1242 396 1268 τοῦτον
409 1241 527 1276 διάδοχον
547 1240 628 1268 αὐτοῦ
645 1240 800 1267 κατέλιπεν.

111 1290 154 1317 10.
169 1288 264 1316 Ἀλλον
279 1288 400 1323 ἔγνωμεν
414 1287 526 1322 ἀδελφὺν
542 1286 754 1322 ἀποταξάμενον,
765 1285 855 1317 ὃς¹καὶ

73 1336 145 1363 κατὰ
163 1336 208 1362 τὸν
226 1335 326 1370 κόσμον
350 1334 436 1370 μέγας
462 1334 566 1369 ὑπῆρχε
588 1333 648 1367 (καὶ
666 1331 720 1368 γὰρ
733 1332 746 1358 ὁ
763 1332 856 1367 Πατὴρ

73 1382 154 1409 αὐτοῦ
171 1382 258 1416 κόμης
271 1380 446 1416 ἐστρατεύετο
457 1380 504 1406 καὶ
514 1379 638 1410 πλούσιος
649 1377 800 1413 ἐτύγχανε),
809 1378 856 1404 καὶ

73 1429 102 1455 ὲν
118 1427 311 1462 ἀναγνώσμασι
332 1425 484 1456 σπουδαίοις
499 1425 530 1451 οὑ
542 1424 658 1460 μετρίως
668 1422 702 1459 ἦν
721 1432 856 1458 γεγυμνα-

76 1474 185 1509 σμένος.
205 1469 289 1504 υῦτος
306 1470 353 1499 οὖν
369 1471 534 1506 καταλείψας
558 1471 606 1506 τὴν
629 1470 763 1505 κοσμικὴν
779 1478 856 1505 περι-

76 1521 200 1555 φάνειαν,
217 1519 284 1555 πρὸς
297 1519 344 1545 τὸν
361 1518 463 1554 μονήρη
481 1517 536 1552 βίον
551 1517 672 1552 ὥρμησε,
686 1516 732 1543 καὶ
744 1516 776 1552 δὴ
790 1516 858 1552 πρὸς

76 1566 189 1602 δοκιμὴν
204 1566 254 1601 τῆς
273 1564 354 1592 αὑτοῦ
374 1565 490 1595 πίστεως
508 1564 554 1590 καὶ
571 1562 759 1594 ταπεινώσεως
776 1571 858 1598 προσ-

76 1613 205 1640 τάσσεται
222 1611 274 1638 ὑπὸ
288 1611 334 1638 τοῦ
353 1610 424 1637 assa
435 1610 500 1636 δέκα
513 1609 643 1644 σπυρίδας
657 1608 799 1644 βαστάσαι,
813 1607 859 1634 καὶ

77 1661 106 1687 ὲν
121 1661 155 1695 τῇ
177 1659 252 1685 πόλει
268 1659 302 1694 τῇ
324 1657 376 1692 ἰδίᾳ.
398 1656 538 1691 πωλῆσαι,
554 1655 600 1682 καὶ
623 1654 660 1690 μὴ
677 1655 766 1686 πάσας
792 1653 859 1689 ὁμοῦ

77 1705 146 1733 ἀλλά
169 1704 240 1731 κατὰ
258 1704 322 1739 μίαν
337 1703 421 1733 αὑτὰς
439 1702 554 1728 πωλεῖν·
570 1701 637 1737 ὅπερ
664 1702 767 1736 ἐκεῖνος
792 1700 860 1736 μετὰ

80 1751 171 1786 πάσης
185 1749 322 1785 ὑπομονῆς
338 1748 383 1775 καὶ
402 1746 590 1779 ταπεινώσεως
608 1746 775 1782 ἐπλήρωσεν,
800 1747 860 1772 ἐπι-

79 1797 136 1828 θεὶς
152 1797 201 1828 τὰς
216 1794 345 1831 σπυρίδας
362 1795 418 1825 τοῖς
432 1793 527 1829 ὤμοις.
545 1793 592 1819 καὶ
607 1791 691 1823 αὑτὰς
711 1791 781 1818 κατὰ
796 1791 861 1827 μίαν

80 1842 225 1877 πωλήσας,
250 1841 286 1876 μὴ
308 1838 485 1874 λογισάμενος
507 1838 556 1873 τὴν
573 1837 709 1864 εὐτέλειαν
726 1836 772 1863 τοῦ
793 1836 862 1872 πρά-

81 1895 195 1923 γματος,
210 1886 257 1912 καὶ
273 1884 319 1911 τοῦ
332 1884 426 1918 γένους
451 1883 499 1918 τὴν
519 1882 715 1918 λαμπρότητα,
739 1882 786 1908 καὶ
812 1882 862 1917 τῆς

82 1933 210 1969 πράσεως
225 1932 274 1968 τὴν
304 1930 433 1958 δοκοῦσαν
450 1930 571 1966 ἀτιμίαν.
606 1929 770 1961 Ἐσπούδαζε
799 1928 853 1965 γὰρ

83 1981 200 2013 νώσεως.

121 2028 165 2055 11.
179 2026 235 2053 Καὶ
252 2025 329 2053 ἄλλον
343 2025 371 2052 δέ
392 2033 452 2051 τινα
471 2023 526 2050 τῶν
542 2023 671 2057 Πατέρων
694 2022 864 2058 ἐθεασάμεθα

85 2073 173 2101 ἀὸὃᾶν
190 2072 320 2106 Πινοφᾶν,
343 2070 426 2106 ἄνδρα
443 2070 517 2105 πάσῃ
537 2069 620 2104 ἀρετῇ
649 2067 864 2103 κεκοσμημένον,

86 2119 160 2149 ὅστις
183 2115 217 2152 ἦν
240 2115 389 2151 πρωτόόιος
405 2115 451 2141 καὶ
466 2113 552 2146 ἀ66ᾶς
564 2113 691 2149 ιμεγάλου
714 2112 846 2139 κοινοδίου
858 2132 865 2144 ,

87 2165 103 2191 ὅ
120 2165 192 2190 ἐστιν
218 2163 247 2188 ὲν
270 2161 399 2196 Αἰγύπτῳ
429 2159 511 2194 ἐγγὺς
539 2159 589 2194 τῆς
605 2157 721 2193 Πανεφὼ
747 2158 865 2190 πόλεως·
884 2181 905 2208 D

88 2208 174 2241 οὗτος,
189 2208 258 2244 ὁρῶν
272 2208 366 2235 ἑαυτὸν
381 2207 428 2233 καὶ
441 2206 483 2232 διὰ
490 2205 538 2241 τὴν
557 2205 710 2241 προσοῦσαν
722 2203 868 2235 πολιτείαν,

89 2256 136 2283 καὶ
149 2255 192 2281 διὰ
213 2255 243 2281 τὸ
257 2254 355 2289 γῆρας,
377 2254 423 2280 καὶ
436 2252 478 2279 διὰ
499 2253 548 2287 τὴν
560 2251 719 2287 ἠγεμονίαν,
737 2250 789 2276 ὑπὸ
803 2250 871 2276 πάν-

88 2309 143 2328 των
158 2299 332 2334 δοξαζόμενον
353 2298 398 2324 καὶ
421 2296 584 2333 τιμώμενον,
607 2295 654 2322 καὶ
673 2294 710 2330 μὴ
725 2294 871 2328 δυνάμενον

91 2344 308 2381 ἐγγυμνάζεσθαι
324 2344 380 2375 τοῖς
395 2342 444 2377 τῆς
466 2340 712 2376 ταπεινοφροσύνης
732 2338 872 2374 ἐπιτηδεύ-

94 2399 185 2425 μασιν,
200 2386 296 2424 οἷσπερ
313 2387 343 2420 ἐξ
363 2387 460 2423 ἀρχῆς,
480 2386 524 2413 διὰ
537 2386 587 2420 τῆς
601 2384 675 2420 αὑτῷ
690 2383 872 2420 περιποθήτου

93 2436 231 2471 ὑποταγῆς
255 2436 283 2462 ὲν
332 2433 441 2470 ἐκλήθη,
456 2433 542 2469 λάθρα
559 2432 651 2467 φυγὼν
671 2431 724 2458 ἀπὸ
738 2431 785 2457 τοῦ
808 2430 872 2457 ἰδίου

94 2482 237 2513 κοινοϐίου,
254 2479 408 2515 ἀνεχώρησε
427 2479 504 2514 μόνος
522 2478 561 2508 εἰς
577 2477 611 2503 τὰ
632 2476 734 2511 ἔσχατα
749 2475 798 2510 τῆς
817 2474 872 2509 Θη-

95 2527 184 2558 ϐαΐδος
195 2535 202 2541 ·
219 2526 265 2552 καὶ
279 2525 384 2560 ἐπάρας
399 2524 430 2550 τὸ
447 2523 538 2558 σχῆμα
551 2521 597 2548 τοῦ
612 2520 728 2556 μοναχοῦ
742 2519 789 2547 καὶ
801 2519 874 2546 ἐνδυ-

98 2573 212 2608 σάμενος
236 2571 355 2606 κοσμικὰ
384 2569 478 2604 ἱμάτια
497 2567 615 2604 ἀπῆλθεν
634 2567 673 2598 εἰς
696 2566 726 2592 τὸ
744 2565 874 2592 κοινόόιον

97 2619 149 2644 τῶν
164 2615 399 2651 Ταὸεννησιωτῶν,
412 2613 524 2649 νομίσας
542 2614 570 2639 ὲν
584 2612 669 2647 τούτῳ
682 2610 821 2637 λανθάνειν
834 2609 874 2641 τίς

98 2663 131 2690 ἂν
151 2663 194 2699 εἴη
219 2662 264 2691 διὰ
286 2661 316 2688 τὸ
341 2660 440 2696 πλῆθος
463 2660 517 2686 τῶν
538 2657 674 2692 ἀδελφῶν.
697 2657 743 2683 καὶ
775 2655 818 2683 διὰ
842 2655 873 2683 τὸ

101 2709 209 2744 ἀπέχειν
224 2708 290 2735 πολὺ
301 2707 347 2734 τοῦ
357 2707 496 2742 κλίματος,
511 2706 540 2731 ὲν
548 2701 570 2738 ᾧ
583 2704 615 2730 τὸ
626 2703 721 2730 τούτου
735 2701 875 2729 κοινόόιον.

137 2792 470 2833 (θ1)ςειξεὶιιιι.ληδιίιιιι.
485 2791 531 2819 lib.
546 2799 581 2823 Iv,
597 2797 622 2818 c.
639 2788 685 2816 ‘28.

136 2828 192 2867 (σε)
205 2831 272 2859 Ibid.
288 2838 312 2857 ε.
329 2828 375 2856 29.

871 1534 894 1565 C

893 242 978 273 bium,
990 242 1035 268 diu
1050 245 1113 267 ante
1125 240 1196 267 fores
1208 239 1365 266 monasterii
1380 238 1570 273 perseveravit,
1585 238 1671 266 donec

893 289 928 316 ob
943 296 1077 315 summam
1092 288 1151 323 ejus
1164 287 1320 322 patientiam
1336 294 1397 313 cum
1413 294 1494 321 pravo
1508 286 1562 313 ﬁlio
1576 291 1672 321 praeter

894 338 1030 372 assuetam
1047 333 1205 360 monasterii
1219 333 1317 367 legem,
1335 332 1472 359 admissus
1489 336 1539 359 est.
1555 332 1594 358 Ac
1609 339 1672 359 cum

894 384 954 414 post
967 379 1065 407 multos
1080 380 1187 406 labores
1203 386 1343 414 Ingressus
1360 377 1482 410 fuit,non
1498 378 1578 405 modo
1591 378 1674 406 variis

894 425 1022 459 operibus
1044 425 1123 452 ambo
1148 425 1239 451 traditi
1265 428 1339 455 sunt,
1369 424 1416 452 sed
1448 425 1567 459 separati
1592 425 1672 452 etiam

895 470 970 498 fuere
984 471 1073 505 quoad
1097 470 1200 497 cellula:
1216 469 1423 503 habitationem,
1441 474 1471 497 ut
1492 470 1675 505 disjunetione

895 516 940 543 illa
959 515 1088 550 paulatim
1110 521 1202 542 mutua
1223 515 1267 541 illa
1281 515 1398 542 naturali
1420 514 1561 542 affectione
1581 515 1677 542 libera-

895 566 990 588 rentur
1003 570 1010 594 ;
1027 568 1081 595 qua
1095 560 1169 592 item,
1187 560 1287 587 Christi
1305 560 1401 595 gratia,
1415 568 1462 595 per
1474 561 1585 587 multam
1597 568 1668 588 exer-

896 607 1052 634 citationem
1081 610 1158 641 pater
1185 605 1316 633 liberatus
1342 610 1394 633 est.
1423 605 1462 632 Ad
1489 605 1676 641 probatiOnem

896 655 986 678 autem
1016 655 1042 678 et
1077 651 1290 685 experimentum
1318 650 1426 677 virtutis
1449 650 1508 683 ejus
1533 650 1678 677 simulabat

897 696 1040 731 aliquando
1055 696 1138 722 abbas
1154 703 1183 722 se
1194 696 1233 722 ira
1255 697 1384 722 adversus
1400 703 1513 729 pllerqu
1535 694 1678 728 concitari,

895 742 1032 778 iussitque
1052 741 1210 776 supradicto
1227 741 1287 775 ejus
1311 740 1380 774 patri
1399 743 1428 767 ut
1444 740 1579 767 sublatum
1595 740 1680 775 proji-

897 791 971 814 ceret
989 787 1016 813 in
1033 786 1155 813 fluvium.
1172 785 1240 812 Tum
1263 785 1317 817 ille,
1340 785 1419 819 quasi
1444 784 1498 811 Deo
1518 784 1631 819 jubente
1650 789 1679 812 ut

899 833 1007 860 tolleret
1029 832 1111 859 ﬁlium
1127 839 1218 863 suum,
1235 831 1372 858 concitan
1386 838 1467 858 cursu
1479 830 1512 856 ad
1530 832 1614 865 ripam
1630 829 1682 856 flu—

900 880 981 907 minis
999 878 1118 908 advenit,
1139 885 1171 904 ac
1187 877 1251 904 dum
1268 877 1374 911 jussum
1395 876 1507 911 implere
1520 884 1553 902 ex
1573 875 1680 903 ardenti

901 925 963 957 ﬁde,
992 928 1019 951 et
1044 931 1078 951 ex
1107 923 1212 951 fervore
1239 922 1398 949 obedientia:
1426 925 1593 956 properaret.
1617 929 1679 956 pro-

899 971 1001 1000 hibitus
1022 974 1063 997 est
1094 977 1109 996 a
1140 969 1270 996 fratribus
1304 968 1349 1003 qui
1373 975 1528 1003 prazvcnere
1556 967 1630 994 illum
1654 972 1683 994 et

901 1017 983 1044 ﬁlium
997 1015 1147 1050 abripuere.
1161 1013 1313 1050 (6|)Usque
1326 1012 1393 1039 adeo
1405 1016 1493 1039 autem
1506 1011 1565 1045 ejus
1577 1011 1642 1038 ﬁdes
1656 1014 1684 1038 et

901 1061 1053 1089 obedientia
1080 1060 1135 1086 Deo
1170 1063 1282 1092 accepla
1308 1057 1375 1090 fuit,
1401 1062 1431 1083 ut
1459 1064 1474 1083 a
1500 1056 1553 1083 Deo
1579 1056 1682 1083 revela-

902 1111 960 1134 tum
986 1105 1067 1133 fuerit
1093 1104 1194 1135 abbati,
1218 1104 1306 1138 ipsqu
1328 1102 1474 1129 Abrabami
1498 1109 1567 1136 opus
1592 1101 1682 1136 perfe-

903 1153 983 1180 cisse.
1006 1151 1094 1178 Parvo
1114 1154 1203 1177 autem
1215 1150 1307 1184 elapso
1325 1153 1456 1183 tempore,
1473 1148 1618 1182 praedictus
1631 1154 1686 1174 cm-

903 1198 976 1226 nobii
999 1197 1083 1224 abbas
1108 1204 1170 1224 eum
1191 1195 1312 1228 obiisset,
1334 1202 1396 1222 eum
1420 1201 1606 1221 successorem
1632 1192 1685 1220 sibi

903 1241 1013 1277 reliquit

941 1288 984 1314 10.
1010 1286 1099 1313 Alium
1123 1285 1249 1312 novimus
1271 1284 1393 1316 fratrem,
1424 1284 1470 1319 qui
1501 1283 1601 1311 sacculo
1627 1290 1687 1310 sese

906 1333 1059 1364 abdicavit,
1093 1331 1139 1366 qui
1171 1331 1253 1358 etiam
1288 1331 1315 1357 in
1349 1330 1451 1357 mundo
1480 1329 1596 1364 insignis
1628 1332 1687 1356 erat

907 1379 994 1414 (pater
1013 1377 1111 1412 quippe
1132 1375 1192 1411 ejus
1215 1383 1306 1402 comes
1329 1375 1429 1403 bellum
1450 1375 1576 1409 gerebat,
1597 1373 1688 1400 dives-

906 1432 959 1460 que
982 1425 1062 1457 erat),
1094 1430 1144 1450 nec
1168 1421 1341 1448 mediocriter
1363 1420 1486 1447 eruditus
1511 1427 1542 1446 ac
1564 1418 1689 1446 lectionis

908 1469 1055 1497 studiosus.
1069 1467 1123 1503 (62)
1136 1467 1185 1494 llic
1201 1466 1284 1500 igitur
1306 1464 1429 1492 saeculari
1449 1464 1550 1497 relicto.
1560 1463 1642 1495 fastu,
1655 1462 1691 1489 ad

910 1515 1086 1543 monasticam
1101 1522 1130 1541 se
1144 1512 1259 1540 contulit
1278 1512 1374 1544 vitam,
1408 1515 1488 1545 atque
1502 1509 1535 1536 ad
1552 1509 1690 1544 probatio-

910 1569 971 1589 nem
999 1560 1058 1588 ﬁdei
1084 1563 1110 1587 et
1139 1558 1299 1586 humilitatis
1327 1565 1384 1585 suae
1403 1556 1513 1591 jubetur
1535 1555 1568 1581 ab
1595 1554 1693 1581 abbate

911 1607 1003 1635 decem
1020 1609 1127 1641 sportas
1142 1604 1258 1635 deferre,
1275 1607 1302 1631 et
1317 1603 1344 1630 in
1359 1602 1468 1637 propria
1483 1600 1561 1631 urbe,
1578 1606 1628 1626 nec
1639 1606 1692 1625 una

912 1661 1007 1682 omnes
1022 1652 1068 1680 sed
1088 1651 1243 1687 singulatim
1263 1658 1309 1678 eas
1327 1649 1442 1676 vendere
1459 1657 1465 1674 :
1482 1645 1553 1681 quod
1572 1645 1616 1677 ille
1630 1652 1691 1671 cum

913 1699 988 1726 omni
1009 1698 1137 1733 patientia
1152 1701 1178 1724 et
1192 1696 1344 1723 humilitate
1359 1693 1514 1728 complevit,
1530 1694 1693 1728 spaniasque

915 1746 1058 1779 imponens
1093 1743 1214 1770 humeris
1236 1741 1373 1778 sigillatim
1401 1739 1540 1772 vendidit;
1566 1745 1620 1765 non
1645 1735 1694 1763 me

913 1791 953 1818 rei
978 1791 1129 1822 vilitatem,
1163 1796 1218 1816 non
1258 1787 1364 1823 generis
1395 1785 1565 1813 nobilitatem
1601 1790 1693 1811 secum

913 1837 1048 1872 reputavit
1070 1835 1215 1864 :studebat
1236 1835 1309 1862 enim
1331 1831 1434 1861 Christi
1452 1829 1613 1858 humilitatis
1634 1829 1694 1855 imi-

914 1888 984 1910 tator
1000 1882 1078 1910 eﬁiei.

884 1930 1004 1966 μιμητὴν
1024 1929 1118 1956 ἑαυτὸν
1135 1927 1303 1962 καταστῆσαι
1328 1925 1378 1960 τῆς
1398 1924 1444 1951 τοῦ
1463 1921 1579 1960 Χριστοῦ
1602 1928 1696 1947 ταπει-

952 2022 981 2048 ll
989 2042 995 2048 .
1008 2020 1062 2056 (65)
1075 2019 1164 2046 Alium
1176 2017 1393 2054 item'quemdam
1402 2023 1433 2042 ex
1440 2013 1567 2041 Palribus
1580 2014 1697 2041 vidimus

918 2067 1041 2095 abbatem
1065 2065 1217 2100 Pinophan.
1236 2065 1324 2090 virum
1343 2069 1407 2088 omn
1437 2059 1538 2100 virtute
1560 2059 1696 2092 ornatum,

919 2113 966 2148 qui
982 2115 1039 2140 erat
1055 2110 1184 2146 antiquus
1196 2112 1223 2135 et
1239 2107 1324 2134 abbas
1338 2113 1428 2140 magni
1441 2103 1568 2135 cmnobii,
1586 2101 1698 2138 quodin

919 2159 1036 2194 Egypto
1055 2157 1139 2184 situm
1154 2159 1196 2183 est
1209 2161 1303 2190 prope
1323 2153 1417 2180 urbem
1434 2150 1561 2185 Panepho
1578 2157 1584 2174 :
1598 2149 1621 2176 is
1636 2156 1697 2175 eum

921 2193 981 2231 sese
994 2201 1096 2229 videret
1112 2204 1168 2228 tum
1190 2199 1224 2227 ob
1242 2199 1304 2226 vitae
1321 2197 1485 2226 institutum,
1501 2199 1556 2220 tum
1572 2193 1607 2220 ob
1621 2199 1699 2220 sene-

921 2251 1021 2275 ctutem
1040 2250 1068 2274 et
1084 2245 1274 2282 praefecturam
1288 2242 1394 2269 laudari
1406 2245 1432 2268 et
1443 2238 1573 2267 celebrari
1592 2239 1625 2264 ab
1639 2244 1698 2264 om-

922 2293 1012 2324 nibus,
1026 2299 1077 2318 nec
1088 2297 1178 2325 posse,
1190 2286 1415 2324 quemadmodum
1429 2285 1507 2312 initio
1520 2291 1575 2311 sua:
1586 2289 1701 2310 conver-

923 2338 1009 2365 sionis
1038 2335 1129 2364 studio
1159 2334 1319 2362 humilitatis
1343 2331 1463 2366 seipsum
1490 2336 1639 2361 exercere;
1666 2326 1701 2354 iis

922 2388 1073 2419 permotus,
1087 2382 1121 2409 ob
1137 2380 1318 2408 desideratam
1331 2377 1382 2405 sibi
1395 2376 1589 2412 subjectionem
1607 2374 1633 2401 in
1647 2380 1702 2408 qua

923 2432 1037 2457 vocatus
1054 2427 1151 2456 fuerat.
1177 2426 1247 2452 clam
1269 2423 1413 2458 aufugiens
1436 2430 1470 2449 ex
1493 2429 1542 2449 suo
1565 2420 1701 2451 coenobio.

924 2473 1038 2502 secessit
1049 2472 1123 2500 solus
1135 2470 1168 2497 ad
1180 2473 1316 2496 extremas
1328 2466 1472 2494 Thebaidis
1485 2469 1587 2501 partes,
1612 2464 1704 2491 subla-

923 2524 1005 2553 toque
1020 2516 1146 2545 monachi
1161 2515 1332 2546 vestimento,
1353 2512 1508 2546 indutisque
1529 2509 1704 2538 saecularibus

924 2562 1046 2589 vestibus
1069 2559 1328 2587 Tabennesiotarum
1351 2557 1504 2584 emnobium
1526 2554 1612 2590 petiit,
1628 2559 1705 2581 ratus

926 2607 954 2634 in
979 2614 1012 2634 eo
1036 2613 1066 2633 se
1082 2605 1166 2632 latere
1180 2611 1270 2639 posse,
1287 2610 1348 2630 eum
1374 2602 1408 2629 ob
1432 2599 1633 2628 multitudinem
1647 2597 1704 2624 fra-

927 2656 1010 2685 trum,
1025 2655 1082 2677 tum
1098 2648 1287 2684 quiafmultum
1306 2648 1412 2674 abesset
1431 2654 1446 2672 a
1463 2645 1586 2685 regione,
1605 2644 1633 2670 in
1652 2649 1706 2678 qua

929 2698 1010 2726 situm
1028 2700 1086 2723 erat
1100 2682 1253 2722 eoenobiuin
1269 2699 1358 2719 suum.
1373 2691 1413 2718 lbi
1425 2682 1485 2718 cum
1503 2688 1594 2716 multis
1609 2687 1706 2726 diebus

966 2787 1021 2823 (65)
1039 2785 1106 2814 Ibid.
1123 2793 1147 2814 c.
1163 2783 1207 2818 50,
1223 2783 1269 2812 ubi
1285 2783 1368 2811 abbas
1381 2783 1492 2809 vocatur
1505 2778 1637 2813 Pinuﬁus.
