1940 3068
231 77 285 107 863

794 78 824 106 S.
843 75 1074 104 ATHANASIUS.
1094 91 1129 96 —
1147 74 1282 104 SPURIA.

1806 71 1874 99 864

232 135 408 170 postulasset.
432 140 557 171 receptus
581 139 622 163 est
648 135 682 163 ab
708 135 936 167 archimandrita,
966 135 1012 170 qui

1070 134 1118 161 Kal.
1131 135 1176 162 ἐπὶ
1190 134 1289 166 πολλὰς
1303 133 1408 169 ἡμέρας
1421 131 1585 168 παρακαλῶν
1599 131 1695 167 ἐδέχθη
1710 131 1795 166 παρὰ
1810 129 1873 156 τοῦ

233 181 284 215 ipsi
303 186 396 216 utpote
410 183 468 209 seni
484 186 511 208 et
526 182 558 208 ad
575 182 640 209 nihil
663 181 735 209 aliud
756 182 825 215 utili,
845 189 939 208 curam
958 185 1014 208 tra-

233 225 302 252 didit
322 225 403 257 horti,
427 234 535 260 unaque
558 226 604 252 alii
628 225 715 257 fratri,
740 226 783 253 cui
809 225 934 253 subditus
952 233 1014 252 cum

233 276 307 299 esset
325 272 506 299 desideratam
528 271 580 299 sibi
597 272 774 299 humilitatem
790 276 816 299 et
833 272 1014 298 obedientiam

231 316 348 343 colebat.
377 316 470 350 Neque
497 317 542 343 illo
573 317 631 343 solo
658 320 803 343 contentus
838 315 1013 348 ministerio,

231 370 401 396 quascunque
415 370 496 396 opera
516 362 576 389 aliis
593 362 660 389 dura
675 367 701 390 et
714 362 832 388 dillieilia
844 361 925 397 314
941 361 1014 388 vide-

230 405 338 438 bantur,
365 414 397 433 ea
424 407 469 433 ille
494 407 620 435 alacriter
640 407 805 433 absolvebat.
831 406 898 433 Cum
921 407 958 432 ita
978 406 1015 432 la-

230 457 317 480 tenter
335 453 480 479 triennium
506 453 666 488 peregisset,
690 460 704 479 a
725 453 867 487 discipulis
887 453 945 480 suis
968 460 1016 486 per

229 502 312 525 totam
329 498 477 534 Egyptum
500 500 686 534 perquisitus,
702 507 717 525 a
737 499 853 534 quodam
870 498 952 525 fratre
969 498 1014 525 vix

229 544 338 572 demum
353 546 462 580 agnitus
479 549 531 577 est,
545 545 592 580 qui
610 553 642 572 eo
661 545 824 577 advenerat,
838 545 938 579 quique
955 544 1015 571 viso

229 590 276 617 illo
299 595 326 617 et
351 591 442 626 agnita
468 591 559 618 vultus
584 591 644 625 ejus
672 591 770 624 forma,
795 598 856 618 cum
880 590 1015 618 dubitaret

229 636 331 668 adhuc,
360 643 454 663 vocem
485 636 546 672 ejus
568 637 663 664 audire
687 641 801 664 conatus
826 640 868 663 est
893 646 900 664 :
927 644 1015 671 neque

229 682 301 709 enim
323 689 356 709 ex
373 682 432 708 solo
455 683 516 709 visu
533 687 624 710 certus
639 686 709 714 erat,
730 683 818 710 virum
839 682 1016 717 conspicatus

231 735 336 759 senem,
359 728 447 763 ligone
470 731 570 755 terram
597 728 756 762 fodientem,
779 728 872 755 timum
894 728 1014 756 humeris

234 777 396 808 gestantem,
418 778 447 800 ut
467 773 501 800 ad
518 774 622 801 olerum
639 774 758 801 radicem
771 774 929 809 deponeret.
945 774 1014 801 Cum

1065 180 1286 216 ἁρχιμανδρίτου,
1307 179 1336 211 ὃς
1357 179 1538 214 παραδίδωσιν
1568 178 1642 214 αὑτῷ
1660 179 1697 210 ὡς
1725 177 1872 212 γέροντι,

1067 227 1114 252 καὶ
1140 227 1181 258 εἱς
1207 226 1288 261 μηδὲν
1312 225 1375 252 ἄλλο
1402 224 1604 260 χρησιμεύοντι,
1626 228 1675 259 τὴν
1695 223 1741 249 τοῦ
1758 224 1871 258 κήπου

1066 271 1192 307 φροντίδα
1221 271 1267 297 καὶ
1283 269 1439 305 ἐπιμέλειαν
1449 289 1456 301 ,
1478 269 1546 305 μετὰ
1565 269 1610 295 καὶ
1624 268 1702 295 ἄλλου
1718 266 1871 301 ἀδελφοῦ,

1064 315 1140 350 ᾧτινι
1160 317 1377 352 ὑποτασσόμενος
1394 316 1442 352 τὴν
1462 315 1642 352 περιπόθητον
1663 314 1736 349 αὐτῷ
1749 311 1870 339 ταπεί-

1065 371 1146 390 νωσιν
1168 363 1215 389 καὶ
1237 363 1359 397 ὑπακοὴν
1386 362 1512 394 ἐξετέλει.
1536 362 1573 388 Οὐ
1598 360 1684 395 ταύτῃ
1708 359 1736 386 δὲ
1771 359 1868 394 μόνον

1064 410 1175 444 ἠρκεῖτο
1187 409 1218 442 τῇ
1229 408 1359 443 διακονίᾳ,
1369 407 1435 434 ἀλλὰ
1447 407 1494 434 καὶ
1505 408 1554 433 ὅσα
1569 406 1622 432 τῶν
1632 406 1718 441 ἔργων
1729 405 1866 439 δυσχερῆ

1065 454 1155 485 ἄλλοις
1171 454 1293 485 ἐδόκουν,
1312 453 1380 480 αὐτὰ
1404 453 1550 489 προθύμως
1571 452 1667 480 ἐποίει,
1685 451 1867 482 Διατελέσας

1066 500 1137 527 οὕτω
1161 500 1299 527 λανθάνων
1319 499 1412 536 τριετῆ
1426 499 1531 534 χρόνον,
1550 499 1604 525 τῶν
1618 497 1698 525 αὑτοῦ
1718 496 1866 532 μαθητῶν

1065 547 1264 583 ἐπιζητούντων
1277 547 1357 574 αὑτὸν
1371 546 1441 574 κατὰ
1454 547 1542 573 πᾶσαν
1552 545 1600 581 τὴν
1611 545 1757 578 Αἴγυπτον,
1775 543 1865 579 μόλις

1065 594 1187 630 ἐγνώσθη
1205 593 1259 620 ὑπό
1273 601 1345 624 τινος
1359 592 1483 627 ἀδελφοῦ,
1497 592 1570 623 ὅστις
1585 589 1618 626 ἦν
1629 589 1865 626 παραγενόμενος

1066 641 1155 667 ἐκεῖσε
1165 648 1171 655 ’
1189 640 1219 671 ὃς
1232 639 1408 674 θεασάμενος,
1422 639 1468 665 καὶ
1484 637 1610 671 ἐπιγνοὺς
1626 637 1671 663 τὸν
1686 634 1865 671 χαρακτῆρα

1064 685 1110 713 τοῦ
1129 685 1286 721 προσώπου,
1312 685 1359 712 καὶ
1382 684 1422 711 ἔτι
1445 682 1633 719 ἀμφιϐαλλων,
1659 681 1791 716 ἐπειρᾶτο
1808 679 1866 706 καὶ

1065 732 1156 767 φωνῆς
1169 731 1263 758 τούτου
1284 730 1391 758 ἀκούειν
1403 738 1409 745 ”
1432 730 1462 756 οὺ
1479 729 1534 765 γὰρ
1550 726 1606 764 εἶχε
1627 727 1657 754 τὸ
1681 727 1807 761 ἀσφαλὲς
1826 727 1863 752 ἐκ

1068 777 1151 812 μόνης
1165 777 1214 812 τῆς
1232 776 1328 811 ὅψεως,
1345 775 1453 811 θεωρῶν
1468 774 1514 800 τὸν
1527 773 1645 800 τοιοῦτον
1664 771 1746 807 ἄνδρα
1767 779 1863 806 γεγη-

231 819 316 855 igitur
334 821 409 847 vocis
433 828 530 847 sonum
555 820 715 852 observans,
742 820 919 855 deprehendit
941 821 1017 856 quis—

1070 823 1184 860 ρακότα,
1206 822 1251 849 καὶ
1268 821 1392 849 δίκελλαν
1415 819 1581 856 κρατοῦντα,
1596 818 1642 844 καὶ
1669 817 1721 852 γῆν
1736 816 1863 851 ἐργαζό-

230 873 293 893 nam
311 869 394 898 esset,
410 869 562 900 prostratus
580 871 642 893 ante
657 866 739 900 pedes
756 867 827 900 ejus,
841 874 939 901 magno
952 874 1014 902 spe-

230 917 348 940 ctatores
365 916 476 947 stupore
491 912 631 947 perculsit,
652 912 725 946 quod
749 913 786 939 ita
800 920 864 947 erga
878 912 1013 940 hominem

230 965 260 985 se
275 958 403 991 gessisset
426 958 472 992 qui
491 958 561 992 apud
580 966 608 984 se
625 958 760 989 novitius,
777 957 872 984 relicto
890 957 960 984 haud
977 958 1014 985 ita

230 1004 334 1038 pridem
356 1003 469 1035 mundo,
492 1003 603 1031 ultimus
628 1003 787 1031 habebatur.
804 1002 941 1038 Musisque
965 1004 1014 1030 ob—

230 1053 374 1084 stupuere.
393 1057 454 1076 cum
479 1049 598 1076 didicere
620 1057 741 1082 nomen;
766 1053 824 1076 erat
841 1049 913 1076 enim
936 1053 1015 1076 antea

231 1103 336 1130 magna:
359 1095 430 1130 apud
453 1102 500 1122 eos
521 1096 600 1122 fama:
621 1104 628 1122 :
656 1103 688 1121 ac
707 1095 812 1122 veniam
827 1095 1014 1129 postularunt,

231 1141 305 1176 quod
332 1149 393 1168 eum
415 1140 512 1175 ignari,
534 1148 596 1167 eum
617 1140 764 1174 postremis
787 1140 899 1167 novitiis
913 1139 1016 1167 consti-

232 1186 360 1212 tuissent.
403 1184 535 1219 lllumque
576 1185 670 1211 multis
708 1184 809 1211 hortati
842 1184 953 1217 verbis,
983 1185 1016 1212 ad

231 1231 386 1257 coenobium
421 1237 499 1256 suum
531 1229 645 1256 invitum
679 1230 820 1262 remisere,
861 1234 940 1264 atque
970 1229 1016 1257 de-

232 1275 383 1310 plorantem
404 1275 476 1308 quod
494 1281 656 1300 concessum
671 1273 722 1300 sibi
736 1280 789 1299 non
803 1276 877 1300 esset
889 1273 1016 1299 dilectam

231 1327 359 1347 exercere
388 1319 568 1346 luunilitatem
590 1323 617 1345 et
639 1317 832 1344 obedientiam.
860 1317 916 1352 ((34)
939 1317 1015 1344 Brevi

231 1365 314 1400 igitur
330 1368 425 1391 exacto
449 1368 569 1398 tempore
593 1363 620 1390 in
642 1363 807 1390 monasterio
830 1370 890 1394 suo,
909 1362 1019 1389 humili-

231 1411 296 1438 tatis
331 1418 440 1437 rursum
473 1414 501 1436 et
530 1409 690 1436 obedientiee
723 1409 860 1437 desiderio
895 1409 1017 1441 ardens,

232 1457 377 1483 observata
410 1455 499 1482 noctis
523 1455 590 1482 liora
616 1455 740 1490 aufugit,
764 1462 819 1482 non
845 1454 960 1482 ulterius
983 1453 1016 1481 ad

232 1502 401 1537 peregrinam
418 1501 555 1536 regionem
578 1509 584 1526 :
604 1508 754 1528 conscensa
770 1501 870 1536 quippe
892 1500 1017 1527 navicula
1032 1498 1053 1527 C

233 1547 268 1574 ad
294 1550 384 1582 partes
416 1547 489 1574 venit
515 1545 675 1578 Palaestinae,
703 1553 816 1580 sperans
843 1553 873 1572 se
901 1545 956 1572 illic
984 1544 1017 1572 ad

233 1592 316 1621 ﬁnem
338 1601 423 1628 usque
447 1594 530 1620 latere
547 1600 636 1628 posse.
656 1592 685 1619 In
701 1591 873 1618 Palzestinam
887 1598 949 1618 cum
971 1590 1018 1617 ad-

233 1640 352 1666 venisset
363 1639 557 1666 monasterium
574 1638 659 1672 petiit,
671 1637 752 1665 situm
767 1644 850 1671 prope
862 1636 1018 1670 speluncam

234 1684 264 1712 in
284 1693 336 1720 qua
349 1684 474 1711 Christus
493 1683 622 1711 Dominus
640 1683 725 1710 'natus
747 1687 799 1714 est,
817 1682 843 1709 in
858 1689 911 1717 quo
928 1689 1019 1709 mona-

235 1731 319 1758 sterio
343 1733 400 1757 tmu
429 1733 615 1757 commoratus
641 1732 692 1756 est.
720 1727 780 1756 Non
813 1728 901 1764 potuit
928 1731 1019 1755 tamen

235 1778 272 1805 ibi
288 1777 470 1811 latere,juxta
485 1775 591 1802 Domini
610 1782 702 1802 vocem
715 1775 787 1802 illam
805 1784 811 1801 :
832 1783 841 1800 ‹
860 1773 918 1801 Non
931 1777 1020 1809 potest

236 1822 334 1850 civitas
359 1821 491 1848 abscondi
517 1827 600 1855 supra
625 1823 744 1846 montem
769 1819 858 1854 posita
873 1818 904 1846 “.
924 1828 933 1843 ι
950 1817 1018 1844 Cum

236 1868 310 1895 enim
333 1875 365 1894 ex
388 1867 505 1902 Egyplo
530 1865 631 1893 fratres
648 1866 787 1892 vertissent
800 1871 849 1900 pro
863 1864 1020 1891 adoratione

237 1922 379 1942 sacrorum
401 1915 533 1945 locorum,
556 1913 676 1948 agnitum
696 1913 772 1939 illum
795 1912 941 1947 multisque
953 1920 1020 1948 Stip-

237 1958 430 1994 plicationibus
458 1965 490 1984 ac
518 1957 626 1985 fletibus
660 1964 830 1992 persuasum,
861 1964 958 1984 rursus
986 1956 1020 1984 ad

237 2004 376 2040 proprium
386 2002 732 2038 abduxeruntﬁcmnobium.
742 2001 872 2038 (65),Cum
882 2002 932 2029 hoc
941 2002 1021 2037 igitur

238 2055 335 2078 saneto
369 2050 397 2078 in
430 2049 546 2085 Ευριο
580 2048 688 2076 modico
719 2052 841 2083 tetnpore
875 2048 1020 2080 liabitavi;

238 2096 373 2132 finemque
399 2096 496 2123 faciam
521 2096 656 2124 sermonis
685 2094 821 2122 narrando
847 2101 907 2129 quae
931 2093 1020 2120 audivi

238 2145 273 2172 ab
293 2145 340 2171 illo
361 2147 550 2172 commonente
569 2143 699 2176 fratrem,
717 2151 797 2179 quem
823 2151 866 2171 me
889 2146 1023 2178 praesente

239 2190 360 2218 admisit.

1068 877 1158 904 μενον,
1178 868 1224 894 καλ
1245 867 1347 902 κόπρον
1361 867 1417 898 τοῖς
1438 865 1547 897 οἰκείοις
1570 863 1654 899 ὤμοις
1668 862 1859 898 βαστάζοντα,

1064 915 1111 942 καὶ
1126 916 1185 946 ταῖς
1201 913 1289 949 ῥίζαις
1302 913 1355 939 τῶν
1368 912 1490 947 λαχάνων
1504 910 1692 938 ἐπιϐάλλοντα.
1707 908 1774 936 Ὅτε
1797 907 1861 934 τοί-

1064 969 1122 993 νυν,
1134 960 1180 986 τὸν
1198 959 1248 994 τῆς
1261 959 1352 993 φωνῆς
1373 956 1439 993 ἦχον
1459 956 1595 992 ἐπιμελῶς
1612 954 1767 990 ἐξιχνεύων,
1786 954 1861 988 ἡδυ-

1064 1006 1132 1042 νήθη
1146 1005 1308 1033 καταλαϐεῖν
1328 1005 1401 1035 ὅστις
1420 1003 1488 1034 ἐστὶ,
1514 1002 1594 1037 ῥίψας
1613 1001 1708 1027 ἐαυτὸν
1726 999 1780 1034 πρὸ
1801 999 1861 1025 τῶν

1065 1051 1152 1078 ποδῶν
1162 1050 1254 1081 αὐτοῦ,
1267 1050 1395 1085 μεγίστην
1409 1047 1537 1083 ἔκπληξιν
1551 1048 1607 1078 τοῖς
1617 1045 1700 1082 ὁρῶσι
1712 1046 1859 1080 παρεῖχεν,

1065 1097 1106 1124 ὃτι
1119 1096 1200 1127 ,οὕτω
1224 1094 1373 1130 πεποίηκεν
1403 1092 1547 1128 ἀνθρώπῳ,
1566 1092 1596 1124 ὃς
1617 1092 1681 1127 παρ’
1711 1091 1804 1120 αὐτοῖς
1819 1090 1861 1122 ὡς

1066 1132 1206 1177 ἀρχὰριος,
1224 1140 1270 1167 καὶ
1281 1141 1311 1166 οὐ
1326 1139 1379 1174 πρὸ
1392 1138 1487 1166 πολλοῦ
1501 1138 1546 1165 τὸν
1557 1137 1658 1172 κόσμον
1673 1135 1858 1169 καταλείψας.

1066 1187 1177 1222 ἔσχατος
1194 1186 1340 1222 ἐνομίζετο.
1351 1185 1445 1212 Ἔτιδὲ
1462 1184 1576 1220 μάλιστα
1591 1182 1791 1218 ἐξεπλάγησαν,
1809 1182 1858 1208 ὅτε

1066 1232 1096 1260 τὺ
1112 1233 1197 1268 ὅνομα
1220 1231 1314 1258 τούτου
1331 1231 1441 1266 ἔμαθον,
1453 1231 1482 1262 ὃς
1504 1230 1556 1265 πρὸ
1572 1229 1667 1256 τούτου
1686 1228 1772 1263 μέγας
1790 1228 1858 1262 παρ’

1068 1279 1157 1310 αὐτοῖς
1173 1277 1301 1313 ἠκούετο·
1326 1277 1373 1303 καὶ
1390 1275 1554 1311 συγγνώμην
1575 1275 1665 1309 ᾔτουν,
1680 1274 1747 1300 διότι
1759 1272 1858 1299 τοῦτον

1068 1325 1250 1358 ἀγνοήσαντες
1276 1323 1345 1359 μετὰ
1368 1323 1422 1348 τῶν
1440 1321 1562 1356 ἐσχάτων
1585 1319 1722 1356 ὰρχαρίων
1745 1318 1855 1351 ἔταξαν.

1068 1367 1314 1404 Παρακαλέσαντες
1332 1367 1360 1394 δὲ
1374 1366 1456 1393 αὐτὸν
1475 1365 1570 1397 πολλὰ,
1588 1365 1627 1396 εἰς
1640 1364 1670 1391 τὸ
1688 1364 1752 1390 ἴδιον
1767 1363 1858 1390 κοινός

1069 1415 1126 1441 ϐιον
1139 1415 1292 1449 ἐξέπεμψαν
1311 1414 1410 1441 ἄκοντα
1429 1412 1476 1440 καὶ
1503 1411 1674 1447 ὀδυρόμενον,
1692 1410 1740 1437 ἅτε
1759 1409 1791 1444 δὴ
1817 1409 1855 1444 μὴ

1071 1460 1296 1496 συγχωρούμενον
1322 1459 1461 1486 ἐκτελέσαι
1484 1458 1533 1493 τὴν
1556 1457 1630 1492 αὖτῷ
1655 1455 1734 1492 φίλην
1758 1454 1855 1482 ταπεί-

1070 1515 1151 1534 νωσιν
1167 1506 1215 1533 καὶ
1232 1506 1381 1541 ὑποταγὴν.
1406 1504 1526 1539 Ποιήσας
1540 1500 1586 1530 οὖν
1603 1502 1693 1536 ὀλίγον
1715 1502 1809 1537 χρόνον
1826 1502 1856 1527 ὲν

1070 1553 1108 1588 τῷ
1133 1551 1215 1578 αὑτοῦ
1234 1551 1422 1586 μοναστηρίῳ,
1448 1549 1529 1576 πάλιν
1559 1547 1696 1584 πυρωθεὶς
1722 1546 1761 1582 τῷ
1780 1546 1856 1580 πόθῳ

1070 1599 1120 1634 τῆς
1135 1597 1325 1628 ταπεινώσεως
1345 1595 1391 1623 καὶ
1410 1595 1558 1629 ὑποταγῆς,
1572 1594 1742 1628 ἐπιτηρήσας
1761 1592 1856 1627 καιρὸν

1071 1645 1177 1676 νυκτὸς,
1188 1644 1286 1678 ἔφυγεν
1304 1643 1353 1669 οὐκ
1363 1642 1402 1668 ἔτι
1416 1641 1492 1677 ξένην
1502 1639 1593 1676 χώραν
1603 1648 1610 1655 ·
1627 1639 1745 1666 ἀνελθὼν
1754 1638 1806 1672 γὰρ
1815 1638 1855 1669 εἰς

1071 1690 1162 1717 πλοῖον
1176 1687 1257 1724 ἦλθεν
1267 1689 1307 1720 εἰς
1319 1687 1352 1714 τὰ
1362 1687 1431 1722 μέρη
1441 1685 1630 1720 Παλαιστίνης,
1640 1684 1755 1715 ἐλπίζων
1767 1684 1854 1709 ἐκεῖσε

1071 1737 1110 1767 είς
1124 1735 1198 1766 τέλος
1209 1733 1352 1761 διαλαθεῖν.
1368 1732 1590 1768 Παραγενόμενος
1605 1731 1692 1757 τοίνυν
1709 1731 1736 1756 ἐν
1753 1729 1854 1756 Παλαι-

1072 1781 1149 1817 στίνῃ
1161 1781 1289 1816 ὥρμησεν
1299 1781 1339 1811 εἰς
1350 1779 1380 1805 τὸ
1391 1779 1567 1813 μοναστήριον
1577 1777 1607 1803 τὸ
1615 1776 1726 1811 πλησίον
1734 1775 1780 1802 τοῦ
1790 1783 1854 1810 σπη-

1071 1827 1145 1854 λαίου
1156 1827 1218 1853 ἔνθα
1225 1827 1239 1852 ὁ
1247 1824 1501 1861 ΔεσπότηςΧριστδς
1508 1823 1612 1858 ὲτέχθη¹
1621 1824 1650 1849 ἐν
1688 1821 1854 1857 μοναστηρίῳ

1073 1873 1151 1908 ἔτυχε
1165 1872 1196 1898 τὸ
1214 1871 1362 1906 τηνικαῦτα
1371 1869 1525 1906 διατρίϐων.
1540 1869 1595 1896 Καὶ
1611 1869 1698 1896 ἐκεῖσε
1722 1867 1750 1894 δέ
1769 1876 1854 1904 παρα-

1072 1918 1231 1953 γενόμενος,
1249 1916 1298 1943 οὐκ
1310 1915 1428 1951 ἠδυνήθη
1445 1914 1536 1941 λαθεῖν
1551 1913 1622 1940 κατὰ
1639 1913 1687 1949 τὴν
1696 1912 1852 1948 δεσποτικὴν

1074 1963 1176 1998 φωνὴν,
1188 1962 1237 1998 τὴν
1253 1962 1422 1996 φάσκουσαν·
1439 1971 1447 1987 ι
1460 1961 1496 1987 Οὐ
1514 1959 1625 1987 δύναται
1637 1959 1713 1991 πόλις
1722 1958 1852 1994 κρυὸῆναι

1074 2010 1166 2037 ἐπάνω
1179 2009 1258 2045 ὅρους
1273 2008 1397 2044 κειμένη.
1412 2017 1421 2033 ι
1445 2006 1583 2037 Ἐλθὸντες
1603 2005 1656 2041 γὰρ
1678 2005 1785 2040 ἀδελφοὶ
1800 2004 1852 2031 ἀπή

1074 2055 1127 2082 τῶν
1144 2055 1233 2091 μερῶν
1247 2054 1296 2090 τῆς
1306 2054 1443 2088 Αἰγύπτου
1458 2054 1498 2084 εἰς
1509 2051 1691 2088 προσκύνησιν
1701 2051 1754 2078 τῶν
1769 2051 1851 2086 ἁγίων

1073 2100 1175 2132 τόπων,
1190 2100 1236 2127 καὶ
1251 2100 1407 2134 ἐπιγνόντες
1418 2098 1507 2130 αὐτὸν,
1524 2097 1602 2124 πάλιν
1615 2097 1756 2132 ἀπήγαγον
1770 2097 1808 2127 εἰς
1823 2096 1852 2122 τδ

1075 2145 1140 2172 ἴδιον
1155 2145 1301 2178 κοινόῦιον,
1318 2144 1427 2175 πολλαῖς
1449 2143 1557 2178 δεήσεσι
1579 2142 1626 2169 καὶ
1643 2142 1767 2178 ὀδυρμοῖς
1794 2141 1850 2167 πεί-

1039 2185 1061 2212 Ῑ)
1077 2198 1171 2222 σαντες
1183 2190 1273 2216 αὐτόν.
1282 2189 1374 2224 Τούτῳ
1387 2189 1476 2215 τοίνυν
1492 2187 1530 2223 τῷ
1542 2187 1612 2222 ἁγίῳ
1624 2187 1699 2221 ἀνδρὶ
1714 2185 1850 2221 συνῴκησα

238 2235 294 2270 ἐγὼ
319 2236 412 2271 χρόνον
429 2235 516 2270 ὀλίγον
544 2236 572 2262 ἐν
590 2235 735 2271 Αἰγύπτῳ·
763 2235 836 2272 ἅπερ
858 2235 887 2262 δὲ
913 2235 1017 2271 ἤκουσα
1039 2236 1120 2263 αὑτοῦ
1159 2229 1346 2267 νουθετοῦντος
1369 2235 1417 2262 ’ἐνα
1449 2234 1572 2269 ἀδελφὸν,
1591 2233 1620 2260 ὂν
1644 2232 1776 2268 παρουσίᾳ
1803 2239 1850 2267 μου

239 2283 358 2317 ἐδέξατο,
372 2283 572 2318 διηγησάμενος
586 2282 722 2318 πληρώσω
734 2282 779 2309 τὸν
792 2282 880 2316 λόγον.

274 2341 317 2368 l2.
335 2341 389 2378 (66)
405 2340 491 2372 Nosti,
502 2341 598 2375 inquit,
616 2339 707 2372 frater,
724 2345 789 2376 quot
802 2340 898 2368 diebus
912 2344 973 2367 ante
984 2340 1026 2375 ja-

240 2394 321 2414 nuam
329 2386 484 2413 monasterii
494 2386 609 2421 peractis
617 2386 752 2413 admissus
763 2386 840 2414 hodie
849 2386 1025 2420 fueriszquod

241 2433 264 2460 si
282 2440 393 2459 causam
411 2432 537 2459 didiceris
553 2431 709 2466 hujusmodi
723 2432 887 2459 difﬁcultatis
900 2451 907 2463 ,
925 2431 1025 2466 poterit

241 2478 288 2505 illa
301 2478 350 2505 tibi
374 2477 401 2504 in
424 2478 486 2511 hac,
504 2485 584 2512 quam
607 2479 676 2505 inire
695 2479 782 2513 cupis,
802 2479 856 2510 via,
880 2478 1024 2505 utilitatem

241 2524 323 2556 ferre,
349 2528 430 2559 atque
457 2529 483 2552 te
506 2524 609 2552 fidelem
639 2525 685 2552 Dei
713 2532 821 2552 servum
849 2524 964 2551 edicere.
987 2522 1023 2550 Ut

241 2571 314 2598 enim
335 2569 449 2597 fideliter
472 2569 586 2597 Domino
601 2570 781 2597 servientibus
794 2570 880 2605 gloria
895 2573 922 2596 et
938 2569 1024 2596 honor

241 2616 271 2644 in
290 2616 412 2644 futurum
437 2616 614 2651 promittitur,
637 2616 674 2643 ita
695 2616 857 2652 gravissima
883 2615 1026 2643 imminent

278 2683 303 2703 υ
321 2683 416 2710 Matth.
425 2691 462 2712 .v.
482 2682 523 2709 15.

280 2759 335 2796 (64)
352 2759 619 2796 Cassiantlnstitut.
632 2758 680 2786 lib.
697 2765 734 2792 tv,
749 2766 773 2786 ι.
790 2757 834 2785 5i.

280 2795 336 2832 (es)
352 2795 420 2823 ibid.
436 2803 462 2823 c.
477 2795 521 2822 εξ.

1114 2338 1157 2365 12.
1175 2337 1290 2371 Ἔγνως,
1302 2335 1394 2370 φησὶν,
1404 2333 1510 2368 esset,
1523 2333 1608 2364 πόσας
1619 2332 1725 2367 ἡμέρας
1739 2331 1789 2367 πρὸ
1801 2330 1850 2358 τῶν

1078 2384 1167 2420 θυρῶν
1181 2383 1229 2418 τῆς
1253 2383 1335 2417 μονῆς
1355 2379 1510 2411 διατελέσας
1528 2379 1645 2414 σήμερον
1664 2377 1788 2412 ἐδέχθης·
1807 2376 1850 2402 ἐὰν

1078 2431 1165 2458 τοίνυν
1184 2429 1271 2465 μάθῃς
1285 2429 1334 2463 τῆς
1353 2425 1510 2462 δυσχερείας
1528 2425 1577 2460 τὴν
1598 2424 1697 2455 αἰτίαν,
1715 2423 1850 2458 δυνήσεταί

1080 2486 1120 2504 σοι
1133 2478 1162 2503 ἐν
1177 2478 1211 2511 τῇ
1222 2474 1274 2510 ὁδῷ
1287 2474 1383 2510 ταύτῃ,
1433 2471 1575 2506 ἐπιθυμεῖς
1596 2470 1734 2506 ἐπιϐῆναι,
1753 2469 1850 2505 συμϐα-

1073 2523 1176 2554 λέσθαι,
1189 2521 1235 2549 καὶ
1246 2520 1338 2547 δοῦλον
1350 2517 1468 2554 Χριστοῦ
1482 2526 1512 2544 σε
1526 2516 1733 2553 ἀπεργάσασθαι
1748 2515 1846 2542 πιστόν.

1080 2568 1124 2599 Ὦς
1138 2567 1192 2602 γὰρ
1204 2567 1259 2597 τοῖς
1282 2563 1384 2595 πιστῶς
1408 2563 1562 2590 δουλεύουσι
1578 2562 1616 2598 τῷ
1639 2561 1760 2597 Δεσπότῃ
1781 2560 1848 2594 δόξα,

1074 2612 1141 2649 τιμὴ
1165 2611 1232 2648 πρὸς
1248 2610 1279 2637 τὺ
1296 2609 1391 2646 μέλλον
1414 2607 1599 2645 ἐπήγγελται,
1625 2606 1711 2639 οὕτως
1730 2605 1857 2669 τιμωρίαιΝ

1116 2755 1172 2792 (66)
1186 2753 1253 2793 Ibid.
1269 2762 1294 2783 c.
1306 2754 1351 2790 σε,
1369 2754 1413 2784 35.
