  <div class='ocr_page' id='page_1' title='image "/cluster/home/n/w/nwhite01/storage/ocr_20150623/28/njp.32101007506148/444.png"; bbox 0 0 1940 3068; ppageno 0'>
   <div class='ocr_carea' id='block_1_1' title="bbox 22 174 81 204">
    <p class='ocr_par' dir='ltr' id='par_1_1' title="bbox 22 174 81 204">
     <span class='ocr_line' id='line_1_1' title="bbox 22 174 81 204; baseline 0 -1"><span class='ocrx_word' id='word_1_1' title='bbox 22 174 81 204; x_wconf 77' lang='lat'><strong>865</strong></span> 
     </span>
    </p>
   </div>
   <div class='ocr_carea' id='block_1_2' title="bbox 617 172 1090 204">
    <p class='ocr_par' dir='ltr' id='par_1_2' title="bbox 617 172 1090 204">
     <span class='ocr_line' id='line_1_2' title="bbox 617 172 1090 204; baseline 0.002 -1"><span class='ocrx_word' id='word_1_2' title='bbox 617 173 785 203; x_wconf 77' lang='lat' dir='ltr'><strong>EPISTOLA</strong></span> <span class='ocrx_word' id='word_1_3' title='bbox 801 172 812 201; x_wconf 89' lang='grc'><strong>1</strong></span> <span class='ocrx_word' id='word_1_4' title='bbox 830 172 876 201; x_wconf 81' lang='grc' dir='ltr'><strong>ΔΙ)</strong></span> <span class='ocrx_word' id='word_1_5' title='bbox 895 174 1090 204; x_wconf 83' lang='lat' dir='ltr'><strong>CASTOREM.</strong></span> 
     </span>
    </p>
   </div>
   <div class='ocr_carea' id='block_1_3' title="bbox 1599 181 1652 209">
    <p class='ocr_par' dir='ltr' id='par_1_3' title="bbox 1599 181 1652 209">
     <span class='ocr_line' id='line_1_3' title="bbox 1599 181 1652 209; baseline 0 0"><span class='ocrx_word' id='word_1_6' title='bbox 1599 181 1652 209; x_wconf 78' lang='lat'><strong>866</strong></span> 
     </span>
    </p>
   </div>
   <div class='ocr_carea' id='block_1_4' title="bbox 24 232 819 272">
    <p class='ocr_par' dir='ltr' id='par_1_4' title="bbox 24 232 815 271">
     <span class='ocr_line' id='line_1_4' title="bbox 24 232 815 271; baseline -0.003 -9"><span class='ocrx_word' id='word_1_7' title='bbox 24 234 184 271; x_wconf 82' lang='grc' dir='ltr'>βαρύταται</span> <span class='ocrx_word' id='word_1_8' title='bbox 196 234 253 265; x_wconf 82' lang='grc' dir='ltr'>τοῖς</span> <span class='ocrx_word' id='word_1_9' title='bbox 275 232 393 270; x_wconf 87' lang='grc' dir='ltr'>χλιαρῶς</span> <span class='ocrx_word' id='word_1_10' title='bbox 405 234 454 261; x_wconf 83' lang='grc' dir='ltr'>καὶ</span> <span class='ocrx_word' id='word_1_11' title='bbox 477 233 605 270; x_wconf 75' lang='grc' dir='ltr'><strong>ῥᾳθύμως</strong></span> <span class='ocrx_word' id='word_1_12' title='bbox 629 233 815 270; x_wconf 78' lang='grc' dir='ltr'>προσερχομὲ-</span> 
     </span>
    </p>
   </div>
   <div class='ocr_carea' id='block_1_5' title="bbox 872 232 1648 272">
    <p class='ocr_par' dir='ltr' id='par_1_5' title="bbox 872 234 1648 272">
     <span class='ocr_line' id='line_1_5' title="bbox 872 234 1648 272; baseline 0.004 -10"><span class='ocrx_word' id='word_1_13' title='bbox 872 234 1000 270; x_wconf 70' lang='lat' dir='ltr'><strong>supplicia</strong></span> <span class='ocrx_word' id='word_1_14' title='bbox 1018 235 1052 263; x_wconf 86' lang='lat' dir='ltr'><strong>iis</strong></span> <span class='ocrx_word' id='word_1_15' title='bbox 1069 236 1115 272; x_wconf 89' lang='lat' dir='ltr'><strong>qui</strong></span> <span class='ocrx_word' id='word_1_16' title='bbox 1132 236 1248 264; x_wconf 79' lang='lat' dir='ltr'><strong>molliter</strong></span> <span class='ocrx_word' id='word_1_17' title='bbox 1267 237 1440 272; x_wconf 81' lang='lat' dir='ltr'><strong>segniterque</strong></span> <span class='ocrx_word' id='word_1_18' title='bbox 1458 245 1519 265; x_wconf 89' lang='lat' dir='ltr'><strong>cam</strong></span> <span class='ocrx_word' id='word_1_19' title='bbox 1545 237 1648 265; x_wconf 82' lang='lat' dir='ltr'><strong>adeunt</strong></span> 
     </span>
    </p>
   </div>
   <div class='ocr_carea' id='block_1_6' title="bbox 21 279 818 317">
    <p class='ocr_par' dir='ltr' id='par_1_6' title="bbox 21 279 818 317">
     <span class='ocr_line' id='line_1_6' title="bbox 21 279 818 317; baseline -0.004 -8"><span class='ocrx_word' id='word_1_20' title='bbox 21 290 85 314; x_wconf 83' lang='grc' dir='ltr'><strong>νοις</strong></span> <span class='ocrx_word' id='word_1_21' title='bbox 99 281 190 317; x_wconf 79' lang='grc' dir='ltr'>ταύτῃ</span> <span class='ocrx_word' id='word_1_22' title='bbox 200 281 233 316; x_wconf 80' lang='grc' dir='ltr'>τῇ</span> <span class='ocrx_word' id='word_1_23' title='bbox 249 281 410 316; x_wconf 75' lang='grc' dir='ltr'>ἐπαγγελίᾳ.</span> <span class='ocrx_word' id='word_1_24' title='bbox 425 281 531 307; x_wconf 73' lang='grc' dir='ltr'>Βέλτιον</span> <span class='ocrx_word' id='word_1_25' title='bbox 546 280 600 316; x_wconf 89' lang='grc' dir='ltr'><strong>γάρ</strong></span> <span class='ocrx_word' id='word_1_26' title='bbox 613 281 670 307; x_wconf 78' lang='grc' dir='ltr'>ἐστι</span> <span class='ocrx_word' id='word_1_27' title='bbox 684 280 755 307; x_wconf 80' lang='grc' dir='ltr'>κατὰ</span> <span class='ocrx_word' id='word_1_28' title='bbox 768 279 818 315; x_wconf 86' lang='grc' dir='ltr'>τὴν</span> 
     </span>
    </p>
   </div>
   <div class='ocr_carea' id='block_1_7' title="bbox 23 325 816 364">
    <p class='ocr_par' dir='ltr' id='par_1_7' title="bbox 23 325 816 364">
     <span class='ocr_line' id='line_1_7' title="bbox 23 325 816 364; baseline -0.003 -10"><span class='ocrx_word' id='word_1_29' title='bbox 23 327 145 364; x_wconf 80' lang='grc' dir='ltr'>Γραφὴν</span> <span class='ocrx_word' id='word_1_30' title='bbox 161 326 199 362; x_wconf 84' lang='grc' dir='ltr'><strong>μὴ</strong></span> <span class='ocrx_word' id='word_1_31' title='bbox 213 326 351 359; x_wconf 78' lang='grc' dir='ltr'>εὔξασθαι,</span> <span class='ocrx_word' id='word_1_32' title='bbox 366 327 383 362; x_wconf 81' lang='grc' dir='ltr'>ἦ</span> <span class='ocrx_word' id='word_1_33' title='bbox 398 326 535 360; x_wconf 77' lang='grc' dir='ltr'>εὔξασθαι,</span> <span class='ocrx_word' id='word_1_34' title='bbox 548 326 594 353; x_wconf 75' lang='grc' dir='ltr'>καὶ</span> <span class='ocrx_word' id='word_1_35' title='bbox 609 325 646 362; x_wconf 84' lang='grc' dir='ltr'><strong>μὴ</strong></span> <span class='ocrx_word' id='word_1_36' title='bbox 661 326 816 352; x_wconf 77' lang='grc' dir='ltr'>ἀποδοῦναι.</span> 
     </span>
    </p>
   </div>
   <div class='ocr_carea' id='block_1_8' title="bbox 23 370 818 407">
    <p class='ocr_par' dir='ltr' id='par_1_8' title="bbox 23 370 818 407">
     <span class='ocr_line' id='line_1_8' title="bbox 23 370 818 407; baseline -0.004 -7"><span class='ocrx_word' id='word_1_37' title='bbox 23 373 85 400; x_wconf 77' lang='grc' dir='ltr'><strong>Καὶ</strong></span> <span class='ocrx_word' id='word_1_38' title='bbox 109 372 192 399; x_wconf 87' lang='grc' dir='ltr'>πάλιν</span> <span class='ocrx_word' id='word_1_39' title='bbox 215 372 340 407; x_wconf 75' lang='grc' dir='ltr'>εἴρηται·</span> <span class='ocrx_word' id='word_1_40' title='bbox 364 381 373 397; x_wconf 79' lang='grc' dir='ltr'><strong>ι</strong></span> <span class='ocrx_word' id='word_1_41' title='bbox 401 371 612 407; x_wconf 72' lang='grc' dir='ltr'><strong>Ἐπικατάρατος</strong></span> <span class='ocrx_word' id='word_1_42' title='bbox 638 371 653 397; x_wconf 99' lang='lat'><strong>6</strong></span> <span class='ocrx_word' id='word_1_43' title='bbox 677 371 760 397; x_wconf 83' lang='grc' dir='ltr'>ποιῶν</span> <span class='ocrx_word' id='word_1_44' title='bbox 787 370 818 397; x_wconf 84' lang='grc' dir='ltr'>τὸ</span> 
     </span>
    </p>
   </div>
   <div class='ocr_carea' id='block_1_9' title="bbox 24 417 817 455">
    <p class='ocr_par' dir='ltr' id='par_1_9' title="bbox 24 417 817 455">
     <span class='ocr_line' id='line_1_9' title="bbox 24 417 817 455; baseline -0.003 -10"><span class='ocrx_word' id='word_1_45' title='bbox 24 419 112 455; x_wconf 77' lang='grc' dir='ltr'>ἔργον</span> <span class='ocrx_word' id='word_1_46' title='bbox 125 418 175 445; x_wconf 86' lang='grc' dir='ltr'><strong>τοῦ</strong></span> <span class='ocrx_word' id='word_1_47' title='bbox 187 418 290 453; x_wconf 86' lang='grc' dir='ltr'>Κυρίου</span> <span class='ocrx_word' id='word_1_48' title='bbox 310 417 431 452; x_wconf 77' lang='grc' dir='ltr'>ἀμελῶς”</span> <span class='ocrx_word' id='word_1_49' title='bbox 451 427 460 443; x_wconf 79' lang='grc' dir='ltr'><strong>ι</strong></span> <span class='ocrx_word' id='word_1_50' title='bbox 475 417 568 444; x_wconf 84' lang='grc' dir='ltr'>τούτου</span> <span class='ocrx_word' id='word_1_51' title='bbox 583 417 661 452; x_wconf 82' lang='grc' dir='ltr'>χάριν</span> <span class='ocrx_word' id='word_1_52' title='bbox 678 417 817 452; x_wconf 75' lang='grc' dir='ltr'>ἀπεστρα-</span> 
     </span>
    </p>
   </div>
   <div class='ocr_carea' id='block_1_10' title="bbox 25 461 818 500">
    <p class='ocr_par' dir='ltr' id='par_1_10' title="bbox 25 461 818 500">
     <span class='ocr_line' id='line_1_10' title="bbox 25 461 818 500; baseline -0.005 -9"><span class='ocrx_word' id='word_1_53' title='bbox 25 463 141 500; x_wconf 69' lang='grc' dir='ltr'>ιρόμεθά</span> <span class='ocrx_word' id='word_1_54' title='bbox 154 472 184 490; x_wconf 85' lang='grc' dir='ltr'><strong>τε</strong></span> <span class='ocrx_word' id='word_1_55' title='bbox 208 463 254 490; x_wconf 82' lang='grc' dir='ltr'><strong>καὶ</strong></span> <span class='ocrx_word' id='word_1_56' title='bbox 271 462 471 497; x_wconf 76' lang='grc' dir='ltr'>ἀνεϐαλλόμεθα</span> <span class='ocrx_word' id='word_1_57' title='bbox 489 461 535 488; x_wconf 79' lang='grc' dir='ltr'><strong>τοῦ</strong></span> <span class='ocrx_word' id='word_1_58' title='bbox 550 461 687 494; x_wconf 74' lang='grc' dir='ltr'>δέξασθαι,</span> <span class='ocrx_word' id='word_1_59' title='bbox 707 462 756 496; x_wconf 81' lang='grc' dir='ltr'><strong>οὺχ</strong></span> <span class='ocrx_word' id='word_1_60' title='bbox 778 462 818 487; x_wconf 73' lang='grc' dir='ltr'>ὅτι</span> 
     </span>
    </p>
   </div>
   <div class='ocr_carea' id='block_1_11' title="bbox 24 506 818 545">
    <p class='ocr_par' dir='ltr' id='par_1_11' title="bbox 24 506 818 545">
     <span class='ocr_line' id='line_1_11' title="bbox 24 506 818 545; baseline -0.004 -10"><span class='ocrx_word' id='word_1_61' title='bbox 24 510 78 545; x_wconf 81' lang='grc' dir='ltr'>τὴν</span> <span class='ocrx_word' id='word_1_62' title='bbox 105 508 244 544; x_wconf 78' lang='grc' dir='ltr'><strong>σωτηρίαν</strong></span> <span class='ocrx_word' id='word_1_63' title='bbox 268 507 314 534; x_wconf 81' lang='grc' dir='ltr'><strong>σοῦ</strong></span> <span class='ocrx_word' id='word_1_64' title='bbox 345 508 391 534; x_wconf 69' lang='grc' dir='ltr'><strong>καὶ</strong></span> <span class='ocrx_word' id='word_1_65' title='bbox 419 507 527 533; x_wconf 86' lang='grc' dir='ltr'>πάντων</span> <span class='ocrx_word' id='word_1_66' title='bbox 554 507 608 533; x_wconf 81' lang='grc' dir='ltr'><strong>τῶν</strong></span> <span class='ocrx_word' id='word_1_67' title='bbox 635 509 674 538; x_wconf 70' lang='grc' dir='ltr'>εἰς</span> <span class='ocrx_word' id='word_1_68' title='bbox 701 506 818 541; x_wconf 77' lang='grc' dir='ltr'>Χριστὸν</span> 
     </span>
    </p>
   </div>
   <div class='ocr_carea' id='block_1_12' title="bbox 25 552 819 588">
    <p class='ocr_par' dir='ltr' id='par_1_12' title="bbox 25 552 819 588">
     <span class='ocr_line' id='line_1_12' title="bbox 25 552 819 588; baseline -0.006 -6"><span class='ocrx_word' id='word_1_69' title='bbox 25 555 216 582; x_wconf 71' lang='grc' dir='ltr'><strong>πιστευόντων</strong></span> <span class='ocrx_word' id='word_1_70' title='bbox 233 554 282 580; x_wconf 81' lang='grc' dir='ltr'><strong>οὐκ</strong></span> <span class='ocrx_word' id='word_1_71' title='bbox 304 552 500 588; x_wconf 76' lang='grc' dir='ltr'><strong>ἐπιθυμοῦμεν,</strong></span> <span class='ocrx_word' id='word_1_72' title='bbox 518 552 576 579; x_wconf 71' lang='grc' dir='ltr'>ἀλλ’</span> <span class='ocrx_word' id='word_1_73' title='bbox 592 552 635 578; x_wconf 85' lang='grc' dir='ltr'>ἵνα</span> <span class='ocrx_word' id='word_1_74' title='bbox 650 552 698 587; x_wconf 85' lang='grc' dir='ltr'><strong>μὴ.</strong></span> <span class='ocrx_word' id='word_1_75' title='bbox 716 560 819 587; x_wconf 78' lang='grc' dir='ltr'>προπε-</span> 
     </span>
    </p>
   </div>
   <div class='ocr_carea' id='block_1_13' title="bbox 24 596 820 633">
    <p class='ocr_par' dir='ltr' id='par_1_13' title="bbox 24 596 820 633">
     <span class='ocr_line' id='line_1_13' title="bbox 24 596 820 633; baseline -0.006 -6"><span class='ocrx_word' id='word_1_76' title='bbox 24 601 84 632; x_wconf 78' lang='grc' dir='ltr'><strong>τῶς</strong></span> <span class='ocrx_word' id='word_1_77' title='bbox 100 600 150 627; x_wconf 72' lang='grc' dir='ltr'><strong>καὶ</strong></span> <span class='ocrx_word' id='word_1_78' title='bbox 171 600 208 631; x_wconf 88' lang='grc' dir='ltr'>ὼς</span> <span class='ocrx_word' id='word_1_79' title='bbox 231 599 325 633; x_wconf 82' lang='grc' dir='ltr'>ἔτυχεν</span> <span class='ocrx_word' id='word_1_80' title='bbox 348 599 555 633; x_wconf 79' lang='grc' dir='ltr'>ὑποδεχόμενοι,</span> <span class='ocrx_word' id='word_1_81' title='bbox 571 599 652 633; x_wconf 85' lang='grc' dir='ltr'>ἡμεῖς</span> <span class='ocrx_word' id='word_1_82' title='bbox 673 597 722 632; x_wconf 83' lang='grc' dir='ltr'><strong>μὲν</strong></span> <span class='ocrx_word' id='word_1_83' title='bbox 745 596 820 632; x_wconf 84' lang='grc' dir='ltr'>παρὰ</span> 
     </span>
    </p>
   </div>
   <div class='ocr_carea' id='block_1_14' title="bbox 26 643 820 680">
    <p class='ocr_par' dir='ltr' id='par_1_14' title="bbox 26 643 820 680">
     <span class='ocr_line' id='line_1_14' title="bbox 26 643 820 680; baseline -0.005 -8"><span class='ocrx_word' id='word_1_84' title='bbox 26 645 89 680; x_wconf 81' lang='grc' dir='ltr'><strong>Θεῷ</strong></span> <span class='ocrx_word' id='word_1_85' title='bbox 108 644 340 679; x_wconf 70' lang='grc' dir='ltr'>κουφότητος,καὶ</span> <span class='ocrx_word' id='word_1_86' title='bbox 359 644 510 678; x_wconf 72' lang='grc' dir='ltr'><strong>εὐχόμενοι,</strong></span> <span class='ocrx_word' id='word_1_87' title='bbox 522 643 599 678; x_wconf 83' lang='grc' dir='ltr'>δίκην</span> <span class='ocrx_word' id='word_1_88' title='bbox 621 643 772 677; x_wconf 78' lang='grc' dir='ltr'>ὑφέξωμεν,</span> <span class='ocrx_word' id='word_1_89' title='bbox 790 643 820 669; x_wconf 83' lang='grc' dir='ltr'><strong>σὲ</strong></span> 
     </span>
    </p>
   </div>
   <div class='ocr_carea' id='block_1_15' title="bbox 26 689 818 725">
    <p class='ocr_par' dir='ltr' id='par_1_15' title="bbox 26 689 818 725">
     <span class='ocr_line' id='line_1_15' title="bbox 26 689 818 725; baseline -0.006 -7"><span class='ocrx_word' id='word_1_90' title='bbox 26 692 55 718; x_wconf 73' lang='grc' dir='ltr'>δὲ</span> <span class='ocrx_word' id='word_1_91' title='bbox 68 691 223 718; x_wconf 77' lang='grc' dir='ltr'>ὑπεύθυνον</span> <span class='ocrx_word' id='word_1_92' title='bbox 241 690 392 725; x_wconf 74' lang='grc' dir='ltr'><strong>βαρυτέρας</strong></span> <span class='ocrx_word' id='word_1_93' title='bbox 404 689 538 724; x_wconf 78' lang='grc' dir='ltr'>τιμωρίας</span> <span class='ocrx_word' id='word_1_94' title='bbox 552 690 777 723; x_wconf 73' lang='grc' dir='ltr'><strong>καταστήσωμεν,</strong></span> <span class='ocrx_word' id='word_1_95' title='bbox 794 689 818 714; x_wconf 82' lang='grc' dir='ltr'>ει</span> 
     </span>
    </p>
   </div>
   <div class='ocr_carea' id='block_1_16' title="bbox 28 733 821 772">
    <p class='ocr_par' dir='ltr' id='par_1_16' title="bbox 28 733 821 772">
     <span class='ocr_line' id='line_1_16' title="bbox 28 733 821 772; baseline -0.004 -10"><span class='ocrx_word' id='word_1_96' title='bbox 28 737 100 772; x_wconf 72' lang='grc' dir='ltr'>πρὸς</span> <span class='ocrx_word' id='word_1_97' title='bbox 118 735 149 762; x_wconf 71' lang='grc' dir='ltr'>τὺ</span> <span class='ocrx_word' id='word_1_98' title='bbox 163 736 251 771; x_wconf 84' lang='grc' dir='ltr'>παρὸν</span> <span class='ocrx_word' id='word_1_99' title='bbox 270 734 404 770; x_wconf 76' lang='grc' dir='ltr'><strong>εὐχερῶς,</strong></span> <span class='ocrx_word' id='word_1_100' title='bbox 423 734 469 760; x_wconf 73' lang='grc' dir='ltr'><strong>καὶ</strong></span> <span class='ocrx_word' id='word_1_101' title='bbox 490 733 526 768; x_wconf 83' lang='grc' dir='ltr'><strong>μὴ</strong></span> <span class='ocrx_word' id='word_1_102' title='bbox 549 733 668 768; x_wconf 78' lang='grc' dir='ltr'><strong>μαθόντα</strong></span> <span class='ocrx_word' id='word_1_103' title='bbox 691 733 721 759; x_wconf 81' lang='grc' dir='ltr'><strong>τὸ</strong></span> <span class='ocrx_word' id='word_1_104' title='bbox 740 733 821 768; x_wconf 76' lang='grc' dir='ltr'>βάρος</span> 
     </span>
    </p>
   </div>
   <div class='ocr_carea' id='block_1_17' title="bbox 28 778 821 816">
    <p class='ocr_par' dir='ltr' id='par_1_17' title="bbox 28 778 821 816">
     <span class='ocr_line' id='line_1_17' title="bbox 28 778 821 816; baseline -0.004 -9"><span class='ocrx_word' id='word_1_105' title='bbox 28 781 79 808; x_wconf 81' lang='grc' dir='ltr'><strong>καὶ</strong></span> <span class='ocrx_word' id='word_1_106' title='bbox 106 781 158 816; x_wconf 86' lang='grc' dir='ltr'><strong>τὴν</strong></span> <span class='ocrx_word' id='word_1_107' title='bbox 184 780 325 815; x_wconf 77' lang='grc' dir='ltr'>ἀκρίὸειαν</span> <span class='ocrx_word' id='word_1_108' title='bbox 351 779 398 805; x_wconf 84' lang='grc' dir='ltr'><strong>τοῦ</strong></span> <span class='ocrx_word' id='word_1_109' title='bbox 425 778 653 812; x_wconf 76' lang='grc' dir='ltr'><strong>ἐπαγγέλματος,</strong></span> <span class='ocrx_word' id='word_1_110' title='bbox 679 779 727 804; x_wconf 69' lang='grc' dir='ltr'>καὶ</span> <span class='ocrx_word' id='word_1_111' title='bbox 753 779 821 814; x_wconf 78' lang='grc' dir='ltr'>μετὰ</span> 
     </span>
    </p>
   </div>
   <div class='ocr_carea' id='block_1_18' title="bbox 28 823 819 861">
    <p class='ocr_par' dir='ltr' id='par_1_18' title="bbox 28 823 819 861">
     <span class='ocr_line' id='line_1_18' title="bbox 28 823 819 861; baseline -0.006 -8"><span class='ocrx_word' id='word_1_112' title='bbox 28 827 118 853; x_wconf 75' lang='grc' dir='ltr'>ταῦτα</span> <span class='ocrx_word' id='word_1_113' title='bbox 129 826 236 861; x_wconf 82' lang='grc' dir='ltr'>χαῦνος,</span> <span class='ocrx_word' id='word_1_114' title='bbox 247 825 293 851; x_wconf 75' lang='grc' dir='ltr'><strong>καὶ</strong></span> <span class='ocrx_word' id='word_1_115' title='bbox 307 824 424 860; x_wconf 72' lang='grc' dir='ltr'>ῥᾴθυμος</span> <span class='ocrx_word' id='word_1_116' title='bbox 433 824 603 859; x_wconf 74' lang='grc' dir='ltr'>ἀποδειχοῇς.</span> <span class='ocrx_word' id='word_1_117' title='bbox 618 824 666 850; x_wconf 78' lang='grc' dir='ltr'>Διά</span> <span class='ocrx_word' id='word_1_118' title='bbox 680 832 721 849; x_wconf 86' lang='grc' dir='ltr'><strong>τοι</strong></span> <span class='ocrx_word' id='word_1_119' title='bbox 731 823 819 855; x_wconf 85' lang='grc' dir='ltr'>τοῦτο,</span> 
     </span>
    </p>
   </div>
   <div class='ocr_carea' id='block_1_19' title="bbox 29 868 820 906">
    <p class='ocr_par' dir='ltr' id='par_1_19' title="bbox 29 868 820 906">
     <span class='ocr_line' id='line_1_19' title="bbox 29 868 820 906; baseline -0.004 -9"><span class='ocrx_word' id='word_1_120' title='bbox 29 870 124 902; x_wconf 78' lang='grc' dir='ltr'>καθὼς</span> <span class='ocrx_word' id='word_1_121' title='bbox 141 871 267 906; x_wconf 78' lang='grc' dir='ltr'>εἴρηται,</span> <span class='ocrx_word' id='word_1_122' title='bbox 284 870 333 904; x_wconf 76' lang='grc' dir='ltr'>τὴν</span> <span class='ocrx_word' id='word_1_123' title='bbox 359 868 446 896; x_wconf 76' lang='grc' dir='ltr'>αἰτίαν</span> <span class='ocrx_word' id='word_1_124' title='bbox 467 869 516 903; x_wconf 86' lang='grc' dir='ltr'>τῆς</span> <span class='ocrx_word' id='word_1_125' title='bbox 538 869 678 903; x_wconf 83' lang='grc' dir='ltr'>ἀποταγῆς</span> <span class='ocrx_word' id='word_1_126' title='bbox 703 868 820 903; x_wconf 77' lang='grc' dir='ltr'>ὀφείλεις</span> 
     </span>
    </p>
   </div>
   <div class='ocr_carea' id='block_1_20' title="bbox 30 902 857 950">
    <p class='ocr_par' dir='ltr' id='par_1_20' title="bbox 30 902 857 950">
     <span class='ocr_line' id='line_1_20' title="bbox 30 902 857 950; baseline -0.002 -8"><span class='ocrx_word' id='word_1_127' title='bbox 30 916 146 950; x_wconf 83' lang='grc' dir='ltr'>γνῶναι,</span> <span class='ocrx_word' id='word_1_128' title='bbox 164 916 191 942; x_wconf 84' lang='grc' dir='ltr'><strong>τί</strong></span> <span class='ocrx_word' id='word_1_129' title='bbox 217 923 247 941; x_wconf 88' lang='grc' dir='ltr'><strong>σε</strong></span> <span class='ocrx_word' id='word_1_130' title='bbox 263 915 303 941; x_wconf 84' lang='grc' dir='ltr'>δεῖ</span> <span class='ocrx_word' id='word_1_131' title='bbox 318 915 413 941; x_wconf 82' lang='grc' dir='ltr'>ποιεῖν.</span> <span class='ocrx_word' id='word_1_132' title='bbox 439 914 470 940; x_wconf 88' lang='lat' dir='ltr'><strong>&#39;H</strong></span> <span class='ocrx_word' id='word_1_133' title='bbox 488 914 613 949; x_wconf 84' lang='grc' dir='ltr'>ἁποταγὴ</span> <span class='ocrx_word' id='word_1_134' title='bbox 632 914 721 940; x_wconf 81' lang='grc' dir='ltr'>τοίνυν</span> <span class='ocrx_word' id='word_1_135' title='bbox 744 913 819 940; x_wconf 76' lang='grc' dir='ltr'>οὐδὲν</span> <span class='ocrx_word' id='word_1_136' title='bbox 835 902 857 931; x_wconf 75' lang='grc' dir='ltr'><strong>Β</strong></span> 
     </span>
    </p>
   </div>
   <div class='ocr_carea' id='block_1_21' title="bbox 30 959 823 996">
    <p class='ocr_par' dir='ltr' id='par_1_21' title="bbox 30 959 823 996">
     <span class='ocr_line' id='line_1_21' title="bbox 30 959 823 996; baseline -0.006 -7"><span class='ocrx_word' id='word_1_137' title='bbox 30 962 97 990; x_wconf 70' lang='grc' dir='ltr'>ἄλλο</span> <span class='ocrx_word' id='word_1_138' title='bbox 111 961 281 995; x_wconf 78' lang='grc' dir='ltr'>καθέστηκεν</span> <span class='ocrx_word' id='word_1_139' title='bbox 299 961 323 986; x_wconf 87' lang='grc' dir='ltr'>εἰ</span> <span class='ocrx_word' id='word_1_140' title='bbox 338 960 375 995; x_wconf 85' lang='grc' dir='ltr'><strong>μὴ</strong></span> <span class='ocrx_word' id='word_1_141' title='bbox 398 959 515 996; x_wconf 85' lang='grc' dir='ltr'>σταυροῦ</span> <span class='ocrx_word' id='word_1_142' title='bbox 539 959 586 986; x_wconf 72' lang='grc' dir='ltr'><strong>καὶ</strong></span> <span class='ocrx_word' id='word_1_143' title='bbox 608 959 722 985; x_wconf 80' lang='grc' dir='ltr'>θανάτου</span> <span class='ocrx_word' id='word_1_144' title='bbox 737 959 823 992; x_wconf 81' lang='grc' dir='ltr'>ἐπαγ-</span> 
     </span>
    </p>
   </div>
   <div class='ocr_carea' id='block_1_22' title="bbox 30 1004 821 1043">
    <p class='ocr_par' dir='ltr' id='par_1_22' title="bbox 30 1004 821 1043">
     <span class='ocr_line' id='line_1_22' title="bbox 30 1004 821 1043; baseline -0.005 -9"><span class='ocrx_word' id='word_1_145' title='bbox 30 1008 121 1043; x_wconf 80' lang='grc' dir='ltr'>γελία.</span> <span class='ocrx_word' id='word_1_146' title='bbox 149 1007 270 1033; x_wconf 73' lang='grc' dir='ltr'>Γίνωσκε</span> <span class='ocrx_word' id='word_1_147' title='bbox 294 1006 382 1032; x_wconf 83' lang='grc' dir='ltr'>τοίνυν</span> <span class='ocrx_word' id='word_1_148' title='bbox 410 1005 462 1032; x_wconf 64' lang='grc' dir='ltr'><strong>ἀπὸ</strong></span> <span class='ocrx_word' id='word_1_149' title='bbox 493 1005 542 1040; x_wconf 79' lang='grc' dir='ltr'>τῆς</span> <span class='ocrx_word' id='word_1_150' title='bbox 573 1005 690 1040; x_wconf 79' lang='grc' dir='ltr'><strong>σήμερον</strong></span> <span class='ocrx_word' id='word_1_151' title='bbox 715 1004 821 1039; x_wconf 82' lang='grc' dir='ltr'>ἡμέρας</span> 
     </span>
    </p>
   </div>
   <div class='ocr_carea' id='block_1_23' title="bbox 30 1049 820 1088">
    <p class='ocr_par' dir='ltr' id='par_1_23' title="bbox 30 1049 820 1088">
     <span class='ocr_line' id='line_1_23' title="bbox 30 1049 820 1088; baseline -0.008 -8"><span class='ocrx_word' id='word_1_152' title='bbox 30 1053 194 1088; x_wconf 78' lang='grc' dir='ltr'><strong>τεθνηκέναι</strong></span> <span class='ocrx_word' id='word_1_153' title='bbox 210 1061 249 1083; x_wconf 82' lang='grc' dir='ltr'><strong>σε,</strong></span> <span class='ocrx_word' id='word_1_154' title='bbox 277 1052 324 1078; x_wconf 76' lang='grc' dir='ltr'><strong>καὶ</strong></span> <span class='ocrx_word' id='word_1_155' title='bbox 340 1050 519 1086; x_wconf 69' lang='grc' dir='ltr'>σταυροῦσθαι</span> <span class='ocrx_word' id='word_1_156' title='bbox 532 1050 571 1085; x_wconf 87' lang='grc' dir='ltr'><strong>τῷ</strong></span> <span class='ocrx_word' id='word_1_157' title='bbox 585 1050 690 1085; x_wconf 71' lang='grc' dir='ltr'>κόσμῳ,</span> <span class='ocrx_word' id='word_1_158' title='bbox 711 1050 758 1075; x_wconf 79' lang='grc' dir='ltr'><strong>καὶ</strong></span> <span class='ocrx_word' id='word_1_159' title='bbox 775 1049 820 1075; x_wconf 82' lang='grc' dir='ltr'>τὸν</span> 
     </span>
    </p>
   </div>
   <div class='ocr_carea' id='block_1_24' title="bbox 32 1093 821 1134">
    <p class='ocr_par' dir='ltr' id='par_1_24' title="bbox 32 1093 821 1134">
     <span class='ocr_line' id='line_1_24' title="bbox 32 1093 821 1134; baseline -0.008 -9"><span class='ocrx_word' id='word_1_160' title='bbox 32 1100 199 1134; x_wconf 76' lang='grc' dir='ltr'>κόςμονσοι,</span> <span class='ocrx_word' id='word_1_161' title='bbox 221 1096 291 1124; x_wconf 79' lang='grc' dir='ltr'>κατὰ</span> <span class='ocrx_word' id='word_1_162' title='bbox 304 1096 348 1122; x_wconf 81' lang='grc' dir='ltr'><strong>τὸν</strong></span> <span class='ocrx_word' id='word_1_163' title='bbox 371 1095 545 1122; x_wconf 70' lang='grc' dir='ltr'>’Λπόστολοψ</span> <span class='ocrx_word' id='word_1_164' title='bbox 563 1095 609 1121; x_wconf 77' lang='grc' dir='ltr'><strong>καὶ</strong></span> <span class='ocrx_word' id='word_1_165' title='bbox 631 1093 821 1129; x_wconf 74' lang='grc' dir='ltr'><strong>καταμάνθανε</strong></span> 
     </span>
    </p>
   </div>
   <div class='ocr_carea' id='block_1_25' title="bbox 32 1139 821 1179">
    <p class='ocr_par' dir='ltr' id='par_1_25' title="bbox 32 1139 821 1179">
     <span class='ocr_line' id='line_1_25' title="bbox 32 1139 821 1179; baseline -0.008 -8"><span class='ocrx_word' id='word_1_166' title='bbox 32 1146 75 1177; x_wconf 79' lang='grc' dir='ltr'><strong>τίς</strong></span> <span class='ocrx_word' id='word_1_167' title='bbox 92 1147 108 1179; x_wconf 85' lang='grc' dir='ltr'>ἡ</span> <span class='ocrx_word' id='word_1_168' title='bbox 123 1144 236 1179; x_wconf 75' lang='grc' dir='ltr'>δύναμις</span> <span class='ocrx_word' id='word_1_169' title='bbox 249 1143 298 1178; x_wconf 81' lang='grc' dir='ltr'>τῆς</span> <span class='ocrx_word' id='word_1_170' title='bbox 311 1141 505 1177; x_wconf 80' lang='grc' dir='ltr'>σταυρώσεως·</span> <span class='ocrx_word' id='word_1_171' title='bbox 521 1140 614 1175; x_wconf 76' lang='grc' dir='ltr'>ἐπειδὴ</span> <span class='ocrx_word' id='word_1_172' title='bbox 624 1140 715 1166; x_wconf 75' lang='grc' dir='ltr'>οὐκετι</span> <span class='ocrx_word' id='word_1_173' title='bbox 729 1139 821 1166; x_wconf 71' lang='grc' dir='ltr'>λοιπὸν</span> 
     </span>
    </p>
   </div>
   <div class='ocr_carea' id='block_1_26' title="bbox 34 1184 822 1224">
    <p class='ocr_par' dir='ltr' id='par_1_26' title="bbox 34 1184 822 1224">
     <span class='ocr_line' id='line_1_26' title="bbox 34 1184 822 1224; baseline -0.008 -8"><span class='ocrx_word' id='word_1_174' title='bbox 34 1192 68 1216; x_wconf 74' lang='grc' dir='ltr'><strong>σὺ</strong></span> <span class='ocrx_word' id='word_1_175' title='bbox 86 1190 147 1224; x_wconf 81' lang='grc' dir='ltr'>ζῇς,</span> <span class='ocrx_word' id='word_1_176' title='bbox 166 1189 222 1215; x_wconf 86' lang='grc' dir='ltr'>ἀλλ’</span> <span class='ocrx_word' id='word_1_177' title='bbox 239 1189 341 1218; x_wconf 77' lang='grc' dir='ltr'>ἐκεῖνος</span> <span class='ocrx_word' id='word_1_178' title='bbox 367 1188 396 1213; x_wconf 83' lang='grc' dir='ltr'><strong>ὲν</strong></span> <span class='ocrx_word' id='word_1_179' title='bbox 411 1187 452 1212; x_wconf 74' lang='grc' dir='ltr'><strong>σοὶ</strong></span> <span class='ocrx_word' id='word_1_180' title='bbox 467 1186 499 1221; x_wconf 82' lang='grc' dir='ltr'>ζῇ</span> <span class='ocrx_word' id='word_1_181' title='bbox 517 1187 530 1212; x_wconf 82' lang='lat'><strong>6</strong></span> <span class='ocrx_word' id='word_1_182' title='bbox 545 1185 615 1220; x_wconf 78' lang='grc' dir='ltr'>ὑπὲρ</span> <span class='ocrx_word' id='word_1_183' title='bbox 632 1184 678 1211; x_wconf 84' lang='grc' dir='ltr'><strong>σοῦ</strong></span> <span class='ocrx_word' id='word_1_184' title='bbox 701 1193 822 1220; x_wconf 83' lang='grc' dir='ltr'>σταυρω-</span> 
     </span>
    </p>
   </div>
   <div class='ocr_carea' id='block_1_27' title="bbox 34 1227 821 1270">
    <p class='ocr_par' dir='ltr' id='par_1_27' title="bbox 34 1227 821 1270">
     <span class='ocr_line' id='line_1_27' title="bbox 34 1227 821 1270; baseline -0.008 -8"><span class='ocrx_word' id='word_1_185' title='bbox 34 1236 102 1267; x_wconf 75' lang='grc' dir='ltr'>θείς.</span> <span class='ocrx_word' id='word_1_186' title='bbox 124 1234 216 1270; x_wconf 79' lang='grc' dir='ltr'>Τούτῳ</span> <span class='ocrx_word' id='word_1_187' title='bbox 233 1233 322 1260; x_wconf 84' lang='grc' dir='ltr'>τοίνυν</span> <span class='ocrx_word' id='word_1_188' title='bbox 342 1232 380 1267; x_wconf 82' lang='grc' dir='ltr'><strong>τῷ</strong></span> <span class='ocrx_word' id='word_1_189' title='bbox 397 1232 474 1267; x_wconf 82' lang='grc' dir='ltr'>τύπῳ</span> <span class='ocrx_word' id='word_1_190' title='bbox 501 1231 546 1257; x_wconf 65' lang='grc' dir='ltr'><strong>καὶ</strong></span> <span class='ocrx_word' id='word_1_191' title='bbox 567 1230 606 1266; x_wconf 87' lang='grc' dir='ltr'>τῷ</span> <span class='ocrx_word' id='word_1_192' title='bbox 620 1231 749 1266; x_wconf 80' lang='grc' dir='ltr'>σχήματι,</span> <span class='ocrx_word' id='word_1_193' title='bbox 772 1227 793 1263; x_wconf 81' lang='grc' dir='ltr'>ᾧ</span> <span class='ocrx_word' id='word_1_194' title='bbox 807 1229 821 1256; x_wconf 81' lang='grc' dir='ltr'>ὁ</span> 
     </span>
    </p>
   </div>
   <div class='ocr_carea' id='block_1_28' title="bbox 35 1277 822 1316">
    <p class='ocr_par' dir='ltr' id='par_1_28' title="bbox 35 1277 822 1316">
     <span class='ocr_line' id='line_1_28' title="bbox 35 1277 822 1316; baseline -0.008 -8"><span class='ocrx_word' id='word_1_195' title='bbox 35 1282 175 1316; x_wconf 76' lang='grc' dir='ltr'><strong>Δεσπότης</strong></span> <span class='ocrx_word' id='word_1_196' title='bbox 204 1280 273 1315; x_wconf 83' lang='grc' dir='ltr'>ὑπὲρ</span> <span class='ocrx_word' id='word_1_197' title='bbox 297 1279 374 1314; x_wconf 76' lang='grc' dir='ltr'>ήμῶν</span> <span class='ocrx_word' id='word_1_198' title='bbox 401 1277 556 1313; x_wconf 73' lang='grc' dir='ltr'>ἐκρεμάσθη</span> <span class='ocrx_word' id='word_1_199' title='bbox 571 1298 578 1310; x_wconf 88' lang='grc'><strong>,</strong></span> <span class='ocrx_word' id='word_1_200' title='bbox 603 1277 648 1303; x_wconf 77' lang='grc' dir='ltr'>καὶ</span> <span class='ocrx_word' id='word_1_201' title='bbox 678 1278 750 1311; x_wconf 83' lang='grc' dir='ltr'>ἡμᾶς</span> <span class='ocrx_word' id='word_1_202' title='bbox 774 1277 822 1302; x_wconf 78' lang='grc' dir='ltr'><strong>ὲπ-</strong></span> 
     </span>
    </p>
   </div>
   <div class='ocr_carea' id='block_1_29' title="bbox 36 1321 820 1361">
    <p class='ocr_par' dir='ltr' id='par_1_29' title="bbox 36 1321 820 1361">
     <span class='ocr_line' id='line_1_29' title="bbox 36 1321 820 1361; baseline -0.008 -8"><span class='ocrx_word' id='word_1_203' title='bbox 36 1327 155 1361; x_wconf 77' lang='grc' dir='ltr'>άναγκές</span> <span class='ocrx_word' id='word_1_204' title='bbox 172 1327 243 1352; x_wconf 76' lang='grc' dir='ltr'>ἐστιν</span> <span class='ocrx_word' id='word_1_205' title='bbox 257 1326 285 1350; x_wconf 81' lang='grc' dir='ltr'><strong>ὲν</strong></span> <span class='ocrx_word' id='word_1_206' title='bbox 295 1324 334 1360; x_wconf 87' lang='grc' dir='ltr'>τῷ</span> <span class='ocrx_word' id='word_1_207' title='bbox 349 1323 473 1358; x_wconf 75' lang='grc' dir='ltr'>κοινοῦίῳ</span> <span class='ocrx_word' id='word_1_208' title='bbox 487 1323 599 1357; x_wconf 80' lang='grc' dir='ltr'>διάγειν,</span> <span class='ocrx_word' id='word_1_209' title='bbox 608 1322 698 1353; x_wconf 82' lang='grc' dir='ltr'>καθὼς</span> <span class='ocrx_word' id='word_1_210' title='bbox 712 1321 820 1356; x_wconf 63' lang='grc' dir='ltr'>εὔχεται</span> 
     </span>
    </p>
   </div>
   <div class='ocr_carea' id='block_1_30' title="bbox 36 1367 822 1407">
    <p class='ocr_par' dir='ltr' id='par_1_30' title="bbox 36 1367 822 1407">
     <span class='ocr_line' id='line_1_30' title="bbox 36 1367 822 1407; baseline -0.009 -7"><span class='ocrx_word' id='word_1_211' title='bbox 36 1373 85 1400; x_wconf 76' lang='grc' dir='ltr'>καὶ</span> <span class='ocrx_word' id='word_1_212' title='bbox 99 1373 114 1398; x_wconf 85' lang='grc' dir='ltr'>ὁ</span> <span class='ocrx_word' id='word_1_213' title='bbox 131 1373 264 1407; x_wconf 80' lang='grc' dir='ltr'>μακάριος</span> <span class='ocrx_word' id='word_1_214' title='bbox 277 1370 358 1396; x_wconf 73' lang='grc' dir='ltr'>Δαϐὶδ</span> <span class='ocrx_word' id='word_1_215' title='bbox 372 1371 404 1396; x_wconf 80' lang='grc' dir='ltr'>ὲκ</span> <span class='ocrx_word' id='word_1_216' title='bbox 422 1369 469 1395; x_wconf 87' lang='grc' dir='ltr'><strong>τοῦ</strong></span> <span class='ocrx_word' id='word_1_217' title='bbox 487 1369 569 1404; x_wconf 62' lang='grc' dir='ltr'>φόὸου</span> <span class='ocrx_word' id='word_1_218' title='bbox 585 1368 631 1394; x_wconf 81' lang='grc' dir='ltr'><strong>τοῦ</strong></span> <span class='ocrx_word' id='word_1_219' title='bbox 651 1367 717 1394; x_wconf 85' lang='grc' dir='ltr'>Θεοῦ</span> <span class='ocrx_word' id='word_1_220' title='bbox 734 1375 822 1402; x_wconf 85' lang='grc' dir='ltr'>παρα-</span> 
     </span>
    </p>
   </div>
   <div class='ocr_carea' id='block_1_31' title="bbox 36 1413 822 1452">
    <p class='ocr_par' dir='ltr' id='par_1_31' title="bbox 36 1413 822 1452">
     <span class='ocr_line' id='line_1_31' title="bbox 36 1413 822 1452; baseline -0.008 -7"><span class='ocrx_word' id='word_1_221' title='bbox 36 1418 128 1445; x_wconf 80' lang='grc' dir='ltr'>καλῶν</span> <span class='ocrx_word' id='word_1_222' title='bbox 142 1416 331 1452; x_wconf 80' lang='grc' dir='ltr'>καθηλωῦἧναι</span> <span class='ocrx_word' id='word_1_223' title='bbox 347 1415 396 1446; x_wconf 88' lang='grc' dir='ltr'>τὰς</span> <span class='ocrx_word' id='word_1_224' title='bbox 412 1415 516 1450; x_wconf 80' lang='grc' dir='ltr'>σάρκας</span> <span class='ocrx_word' id='word_1_225' title='bbox 530 1413 623 1440; x_wconf 86' lang='grc' dir='ltr'>αὑτοῦ.</span> <span class='ocrx_word' id='word_1_226' title='bbox 638 1414 683 1444; x_wconf 78' lang='grc' dir='ltr'>Ὠς</span> <span class='ocrx_word' id='word_1_227' title='bbox 696 1413 748 1448; x_wconf 82' lang='grc' dir='ltr'>γὰρ</span> <span class='ocrx_word' id='word_1_228' title='bbox 764 1414 778 1439; x_wconf 88' lang='grc' dir='ltr'>ὁ</span> <span class='ocrx_word' id='word_1_229' title='bbox 791 1413 822 1439; x_wconf 75' lang='grc' dir='ltr'><strong>τὸ</strong></span> 
     </span>
    </p>
   </div>
   <div class='ocr_carea' id='block_1_32' title="bbox 37 1458 820 1500">
    <p class='ocr_par' dir='ltr' id='par_1_32' title="bbox 37 1458 820 1500">
     <span class='ocr_line' id='line_1_32' title="bbox 37 1458 820 1500; baseline -0.011 -9"><span class='ocrx_word' id='word_1_230' title='bbox 37 1464 118 1500; x_wconf 77' lang='grc' dir='ltr'>σῶμα</span> <span class='ocrx_word' id='word_1_231' title='bbox 140 1461 348 1498; x_wconf 77' lang='grc' dir='ltr'><strong>προσηλωμένον</strong></span> <span class='ocrx_word' id='word_1_232' title='bbox 373 1460 441 1495; x_wconf 73' lang='grc' dir='ltr'>ἔχων</span> <span class='ocrx_word' id='word_1_233' title='bbox 464 1459 503 1495; x_wconf 87' lang='grc' dir='ltr'>τῷ</span> <span class='ocrx_word' id='word_1_234' title='bbox 520 1459 590 1494; x_wconf 80' lang='grc' dir='ltr'>ξύλῳ</span> <span class='ocrx_word' id='word_1_235' title='bbox 614 1458 741 1494; x_wconf 68' lang='grc' dir='ltr'>ἀκίνητός</span> <span class='ocrx_word' id='word_1_236' title='bbox 763 1458 820 1483; x_wconf 74' lang='grc' dir='ltr'>ἐστι</span> 
     </span>
    </p>
   </div>
   <div class='ocr_carea' id='block_1_33' title="bbox 36 1502 821 1546">
    <p class='ocr_par' dir='ltr' id='par_1_33' title="bbox 36 1502 821 1546">
     <span class='ocr_line' id='line_1_33' title="bbox 36 1502 821 1546; baseline -0.011 -10"><span class='ocrx_word' id='word_1_237' title='bbox 36 1510 107 1546; x_wconf 76' lang='grc' dir='ltr'>πρὸς</span> <span class='ocrx_word' id='word_1_238' title='bbox 119 1509 208 1535; x_wconf 82' lang='grc' dir='ltr'>πᾶσαν</span> <span class='ocrx_word' id='word_1_239' title='bbox 229 1507 367 1542; x_wconf 78' lang='grc' dir='ltr'>ἐνέργειαν</span> <span class='ocrx_word' id='word_1_240' title='bbox 391 1506 450 1533; x_wconf 80' lang='grc' dir='ltr'>οἵαν</span> <span class='ocrx_word' id='word_1_241' title='bbox 470 1504 551 1536; x_wconf 79' lang='grc' dir='ltr'>ῦέλει,</span> <span class='ocrx_word' id='word_1_242' title='bbox 567 1503 654 1534; x_wconf 75' lang='grc' dir='ltr'>οὕτως</span> <span class='ocrx_word' id='word_1_243' title='bbox 667 1504 681 1530; x_wconf 87' lang='grc' dir='ltr'>ὁ</span> <span class='ocrx_word' id='word_1_244' title='bbox 696 1502 735 1544; x_wconf 47' lang='grc' dir='ltr'><strong>τιεῖ)</strong></span> <span class='ocrx_word' id='word_1_245' title='bbox 757 1502 821 1536; x_wconf 78' lang='grc' dir='ltr'>Θείῳ</span> 
     </span>
    </p>
   </div>
   <div class='ocr_carea' id='block_1_34' title="bbox 37 1548 820 1592">
    <p class='ocr_par' dir='ltr' id='par_1_34' title="bbox 37 1548 820 1592">
     <span class='ocr_line' id='line_1_34' title="bbox 37 1548 820 1592; baseline -0.013 -9"><span class='ocrx_word' id='word_1_246' title='bbox 37 1556 112 1592; x_wconf 81' lang='grc' dir='ltr'><strong>φόὃῳ</strong></span> <span class='ocrx_word' id='word_1_247' title='bbox 129 1553 318 1590; x_wconf 83' lang='grc' dir='ltr'><strong>καθηλωμένον</strong></span> <span class='ocrx_word' id='word_1_248' title='bbox 333 1553 378 1580; x_wconf 82' lang='grc' dir='ltr'>τὸν</span> <span class='ocrx_word' id='word_1_249' title='bbox 393 1549 533 1586; x_wconf 71' lang='grc' dir='ltr'>λογισμὸν,</span> <span class='ocrx_word' id='word_1_250' title='bbox 555 1550 683 1585; x_wconf 84' lang='grc' dir='ltr'>ἀκίνητος</span> <span class='ocrx_word' id='word_1_251' title='bbox 704 1548 820 1583; x_wconf 84' lang='grc' dir='ltr'>ὑπάρχει</span> 
     </span>
    </p>
   </div>
   <div class='ocr_carea' id='block_1_35' title="bbox 38 1593 820 1639">
    <p class='ocr_par' dir='ltr' id='par_1_35' title="bbox 38 1593 820 1639">
     <span class='ocr_line' id='line_1_35' title="bbox 38 1593 820 1639; baseline -0.014 -9"><span class='ocrx_word' id='word_1_252' title='bbox 38 1603 107 1639; x_wconf 74' lang='grc' dir='ltr'>πρὸς</span> <span class='ocrx_word' id='word_1_253' title='bbox 130 1603 184 1629; x_wconf 75' lang='grc' dir='ltr'>πᾶν</span> <span class='ocrx_word' id='word_1_254' title='bbox 205 1601 309 1636; x_wconf 79' lang='grc' dir='ltr'>θέλημα.</span> <span class='ocrx_word' id='word_1_255' title='bbox 332 1598 471 1635; x_wconf 80' lang='grc' dir='ltr'>σαρκικόν.</span> <span class='ocrx_word' id='word_1_256' title='bbox 494 1597 549 1624; x_wconf 79' lang='grc' dir='ltr'><strong>Καὶ</strong></span> <span class='ocrx_word' id='word_1_257' title='bbox 568 1596 662 1631; x_wconf 78' lang='grc' dir='ltr'>ὥσπερ</span> <span class='ocrx_word' id='word_1_258' title='bbox 677 1596 691 1620; x_wconf 90' lang='lat'><strong>6</strong></span> <span class='ocrx_word' id='word_1_259' title='bbox 713 1593 820 1639; x_wconf 53' lang='grc' dir='ltr'>σταυριῇ</span> 
     </span>
    </p>
   </div>
   <div class='ocr_carea' id='block_1_36' title="bbox 38 1637 820 1684">
    <p class='ocr_par' dir='ltr' id='par_1_36' title="bbox 38 1637 820 1684">
     <span class='ocr_line' id='line_1_36' title="bbox 38 1637 820 1684; baseline -0.015 -9"><span class='ocrx_word' id='word_1_260' title='bbox 38 1637 247 1684; x_wconf 74' lang='grc' dir='ltr'>προσηλωμένος</span> <span class='ocrx_word' id='word_1_261' title='bbox 267 1645 317 1671; x_wconf 90' lang='grc' dir='ltr'>οὐκ</span> <span class='ocrx_word' id='word_1_262' title='bbox 333 1643 372 1670; x_wconf 80' lang='grc' dir='ltr'>ἔτι</span> <span class='ocrx_word' id='word_1_263' title='bbox 397 1642 431 1669; x_wconf 76' lang='grc' dir='ltr'>τὰ</span> <span class='ocrx_word' id='word_1_264' title='bbox 448 1641 569 1677; x_wconf 87' lang='grc' dir='ltr'>παρόντα</span> <span class='ocrx_word' id='word_1_265' title='bbox 591 1639 743 1674; x_wconf 80' lang='grc' dir='ltr'>λογίζεται,</span> <span class='ocrx_word' id='word_1_266' title='bbox 760 1637 820 1664; x_wconf 71' lang='grc' dir='ltr'>οὐδὲ</span> 
     </span>
    </p>
   </div>
   <div class='ocr_carea' id='block_1_37' title="bbox 38 1682 821 1726">
    <p class='ocr_par' dir='ltr' id='par_1_37' title="bbox 38 1682 821 1726">
     <span class='ocr_line' id='line_1_37' title="bbox 38 1682 821 1726; baseline -0.017 -5"><span class='ocrx_word' id='word_1_267' title='bbox 38 1682 95 1726; x_wconf 70' lang='grc' dir='ltr'>τοῖς</span> <span class='ocrx_word' id='word_1_268' title='bbox 118 1682 192 1723; x_wconf 76' lang='grc' dir='ltr'>ίδίοις</span> <span class='ocrx_word' id='word_1_269' title='bbox 220 1691 355 1726; x_wconf 85' lang='grc' dir='ltr'>Θελήμασι</span> <span class='ocrx_word' id='word_1_270' title='bbox 380 1687 595 1718; x_wconf 78' lang='grc' dir='ltr'>συνδιατίθεται,</span> <span class='ocrx_word' id='word_1_271' title='bbox 612 1685 661 1711; x_wconf 75' lang='grc' dir='ltr'>οὐκ</span> <span class='ocrx_word' id='word_1_272' title='bbox 690 1682 821 1718; x_wconf 72' lang='grc' dir='ltr'>ἐπιθυμία</span> 
     </span>
    </p>
   </div>
   <div class='ocr_carea' id='block_1_38' title="bbox 38 1730 819 1780">
    <p class='ocr_par' dir='ltr' id='par_1_38' title="bbox 38 1730 819 1780">
     <span class='ocr_line' id='line_1_38' title="bbox 38 1730 819 1780; baseline -0.02 -9"><span class='ocrx_word' id='word_1_273' title='bbox 38 1743 210 1780; x_wconf 76' lang='grc' dir='ltr'>ταράττεται,</span> <span class='ocrx_word' id='word_1_274' title='bbox 228 1740 258 1766; x_wconf 77' lang='grc' dir='ltr'>οὐ</span> <span class='ocrx_word' id='word_1_275' title='bbox 275 1738 396 1774; x_wconf 76' lang='grc' dir='ltr'>φροντίδι</span> <span class='ocrx_word' id='word_1_276' title='bbox 419 1735 466 1763; x_wconf 80' lang='grc' dir='ltr'><strong>τοῦ</strong></span> <span class='ocrx_word' id='word_1_277' title='bbox 483 1734 598 1762; x_wconf 81' lang='grc' dir='ltr'>κτᾶσθαι</span> <span class='ocrx_word' id='word_1_278' title='bbox 622 1730 819 1761; x_wconf 76' lang='grc' dir='ltr'>κατατείνεται,</span> 
     </span>
    </p>
   </div>
   <div class='ocr_carea' id='block_1_39' title="bbox 38 1777 821 1826">
    <p class='ocr_par' dir='ltr' id='par_1_39' title="bbox 38 1777 821 1826">
     <span class='ocr_line' id='line_1_39' title="bbox 38 1777 821 1826; baseline -0.018 -10"><span class='ocrx_word' id='word_1_279' title='bbox 38 1777 89 1826; x_wconf 70' lang='grc' dir='ltr'>οὐχ</span> <span class='ocrx_word' id='word_1_280' title='bbox 103 1787 276 1824; x_wconf 70' lang='grc' dir='ltr'>ὑπερηφανίᾳ</span> <span class='ocrx_word' id='word_1_281' title='bbox 292 1784 444 1820; x_wconf 78' lang='grc' dir='ltr'>φυσιοῦται,</span> <span class='ocrx_word' id='word_1_282' title='bbox 458 1782 488 1809; x_wconf 83' lang='grc' dir='ltr'><strong>οὺ</strong></span> <span class='ocrx_word' id='word_1_283' title='bbox 509 1779 667 1816; x_wconf 77' lang='grc' dir='ltr'>φιλονεικίᾳ,</span> <span class='ocrx_word' id='word_1_284' title='bbox 685 1779 714 1804; x_wconf 76' lang='grc' dir='ltr'><strong>οὐ</strong></span> <span class='ocrx_word' id='word_1_285' title='bbox 733 1777 821 1811; x_wconf 80' lang='grc' dir='ltr'>φθόνῳ</span> 
     </span>
    </p>
   </div>
   <div class='ocr_carea' id='block_1_40' title="bbox 40 1822 820 1869">
    <p class='ocr_par' dir='ltr' id='par_1_40' title="bbox 40 1822 820 1869">
     <span class='ocr_line' id='line_1_40' title="bbox 40 1822 820 1869; baseline -0.021 -6"><span class='ocrx_word' id='word_1_286' title='bbox 40 1822 194 1869; x_wconf 70' lang='grc' dir='ltr'>ἐξάπτεται,</span> <span class='ocrx_word' id='word_1_287' title='bbox 209 1834 239 1860; x_wconf 85' lang='grc' dir='ltr'>οὺ</span> <span class='ocrx_word' id='word_1_288' title='bbox 255 1832 319 1867; x_wconf 57' lang='grc' dir='ltr'><strong>περ)¹</strong></span> <span class='ocrx_word' id='word_1_289' title='bbox 334 1830 388 1857; x_wconf 80' lang='grc' dir='ltr'><strong>τῶν</strong></span> <span class='ocrx_word' id='word_1_290' title='bbox 401 1828 546 1864; x_wconf 79' lang='grc' dir='ltr'>παρουσῶν</span> <span class='ocrx_word' id='word_1_291' title='bbox 557 1825 673 1861; x_wconf 78' lang='grc' dir='ltr'>ἀτιμιῶν</span> <span class='ocrx_word' id='word_1_292' title='bbox 689 1823 776 1858; x_wconf 84' lang='grc' dir='ltr'>ἀλγεῖ,</span> <span class='ocrx_word' id='word_1_293' title='bbox 789 1822 820 1848; x_wconf 86' lang='grc' dir='ltr'>οὐ</span> 
     </span>
    </p>
   </div>
   <div class='ocr_carea' id='block_1_41' title="bbox 39 1867 821 1916">
    <p class='ocr_par' dir='ltr' id='par_1_41' title="bbox 39 1867 821 1916">
     <span class='ocr_line' id='line_1_41' title="bbox 39 1867 821 1916; baseline -0.019 -8"><span class='ocrx_word' id='word_1_294' title='bbox 39 1867 88 1913; x_wconf 69' lang='grc' dir='ltr'><strong>τάς</strong></span> <span class='ocrx_word' id='word_1_295' title='bbox 115 1879 301 1916; x_wconf 73' lang='grc' dir='ltr'>παρελθούσας</span> <span class='ocrx_word' id='word_1_296' title='bbox 329 1877 421 1912; x_wconf 75' lang='grc' dir='ltr'>ὕϐρεις</span> <span class='ocrx_word' id='word_1_297' title='bbox 445 1873 695 1909; x_wconf 82' lang='grc' dir='ltr'>ἀναμιμνήσκεται”</span> <span class='ocrx_word' id='word_1_298' title='bbox 726 1867 821 1916; x_wconf 72' lang='grc' dir='ltr'>μικρὸν</span> 
     </span>
    </p>
   </div>
   <div class='ocr_carea' id='block_1_42' title="bbox 40 1913 822 1963">
    <p class='ocr_par' dir='ltr' id='par_1_42' title="bbox 40 1913 822 1963">
     <span class='ocr_line' id='line_1_42' title="bbox 40 1913 822 1963; baseline -0.02 -8"><span class='ocrx_word' id='word_1_299' title='bbox 40 1928 94 1963; x_wconf 85' lang='grc' dir='ltr'>γὰρ</span> <span class='ocrx_word' id='word_1_300' title='bbox 108 1913 220 1962; x_wconf 75' lang='grc' dir='ltr'>ὕστερον</span> <span class='ocrx_word' id='word_1_301' title='bbox 234 1925 283 1960; x_wconf 76' lang='grc' dir='ltr'><strong>τὴν</strong></span> <span class='ocrx_word' id='word_1_302' title='bbox 308 1924 340 1950; x_wconf 82' lang='grc' dir='ltr'>ἐκ</span> <span class='ocrx_word' id='word_1_303' title='bbox 363 1921 409 1948; x_wconf 90' lang='grc' dir='ltr'><strong>τοῦ</strong></span> <span class='ocrx_word' id='word_1_304' title='bbox 428 1921 485 1956; x_wconf 81' lang='grc' dir='ltr'>βίου</span> <span class='ocrx_word' id='word_1_305' title='bbox 509 1918 597 1952; x_wconf 73' lang='grc' dir='ltr'>ἔξοδον</span> <span class='ocrx_word' id='word_1_306' title='bbox 611 1916 755 1951; x_wconf 72' lang='grc' dir='ltr'>ἐκδέχεται</span> <span class='ocrx_word' id='word_1_307' title='bbox 777 1913 822 1940; x_wconf 83' lang='grc' dir='ltr'><strong>διὰ</strong></span> 
     </span>
    </p>
   </div>
   <div class='ocr_carea' id='block_1_43' title="bbox 40 1959 821 2007">
    <p class='ocr_par' dir='ltr' id='par_1_43' title="bbox 40 1959 821 2007">
     <span class='ocr_line' id='line_1_43' title="bbox 40 1959 821 2007; baseline -0.02 -6"><span class='ocrx_word' id='word_1_308' title='bbox 40 1973 87 2001; x_wconf 76' lang='grc' dir='ltr'><strong>τοῦ</strong></span> <span class='ocrx_word' id='word_1_309' title='bbox 111 1971 236 2007; x_wconf 79' lang='grc' dir='ltr'>σταυροῦ·</span> <span class='ocrx_word' id='word_1_310' title='bbox 265 1969 352 2000; x_wconf 75' lang='grc' dir='ltr'>οὕτως</span> <span class='ocrx_word' id='word_1_311' title='bbox 368 1968 382 1994; x_wconf 87' lang='lat'><strong>6</strong></span> <span class='ocrx_word' id='word_1_312' title='bbox 409 1965 615 2000; x_wconf 81' lang='grc' dir='ltr'>ἀποταξάμενος</span> <span class='ocrx_word' id='word_1_313' title='bbox 641 1961 758 1997; x_wconf 81' lang='grc' dir='ltr'>γνησίως</span> <span class='ocrx_word' id='word_1_314' title='bbox 783 1959 821 1995; x_wconf 79' lang='grc' dir='ltr'>τῷ</span> 
     </span>
    </p>
   </div>
   <div class='ocr_carea' id='block_1_44' title="bbox 42 2007 823 2055">
    <p class='ocr_par' dir='ltr' id='par_1_44' title="bbox 42 2007 823 2055">
     <span class='ocr_line' id='line_1_44' title="bbox 42 2007 823 2055; baseline -0.019 -8"><span class='ocrx_word' id='word_1_315' title='bbox 42 2020 145 2055; x_wconf 79' lang='grc' dir='ltr'>κόσμῳ,</span> <span class='ocrx_word' id='word_1_316' title='bbox 163 2018 211 2044; x_wconf 76' lang='grc' dir='ltr'><strong>καὶ</strong></span> <span class='ocrx_word' id='word_1_317' title='bbox 224 2016 262 2051; x_wconf 84' lang='grc' dir='ltr'>τῷ</span> <span class='ocrx_word' id='word_1_318' title='bbox 276 2015 341 2050; x_wconf 82' lang='grc' dir='ltr'>Θείῳ</span> <span class='ocrx_word' id='word_1_319' title='bbox 357 2013 430 2049; x_wconf 66' lang='grc' dir='ltr'>φόϐῳ</span> <span class='ocrx_word' id='word_1_320' title='bbox 445 2013 481 2043; x_wconf 84' lang='grc' dir='ltr'>ὡς</span> <span class='ocrx_word' id='word_1_321' title='bbox 497 2013 525 2038; x_wconf 81' lang='grc' dir='ltr'><strong>ὲν</strong></span> <span class='ocrx_word' id='word_1_322' title='bbox 540 2009 647 2045; x_wconf 77' lang='grc' dir='ltr'>σταυρῷ</span> <span class='ocrx_word' id='word_1_323' title='bbox 662 2007 823 2042; x_wconf 80' lang='grc' dir='ltr'>καοηλωμέ-</span> 
     </span>
    </p>
   </div>
   <div class='ocr_carea' id='block_1_45' title="bbox 41 2053 822 2100">
    <p class='ocr_par' dir='ltr' id='par_1_45' title="bbox 41 2053 822 2100">
     <span class='ocr_line' id='line_1_45' title="bbox 41 2053 822 2100; baseline -0.017 -9"><span class='ocrx_word' id='word_1_324' title='bbox 41 2053 99 2098; x_wconf 80' lang='grc' dir='ltr'>νος,</span> <span class='ocrx_word' id='word_1_325' title='bbox 122 2053 170 2100; x_wconf 79' lang='grc' dir='ltr'><strong>τὴν</strong></span> <span class='ocrx_word' id='word_1_326' title='bbox 188 2064 220 2090; x_wconf 73' lang='grc' dir='ltr'>ἐκ</span> <span class='ocrx_word' id='word_1_327' title='bbox 242 2061 289 2089; x_wconf 82' lang='grc' dir='ltr'><strong>τοῦ</strong></span> <span class='ocrx_word' id='word_1_328' title='bbox 312 2061 369 2096; x_wconf 86' lang='grc' dir='ltr'>βίου</span> <span class='ocrx_word' id='word_1_329' title='bbox 392 2058 488 2086; x_wconf 81' lang='grc' dir='ltr'>τούτου</span> <span class='ocrx_word' id='word_1_330' title='bbox 510 2056 597 2088; x_wconf 73' lang='grc' dir='ltr'>ἔξοδον</span> <span class='ocrx_word' id='word_1_331' title='bbox 622 2054 682 2082; x_wconf 71' lang='grc' dir='ltr'>καθ’</span> <span class='ocrx_word' id='word_1_332' title='bbox 706 2053 822 2088; x_wconf 79' lang='grc' dir='ltr'>ἑκάστην</span> 
     </span>
    </p>
   </div>
   <div class='ocr_carea' id='block_1_46' title="bbox 42 2098 822 2148">
    <p class='ocr_par' dir='ltr' id='par_1_46' title="bbox 42 2098 822 2148">
     <span class='ocr_line' id='line_1_46' title="bbox 42 2098 822 2148; baseline -0.018 -10"><span class='ocrx_word' id='word_1_333' title='bbox 42 2098 272 2148; x_wconf 78' lang='grc' dir='ltr'>προσδεχόμενος,</span> <span class='ocrx_word' id='word_1_334' title='bbox 296 2107 441 2141; x_wconf 80' lang='grc' dir='ltr'>ἀκινήτους</span> <span class='ocrx_word' id='word_1_335' title='bbox 466 2104 513 2131; x_wconf 83' lang='grc' dir='ltr'><strong>καὶ</strong></span> <span class='ocrx_word' id='word_1_336' title='bbox 542 2101 737 2148; x_wconf 41' lang='grc' dir='ltr'>ἁνενεργήτο-υς</span> <span class='ocrx_word' id='word_1_337' title='bbox 767 2098 822 2134; x_wconf 76' lang='grc' dir='ltr'>ἔχει</span> 
     </span>
    </p>
   </div>
   <div class='ocr_carea' id='block_1_47' title="bbox 42 2146 776 2189">
    <p class='ocr_par' dir='ltr' id='par_1_47' title="bbox 42 2146 776 2189">
     <span class='ocr_line' id='line_1_47' title="bbox 42 2146 776 2189; baseline -0.019 -4"><span class='ocrx_word' id='word_1_338' title='bbox 42 2146 130 2188; x_wconf 74' lang='grc' dir='ltr'>πάσας</span> <span class='ocrx_word' id='word_1_339' title='bbox 142 2156 189 2187; x_wconf 80' lang='grc' dir='ltr'><strong>τὰς</strong></span> <span class='ocrx_word' id='word_1_340' title='bbox 202 2153 347 2189; x_wconf 74' lang='grc' dir='ltr'>ἐπιθυμίας</span> <span class='ocrx_word' id='word_1_341' title='bbox 362 2152 409 2178; x_wconf 81' lang='grc' dir='ltr'>καὶ</span> <span class='ocrx_word' id='word_1_342' title='bbox 420 2150 468 2182; x_wconf 80' lang='grc' dir='ltr'>τὰς</span> <span class='ocrx_word' id='word_1_343' title='bbox 489 2147 621 2185; x_wconf 83' lang='grc' dir='ltr'>σαρκικὰς</span> <span class='ocrx_word' id='word_1_344' title='bbox 636 2146 776 2177; x_wconf 78' lang='grc' dir='ltr'>διαθέσεις.</span> 
     </span>
    </p>
   </div>
   <div class='ocr_carea' id='block_1_48' title="bbox 78 2191 821 2233">
    <p class='ocr_par' dir='ltr' id='par_1_48' title="bbox 78 2191 821 2233">
     <span class='ocr_line' id='line_1_48' title="bbox 78 2191 821 2233; baseline -0.019 -3"><span class='ocrx_word' id='word_1_345' title='bbox 78 2203 118 2231; x_wconf 70' lang='grc'><strong>15.</strong></span> <span class='ocrx_word' id='word_1_346' title='bbox 135 2201 268 2228; x_wconf 78' lang='grc' dir='ltr'>Φυλάττου</span> <span class='ocrx_word' id='word_1_347' title='bbox 283 2196 426 2233; x_wconf 78' lang='grc' dir='ltr'>τοιγαροῦν</span> <span class='ocrx_word' id='word_1_348' title='bbox 443 2195 547 2231; x_wconf 85' lang='grc' dir='ltr'>μήποτε</span> <span class='ocrx_word' id='word_1_349' title='bbox 560 2193 662 2220; x_wconf 85' lang='grc' dir='ltr'>τούτων</span> <span class='ocrx_word' id='word_1_350' title='bbox 679 2191 821 2218; x_wconf 77' lang='grc' dir='ltr'>ἀναλαϐεῖν</span> 
     </span>
    </p>
   </div>
   <div class='ocr_carea' id='block_1_49' title="bbox 869 281 1651 318">
    <p class='ocr_par' dir='ltr' id='par_1_49' title="bbox 869 281 1651 318">
     <span class='ocr_line' id='line_1_49' title="bbox 869 281 1651 318; baseline 0.004 -11"><span class='ocrx_word' id='word_1_351' title='bbox 869 281 1090 315; x_wconf 79' lang='lat' dir='ltr'><strong>promissionem.</strong></span> <span class='ocrx_word' id='word_1_352' title='bbox 1103 281 1198 310; x_wconf 85' lang='lat' dir='ltr'><strong>Melius</strong></span> <span class='ocrx_word' id='word_1_353' title='bbox 1208 282 1307 317; x_wconf 86' lang='lat' dir='ltr'><strong>quippe</strong></span> <span class='ocrx_word' id='word_1_354' title='bbox 1315 287 1366 315; x_wconf 86' lang='lat' dir='ltr'><strong>est,</strong></span> <span class='ocrx_word' id='word_1_355' title='bbox 1377 282 1454 317; x_wconf 80' lang='lat' dir='ltr'><strong>juxta</strong></span> <span class='ocrx_word' id='word_1_356' title='bbox 1470 282 1651 318; x_wconf 82' lang='lat' dir='ltr'><strong>Scripturam,</strong></span> 
     </span>
    </p>
   </div>
   <div class='ocr_carea' id='block_1_50' title="bbox 868 327 1652 363">
    <p class='ocr_par' dir='ltr' id='par_1_50' title="bbox 868 327 1652 363">
     <span class='ocr_line' id='line_1_50' title="bbox 868 327 1652 363; baseline 0.004 -10"><span class='ocrx_word' id='word_1_357' title='bbox 868 330 961 353; x_wconf 88' lang='lat' dir='ltr'><strong>votum</strong></span> <span class='ocrx_word' id='word_1_358' title='bbox 979 335 1033 354; x_wconf 91' lang='lat' dir='ltr'><strong>non</strong></span> <span class='ocrx_word' id='word_1_359' title='bbox 1047 327 1147 360; x_wconf 67' lang='lat' dir='ltr'><strong>facere,</strong></span> <span class='ocrx_word' id='word_1_360' title='bbox 1162 336 1242 363; x_wconf 85' lang='lat' dir='ltr'><strong>quam</strong></span> <span class='ocrx_word' id='word_1_361' title='bbox 1259 328 1358 355; x_wconf 83' lang='lat' dir='ltr'><strong>factum</strong></span> <span class='ocrx_word' id='word_1_362' title='bbox 1373 336 1428 356; x_wconf 90' lang='lat' dir='ltr'><strong>non</strong></span> <span class='ocrx_word' id='word_1_363' title='bbox 1444 329 1565 356; x_wconf 86' lang='lat' dir='ltr'><strong>reddere.</strong></span> <span class='ocrx_word' id='word_1_364' title='bbox 1578 328 1652 356; x_wconf 82' lang='lat' dir='ltr'><strong>Bur-</strong></span> 
     </span>
    </p>
   </div>
   <div class='ocr_carea' id='block_1_51' title="bbox 869 373 1654 409">
    <p class='ocr_par' dir='ltr' id='par_1_51' title="bbox 869 373 1654 409">
     <span class='ocr_line' id='line_1_51' title="bbox 869 373 1654 409; baseline 0.005 -11"><span class='ocrx_word' id='word_1_365' title='bbox 869 379 982 407; x_wconf 87' lang='lat' dir='ltr'><strong>sumque</strong></span> <span class='ocrx_word' id='word_1_366' title='bbox 994 373 1115 400; x_wconf 86' lang='lat' dir='ltr'><strong>dicitur:</strong></span> <span class='ocrx_word' id='word_1_367' title='bbox 1135 383 1144 400; x_wconf 80' lang='grc' dir='ltr'><strong>ι</strong></span> <span class='ocrx_word' id='word_1_368' title='bbox 1169 373 1327 401; x_wconf 78' lang='lat' dir='ltr'><strong>Maledictns</strong></span> <span class='ocrx_word' id='word_1_369' title='bbox 1345 375 1390 409; x_wconf 88' lang='lat' dir='ltr'><strong>qui</strong></span> <span class='ocrx_word' id='word_1_370' title='bbox 1415 374 1479 401; x_wconf 76' lang='lat' dir='ltr'><strong>facit</strong></span> <span class='ocrx_word' id='word_1_371' title='bbox 1502 383 1570 409; x_wconf 86' lang='lat' dir='ltr'><strong>opus</strong></span> <span class='ocrx_word' id='word_1_372' title='bbox 1600 374 1654 402; x_wconf 84' lang='lat' dir='ltr'><strong>Do-</strong></span> 
     </span>
    </p>
   </div>
   <div class='ocr_carea' id='block_1_52' title="bbox 868 417 1653 455">
    <p class='ocr_par' dir='ltr' id='par_1_52' title="bbox 868 417 1653 455">
     <span class='ocr_line' id='line_1_52' title="bbox 868 417 1653 455; baseline 0.005 -11"><span class='ocrx_word' id='word_1_373' title='bbox 868 417 934 444; x_wconf 86' lang='lat' dir='ltr'><strong>mini</strong></span> <span class='ocrx_word' id='word_1_374' title='bbox 949 419 1114 454; x_wconf 75' lang='lat' dir='ltr'><strong>negligenter</strong></span> <span class='ocrx_word' id='word_1_375' title='bbox 1122 420 1144 435; x_wconf 79' lang='grc'><strong>’⁵</strong></span> <span class='ocrx_word' id='word_1_376' title='bbox 1163 428 1191 446; x_wconf 73' lang='grc' dir='ltr'><strong>ει</strong></span> <span class='ocrx_word' id='word_1_377' title='bbox 1209 424 1352 454; x_wconf 85' lang='lat' dir='ltr'><strong>eapropter</strong></span> <span class='ocrx_word' id='word_1_378' title='bbox 1365 425 1390 447; x_wconf 90' lang='lat' dir='ltr'><strong>te</strong></span> <span class='ocrx_word' id='word_1_379' title='bbox 1401 421 1550 455; x_wconf 87' lang='lat' dir='ltr'><strong>repulimus</strong></span> <span class='ocrx_word' id='word_1_380' title='bbox 1571 424 1653 455; x_wconf 84' lang='lat' dir='ltr'><strong>atque</strong></span> 
     </span>
    </p>
   </div>
   <div class='ocr_carea' id='block_1_53' title="bbox 872 463 1653 501">
    <p class='ocr_par' dir='ltr' id='par_1_53' title="bbox 872 463 1653 501">
     <span class='ocr_line' id='line_1_53' title="bbox 872 463 1653 501; baseline 0.004 -11"><span class='ocrx_word' id='word_1_381' title='bbox 872 463 1013 491; x_wconf 71' lang='lat' dir='ltr'><strong>admittere</strong></span> <span class='ocrx_word' id='word_1_382' title='bbox 1038 465 1157 491; x_wconf 84' lang='lat' dir='ltr'><strong>cunctati</strong></span> <span class='ocrx_word' id='word_1_383' title='bbox 1183 473 1289 496; x_wconf 82' lang='lat' dir='ltr'><strong>smnus,</strong></span> <span class='ocrx_word' id='word_1_384' title='bbox 1315 474 1369 492; x_wconf 90' lang='lat' dir='ltr'><strong>non</strong></span> <span class='ocrx_word' id='word_1_385' title='bbox 1398 466 1471 501; x_wconf 90' lang='lat' dir='ltr'><strong>quod</strong></span> <span class='ocrx_word' id='word_1_386' title='bbox 1494 470 1567 493; x_wconf 89' lang='lat' dir='ltr'><strong>tuam</strong></span> <span class='ocrx_word' id='word_1_387' title='bbox 1593 474 1653 493; x_wconf 89' lang='lat' dir='ltr'><strong>om-</strong></span> 
     </span>
    </p>
   </div>
   <div class='ocr_carea' id='block_1_54' title="bbox 869 508 1653 544">
    <p class='ocr_par' dir='ltr' id='par_1_54' title="bbox 869 508 1653 544">
     <span class='ocr_line' id='line_1_54' title="bbox 869 508 1653 544; baseline 0.004 -10"><span class='ocrx_word' id='word_1_388' title='bbox 869 508 998 543; x_wconf 85' lang='lat' dir='ltr'><strong>niumque</strong></span> <span class='ocrx_word' id='word_1_389' title='bbox 1020 509 1128 536; x_wconf 89' lang='lat' dir='ltr'><strong>illorum</strong></span> <span class='ocrx_word' id='word_1_390' title='bbox 1147 511 1191 544; x_wconf 81' lang='lat' dir='ltr'><strong>qui</strong></span> <span class='ocrx_word' id='word_1_391' title='bbox 1213 511 1240 537; x_wconf 91' lang='lat' dir='ltr'><strong>in</strong></span> <span class='ocrx_word' id='word_1_392' title='bbox 1254 511 1392 538; x_wconf 84' lang='lat' dir='ltr'><strong>Christum</strong></span> <span class='ocrx_word' id='word_1_393' title='bbox 1405 511 1521 538; x_wconf 65' lang='lat' dir='ltr'><strong>crodunt</strong></span> <span class='ocrx_word' id='word_1_394' title='bbox 1537 511 1653 538; x_wconf 79' lang='lat' dir='ltr'><strong>salutem</strong></span> 
     </span>
    </p>
   </div>
   <div class='ocr_carea' id='block_1_55' title="bbox 868 556 1653 592">
    <p class='ocr_par' dir='ltr' id='par_1_55' title="bbox 868 556 1653 592">
     <span class='ocr_line' id='line_1_55' title="bbox 868 556 1653 592; baseline 0.004 -12"><span class='ocrx_word' id='word_1_395' title='bbox 868 561 923 581; x_wconf 82' lang='lat' dir='ltr'><strong>non</strong></span> <span class='ocrx_word' id='word_1_396' title='bbox 933 559 1092 589; x_wconf 81' lang='lat' dir='ltr'><strong>exoptemns</strong></span> <span class='ocrx_word' id='word_1_397' title='bbox 1104 563 1111 586; x_wconf 89' lang='lat'><strong>;</strong></span> <span class='ocrx_word' id='word_1_398' title='bbox 1135 556 1181 583; x_wconf 88' lang='lat' dir='ltr'><strong>sed</strong></span> <span class='ocrx_word' id='word_1_399' title='bbox 1196 564 1230 583; x_wconf 91' lang='lat' dir='ltr'><strong>ne</strong></span> <span class='ocrx_word' id='word_1_400' title='bbox 1244 560 1345 591; x_wconf 77' lang='lat' dir='ltr'><strong>temere</strong></span> <span class='ocrx_word' id='word_1_401' title='bbox 1364 561 1391 583; x_wconf 92' lang='lat' dir='ltr'><strong>te</strong></span> <span class='ocrx_word' id='word_1_402' title='bbox 1408 564 1440 583; x_wconf 80' lang='lat' dir='ltr'><strong>ac</strong></span> <span class='ocrx_word' id='word_1_403' title='bbox 1454 557 1529 584; x_wconf 89' lang='lat' dir='ltr'><strong>nullo</strong></span> <span class='ocrx_word' id='word_1_404' title='bbox 1543 557 1653 592; x_wconf 77' lang='lat' dir='ltr'><strong>negotio</strong></span> 
     </span>
    </p>
   </div>
   <div class='ocr_carea' id='block_1_56' title="bbox 869 599 1653 634">
    <p class='ocr_par' dir='ltr' id='par_1_56' title="bbox 869 599 1653 634">
     <span class='ocr_line' id='line_1_56' title="bbox 869 599 1653 634; baseline 0.004 -8"><span class='ocrx_word' id='word_1_405' title='bbox 869 599 1051 631; x_wconf 66' lang='lat' dir='ltr'><strong>admittentes,</strong></span> <span class='ocrx_word' id='word_1_406' title='bbox 1068 607 1119 626; x_wconf 92' lang='lat' dir='ltr'><strong>nos</strong></span> <span class='ocrx_word' id='word_1_407' title='bbox 1142 600 1249 634; x_wconf 86' lang='lat' dir='ltr'><strong>quidem</strong></span> <span class='ocrx_word' id='word_1_408' title='bbox 1263 608 1278 627; x_wconf 89' lang='lat' dir='ltr'><strong>a</strong></span> <span class='ocrx_word' id='word_1_409' title='bbox 1295 601 1358 632; x_wconf 82' lang='lat' dir='ltr'><strong>Deo,</strong></span> <span class='ocrx_word' id='word_1_410' title='bbox 1376 601 1419 628; x_wconf 86' lang='lat' dir='ltr'><strong>vel</strong></span> <span class='ocrx_word' id='word_1_411' title='bbox 1440 606 1550 629; x_wconf 90' lang='lat' dir='ltr'><strong>orantes</strong></span> <span class='ocrx_word' id='word_1_412' title='bbox 1561 623 1567 632; x_wconf 84' lang='grc'><strong>,</strong></span> <span class='ocrx_word' id='word_1_413' title='bbox 1585 602 1653 629; x_wconf 81' lang='lat' dir='ltr'><strong>leni-</strong></span> 
     </span>
    </p>
   </div>
   <div class='ocr_carea' id='block_1_57' title="bbox 869 645 1653 681">
    <p class='ocr_par' dir='ltr' id='par_1_57' title="bbox 869 645 1653 681">
     <span class='ocr_line' id='line_1_57' title="bbox 869 645 1653 681; baseline 0.005 -11"><span class='ocrx_word' id='word_1_414' title='bbox 869 645 934 671; x_wconf 86' lang='lat' dir='ltr'><strong>tatis</strong></span> <span class='ocrx_word' id='word_1_415' title='bbox 949 645 1038 671; x_wconf 72' lang='lat' dir='ltr'><strong>nimia:</strong></span> <span class='ocrx_word' id='word_1_416' title='bbox 1051 652 1159 680; x_wconf 72' lang='lat' dir='ltr'><strong>pmnam</strong></span> <span class='ocrx_word' id='word_1_417' title='bbox 1174 645 1291 678; x_wconf 85' lang='lat' dir='ltr'><strong>luamus,</strong></span> <span class='ocrx_word' id='word_1_418' title='bbox 1309 650 1334 672; x_wconf 92' lang='lat' dir='ltr'><strong>te</strong></span> <span class='ocrx_word' id='word_1_419' title='bbox 1346 653 1411 672; x_wconf 71' lang='lat' dir='ltr'><strong>vero</strong></span> <span class='ocrx_word' id='word_1_420' title='bbox 1426 653 1500 673; x_wconf 80' lang='lat' dir='ltr'><strong>reum</strong></span> <span class='ocrx_word' id='word_1_421' title='bbox 1519 647 1653 681; x_wconf 78' lang='lat' dir='ltr'><strong>gravioris</strong></span> 
     </span>
    </p>
   </div>
   <div class='ocr_carea' id='block_1_58' title="bbox 871 690 1653 726">
    <p class='ocr_par' dir='ltr' id='par_1_58' title="bbox 871 690 1653 726">
     <span class='ocr_line' id='line_1_58' title="bbox 871 690 1653 726; baseline 0.004 -10"><span class='ocrx_word' id='word_1_422' title='bbox 871 690 997 724; x_wconf 87' lang='lat' dir='ltr'><strong>supplicii</strong></span> <span class='ocrx_word' id='word_1_423' title='bbox 1020 691 1230 722; x_wconf 71' lang='lat' dir='ltr'><strong>Constituamus,</strong></span> <span class='ocrx_word' id='word_1_424' title='bbox 1246 691 1268 717; x_wconf 90' lang='lat' dir='ltr'><strong>si</strong></span> <span class='ocrx_word' id='word_1_425' title='bbox 1285 694 1311 717; x_wconf 89' lang='lat' dir='ltr'><strong>te</strong></span> <span class='ocrx_word' id='word_1_426' title='bbox 1322 691 1378 725; x_wconf 86' lang='lat' dir='ltr'><strong>jam</strong></span> <span class='ocrx_word' id='word_1_427' title='bbox 1397 691 1474 718; x_wconf 79' lang='lat' dir='ltr'><strong>facile</strong></span> <span class='ocrx_word' id='word_1_428' title='bbox 1493 693 1653 726; x_wconf 81' lang='lat' dir='ltr'><strong>priusquam</strong></span> 
     </span>
    </p>
   </div>
   <div class='ocr_carea' id='block_1_59' title="bbox 870 735 1652 771">
    <p class='ocr_par' dir='ltr' id='par_1_59' title="bbox 870 735 1652 771">
     <span class='ocr_line' id='line_1_59' title="bbox 870 735 1652 771; baseline 0.004 -10"><span class='ocrx_word' id='word_1_429' title='bbox 870 735 998 762; x_wconf 82' lang='lat' dir='ltr'><strong>didiCeris</strong></span> <span class='ocrx_word' id='word_1_430' title='bbox 1029 736 1187 770; x_wconf 80' lang='lat' dir='ltr'><strong>gravitatem</strong></span> <span class='ocrx_word' id='word_1_431' title='bbox 1225 739 1252 763; x_wconf 87' lang='lat' dir='ltr'><strong>et</strong></span> <span class='ocrx_word' id='word_1_432' title='bbox 1281 737 1481 764; x_wconf 81' lang='lat' dir='ltr'><strong>acenrationem</strong></span> <span class='ocrx_word' id='word_1_433' title='bbox 1505 737 1652 771; x_wconf 83' lang='lat' dir='ltr'><strong>promissi,</strong></span> 
     </span>
    </p>
   </div>
   <div class='ocr_carea' id='block_1_60' title="bbox 871 781 1652 817">
    <p class='ocr_par' dir='ltr' id='par_1_60' title="bbox 871 781 1652 817">
     <span class='ocr_line' id='line_1_60' title="bbox 871 781 1652 817; baseline 0.003 -9"><span class='ocrx_word' id='word_1_434' title='bbox 871 781 1058 812; x_wconf 83' lang='lat' dir='ltr'><strong>admittamns,</strong></span> <span class='ocrx_word' id='word_1_435' title='bbox 1070 785 1133 808; x_wconf 86' lang='lat' dir='ltr'><strong>ettu</strong></span> <span class='ocrx_word' id='word_1_436' title='bbox 1149 785 1243 816; x_wconf 88' lang='lat' dir='ltr'><strong>postea</strong></span> <span class='ocrx_word' id='word_1_437' title='bbox 1262 782 1350 808; x_wconf 84' lang='lat' dir='ltr'><strong>mollis</strong></span> <span class='ocrx_word' id='word_1_438' title='bbox 1366 783 1509 817; x_wconf 75' lang='lat' dir='ltr'><strong>segnisque</strong></span> <span class='ocrx_word' id='word_1_439' title='bbox 1523 783 1652 811; x_wconf 86' lang='lat' dir='ltr'><strong>evaseris.</strong></span> 
     </span>
    </p>
   </div>
   <div class='ocr_carea' id='block_1_61' title="bbox 872 825 1655 861">
    <p class='ocr_par' dir='ltr' id='par_1_61' title="bbox 872 825 1655 861">
     <span class='ocr_line' id='line_1_61' title="bbox 872 825 1655 861; baseline 0.004 -9"><span class='ocrx_word' id='word_1_440' title='bbox 872 825 985 857; x_wconf 85' lang='lat' dir='ltr'><strong>Idcirco,</strong></span> <span class='ocrx_word' id='word_1_441' title='bbox 1003 830 1033 853; x_wconf 85' lang='lat' dir='ltr'><strong>ut</strong></span> <span class='ocrx_word' id='word_1_442' title='bbox 1047 834 1130 861; x_wconf 86' lang='lat' dir='ltr'><strong>supra</strong></span> <span class='ocrx_word' id='word_1_443' title='bbox 1147 826 1250 853; x_wconf 77' lang='lat' dir='ltr'><strong>dictitat</strong></span> <span class='ocrx_word' id='word_1_444' title='bbox 1271 831 1322 859; x_wconf 85' lang='lat' dir='ltr'><strong>est,</strong></span> <span class='ocrx_word' id='word_1_445' title='bbox 1343 835 1453 854; x_wconf 84' lang='lat' dir='ltr'><strong>causam</strong></span> <span class='ocrx_word' id='word_1_446' title='bbox 1475 832 1528 855; x_wconf 63' lang='lat' dir='ltr'><strong>tua:</strong></span> <span class='ocrx_word' id='word_1_447' title='bbox 1544 829 1655 855; x_wconf 75' lang='lat' dir='ltr'><strong>abdica-</strong></span> 
     </span>
    </p>
   </div>
   <div class='ocr_carea' id='block_1_62' title="bbox 872 871 1654 908">
    <p class='ocr_par' dir='ltr' id='par_1_62' title="bbox 872 871 1654 908">
     <span class='ocr_line' id='line_1_62' title="bbox 872 871 1654 908; baseline 0.003 -12"><span class='ocrx_word' id='word_1_448' title='bbox 872 871 955 898; x_wconf 86' lang='lat' dir='ltr'><strong>tionis</strong></span> <span class='ocrx_word' id='word_1_449' title='bbox 977 871 1097 898; x_wconf 77' lang='lat' dir='ltr'><strong>ediscere</strong></span> <span class='ocrx_word' id='word_1_450' title='bbox 1113 876 1139 898; x_wconf 91' lang='lat' dir='ltr'><strong>te</strong></span> <span class='ocrx_word' id='word_1_451' title='bbox 1161 876 1275 906; x_wconf 81' lang='lat' dir='ltr'><strong>oportet,</strong></span> <span class='ocrx_word' id='word_1_452' title='bbox 1303 871 1368 906; x_wconf 87' lang='lat' dir='ltr'><strong>quid</strong></span> <span class='ocrx_word' id='word_1_453' title='bbox 1391 871 1495 899; x_wconf 79' lang='lat' dir='ltr'><strong>scilicet</strong></span> <span class='ocrx_word' id='word_1_454' title='bbox 1520 872 1654 908; x_wconf 75' lang='lat' dir='ltr'><strong>agendum</strong></span> 
     </span>
    </p>
   </div>
   <div class='ocr_carea' id='block_1_63' title="bbox 872 916 1655 951">
    <p class='ocr_par' dir='ltr' id='par_1_63' title="bbox 872 916 1655 951">
     <span class='ocr_line' id='line_1_63' title="bbox 872 916 1655 951; baseline 0.001 -8"><span class='ocrx_word' id='word_1_455' title='bbox 872 916 920 943; x_wconf 86' lang='lat' dir='ltr'><strong>tibi</strong></span> <span class='ocrx_word' id='word_1_456' title='bbox 936 917 981 943; x_wconf 86' lang='lat' dir='ltr'><strong>sit.</strong></span> <span class='ocrx_word' id='word_1_457' title='bbox 991 916 1133 943; x_wconf 82' lang='lat' dir='ltr'><strong>Abdicatio</strong></span> <span class='ocrx_word' id='word_1_458' title='bbox 1148 917 1238 951; x_wconf 86' lang='lat' dir='ltr'><strong>itaque</strong></span> <span class='ocrx_word' id='word_1_459' title='bbox 1251 916 1317 943; x_wconf 86' lang='lat' dir='ltr'><strong>nihil</strong></span> <span class='ocrx_word' id='word_1_460' title='bbox 1331 917 1455 944; x_wconf 87' lang='lat' dir='ltr'><strong>estaliud</strong></span> <span class='ocrx_word' id='word_1_461' title='bbox 1468 925 1549 951; x_wconf 85' lang='lat' dir='ltr'><strong>quam</strong></span> <span class='ocrx_word' id='word_1_462' title='bbox 1564 916 1655 944; x_wconf 78' lang='lat' dir='ltr'><strong>crucis</strong></span> 
     </span>
    </p>
   </div>
   <div class='ocr_carea' id='block_1_64' title="bbox 870 951 1655 996">
    <p class='ocr_par' dir='ltr' id='par_1_64' title="bbox 870 951 1655 996">
     <span class='ocr_line' id='line_1_64' title="bbox 870 951 1655 996; baseline 0.003 -9"><span class='ocrx_word' id='word_1_463' title='bbox 870 965 897 988; x_wconf 89' lang='lat' dir='ltr'><strong>et</strong></span> <span class='ocrx_word' id='word_1_464' title='bbox 912 962 1008 988; x_wconf 86' lang='lat' dir='ltr'><strong>mortis</strong></span> <span class='ocrx_word' id='word_1_465' title='bbox 1030 962 1185 996; x_wconf 88' lang='lat' dir='ltr'><strong>promissio.</strong></span> <span class='ocrx_word' id='word_1_466' title='bbox 1198 961 1271 988; x_wconf 84' lang='lat' dir='ltr'><strong>Scito</strong></span> <span class='ocrx_word' id='word_1_467' title='bbox 1283 969 1347 996; x_wconf 78' lang='lat' dir='ltr'><strong>ergo</strong></span> <span class='ocrx_word' id='word_1_468' title='bbox 1363 961 1396 988; x_wconf 87' lang='lat' dir='ltr'><strong>ab</strong></span> <span class='ocrx_word' id='word_1_469' title='bbox 1411 962 1460 988; x_wconf 79' lang='lat' dir='ltr'><strong>hac</strong></span> <span class='ocrx_word' id='word_1_470' title='bbox 1482 967 1507 989; x_wconf 93' lang='lat' dir='ltr'><strong>le</strong></span> <span class='ocrx_word' id='word_1_471' title='bbox 1523 951 1566 989; x_wconf 83' lang='lat' dir='ltr'><strong>die</strong></span> <span class='ocrx_word' id='word_1_472' title='bbox 1582 969 1655 989; x_wconf 87' lang='lat' dir='ltr'><strong>mor-</strong></span> 
     </span>
    </p>
   </div>
   <div class='ocr_carea' id='block_1_65' title="bbox 870 1006 1653 1042">
    <p class='ocr_par' dir='ltr' id='par_1_65' title="bbox 870 1006 1653 1042">
     <span class='ocr_line' id='line_1_65' title="bbox 870 1006 1653 1042; baseline 0.004 -10"><span class='ocrx_word' id='word_1_473' title='bbox 870 1008 946 1032; x_wconf 90' lang='lat' dir='ltr'><strong>tuum</strong></span> <span class='ocrx_word' id='word_1_474' title='bbox 962 1006 1177 1041; x_wconf 78' lang='lat' dir='ltr'><strong>cruciﬁxumque</strong></span> <span class='ocrx_word' id='word_1_475' title='bbox 1193 1014 1253 1034; x_wconf 86' lang='lat' dir='ltr'><strong>esse</strong></span> <span class='ocrx_word' id='word_1_476' title='bbox 1265 1007 1378 1039; x_wconf 84' lang='lat' dir='ltr'><strong>mundo,</strong></span> <span class='ocrx_word' id='word_1_477' title='bbox 1392 1007 1578 1042; x_wconf 84' lang='lat' dir='ltr'><strong>mundumque</strong></span> <span class='ocrx_word' id='word_1_478' title='bbox 1593 1007 1653 1041; x_wconf 89' lang='lat' dir='ltr'><strong>tibi,</strong></span> 
     </span>
    </p>
   </div>
   <div class='ocr_carea' id='block_1_66' title="bbox 868 1050 1654 1087">
    <p class='ocr_par' dir='ltr' id='par_1_66' title="bbox 868 1050 1654 1087">
     <span class='ocr_line' id='line_1_66' title="bbox 868 1050 1654 1087; baseline 0.004 -10"><span class='ocrx_word' id='word_1_479' title='bbox 868 1050 946 1086; x_wconf 82' lang='lat' dir='ltr'><strong>juxta</strong></span> <span class='ocrx_word' id='word_1_480' title='bbox 958 1051 1117 1085; x_wconf 78' lang='lat' dir='ltr'><strong>Apostolum</strong></span> <span class='ocrx_word' id='word_1_481' title='bbox 1134 1061 1139 1078; x_wconf 92' lang='lat'>:</span> <span class='ocrx_word' id='word_1_482' title='bbox 1157 1057 1185 1079; x_wconf 82' lang='lat' dir='ltr'><strong>et</strong></span> <span class='ocrx_word' id='word_1_483' title='bbox 1198 1052 1289 1079; x_wconf 86' lang='lat' dir='ltr'><strong>cdisce</strong></span> <span class='ocrx_word' id='word_1_484' title='bbox 1303 1060 1426 1087; x_wconf 79' lang='lat' dir='ltr'><strong>quaenam</strong></span> <span class='ocrx_word' id='word_1_485' title='bbox 1443 1053 1478 1080; x_wconf 88' lang='lat' dir='ltr'><strong>sit</strong></span> <span class='ocrx_word' id='word_1_486' title='bbox 1490 1054 1580 1080; x_wconf 87' lang='lat' dir='ltr'><strong>crucis</strong></span> <span class='ocrx_word' id='word_1_487' title='bbox 1596 1054 1654 1080; x_wconf 92' lang='lat' dir='ltr'><strong>vir-</strong></span> 
     </span>
    </p>
   </div>
   <div class='ocr_carea' id='block_1_67' title="bbox 871 1097 1655 1132">
    <p class='ocr_par' dir='ltr' id='par_1_67' title="bbox 871 1097 1655 1132">
     <span class='ocr_line' id='line_1_67' title="bbox 871 1097 1655 1132; baseline 0.003 -8"><span class='ocrx_word' id='word_1_488' title='bbox 871 1102 915 1124; x_wconf 91' lang='lat' dir='ltr'><strong>tus</strong></span> <span class='ocrx_word' id='word_1_489' title='bbox 934 1105 940 1122; x_wconf 93' lang='lat'><strong>:</strong></span> <span class='ocrx_word' id='word_1_490' title='bbox 957 1097 1177 1132; x_wconf 80' lang='lat' dir='ltr'><strong>quandoquidem</strong></span> <span class='ocrx_word' id='word_1_491' title='bbox 1198 1106 1252 1125; x_wconf 92' lang='lat' dir='ltr'><strong>non</strong></span> <span class='ocrx_word' id='word_1_492' title='bbox 1276 1099 1388 1125; x_wconf 86' lang='lat' dir='ltr'><strong>ulterius</strong></span> <span class='ocrx_word' id='word_1_493' title='bbox 1412 1103 1439 1125; x_wconf 93' lang='lat' dir='ltr'><strong>tu</strong></span> <span class='ocrx_word' id='word_1_494' title='bbox 1454 1100 1532 1131; x_wconf 85' lang='lat' dir='ltr'><strong>vivis,</strong></span> <span class='ocrx_word' id='word_1_495' title='bbox 1546 1099 1594 1126; x_wconf 88' lang='lat' dir='ltr'><strong>sed</strong></span> <span class='ocrx_word' id='word_1_496' title='bbox 1610 1099 1655 1128; x_wconf 85' lang='lat' dir='ltr'><strong>ille</strong></span> 
     </span>
    </p>
   </div>
   <div class='ocr_carea' id='block_1_68' title="bbox 871 1143 1655 1180">
    <p class='ocr_par' dir='ltr' id='par_1_68' title="bbox 871 1143 1655 1180">
     <span class='ocr_line' id='line_1_68' title="bbox 871 1143 1655 1180; baseline 0.004 -11"><span class='ocrx_word' id='word_1_497' title='bbox 871 1143 898 1169; x_wconf 92' lang='lat' dir='ltr'><strong>in</strong></span> <span class='ocrx_word' id='word_1_498' title='bbox 921 1147 947 1169; x_wconf 89' lang='lat' dir='ltr'><strong>te</strong></span> <span class='ocrx_word' id='word_1_499' title='bbox 969 1143 1036 1169; x_wconf 84' lang='lat' dir='ltr'><strong>vivit</strong></span> <span class='ocrx_word' id='word_1_500' title='bbox 1063 1143 1108 1177; x_wconf 91' lang='lat' dir='ltr'><strong>qui</strong></span> <span class='ocrx_word' id='word_1_501' title='bbox 1133 1151 1183 1178; x_wconf 87' lang='lat' dir='ltr'><strong>pro</strong></span> <span class='ocrx_word' id='word_1_502' title='bbox 1203 1147 1229 1170; x_wconf 87' lang='lat' dir='ltr'><strong>te</strong></span> <span class='ocrx_word' id='word_1_503' title='bbox 1247 1144 1395 1172; x_wconf 78' lang='lat' dir='ltr'><strong>cruciﬁxus</strong></span> <span class='ocrx_word' id='word_1_504' title='bbox 1412 1148 1463 1172; x_wconf 89' lang='lat' dir='ltr'><strong>est.</strong></span> <span class='ocrx_word' id='word_1_505' title='bbox 1482 1144 1538 1171; x_wconf 92' lang='lat' dir='ltr'><strong>lloc</strong></span> <span class='ocrx_word' id='word_1_506' title='bbox 1562 1146 1655 1180; x_wconf 85' lang='lat' dir='ltr'><strong>itaque</strong></span> 
     </span>
    </p>
   </div>
   <div class='ocr_carea' id='block_1_69' title="bbox 870 1188 1654 1225">
    <p class='ocr_par' dir='ltr' id='par_1_69' title="bbox 870 1188 1654 1225">
     <span class='ocr_line' id='line_1_69' title="bbox 870 1188 1654 1225; baseline 0.003 -9"><span class='ocrx_word' id='word_1_507' title='bbox 870 1193 933 1224; x_wconf 86' lang='lat' dir='ltr'><strong>typo</strong></span> <span class='ocrx_word' id='word_1_508' title='bbox 951 1196 1005 1224; x_wconf 90' lang='lat' dir='ltr'><strong>quo</strong></span> <span class='ocrx_word' id='word_1_509' title='bbox 1020 1188 1150 1217; x_wconf 78' lang='lat' dir='ltr'><strong>Dominus</strong></span> <span class='ocrx_word' id='word_1_510' title='bbox 1167 1197 1216 1224; x_wconf 92' lang='lat' dir='ltr'><strong>pro</strong></span> <span class='ocrx_word' id='word_1_511' title='bbox 1232 1190 1311 1217; x_wconf 85' lang='lat' dir='ltr'><strong>nobis</strong></span> <span class='ocrx_word' id='word_1_512' title='bbox 1325 1198 1476 1225; x_wconf 87' lang='lat' dir='ltr'><strong>suspensus</strong></span> <span class='ocrx_word' id='word_1_513' title='bbox 1495 1194 1547 1221; x_wconf 86' lang='lat' dir='ltr'><strong>est,</strong></span> <span class='ocrx_word' id='word_1_514' title='bbox 1565 1195 1589 1218; x_wconf 91' lang='lat' dir='ltr'><strong>ct</strong></span> <span class='ocrx_word' id='word_1_515' title='bbox 1603 1188 1654 1219; x_wconf 80' lang='lat' dir='ltr'><strong>nos</strong></span> 
     </span>
    </p>
   </div>
   <div class='ocr_carea' id='block_1_70' title="bbox 870 1235 1654 1271">
    <p class='ocr_par' dir='ltr' id='par_1_70' title="bbox 870 1235 1654 1271">
     <span class='ocr_line' id='line_1_70' title="bbox 870 1235 1654 1271; baseline 0.001 -9"><span class='ocrx_word' id='word_1_516' title='bbox 870 1243 982 1262; x_wconf 78' lang='lat' dir='ltr'><strong>necesse</strong></span> <span class='ocrx_word' id='word_1_517' title='bbox 1009 1239 1051 1262; x_wconf 87' lang='lat' dir='ltr'><strong>est</strong></span> <span class='ocrx_word' id='word_1_518' title='bbox 1074 1235 1101 1262; x_wconf 89' lang='lat' dir='ltr'><strong>in</strong></span> <span class='ocrx_word' id='word_1_519' title='bbox 1129 1236 1255 1263; x_wconf 76' lang='lat' dir='ltr'><strong>cmnohio</strong></span> <span class='ocrx_word' id='word_1_520' title='bbox 1285 1244 1383 1271; x_wconf 77' lang='lat' dir='ltr'><strong>agere.</strong></span> <span class='ocrx_word' id='word_1_521' title='bbox 1409 1242 1438 1263; x_wconf 83' lang='lat' dir='ltr'><strong>ut</strong></span> <span class='ocrx_word' id='word_1_522' title='bbox 1465 1240 1525 1263; x_wconf 83' lang='lat' dir='ltr'><strong>orat</strong></span> <span class='ocrx_word' id='word_1_523' title='bbox 1558 1237 1654 1264; x_wconf 86' lang='lat' dir='ltr'><strong>beatus</strong></span> 
     </span>
    </p>
   </div>
   <div class='ocr_carea' id='block_1_71' title="bbox 870 1280 1654 1316">
    <p class='ocr_par' dir='ltr' id='par_1_71' title="bbox 870 1280 1654 1316">
     <span class='ocr_line' id='line_1_71' title="bbox 870 1280 1654 1316; baseline 0.003 -10"><span class='ocrx_word' id='word_1_524' title='bbox 870 1280 964 1311; x_wconf 78' lang='lat' dir='ltr'><strong>David,</strong></span> <span class='ocrx_word' id='word_1_525' title='bbox 985 1288 1046 1306; x_wconf 92' lang='lat' dir='ltr'><strong>cum</strong></span> <span class='ocrx_word' id='word_1_526' title='bbox 1064 1280 1161 1307; x_wconf 87' lang='lat' dir='ltr'><strong>timore</strong></span> <span class='ocrx_word' id='word_1_527' title='bbox 1181 1280 1288 1308; x_wconf 90' lang='lat' dir='ltr'><strong>Domini</strong></span> <span class='ocrx_word' id='word_1_528' title='bbox 1309 1282 1429 1316; x_wconf 84' lang='lat' dir='ltr'><strong>postulat</strong></span> <span class='ocrx_word' id='word_1_529' title='bbox 1446 1281 1543 1315; x_wconf 68' lang='lat' dir='ltr'><strong>conligi</strong></span> <span class='ocrx_word' id='word_1_530' title='bbox 1557 1289 1654 1309; x_wconf 88' lang='lat' dir='ltr'><strong>carnes</strong></span> 
     </span>
    </p>
   </div>
   <div class='ocr_carea' id='block_1_72' title="bbox 870 1325 1654 1362">
    <p class='ocr_par' dir='ltr' id='par_1_72' title="bbox 870 1325 1654 1362">
     <span class='ocr_line' id='line_1_72' title="bbox 870 1325 1654 1362; baseline 0.003 -10"><span class='ocrx_word' id='word_1_531' title='bbox 870 1333 933 1353; x_wconf 88' lang='lat' dir='ltr'><strong>suas</strong></span> <span class='ocrx_word' id='word_1_532' title='bbox 948 1326 980 1352; x_wconf 81' lang='lat'>&quot;.</span> <span class='ocrx_word' id='word_1_533' title='bbox 993 1325 1224 1358; x_wconf 86' lang='lat' dir='ltr'><strong>Quemadmodum</strong></span> <span class='ocrx_word' id='word_1_534' title='bbox 1237 1326 1308 1353; x_wconf 92' lang='lat' dir='ltr'><strong>enim</strong></span> <span class='ocrx_word' id='word_1_535' title='bbox 1330 1327 1375 1361; x_wconf 91' lang='lat' dir='ltr'><strong>qui</strong></span> <span class='ocrx_word' id='word_1_536' title='bbox 1395 1334 1495 1362; x_wconf 87' lang='lat' dir='ltr'><strong>corpus</strong></span> <span class='ocrx_word' id='word_1_537' title='bbox 1516 1327 1589 1362; x_wconf 76' lang='lat' dir='ltr'><strong>ligno</strong></span> <span class='ocrx_word' id='word_1_538' title='bbox 1612 1327 1654 1354; x_wconf 79' lang='lat' dir='ltr'><strong>af-</strong></span> 
     </span>
    </p>
   </div>
   <div class='ocr_carea' id='block_1_73' title="bbox 870 1370 1653 1406">
    <p class='ocr_par' dir='ltr' id='par_1_73' title="bbox 870 1370 1653 1406">
     <span class='ocr_line' id='line_1_73' title="bbox 870 1370 1653 1406; baseline 0.003 -9"><span class='ocrx_word' id='word_1_539' title='bbox 870 1371 952 1397; x_wconf 78' lang='lat' dir='ltr'><strong>ﬁxum</strong></span> <span class='ocrx_word' id='word_1_540' title='bbox 970 1371 1059 1402; x_wconf 80' lang='lat' dir='ltr'><strong>habet,</strong></span> <span class='ocrx_word' id='word_1_541' title='bbox 1074 1370 1106 1397; x_wconf 88' lang='lat' dir='ltr'><strong>ad</strong></span> <span class='ocrx_word' id='word_1_542' title='bbox 1123 1371 1271 1406; x_wconf 85' lang='lat' dir='ltr'><strong>quamlibet</strong></span> <span class='ocrx_word' id='word_1_543' title='bbox 1286 1372 1419 1398; x_wconf 82' lang='lat' dir='ltr'><strong>actionem</strong></span> <span class='ocrx_word' id='word_1_544' title='bbox 1445 1372 1573 1400; x_wconf 88' lang='lat' dir='ltr'><strong>immotus</strong></span> <span class='ocrx_word' id='word_1_545' title='bbox 1592 1377 1653 1406; x_wconf 80' lang='lat' dir='ltr'><strong>est;</strong></span> 
     </span>
    </p>
   </div>
   <div class='ocr_carea' id='block_1_74' title="bbox 870 1416 1656 1452">
    <p class='ocr_par' dir='ltr' id='par_1_74' title="bbox 870 1416 1656 1452">
     <span class='ocr_line' id='line_1_74' title="bbox 870 1416 1656 1452; baseline 0 -8"><span class='ocrx_word' id='word_1_546' title='bbox 870 1416 950 1452; x_wconf 82' lang='lat'><strong>315</strong></span> <span class='ocrx_word' id='word_1_547' title='bbox 966 1417 1006 1444; x_wconf 87' lang='lat' dir='ltr'><strong>sic</strong></span> <span class='ocrx_word' id='word_1_548' title='bbox 1022 1417 1068 1452; x_wconf 88' lang='lat' dir='ltr'><strong>qui</strong></span> <span class='ocrx_word' id='word_1_549' title='bbox 1083 1417 1175 1444; x_wconf 86' lang='lat' dir='ltr'><strong>divino</strong></span> <span class='ocrx_word' id='word_1_550' title='bbox 1193 1417 1291 1444; x_wconf 84' lang='lat' dir='ltr'><strong>timore</strong></span> <span class='ocrx_word' id='word_1_551' title='bbox 1306 1419 1440 1444; x_wconf 77' lang='lat' dir='ltr'><strong>contixam</strong></span> <span class='ocrx_word' id='word_1_552' title='bbox 1459 1418 1539 1444; x_wconf 82' lang='lat' dir='ltr'><strong>habet</strong></span> <span class='ocrx_word' id='word_1_553' title='bbox 1554 1419 1656 1452; x_wconf 76' lang='lat' dir='ltr'><strong>cogita-</strong></span> 
     </span>
    </p>
   </div>
   <div class='ocr_carea' id='block_1_75' title="bbox 871 1463 1655 1494">
    <p class='ocr_par' dir='ltr' id='par_1_75' title="bbox 871 1463 1655 1494">
     <span class='ocr_line' id='line_1_75' title="bbox 871 1463 1655 1494; baseline 0 -5"><span class='ocrx_word' id='word_1_554' title='bbox 871 1463 981 1494; x_wconf 80' lang='lat' dir='ltr'><strong>tionem,</strong></span> <span class='ocrx_word' id='word_1_555' title='bbox 997 1463 1126 1490; x_wconf 90' lang='lat' dir='ltr'><strong>immotus</strong></span> <span class='ocrx_word' id='word_1_556' title='bbox 1147 1467 1189 1489; x_wconf 88' lang='lat' dir='ltr'><strong>est</strong></span> <span class='ocrx_word' id='word_1_557' title='bbox 1219 1463 1251 1489; x_wconf 87' lang='lat' dir='ltr'><strong>ad</strong></span> <span class='ocrx_word' id='word_1_558' title='bbox 1271 1470 1380 1489; x_wconf 88' lang='lat' dir='ltr'><strong>omnem</strong></span> <span class='ocrx_word' id='word_1_559' title='bbox 1398 1463 1534 1489; x_wconf 86' lang='lat' dir='ltr'><strong>carnalem</strong></span> <span class='ocrx_word' id='word_1_560' title='bbox 1551 1470 1655 1489; x_wconf 89' lang='lat' dir='ltr'><strong>concu-</strong></span> 
     </span>
    </p>
   </div>
   <div class='ocr_carea' id='block_1_76' title="bbox 870 1508 1657 1543">
    <p class='ocr_par' dir='ltr' id='par_1_76' title="bbox 870 1508 1657 1543">
     <span class='ocr_line' id='line_1_76' title="bbox 870 1508 1657 1543; baseline 0.001 -8"><span class='ocrx_word' id='word_1_561' title='bbox 870 1508 1039 1543; x_wconf 87' lang='lat' dir='ltr'><strong>piscentiam.</strong></span> <span class='ocrx_word' id='word_1_562' title='bbox 1066 1508 1098 1534; x_wconf 86' lang='lat' dir='ltr'><strong>Et</strong></span> <span class='ocrx_word' id='word_1_563' title='bbox 1121 1508 1191 1535; x_wconf 87' lang='lat' dir='ltr'><strong>sicut</strong></span> <span class='ocrx_word' id='word_1_564' title='bbox 1217 1508 1263 1542; x_wconf 92' lang='lat' dir='ltr'><strong>qui</strong></span> <span class='ocrx_word' id='word_1_565' title='bbox 1289 1509 1364 1535; x_wconf 91' lang='lat' dir='ltr'><strong>cruci</strong></span> <span class='ocrx_word' id='word_1_566' title='bbox 1391 1512 1433 1535; x_wconf 83' lang='lat' dir='ltr'><strong>est</strong></span> <span class='ocrx_word' id='word_1_567' title='bbox 1460 1508 1564 1541; x_wconf 85' lang='lat' dir='ltr'><strong>allixus,</strong></span> <span class='ocrx_word' id='word_1_568' title='bbox 1595 1516 1657 1543; x_wconf 70' lang='lat' dir='ltr'><strong>quae</strong></span> 
     </span>
    </p>
   </div>
   <div class='ocr_carea' id='block_1_77' title="bbox 834 1553 1655 1598">
    <p class='ocr_par' dir='ltr' id='par_1_77' title="bbox 834 1553 1655 1598">
     <span class='ocr_line' id='line_1_77' title="bbox 834 1553 1655 1598; baseline 0.001 -18"><span class='ocrx_word' id='word_1_569' title='bbox 834 1569 855 1598; x_wconf 66' lang='grc' dir='ltr'><strong><em>ε</em></strong></span> <span class='ocrx_word' id='word_1_570' title='bbox 873 1554 1014 1587; x_wconf 65' lang='lat' dir='ltr'><strong>pnesentia</strong></span> <span class='ocrx_word' id='word_1_571' title='bbox 1040 1557 1104 1581; x_wconf 90' lang='lat' dir='ltr'><strong>sunt</strong></span> <span class='ocrx_word' id='word_1_572' title='bbox 1126 1561 1180 1581; x_wconf 90' lang='lat' dir='ltr'><strong>non</strong></span> <span class='ocrx_word' id='word_1_573' title='bbox 1203 1553 1273 1579; x_wconf 87' lang='lat' dir='ltr'><strong>ultra</strong></span> <span class='ocrx_word' id='word_1_574' title='bbox 1298 1554 1416 1588; x_wconf 78' lang='lat' dir='ltr'><strong>cogitat;</strong></span> <span class='ocrx_word' id='word_1_575' title='bbox 1434 1561 1521 1587; x_wconf 86' lang='lat' dir='ltr'><strong>neque</strong></span> <span class='ocrx_word' id='word_1_576' title='bbox 1545 1553 1655 1588; x_wconf 82' lang='lat' dir='ltr'><strong>propria</strong></span> 
     </span>
    </p>
   </div>
   <div class='ocr_carea' id='block_1_78' title="bbox 873 1598 1655 1633">
    <p class='ocr_par' dir='ltr' id='par_1_78' title="bbox 873 1598 1655 1633">
     <span class='ocr_line' id='line_1_78' title="bbox 873 1598 1655 1633; baseline -0.001 -8"><span class='ocrx_word' id='word_1_577' title='bbox 873 1599 1012 1626; x_wconf 81' lang='lat' dir='ltr'><strong>voluntate</strong></span> <span class='ocrx_word' id='word_1_578' title='bbox 1038 1598 1174 1633; x_wconf 79' lang='lat' dir='ltr'><strong>dirigitur.</strong></span> <span class='ocrx_word' id='word_1_579' title='bbox 1200 1606 1253 1625; x_wconf 91' lang='lat' dir='ltr'><strong>non</strong></span> <span class='ocrx_word' id='word_1_580' title='bbox 1276 1598 1499 1632; x_wconf 88' lang='lat' dir='ltr'><strong>cuncnpiscentia</strong></span> <span class='ocrx_word' id='word_1_581' title='bbox 1517 1599 1655 1631; x_wconf 85' lang='lat' dir='ltr'><strong>turbatur,</strong></span> 
     </span>
    </p>
   </div>
   <div class='ocr_carea' id='block_1_79' title="bbox 872 1642 1656 1679">
    <p class='ocr_par' dir='ltr' id='par_1_79' title="bbox 872 1642 1656 1679">
     <span class='ocr_line' id='line_1_79' title="bbox 872 1642 1656 1679; baseline -0.001 -8"><span class='ocrx_word' id='word_1_582' title='bbox 872 1652 926 1672; x_wconf 89' lang='lat' dir='ltr'><strong>non</strong></span> <span class='ocrx_word' id='word_1_583' title='bbox 948 1652 1013 1672; x_wconf 88' lang='lat' dir='ltr'><strong>cura</strong></span> <span class='ocrx_word' id='word_1_584' title='bbox 1030 1643 1186 1679; x_wconf 86' lang='lat' dir='ltr'><strong>possidendi</strong></span> <span class='ocrx_word' id='word_1_585' title='bbox 1202 1643 1348 1675; x_wconf 87' lang='lat' dir='ltr'><strong>detinetur,</strong></span> <span class='ocrx_word' id='word_1_586' title='bbox 1364 1651 1418 1670; x_wconf 93' lang='lat' dir='ltr'><strong>non</strong></span> <span class='ocrx_word' id='word_1_587' title='bbox 1436 1644 1563 1678; x_wconf 85' lang='lat' dir='ltr'><strong>superbia</strong></span> <span class='ocrx_word' id='word_1_588' title='bbox 1577 1642 1656 1670; x_wconf 83' lang='lat' dir='ltr'><strong>inﬂa-</strong></span> 
     </span>
    </p>
   </div>
   <div class='ocr_carea' id='block_1_80' title="bbox 873 1689 1657 1722">
    <p class='ocr_par' dir='ltr' id='par_1_80' title="bbox 873 1689 1657 1722">
     <span class='ocr_line' id='line_1_80' title="bbox 873 1689 1657 1722; baseline 0 -5"><span class='ocrx_word' id='word_1_589' title='bbox 873 1694 927 1722; x_wconf 90' lang='lat' dir='ltr'><strong>tur,</strong></span> <span class='ocrx_word' id='word_1_590' title='bbox 943 1698 997 1717; x_wconf 88' lang='lat' dir='ltr'><strong>non</strong></span> <span class='ocrx_word' id='word_1_591' title='bbox 1021 1690 1204 1721; x_wconf 77' lang='lat' dir='ltr'><strong>contentione,</strong></span> <span class='ocrx_word' id='word_1_592' title='bbox 1229 1697 1283 1716; x_wconf 91' lang='lat' dir='ltr'><strong>non</strong></span> <span class='ocrx_word' id='word_1_593' title='bbox 1308 1689 1407 1716; x_wconf 77' lang='lat' dir='ltr'><strong>invidia</strong></span> <span class='ocrx_word' id='word_1_594' title='bbox 1422 1689 1585 1721; x_wconf 79' lang='lat' dir='ltr'><strong>exardescit,</strong></span> <span class='ocrx_word' id='word_1_595' title='bbox 1600 1696 1657 1718; x_wconf 84' lang='lat' dir='ltr'><strong>non</strong></span> 
     </span>
    </p>
   </div>
   <div class='ocr_carea' id='block_1_81' title="bbox 873 1735 1654 1770">
    <p class='ocr_par' dir='ltr' id='par_1_81' title="bbox 873 1735 1654 1770">
     <span class='ocr_line' id='line_1_81' title="bbox 873 1735 1654 1770; baseline -0.001 -7"><span class='ocrx_word' id='word_1_596' title='bbox 873 1737 944 1763; x_wconf 89' lang='lat' dir='ltr'><strong>dolet</strong></span> <span class='ocrx_word' id='word_1_597' title='bbox 966 1735 1000 1763; x_wconf 87' lang='lat' dir='ltr'><strong>de</strong></span> <span class='ocrx_word' id='word_1_598' title='bbox 1025 1736 1152 1770; x_wconf 73' lang='lat' dir='ltr'><strong>przesenti</strong></span> <span class='ocrx_word' id='word_1_599' title='bbox 1180 1735 1355 1767; x_wconf 80' lang='lat' dir='ltr'><strong>contumelia,</strong></span> <span class='ocrx_word' id='word_1_600' title='bbox 1377 1742 1431 1761; x_wconf 92' lang='lat' dir='ltr'><strong>non</strong></span> <span class='ocrx_word' id='word_1_601' title='bbox 1455 1735 1654 1769; x_wconf 54' lang='lat' dir='ltr'><strong>praeteritarum</strong></span> 
     </span>
    </p>
   </div>
   <div class='ocr_carea' id='block_1_82' title="bbox 872 1780 1656 1815">
    <p class='ocr_par' dir='ltr' id='par_1_82' title="bbox 872 1780 1656 1815">
     <span class='ocr_line' id='line_1_82' title="bbox 872 1780 1656 1815; baseline -0.001 -6"><span class='ocrx_word' id='word_1_602' title='bbox 872 1782 996 1810; x_wconf 86' lang='lat' dir='ltr'><strong>meminit</strong></span> <span class='ocrx_word' id='word_1_603' title='bbox 1020 1781 1180 1815; x_wconf 75' lang='lat' dir='ltr'><strong>iniuriarum</strong></span> <span class='ocrx_word' id='word_1_604' title='bbox 1204 1788 1210 1806; x_wconf 92' lang='lat'>:</span> <span class='ocrx_word' id='word_1_605' title='bbox 1232 1787 1294 1807; x_wconf 88' lang='lat' dir='ltr'><strong>nam</strong></span> <span class='ocrx_word' id='word_1_606' title='bbox 1316 1784 1377 1815; x_wconf 90' lang='lat' dir='ltr'><strong>post</strong></span> <span class='ocrx_word' id='word_1_607' title='bbox 1398 1780 1507 1814; x_wconf 85' lang='lat' dir='ltr'><strong>paulum</strong></span> <span class='ocrx_word' id='word_1_608' title='bbox 1524 1780 1656 1815; x_wconf 87' lang='lat' dir='ltr'><strong>temporis</strong></span> 
     </span>
    </p>
   </div>
   <div class='ocr_carea' id='block_1_83' title="bbox 873 1824 1653 1862">
    <p class='ocr_par' dir='ltr' id='par_1_83' title="bbox 873 1824 1653 1862">
     <span class='ocr_line' id='line_1_83' title="bbox 873 1824 1653 1862; baseline -0.006 -7"><span class='ocrx_word' id='word_1_609' title='bbox 873 1827 953 1855; x_wconf 85' lang='lat' dir='ltr'><strong>ﬁnem</strong></span> <span class='ocrx_word' id='word_1_610' title='bbox 981 1829 1122 1862; x_wconf 82' lang='lat' dir='ltr'><strong>exspectat</strong></span> <span class='ocrx_word' id='word_1_611' title='bbox 1149 1825 1210 1853; x_wconf 59' lang='lat' dir='ltr'><strong>vitae</strong></span> <span class='ocrx_word' id='word_1_612' title='bbox 1235 1832 1293 1853; x_wconf 66' lang='lat' dir='ltr'><strong>sum</strong></span> <span class='ocrx_word' id='word_1_613' title='bbox 1314 1833 1362 1860; x_wconf 86' lang='lat' dir='ltr'><strong>per</strong></span> <span class='ocrx_word' id='word_1_614' title='bbox 1385 1832 1495 1852; x_wconf 81' lang='lat' dir='ltr'><strong>crucem</strong></span> <span class='ocrx_word' id='word_1_615' title='bbox 1525 1824 1653 1858; x_wconf 86' lang='lat' dir='ltr'><strong>scilicet;</strong></span> 
     </span>
    </p>
   </div>
   <div class='ocr_carea' id='block_1_84' title="bbox 873 1869 1654 1908">
    <p class='ocr_par' dir='ltr' id='par_1_84' title="bbox 873 1869 1654 1908">
     <span class='ocr_line' id='line_1_84' title="bbox 873 1869 1654 1908; baseline -0.005 -8"><span class='ocrx_word' id='word_1_616' title='bbox 873 1874 913 1901; x_wconf 88' lang='lat' dir='ltr'><strong>sic</strong></span> <span class='ocrx_word' id='word_1_617' title='bbox 942 1872 988 1908; x_wconf 93' lang='lat' dir='ltr'><strong>qui</strong></span> <span class='ocrx_word' id='word_1_618' title='bbox 1018 1873 1125 1899; x_wconf 83' lang='lat' dir='ltr'><strong>sincere</strong></span> <span class='ocrx_word' id='word_1_619' title='bbox 1162 1871 1263 1898; x_wconf 93' lang='lat' dir='ltr'><strong>mundo</strong></span> <span class='ocrx_word' id='word_1_620' title='bbox 1297 1870 1507 1902; x_wconf 86' lang='lat' dir='ltr'><strong>abrcnuntiavit,</strong></span> <span class='ocrx_word' id='word_1_621' title='bbox 1544 1874 1571 1897; x_wconf 87' lang='lat' dir='ltr'><strong>et</strong></span> <span class='ocrx_word' id='word_1_622' title='bbox 1604 1869 1654 1897; x_wconf 87' lang='lat' dir='ltr'><strong>Dei</strong></span> 
     </span>
    </p>
   </div>
   <div class='ocr_carea' id='block_1_85' title="bbox 873 1915 1657 1953">
    <p class='ocr_par' dir='ltr' id='par_1_85' title="bbox 873 1915 1657 1953">
     <span class='ocr_line' id='line_1_85' title="bbox 873 1915 1657 1953; baseline -0.005 -7"><span class='ocrx_word' id='word_1_623' title='bbox 873 1920 970 1946; x_wconf 88' lang='lat' dir='ltr'><strong>timore</strong></span> <span class='ocrx_word' id='word_1_624' title='bbox 989 1917 1068 1953; x_wconf 88' lang='lat' dir='ltr'><strong>quasi</strong></span> <span class='ocrx_word' id='word_1_625' title='bbox 1087 1917 1113 1944; x_wconf 88' lang='lat' dir='ltr'><strong>in</strong></span> <span class='ocrx_word' id='word_1_626' title='bbox 1131 1924 1212 1944; x_wconf 87' lang='lat' dir='ltr'><strong>cruce</strong></span> <span class='ocrx_word' id='word_1_627' title='bbox 1231 1916 1353 1944; x_wconf 79' lang='lat' dir='ltr'><strong>conﬁxus</strong></span> <span class='ocrx_word' id='word_1_628' title='bbox 1383 1919 1441 1948; x_wconf 86' lang='lat' dir='ltr'><strong>est,</strong></span> <span class='ocrx_word' id='word_1_629' title='bbox 1462 1915 1577 1950; x_wconf 87' lang='lat' dir='ltr'><strong>hujusce</strong></span> <span class='ocrx_word' id='word_1_630' title='bbox 1593 1916 1657 1943; x_wconf 63' lang='lat' dir='ltr'><strong>vita</strong></span> 
     </span>
    </p>
   </div>
   <div class='ocr_carea' id='block_1_86' title="bbox 873 1961 1657 2000">
    <p class='ocr_par' dir='ltr' id='par_1_86' title="bbox 873 1961 1657 2000">
     <span class='ocr_line' id='line_1_86' title="bbox 873 1961 1657 2000; baseline -0.005 -7"><span class='ocrx_word' id='word_1_631' title='bbox 873 1965 975 1993; x_wconf 76' lang='lat' dir='ltr'><strong>exitum</strong></span> <span class='ocrx_word' id='word_1_632' title='bbox 989 1963 1111 2000; x_wconf 87' lang='lat' dir='ltr'><strong>quotidie</strong></span> <span class='ocrx_word' id='word_1_633' title='bbox 1132 1968 1305 1998; x_wconf 79' lang='lat' dir='ltr'><strong>exspectans,</strong></span> <span class='ocrx_word' id='word_1_634' title='bbox 1325 1963 1450 1989; x_wconf 87' lang='lat' dir='ltr'><strong>immotas</strong></span> <span class='ocrx_word' id='word_1_635' title='bbox 1465 1966 1491 1988; x_wconf 86' lang='lat' dir='ltr'><strong>et</strong></span> <span class='ocrx_word' id='word_1_636' title='bbox 1506 1961 1657 1989; x_wconf 82' lang='lat' dir='ltr'><strong>imhecillas</strong></span> 
     </span>
    </p>
   </div>
   <div class='ocr_carea' id='block_1_87' title="bbox 875 2007 1659 2044">
    <p class='ocr_par' dir='ltr' id='par_1_87' title="bbox 875 2007 1659 2044">
     <span class='ocr_line' id='line_1_87' title="bbox 875 2007 1659 2044; baseline -0.004 -6"><span class='ocrx_word' id='word_1_637' title='bbox 875 2011 956 2038; x_wconf 85' lang='lat' dir='ltr'><strong>habet</strong></span> <span class='ocrx_word' id='word_1_638' title='bbox 982 2018 1077 2038; x_wconf 89' lang='lat' dir='ltr'><strong>omnes</strong></span> <span class='ocrx_word' id='word_1_639' title='bbox 1100 2009 1337 2044; x_wconf 87' lang='lat' dir='ltr'><strong>concupiscentias</strong></span> <span class='ocrx_word' id='word_1_640' title='bbox 1358 2015 1506 2042; x_wconf 82' lang='lat' dir='ltr'><strong>omnesque</strong></span> <span class='ocrx_word' id='word_1_641' title='bbox 1532 2007 1659 2035; x_wconf 81' lang='lat' dir='ltr'><strong>carnales</strong></span> 
     </span>
    </p>
   </div>
   <div class='ocr_carea' id='block_1_88' title="bbox 873 2056 995 2084">
    <p class='ocr_par' dir='ltr' id='par_1_88' title="bbox 873 2056 995 2084">
     <span class='ocr_line' id='line_1_88' title="bbox 873 2056 995 2084; baseline 0 -1"><span class='ocrx_word' id='word_1_642' title='bbox 873 2056 995 2084; x_wconf 80' lang='lat' dir='ltr'><strong>aﬂ‘ectus.</strong></span> 
     </span>
    </p>
   </div>
   <div class='ocr_carea' id='block_1_89' title="bbox 909 2186 1658 2225">
    <p class='ocr_par' dir='ltr' id='par_1_89' title="bbox 909 2186 1658 2225">
     <span class='ocr_line' id='line_1_89' title="bbox 909 2186 1658 2225; baseline -0.011 -8"><span class='ocrx_word' id='word_1_643' title='bbox 909 2191 953 2217; x_wconf 78' lang='lat' dir='ltr'><strong>l3.</strong></span> <span class='ocrx_word' id='word_1_644' title='bbox 975 2189 1030 2225; x_wconf 82' lang='lat'><strong>(68)</strong></span> <span class='ocrx_word' id='word_1_645' title='bbox 1042 2189 1112 2216; x_wconf 84' lang='lat' dir='ltr'><strong>Cave</strong></span> <span class='ocrx_word' id='word_1_646' title='bbox 1128 2188 1210 2223; x_wconf 79' lang='lat' dir='ltr'><strong>igitur</strong></span> <span class='ocrx_word' id='word_1_647' title='bbox 1224 2194 1258 2214; x_wconf 89' lang='lat' dir='ltr'><strong>ne</strong></span> <span class='ocrx_word' id='word_1_648' title='bbox 1272 2186 1381 2221; x_wconf 83' lang='lat' dir='ltr'><strong>quando</strong></span> <span class='ocrx_word' id='word_1_649' title='bbox 1396 2192 1426 2213; x_wconf 85' lang='lat' dir='ltr'><strong>ea</strong></span> <span class='ocrx_word' id='word_1_650' title='bbox 1442 2191 1580 2212; x_wconf 85' lang='lat' dir='ltr'><strong>resumere</strong></span> <span class='ocrx_word' id='word_1_651' title='bbox 1591 2189 1658 2210; x_wconf 86' lang='lat' dir='ltr'><strong>con-</strong></span> 
     </span>
    </p>
   </div>
   <div class='ocr_carea' id='block_1_90' title="bbox 43 2227 819 2284">
    <p class='ocr_par' dir='ltr' id='par_1_90' title="bbox 43 2227 819 2284">
     <span class='ocr_line' id='line_1_90' title="bbox 43 2227 819 2284; baseline -0.019 -7"><span class='ocrx_word' id='word_1_652' title='bbox 43 2227 221 2284; x_wconf 59' lang='grc' dir='ltr'>ἒπίῦυμησης,</span> <span class='ocrx_word' id='word_1_653' title='bbox 239 2242 276 2272; x_wconf 89' lang='grc' dir='ltr'><strong>ὧν</strong></span> <span class='ocrx_word' id='word_1_654' title='bbox 291 2227 510 2277; x_wconf 67' lang='grc' dir='ltr'>ἀποτάσσόμενος</span> <span class='ocrx_word' id='word_1_655' title='bbox 525 2238 727 2284; x_wconf 50' lang='grc' dir='ltr'>ἀποδέδληκας,</span> <span class='ocrx_word' id='word_1_656' title='bbox 745 2236 819 2284; x_wconf 78' lang='grc' dir='ltr'><strong>Κατὰ</strong></span> 
     </span>
    </p>
   </div>
   <div class='ocr_carea' id='block_1_91' title="bbox 872 2227 1656 2284">
    <p class='ocr_par' dir='ltr' id='par_1_91' title="bbox 875 2227 1656 2284">
     <span class='ocr_line' id='line_1_91' title="bbox 875 2227 1656 2271; baseline -0.012 -8"><span class='ocrx_word' id='word_1_657' title='bbox 875 2237 1002 2271; x_wconf 89' lang='lat' dir='ltr'><strong>cupiscas</strong></span> <span class='ocrx_word' id='word_1_658' title='bbox 1017 2243 1076 2270; x_wconf 74' lang='lat' dir='ltr'><strong>qua:</strong></span> <span class='ocrx_word' id='word_1_659' title='bbox 1089 2235 1116 2261; x_wconf 88' lang='lat' dir='ltr'><strong>in</strong></span> <span class='ocrx_word' id='word_1_660' title='bbox 1132 2232 1364 2260; x_wconf 85' lang='lat' dir='ltr'><strong>abrenuntiatione</strong></span> <span class='ocrx_word' id='word_1_661' title='bbox 1382 2235 1426 2258; x_wconf 73' lang='lat' dir='ltr'><strong>tu;</strong></span> <span class='ocrx_word' id='word_1_662' title='bbox 1439 2229 1576 2257; x_wconf 87' lang='lat' dir='ltr'><strong>dimisisti.</strong></span> <span class='ocrx_word' id='word_1_663' title='bbox 1589 2227 1656 2254; x_wconf 86' lang='lat' dir='ltr'><strong>Nam</strong></span> 
     </span>
     <span class='ocr_line' id='line_1_92' title="bbox 879 2272 1656 2284; baseline 0 0"><span class='ocrx_word' id='word_1_664' title='bbox 879 2283 882 2284; x_wconf 44' lang='grc' dir='ltr'><em>ν</em></span> <span class='ocrx_word' id='word_1_665' title='bbox 972 2281 988 2284; x_wconf 65' lang='lat'><strong>__</strong></span> <span class='ocrx_word' id='word_1_666' title='bbox 1042 2281 1047 2284; x_wconf 91' lang='lat'>.</span> <span class='ocrx_word' id='word_1_667' title='bbox 1071 2280 1077 2284; x_wconf 88' lang='lat'><strong><em>.</em></strong></span> <span class='ocrx_word' id='word_1_668' title='bbox 1196 2279 1212 2284; x_wconf 42' lang='grc' dir='ltr'><strong>Α.</strong></span> <span class='ocrx_word' id='word_1_669' title='bbox 1323 2276 1342 2284; x_wconf 72' lang='grc' dir='ltr'><strong><em>η</em></strong></span> <span class='ocrx_word' id='word_1_670' title='bbox 1367 2277 1372 2282; x_wconf 78' lang='grc'>.</span> <span class='ocrx_word' id='word_1_671' title='bbox 1394 2277 1399 2282; x_wconf 77' lang='grc' dir='ltr'><em>ι</em></span> <span class='ocrx_word' id='word_1_672' title='bbox 1423 2278 1440 2284; x_wconf 89' lang='grc'><strong>..</strong></span> <span class='ocrx_word' id='word_1_673' title='bbox 1460 2275 1476 2284; x_wconf 79' lang='grc' dir='ltr'><strong>ι.</strong></span> <span class='ocrx_word' id='word_1_674' title='bbox 1497 2281 1602 2284; x_wconf 48' lang='lat' dir='ltr'><strong>,,,_,,.A</strong></span> <span class='ocrx_word' id='word_1_675' title='bbox 1623 2272 1656 2284; x_wconf 77' lang='grc' dir='ltr'><strong>-.Ι</strong></span> 
     </span>
    </p>
   </div>
   <div class='ocr_carea' id='block_1_92' title="bbox 43 2281 824 2330">
    <p class='ocr_par' dir='ltr' id='par_1_92' title="bbox 43 2281 824 2330">
     <span class='ocr_line' id='line_1_93' title="bbox 43 2281 824 2330; baseline -0.019 -8"><span class='ocrx_word' id='word_1_676' title='bbox 43 2296 95 2330; x_wconf 72' lang='grc' dir='ltr'>γὰρ</span> <span class='ocrx_word' id='word_1_677' title='bbox 119 2281 166 2329; x_wconf 70' lang='grc' dir='ltr'>τὴν</span> <span class='ocrx_word' id='word_1_678' title='bbox 182 2281 322 2326; x_wconf 16' lang='grc' dir='ltr'>γᾶπόφασιν</span> <span class='ocrx_word' id='word_1_679' title='bbox 350 2288 397 2316; x_wconf 83' lang='grc' dir='ltr'><strong>τοῦ</strong></span> <span class='ocrx_word' id='word_1_680' title='bbox 420 2286 563 2317; x_wconf 81' lang='grc' dir='ltr'>Δεσπότου,</span> <span class='ocrx_word' id='word_1_681' title='bbox 582 2295 591 2310; x_wconf 81' lang='grc' dir='ltr'><strong>ι</strong></span> <span class='ocrx_word' id='word_1_682' title='bbox 611 2284 640 2311; x_wconf 81' lang='lat'><strong>&#39;0</strong></span> <span class='ocrx_word' id='word_1_683' title='bbox 668 2283 753 2318; x_wconf 84' lang='grc' dir='ltr'>βαλὼν</span> <span class='ocrx_word' id='word_1_684' title='bbox 777 2281 824 2317; x_wconf 81' lang='grc' dir='ltr'><strong>τὴν</strong></span> 
     </span>
    </p>
   </div>
   <div class='ocr_carea' id='block_1_93' title="bbox 43 2328 824 2377">
    <p class='ocr_par' dir='ltr' id='par_1_93' title="bbox 43 2328 824 2377">
     <span class='ocr_line' id='line_1_94' title="bbox 43 2328 824 2377; baseline -0.019 -9"><span class='ocrx_word' id='word_1_685' title='bbox 43 2328 118 2377; x_wconf 66' lang='grc' dir='ltr'>χεέρα</span> <span class='ocrx_word' id='word_1_686' title='bbox 133 2328 175 2366; x_wconf 73' lang='grc' dir='ltr'><strong>ἐπ’</strong></span> <span class='ocrx_word' id='word_1_687' title='bbox 190 2339 312 2374; x_wconf 79' lang='grc' dir='ltr'>ἄροτρον,</span> <span class='ocrx_word' id='word_1_688' title='bbox 328 2335 376 2362; x_wconf 73' lang='grc' dir='ltr'>καὶ</span> <span class='ocrx_word' id='word_1_689' title='bbox 399 2333 528 2368; x_wconf 73' lang='grc' dir='ltr'>στραφεὶς</span> <span class='ocrx_word' id='word_1_690' title='bbox 549 2332 588 2362; x_wconf 86' lang='grc' dir='ltr'>εις</span> <span class='ocrx_word' id='word_1_691' title='bbox 607 2329 641 2356; x_wconf 87' lang='grc' dir='ltr'>τὰ</span> <span class='ocrx_word' id='word_1_692' title='bbox 664 2329 761 2377; x_wconf 76' lang='grc' dir='ltr'>ὀπίσω,</span> <span class='ocrx_word' id='word_1_693' title='bbox 774 2328 824 2377; x_wconf 79' lang='grc' dir='ltr'>οὐκ</span> 
     </span>
    </p>
   </div>
   <div class='ocr_carea' id='block_1_94' title="bbox 43 2374 824 2417">
    <p class='ocr_par' dir='ltr' id='par_1_94' title="bbox 43 2374 824 2417">
     <span class='ocr_line' id='line_1_95' title="bbox 43 2374 824 2417; baseline -0.018 -4"><span class='ocrx_word' id='word_1_694' title='bbox 43 2374 148 2416; x_wconf 72' lang='grc' dir='ltr'>εὔθετός</span> <span class='ocrx_word' id='word_1_695' title='bbox 162 2385 233 2411; x_wconf 82' lang='grc' dir='ltr'>ἐστιν</span> <span class='ocrx_word' id='word_1_696' title='bbox 249 2384 289 2414; x_wconf 85' lang='grc' dir='ltr'>εἰς</span> <span class='ocrx_word' id='word_1_697' title='bbox 304 2382 353 2417; x_wconf 85' lang='grc' dir='ltr'>τὴν</span> <span class='ocrx_word' id='word_1_698' title='bbox 371 2378 506 2415; x_wconf 84' lang='grc' dir='ltr'>βασιλείαν</span> <span class='ocrx_word' id='word_1_699' title='bbox 520 2377 573 2403; x_wconf 80' lang='grc' dir='ltr'><strong>τῶν</strong></span> <span class='ocrx_word' id='word_1_700' title='bbox 593 2375 714 2410; x_wconf 72' lang='grc' dir='ltr'>οὐρανῶν</span> <span class='ocrx_word' id='word_1_701' title='bbox 727 2382 734 2389; x_wconf 92' lang='grc'>·</span> <span class='ocrx_word' id='word_1_702' title='bbox 755 2384 763 2400; x_wconf 71' lang='grc' dir='ltr'><strong>ν</strong></span> <span class='ocrx_word' id='word_1_703' title='bbox 778 2374 824 2400; x_wconf 80' lang='grc' dir='ltr'>καὶ</span> 
     </span>
    </p>
   </div>
   <div class='ocr_carea' id='block_1_95' title="bbox 42 2419 820 2468">
    <p class='ocr_par' dir='ltr' id='par_1_95' title="bbox 42 2419 820 2468">
     <span class='ocr_line' id='line_1_96' title="bbox 42 2419 820 2468; baseline -0.019 -9"><span class='ocrx_word' id='word_1_704' title='bbox 42 2433 57 2460; x_wconf 87' lang='lat'><strong>6</strong></span> <span class='ocrx_word' id='word_1_705' title='bbox 72 2432 138 2468; x_wconf 77' lang='grc' dir='ltr'>πρὸς</span> <span class='ocrx_word' id='word_1_706' title='bbox 150 2430 183 2457; x_wconf 78' lang='grc' dir='ltr'>τὰ</span> <span class='ocrx_word' id='word_1_707' title='bbox 198 2428 315 2456; x_wconf 80' lang='grc' dir='ltr'>ταπεινά</span> <span class='ocrx_word' id='word_1_708' title='bbox 327 2435 357 2454; x_wconf 82' lang='grc' dir='ltr'><strong>τε</strong></span> <span class='ocrx_word' id='word_1_709' title='bbox 377 2426 425 2453; x_wconf 72' lang='grc' dir='ltr'>καὶ</span> <span class='ocrx_word' id='word_1_710' title='bbox 444 2425 524 2460; x_wconf 83' lang='grc' dir='ltr'>γήϊνα</span> <span class='ocrx_word' id='word_1_711' title='bbox 537 2422 582 2449; x_wconf 89' lang='grc' dir='ltr'><strong>τοῦ</strong></span> <span class='ocrx_word' id='word_1_712' title='bbox 607 2421 707 2456; x_wconf 74' lang='grc' dir='ltr'>κόσμου</span> <span class='ocrx_word' id='word_1_713' title='bbox 728 2419 820 2446; x_wconf 85' lang='grc' dir='ltr'>τούτου</span> 
     </span>
    </p>
   </div>
   <div class='ocr_carea' id='block_1_96' title="bbox 43 2465 821 2516">
    <p class='ocr_par' dir='ltr' id='par_1_96' title="bbox 43 2465 821 2516">
     <span class='ocr_line' id='line_1_97' title="bbox 43 2465 821 2516; baseline -0.019 -10"><span class='ocrx_word' id='word_1_714' title='bbox 43 2465 190 2516; x_wconf 75' lang='grc' dir='ltr'>πράγματα</span> <span class='ocrx_word' id='word_1_715' title='bbox 216 2475 271 2503; x_wconf 75' lang='grc' dir='ltr'>ἀπὸ</span> <span class='ocrx_word' id='word_1_716' title='bbox 292 2474 342 2510; x_wconf 84' lang='grc' dir='ltr'>τῆς</span> <span class='ocrx_word' id='word_1_717' title='bbox 366 2471 470 2507; x_wconf 73' lang='grc' dir='ltr'>ὑψηλῆς</span> <span class='ocrx_word' id='word_1_718' title='bbox 492 2467 628 2516; x_wconf 79' lang='grc' dir='ltr'>πολιτείας</span> <span class='ocrx_word' id='word_1_719' title='bbox 652 2465 821 2516; x_wconf 50' lang='grc' dir='ltr'>καταξαίνων</span> 
     </span>
    </p>
   </div>
   <div class='ocr_carea' id='block_1_97' title="bbox 45 2511 821 2558">
    <p class='ocr_par' dir='ltr' id='par_1_97' title="bbox 45 2511 821 2558">
     <span class='ocr_line' id='line_1_98' title="bbox 45 2511 821 2558; baseline -0.022 -6"><span class='ocrx_word' id='word_1_720' title='bbox 45 2511 125 2552; x_wconf 39' lang='grc' dir='ltr'>πάλιν.</span> <span class='ocrx_word' id='word_1_721' title='bbox 134 2522 197 2558; x_wconf 78' lang='grc' dir='ltr'>παρ’</span> <span class='ocrx_word' id='word_1_722' title='bbox 212 2520 320 2556; x_wconf 71' lang='grc' dir='ltr'>ἐντολὴν</span> <span class='ocrx_word' id='word_1_723' title='bbox 334 2518 380 2546; x_wconf 84' lang='grc' dir='ltr'><strong>τοῦ</strong></span> <span class='ocrx_word' id='word_1_724' title='bbox 393 2515 511 2553; x_wconf 78' lang='grc' dir='ltr'>Χριστοῦ</span> <span class='ocrx_word' id='word_1_725' title='bbox 529 2514 652 2550; x_wconf 79' lang='grc' dir='ltr'>πράττει,</span> <span class='ocrx_word' id='word_1_726' title='bbox 670 2511 717 2538; x_wconf 81' lang='grc' dir='ltr'><strong>τοῦ</strong></span> <span class='ocrx_word' id='word_1_727' title='bbox 729 2511 821 2546; x_wconf 80' lang='grc' dir='ltr'>δώμα-</span> 
     </span>
    </p>
   </div>
   <div class='ocr_carea' id='block_1_98' title="bbox 43 2558 822 2603">
    <p class='ocr_par' dir='ltr' id='par_1_98' title="bbox 43 2558 822 2603">
     <span class='ocr_line' id='line_1_99' title="bbox 43 2558 822 2603; baseline -0.021 -5"><span class='ocrx_word' id='word_1_728' title='bbox 43 2580 87 2603; x_wconf 85' lang='grc' dir='ltr'><strong>τος</strong></span> <span class='ocrx_word' id='word_1_729' title='bbox 102 2569 280 2600; x_wconf 79' lang='grc' dir='ltr'>καταὸαίνων,</span> <span class='ocrx_word' id='word_1_730' title='bbox 296 2566 343 2593; x_wconf 79' lang='grc' dir='ltr'>καὶ</span> <span class='ocrx_word' id='word_1_731' title='bbox 357 2563 423 2601; x_wconf 79' lang='grc' dir='ltr'>ἆραι</span> <span class='ocrx_word' id='word_1_732' title='bbox 441 2572 468 2589; x_wconf 89' lang='grc' dir='ltr'><strong>τι</strong></span> <span class='ocrx_word' id='word_1_733' title='bbox 486 2562 539 2588; x_wconf 83' lang='grc' dir='ltr'>τῶν</span> <span class='ocrx_word' id='word_1_734' title='bbox 554 2560 600 2587; x_wconf 87' lang='grc' dir='ltr'><strong>τοῦ</strong></span> <span class='ocrx_word' id='word_1_735' title='bbox 620 2559 694 2586; x_wconf 79' lang='grc' dir='ltr'>οἴκου</span> <span class='ocrx_word' id='word_1_736' title='bbox 720 2558 822 2592; x_wconf 74' lang='grc' dir='ltr'>ἐπιχει-</span> 
     </span>
    </p>
   </div>
   <div class='ocr_carea' id='block_1_99' title="bbox 47 2605 822 2653">
    <p class='ocr_par' dir='ltr' id='par_1_99' title="bbox 47 2605 822 2653">
     <span class='ocr_line' id='line_1_100' title="bbox 47 2605 822 2653; baseline -0.019 -9"><span class='ocrx_word' id='word_1_737' title='bbox 47 2617 106 2653; x_wconf 83' lang='grc' dir='ltr'>ρῶν.</span> <span class='ocrx_word' id='word_1_738' title='bbox 122 2615 256 2642; x_wconf 80' lang='grc' dir='ltr'>Φυλάττου</span> <span class='ocrx_word' id='word_1_739' title='bbox 270 2613 359 2639; x_wconf 85' lang='grc' dir='ltr'>τοίνυν</span> <span class='ocrx_word' id='word_1_740' title='bbox 381 2611 429 2646; x_wconf 80' lang='grc' dir='ltr'><strong>μὴ,</strong></span> <span class='ocrx_word' id='word_1_741' title='bbox 451 2609 499 2644; x_wconf 81' lang='grc' dir='ltr'>τῆς</span> <span class='ocrx_word' id='word_1_742' title='bbox 514 2607 567 2634; x_wconf 84' lang='grc' dir='ltr'>τῶν</span> <span class='ocrx_word' id='word_1_743' title='bbox 584 2606 654 2633; x_wconf 86' lang='grc' dir='ltr'>κατὰ</span> <span class='ocrx_word' id='word_1_744' title='bbox 670 2605 758 2653; x_wconf 76' lang='grc' dir='ltr'>σάρκα</span> <span class='ocrx_word' id='word_1_745' title='bbox 776 2612 822 2653; x_wconf 76' lang='grc' dir='ltr'>γρ-</span> 
     </span>
    </p>
   </div>
   <div class='ocr_carea' id='block_1_100' title="bbox 45 2649 821 2697">
    <p class='ocr_par' dir='ltr' id='par_1_100' title="bbox 45 2649 821 2697">
     <span class='ocr_line' id='line_1_101' title="bbox 45 2649 821 2697; baseline -0.019 -7"><span class='ocrx_word' id='word_1_746' title='bbox 45 2649 108 2690; x_wconf 73' lang='grc' dir='ltr'><strong>νέων</strong></span> <span class='ocrx_word' id='word_1_747' title='bbox 123 2661 236 2697; x_wconf 79' lang='grc' dir='ltr'>ἀρχαίας</span> <span class='ocrx_word' id='word_1_748' title='bbox 257 2657 400 2688; x_wconf 75' lang='grc' dir='ltr'>διαθέσεως</span> <span class='ocrx_word' id='word_1_749' title='bbox 415 2653 606 2690; x_wconf 73' lang='grc' dir='ltr'>ἀναμνησθεὶς,</span> <span class='ocrx_word' id='word_1_750' title='bbox 623 2653 670 2678; x_wconf 76' lang='grc' dir='ltr'><strong>καὶ</strong></span> <span class='ocrx_word' id='word_1_751' title='bbox 691 2650 759 2697; x_wconf 66' lang='grc' dir='ltr'>προς</span> <span class='ocrx_word' id='word_1_752' title='bbox 773 2649 821 2681; x_wconf 77' lang='grc' dir='ltr'>τὰς</span> 
     </span>
    </p>
   </div>
   <div class='ocr_carea' id='block_1_101' title="bbox 46 2695 821 2746">
    <p class='ocr_par' dir='ltr' id='par_1_101' title="bbox 46 2695 821 2746">
     <span class='ocr_line' id='line_1_102' title="bbox 46 2695 821 2746; baseline -0.019 -10"><span class='ocrx_word' id='word_1_753' title='bbox 46 2695 180 2746; x_wconf 61' lang='grc' dir='ltr'>φροντίδας</span> <span class='ocrx_word' id='word_1_754' title='bbox 193 2705 240 2733; x_wconf 87' lang='grc' dir='ltr'><strong>τοῦ</strong></span> <span class='ocrx_word' id='word_1_755' title='bbox 258 2704 354 2735; x_wconf 77' lang='grc' dir='ltr'>αἰῶνος</span> <span class='ocrx_word' id='word_1_756' title='bbox 366 2701 461 2728; x_wconf 82' lang='grc' dir='ltr'>τούτου</span> <span class='ocrx_word' id='word_1_757' title='bbox 478 2699 663 2735; x_wconf 67' lang='grc' dir='ltr'>ἐπιστραφεὶς,</span> <span class='ocrx_word' id='word_1_758' title='bbox 681 2695 821 2746; x_wconf 69' lang='grc' dir='ltr'>ἀνεύθετος</span> 
     </span>
    </p>
   </div>
   <div class='ocr_carea' id='block_1_102' title="bbox 45 2742 821 2791">
    <p class='ocr_par' dir='ltr' id='par_1_102' title="bbox 45 2742 821 2791">
     <span class='ocr_line' id='line_1_103' title="bbox 45 2742 821 2791; baseline -0.018 -9"><span class='ocrx_word' id='word_1_759' title='bbox 45 2742 153 2791; x_wconf 63' lang='grc' dir='ltr'>εδρεθῇς</span> <span class='ocrx_word' id='word_1_760' title='bbox 165 2752 236 2780; x_wconf 83' lang='grc' dir='ltr'>κατὰ</span> <span class='ocrx_word' id='word_1_761' title='bbox 248 2751 297 2787; x_wconf 79' lang='grc' dir='ltr'><strong>τὴν</strong></span> <span class='ocrx_word' id='word_1_762' title='bbox 318 2749 364 2776; x_wconf 85' lang='grc' dir='ltr'><strong>τοῦ</strong></span> <span class='ocrx_word' id='word_1_763' title='bbox 379 2747 482 2785; x_wconf 86' lang='grc' dir='ltr'>Κυρίου</span> <span class='ocrx_word' id='word_1_764' title='bbox 497 2745 586 2782; x_wconf 79' lang='grc' dir='ltr'>φωνὴν</span> <span class='ocrx_word' id='word_1_765' title='bbox 605 2746 633 2771; x_wconf 79' lang='grc' dir='ltr'><strong>ὲν</strong></span> <span class='ocrx_word' id='word_1_766' title='bbox 652 2745 686 2780; x_wconf 82' lang='grc' dir='ltr'>τῇ</span> <span class='ocrx_word' id='word_1_767' title='bbox 700 2742 821 2778; x_wconf 63' lang='grc' dir='ltr'>βασιλείᾳ.</span> 
     </span>
    </p>
   </div>
   <div class='ocr_carea' id='block_1_103' title="bbox 874 2272 1658 2317">
    <p class='ocr_par' dir='ltr' id='par_1_103' title="bbox 874 2272 1658 2317">
     <span class='ocr_line' id='line_1_104' title="bbox 874 2272 1658 2317; baseline -0.013 -8"><span class='ocrx_word' id='word_1_768' title='bbox 874 2283 952 2317; x_wconf 88' lang='lat' dir='ltr'><strong>juxta</strong></span> <span class='ocrx_word' id='word_1_769' title='bbox 972 2280 1078 2308; x_wconf 84' lang='lat' dir='ltr'><strong>Domini</strong></span> <span class='ocrx_word' id='word_1_770' title='bbox 1098 2279 1258 2307; x_wconf 83' lang='lat' dir='ltr'><strong>sententiam</strong></span> <span class='ocrx_word' id='word_1_771' title='bbox 1273 2286 1279 2304; x_wconf 91' lang='lat'>:</span> <span class='ocrx_word' id='word_1_772' title='bbox 1296 2286 1304 2302; x_wconf 80' lang='grc' dir='ltr'><strong>ι</strong></span> <span class='ocrx_word' id='word_1_773' title='bbox 1321 2276 1373 2309; x_wconf 87' lang='lat' dir='ltr'><strong>Qui</strong></span> <span class='ocrx_word' id='word_1_774' title='bbox 1393 2275 1479 2310; x_wconf 80' lang='lat' dir='ltr'><strong>injicit</strong></span> <span class='ocrx_word' id='word_1_775' title='bbox 1496 2281 1604 2301; x_wconf 89' lang='lat' dir='ltr'><strong>manum</strong></span> <span class='ocrx_word' id='word_1_776' title='bbox 1622 2272 1658 2299; x_wconf 83' lang='lat' dir='ltr'><strong>ad</strong></span> 
     </span>
    </p>
   </div>
   <div class='ocr_carea' id='block_1_104' title="bbox 877 2320 1657 2356">
    <p class='ocr_par' dir='ltr' id='par_1_104' title="bbox 877 2320 1657 2356">
     <span class='ocr_line' id='line_1_105' title="bbox 877 2320 1657 2356; baseline -0.013 0"><span class='ocrx_word' id='word_1_777' title='bbox 877 2333 996 2356; x_wconf 87' lang='lat' dir='ltr'><strong>aratrum</strong></span> <span class='ocrx_word' id='word_1_778' title='bbox 1017 2331 1044 2354; x_wconf 86' lang='lat' dir='ltr'><strong>et</strong></span> <span class='ocrx_word' id='word_1_779' title='bbox 1067 2330 1140 2353; x_wconf 71' lang='lat' dir='ltr'><strong>[‘8er</strong></span> <span class='ocrx_word' id='word_1_780' title='bbox 1152 2324 1331 2355; x_wconf 85' lang='lat' dir='ltr'><strong>convertitur,</strong></span> <span class='ocrx_word' id='word_1_781' title='bbox 1351 2329 1404 2349; x_wconf 88' lang='lat' dir='ltr'><strong>non</strong></span> <span class='ocrx_word' id='word_1_782' title='bbox 1416 2326 1457 2349; x_wconf 73' lang='grc' dir='ltr'>εει</span> <span class='ocrx_word' id='word_1_783' title='bbox 1474 2326 1552 2356; x_wconf 81' lang='lat' dir='ltr'><strong>aptus</strong></span> <span class='ocrx_word' id='word_1_784' title='bbox 1565 2320 1597 2347; x_wconf 91' lang='lat' dir='ltr'><strong>ad</strong></span> <span class='ocrx_word' id='word_1_785' title='bbox 1618 2328 1657 2346; x_wconf 87' lang='lat' dir='ltr'><strong>re-</strong></span> 
     </span>
    </p>
   </div>
   <div class='ocr_carea' id='block_1_105' title="bbox 875 2365 1659 2409">
    <p class='ocr_par' dir='ltr' id='par_1_105' title="bbox 875 2365 1659 2409">
     <span class='ocr_line' id='line_1_106' title="bbox 875 2365 1659 2409; baseline -0.014 -8"><span class='ocrx_word' id='word_1_786' title='bbox 875 2381 958 2409; x_wconf 80' lang='lat' dir='ltr'><strong>gnum</strong></span> <span class='ocrx_word' id='word_1_787' title='bbox 973 2373 1104 2400; x_wconf 69' lang='lat' dir='ltr'><strong>cmiorum</strong></span> <span class='ocrx_word' id='word_1_788' title='bbox 1117 2371 1150 2402; x_wconf 79' lang='grc'><strong>’⁷,</strong></span> <span class='ocrx_word' id='word_1_789' title='bbox 1167 2379 1175 2395; x_wconf 76' lang='grc' dir='ltr'><strong>ι</strong></span> <span class='ocrx_word' id='word_1_790' title='bbox 1189 2373 1214 2396; x_wconf 87' lang='lat' dir='ltr'><strong>et</strong></span> <span class='ocrx_word' id='word_1_791' title='bbox 1228 2368 1272 2403; x_wconf 91' lang='lat' dir='ltr'><strong>qui</strong></span> <span class='ocrx_word' id='word_1_792' title='bbox 1286 2376 1318 2395; x_wconf 81' lang='lat' dir='ltr'><strong>ex</strong></span> <span class='ocrx_word' id='word_1_793' title='bbox 1333 2366 1443 2394; x_wconf 81' lang='lat' dir='ltr'><strong>sublimi</strong></span> <span class='ocrx_word' id='word_1_794' title='bbox 1459 2366 1519 2392; x_wconf 64' lang='lat' dir='ltr'><strong>vitae</strong></span> <span class='ocrx_word' id='word_1_795' title='bbox 1533 2365 1659 2392; x_wconf 88' lang='lat' dir='ltr'><strong>instituto</strong></span> 
     </span>
    </p>
   </div>
   <div class='ocr_carea' id='block_1_106' title="bbox 878 2408 1659 2447">
    <p class='ocr_par' dir='ltr' id='par_1_106' title="bbox 878 2408 1659 2447">
     <span class='ocr_line' id='line_1_107' title="bbox 878 2408 1659 2447; baseline -0.017 0"><span class='ocrx_word' id='word_1_796' title='bbox 878 2408 911 2446; x_wconf 82' lang='lat' dir='ltr'><strong>ad</strong></span> <span class='ocrx_word' id='word_1_797' title='bbox 925 2418 993 2446; x_wconf 82' lang='lat' dir='ltr'><strong>viles</strong></span> <span class='ocrx_word' id='word_1_798' title='bbox 1008 2424 1040 2443; x_wconf 85' lang='lat' dir='ltr'><strong>ac</strong></span> <span class='ocrx_word' id='word_1_799' title='bbox 1054 2420 1176 2442; x_wconf 88' lang='lat' dir='ltr'><strong>terrenas</strong></span> <span class='ocrx_word' id='word_1_800' title='bbox 1193 2413 1274 2447; x_wconf 87' lang='lat' dir='ltr'><strong>hujus</strong></span> <span class='ocrx_word' id='word_1_801' title='bbox 1298 2411 1391 2438; x_wconf 91' lang='lat' dir='ltr'><strong>mundi</strong></span> <span class='ocrx_word' id='word_1_802' title='bbox 1407 2418 1452 2438; x_wconf 89' lang='lat' dir='ltr'><strong>res</strong></span> <span class='ocrx_word' id='word_1_803' title='bbox 1466 2409 1617 2440; x_wconf 88' lang='lat' dir='ltr'><strong>descendit,</strong></span> <span class='ocrx_word' id='word_1_804' title='bbox 1634 2408 1659 2435; x_wconf 89' lang='lat' dir='ltr'><strong>is</strong></span> 
     </span>
    </p>
   </div>
   <div class='ocr_carea' id='block_1_107' title="bbox 875 2453 1658 2494">
    <p class='ocr_par' dir='ltr' id='par_1_107' title="bbox 875 2453 1658 2494">
     <span class='ocr_line' id='line_1_108' title="bbox 875 2453 1658 2494; baseline -0.018 -2"><span class='ocrx_word' id='word_1_805' title='bbox 875 2468 970 2492; x_wconf 89' lang='lat' dir='ltr'><strong>contra</strong></span> <span class='ocrx_word' id='word_1_806' title='bbox 984 2460 1259 2494; x_wconf 69' lang='lat' dir='ltr'><strong>Dominilpraeceptum</strong></span> <span class='ocrx_word' id='word_1_807' title='bbox 1273 2457 1327 2491; x_wconf 70' lang='lat' dir='ltr'><strong>agit</strong></span> <span class='ocrx_word' id='word_1_808' title='bbox 1340 2457 1443 2487; x_wconf 77' lang='lat' dir='ltr'><strong>&quot;,cum</strong></span> <span class='ocrx_word' id='word_1_809' title='bbox 1463 2462 1494 2481; x_wconf 80' lang='lat' dir='ltr'><strong>ex</strong></span> <span class='ocrx_word' id='word_1_810' title='bbox 1511 2454 1591 2480; x_wconf 90' lang='lat' dir='ltr'><strong>domo</strong></span> <span class='ocrx_word' id='word_1_811' title='bbox 1611 2453 1658 2479; x_wconf 80' lang='lat' dir='ltr'><strong>dc-</strong></span> 
     </span>
    </p>
   </div>
   <div class='ocr_carea' id='block_1_108' title="bbox 875 2498 1658 2538">
    <p class='ocr_par' dir='ltr' id='par_1_108' title="bbox 875 2498 1658 2538">
     <span class='ocr_line' id='line_1_109' title="bbox 875 2498 1658 2538; baseline -0.019 0"><span class='ocrx_word' id='word_1_812' title='bbox 875 2509 993 2538; x_wconf 86' lang='lat' dir='ltr'><strong>scendit.</strong></span> <span class='ocrx_word' id='word_1_813' title='bbox 1014 2511 1040 2534; x_wconf 88' lang='lat' dir='ltr'><strong>et</strong></span> <span class='ocrx_word' id='word_1_814' title='bbox 1057 2509 1171 2534; x_wconf 82' lang='lat' dir='ltr'><strong>conatur</strong></span> <span class='ocrx_word' id='word_1_815' title='bbox 1183 2502 1285 2538; x_wconf 90' lang='lat' dir='ltr'><strong>aliquid</strong></span> <span class='ocrx_word' id='word_1_816' title='bbox 1304 2509 1336 2528; x_wconf 80' lang='lat' dir='ltr'><strong>ex</strong></span> <span class='ocrx_word' id='word_1_817' title='bbox 1349 2500 1430 2528; x_wconf 87' lang='lat' dir='ltr'><strong>domo</strong></span> <span class='ocrx_word' id='word_1_818' title='bbox 1452 2498 1570 2526; x_wconf 81' lang='lat' dir='ltr'><strong>auferre.</strong></span> <span class='ocrx_word' id='word_1_819' title='bbox 1587 2498 1658 2525; x_wconf 83' lang='lat' dir='ltr'><strong>Cave</strong></span> 
     </span>
    </p>
   </div>
   <div class='ocr_carea' id='block_1_109' title="bbox 875 2543 1659 2590">
    <p class='ocr_par' dir='ltr' id='par_1_109' title="bbox 875 2543 1659 2590">
     <span class='ocr_line' id='line_1_110' title="bbox 875 2543 1659 2590; baseline -0.02 -6"><span class='ocrx_word' id='word_1_820' title='bbox 875 2557 967 2590; x_wconf 87' lang='lat' dir='ltr'><strong>itaque</strong></span> <span class='ocrx_word' id='word_1_821' title='bbox 988 2561 1022 2581; x_wconf 88' lang='lat' dir='ltr'><strong>ne</strong></span> <span class='ocrx_word' id='word_1_822' title='bbox 1038 2550 1142 2586; x_wconf 87' lang='lat' dir='ltr'><strong>antiqui</strong></span> <span class='ocrx_word' id='word_1_823' title='bbox 1159 2549 1197 2576; x_wconf 89' lang='lat' dir='ltr'><strong>tui</strong></span> <span class='ocrx_word' id='word_1_824' title='bbox 1223 2555 1287 2582; x_wconf 78' lang='lat' dir='ltr'><strong>erga</strong></span> <span class='ocrx_word' id='word_1_825' title='bbox 1308 2546 1432 2574; x_wconf 85' lang='lat' dir='ltr'><strong>carnales</strong></span> <span class='ocrx_word' id='word_1_826' title='bbox 1448 2547 1575 2580; x_wconf 85' lang='lat' dir='ltr'><strong>parentes</strong></span> <span class='ocrx_word' id='word_1_827' title='bbox 1595 2543 1659 2569; x_wconf 78' lang='lat' dir='ltr'><strong>alle-</strong></span> 
     </span>
    </p>
   </div>
   <div class='ocr_carea' id='block_1_110' title="bbox 874 2591 1660 2629">
    <p class='ocr_par' dir='ltr' id='par_1_110' title="bbox 874 2591 1660 2629">
     <span class='ocr_line' id='line_1_111' title="bbox 874 2591 1660 2629; baseline -0.02 0"><span class='ocrx_word' id='word_1_828' title='bbox 874 2606 936 2629; x_wconf 84' lang='lat' dir='ltr'><strong>ctus</strong></span> <span class='ocrx_word' id='word_1_829' title='bbox 955 2599 1125 2627; x_wconf 79' lang='lat' dir='ltr'><strong>recordatus,</strong></span> <span class='ocrx_word' id='word_1_830' title='bbox 1153 2599 1179 2622; x_wconf 88' lang='lat' dir='ltr'><strong>et</strong></span> <span class='ocrx_word' id='word_1_831' title='bbox 1197 2594 1229 2621; x_wconf 87' lang='lat' dir='ltr'><strong>ad</strong></span> <span class='ocrx_word' id='word_1_832' title='bbox 1247 2591 1338 2620; x_wconf 77' lang='lat' dir='ltr'><strong>saeculi</strong></span> <span class='ocrx_word' id='word_1_833' title='bbox 1360 2591 1474 2625; x_wconf 83' lang='lat' dir='ltr'><strong>hujusce</strong></span> <span class='ocrx_word' id='word_1_834' title='bbox 1490 2595 1571 2615; x_wconf 86' lang='lat' dir='ltr'><strong>curas</strong></span> <span class='ocrx_word' id='word_1_835' title='bbox 1593 2595 1660 2614; x_wconf 91' lang='lat' dir='ltr'><strong>con-</strong></span> 
     </span>
    </p>
   </div>
   <div class='ocr_carea' id='block_1_111' title="bbox 874 2633 1659 2677">
    <p class='ocr_par' dir='ltr' id='par_1_111' title="bbox 874 2633 1659 2677">
     <span class='ocr_line' id='line_1_112' title="bbox 874 2633 1659 2677; baseline -0.02 -2"><span class='ocrx_word' id='word_1_836' title='bbox 874 2654 982 2676; x_wconf 85' lang='lat' dir='ltr'><strong>versus.</strong></span> <span class='ocrx_word' id='word_1_837' title='bbox 1005 2652 1059 2672; x_wconf 91' lang='lat' dir='ltr'><strong>non</strong></span> <span class='ocrx_word' id='word_1_838' title='bbox 1075 2647 1154 2677; x_wconf 84' lang='lat' dir='ltr'><strong>aptus</strong></span> <span class='ocrx_word' id='word_1_839' title='bbox 1168 2640 1246 2676; x_wconf 81' lang='lat' dir='ltr'><strong>juxta</strong></span> <span class='ocrx_word' id='word_1_840' title='bbox 1270 2637 1376 2664; x_wconf 87' lang='lat' dir='ltr'><strong>Domini</strong></span> <span class='ocrx_word' id='word_1_841' title='bbox 1394 2642 1488 2663; x_wconf 84' lang='lat' dir='ltr'><strong>vocem</strong></span> <span class='ocrx_word' id='word_1_842' title='bbox 1511 2633 1659 2660; x_wconf 72' lang='lat' dir='ltr'><strong>inveniat-is</strong></span> 
     </span>
    </p>
   </div>
   <div class='ocr_carea' id='block_1_112' title="bbox 875 2680 1658 2727">
    <p class='ocr_par' dir='ltr' id='par_1_112' title="bbox 875 2680 1658 2727">
     <span class='ocr_line' id='line_1_113' title="bbox 875 2680 1658 2727; baseline -0.024 -5"><span class='ocrx_word' id='word_1_843' title='bbox 875 2695 903 2722; x_wconf 88' lang='lat' dir='ltr'><strong>in</strong></span> <span class='ocrx_word' id='word_1_844' title='bbox 934 2699 1018 2727; x_wconf 78' lang='lat' dir='ltr'><strong>regno</strong></span> <span class='ocrx_word' id='word_1_845' title='bbox 1049 2690 1191 2716; x_wconf 65' lang='lat' dir='ltr'><strong>calorum.</strong></span> <span class='ocrx_word' id='word_1_846' title='bbox 1218 2686 1290 2712; x_wconf 81' lang='lat' dir='ltr'><strong>Cave</strong></span> <span class='ocrx_word' id='word_1_847' title='bbox 1315 2691 1349 2710; x_wconf 93' lang='lat' dir='ltr'><strong>ne</strong></span> <span class='ocrx_word' id='word_1_848' title='bbox 1387 2680 1553 2716; x_wconf 86' lang='lat' dir='ltr'><strong>superbiam,</strong></span> <span class='ocrx_word' id='word_1_849' title='bbox 1577 2686 1658 2714; x_wconf 80' lang='lat' dir='ltr'><strong>quam</strong></span> 
     </span>
    </p>
   </div>
   <div class='ocr_carea' id='block_1_113' title="bbox 876 2724 1660 2771">
    <p class='ocr_par' dir='ltr' id='par_1_113' title="bbox 876 2724 1660 2771">
     <span class='ocr_line' id='line_1_114' title="bbox 876 2724 1660 2771; baseline -0.023 -5"><span class='ocrx_word' id='word_1_850' title='bbox 876 2738 955 2767; x_wconf 87' lang='lat' dir='ltr'><strong>initio</strong></span> <span class='ocrx_word' id='word_1_851' title='bbox 966 2724 1017 2771; x_wconf 71' lang='lat' dir='ltr'><strong>per</strong></span> <span class='ocrx_word' id='word_1_852' title='bbox 1028 2732 1190 2763; x_wconf 88' lang='lat' dir='ltr'><strong>humilitatis</strong></span> <span class='ocrx_word' id='word_1_853' title='bbox 1205 2731 1338 2757; x_wconf 80' lang='lat' dir='ltr'><strong>fervorem</strong></span> <span class='ocrx_word' id='word_1_854' title='bbox 1353 2724 1533 2757; x_wconf 86' lang='lat' dir='ltr'><strong>conculcasti,</strong></span> <span class='ocrx_word' id='word_1_855' title='bbox 1549 2729 1660 2750; x_wconf 86' lang='lat' dir='ltr'><strong>rursum</strong></span> 
     </span>
    </p>
   </div>
   <div class='ocr_carea' id='block_1_114' title="bbox 78 2807 819 2861">
    <p class='ocr_par' dir='ltr' id='par_1_114' title="bbox 78 2822 803 2861">
     <span class='ocr_line' id='line_1_115' title="bbox 78 2822 803 2861; baseline -0.017 -1"><span class='ocrx_word' id='word_1_856' title='bbox 78 2834 100 2850; x_wconf 82' lang='lat'><strong><em>“</em></strong></span> <span class='ocrx_word' id='word_1_857' title='bbox 116 2831 213 2860; x_wconf 82' lang='lat' dir='ltr'><strong>Jerem.</strong></span> <span class='ocrx_word' id='word_1_858' title='bbox 231 2836 332 2861; x_wconf 70' lang='lat' dir='ltr'><strong>XLVIII,</strong></span> <span class='ocrx_word' id='word_1_859' title='bbox 352 2828 395 2855; x_wconf 82' lang='lat' dir='ltr'><strong>IO.</strong></span> <span class='ocrx_word' id='word_1_860' title='bbox 433 2825 455 2842; x_wconf 81' lang='grc'><strong>¹⁴</strong></span> <span class='ocrx_word' id='word_1_861' title='bbox 474 2825 547 2853; x_wconf 90' lang='lat' dir='ltr'><strong>Psal.</strong></span> <span class='ocrx_word' id='word_1_862' title='bbox 565 2831 662 2855; x_wconf 75' lang='lat' dir='ltr'><strong>cxvnt,</strong></span> <span class='ocrx_word' id='word_1_863' title='bbox 682 2822 742 2850; x_wconf 70' lang='lat' dir='ltr'><strong>l20.</strong></span> <span class='ocrx_word' id='word_1_864' title='bbox 781 2823 803 2838; x_wconf 80' lang='grc'><strong>’⁷</strong></span> 
     </span>
    </p>
   </div>
   <div class='ocr_carea' id='block_1_115' title="bbox 872 2807 1301 2861">
    <p class='ocr_par' dir='ltr' id='par_1_115' title="bbox 872 2807 1301 2849">
     <span class='ocr_line' id='line_1_116' title="bbox 872 2807 1301 2849; baseline -0.03 -2"><span class='ocrx_word' id='word_1_865' title='bbox 872 2828 887 2847; x_wconf 87' lang='lat'><strong>:.</strong></span> <span class='ocrx_word' id='word_1_866' title='bbox 910 2827 952 2849; x_wconf 79' lang='lat' dir='ltr'><strong>Ix.</strong></span> <span class='ocrx_word' id='word_1_867' title='bbox 970 2814 1006 2846; x_wconf 68' lang='grc' dir='ltr'>(ξί</span> <span class='ocrx_word' id='word_1_868' title='bbox 1053 2813 1075 2829; x_wconf 83' lang='grc'><strong>⁸⁸</strong></span> <span class='ocrx_word' id='word_1_869' title='bbox 1097 2811 1162 2838; x_wconf 87' lang='lat' dir='ltr'><strong>Luc.</strong></span> <span class='ocrx_word' id='word_1_870' title='bbox 1178 2817 1242 2842; x_wconf 84' lang='lat' dir='ltr'><strong>xvn,</strong></span> <span class='ocrx_word' id='word_1_871' title='bbox 1259 2807 1301 2835; x_wconf 77' lang='lat' dir='ltr'><strong>5i.</strong></span> 
     </span>
    </p>
   </div>
   <div class='ocr_carea' id='block_1_116' title="bbox 81 2888 693 2940">
    <p class='ocr_par' dir='ltr' id='par_1_116' title="bbox 81 2888 693 2940">
     <span class='ocr_line' id='line_1_117' title="bbox 81 2888 693 2940; baseline -0.018 -15"><span class='ocrx_word' id='word_1_872' title='bbox 81 2898 134 2940; x_wconf 62' lang='grc' dir='ltr'>φη</span> <span class='ocrx_word' id='word_1_873' title='bbox 149 2897 274 2929; x_wconf 75' lang='lat' dir='ltr'><strong>Cassian.</strong></span> <span class='ocrx_word' id='word_1_874' title='bbox 297 2894 415 2922; x_wconf 82' lang='lat' dir='ltr'><strong>lnstitut.</strong></span> <span class='ocrx_word' id='word_1_875' title='bbox 433 2891 481 2919; x_wconf 85' lang='lat' dir='ltr'><strong>lib.</strong></span> <span class='ocrx_word' id='word_1_876' title='bbox 499 2898 537 2918; x_wconf 81' lang='lat' dir='ltr'><strong>tv.</strong></span> <span class='ocrx_word' id='word_1_877' title='bbox 550 2897 575 2918; x_wconf 75' lang='grc' dir='ltr'>ο.</span> <span class='ocrx_word' id='word_1_878' title='bbox 589 2889 634 2922; x_wconf 70' lang='grc'><strong>54,</strong></span> <span class='ocrx_word' id='word_1_879' title='bbox 649 2888 693 2915; x_wconf 75' lang='lat'><strong>55.</strong></span> 
     </span>
    </p>
   </div>
   <div class='ocr_carea' id='block_1_117' title="bbox 912 2862 1157 2918">
    <p class='ocr_par' dir='ltr' id='par_1_117' title="bbox 912 2862 1157 2918">
     <span class='ocr_line' id='line_1_118' title="bbox 912 2862 1157 2918; baseline -0.02 -8"><span class='ocrx_word' id='word_1_880' title='bbox 912 2884 966 2918; x_wconf 75' lang='grc' dir='ltr'><strong>(οδ)</strong></span> <span class='ocrx_word' id='word_1_881' title='bbox 989 2862 1061 2908; x_wconf 34' lang='lat' dir='ltr'><strong>tum:</strong></span> <span class='ocrx_word' id='word_1_882' title='bbox 1073 2887 1098 2906; x_wconf 78' lang='grc' dir='ltr'><strong>ς.</strong></span> <span class='ocrx_word' id='word_1_883' title='bbox 1114 2877 1157 2906; x_wconf 76' lang='lat'><strong>56.</strong></span> 
     </span>
    </p>
   </div>
  </div>
