1940 3068
271 156 321 185 867

829 153 859 181 S.
880 150 1112 179 ATHANASIUS.
1131 165 1166 171 —
1186 149 1322 178 SPURIA.

1830 146 1884 175 868

272 214 300 242 in
318 219 344 241 te
357 214 469 242 excites.
485 213 535 241 Ubi
547 212 710 240 Psalterium
724 211 863 243 didiceris,
885 215 931 239 aut
946 210 1048 245 aliquid

1107 209 1152 236 τῶν
1171 209 1301 245 οὐρανῶν.
1323 207 1457 234 Φυλάττου
1478 207 1581 242 μήποτε
1603 205 1652 241 τὴν
1680 203 1882 239 ὑπερηφανίαν,

271 267 305 287 ex
327 259 488 294 Scriptura:
506 259 547 285 vel
568 259 647 293 juxta
661 258 786 292 Apostoli
810 264 915 288 vocem,
933 263 995 283 cum
1017 263 1048 283 ea

271 311 332 339 qua:
348 304 507 332 destruxisti
526 311 635 331 rursum
649 303 778 336 aedificas,
801 311 836 329 ne
858 307 884 329 te
897 305 1050 337 transgres-

272 357 360 377 sorem
388 350 534 380 exhibeas;
552 349 598 376 sed
622 349 712 384 potius
735 352 764 375 ut
789 348 924 382 inccepisti
941 351 968 375 et
987 355 1051 382 pro-

272 395 362 422 fessus
383 403 413 422 es
431 396 622 427 humilitatem.
639 403 731 422 coram
748 394 801 421 Deo
824 398 851 421 et
874 394 977 428 angelis
991 393 1050 428 ejus

271 441 305 467 ad
324 441 404 468 linem
419 449 506 476 usque
523 447 639 468 serrato.
668 440 799 467 Similiter
815 447 895 474 quam
918 439 1051 466 humilita-

273 490 327 513 tem
352 486 378 513 in
399 487 564 514 monasterio
581 486 740 517 exhibuisli,
758 493 820 512 cum
845 485 937 512 multis
955 484 1052 512 diebus

272 539 322 566 pro
349 531 454 559 foribus
476 532 635 560 monasterii
661 539 722 558 cum
745 531 872 566 laerymis
894 530 1052 565 supplicans

273 577 464 612 perseverasti,
487 585 553 604 cura
575 581 604 604 ut
620 585 730 612 augeas.
754 576 851 604 Misera
874 584 988 611 prorsus
1009 584 1052 604 res

272 626 356 654 esset,
383 622 405 649 si
429 630 490 650 cum
505 626 531 649 te
547 623 641 649 deceat
658 622 779 656 quotidie
795 622 827 648 ad
854 621 988 649 fervorem
1004 621 1053 649 ad-

272 668 336 695 dere
357 672 444 701 tuum,
470 673 497 695 et
514 668 637 702 profectu
661 667 772 695 assiduo
800 667 834 694 ad
858 667 1052 702 perfectionem

274 713 437 746 ascendere;
455 721 515 740 eum
540 713 685 739 imminuas
709 716 736 739 et
756 712 790 739 ad
810 712 939 740 inferiora
961 720 1054 739 rever-

273 763 342 785 tare.
361 758 419 785 Non
439 759 511 785 cnim
534 759 578 786 ille
591 759 686 786 beatus
703 758 748 793 qui
768 759 869 786 bonum
892 765 971 793 agere
986 758 1054 785 inci-

274 804 328 838 pit;
344 804 391 830 sed
415 804 571 838 quicunque
587 805 619 831 ad
636 804 715 831 tinem
729 812 814 838 usque
832 805 859 830 in
882 811 915 830 eo
930 811 1054 838 perseve-

274 849 385 875 raverit.
400 849 455 883 (69)
475 848 543 875 Nam
559 857 670 883 serpens
687 849 732 883 qui
750 848 783 875 ad
807 852 907 876 terram
925 848 1052 879 trahitur,

1099 255 1132 290 ἢν
1148 254 1296 290 ἀρχόμενος
1310 255 1344 289 τῇ
1357 253 1444 288 θέρμῃ
1460 252 1510 287 τῆς
1523 250 1711 281 ταπεινώσεως
1727 248 1883 284 κατεπάτη-

1101 308 1159 331 σας,
1176 299 1317 334 ἀνεγείρῃς
1334 298 1394 325 καθ’
1410 297 1517 328 ἑαυτοῦ,
1532 297 1595 323 ὃταν
1615 295 1644 322 τὸ
1658 294 1806 330 ψαλτήριον
1828 293 1883 328 μά-

1100 345 1159 381 θῃς,
1175 345 1192 380 ἦ
1207 354 1232 371 τι
1246 345 1295 379 τῆς
1312 343 1431 379 Γραφῆς,
1446 343 1462 378 ἢ
1478 343 1525 370 καὶ
1539 342 1608 369 κατὰ
1628 342 1677 376 τὴν
1692 340 1738 368 τοῦ
1760 339 1885 366 ’Δποστό-

1100 391 1147 417 λου
1170 390 1271 425 φωνὴν,
1286 389 1304 415 ἃ
1318 389 1465 420 κατέλυσας
1480 388 1559 414 πάλιν
1581 386 1737 422 οἰκοδομῶν,
1759 384 1886 420 παραϐά-

1100 445 1149 471 την
1168 435 1278 462 σεαυτὸν
1292 435 1447 470 ἀποδείξῃς·
1463 434 1530 460 ἀλλά
1546 433 1645 468 μᾶλλον
1656 433 1694 464 ὡς
1710 431 1824 467 ὲνήρξω,
1837 431 1886 458 καὶ

1101 481 1279 517 ὡμολόγησας
1300 481 1347 516 τὴν
1360 480 1523 506 ταπείνωσιν
1537 478 1649 505 ἐνώπιον
1662 477 1728 504 Θεοῦ
1743 478 1790 504 καὶ
1803 477 1886 511 ἀγγέ-

1101 527 1164 559 λων,
1177 527 1229 558 ’ἐως
1249 526 1341 558 τέλους
1353 527 1523 562 διατήρησον.
1541 525 1654 560 Ὁμοίως
1670 524 1718 559 τὴν
1735 523 1884 558 ὑπομονὴν,

1102 572 1134 607 ἦν
1149 572 1278 604 ἐπεδείξω
1298 572 1326 597 ὲν
1346 571 1385 607 τῷ
1405 571 1585 606 μοναστηρίῳ,
1603 571 1649 597 ἐπὶ
1670 569 1767 601 πολλὰς
1779 569 1885 604 ἡμέρας

1102 617 1155 651 πρὸ
1168 617 1221 642 τῶν
1234 616 1321 652 θυρῶν
1337 616 1532 652 διαχαρτερῶν,
1548 616 1594 642 καὶ
1613 615 1680 650 μετὰ
1693 614 1818 650 δακρύων
1831 615 1886 640 ίκεη

1102 662 1201 694 τεύων,
1227 663 1374 689 σπούδασον
1395 662 1556 697 ἐπαυξῆσαι.
1581 660 1689 687 ’Ἃθλιον
1717 660 1772 696 γὰρ
1798 660 1884 691 ὅντως

1103 708 1243 743 ὀφείλοντά
1259 717 1288 734 σε
1307 708 1366 735 καθ’
1393 708 1508 742 ἑκάστην
1534 707 1705 743 προστιθέναι
1730 707 1762 741 τῇ
1789 705 1885 741 πρώτῃ

1105 753 1204 789 θέρμῃ,
1223 754 1270 780 καὶ
1290 755 1329 785 εἰς
1351 753 1380 780 τὺ
1399 753 1499 780 τέλειον
1524 753 1676 780 ἁναῦαίνειν
1699 752 1886 787 προκόπτοντα

1104 799 1226 834 ὑφαιρεῖν
1244 797 1295 825 ἀπ’
1305 799 1399 833 αὐτῆς,
1421 799 1468 825 καὶ
1486 799 1553 834 πρὸς
1568 798 1600 824 τὰ
1616 797 1691 824 κάτω
1711 796 1885 823 ὑπαναλύειν.

1104 843 1141 869 υῦ
1157 843 1211 878 γὰρ
1227 845 1241 869 ὁ
1255 843 1403 878 ἀρχόμενος
1414 843 1460 869 τοῦ
1482 842 1565 869 καλοῦ
1579 843 1722 878 μακάριος,
1737 842 1794 868 ἀλλ’
1813 842 1886 873 ὅστις

275 894 432 921 calcaneum
456 898 578 920 nostrum
603 901 709 928 semper
730 893 867 925 observat,
884 893 911 920 id
926 896 978 926 est,
993 892 1050 919 obi-

1107 889 1152 920 Ξως
1165 889 1256 920 τέλους
1273 890 1300 915 ἐν
1314 889 1399 924 τούτῳ
1415 889 1550 924 διαμείνῃ.
1569 889 1597 914 Ὀ
1614 889 1668 924 γὰρ
1679 888 1725 914 ἐπὶ
1738 887 1789 922 γῆς
1807 888 1886 922 συρὸ-

274 939 314 965 tui
334 943 429 966 nostro
445 939 558 966 insidias
578 943 665 973 parat,
689 943 717 966 et
732 946 818 974 usque
837 939 871 965 ad
890 938 969 965 linem
992 938 1054 965 vitae

275 988 375 1012 nostrae
390 992 439 1012 nos
460 985 636 1020 supplantare
660 987 784 1012 cenaturi
797 984 887 1016 Quare
903 983 970 1010 nihil
992 991 1056 1018 pro-

275 1029 345 1057 derit
365 1031 448 1065 probe
472 1030 617 1065 incepisse.
643 1031 710 1057 nihil
734 1030 842 1057 initium
860 1029 967 1056 fervens
990 1029 1055 1056 obe-

274 1074 394 1106 dientiw,
411 1075 463 1101 nisi
481 1074 542 1102 finis
555 1075 681 1102 similiter
691 1079 883 1109 consequatur.
901 1074 933 1101 Et
949 1082 981 1102 ea
994 1082 1055 1109 quae

276 1120 424 1148 secundum
437 1119 576 1147 Christum
592 1124 634 1147 est
649 1120 798 1151 humilitas,
812 1127 892 1154 quam
908 1127 980 1146 nunc
992 1127 1055 1154 pro-

275 1164 385 1196 misisti,
404 1173 458 1191 non
477 1164 638 1196 lirmabitur,
664 1165 716 1191 nisi
738 1172 798 1191 eam
822 1164 855 1191 ad
871 1164 950 1191 finem
969 1172 1056 1199 usque

277 1210 444 1238 exhibueris.
469 1210 651 1243 Quamobrem
675 1214 705 1237 ut
726 1210 800 1237 illam
823 1210 912 1245 possis
935 1210 1055 1245 perfecte

277 1255 427 1290 possidere,
443 1260 525 1290 atque
540 1259 622 1290 caput
637 1255 765 1282 draconis
784 1259 934 1287 conterere,
954 1263 1016 1282 cum
1029 1260 1056 1282 te

277 1302 427 1329 invaserint
449 1302 637 1336 cogitationes.
664 1306 769 1329 mature
787 1302 821 1329 ab
837 1302 897 1336 ipso
919 1302 1055 1337 principio

277 1347 397 1374 revelato
413 1347 483 1374 illas.
498 1347 553 1382 (70)
570 1347 637 1374 Nam
658 1348 681 1374 si
703 1347 739 1374 ita
755 1347 935 1382 publicaveris
951 1348 984 1375 ab
1001 1348 1055 1375 ini-

278 1391 315 1418 tio
330 1392 499 1426 perniciosas
512 1391 640 1419 draconis
658 1392 848 1426 cogitationes,
865 1393 887 1420 si
901 1400 956 1419 non
970 1396 997 1420 te
1010 1400 1057 1427 pu-

277 1437 339 1464 deat
365 1445 412 1465 eas
442 1437 517 1464 Patri
547 1441 594 1464 tuo
622 1437 780 1470 declarare,
818 1443 943 1468 conteres
975 1442 1057 1475 caput

277 1483 339 1517 ejus
352 1483 384 1509 ’³.
412 1483 556 1510 Enimvero
575 1483 653 1517 juxta
677 1483 799 1510 divinam
825 1483 1006 1518 Scripturam,
1031 1484 1056 1511 si

276 1528 430 1556 accesseris
444 1527 478 1554 ad
492 1528 665 1556 serviendum
681 1528 746 1560 Deo,
760 1536 883 1563 praepara
899 1529 1014 1564 teipsum
1021 1528 1054 1562 '°,

277 1582 333 1602 non
351 1574 385 1601 ad
401 1574 546 1606 incuriam.
563 1582 617 1601 non
631 1574 664 1601 ad
682 1575 867 1607 otiositatem;
885 1575 931 1601 sed
945 1574 979 1601 ad
995 1578 1057 1602 ten<

277 1620 407 1652 tationes,
423 1619 457 1646 ad
477 1620 675 1648 tribulationes.
693 1619 772 1654 Nam,
799 1629 808 1645 ι
823 1619 874 1647 Per
889 1621 989 1648 multas
1008 1621 1059 1647 tri-

278 1666 434 1693 bulationes
458 1669 564 1700 oportet
588 1674 638 1693 nos
660 1667 763 1693 intrare
789 1665 817 1692 in
840 1673 954 1700 regnum
980 1666 1059 1692 ctelo-

279 1719 339 1737 rum
351 1711 391 1743 3‘;
409 1721 417 1737 ›
427 1716 471 1738 et:
493 1721 501 1736 ι
515 1712 637 1746 Angusta
653 1716 741 1746 porta,
759 1715 786 1738 et
801 1715 875 1737 arcta
887 1711 929 1738 via
943 1715 985 1738 est
999 1719 1059 1746 qum

280 1757 355 1784 ducit
368 1758 401 1784 ad
411 1758 505 1790 vitam,
521 1763 547 1784 et
557 1758 636 1792 pauci
652 1758 770 1792 suntqui
781 1757 921 1784 inveniunt
933 1764 992 1784 eam
1001 1758 1034 1784 ”.
1047 1767 1056 1783 ι

280 1802 408 1828 Animum
423 1802 512 1836 itaque
531 1803 625 1836 paucis
636 1801 691 1829 illis
703 1803 781 1830 bouis
796 1803 905 1835 adhibe,
923 1806 950 1829 et
966 1810 998 1829 ex
1013 1809 1061 1829 eo-

279 1854 340 1873 rum
361 1848 484 1881 cxeniplo
502 1847 584 1873 vitam
609 1847 720 1874 institue
745 1851 836 1880 luant;
862 1854 913 1874 nec
935 1846 1059 1873 attendas

280 1892 364 1927 pigris
379 1898 406 1919 et
422 1893 654 1927 contemptoribus
667 1894 840 1928 quantumvis
856 1892 932 1920 multi
946 1900 1059 1919 numero

280 1938 334 1965 sint
358 1948 364 1964 :
398 1947 408 1964 ι
430 1938 506 1965 Multi
527 1939 610 1971 enim,
647 1939 747 1973 inquit,
771 1938 870 1970 vacati,
893 1938 973 1972 pauci
996 1945 1060 1965 vero

280 1984 359 2011 electi
371 1984 393 1999 ³³
407 1993 413 2010 :
433 1993 442 2010 ι
458 1989 484 2010 et
497 1992 597 2019 parvus
608 1993 672 2020 grex
686 1989 727 2012 est
740 1985 784 2012 cui
797 1984 898 2019 placuit
910 1984 984 2011 Patri
996 1984 1061 2011 dare

282 2036 394 2063 regnum
407 2029 440 2055 “.
465 2029 503 2056 Ne
518 2037 629 2063 parvum
645 2031 744 2057 etenim
763 2022 984 2058 existimes-esse
1002 2038 1062 2065 pec-

283 2080 387 2106 catum,
415 2076 608 2110 perfectionem
634 2077 772 2111 polliceri,
800 2081 827 2104 et
853 2077 1061 2112 negligentiorcs

284 2125 365 2154 atque
382 2128 478 2156 segnes
490 2121 601 2147 imitari.
615 2121 649 2148 Ut
664 2122 753 2150 valeas
766 2122 856 2156 itaque
868 2122 901 2148 ad
916 2121 1060 2157 perfectio-

284 2173 346 2192 nem
371 2166 522 2200 pervenire,
546 2167 600 2194 hoc
620 2171 695 2194 utere
720 2167 855 2200 instituto,
877 2167 922 2194 his
946 2167 1062 2195 ascende

283 2212 422 2246 gradibus.

315 2353 358 2380 ll.
381 2353 435 2387 (7i)
447 2352 556 2381 Primus
580 2353 690 2381 virtutis
716 2353 817 2389 gradus
832 2359 859 2382 et
879 2354 987 2381 initium
1007 2362 1059 2382 no-

263 2399 265 2401 ’
279 2401 344 2427 strue
363 2399 460 2426 salutis
481 2403 522 2426 est
540 2400 622 2426 timor
640 2399 686 2426 Dei
701 2409 708 2426 :
721 2407 770 2434 per
784 2407 846 2427 eum
861 2407 979 2434 namque
996 2408 1061 2434 pec-

280 2448 402 2471 catorum
423 2445 451 2471 fit
465 2446 602 2480 purgatio,
619 2450 646 2472 et
664 2446 796 2476 virtutum
812 2446 937 2473 custodia
961 2447 1058 2481 viaque

280 2490 314 2517 ad
335 2489 527 2524 perfectionem
547 2490 694 2517 obtinetur.
714 2490 780 2517 Nam
803 2499 863 2517 eum
888 2491 916 2518 in
938 2491 1056 2518 animam

279 2535 361 2570 316
377 2536 515 2571 ingressus
530 2535 610 2563 fuerit
624 2536 705 2562 timor
716 2535 773 2566 Dei,
792 2536 887 2563 suadet
901 2537 946 2564 ille
961 2541 989 2563 ut
1000 2544 1059 2563 om-

282 2582 327 2608 nia
352 2583 488 2609 mundana
510 2581 711 2617 despiciamus;
732 2581 796 2609 hinc
817 2583 906 2609 oritur
927 2587 1058 2617 cognato-

282 2633 343 2652 rum
359 2627 534 2662 universique
551 2626 644 2653 mundi
669 2626 779 2654 oblivio.
797 2626 836 2653 Ex
857 2626 899 2654 his
917 2634 998 2662 porro
1012 2627 1060 2654 hu-

315 2706 338 2721 ”
358 2705 456 2733 Genes.
475 2712 525 2737 ιιι,
544 2704 587 2731 15.
626 2705 648 2720 ³⁸
667 2704 751 2731 Eccli.
771 2712 800 2736 ιι,
821 2704 847 2731 Ι.

280 2746 338 2771 xu,
356 2741 400 2768 51.

327 2819 372 2854 69)
391 2819 514 2846 Cassian.
533 2819 652 2846 Institul.
671 2819 717 2846 lib.
737 2826 773 2851 tr,
791 2826 814 2845 ς.
829 2818 864 2845 37

327 2825 372 2854 συ)
391 2825 514 2846 ιλιιεειδη.
533 2825 558 2845 Iv

315 2825 373 2891 :70)
387 2854 455 2882 ibid.
471 2862 495 2881 c.
515 2855 558 2881 58.

885 2705 905 2720 ¹¹
927 2704 986 2731 Act.
1007 2713 1061 2738 xiv,
1077 2705 1121 2732 22.
1160 2706 1181 2722 "
1201 2705 1296 2734 Matth.
1313 2715 1366 2738 vn,
1384 2707 1427 2734 Η.

1107 942 1186 970 μενος
1200 934 1260 967 ὄφις
1272 934 1320 969 τὴν
1332 933 1414 969 ἡμετέ
1420 942 1468 969 ραν
1482 934 1525 960 ἀεὶ
1537 935 1615 969 τηρεῖ
1625 934 1751 968 πτέρναν,
1763 934 1886 960 τουτέστι

1103 985 1137 1019 τῇ
1159 983 1281 1018 ἡμετέρᾳ
1304 982 1387 1017 ἐξόδῳ
1407 982 1586 1012 ἐπιϐουλεύει,
1602 982 1648 1009 καὶ
1664 982 1716 1013 ἕως
1731 981 1821 1013 τέλους
1836 981 1884 1016 τῆς

1106 1029 1178 1064 ζωῆς
1195 1029 1271 1064 ἡμῶν
1283 1028 1468 1061 ὑποσκελίζειν
1482 1029 1554 1064 ἡμᾶς
1566 1029 1707 1063 ἐπιχειρεῖ.
1723 1028 1778 1054 Καὶ
1791 1027 1884 1054 τούτου

1105 1074 1184 1109 χάριν
1202 1074 1231 1100 τὺ
1245 1073 1407 1109 ἐνάρξασθαι
1428 1073 1517 1105 καλῶς
1534 1073 1608 1100 οὐδὲν
1630 1073 1774 1109 ὠφελήσει,
1789 1073 1850 1100 οὐδὲ
1868 1074 1885 1108 ἡ

1105 1120 1177 1155 ἀρχὴ
1191 1120 1240 1154 τῆς
1253 1121 1282 1146 ἐν
1296 1120 1416 1155 ὑποταγῇ
1430 1119 1604 1154 θερμότητος,
1616 1120 1639 1145 εἰ
1655 1119 1691 1154 μὴ
1707 1119 1752 1145 καί
1765 1119 1796 1144 τὺ
1809 1118 1885 1150 τέλος

1105 1166 1234 1197 ὡσαύτως
1250 1166 1370 1201 γένηται.
1395 1166 1449 1191 Καὶ
1471 1166 1487 1200 ή
1506 1165 1553 1191 τοῦ
1573 1165 1689 1200 Χριστοῦ
1707 1165 1734 1191 δὲ
1755 1165 1888 1191 ταπείνω-

1106 1219 1158 1242 σις,
1175 1212 1208 1246 ἦν
1221 1211 1267 1237 νῦν
1283 1211 1398 1238 ὲνώπιον
1411 1211 1491 1238 αὑτοῦ
1507 1211 1669 1246 ὲπηγγείλω,
1680 1211 1728 1237 οὐκ
1744 1210 1830 1242 ἄλλως
1844 1210 1887 1245 βε-

1105 1257 1294 1292 6αιωοήσεται,
1306 1257 1330 1283 εἰ
1346 1258 1383 1292 μὴ
1394 1258 1445 1289 ἓως
1457 1257 1549 1288 τέλους
1555 1257 1656 1291 ταύτην
1666 1255 1814 1291 ὑποδείξῃς.
1829 1256 1885 1287 Διὸ,

1106 1301 1149 1329 ἵνα
1166 1302 1281 1338 δυνηθῇς
1297 1303 1398 1338 ταύτην
1412 1303 1521 1334 τελείως
1536 1303 1694 1339 κτήσασθαι,
1718 1303 1764 1329 καὶ
1781 1303 1888 1336 συντρί-

1105 1347 1153 1383 ψαι
1167 1348 1215 1382 τὴν
1229 1348 1347 1383 κεφαλὴν
1359 1349 1405 1375 τοῦ
1417 1349 1571 1385 δράκοντος,
1584 1348 1724 1380 σπούδαζε,
1736 1349 1797 1375 ὃταν
1809 1350 1888 1385 ἐπέρ-

1106 1393 1207 1429 χωνταί
1220 1402 1259 1420 σοι
1277 1393 1409 1430 λογισμοὶ,
1425 1395 1524 1426 εὐθέως
1536 1394 1565 1426 ἐξ
1582 1395 1667 1430 ἀρχῆς
1680 1395 1789 1427 τούτους
1804 1396 1889 1429 ἀπαγ-

1106 1438 1218 1473 γέλλειν.
1232 1438 1325 1470 Οὕτως
1344 1439 1397 1475 γὰρ
1413 1440 1580 1475 δημοσιεύων
1593 1440 1642 1472 τὰς
1658 1440 1744 1476 ἀρχὰς
1761 1440 1815 1467 τῶν
1831 1441 1890 1468 ὀλε-

1108 1483 1189 1520 θρίων
1200 1484 1246 1511 τοῦ
1258 1485 1402 1521 δράκοντος
1415 1485 1560 1520 λογισμῶν,
1578 1485 1624 1511 καὶ
1641 1485 1679 1520 μὴ
1698 1486 1889 1520 αἰσχυνόμενος

1108 1531 1244 1566 ἐκφαίνειν
1259 1531 1297 1567 τῷ
1308 1532 1347 1567 σῷ
1360 1532 1456 1568 Πατρὶ,
1476 1531 1627 1567 συντρίψει-ς
1640 1531 1687 1566 τὴν
1700 1532 1792 1558 τούτου
1804 1540 1888 1566 κεφα-

1108 1576 1167 1612 λήν.
1180 1577 1224 1603 Διὸ
1235 1577 1266 1612 δη
1280 1576 1350 1603 κατὰ
1365 1577 1413 1612 τὴν
1425 1577 1544 1612 Γραφὴν,
1558 1578 1581 1602 εί
1595 1576 1742 1612 προσέλθῃς
1753 1576 1889 1603 δουλεύειν

1108 1622 1147 1658 τῷ
1159 1622 1229 1657 Θεῷ,
1247 1623 1388 1658 ὲτοίμασον
1404 1623 1514 1650 σεαυτὸν
1531 1622 1566 1658 μὴ
1580 1623 1647 1658 πρὸς
1663 1622 1836 1658 ἀμεριμνίας,
1852 1623 1889 1658 μὴ

1109 1668 1178 1703 πρὸς
1192 1668 1307 1700 ἀνέσεις,
1324 1668 1391 1695 ἀλλὰ
1413 1668 1479 1704 πρὸς
1497 1668 1674 1704 πειρασμοὺς,
1691 1668 1758 1703 πρὸς
1776 1667 1889 1702 θλίψεις.

1112 1723 1122 1739 ‹
1142 1713 1190 1740 Διά
1211 1724 1220 1739 ι
1245 1713 1298 1749 γὰρ
1319 1724 1327 1739 ι
1348 1713 1452 1740 πολλῶν
1468 1713 1584 1748 θλίψεων
1605 1714 1645 1740 δεῖ
1667 1714 1744 1749 ἡμᾶς’
1762 1713 1891 1740 εἰσελθεῖν

1109 1761 1149 1792 εἰς
1170 1759 1219 1795 τὴν
1245 1759 1381 1794 βασιλείαν
1406 1759 1460 1786 τῶν
1482 1759 1620 1795 οὺρανῶψ
1640 1769 1650 1786 ι
1668 1761 1724 1792 καὶ,
1743 1769 1752 1785 ‹
1771 1760 1854 1796 Στενὴ
1873 1761 1889 1794 ἡ

1110 1805 1192 1840 πύλη,
1216 1806 1263 1832 καὶ
1285 1805 1448 1841 τεθλιμμένη
1469 1806 1486 1840 ἠ
1506 1805 1565 1836 ὁδὸς
1587 1806 1603 1840 ἡ
1620 1805 1762 1839 ἀπάγουσα
1777 1806 1816 1838 εἰς
1841 1806 1892 1841 τὴν

1110 1850 1191 1886 ζωὴν,
1201 1852 1247 1877 καὶ
1254 1851 1338 1884 ὀλίγοι
1351 1852 1417 1877 εἰσὶν
1425 1852 1449 1877 οἱ
1457 1851 1486 1876 εὖ
1492 1850 1628 1886 ρὶσκοντες
1640 1851 1732 1886 αὐτὴν.
1746 1861 1754 1876 ι
1770 1851 1892 1887 Πρόσχες

1109 1895 1196 1922 τοίνυν
1224 1897 1279 1927 τοῖς
1307 1896 1406 1930 ὀλίγοις
1432 1896 1532 1927 καλοῖς,
1557 1896 1603 1922 καὶ
1626 1897 1657 1922 ὲκ
1675 1896 1893 1932 παραδείγματος

1110 1941 1198 1969 αὐτῶν
1215 1941 1337 1973 κανόνιζε
1361 1941 1405 1967 τὸν
1430 1941 1526 1967 ἑαυτοῦ
1544 1941 1616 1976 βίον⁸
1642 1941 1677 1976 μὴ
1700 1942 1821 1976 προσχῇς
1837 1943 1894 1974 τοῖς

1111 1987 1241 2022 ῥαθύμοις
1254 1988 1300 2013 καὶ
1311 1983 1535 2022 καταφρονηταῖς,
1550 1987 1600 2013 κᾶν
1613 1987 1703 2013 πολλοὶ
1715 1983 1764 2012 ὦσι
1773 1995 1779 2001 ·
1796 1997 1806 2012 ι
1826 1987 1882 2013 Πολ

1109 2033 1224 2067 λοὶγὰρ,
1242 2042 1250 2058 ι
1269 2033 1344 2068 φησὶ,
1360 2042 1369 2059 ι
1384 2033 1486 2068 κλητοὶ,
1513 2033 1596 2067 ὀλίγοι
1617 2033 1645 2059 δὲ
1668 2032 1800 2063 ἐκλεκτοὶ,
1821 2042 1829 2058 ι
1847 2033 1897 2059 καὶ

1112 2079 1207 2113 μικρὸν
1222 2078 1251 2104 τὸ
1269 2079 1392 2113 ποίμνιον
1407 2075 1429 2112 ᾧ
1448 2078 1595 2113 ηὐδόκησεν
1606 2079 1620 2105 ὁ
1634 2078 1728 2113 Πατὴρ
1744 2077 1832 2104 δοῦναι
1846 2078 1896 2114 τὴν

1112 2123 1259 2157 βασιλείαν.
1277 2123 1322 2159 Μὴ
1339 2124 1435 2158 μικρὸν
1455 2123 1509 2159 γὰρ
1528 2123 1596 2150 εἶναι
1614 2123 1726 2158 νομίσῃς
1743 2123 1896 2158 ἁμάρτημα

1112 2169 1326 2203 ἐπαγγέλλεσθαι
1339 2170 1505 2204 τελειότητα,
1519 2170 1565 2196 καὶ
1577 2171 1631 2201 τοῖς
1646 2169 1836 2204 ἀμελεστέροις
1848 2170 1896 2196 καὶ

1077 2225 1100 2252 D
1116 2215 1246 2250 ῥᾳθύμοις
1266 2216 1429 2242 ἀκολουθεῖν.
1452 2216 1508 2242 ’Ίνα
1527 2216 1613 2242 τοίνυν
1632 2215 1746 2250 δυνηθῇς
1768 2215 1896 2250 ἐπιϐῆναι

1112 2263 1144 2296 τῇ
1161 2261 1317 2296 τελειότητι,
1335 2262 1417 2297 ταύτῃ
1438 2261 1554 2297 κέχρησο
1577 2263 1608 2297 τῇ
1625 2261 1709 2294 τάξει,
1730 2262 1775 2288 καὶ
1791 2261 1897 2293 τούτοις

1112 2307 1240 2334 ἀνάϐαινε
1252 2309 1307 2338 τοῖς
1323 2307 1444 2342 βαθμοῖς.

1149 2353 1192 2380 14.
1207 2354 1316 2389 Πρῶτος
1331 2353 1432 2389 βαθμὸς
1445 2353 1544 2389 ἀρετῆς
1556 2353 1601 2379 καὶ
1613 2353 1683 2388 ἀρχὴ
1699 2352 1747 2388 τῆς
1758 2352 1899 2387 ἡμετέρας

1113 2399 1248 2434 σωτηρίας
1264 2401 1278 2426 ό
1292 2400 1373 2434 φόϐος
1388 2400 1446 2426 ἐπὶ
1460 2399 1506 2426 τοῦ
1520 2399 1586 2426 Θεοῦ
1596 2408 1602 2414 ·
1621 2399 1665 2426 διά
1678 2398 1772 2425 τούτου
1785 2398 1899 2424 καὶτῶν

1112 2446 1315 2481 ἁμαρτημάτων
1331 2445 1527 2481 ἀποκάθαρσις,
1538 2445 1585 2471 καὶ
1598 2444 1651 2471 τῶν
1661 2444 1763 2480 ἀρετῶν
1775 2443 1896 2479 φυλακὴ,

1111 2491 1156 2517 καὶ
1169 2491 1226 2523 ὁδὸς
1241 2492 1285 2517 ἐπὶ
1297 2491 1346 2526 τὴν
1357 2491 1509 2526 τελειότητα
1527 2491 1638 2525 γίνεται.
1653 2490 1735 2516 Ὅταν
1751 2489 1806 2524 γὰρ
1819 2490 1834 2515 ὁ
1847 2489 1895 2515 τοῦ

1111 2536 1177 2563 Θεοῦ
1193 2536 1273 2571 φόϐος
1284 2537 1391 2572 εἰσέλθῃ
1407 2538 1447 2568 είς
1465 2536 1513 2572 τὴν
1525 2536 1622 2571 ψυχὴν,
1638 2535 1816 2570 καταφρονεῖν
1827 2535 1897 2561 πάν-

1111 2590 1165 2608 των
1181 2582 1268 2608 πείθει
1290 2581 1343 2608 τῶν
1356 2581 1403 2608 τοῦ
1419 2582 1520 2617 κόσμου
1543 2580 1720 2616 πραγμάτων,
1743 2580 1790 2606 καὶ
1810 2579 1898 2614 λήθην

1112 2628 1166 2654 τῶν
1180 2628 1251 2655 κατὰ
1263 2629 1351 2663 σάρκα
1365 2628 1501 2663 συγγενῶν
1515 2628 1606 2663 γεννᾷ,
1618 2628 1665 2654 καὶ
1677 2625 1759 2654 αὑτοῦ
1773 2625 1836 2652 ὅλου
1850 2624 1900 2651 τοῦ

1467 2706 1488 2722 ³³
1508 2705 1601 2733 Matth.
1621 2713 1672 2738 xx,
1690 2704 1732 2732 16.
1783 2703 1807 2720 ³⁵
1826 2701 1898 2730 Luc.

1149 2817 1204 2853 (τι)
1220 2817 1288 2845 Ibid.
1304 2825 1329 2844 c.
1342 2817 1386 2845 59.
