1940 3068
82 165 137 194 869

663 163 829 192 EPISTOLA
845 163 856 191 l
874 163 920 191 AD
937 160 1136 191 CASTOREM.

1647 158 1700 187 870

83 214 200 248 κόσμου.
227 213 274 240 Ἐκ
292 212 320 239 δὲ
338 211 441 239 τούτων
463 211 627 243 ταπείνωσις
647 212 792 246 κεφάλαιον
813 211 867 238 τῶν

928 220 1019 247 uilitas
1031 213 1155 247 omnium
1172 221 1254 253 caput
1267 217 1411 250 virtutum,
1426 208 1604 251 omniumque
1617 216 1702 244 bono-

80 259 200 296 ἀρετῶν,
216 258 261 285 καὶ
276 258 411 294 πλήρωμα
425 258 532 285 πάντων
545 257 599 284 τῶν
615 257 703 285 καλῶν
722 257 868 293 κατορθοῦ-

81 313 147 332 ται·
172 304 372 340 καταφρονήσει
394 303 449 339 γὰρ
470 304 517 330 καὶ
537 303 662 339 στερήσει
684 303 792 330 πάντων
813 302 868 329 τῶν

83 351 255 386 πραγμάτων
273 351 290 385 ή
307 350 466 381 ταπείνωσις
482 350 667 385 προσγίνεται.
691 349 723 375 Ἡ
738 348 869 375 ταπείνω-

84 405 129 428 σις
143 396 172 423 δὲ
180 396 288 427 τούτοις
301 397 357 427 τοῖς
371 395 543 430 γνωρίσμασι
558 395 742 430 δοκιμάζεται.
759 394 868 429 Πρῶτον

84 443 110 468 εἰ
122 441 292 477 νεκρωθέντα
304 449 345 473 τις
356 438 428 476 εἶχεν
438 440 525 475 ἐαυτῷ
537 440 571 467 τὰ
582 441 635 467 ἴδια
647 441 784 476 θελήματα
793 449 799 454 ·
811 439 870 466 δεύ-

81 494 165 522 τερον
180 487 207 512 δὲ
222 487 245 512 εί
259 486 296 522 μὴ
314 486 392 520 μόνον
404 485 458 511 τῶν
471 486 578 513 οἰκείων
594 485 728 522 πράξεων,
744 485 810 512 ἀλλὰ
823 485 870 511 καὶ

84 531 140 558 τῶν
158 531 329 567 ἐνθυμήσεων
353 530 500 566 μηδὲνττὸν
521 531 586 557 ῐδιον
611 531 723 566 κρύπτει
747 531 867 566 Πατερα·

84 577 188 613 τρίτον,
210 578 233 603 εί
251 577 288 612 μὴ
303 578 337 612 τῇ
355 576 406 612 ίδίᾳ
421 577 536 607 συνέσει,
558 576 627 603 ἀλλὰ
647 577 735 603 πάντα
754 575 800 602 τοῦ
813 577 869 602 Πα-

57 644 58 647 η
86 623 152 659 τρδς
174 623 307 658 διακρίσει
329 622 460 654 πιστεύει,
486 621 570 657 διψῶν
585 622 628 648 ἀεὶ
652 622 699 648 καὶ
723 621 869 654 ἐπιποθῶν,

87 669 137 696 καὶ
151 669 237 704 ἡδέως
260 668 365 695 ἁκούων
386 668 435 702 τῆς
450 668 544 694 τούτου
559 667 711 700 νουθεσίας·
732 668 869 703 τέταρτον,

84 715 113 741 εί
135 715 216 741 πᾶσιν
237 714 456 748 ἀνεπαιηχύντως
476 714 612 740 δουλεύσει
630 715 683 746 τοῖς
704 714 750 740 τοῦ
765 714 871 749 Πατρὸς

89 759 297 795 προστάγμασι-
314 760 449 795 πέμπτον,
463 760 487 785 εί
504 760 540 795 μὴ
556 760 635 794 μόνον
649 759 728 791 αὐτὸς
742 760 770 786 οὐ
786 761 872 796 τολμᾷ

89 805 200 841 ὑϐρίσαι
213 805 282 838 τινὰ,
300 806 367 832 ἀλλὰ
381 807 428 833 καὶ
449 805 498 838 τὰς
519 807 570 832 ὑπὸ
583 807 670 833 ἄλλων
686 807 759 842 αὐτῷ
772 809 871 842 ἐπαγο-

87 852 174 888 μένας
185 851 276 887 ὖϐρεις
289 853 357 887 μετὰ
368 853 453 888 χαρᾶς
462 852 536 879 ἔσται
547 853 772 888 προσδεχόμενος⁶
783 853 870 887 ἕκτον,

89 899 114 925 εἰ
136 898 217 933 μηδὲν
234 899 400 933 ἐπιχειρήσει
415 898 569 934 καινότερον
583 898 694 934 πρᾶξαι,
707 899 775 934 ὅπερ
789 900 803 925 ὁ
824 908 873 926 κα-

88 943 143 971 νὼν
158 945 172 970 ό
185 943 271 976 κοινὸς
283 943 371 970 οὐκέτι
388 945 543 980 προτρέπει,
556 945 615 971 οὐδὲ
630 945 683 972 τῶν
699 946 826 981 Πατέρων
839 945 873 972 τὰ

90 989 314 1024 παραδείγματα·
331 989 453 1024 ἕϐδομον,
468 991 492 1016 εἰ
511 990 585 1024 πάσῃ
600 990 720 1026 εὐτελείᾳ
736 990 872 1026 ἀρκούμε-

90 1043 146 1066 νος,
161 1035 207 1061 καὶ
223 1035 265 1061 ἐπ’
287 1035 378 1066 αὐτοῖς
395 1036 450 1067 τοῖς
464 1035 614 1071 δεδομένοις
635 1036 811 1071 εὐχαριστῶν,
827 1037 873 1063 καὶ

91 1079 193 1106 τούτων
203 1079 309 1111 ἀνάξιον
322 1080 426 1115 ἡγεῖται
437 1080 544 1106 ἑαυτόν·
559 1080 660 1114 ὄγδοον,
672 1082 695 1107 εί
707 1082 801 1107 ἑαυτὸν
811 1082 875 1107 πάν-

91 1132 152 1150 τοτε
168 1123 321 1159 κατώτερον
340 1125 457 1156 πάντων,
474 1126 520 1151 καὶ
542 1125 579 1161 μὴ
633 1126 770 1162 προπετὴς
790 1128 817 1153 ὲν
833 1128 875 1154 λό-

92 1177 168 1203 γοις·
185 1170 306 1201 δέκατον,
330 1171 353 1196 εὶ
379 1170 415 1206 μὴ
439 1170 511 1197 ἔστιν
528 1171 642 1207 εὐχερὴς
663 1173 692 1198 ὲν
715 1173 812 1207 λόγοις,
828 1174 874 1200 καὶ

94 1215 239 1250 πρόχειρος
254 1215 283 1242 ἐν
304 1214 422 1251 γλώσσῃ.
445 1215 554 1247 Τούτοις
570 1216 623 1252 γὰρ
642 1217 689 1243 καὶ
702 1218 758 1248 τοῖς
773 1217 876 1252 ὁμοίοις

94 1259 197 1285 τούτων
212 1259 335 1295 σημείοις
356 1260 372 1295 ἡ
393 1260 553 1291 ταπείνωσις
578 1261 746 1296 γνωρίζεται.
771 1262 874 1294 Ταῦτα,

93 1305 159 1332 ὅταν
179 1306 209 1331 ὲν
225 1305 337 1342 ἀληθάσᾳ
360 1306 530 1342 κατορθωθῇγ
548 1306 651 1342 ταχέως
674 1308 742 1343 πρὸς
763 1308 793 1334 τὸ
812 1308 876 1342 ὕψος

95 1352 144 1388 τῆς
161 1352 269 1388 ἀγάπης
283 1354 388 1388 ἀνάγει,
406 1355 435 1380 ἐν
486 1354 566 1389 φόϐος
582 1355 631 1381 οὐκ
653 1355 709 1381 ἐστι
731 1355 875 1388 κολάσεως,

96 1399 142 1425 καὶ
158 1399 190 1425 δι’
203 1397 236 1434 ἦς
250 1399 285 1426 τὰ
301 1400 388 1427 πάντα
402 1400 491 1427 οὐκέτι
508 1400 575 1435 μετὰ
587 1401 718 1436 ἀνάγκης,
731 1402 778 1428 καὶ
794 1402 876 1428 κόπου

97 1445 268 1478 φυλάττεται,
285 1445 352 1472 ἀλλὰ
371 1445 445 1480 πόθῳ
467 1445 590 1481 διαπύρῳ
610 1445 656 1472 καὶ
677 1446 808 1481 ἐπιθυμίᾳ
830 1446 876 1472 τοῦ

97 1490 189 1518 καλοῦ.
203 1491 274 1526 Πρὸς
290 1491 377 1526 ἥνπερ
391 1490 489 1526 ἀρετὴν
505 1491 548 1518 ἵνα
565 1492 675 1527 ίσχύσῃς
687 1491 878 1527 εὐχερέστερον

916 270 978 290 rum
991 263 1220 297 complementum
1233 265 1394 294 exercetur;
1409 268 1472 287 nam
1495 267 1528 287 ex
1541 263 1700 293 contemptu

917 312 945 336 et
958 309 1112 344 privatione
1126 315 1217 335 rerum
1229 307 1350 334 omnium
1364 306 1469 334 accedit
1484 305 1634 333 humilitas.
1649 306 1701 331 llu-

918 355 1020 382 militas
1035 362 1100 381 vero
1116 354 1159 381 bis
1173 353 1367 388 comprobatur
1380 352 1490 380 indiciis
1505 361 1511 379 :
1527 351 1658 382 Primum,
1676 350 1701 378 si

918 401 980 435 quis
993 399 1172 427 mortificatas
1188 399 1216 426 in
1233 406 1262 426 se
1278 399 1376 425 habeat
1389 398 1514 432 proprias
1527 397 1700 429 voluntates;

919 443 1069 470 secundum
1083 443 1106 470 si
1121 450 1176 469 non
1191 442 1273 469 modo
1287 449 1411 476 operum,
1432 441 1479 469 sed
1493 441 1574 469 etiam
1595 442 1700 476 cogita-

919 487 1024 514 tionum
1036 494 1148 514 suarum
1164 486 1231 513 nihil
1243 486 1314 512 Patri
1327 486 1459 518 oceultet;
1473 485 1594 517 tertium,
1607 486 1630 513 si
1645 494 1700 513 non

919 532 1036 567 propriae
1052 532 1145 559 credat
1165 531 1327 566 prudentiae,
1350 531 1398 558 sed
1418 531 1446 558 in
1467 531 1594 558 omnibus
1612 531 1704 560 Patris

920 577 963 605 sui
979 577 1151 610 discretioni,
1166 584 1327 611 semperque
1341 576 1426 607 sitiat,
1444 579 1564 610 exoptet,
1581 576 1704 603 suaviter

920 624 1056 651 auscultet
1081 623 1141 657 ejus
1164 623 1541 657 admonitiones;_quartum,
1565 623 1588 650 si
1613 622 1704 651 Patris

919 670 996 705 jussa
1012 669 1102 697 omnia
1126 669 1228 704 absque
1243 669 1346 703 pudore
1367 672 1550 703 exsequatur;
1566 669 1703 703 quintum,

922 715 1017 742 sinon
1043 714 1124 741 modo
1146 714 1203 749 ipse
1228 722 1282 741 non
1305 714 1377 741 ausit
1397 713 1444 740 alii
1462 714 1641 741 contumelias
1663 714 1705 740 in-

921 759 1004 790 ferre,
1020 759 1068 786 Sed
1083 759 1105 786 si
1122 758 1155 786 ab
1174 758 1235 786 aliis
1252 759 1343 786 illatas
1358 766 1420 785 cum
1436 758 1536 793 gaudio
1553 758 1704 792 suscipiat;

922 808 1040 837 sextum,
1057 804 1080 831 si
1097 804 1164 830 nihil
1178 805 1241 830 novi
1253 804 1344 830 facere
1363 811 1508 838 aggressus
1523 803 1616 835 fuerit,
1631 803 1706 838 quod

922 857 979 877 nec.
987 850 1140 877 communis
1154 850 1257 884 regula,
1273 857 1323 876 nec
1338 849 1448 875 Patrum
1463 849 1587 884 exempla
1598 849 1707 883 permit.

922 899 999 929 tant;
1016 896 1171 930 septimum,
1187 895 1209 922 si
1222 895 1295 921 omni
1307 895 1408 922 vilitate
1422 899 1578 927 contentus,
1591 896 1624 922 de
1634 895 1705 922 datis

923 941 975 968 sibi
994 941 1074 968 rebus
1088 940 1191 975 gratias
1208 945 1280 975 agat,
1303 948 1386 975 seque
1401 941 1435 968 iis
1452 941 1593 975 indignum
1610 941 1706 968 existi-

922 993 994 1020 met;
1010 991 1146 1018 octavum,
1163 987 1185 1014 si
1202 994 1231 1013 se
1246 986 1375 1013 omnibus
1387 986 1466 1020 plane
1480 985 1634 1013 inferiorem
1645 986 1704 1013 exi-

923 1034 1024 1065 stimet,
1041 1033 1095 1069 (72)
1112 1040 1162 1060 nec
1184 1032 1219 1060 sit
1236 1032 1326 1059 verbis
1354 1032 1534 1064 temerarius;
1559 1031 1705 1065 decimum,

923 1079 947 1106 si
972 1086 1027 1106 non
1048 1079 1084 1106 sit
1107 1079 1134 1105 in
1155 1086 1282 1106 sermone
1301 1077 1390 1105 facilis
1414 1082 1441 1105 et
1467 1077 1558 1112 lingua
1574 1084 1705 1112 pra-ceps.

925 1125 972 1153 llis
983 1129 1011 1152 et
1028 1125 1163 1153 similibus
1185 1125 1271 1159 signis
1290 1123 1458 1158 dignoscitur
1479 1124 1628 1150 humilitas.
1646 1123 1708 1150 lla‘c

924 1178 986 1198 cum
1004 1178 1098 1197 revera
1113 1171 1233 1198 exhibita
1247 1171 1357 1201 fuerint,
1380 1170 1434 1197 cito
1452 1169 1486 1196 ad
1500 1169 1655 1196 dilectionis
1670 1168 1709 1195 fa—

924 1218 1034 1252 stigium
1051 1216 1200 1248 adducunt,
1219 1217 1245 1243 in
1263 1224 1315 1251 qua
1337 1223 1391 1242 non
1407 1218 1448 1242 est
1469 1214 1552 1241 timor
1567 1214 1706 1249 gehennae,

926 1268 952 1291 et
968 1271 1015 1299 per
1032 1271 1113 1299 quam
1131 1263 1222 1289 omnia
1238 1270 1292 1289 non
1305 1261 1360 1295 jam
1377 1268 1409 1288 ex
1425 1259 1589 1287 necessitate
1604 1263 1631 1286 et
1645 1266 1708 1285 cum

927 1310 1020 1337 labore
1039 1308 1231 1344 perficiuntur;
1254 1307 1301 1334 sed
1317 1315 1349 1334 ex
1374 1313 1466 1332 amore
1485 1304 1610 1334 ferventi.
1632 1308 1660 1330 et
1676 1311 1710 1331 ex

927 1355 991 1382 boni
1004 1354 1239 1388 concupiscentia.
1253 1353 1310 1388 (15)
1325 1352 1410 1385 Quam
1428 1351 1554 1378 virtutem
1576 1353 1606 1377 ut
1621 1349 1710 1385 possis

928 1400 1036 1428 facilius
1051 1400 1175 1435 adipisci,
1191 1407 1240 1434 pro
1254 1399 1402 1433 exemplari
1417 1397 1465 1424 tibi
1486 1397 1542 1424 sint
1557 1396 1639 1423 verba
1656 1395 1711 1422 fra-

929 1450 1000 1474 trum
1017 1454 1070 1474 una
1094 1451 1184 1474 tecum
1208 1445 1441 1476 concurrentium,
1458 1444 1638 1478 pietatemque
1650 1449 1711 1476 pos-

930 1492 1076 1519 sidentium
1092 1502 1097 1518 :
1113 1499 1168 1518 non
1190 1495 1280 1517 autem
1296 1497 1391 1518 eorum
1412 1489 1458 1523 qui
1473 1489 1563 1523 plures
1583 1493 1710 1517 numero,

97 1534 210 1583 andsat,
230 1535 416 1570 ύποδείγματά
433 1543 473 1561 σοι
491 1535 559 1571 πρὸς
583 1535 696 1570 μίμησιν
714 1535 834 1562 ἔστωσαν
853 1536 877 1562 οἱ

931 1538 1110 1572 negligentius
1130 1537 1296 1572 segniusque
1312 1535 1394 1562 vitam
1409 1534 1531 1568 exigunt.
1547 1533 1585 1559 Ex
1604 1535 1712 1559 saneto-

97 1578 172 1613 λόγοι
183 1579 237 1606 τῶν
257 1579 468 1614 συμϐαινόντων,
483 1581 528 1606 καὶ
548 1579 690 1606 εὐλάϐειαν
702 1579 877 1614 κεκτημένων

97 1625 234 1660 ἀδελφῶν·
255 1626 291 1661 μὴ
316 1627 340 1652 οἱ
363 1626 481 1658 πλείους,
504 1626 550 1652 καὶ
576 1624 755 1661 ἀμελέστερόν
777 1633 806 1651 τε
832 1625 880 1651 καὶ

931 1590 991 1609 rum
1000 1583 1072 1610 enim
1089 1583 1241 1610 imitatione
1261 1581 1488 1614 mmulationeque
1504 1579 1599 1614 ingens
1618 1577 1712 1604 volen-

932 1627 1005 1656 tibus
1021 1628 1054 1655 ad
1071 1627 1266 1662 perfectionem
1285 1626 1448 1653 contendere
1473 1625 1577 1651 accedit
1596 1623 1710 1650 utilitas.

97 1672 284 1710 ῥᾳθυμότερον
300 1672 409 1704 ζῶντες.
429 1671 484 1698 Καὶ
496 1671 550 1708 γὰρ
569 1672 601 1698 ὲκ
631 1672 678 1698 τοῦ
697 1672 836 1708 μιμεῖσθαι
866 1673 912 1700 καὶ
932 1674 1028 1710 ζηλοῦν
1054 1673 1117 1706 τοὺς
1142 1673 1235 1707 ἁγίους
1259 1672 1372 1708 μεγίστη
1395 1671 1511 1705 ὠφέλεια
1539 1669 1712 1705 προσγίνεται

98 1720 154 1750 τοῖς
167 1718 335 1753 βουλομένοις
349 1717 415 1752 πρὸς
429 1716 583 1751 τελειότητα
597 1715 707 1751 φθάσαι.

136 1764 180 1791 15.
205 1765 236 1790 Εἰ
258 1763 346 1789 τοίνυν
364 1762 450 1794 θέλεις
464 1762 610 1798 δυνηθῆναι
626 1764 693 1789 πᾶσι
714 1762 817 1795 τούτοις
839 1762 881 1796 ἐξ-

98 1810 290 1845 ακολουθῆσαι,
307 1809 353 1835 καὶ
376 1809 428 1835 ὑπὸ
448 1808 549 1835 τούτων
567 1809 606 1840 εἰς
629 1809 673 1834 τὸν
698 1810 881 1844 πνευματικὸν

99 1856 194 1891 ἀγῶνα
221 1855 267 1882 τοῦ
296 1854 427 1882 κοινοϐίου
451 1855 514 1890 ἄχρι
540 1854 633 1886 τέλους
658 1854 880 1891 διακαρτερῆσαι,

99 1902 186 1929 ταῦτα
201 1901 219 1928 a
244 1899 318 1928 εἶπεν
333 1902 348 1927 ό
370 1900 450 1927 Δαυῖδ
465 1900 601 1934 ἀναγκαῖά
615 1909 655 1926 σοι
675 1900 742 1936 πρὸς
761 1901 882 1936 φυλακὴν

99 1949 129 1975 ὲν
143 1949 176 1983 τῇ
192 1947 296 1982 συνοδίᾳ.
309 1947 364 1974 τῶν
380 1947 499 1981 ἀδελφῶν
513 1946 646 1973 ἔστωσαν·
665 1955 674 1972 ‹
697 1946 766 1980 Ἐγὼ
778 1946 806 1972 δὲ
819 1946 883 1972 ὡσεὶ

101 1994 193 2028 κωφὸς
206 1994 255 2020 οὐκ
276 1994 382 2028 ἤκουον,
399 1994 446 2020 καὶ
460 1993 525 2019 ὡσεὶ
541 1992 681 2028 ἄνθρωπος
702 1992 751 2018 οὐκ
766 1991 882 2023 ἀκούων,

100 2040 149 2066 καὶ
164 2040 213 2066 οὐκ
227 2039 294 2074 ἔχων
309 2040 337 2065 ὲν
351 2037 389 2073 τῷ
408 2037 520 2073 στόματι
533 2037 613 2064 αὑτοῦ
627 2036 767 2072 ὲλεγμούς,
786 2046 795 2062 ι
815 2036 884 2062 Ὅσα

100 2085 191 2111 τοίνυν
207 2084 313 2119 βλέπεις
326 2083 453 2118 ἀλλότρια
464 2082 605 2118 οἰκοδομῆς
627 2082 673 2108 καὶ
687 2081 829 2115 ὠφελείας,
846 2081 884 2112 ὼς

101 2130 200 2164 τυφλὸς
219 2129 309 2164 γενοῦ,
324 2130 370 2156 καὶ
385 2129 434 2155 ὅσα
453 2127 572 2159 ἀκούεις,
590 2128 627 2159 ὡς
649 2127 738 2162 κωφὸς
758 2127 805 2153 καὶ
820 2126 885 2153 ἄλα-

967 1761 1010 1787 15.
1032 1760 1087 1796 (74)
1100 1759 1129 1786 Si
1146 1760 1188 1788 vis
1212 1759 1302 1793 itaque
1319 1757 1477 1785 facultatem
1498 1757 1548 1784 tibi
1573 1765 1634 1785 esse
1655 1758 1713 1786 haec

931 1807 1023 1833 omnia
1038 1805 1216 1840 exsequendi,
1234 1808 1261 1832 et
1275 1804 1326 1831 sub
1339 1803 1382 1830 his
1395 1804 1423 1829 in
1444 1803 1579 1838 spirituali
1594 1804 1714 1831 coenobii

933 1852 1081 1879 certamine
1099 1852 1132 1878 ad
1150 1850 1229 1878 finem
1245 1857 1332 1885 usque
1346 1856 1533 1885 perseverare.
1557 1850 1713 1876 necessaria

933 1897 982 1924 tibi
999 1897 1033 1923 ad
1047 1896 1198 1924 custodiam
1214 1896 1241 1922 in
1259 1901 1331 1922 cmtu
1350 1894 1463 1921 fratrum
1479 1894 1589 1926 fuerint,
1609 1901 1641 1920 ea
1654 1902 1715 1929 quae

934 1942 1019 1969 David
1042 1941 1099 1968 ait:
1117 1951 1126 1967 ι
1140 1941 1196 1976 Ego
1219 1944 1308 1968 autem
1327 1944 1453 1975 tanquam
1472 1939 1572 1966 surdus
1589 1947 1644 1966 non
1666 1947 1716 1966 au-

936 1988 1053 2019 diebam,
1069 1992 1096 2015 et
1111 1987 1182 2015 sicut
1197 1987 1277 2014 homo
1289 1994 1342 2013 non
1358 1987 1472 2014 audiens
1492 1989 1518 2012 et
1540 1993 1595 2012 non
1612 1985 1716 2014 habens

935 2033 963 2059 in
976 2040 1024 2060 ore
1037 2040 1087 2059 suo
1100 2032 1305 2067 redargutiones
1316 2031 1348 2059 ³⁸.
1369 2041 1378 2057 ι
1396 2031 1618 2065 Quotiescunque
1633 2030 1716 2065 igitur

936 2078 1024 2112 aliqua
1040 2077 1141 2104 videris
1167 2078 1254 2104 aliena
1278 2077 1312 2104 ab
1334 2076 1516 2103 aedificatione
1539 2079 1565 2102 et
1589 2075 1715 2109 utilitate,

935 2126 994 2149 esto
1016 2122 1093 2156 quasi
1110 2129 1217 2154 caecus;
1234 2125 1260 2148 et
1280 2121 1302 2147 si
1326 2128 1378 2155 qua
1399 2120 1518 2147 mulieris
1539 2119 1582 2146 his
1605 2119 1715 2153 similia,

101 2163 158 2209 λος,
175 2163 286 2203 καὶγούκ
302 2176 369 2210 ἔχων
391 2176 419 2201 ὲν
435 2174 474 2209 τῷ
489 2174 602 2209 στόματι
618 2172 757 2208 ὲλεγμούς.
777 2172 832 2198 Καὶ
848 2171 877 2206 μὶ

938 2166 986 2194 fias
1003 2166 1081 2201 quasi
1098 2166 1198 2193 surdus
1213 2169 1239 2192 ct
1263 2170 1362 2196 mutus,
1379 2169 1405 2191 et
1426 2171 1479 2190 non
1495 2163 1600 2190 habens
1617 2164 1645 2190 in
1668 2171 1716 2190 ore

102 2224 211 2260 μιμήσῃ
224 2223 345 2253 τούτους,
362 2222 418 2248 ὅσοι
433 2221 551 2252 ἄπιστοι,
569 2220 615 2246 καὶ
628 2220 748 2254 ἀνήκοα,
764 2219 809 2245 καὶ
820 2227 886 2254 προ-

103 2271 206 2300 πετεῖς,
231 2269 278 2295 καὶ
302 2267 440 2303 συρφετοὶ,
470 2266 517 2292 καὶ
542 2265 669 2301 ὑϐρισταὶ
691 2265 885 2299 τυγχάνουσιν,

102 2316 161 2343 ἀλλ’
180 2315 218 2346 ὡς
235 2313 325 2349 κωφὸς
342 2313 389 2339 καὶ
405 2312 441 2348 μὴ
456 2311 572 2343 ἀκούων,
588 2310 672 2337 ταῦτα
689 2310 884 2345 παραπέμπου.

109 2362 172 2389 Ἐάν
185 2361 225 2388 σοί
240 2369 280 2392 τις
300 2359 437 2394 ἐλέγχους,
451 2358 467 2393 ἢ
485 2357 583 2392 ὀνείδη,
595 2357 612 2392 ἢ
628 2357 719 2391 ὕϐρεις
733 2355 884 2391 ὲπιπέμψῃ,

102 2408 230 2443 ἀκίνητος
244 2406 289 2432 ἔσο
303 2405 340 2437 ὡς
351 2403 544 2440 πεφιμωμένος
559 2403 606 2429 καλ⁵
617 2402 723 2434 ἄλαλος,
737 2402 780 2428 ἀεὶ
794 2401 886 2428 τοῦτον

102 2453 149 2479 τὸν
171 2452 259 2487 στίχον
280 2450 414 2484 ἐπιλέγων
436 2448 483 2476 τοῦ
504 2447 626 2483 ψαλμοῦ·
653 2456 663 2472 ι
679 2445 761 2473 Εἷπα.
775 2445 886 2477 Φυλάξω

103 2498 154 2529 τὰς
177 2496 252 2527 ὁδούς
276 2504 336 2531 μου,
357 2494 404 2521 τοῦ
426 2494 463 2530 μὴ
491 2493 657 2528 ἁμαρτάνειν
675 2499 709 2526 με
729 2492 759 2517 ὲν
777 2489 885 2526 γλώσσῃ

105 2551 167 2578 μου.
190 2540 304 2575 Ἐθέμην
319 2539 357 2575 τῷ
373 2538 485 2574 στόματί
508 2546 558 2573 μου
579 2536 715 2572 φυλακὴν,
734 2536 763 2562 ὲν
778 2534 817 2570 τῷ
841 2543 886 2560 συ-

106 2587 201 2622 στῆναι
217 2586 262 2612 τὸν
277 2584 437 2621 ἁμαρτωλὸν
452 2583 571 2610 ἐναντίον
588 2591 648 2617 μου,
665 2580 824 2615 ἑκωφώθην,
841 2579 889 2607 καὶ

105 2631 300 2667 ἐταπεινώθην.
318 2640 328 2656 ι
346 2631 407 2657 Ἔτι
424 2630 477 2665 μὴν
494 2629 560 2665 πρὸς
575 2628 680 2659 τούτοις
697 2627 744 2654 καὶ
760 2627 888 2662 τέταρτον

104 2677 184 2704 τοῦτο
199 2676 252 2712 πρὸ
267 2675 375 2702 πάντων
396 2674 503 2710 μελέτα,
520 2673 566 2700 καὶ
585 2672 732 2708 φυλάσσου,
752 2671 820 2706 ὅπερ
841 2671 889 2696 καὶ

143 2756 165 2772 ³⁸
184 2755 256 2782 Psal.
273 2762 383 2786 xxxvu,
403 2753 452 2787 14,
471 2752 514 2780 15.
552 2751 575 2768 ³⁸
595 2750 669 2779 PsaL
686 2757 790 2778 xxxvni
802 2768 810 2782 ,
829 2748 885 2776 1-5.

143 2833 198 2873 (Ἰβ)
215 2831 302 2866 Nono,
315 2832 339 2860 si
349 2831 469 2867 linguam
480 2829 614 2863 cohibeat,
626 2827 669 2857 vel
678 2835 733 2856 non
744 2827 779 2856 sit
789 2825 890 2854 clamo-

109 2876 157 2896 sus
173 2876 200 2895 In
215 2875 290 2896 voce.

938 2216 985 2239 tuo
1003 2212 1220 2247 redargutiones.
1243 2211 1335 2245 Neque
1350 2210 1467 2237 imiteris
1491 2217 1539 2236 eos
1556 2210 1602 2244 qui
1619 2209 1717 2236 infide-

934 2259 984 2291 les,
997 2258 1217 2292 inobsequentes,
1232 2257 1395 2292 petulantes,
1416 2255 1557 2286 scurriles,
1573 2258 1717 2281 contume-

933 2305 995 2332 liosi
1019 2303 1156 2332 sunt:sed
1175 2303 1254 2338 quasi
1280 2305 1371 2328 mutus
1397 2305 1424 2328 et
1446 2308 1500 2327 non
1523 2300 1636 2327 audiens
1659 2300 1718 2327 haec

935 2351 1134 2386 praetermittas.
1150 2349 1176 2376 Si
1190 2349 1252 2384 quis
1267 2348 1314 2375 tibi
1330 2347 1545 2382 increpationes,
1559 2346 1716 2380 opprobria,

936 2395 1114 2423 contumelias
1134 2394 1241 2426 inferat,
1258 2394 1384 2420 inunotus
1400 2397 1459 2419 esto
1478 2392 1557 2426 quasi
1582 2390 1716 2422 frenatus,

937 2445 963 2469 et
980 2441 1057 2476 quasi
1080 2444 1190 2467 mutus:
1205 2440 1277 2466 hunc
1297 2438 1345 2465 tibi
1361 2437 1461 2464 Psalmi
1479 2444 1587 2464 versum
1608 2435 1718 2463 assidue

936 2491 1047 2523 repete:
1062 2497 1071 2513 ‹
1087 2486 1146 2513 Dixi
1160 2495 1167 2513 :
1181 2485 1338 2513 Custodiam
1366 2484 1424 2511 vias
1440 2490 1524 2514 meas,
1546 2486 1576 2509 ut
1598 2489 1652 2508 non
1674 2481 1719 2508 de-

936 2533 1059 2568 linquam
1081 2533 1108 2559 in
1123 2533 1216 2566 lingua
1233 2538 1303 2558 mea.
1323 2529 1406 2556 Posui
1420 2529 1461 2556 ori
1480 2536 1539 2555 meo
1554 2527 1717 2556 custodiatur,

937 2586 1000 2606 cum
1018 2579 1181 2605 consisteret
1195 2580 1322 2612 peccator
1345 2576 1491 2602 adversum
1508 2581 1568 2605 me;
1595 2570 1719 2599 obmutui

939 2628 966 2651 et
987 2623 1146 2650 humiliatus
1168 2630 1229 2650 sum
1241 2622 1273 2648 ".
1289 2632 1297 2647 ι
1313 2621 1353 2649 Ad
1377 2622 1433 2648 hac
1455 2625 1481 2647 et
1503 2619 1570 2646 illud
1592 2621 1718 2653 quartum

941 2673 1004 2697 ante
1026 2669 1117 2696 omnia
1139 2669 1288 2700 meditare;
1308 2671 1335 2695 et
1357 2667 1470 2694 observa
1493 2665 1566 2701 quod
1595 2664 1646 2691 tria
1666 2663 1719 2692 ista

978 2822 1034 2883 (πη
1052 2821 1176 2862 Cassian.
1195 2819 1314 2849 Inslilut.
1328 2820 1376 2848 lib.
1391 2827 1427 2853 IV,
1444 2826 1468 2847 c.
1485 2817 1531 2845 40.

978 2858 1023 2883 (74
1052 2856 1118 2883 ibid.
1137 2864 1162 2883 ε.
1175 2855 1218 2883 ll.

964 2855 1033 2893 (τω
1052 2856 1118 2885 lbid.
1137 2864 1162 2883 ς.
1175 2855 1218 2883 ti.
