1940 3068
258 168 290 196 7i
821 167 850 196 S.
870 166 1136 196 ATHANASIUS.-—
1146 166 1280 196 SPURIA.

1813 168 1874 196 872

240 226 368 262 superius
388 225 460 253 dicta
475 232 576 253 ornare
589 225 704 261 poterit:
728 229 758 253 ut
774 225 878 253 scilicet
901 229 929 253 te
952 226 1022 253 stul-

1080 225 1156 252 ταῦτα
1169 225 1204 252 τὰ
1216 225 1344 261 ἀνωτέρω
1358 224 1489 261 εἰρημένα
1502 224 1565 260 τρία
1580 224 1717 260 κοσμῆσαι
1734 223 1867 251 δύναται.

240 276 297 298 tum
312 275 338 299 et
349 271 532 306 insipientem,
543 271 621 306 juxta
635 271 757 306 Apostoli
769 276 932 306 praceptum
947 272 981 305 ⁸⁷,
994 272 1022 298 in

240 317 292 345 hoc
311 317 411 345 saeculo
434 318 546 350 eilieias,
570 322 599 345 ut
615 318 655 345 sis
669 318 798 353 sapiens;
814 318 941 346 videlicet
956 319 1022 346 nihil

240 363 394 397 dijudicans
409 367 456 389 aut
470 363 598 391 dubitans
613 363 639 390 in
650 364 858 398 quibuscumque
876 364 926 391 tibi
947 371 1024 391 man—

241 409 323 440 datis,
337 409 511 444 simplicitate
525 417 622 444 nempe
636 415 663 437 et
678 410 730 437 fide
742 411 903 438 obedientia:
922 411 1024 437 instru-

240 458 313 482 ctus.
335 455 410 481 lnter
427 459 522 481 sancta
539 455 630 482 omnia
646 455 671 482 id
693 456 865 483 solummodo
885 460 1022 488 sanctum,

241 500 308 527 illud
323 500 443 536 sapiens.
461 501 526 527 illud
549 501 615 528 utile
635 501 743 533 credas,
758 502 831 536 quod
848 510 862 528 a
878 502 958 530 Patre
976 506 1024 529 tuo

238 547 346 582 jussum
358 547 406 574 tibi
423 547 516 574 fuerit.
531 547 587 574 Hoc
600 549 741 583 proposito
752 549 774 575 si
786 556 832 575 cor
845 552 921 575 tuum
938 548 1026 575 firma-

240 594 326 625 veris,
347 593 450 628 poteris
474 592 507 618 ad
524 592 604 620 finem
631 601 717 628 usque
740 593 842 620 Christi
856 594 951 628 jugum
967 593 1027 621 obc-

241 639 349 666 dicntia‘.
365 639 512 671 sustinere,
531 644 557 666 et
576 639 649 666 nulla
664 647 697 666 ex
714 638 815 666 diaboli
832 639 1027 666 tcntationibus

241 690 269 714 et
300 686 404 713 artibus
431 689 559 712 excutere
589 689 614 712 lc
641 686 740 720 poterit
765 694 798 712 cx
816 686 929 713 scicntia
955 686 1026 713 vitm.

242 732 297 767 (75)
314 731 475 759 Patientiam
489 738 554 758 vero
574 736 659 762 tuam,
671 731 1028 766 humilitatem.atquauimi-

241 782 325 806 tatem
336 777 578 812 neexspectaveris
593 785 625 804 ex
642 777 758 804 aliorum
772 777 873 804 virtute
889 781 1027 810 statuere;

242 825 265 852 si
278 824 405 851 videlicet
419 831 499 850 nemo
512 828 538 851 te
551 824 682 855 stimulet,
700 831 779 850 nemo
791 823 936 857 despiciat.
949 830 1029 850 nemo

242 871 376 898 dedecore
401 870 520 896 alliciat:
545 869 618 904 quod
641 876 707 896 sane
731 876 820 903 neque
842 869 952 896 virtutis
977 873 1029 895 tum

1073 271 1104 297 τὺ
1128 271 1218 307 μωρὸν
1237 271 1284 297 καὶ
1299 272 1404 306 ἄφρονα
1423 271 1529 303 ἑαυτὸν,
1555 270 1626 297 κατὰ
1648 270 1678 297 τὸ
1699 270 1870 296 Ἀποστόλου

1074 316 1266 352 παράγγελμα,
1282 317 1311 342 ὲν
1332 316 1418 352 τούτῳ
1432 315 1470 351 τῷ
1493 316 1570 342 αίῶνι
1591 317 1712 350 ποιῆσαι,
1735 315 1778 341 ἵνα
1797 315 1872 352 γένῃ

1075 362 1166 396 σοφὸς,
1181 362 1300 397 δηλονότι
1317 362 1398 397 μηδὲν
1418 361 1562 396 διακρίνων
1584 361 1600 397 ἢ
1621 361 1754 393 διστάζων
1775 361 1806 387 ὲν
1825 358 1872 392 οἷς

1075 407 1108 434 ἄν
1126 407 1309 443 προσταχθῇς,
1325 408 1473 443 ἁπλότητος
1486 408 1531 434 καὶ
1546 408 1662 439 πίστεως
1677 407 1725 442 τὴν
1739 407 1870 442 ὑπακοὴν

1075 454 1170 480 ποιῶν.
1190 454 1292 480 Ἐκεῖνο
1308 454 1386 488 μόνον
1410 454 1485 488 ἅγιον
1501 453 1555 480 τῶν
1579 454 1663 488 ἁγίων
1679 453 1868 488 λογιζόμενος,

1076 500 1123 526 καὶ
1138 499 1228 534 σοφὸν,
1242 500 1288 526 καὶ
1307 499 1444 535 συμφέρον
1464 498 1607 531 πιστεύων,
1628 500 1658 526 τὸ
1678 499 1730 525 ὑπὸ
1746 499 1793 526 τοῦ
1818 499 1869 526 σοῦ

1076 545 1182 580 Πατρὺς
1197 544 1365 580 προσταχθέν
1381 553 1432 571 σοι.
1445 545 1561 580 Τοιαύτη
1575 545 1629 580 γὰρ
1646 544 1764 572 διαθέσει
1776 545 1870 579 ἀσφα-

1077 590 1221 625 λισάμενος
1234 590 1282 625 τὴν
1297 590 1346 625 σὴν
1363 591 1486 626 καρδίαν,
1505 590 1605 625 δυνήσῃ
1619 590 1670 622 ἕως
1687 590 1780 622 τέλους
1795 591 1869 616 ὑπο-

1079 637 1168 671 μεῖναι
1187 635 1232 662 τὸν
1248 635 1366 670 Χριστοῦ
1384 636 1464 670 ζυγὸν
1479 636 1529 670 τῆς
1551 637 1698 671 ὑποταγῆς,
1723 637 1770 662 καὶ
1787 636 1868 663 οὐδέν

1079 690 1108 708 σε
1127 681 1181 708 τῶν
1196 681 1243 708 τοῦ
1258 682 1380 708 διαϐόλου
1405 681 1588 717 πειρατηρίων
1608 682 1653 708 καὶ
1669 682 1870 717 τεχνασμὰτων

1078 728 1220 762 δυνήσεται
1238 728 1366 754 σαλεῦσαι
1385 729 1417 754 ἐκ
1431 728 1480 763 τῆς
1495 728 1648 762 ἐπιστήμης
1661 727 1708 753 τοῦ
1724 727 1792 761 βίου.
1811 727 1871 754 Καὶ

1078 774 1126 810 τὴν
1142 774 1278 810 ὑπομονὴν
1291 775 1330 806 δὲ,
1354 773 1401 801 καὶ
1420 774 1469 809 τὴν
1492 773 1662 804 ταπείνωσιν,
1683 773 1730 800 καὶ
1744 774 1793 809 τὴν
1812 782 1869 808 μα-

1079 819 1231 855 κροθυμίαν
1241 819 1289 855 τὴν
1300 820 1359 854 σὴν,
1370 820 1406 855 μὴ
1414 821 1446 846 ἐκ
1457 820 1505 854 τῆς
1514 819 1567 846 τῶν
1578 819 1664 846 αλλων
1674 819 1775 854 ἀρετῆς
1785 827 1868 855 προσ-

1079 864 1144 891 δόκα
1159 864 1353 900 κατορθοῦσθαι
1363 873 1369 879 ·
1381 861 1436 890 οἷον
1451 864 1498 890 ἐὰν
1514 864 1559 890 ὑπ’
1569 863 1674 895 οὐδενὸς
1687 863 1840 899 παροξύνῃ,
1850 864 1867 899 ἢ

243 921 434 950 argumentum
455 919 508 946 cst,
528 922 578 941 nec
599 914 625 940 in
645 918 690 940 tua
717 919 758 941 est
777 914 905 942 facultate
919 923 927 941 ε
941 914 986 941 sed
1005 914 1027 940 si

1080 910 1127 936 οὐκ
1138 910 1310 946 eameam“.
1320 911 1336 945 ἢ
1346 910 1395 936 οὐκ
1407 910 1536 945 ἀτιμάζῃ,
1545 910 1612 944 ὅπερ
1620 908 1680 935 οὔτε
1689 910 1737 944 τῆς
1748 910 1797 944 σῆς
1806 910 1868 944 ἀρε-

242 960 402 996 opprobria,
418 959 610 990 contumelias,
627 963 800 994 contemptus
815 959 930 987 libenter
942 958 1028 992 feras;

243 1005 269 1032 id
290 1005 362 1031 enim
388 1004 428 1031 tui
443 1009 486 1031 cst
508 1004 629 1031 arbitrii.
644 1003 700 1039 (76)
724 1003 758 1031 Ut
774 1004 855 1039 igitur
867 1012 927 1039 quae
943 1005 1029 1032 fusius

242 1058 326 1085 supra
350 1050 481 1081 diximus,
496 1051 552 1085 jam
569 1051 650 1086 317
665 1050 830 1085 compendio
845 1050 979 1082 dicamus,
1002 1055 1030 1076 ut

241 1104 336 1124 eorum
354 1097 461 1124 facilius
484 1097 653 1127 memineris,
675 1097 738 1123 audi
755 1104 851 1123 rursus
866 1098 911 1131 qui
927 1096 1029 1130 poteris

242 1149 290 1176 per
316 1141 439 1168 ordinem
464 1140 498 1167 ad
522 1140 718 1175 perfectionem
745 1140 896 1174 pervenire.
923 1140 1030 1167 Princi-

242 1185 318 1219 pium
343 1185 440 1211 salutis
458 1188 560 1212 nostra:
578 1185 661 1211 timor
681 1188 722 1212 cst
736 1184 783 1212 Dei
797 1194 804 1211 :
817 1192 849 1212 ex
862 1192 895 1212 eo
909 1185 1029 1220 gignitur

242 1230 314 1258 bona
329 1231 483 1258 obedientia
499 1240 504 1258 :
518 1230 583 1258 hinc
601 1231 690 1258 oritur
707 1231 841 1265 subiectio
864 1235 890 1258 et
905 1235 1029 1258 contem-

243 1280 306 1310 ptus
321 1283 413 1302 rerum
430 1275 524 1303 mundi
542 1283 594 1302 :ex
610 1276 660 1303 hac
673 1276 826 1302 humilitate
836 1276 958 1302 nascitur
970 1283 1030 1310 pro.

244 1321 366 1355 priarum
390 1321 562 1348 voluntatum
587 1321 784 1348 mortiﬁcatio:
802 1329 834 1348 ex
855 1322 1028 1356 propriarum

243 1365 414 1392 voluntatum
430 1366 652 1399 mortificatione,
670 1366 845 1393 cxsiccantur
859 1367 1027 1401 voluptatum

243 1411 351 1439 radices
366 1422 372 1438 :
386 1412 428 1439 his
455 1417 546 1439 autem
570 1419 667 1440 omnes
690 1414 788 1440 anima:
809 1413 1028 1448 impcrfectiones

243 1457 430 1490 climinantur,
447 1466 561 1493 quarum
575 1459 734 1494 expulsione
751 1463 880 1486 crescunt
894 1459 1029 1486 fructum-

243 1511 296 1538 que
312 1502 403 1530 ferunt
418 1504 543 1531 virtutes.
559 1504 597 1531 Ex
611 1505 742 1532 virtutum
759 1505 927 1532 incremento
941 1503 1028 1540 gigni-

243 1551 289 1574 tur
311 1548 416 1583 puritas
443 1550 556 1577 cordis:
571 1550 716 1585 puritatem
737 1551 828 1578 cordis
849 1551 1028 1585 consequitur

243 1581 393 1628 apostolica
416 1595 548 1630 perfectio
560 1581 671 1630 ,igratia
688 1600 715 1622 et
729 1595 831 1623 auxilio
852 1581 959 1623 Domitii
976 1603 1027 1623 nov
1042 1581 1062 1610 ο

243 1640 293 1667 stri
308 1639 372 1668 Jesu
389 1640 503 1674 Christi,
520 1642 564 1668 cui
579 1642 666 1678 gloria
688 1642 716 1669 in
732 1643 831 1670 sarcula
853 1643 1026 1670 saeculorum.

243 1687 340 1714 Amen.

1079 957 1129 992 τῆς
1141 958 1198 984 ἐστι
1212 957 1318 992 δεῖγμα,
1334 956 1396 983 οὗτε
1408 958 1437 983 εν
1448 958 1481 992 τῇ
1496 957 1604 992 ἐξουσίᾳ
1616 957 1702 982 κεῖται
1713 965 1719 971 ·
1733 956 1789 983 ἀλλ’
1802 957 1867 983 ὅταν

1079 1003 1289 1040 λοιδορούμενος,
1315 1003 1332 1039 ἢ
1362 1002 1574 1038 ἀτιμαζόμενος,
1595 1003 1611 1038 ἢ
1644 1002 1866 1037 ἐξουδενούμενος

1080 1051 1174 1086 πράως
1185 1050 1270 1086 φέρῃς
1279 1057 1286 1064 '
1298 1049 1376 1076 τοῦτο
1384 1049 1438 1085 γὰρ
1454 1050 1482 1075 ἐν
1495 1050 1528 1084 τῇ
1542 1050 1574 1084 σῇ
1588 1048 1746 1084 προαιρέσει
1762 1049 1863 1075 κεῖται.

1081 1094 1229 1128 Ἵναξτοίνυν
1244 1093 1312 1120 αὐτὰ
1322 1094 1420 1125 πάντα,
1433 1094 1504 1128 ἅπερ
1519 1093 1684 1128 πλατύτερον
1701 1093 1865 1129 εἰρήκαμεν,

1081 1140 1313 1175 συναθροίσαντες,
1335 1139 1360 1166 τί
1382 1148 1446 1166 ποτε
1466 1139 1595 1174 σύντομον
1610 1138 1731 1174 εἴπωμεν
1751 1139 1821 1173 πρὸς
1837 1138 1866 1165 τὸ

1079 1185 1196 1217 εὐκόλως
1209 1185 1258 1221 τὴν
1272 1185 1321 1220 σὴν
1336 1185 1453 1211 διάνοιαν
1464 1185 1565 1211 τούτων
1583 1184 1770 1220 μνημονεύειν,
1784 1185 1868 1211 ἄκουε

1079 1231 1170 1263 πάλιν,
1185 1231 1244 1262 πῶς
1260 1231 1329 1258 κατὰ
1351 1231 1427 1263 τάξιν
1440 1231 1542 1267 δυνήσῃ
1553 1231 1680 1265 ἐπιϐῆναι
1695 1230 1746 1265 τῆς
1762 1231 1867 1257 τελειό-

1078 1285 1168 1312 τητος,
1189 1276 1272 1312 Ἀρχὴ
1295 1276 1345 1312 τῆς
1363 1276 1499 1312 ἡμετέρας
1518 1276 1652 1312 σωτηρίας
1669 1277 1683 1302 ὁ
1706 1276 1787 1310 φόϐος
1807 1277 1868 1302 ἐστὶ

1077 1322 1124 1348 τοῦ
1146 1321 1213 1348 Θεοῦ
1225 1330 1232 1337 ⁸
1251 1323 1283 1348 ἐκ
1297 1322 1391 1348 τούτου
1409 1323 1534 1356 γεννᾶται
1556 1321 1644 1356 ἀγαθὴ
1661 1321 1777 1356 ὑπακοὴ,
1794 1321 1825 1353 ἐξ
1833 1318 1867 1356 ἧς

1078 1367 1199 1393 τίκτεται
1225 1367 1241 1402 ἠ
1261 1366 1394 1402 ὑποταγὴ,
1413 1367 1491 1402 καὶή
1518 1367 1719 1401 καταφρόνησις
1742 1367 1796 1393 τῶν
1819 1366 1866 1393 τοῦ

1079 1413 1182 1448 κόσμου
1197 1413 1381 1448 πραγμάτων·
1396 1413 1428 1439 ἐκ
1445 1412 1474 1438 δὲ
1489 1412 1589 1447 ταύτης
1610 1411 1659 1447 τῆς
1677 1411 1867 1444 ταπεινώσεως

1079 1459 1204 1491 γεννᾶται
1226 1458 1280 1484 τῶν
1306 1458 1376 1484 ἰδίων
1399 1457 1558 1493 θελημάτων
1575 1458 1591 1493 ἡ
1611 1458 1758 1493 νέκρωτις·
1781 1457 1813 1484 ἐκ
1838 1457 1867 1484 δὲ

1079 1503 1127 1538 τῆς
1145 1503 1198 1530 τῶν
1215 1503 1373 1539 θελημάτων
1392 1502 1551 1539 νεκρώσεως
1569 1504 1596 1529 αί
1613 1503 1666 1529 τῶν
1679 1502 1779 1538 ἡδονῶν
1793 1502 1866 1538 ῥίζαι

1081 1549 1264 1584 μαραίνονται·
1283 1551 1314 1576 ἐκ
1328 1550 1356 1576 δὲ
1368 1550 1468 1576 τούτων
1481 1549 1609 1576 πάντατὰ
1625 1549 1801 1585 ἐλαττώματα
1817 1550 1866 1584 τῆς

1079 1595 1167 1630 ψυχῆς
1180 1595 1375 1622 ἀποϐάλλονται
1385 1605 1392 1611 θ
1405 1598 1438 1631 τῇ
1455 1597 1483 1623 δὲ
1499 1596 1617 1631 ἀποϐολῇ
1634 1595 1746 1627 τούτων,
1760 1597 1788 1622 αἱ
1803 1596 1867 1632 ἀρε-

1079 1642 1125 1668 ταὶ
1140 1640 1260 1674 uitio-act,
1281 1642 1330 1668 καὶ
1351 1641 1569 1678 καρποφοροῦσι·
1585 1643 1618 1677 τῇ
1640 1641 1668 1668 δὲ
1684 1641 1798 1677 αὐξήσει
1812 1641 1866 1668 τῶν

1080 1687 1184 1724 ἀρετῶν
1206 1688 1222 1723 ἡ
1239 1687 1390 1724 καθαρότης
1402 1688 1451 1723 τῆς
1470 1688 1584 1724 καρδίας
1598 1687 1788 1724 προσγίνεται·
1807 1689 1867 1720 ταῖς

242 1734 271 1760 δὲ
287 1733 451 1770 καθαρότησι
473 1735 522 1769 τῆς
540 1735 650 1770 καρδίας
672 1736 688 1770 ἡ
707 1735 869 1772 ἀποστολικὴ
892 1737 1029 1771 τελειότης
1047 1735 1223 1762 ἐπακολουθεῖ
1240 1735 1329 1770 χάριτι
1347 1735 1394 1761 καὶ
1426 1735 1568 1771 συνεργείᾳ
1589 1735 1636 1762 τοῦ
1667 1735 1769 1770 Κυρίου
1790 1735 1867 1772 ἡμῶν

248 1779 335 1815 ’Ἰησοῦ
356 1780 484 1815 Χριστοῦ,
498 1778 520 1814 ᾧ
533 1781 549 1815 ἡ
561 1781 623 1813 δόξα
642 1782 683 1812 είς
699 1782 760 1813 τοὺς
781 1781 881 1814 αἰῶνας
892 1782 946 1808 τῶν
967 1782 1081 1809 αἰώνων.
1103 1783 1198 1818 Ἀμήν.

243 1836 413 1865 EIUSDEM
433 1838 556 1865 MAGNI
574 1839 781 1867 ATIIANASII
799 1840 848 1867 AD
868 1840 1027 1867 EUMDEM

279 1872 472 1900 CASTUREJI
505 1873 554 1900 DE
570 1874 664 1902 OCTU
678 1874 851 1902 ΜΑιιΤιίΕ
876 1875 1029 1904 COGITA-

280 1907 476 1935 TIONIBUS.

279 1961 305 1989 1..
322 1962 377 1998 (77)
394 1962 461 1990 Cum
482 1964 557 1998 prius
569 1963 603 1991 de
617 1964 812 1992 constitutione
838 1965 1028 1993 coenobiorum

244 2008 326 2042 verba
351 2007 511 2042 fecerimus,
540 2009 640 2038 vestris
665 2009 727 2038 freti
757 2010 948 2043 orationibus,
971 2012 1028 2047 jam

247 2052 369 2080 scribere
385 2052 558 2088 aggredimur
582 2055 616 2082 de
642 2059 705 2082 octo
732 2056 845 2084 malitia:
857 2057 1029 2091 cogitationi-

245 2098 307 2130 bus,
320 2098 453 2126 otlacitate
469 2098 585 2132 scilicet,
601 2098 785 2128 fornicatione
797 2120 804 2134 ,
826 2100 940 2128 avaritia
955 2120 961 2133 ,
975 2101 1026 2133 ira,

246 2143 368 2175 tristitia,
380 2144 498 2179 pigritia,
513 2152 583 2171 vana
605 2145 691 2180 gloria
707 2150 735 2173 ct
749 2146 888 2181 superbia.
905 2145 1026 2174 Primum

246 2191 338 2225 itaque
352 2190 386 2218 de
407 2190 571 2218 abstinentia
585 2191 693 2219 dicetur
710 2199 726 2219 a
742 2192 821 2220 nobis
831 2213 839 2226 ,
854 2200 914 2228 quae
936 2193 1027 2220 edaci—

1092 1843 1163 1868 ΤΟΥ
1187 1842 1306 1868 ΑΥΤΟΥ
1338 1842 1518 1869 ΙΙΙΕΓΑΛΟΥ
1542 1842 1746 1868 ΑΘΑΛἉΣΙΟΥ
1773 1843 1868 1869 ΠΡΟΣ

1118 1877 1188 1902 ΤΟΝ
1212 1877 1335 1903 ΑΥΤΟΝ
1363 1878 1526 1903 ΚΑΣΤΟΡΑ
1558 1877 1647 1904 ΠΕΡΙ
1682 1877 1751 1903 ΤΩΝ
1773 1877 1867 1904 ΟΚΤΩ

1118 1913 1187 1938 ΤΗΣ
1201 1912 1336 1939 ΚΛΚΙΑΣ
1354 1912 1550 1939 ΛΟΓΙΣΜΩΝ.

1116 1967 1142 1993 ί.
1160 1966 1260 2002 Πρώην
1274 1966 1318 1993 τὸν
1333 1967 1396 2003 περὶ
1410 1966 1602 1998 διατυπώσεως
1616 1966 1695 2001 λόγον
1711 1967 1765 1994 τῶν
1781 1976 1869 1995 κοινοο

1080 2012 1146 2039 δίων
1158 2013 1344 2046 συντάξαντες,
1359 2013 1440 2040 πάλιν
1458 2013 1504 2040 ἐπὶ
1513 2013 1560 2040 τοῦ
1574 2013 1715 2048 παρόντος,
1729 2015 1789 2045 ταῖς
1803 2014 1869 2050 ὑμε-

1081 2058 1173 2095 τέραις
1191 2059 1282 2094 εὐχαῖς
1304 2059 1500 2094 θαρρήσαντες,
1525 2059 1741 2094 ἐπεχειρήσαμεν
1764 2060 1868 2095 γράψαι

1082 2105 1146 2140 περὶ
1156 2104 1210 2130 τῶν
1227 2104 1299 2131 ὀκτὼ
1308 2104 1358 2139 τῆς
1372 2104 1469 2136 κακίας
1483 2104 1634 2139 λογισμῶν·
1648 2106 1868 2141 γαστριμαργίας

1081 2149 1152 2184 φημὶ
1176 2150 1222 2175 καὶ
1241 2149 1378 2185 πορνείας.
1402 2149 1583 2185 φιλαργυρίας
1596 2150 1642 2176 καὶ
1656 2150 1749 2185 ὀργῆς,
1780 2151 1868 2187 λύπης

1081 2193 1127 2219 καὶ
1143 2193 1267 2229 ἀκηδίας,
1283 2192 1435 2225 κενοδοξίας
1458 2193 1504 2219 καὶ
1517 2193 1712 2229 ὑπερηφανίας.
1732 2195 1867 2230 Προηγου·

246 2236 295 2262 tati
309 2235 434 2271 opposita
451 2239 508 2263 est:
524 2244 635 2271 agemus
653 2237 718 2264 item
732 2237 766 2265 de
780 2238 950 2272 jejuniorum
968 2246 1027 2265 mo-

1083 2239 1171 2274 μένως
1190 2227 1280 2264 τοίνυν
1296 2239 1359 2274 περὶ
1375 2239 1535 2274 ἐγκρατείας
1553 2227 1668 2276 γαστρὸς
1686 2227 1866 2275 ἡμῖν-λεχθή-

245 2282 333 2316 ᾱῦ,ἁε
342 2284 472 2318 qualitate
487 2288 513 2310 et
524 2285 676 2318 quantitate
701 2284 904 2311 alimentorum.
924 2284 979 2319 (78)
997 2283 1029 2311 Et

246 2328 303 2355 hate
318 2337 372 2356 non
385 2336 418 2356 ex
434 2329 511 2356 nobis
530 2329 596 2363 ipsis
617 2329 716 2356 dicturi
731 2337 843 2362 sumus;
860 2329 906 2356 sed
921 2337 952 2356 ea
968 2336 1029 2364 quae

246 2375 400 2410 accepimus
424 2381 439 2400 a
461 2375 563 2402 sanctis
590 2374 717 2402 Patribus
742 2374 854 2402 nostris.
879 2373 919 2400 Illi
938 2374 1030 2408 itaque

245 2428 301 2448 non
321 2428 401 2447 unam
415 2420 512 2456 jejunii
531 2421 662 2456 regulam,
680 2429 768 2456 neque
789 2428 874 2448 unum
887 2420 1030 2447 comestio—

246 2466 289 2493 nis
304 2465 425 2497 modum,
442 2473 530 2501 neque
545 2466 669 2493 eamdem
689 2466 776 2500 ipsam
802 2465 930 2492 omnibus
957 2471 1030 2491 men-

246 2519 337 2540 suram
353 2511 507 2542 tradidere,
534 2511 598 2546 quia
626 2519 680 2538 non
707 2519 801 2538 omnes
827 2510 949 2545 ejusdem
965 2513 1030 2537 sunt

246 2557 362 2589 roboris.
379 2557 421 2584 vel
431 2557 529 2588 retatis,
545 2563 572 2584 et
589 2557 653 2592 quia
669 2557 716 2583 alii
730 2557 888 2584 infirmitate
903 2555 1030 2590 corporis

246 2604 382 2636 laborant,
392 2603 436 2630 alii
452 2603 610 2631 delicatiore
623 2607 687 2631 sunt
699 2610 824 2638 corpore.
837 2601 927 2630 Unum
937 2607 1028 2629 autem

245 2651 372 2677 omnibus
397 2649 533 2676 tradidere
550 2657 674 2684 scopum,
692 2652 721 2675 ut
747 2649 853 2684 fugiant
876 2646 1027 2682 crapulam,

246 2699 272 2722 ct
282 2695 385 2722 ventris
402 2695 573 2722 saturitatem
594 2698 753 2722 aversantur
768 2703 774 2720 :
794 2701 826 2721 ac
842 2693 1027 2729 experimento

281 2772 302 2787 ³⁷
323 2771 412 2799 lCor.
430 2779 480 2805 ut,
499 2771 542 2799 18.

281 2838 336 2872 (75)
351 2837 474 2872 Cassian.
495 2836 616 2864 Institut.
637 2837 684 2865 lib.
705 2845 741 2869 tv,
757 2835 837 2864 με.

281 2873 338 2909 (76)
356 2871 422 2900 ibid.
437 2880 462 2899 c.
476 2872 520 2899 ιδ.

1083 2293 1168 2314 σεται,
1192 2284 1241 2320 τῆς
1259 2284 1449 2319 ἀντικειμένης
1476 2286 1508 2319 τῇ
1531 2284 1748 2320 γαστριμαργία·
1769 2286 1815 2312 τοῦ
1836 2294 1865 2312 τε

1081 2328 1181 2364 τρόπου
1196 2328 1250 2355 τῶν
1267 2329 1408 2364 νηστειῶν,
1428 2329 1474 2355 καὶ
1495 2329 1545 2364 τῆς
1567 2330 1708 2364 ποιότητος
1722 2330 1768 2356 καὶ
1784 2331 1865 2357 ποσό-

1081 2382 1161 2409 τητος
1185 2373 1238 2400 τῶν
1263 2373 1424 2409 βρωμάτων.
1447 2374 1500 2400 Καὶ
1524 2374 1610 2401 ταῦτα
1634 2375 1683 2400 οὐκ
1703 2375 1749 2408 ἀφ’
1763 2375 1866 2402 ἑαυτῶν

1083 2414 1209 2456 ἐροῦμεν,
1232 2420 1288 2446 ἀλλ’
1303 2421 1374 2456 ἅπερ
1392 2420 1599 2455 παρειλήφαμεν
1619 2421 1693 2456 παρὰ
1707 2419 1866 2456 τῶνλὰγίων

1082 2467 1159 2501 ἡμῶν
1180 2466 1317 2501 Πατέρων.
1342 2466 1453 2492 Ἐκεῖνοι
1476 2465 1564 2494 τοίνυν
1578 2467 1627 2501 οὐχ
1643 2467 1689 2492 ἕνα
1708 2466 1807 2493 κανόνα
1819 2476 1866 2503 νη-

1082 2512 1184 2543 στείας,
1198 2511 1257 2538 οὐδὲ
1268 2511 1315 2538 ἕνα
1331 2512 1432 2547 τρόπον
1449 2512 1498 2547 τῆς
1511 2512 1565 2539 τῶν
1581 2512 1732 2548 βρωμάτων
1749 2513 1866 2549 μεταλή-

1080 2557 1163 2592 ψεως,
1180 2557 1241 2583 οὐδὲ
1253 2557 1283 2584 τὸ
1299 2557 1364 2584 αὐτὸ
1381 2558 1479 2593 μέτρον
1497 2559 1563 2584 πᾶσι
1580 2557 1759 2592 μεταδιδόασι,
1778 2558 1823 2585 διὰ
1836 2559 1867 2585 τδ

1081 2602 1149 2637 μηδὲ
1173 2602 1277 2634 πάντας
1289 2602 1339 2638 τὴν
1352 2603 1436 2638 αὐτὴν
1459 2603 1534 2638 ἰσχὺν
1550 2602 1631 2639 ἔχειν,
1651 2603 1668 2638 ἢ
1691 2602 1734 2629 διὰ
1748 2603 1865 2639 ἠλικίαν,

1080 2646 1097 2680 ἦ
1114 2646 1147 2673 δι’
1162 2646 1312 2679 ἀσθένειαν,
1323 2647 1340 2684 ἢ
1353 2647 1396 2673 διὰ
1405 2646 1461 2679 ἕξιν
1470 2647 1641 2683 ἀστειοτέρου
1652 2647 1785 2683 σώματος.
1799 2648 1866 2675 Ἕνα

1080 2692 1108 2719 δὲ
1123 2692 1223 2719 σκοπὸν
1237 2693 1304 2720 πᾶσι
1317 2693 1532 2729 παραδεδώκασι,
1553 2693 1662 2728 φεύγειν
1676 2694 1724 2729 τὴν
1744 2694 1866 2731 πλησμο-

1117 2823 1174 2903 (77;
1187 2831 1313 2872 Cassian.
1327 2830 1448 2860 lmtitut.
1462 2832 1509 2860 lib.
1524 2840 1551 2866 ν,
1567 2840 1592 2860 c.
1611 2833 1637 2867 Ι,
1652 2837 1679 2862 et
1690 2841 1749 2869 seq.

1118 2867 1164 2902 (78
1186 2865 1256 2894 llud.
1271 2873 1299 2895 c.
1314 2867 1341 2894 δ.

1118 2865 1174 2903 (78)
1186 2865 1256 2894 Ibid.
1271 2873 1299 2895 c.
1314 2867 1341 2914 ετ
