1940 3068
83 147 135 176 875

629 133 796 176 EPISTOLA
816 148 837 175 u
857 147 902 174 At)
920 146 1115 175 CAsronEu.

1637 147 1689 173 δτι

83 194 140 230 νὴν,
159 193 205 219 καὶ
218 191 434 228 ἀποστρέφεσθαι
448 192 496 228 τὴν
512 193 655 228 χερτασίαν
667 193 716 228 τῆς
728 193 846 229 γαστρός
855 203 862 209 ⁸

917 193 1118 228 comprobatum
1139 192 1267 219 dixerunt
1291 191 1384 219 utilius
1414 199 1475 219 esse
1501 191 1689 227 quotidianum

83 239 130 275 τὴν
147 239 176 265 δέ
199 238 384 274 καθημερινὴν
399 238 522 274 νηστείαν
542 238 704 274 ἐδοκίμασαν
721 239 862 274 ὠφελιμω-

82 286 162 322 τέραν
178 283 257 317 εἶναι,
275 286 321 312 καὶ
340 284 561 320 συμῦαλλομένην
576 283 644 311 εἶναι
662 285 729 320 πρὸς
744 285 862 320 καθαρό-

82 340 161 366 τητα,
187 331 265 358 πλέον
280 331 329 366 τῆς
349 331 378 357 ὲν
401 331 488 365 τρισὶν
504 331 521 366 ἢ
546 331 682 366 τέταρσιν,
699 330 716 365 ἢ
739 332 786 358 καὶ
811 331 863 363 ἕως

83 377 225 412 ἐῦδομάδος
246 376 393 412 ἑλκομένης
414 376 548 411 νηστείας.
572 377 626 403 Καὶ
649 377 703 412 γάρ
724 385 789 410 φασι
818 376 863 402 τὸν

82 423 206 458 ἀμέτρως
217 421 437 456 ἐπεκτεινόμενον
448 422 480 456 τῇ
495 420 605 456 νηστείᾳ⁵
618 421 686 456 ὑπὲρ
696 420 792 456 μέτρον
804 420 864 446 πολ-

81 469 158 500 λάκις
170 471 202 504 τῇ
224 469 308 503 τροφῇ
326 467 482 502 κεχρῆσθαι,
505 467 542 498 ὡς
564 467 596 493 ὲκ
613 467 706 494 τούτου
725 467 788 493 ποτὲ
814 467 863 502 μὲν

81 517 113 551 τῇ
129 514 264 550 ὑπερϐολῇ
277 514 327 549 τῆς
347 514 451 545 ἀσιτίας
466 514 568 540 ἀτονεῖν
583 513 614 539 τὸ
631 512 718 548 σῶμα,
736 512 782 539 καὶ
795 512 863 547 πρὸς

81 561 130 591 τὰς
146 559 331 595 πνευματικὰς
345 558 514 594 λειτουργίας
533 558 710 594 ὀκνηρότερον
722 557 843 592 τίνεσθαι
853 564 860 572 ·

83 607 146 632 ποτὲ
159 606 197 638 δὲ,
214 605 253 641 τῷ
276 605 372 640 πλήθει
393 605 446 631 τῶν
466 603 572 640 τροφῶν
586 603 776 639 βαρυνόμενον,
792 603 862 638 ἀκη-

81 651 139 678 δίαν
156 652 202 678 καὶ
217 651 350 686 χαύνωσιν
373 651 494 686 ἐμποιεῖν
510 651 543 685 τῇ
560 649 642 685 ψυχῇ,
660 649 714 675 Καὶ
736 649 816 675 πάλιν
832 648 862 674 οὺ

82 697 164 723 πᾶσιν
181 697 306 732 ἁρμόδιον
331 694 400 722 εἷναι
416 696 465 730 τὴν
486 695 539 722 τῶν
559 695 681 730 λαχάνων
704 694 862 729 μετάληψιν,

81 742 140 768 οὐδὲ
164 742 230 767 πᾶσι
253 741 302 776 τὴν
316 741 369 767 τῶν
390 740 519 775 ὀσπρίων,
534 740 594 766 οὐδὲ
613 740 715 770 πάντας
735 739 863 765 δύνασθαι

81 788 113 822 τῇ
125 787 171 814 τοῦ
186 786 267 822 ξηροῦ
281 787 362 822 ἄρτου
381 785 530 822 κεχρῆσθαι
542 786 627 821 τροφῇ
638 794 644 800 ·
662 785 710 811 καὶ
723 784 803 811 πάλιν
817 784 862 810 τὸν

83 833 131 868 μέν
149 841 214 867 φησι
234 833 279 858 δύο
295 832 387 868 λίτρας
406 832 528 858 ἐσθίοντα
548 831 630 867 ἄρτου
649 831 740 866 ἀκμὴν
755 831 860 866 πεινᾷν,

910 237 1056 273 jejunium,
1067 241 1147 271 atque
1162 237 1194 264 ad
1210 237 1353 271 puritatem
1369 237 1455 272 magis
1469 237 1691 272 conferre,qua_rn

913 283 937 310 si
954 283 987 310 ad
1000 287 1058 310 tres
1080 283 1121 310 vel
1143 286 1261 318 quatuor
1274 282 1348 315 dies,
1369 287 1416 309 aut
1436 282 1469 309 ad
1496 282 1691 310 hebdomadam

912 336 999 362 usque
1013 329 1147 363 jejunium
1160 328 1342 362 protrahatur.
1369 328 1453 355 Aiunt
1469 328 1542 355 enim
1568 336 1629 355 eum
1644 329 1691 364 qu-i

912 373 1088 402 immoderate
1113 374 1246 409 jejunium
1276 374 1419 409 protrahit,
1444 375 1515 401 ultra
1536 382 1692 402 mensuram

912 428 983 455 szepe
998 420 1059 448 cibo
1069 420 1124 452 uti;
1140 421 1178 447 ita
1191 426 1219 447 ut
1230 420 1293 447 hinc
1303 427 1373 455 saepe
1386 420 1491 447 accidat
1502 424 1531 447 ut
1546 420 1692 455 aliquando

912 467 1019 501 quidem
1036 474 1069 494 ex
1083 466 1165 493 nimia
1182 466 1348 493 abstinentia
1375 466 1402 492 in
1419 466 1578 501 languorem
1592 473 1692 500 corpus

912 510 1025 542 incidat.
1044 514 1072 538 et
1091 510 1124 537 ad
1148 510 1300 545 spiritualia
1320 510 1473 538 ministeria
1493 510 1604 546 segnius
1629 517 1693 538 eva-

912 556 974 590 dat;
1006 557 1153 591 aliquando
1178 561 1274 584 contra
1300 556 1475 584 multitudine
1501 557 1692 585 alimentorum

912 604 1071 634 oneratum,
1093 601 1229 636 pigritiam
1256 601 1451 637 mollitiemque
1477 602 1558 628 animi
1583 603 1694 638 ingene-

913 650 963 674 ret.
973 645 1092 674 Rursum
1105 654 1158 673 non
1173 646 1300 674 omnibus
1314 651 1467 682 competere
1480 647 1584 674 olerum
1597 655 1690 680 usum,

912 699 966 719 non
980 691 1106 719 omnibus
1122 692 1185 719 item
1200 692 1379 727 leguminum,
1392 700 1445 719 non
1466 700 1546 728 posse
1565 693 1693 720 omnibus

912 737 977 765 sicci
1006 738 1084 772 panis
1112 738 1268 766 alimentum
1293 738 1436 766 sufﬁcere:
1461 739 1526 766 item
1556 746 1617 767 esse
1645 740 1692 774 qui

913 784 1083 812 manducetis
1105 785 1183 819 panis
1210 784 1316 812 duabus
1339 785 1415 812 libris
1440 785 1530 813 adhuc
1555 786 1692 818 esuriant,

914 829 982 856 alios
1010 830 1056 864 qui
1081 837 1135 856 una
1157 829 1245 862 libra,
1277 830 1332 857 imo
1357 838 1404 857 sex
1435 831 1522 859 unciis
1548 831 1691 859 satientur.

82 876 196 903 ἄλλονδέ
209 876 331 903 ἐσθίοντα
347 876 450 912 λίτραν,
469 876 484 911 ἤ
501 876 530 908 ἓξ
545 875 658 910 ούγγίας
673 875 860 910 χορτάζεσθαι.

917 872 1046 900 Omnibus
1064 874 1170 909 itaque,
1190 878 1219 901 ut
1233 874 1335 901 dictum
1355 879 1407 906 est,
1422 883 1505 902 unum
1522 876 1694 904 abstinentia

82 923 168 949 Πᾶσιν
184 921 239 953 οὖν,
252 922 288 954 ὼς
304 923 419 958 εἴρηται,
433 922 482 948 ἕνα
494 921 592 948 σκοπὸν
605 921 765 957 ἐγκρατείας
779 929 863 957 παρα-

81 968 222 1001 δεδώκασι,
240 969 270 995 τὸ
288 969 324 1004 μὴ
343 968 497 996 ἀπατᾶσθαι
519 968 649 1004 χορτασίᾳ
665 968 776 999 κοιλίας,
796 968 862 1004 μηδὲ

81 1014 236 1047 ἐξέλκεσθαι
253 1016 284 1049 τῇ
299 1014 344 1040 τοῦ
360 1014 494 1050 λάρυγγος
513 1014 602 1049 ἡδονῇ.
616 1014 682 1040 Οὐδὲ
701 1014 755 1049 γὰρ
769 1016 784 1050 ὴ
806 1015 862 1041 δια-

81 1059 152 1095 φορά
166 1059 215 1094 τῆς
232 1060 370 1094 ποιότητος
386 1060 474 1094 μόνον,
494 1059 560 1086 ἀλλὰ
587 1060 634 1086 καὶ
649 1061 665 1095 ἡ
681 1060 796 1096 ποσότης
815 1060 861 1087 τοῦ

81 1105 199 1140 πλήθους
224 1105 278 1132 τῶν
303 1105 452 1141 βρωμάτων
468 1105 500 1132 τὰ
516 1106 700 1141 πεπυρωμένα
723 1106 785 1142 βέλη
811 1107 862 1141 τῆς

80 1148 217 1184 ἁμαρτίας
228 1149 320 1176 εἴωθεν
334 1150 477 1176 ἀνάπτειν·
498 1150 554 1182 οἵας
570 1150 624 1186 γὰρ
645 1151 742 1186 δήποτε
761 1151 863 1186 τροφῆς

81 1194 254 1230 πληρουμένη
267 1195 371 1230 γαστὴρ
383 1215 390 1226 ,
405 1195 521 1226 ἀσωτίας
540 1195 683 1230 σπέρματα
697 1196 792 1223 τίκτει.
810 1197 863 1223 Καὶ

82 1240 165 1266 πάλιν
185 1240 214 1266 οὐ
228 1240 307 1275 μόνον
326 1240 461 1276 κραιπάλη
478 1241 560 1273 οῐνου,
573 1241 640 1268 ἀλλὰ
657 1242 703 1268 καὶ
722 1242 862 1278 πλησμονὴ

83 1285 188 1317 ὓδατος,
209 1286 255 1312 καὶ
279 1286 373 1312 πασῶν
389 1286 495 1321 τροφῶν
515 1286 648 1322 ὑπερϐολὴ
669 1287 863 1322 κεκαρωμένην

83 1331 130 1357 καὶ
144 1330 326 1362 νυστάζουσαν
336 1331 437 1366 ταύτην
452 1331 620 1358 ἀποτελοῦσι.
633 1332 694 1363 Τοῖς
708 1331 868 1367 Σοδομίταις,

81 1377 131 1403 οὐκ
145 1377 216 1402 οῐνου
234 1376 280 1403 καὶ
294 1376 427 1413 διαφόρων
443 1377 593 1412 βρωμάτων
614 1377 760 1412 κραιπάλη,
779 1386 864 1403 καταα

83 1422 203 1457 στροφῆς
222 1422 331 1456 γέγονεν
352 1422 435 1454 αἰτία,
452 1422 507 1448 ἀλλ’
523 1422 604 1456 ἄρτου
629 1421 779 1457 πλησμονὴ,
795 1421 864 1448 κατὰ

82 1468 127 1493 τὸν
149 1468 300 1503 προφήτην,
323 1467 354 1494 '[I
380 1467 561 1494 ἀσθένειατοῦ
582 1467 706 1502 σώματος
728 1468 796 1502 πρὸς
816 1467 864 1503 τὴν

83 1513 256 1548 καθαρότητα
277 1513 326 1547 τῆς
342 1512 452 1548 καρδίας
466 1513 515 1539 οὐκ
537 1513 694 1539 ἀντίκειται.
711 1513 802 1540 Ταῦτα
819 1511 865 1540 οὖν

915 927 1026 954 scopum
1040 919 1222 952 tradiderunt,
1241 923 1270 947 ut
1287 927 1340 947 non
1363 921 1533 955 decipiantur
1550 923 1694 951 saturitate

914 965 1028 995 ventris.
1043 972 1131 999 neque
1148 965 1290 991 trahantur
1313 965 1381 1000 gula
1397 966 1544 1000 voluptate.
1572 966 1631 993 Non
1645 975 1693 994 so.

915 1010 970 1037 lum
985 1010 1056 1037 enim
1068 1010 1206 1045 qualitatis
1228 1010 1394 1043 differentia,
1425 1011 1472 1039 sed
1491 1012 1572 1039 etiam
1595 1020 1692 1048 magna

915 1056 1038 1083 ciborum
1063 1055 1218 1090 quantitas,
1241 1055 1326 1090 ignita
1350 1057 1452 1091 peccati
1482 1057 1531 1084 tela
1556 1058 1625 1085 solet
1647 1065 1694 1085 ac-

915 1101 1041 1128 cendere.
1059 1100 1115 1136 (79)
1133 1100 1301 1136 Quocunque
1314 1102 1385 1129 enim
1399 1102 1461 1130 cibo
1474 1107 1569 1130 venter
1581 1103 1694 1139 implea-

915 1150 970 1179 tur,
986 1147 1106 1175 libidinis
1124 1148 1227 1175 semina
1249 1148 1345 1183 gignit.
1368 1148 1406 1175 Ac
1430 1156 1538 1176 rursum
1561 1157 1614 1177 non
1637 1150 1693 1177 vini

916 1193 1003 1220 solum
1019 1194 1146 1228 crapula,
1161 1193 1207 1221 sed
1222 1194 1304 1221 etiam
1320 1201 1396 1229 aquae
1412 1192 1560 1230 plenitudo,
1576 1203 1607 1223 ac
1624 1203 1694 1231 quo-

916 1238 1041 1266 rumlibet
1071 1239 1193 1266 ciborum
1219 1239 1412 1272 redundantia,
1439 1240 1574 1267 hominem
1597 1247 1695 1275 aggra-

917 1288 989 1316 vant,
1000 1291 1031 1310 ac
1045 1287 1196 1319 torpentem
1208 1283 1456 1319 dormitantemque
1464 1285 1590 1313 reddunt.
1606 1286 1695 1313 Sodo-

917 1329 990 1357 mitis
1015 1337 1069 1356 non
1097 1330 1169 1362 vini,
1197 1337 1250 1356 non
1275 1331 1411 1357 variorum
1438 1331 1560 1358 ciborum
1583 1333 1693 1367 crapula

918 1375 1102 1403 subversionis
1124 1383 1204 1403 causa
1220 1375 1282 1407 fuit,
1297 1376 1342 1404 sed
1361 1376 1440 1412 panis
1454 1378 1581 1405 saturitas
1593 1398 1600 1409 ,
1616 1378 1695 1413 juxta

917 1419 1074 1454 prophetam
1091 1420 1122 1447 ³⁸.
1131 1420 1186 1455 (80)
1196 1419 1340 1448 lufirmitas
1347 1421 1469 1456 corporis
1480 1423 1590 1456 puritati
1603 1424 1695 1450 cordis

918 1472 972 1492 non
987 1469 1136 1494 aversatur.
1163 1465 1200 1492 Ea
1215 1466 1305 1501 itaque
1319 1467 1425 1501 corpori
1443 1467 1548 1496 tribuas
1577 1476 1636 1503 quae
1653 1469 1696 1496 iu-

919 1510 1032 1538 ﬁrmitas
1053 1510 1112 1546 ejus
1135 1511 1263 1546 postulat,
1279 1519 1333 1538 non
1360 1519 1420 1546 quae
1435 1513 1559 1547 voluptas
1583 1515 1693 1548 expetit.

83 1547 290 1593 παρασχόμενος
303 1558 342 1592 τῷ
359 1547 463 1593 σῶματι
481 1558 499 1584 ὃ.
510 1559 526 1593 ἠ
539 1558 663 1585 ἀσθένεια
680 1559 799 1590 ἀπαιτεῖ,
818 1559 866 1594 οὐχ

917 1556 1045 1584 Ciborum
1059 1564 1125 1584 usus
1146 1557 1288 1584 adhibetur
1303 1561 1435 1592 quantum
1451 1557 1485 1585 ad
1502 1558 1584 1585 vitam
1602 1547 1696 1586 foven-

85 1604 159 1639 ἅπερ
173 1605 189 1639 ἡ
204 1604 283 1639 ἡδονὴ
304 1604 383 1631 θέλει.
407 1604 438 1630 Ἠ
451 1604 504 1630 τῶν
526 1604 676 1640 βρωμάτων
697 1605 792 1639 χρῆσις
806 1605 866 1631 ὅσον

84 1650 256 1685 ὑπιυργῆσαι
268 1650 336 1686 προς
352 1651 382 1676 τὺ
405 1650 454 1685 ζῇν
476 1650 727 1686 παραλαμϐάνεται,
742 1651 790 1685 οὺχ
807 1651 867 1678 ὅσον

84 1695 226 1722 δουλεῦσαι
240 1697 299 1726 ταῖς
311 1696 408 1731 ὁρμαῖς
424 1695 471 1730 τῆς
486 1695 638 1730 ἐπιθυμίας.
664 1695 695 1721 'H
714 1694 867 1729 σύμμετρος

85 1740 134 1766 καὶ
154 1740 224 1775 μετὰ
247 1740 326 1774 λόγου
343 1740 397 1766 τῶν
417 1740 523 1776 τροφῶν
544 1739 691 1776 μετάληψις
711 1740 760 1775 τῆς
777 1740 868 1773 ὑγείας

86 1786 226 1822 φροντίζει
235 1786 281 1812 τοῦ
295 1786 428 1821 σώματος,
436 1787 467 1813 οὺ
479 1786 527 1822 τὴν
538 1785 690 1820 ἁγιωσύνην
702 1786 867 1821 ἀφαιρεῖται.

87 1834 171 1869 ὐρος
187 1833 348 1869 ἐγκρατείας
364 1834 410 1859 καὶ
426 1832 514 1859 κανὼν
528 1831 740 1867 παραδεδομένος
753 1832 804 1858 ὑπὸ
815 1832 869 1859 τῶν

86 1878 172 1913 ὰ,’ίων
193 1878 320 1913 Πατέρων
336 1878 452 1914 ἀκριϐὴς
467 1875 542 1909 οὗτός
559 1878 627 1908 ἐστι,
644 1876 673 1903 τὸ
692 1877 730 1903 ἔτι
748 1877 797 1911 τῆς
811 1877 871 1912 ὀρέ-

86 1923 155 1958 ξεως
169 1924 338 1959 ἐγκειμένης,
353 1923 402 1959 τῆς
412 1924 514 1960 τροφῆς
526 1922 725 1958 ἀπέχεσθαιτδν
737 1922 868 1950 ἐσθίοντα.

87 1969 144 1996 Καὶ
158 1970 172 1996 ὁ
195 1969 352 2000 Ἀπόστολος
369 1969 396 1995 δὲ
412 1968 509 1995 εἰπών’
531 1977 540 1994 ι
561 1968 617 2002 Τῆς
633 1967 732 2003 σαρκὸς
746 1967 871 2002 πρόνοιαν

90 2014 127 2050 μὴ
143 2014 262 2041 ποιεῖσθε
275 2015 314 2045 εις
334 2013 488 2048 ἐπιθυμίαν,
511 2022 519 2039 ι
537 2013 567 2039 οὺ
588 2012 637 2047 τὴν
651 2011 801 2046 ἀναγκαίαν
821 2011 871 2046 τῆς

88 2060 161 2097 ζωῆς
174 2060 334 2096 κυόέρνησιν
354 2059 497 2091 ἐκώλυσεν,
515 2059 581 2086 ἀλλὰ
593 2060 642 2095 τὴν
660 2059 797 2094 φιλήδονον
813 2060 872 2085 ἐπι-

89 2108 200 2144 μέλειαν
221 2107 419 2142 ἀπηγόρευσεν.
435 2106 536 2137 Ἄλλως
557 2114 586 2132 τε
602 2105 648 2132 καὶ
668 2105 735 2142 πρὸς
755 2104 872 2140 καθαρό-

87 2161 158 2188 τητα
178 2152 282 2178 τελείαν
300 2151 348 2187 τῆς
367 2151 454 2186 ψυχῆς
478 2151 545 2187 μόνη
560 2151 576 2187 ὴ
590 2150 678 2186 ἀποχὴ
692 2150 745 2176 τῶν
763 2149 873 2185 βρωμά-

87 2207 143 2225 των
155 2199 206 2225 οὐκ
221 2197 316 2233 ἰσχύει,
333 2199 356 2224 εἰ
375 2198 411 2233 μὴ
434 2198 480 2224 καὶ
494 2197 523 2223 αἱ
538 2197 629 2223 λοιπαὶ
649 2196 744 2231 ἀρεταὶ
759 2196 872 2232 συνδρά-

89 2253 173 2281 μωσι.
185 2243 332 2279 Τοιγαροῦν
347 2244 363 2278 ή
379 2243 540 2274 ταπείνωσις
558 2242 601 2270 διὰ
623 2242 672 2278 τῆς
687 2242 808 2277 ὑπακοῆς
822 2241 869 2269 τοῦ

88 2291 171 2327 ἔργου
190 2289 298 2324 καὶτῆς
322 2289 368 2316 τοῦ
392 2288 514 2324 σώματος
533 2289 750 2324 καταπονήσεως,
767 2288 871 2324 μεγάλα

87 2337 156 2372 ἡμῖν
174 2336 363 2370 συμϐάλλεται.
386 2335 417 2361 'H
429 2335 517 2370 ἀποχὴ
533 2334 583 2369 τῆς
594 2334 771 2370 φιλαργυρίας
786 2335 816 2362 οὐ
828 2335 872 2370 μό-

87 2391 134 2410 νον
149 2380 179 2407 τὺ
194 2382 230 2416 μὴ
252 2381 322 2416 ἔχειν
345 2381 482 2416 χρήματα,
496 2380 562 2406 ἀλλά
579 2380 646 2415 μηδὲ
666 2381 808 2416 ἐπιθυμεῖν
827 2389 872 2407 κε-

86 2427 216 2462 κτῆσθαι.
243 2427 314 2462 Πρὸς
337 2426 509 2462 καθαρότητα
530 2426 579 2462 τὴν
598 2426 686 2462 ψυχὴν
710 2427 801 2461 ὁδηγεί
823 2427 873 2462 τῆς

87 2473 175 2508 ὀργῆς
187 2473 203 2507 ἡ
216 2472 315 2508 ἀποχὴ,
326 2472 374 2507 τῆς
387 2473 484 2508 λύπης,
496 2471 544 2507 τῆς
555 2472 715 2504 κενοδοξίας,
732 2473 779 2507 τῆς
788 2472 872 2507 ὑπερ-

88 2519 219 2554 ηφανίας,
245 2518 337 2545 Ταῦτα
362 2519 449 2545 πάντα
470 2518 520 2553 τὴν
540 2517 686 2553 καθολικὴν
705 2518 755 2552 τῆς
786 2517 873 2553 ψυχῆς

90 2562 266 2598 καθαρότητα
297 2562 490 2598 ἀπεργάζεται.
508 2562 562 2598 Τὴν
583 2563 612 2589 δὲ
636 2562 679 2589 διὰ
700 2562 874 2598 σωφροσύνης

91 2609 209 2646 μερικὴν
219 2609 271 2645 ’τῆς
283 2609 369 2645 ψυχῆς
382 2610 554 2645 καθαρότητα
567 2609 712 2645 ἐξαιρέτως
728 2609 875 2645 ἐγκράτεια

125 2720 152 2739 ⁸⁸
170 2720 268 2747 Ezecb.
286 2728 345 2752 xu.
363 2719 407 2747 49.
445 2719 466 2735 ³⁸
487 2719 566 2746 Rom.
585 2727 651 2750 xm,
670 2718 714 2746 Η.

142 2820 185 2854 79)
203 2819 325 2848 Cassian.
343 2820 460 2846 (nstitui.
477 2818 525 2845 lib.
543 2827 569 2849 ν,
585 2825 608 2845 c.
623 2817 648 2844 ϐ.

142 2821 185 2854 '79)
203 2821 325 2848 Cassian.
343 2821 352 2846 f

129 2821 187 2891 ξεο)
205 2854 269 2882 llud.
288 2863 313 2882 c.
327 2855 352 2883 7.

255 2901 388 2931 ι’Λτιιοι.
405 2899 462 2929 Gn.
482 2896 628 2928 XXVIII.

917 1602 978 1629 dam
991 1603 1173 1630 necessarium
1189 1607 1241 1634 est,
1253 1610 1307 1630 non
1323 1607 1353 1630 ut
1370 1603 1481 1638 impetui
1499 1604 1697 1640 concupiscen-

918 1648 961 1675 tia
973 1648 1114 1676 serviatur.
1130 1648 1265 1676 Moderata
1279 1653 1306 1676 et
1319 1650 1488 1678 rationabilis
1503 1651 1556 1678 cibi
1576 1653 1696 1687 sumptio

919 1694 1060 1721 sanitatem
1083 1695 1205 1728 corporis
1220 1695 1371 1728 conciliat,
1394 1703 1443 1723 nec
1460 1696 1631 1724 sanctitatem
1647 1705 1696 1724 au-

919 1739 982 1767 fert.
990 1740 1045 1776 (Si)
1058 1739 1120 1767 Haec
1130 1747 1225 1768 norma
1239 1745 1265 1768 et
1276 1742 1369 1776 regula
1380 1745 1422 1770 est
1435 1742 1606 1770 abstinentia:
1615 1750 1697 1770 accu-

919 1791 988 1819 rata,
1004 1794 1019 1813 a
1032 1787 1134 1814 sanctis
1148 1787 1273 1815 Pati-ibus
1288 1787 1386 1815 tradita
1398 1808 1405 1821 ,
1429 1792 1459 1815 ut
1476 1788 1594 1816 instante
1608 1789 1697 1817 adhuc

920 1833 1050 1867 appetitu,
1063 1833 1116 1860 cibi
1127 1833 1251 1861 sumendi
1268 1833 1349 1861 ﬁnem
1366 1834 1448 1861 faciat
1463 1835 1509 1870 qui
1525 1835 1651 1863 comedit.
1664 1836 1698 1863 Et

920 1879 1067 1914 Apostolus
1083 1878 1147 1906 dum
1162 1880 1219 1906 ait:
1238 1889 1247 1905 ι
1264 1879 1362 1907 Carnis
1379 1887 1471 1907 curam
1486 1888 1521 1908 ne
1536 1881 1653 1910 feceritis
1669 1883 1697 1909 in

921 1924 1054 1952 desiderio
1081 1925 1123 1958 ";
1141 1934 1150 1950 ι
1179 1933 1234 1952 non
1253 1925 1336 1960 318
1349 1926 1558 1954 sollicitudinem
1574 1927 1634 1954 vita:
1650 1936 1700 1955 ne—

922 1977 1068 1997 cessariam
1082 1969 1229 2004 prohibuit,
1244 1971 1291 1998 sed
1311 1978 1405 1998 curam
1418 1972 1502 1999 vetuit
1516 1971 1638 2000 fovendae
1651 1981 1698 2000 vo-

922 2016 1042 2050 luptatis.
1053 2015 1108 2051 (82)
1122 2016 1254 2044 Caeterum
1266 2016 1298 2043 ad
1314 2016 1462 2052 perfectam
1480 2018 1577 2045 animae
1591 2019 1698 2054 purita-

922 2064 993 2093 tem,
1018 2061 1076 2087 sola
1093 2060 1214 2088 ciborum
1235 2061 1399 2089 abstinentia
1427 2070 1481 2090 non
1505 2062 1620 2095 sufﬁcit,
1645 2064 1699 2090 nisi

922 2111 1087 2134 concurrant
1109 2110 1212 2134 caetera:
1227 2107 1350 2135 virtutes.
1378 2107 1522 2136 Humilitas
1545 2109 1635 2143 itaque
1652 2117 1700 2144 per

923 2152 1102 2180 obedientiam
1119 2153 1145 2180 in
1167 2161 1257 2188 opere,
1272 2158 1300 2181 et
1323 2162 1371 2189 per
1387 2154 1557 2182 afflictionem
1578 2157 1700 2189 corporis

923 2205 1021 2233 magna
1037 2199 1116 2226 nobis
1132 2199 1238 2226 confert
1253 2200 1333 2226 bona.
1360 2200 1426 2227 Illud
1453 2205 1494 2228 est
1511 2201 1630 2228 avaritia:
1655 2209 1702 2228 ex-

923 2248 1025 2279 pertem
1040 2251 1110 2275 esse,
1126 2251 1180 2271 non
1197 2244 1277 2271 modo
1292 2244 1422 2280 pecunias
1441 2252 1495 2271 non
1511 2245 1626 2277 habere,
1653 2246 1701 2273 sed

923 2297 959 2316 ne
985 2289 1181 2324 concupiscere
1208 2290 1318 2325 quidem
1349 2290 1457 2317 illarum
1488 2292 1699 2326 possessionem.

924 2335 1050 2362 Animam
1071 2334 1104 2362 ad
1120 2336 1266 2370 puritatem
1281 2336 1391 2363 adducit
1405 2337 1534 2364 cohibitio
1548 2338 1604 2369 iraa,
1616 2339 1700 2372 tristi-

925 2382 979 2412 tiae.
992 2390 1068 2410 vanae
1083 2382 1185 2416 gloriae,
1199 2383 1340 2418 superbiae.
1359 2383 1420 2410 Haec
1440 2384 1530 2411 omnia
1548 2384 1701 2411 universam

924 2428 1020 2455 animae
1044 2429 1187 2463 puritatem
1204 2429 1332 2456 efficiunt.
1351 2428 1498 2457 Puritatem
1521 2435 1610 2457 autem
1629 2429 1700 2456 illam

924 2474 1021 2501 animae
1034 2474 1215 2508 peculiarem,
1242 2481 1301 2509 qua;
1315 2482 1362 2509 per
1381 2474 1586 2509 temperantiam
1601 2474 1703 2501 obtine-

925 2523 987 2551 tur,
1012 2519 1173 2546 abstinentia
1201 2519 1227 2546 in
1253 2519 1347 2554 primis
1363 2523 1390 2547 et
1414 2519 1548 2554 jejunium
1572 2519 1700 2546 efficiunt.

926 2563 1094 2599 lmpossibile
1117 2564 1217 2599 quippe
1239 2569 1281 2592 est
1302 2572 1363 2591 eum
1380 2565 1426 2599 qui
1448 2567 1524 2592 satur
1536 2568 1630 2591 ventre
1644 2568 1702 2596 est,

928 2610 1020 2637 animo
1050 2610 1191 2638 decertare
1217 2609 1348 2638 adversus
1359 2610 1484 2645 spiritum
1503 2609 1702 2638 fornicationis.

1036 2814 1103 2840 Ibid.
1115 2822 1139 2840 (ν.
1153 2814 1178 2841 8.

964 2848 1019 2883 (82)
1036 2849 1102 2876 Ibid.
1121 2857 1145 2876 ο.
1157 2850 1183 2876 9.
