1940 3068
251 117 306 147 ιτδ

830 116 858 143 S.
881 116 1111 146 ATHANASIUS.
1132 135 1166 140 —-
1185 118 1299 147 DUBlA.

1829 126 1892 154 876

252 169 309 207 (83)
318 171 437 198 Primum
447 171 536 206 itaque
544 170 624 198 nobis
634 171 670 198 sit
684 176 834 203 certamen,
843 177 873 199 ut
889 174 974 200 ventri
984 175 1020 200 im

1087 174 1134 200 καὶ
1152 176 1262 210 νηστεία
1281 177 1418 212 κατορθοῖ.
1442 178 1584 205 Ἀδύνατον
1610 180 1662 216 γὰρ
1685 181 1730 208 τὸν
1754 182 1806 218 τὴν
1832 192 1892 217 ’γα-

252 224 389 255 paremus,
398 225 553 252 corpusque
567 217 593 244 in
602 217 760 246 servitutem
774 218 941 247 deducamus
959 230 965 248 :
980 228 1034 247 non

251 262 334 290 modo
345 262 548 297 perjejunium,
558 262 605 289 sed
617 263 699 289 etiam
713 270 762 297 per
775 264 890 298 vigilias,
903 265 1034 296 laborem,

252 308 407 339 lectionem,
425 309 489 336 item
506 309 596 335 animo
612 308 792 343 concipiendo
809 310 937 345 gehennae
955 311 1036 338 timo~

252 362 320 387 rem,
337 358 364 381 et
378 354 542 382 desiderium
559 354 636 389 regni
651 354 794 382 cmlorum.

1089 220 1170 256 στέρα
1196 223 1393 257 κεκορεσμένον
1419 224 1570 260 πολεμῆσαι
1597 228 1665 253 κατά
1691 228 1814 259 διάνοιαν
1845 230 1892 265 τῷ

1089 265 1223 301 πνεύματι
1238 267 1286 302 τῆς
1299 268 1437 302 πορνείας.
1450 269 1598 305 Τοιγαροῦν
1611 271 1717 306 πρῶτος
1729 272 1801 299 ἔστω
1814 274 1890 308 ἡμῖν

1088 312 1163 346 ἀγὼν
1179 314 1209 340 τὸ
1224 316 1334 350 κρατεῖν
1347 315 1474 350 γαστρὸς,
1489 317 1535 342 καὶ
1551 316 1728 352 δουλαγωγεῖν
1740 319 1769 344 τὸ
1785 318 1888 354 σῶμα,

1088 359 1117 384 οὐ
1132 359 1212 393 μόνον
1231 360 1275 386 διὰ
1291 361 1425 396 νηστείας,
1441 361 1508 387 ἀλλὰ
1529 362 1576 388 καὶ
1596 362 1629 388 δι’
1646 363 1812 399 ἀγρυπνίας,
1835 366 1889 392 καὶ

250 401 346 432 κόπου,
363 402 408 428 καὶ
425 401 611 435 ἀναγνώσεως,
627 401 674 427 καὶ
691 401 738 428 τοῦ
762 401 888 436 συνάγειν
907 402 955 438 τὴν
978 402 1091 438 καρδίαν
1103 406 1142 437 εἰς
1153 406 1199 432 τὸν
1215 406 1297 441 φόϐον
1309 407 1358 442 τῆς
1371 407 1493 443 γεέννης,
1509 409 1556 434 καὶ
1585 409 1623 441 εἰς
1639 409 1685 436 τὸν
1715 409 1800 437 πόθον
1834 411 1890 445 τῆς

250 447 388 482 βασιλείας
401 448 455 474 τῶν
467 447 599 483 οὐρανῶνε

284 495 312 522 2.
329 495 384 530 (84)
401 495 556 522 Secundum
576 495 655 522 nobis
671 499 713 522 est
740 499 877 523 certamen
903 495 1035 523 adversus

250 541 376 576 spiritum
399 541 588 568 fornicationis
605 545 632 568 et
654 541 904 576 concupiscentiam
921 543 1014 569 carnis
1025 562 1033 574 ,

249 595 310 622 qua:
337 587 559 622 concupiscentia
584 594 599 613 a
625 587 754 621 primieva
783 592 862 615 atate
882 588 1032 616 molestiam

250 633 353 660 homini
370 640 464 660 creare
475 633 579 667 incipit.
596 632 722 668 Magnum
738 633 803 660 illud
823 641 958 669 grachue
970 641 1031 662 cer-

249 682 350 709 tamen,
363 678 465 713 duplici
491 682 621 706 constans
649 679 737 712 lucta;
759 679 859 714 duplex
883 679 956 706 enim
975 683 1032 712 est,

248 731 310 751 cum
323 724 349 751 in
365 731 479 758 corpore
491 729 518 751 et
529 725 556 751 in
573 725 663 751 anima
684 725 880 752 committatur.
903 725 1032 760 Quapro-

248 775 308 806 pter
323 770 424 806 duplici
437 774 544 805 oportet
559 778 620 797 cum
637 771 683 798 illo
698 779 787 806 pugna
808 770 964 806 conﬂigere.
981 771 1033 798 Ne-

248 824 301 852 que
316 817 388 844 enim
401 816 541 850 corporale
553 816 687 850 jejunium
699 817 769 844 satis
789 821 831 844 est.
856 817 889 843 ad
906 816 1033 851 perfecta:

247 863 433 897 temperantia:
448 862 650 897 possessionem
667 866 694 888 et
710 862 743 888 ad
759 869 853 889 veram
868 863 1033 895 castitatem,
1050 853 1070 881 Β

248 907 300 933 nisi
315 906 389 934 adsit
401 907 488 933 oratio
505 907 537 934 ad
560 906 643 934 Deum
662 907 791 939 assidua,
820 907 947 943 frequens
964 907 1034 935 divi-

247 960 343 980 narum
360 952 563 988 Scripturarum
589 952 738 986 meditatio,
757 953 836 980 labor
850 957 877 980 et
897 961 966 988 opus
979 962 1034 981 ma-

247 1005 343 1029 nuum,
364 1006 425 1033 quae
442 998 586 1026 instabiles
604 998 702 1025 anima:
720 999 838 1034 impetus
853 1000 1033 1034 comprimere

246 1047 372 1078 possunt,
387 1048 467 1078 atque
478 1043 550 1070 illam
569 1051 602 1071 ex
625 1043 750 1072 obscenis
766 1044 977 1080 cogitationibus
990 1053 1033 1074 re-

247 1096 353 1116 vocare.
367 1087 409 1115 Ad
425 1087 452 1115 id
465 1088 614 1123 praesertim
628 1087 736 1116 confert
753 1089 850 1116 anima:
871 1090 1011 1117 humilitas
1023 1111 1030 1123 ,

245 1133 315 1160 citra
332 1140 414 1168 quam
429 1141 481 1160 nec
497 1133 717 1167 fornicationem.
730 1142 781 1162 nec
795 1139 909 1162 caeteras
925 1136 1032 1170 passio-

245 1188 294 1208 nes
306 1181 404 1208 valebit
418 1180 554 1215 quiSpiam
576 1188 714 1216 superare.
731 1182 788 1217 (85)
807 1183 971 1217 Cumprimis
984 1182 1033 1209 ita-

245 1233 299 1261 que
317 1230 424 1260 oportet
446 1226 521 1253 omni
550 1226 676 1254 custodia
691 1235 739 1255 cor
757 1235 866 1256 servare
881 1236 895 1255 a
911 1228 1030 1256 sordidis

244 1271 456 1306 cogitationibus
483 1271 517 1298 “.
542 1270 580 1298 Ex
598 1279 630 1300 eo
651 1280 768 1308 namque
785 1273 929 1309 prodeunt,
952 1274 1030 1308 juxta

245 1315 350 1342 Domini
365 1323 458 1343 vocem
469 1336 477 1348 .
496 1317 675 1352 cogitationes
689 1319 766 1346 malae
779 1337 787 1352 ,
803 1319 890 1347 caedes
901 1339 908 1351 ,
923 1319 1031 1346 adulte—

243 1362 296 1391 n‘a.
308 1363 492 1390 scortationes
505 1366 532 1390 et
545 1366 642 1390 caetera
657 1363 690 1390 “.
707 1363 846 1399 Jejunium
862 1365 963 1400 quippe
975 1372 1030 1392 non

244 1407 327 1434 modo
339 1407 372 1434 ad
385 1407 558 1435 aﬂlictionem
574 1410 698 1443 corporis
717 1409 871 1445 injunctum
887 1411 1028 1442 nobisest,

244 1454 291 1481 sed
307 1454 388 1481 etiam
407 1454 439 1481 ad
458 1455 673 1489 -temperantiam
694 1457 802 1488 mentis,
833 1463 877 1489 ne,
907 1457 1029 1484 ciborum

244 1498 418 1526 multitudine
432 1499 620 1532 obtenebrata.
636 1508 691 1528 non
709 1502 794 1536 possit
806 1509 904 1530 cavere
926 1510 941 1529 a
958 1502 1029 1538 cogi-

245 1545 403 1572 tationibus.
418 1544 531 1580 Oportet
548 1547 631 1581 igitur
654 1554 708 1574 non
739 1547 827 1575 solum
845 1548 951 1583 jejunio
967 1556 1028 1576 cor-

243 1591 329 1626 porali
347 1599 455 1618 omnem
466 1599 561 1619 curam
589 1592 744 1628 impendere
755 1613 762 1625 ,
787 1593 835 1622 sed
847 1594 928 1622 etiam
944 1598 1030 1622 atten-

243 1637 311 1664 tioni
328 1637 360 1664 ad
375 1637 569 1672 cogitationes,
588 1642 616 1666 et
642 1639 778 1673 spirituali
795 1640 976 1672 meditationi,
989 1641 1029 1667 ci-

243 1686 285 1708 tra
299 1689 369 1717 quas
392 1683 559 1718 impossibile
576 1688 618 1712 est
639 1683 672 1710 ad
688 1691 819 1712 cacumen
836 1693 907 1712 vera:
921 1686 1029 1713 castita-

242 1729 278 1755 tis
293 1733 320 1756 et
342 1729 468 1764 puritatis
484 1729 641 1757 ascendere.
664 1730 800 1758 Convenit
828 1731 928 1766 igitur,
949 1731 1028 1765 juxta

244 1774 350 1802 Domini
363 1782 458 1802 lvocem
470 1796 477 1807 ,
497 1782 550 1802 uos
568 1775 698 1802 interiora
711 1775 804 1803 calicis
826 1780 852 1803 et
875 1777 1028 1812 paropsidis

242 1821 385 1853 inundare,
403 1825 431 1848 ut
445 1822 502 1848 sint
515 1821 651 1849 exteriora
664 1822 764 1849 munda
772 1822 805 1848 ι’.
817 1821 988 1858 Quapropter
1004 1825 1028 1852 si

241 1868 355 1894 cura~sit
365 1868 454 1898 nobis.
465 1867 710 1903 juxtaApostolum
723 1868 755 1901 ⁸³,
766 1868 886 1904 legitime
894 1870 1026 1903 certandi,

238 1917 268 1940 et
283 1921 410 1940 coronam
426 1913 587 1948 accipiendi,
600 1913 705 1942 devicto
717 1915 824 1950 impuro
840 1914 1027 1944 fornicationis

241 1959 357 1993 spiritu;
369 1967 402 1986 ne
413 1959 515 1987 nostris
523 1959 636 1992 viribus,
646 1967 680 1987 ne
693 1964 794 1988 nostra
805 1961 892 1989 ascesi
906 1961 1027 1989 conﬁda-

240 2004 361 2034 mus,sed
371 2005 540 2039 opitulationi
550 2004 655 2032 Domini
668 2005 724 2033 Dei.
737 2005 833 2034 Nullus
841 2007 912 2034 enim
920 2007 1024 2035 homini

241 2050 302 2077 finis
317 2050 548 2077 certaminis-cum
573 2050 706 2085 ejusmodi
720 2051 852 2083 daemone.
871 2052 959 2080 donec
981 2060 1026 2079 re-

238 2103 302 2122 vera
319 2095 411 2122 credat
422 2103 463 2128 se,
475 2103 528 2122 non
544 2103 594 2123 suo
603 2096 696 2123 studio
711 2101 758 2124 aut
772 2097 865 2125 labore
877 2119 883 2130 ,
907 2098 954 2125 sed
977 2098 1023 2126 Dei

239 2141 358 2188 ignpulsu
376 2145 403 2168 et
417 2141 518 2168 auxilio
535 2141 568 2167 ab
586 2141 743 2176 hujusmodi
756 2143 851 2170 morbo
862 2143 985 2175 liberari.
998 2148 1024 2171 et

238 2185 271 2213 ἐι]
281 2194 417 2214 summum
424 2187 559 2214 castitatis
569 2185 706 2222 fastigium
714 2188 1022 2224 ascendere.(86)Enim-
1038 2204 1059 2231 Β

237 2240 302 2260 vero
316 2240 397 2267 supra
413 2238 539 2260 naturam
560 2240 606 2260 res
632 2237 690 2265 est,
705 2238 731 2260 et
744 2234 835 2269 aliquo
851 2235 931 2262 modo
945 2240 1021 2263 extra

236 2286 337 2314 corpus
358 2279 476 2310 exsistit.
492 2278 538 2313 qui
563 2278 689 2306 stimulos
705 2279 794 2307 carnis
814 2280 929 2316 ejusque
946 2282 1022 2308 volu-

238 2328 326 2359 ptates
355 2325 481 2352 calcavit.
510 2324 601 2358 Quare
622 2325 790 2360 impossibile
816 2330 858 2354 est
885 2328 1021 2355 hominem

237 2370 306 2402 suis,
320 2376 350 2397 ut
367 2371 405 2398 ita
420 2371 520 2402 dicam,
538 2371 635 2406 pennis
658 2371 691 2398 ad
715 2372 767 2399 hoc
785 2379 915 2400 cacumen
940 2378 966 2400 et
988 2374 1022 2401 ad

237 2416 360 2444 bravium
376 2417 530 2444 sanctitatis
545 2416 682 2449 advolare,
700 2418 912 2454 angelorumque
928 2420 1020 2447 imita-

236 2466 322 2489 torem
335 2460 404 2488 eflici
416 2482 423 2493 ,
442 2461 496 2488 nisi
511 2461 586 2488 illum
601 2461 688 2496 gratia
697 2461 745 2489 Dei
762 2471 794 2490 ex
808 2467 880 2490 terra
899 2469 925 2491 et
941 2473 1020 2492 cteno

235 2508 344 2535 educat.
361 2506 438 2534 Nulla
455 2507 527 2534 enim
544 2507 644 2535 virtute
669 2508 795 2537 homines
821 2517 905 2537 carne
924 2511 1018 2546 illigati

235 2553 395 2581 ecelestibus
409 2553 512 2588 angelis
526 2553 672 2580 similiores
680 2553 844 2587 efﬁciuntur,
859 2563 939 2591 quam
949 2559 1018 2583 tem‘

237 2597 357 2632 perantia
373 2606 379 2624 :
396 2605 443 2632 per
468 2605 527 2624 eam
544 2598 627 2630 enim,
642 2598 707 2626 dum
730 2599 819 2627 adhuc
834 2600 862 2627 in
882 2605 954 2628 terra
971 2601 1018 2628 de-

236 2646 312 2677 gunt.
329 2642 439 2674 habent,
453 2642 532 2674 juxta
546 2642 717 2680 Apostol'um,
733 2644 969 2671 conversationem
989 2644 1017 2671 in

1121 494 1149 520 9..
1166 493 1296 529 Δεύτερος
1313 495 1386 520 ἐστιν
1401 496 1467 530 ἡμῖν
1481 494 1555 529 ἀγὼν
1571 495 1641 522 κατά
1654 495 1700 522 τοῦ
1723 499 1886 535 πνεύματος

1087 540 1136 574 τῆς
1161 540 1287 575 πορνείας
1310 540 1357 566 καὶ
1380 541 1429 576 τῆς
1451 540 1597 576 ἐπιθυμίας
1609 542 1658 576 τῆς
1680 544 1791 578 σαρκὸς,
1817 547 1885 581 ἥτις

1086 586 1217 621 ἐπιθυμία
1239 586 1292 612 ἀπὸ
1307 586 1418 621 πρώτης
1436 587 1545 622 ἡλικίας
1565 588 1677 624 ἄρχεται
1698 593 1884 627 παρενοχλεῖν

1086 631 1124 666 τῷ
1137 631 1282 667 ἀνθρώπῳ.
1300 631 1394 666 Μέγας
1409 628 1486 664 οὗτος
1499 635 1512 659 ὁ
1532 633 1607 667 ἀγὼν
1622 635 1668 661 καὶ
1684 636 1813 670 χαλεπὸς,
1832 639 1884 665 καὶ

1081 677 1181 712 -διπλῆν
1193 677 1261 712 ἔχων
1271 677 1320 713 τὴν
1335 677 1422 713 πάλην
1431 686 1438 692 ·
1453 678 1519 706 διότι
1532 677 1608 711 οὗτος
1620 680 1729 713 διπλοῦς
1741 683 1883 719 καθέστη-

1086 732 1144 755 κεν,
1157 724 1185 749 ὲν
1196 724 1231 758 τῇ
1242 723 1313 759 ψυχῇ
1327 724 1373 750 καὶ
1387 725 1415 750 ὲν
1427 723 1466 759 τῷ
1482 723 1587 760 σώματι
1604 727 1807 763 συνιστάμενος.
1824 730 1883 756 Καὶ

1085 768 1178 795 τούτου
1204 769 1282 804 χάριν
1297 769 1393 804 διπλῆν
1415 769 1466 804 χρὴ
1484 771 1544 796 κατ’
1556 771 1638 797 αὑτοῦ
1652 773 1697 798 καὶ
1718 774 1767 808 τὴν
1786 771 1882 810 πάλην

1083 813 1272 846 ἀναδέξασθαι.
1286 813 1357 840 Οὓτε
1373 814 1427 850 γὰρ
1445 815 1524 850 ἱκανὴ
1538 815 1654 851 ὑπάρχει
1669 817 1734 852 μόνη
1785 827 1881 854 σωμα-

1083 860 1146 896 τικὴ
1171 860 1281 896 νηστεία
1303 861 1370 895 πρὸς
1388 861 1482 896 κτῆσιν
1497 862 1546 896 τῆς
1560 863 1664 894 τελείας
1685 865 1878 900 σωφροσύνης,

1082 907 1131 933 καὶ
1147 906 1263 942 ἀληθοῦς
1275 907 1396 941 ἁγνείας,
1409 908 1433 933 εί
1449 907 1485 942 μὴ
1496 907 1542 933 καὶ
1557 908 1621 944 εὐχὴ
1637 909 1703 945 προς
1716 910 1782 937 Θεὸν
1795 912 1862 938 ὲκτε
1871 927 1878 932 -

1084 953 1142 989 νὴς,
1166 955 1212 981 καὶ
1228 954 1304 990 κοινὴ
1319 953 1374 980 τῶν
1389 954 1468 980 θείων
1491 955 1604 990 Γραφῶν
1629 956 1737 992 μελέτη,
1756 959 1805 984 καὶ
1823 959 1875 985 κά-

1082 1007 1170 1034 ματος
1183 999 1229 1026 καὶ
1241 999 1320 1035 ἔργον
1331 999 1440 1035 χειρῶν,
1455 1000 1525 1035 ἅπερ
1539 1000 1665 1027 δύνανται
1677 1001 1726 1033 τὰς
1736 1003 1875 1035 ἀστατοος

1082 1045 1170 1080 ὁρμὰς
1193 1045 1244 1079 τῆς
1259 1044 1346 1080 ψυχῆς
1367 1045 1530 1077 συστέλλειν,
1552 1046 1598 1072 καὶ
1620 1047 1652 1072 ὲκ
1674 1047 1727 1073 τῶν
1743 1048 1874 1084 *αἰσχρῶν

1083 1089 1237 1123 φαντασιῶν
1251 1089 1443 1117 ἀνακαλεῖσθαι
1457 1090 1541 1125 αὑτήν
1551 1100 1557 1105 ·
1572 1091 1624 1126 πρὸ
1637 1091 1666 1118 δὲ
1682 1092 1791 1120 πάντων
1807 1103 1874 1129 συμ-

1082 1135 1208 1162 6ἀλλεται
1223 1135 1386 1167 ταπείνωσις
1397 1135 1496 1171 ψυχῆς,
1508 1134 1541 1172 ἧς
1558 1137 1642 1172 χωρὶς
1655 1138 1715 1164 οὐδὲ
1729 1139 1871 1174 πορνείας,

1081 1181 1141 1207 οὐδὲ
1154 1180 1206 1207 τῶν
1230 1181 1316 1208 ἄλλων
1336 1181 1430 1208 ’παθῶν
1448 1181 1590 1217 δυνήσεταί
1608 1191 1650 1214 τις
1667 1184 1869 1219 περιγενέσθαι.

1081 1225 1295 1261 Προηγουμένως
1317 1226 1406 1252 τοίνυν
1422 1226 1474 1261 χρὴ
1492 1227 1565 1262 πάσῃ
1582 1227 1685 1263 φυλακῇ
1704 1230 1797 1263 τηρεῖν
1819 1230 1871 1265 τὴν

1080 1270 1194 1306 καρδίαν
1205 1271 1258 1297 ἀπὸ
1268 1271 1403 1306 λογισμῶν
1415 1272 1554 1307 ῥυπαρῶν.
1569 1273 1614 1298 Ἐκ
1624 1272 1677 1308 γὰρ
1687 1273 1788 1309 ταῦτης
1803 1283 1871 1310 προ-

1079 1316 1246 1352 εξέρχονται,
1259 1316 1328 1343 κατὰ
1343 1316 1391 1352 τὴν
1404 1316 1451 1343 τοῦ
1465 1317 1566 1353 Κυρίου
1583 1317 1683 1353 φωνὴν,
1699 1318 1869 1353 διαλογισμοὶ

1081 1360 1203 1397 πονηροὶ,
1219 1361 1303 1395 φόνοι,
1320 1362 1446 1396 μοιχεῖαι,
1459 1362 1593 1397 πορνεῖαι,
1603 1362 1649 1388 καὶ
1660 1361 1694 1388 τὰ
1707 1361 1797 1388 λοιπά.
1812 1363 1868 1389 Καὶ

1080 1407 1135 1442 γὰρ
1145 1408 1162 1442 ὴ
1178 1407 1288 1443 νηστεία
1299 1407 1337 1433 ὀὺ
1353 1407 1433 1442 μόνον
1442 1408 1510 1443 πρὸς
1523 1408 1670 1443 κακουχίαν
1683 1408 1730 1435 τοῦ
1740 1409 1868 1444 σώματος

1080 1453 1147 1487 ᾐμῖν
1155 1453 1364 1488 προστέτακται,
1381 1452 1448 1479 ἀλλὰ
1459 1453 1504 1479 καὶ
1516 1453 1582 1489 πρὸς
1593 1453 1672 1487 vith
1683 1453 1727 1479 τοῦ
1740 1455 1810 1485 νοὸς,
1824 1455 1867 1481 ἵνα

1082 1499 1131 1534 μὴ,
1146 1498 1185 1533 τῷ
1195 1498 1290 1534 πλήθει
1301 1498 1355 1525 τῶν
1372 1498 1523 1534 βρωμάτων
1537 1499 1697 1531 σκοτωθεὶς,
1710 1500 1866 1536 ἀδυνατήσῃ

1079 1544 1147 1579 πρὸς
1166 1543 1216 1579 τὴν
1233 1543 1288 1570 τῶν
1311 1543 1448 1579 λογισμῶν
1472 1544 1678 1580 παραψυλακήν.
1703 1545 1762 1581 Χρὴ
1776 1546 1865 1572 τοίνυν

1081 1589 1118 1624 μὴ
1134 1589 1212 1624 μόνον
1229 1590 1258 1615 ὲν
1271 1591 1304 1625 τῇ
1326 1590 1467 1625 σωματικῇ
1483 1590 1594 1625 νηστείᾳ
1610 1590 1658 1625 τὴν
1678 1591 1766 1617 πᾶσαν
1781 1599 1865 1619 σπου-

1078 1635 1126 1670 δὴν
1143 1635 1335 1667 ἐνδείκνυσθαι,
1353 1634 1480 1661 ἀλλὰ-καὶ
1495 1636 1523 1661 ὲν
1536 1637 1569 1670 τῇ
1583 1637 1700 1671 προσοχῇ
1722 1636 1776 1662 τῶν
1792 1637 1865 1671 λογι-

1079 1679 1166 1715 σμῶν,
1181 1680 1228 1706 καὶ
1242 1681 1270 1706 ὲν
1286 1681 1319 1716 τῇ
1338 1681 1507 1716 πνευματικῇ
1528 1681 1637 1717 μελέτῃ,
1649 1679 1686 1708 ὧν
1707 1683 1789 1718 χωρὶς
1801 1683 1865 1710 ἀδύ-

1078 1734 1157 1753 νατον
1171 1726 1236 1762 πρὸς
1255 1725 1286 1753 τὸ
1298 1727 1364 1762 ὕψος
1383 1726 1432 1762 τῆς
1448 1725 1562 1762 ἀληθοῦς
1585 1727 1696 1761 ἁγνείας
1713 1729 1759 1755 καὶ
1780 1729 1864 1756 καθα-

1079 1772 1190 1808 ρότητος
1211 1772 1342 1799 ἀνελθεῖν.
1362 1773 1499 1809 Προσήκει
1515 1774 1603 1801 τοίνυν
1618 1775 1691 1809 ἡμᾶς
1703 1774 1864 1810 ’καθαρίζειν

1078 1817 1219 1852 πρότερον,
1238 1818 1308 1845 κατὰ
1320 1818 1369 1854 τὴν
1382 1820 1428 1845 τοῦ
1448 1820 1549 1855 Κυρίου
1566 1820 1667 1855 φωνὴν,
1679 1817 1709 1846 τὸ
1723 1820 1796 1846 ἔνδον
1815 1820 1862 1846 τοῦ

1077 1863 1206 1898 ποτηρίου
1218 1863 1263 1890 καὶ
1276 1863 1324 1898 τῆς
1337 1864 1492 1900 παροψίδος,
1508 1865 1550 1891 ἵνα
1561 1865 1672 1900 γένηται
1683 1865 1729 1891 καὶ
1745 1865 1775 1891 τὸ
1784 1865 1866 1897 ἐκτὸς

1077 1909 1206 1944 καθαρόν.
1225 1909 1272 1935 Διὰ
1294 1910 1325 1946 δὴ
1347 1910 1435 1942 τοῦτο,
1452 1911 1476 1936 εί
1492 1910 1565 1938 ἔστιν
1584 1911 1649 1946 ἡμῖν
1663 1903 1773 1947 σπουδή,
1792 1912 1862 1938 κατὰ

1075 1955 1121 1982 τὸν
1137 1955 1306 1988 Ἀπόστολον,
1319 1957 1442 1991 νομίμως
1450 1957 1578 1992 ἁθλῆσαι,
1592 1958 1637 1984 καὶ
1646 1957 1860 1993 στεφανωθῆναι,

1075 2002 1238 2037 νικήσαντας
1261 2003 1291 2028 τὸ
1311 2002 1463 2038 ἀκάθαρτον
1483 2003 1589 2039 πνεῦμα
1603 2004 1652 2039 τῆς
1673 2004 1806 2039 πορνείας.
1823 2005 1860 2040 μὴ

1073 2049 1106 2082 τῇ
1125 2048 1247 2083 ἡμετέρα
1271 2048 1383 2084 δυνάμει
1407 2049 1423 2084 ἢ
1446 2050 1560 2084 ἀσκήσει
1585 2050 1776 2087 θαρρήσωμεν,
1792 2050 1860 2077 ἀλλὰ

1073 2095 1107 2129 τῇ
1133 2093 1242 2128 βοηθείᾳ⁴
1264 2093 1310 2120 τοῦ
1334 2094 1462 2120 δεσπότου
1486 2094 1564 2122 θεοῦ.
1590 2096 1627 2121 Οὐ
1643 2095 1757 2122 παύεται
1779 2097 1860 2132 γάρὸ

1074 2139 1217 2175 ἄνθρωπος
1240 2139 1442 2175 πολεμούμενος
1468 2140 1519 2167 ὕπὸ
1543 2141 1589 2167 τοῦ
1610 2141 1735 2176 δαίμονος
1753 2142 1857 2173 τούτου,

1073 2185 1126 2216 ἕως
1141 2182 1172 2211 οὗ
1189 2186 1217 2211 ὲν
1234 2185 1348 2221 ἀληθεία
1364 2186 1506 2223 πιστεύσῃ,
1521 2187 1560 2213 ὅτι
1584 2187 1633 2213 οὐκ
1655 2187 1708 2223 ίδίᾳ
1727 2187 1824 2223 σπουδῇ
1839 2188 1856 2224 ἢ

1074 2230 1197 2264 καμάτῳ,
1206 2230 1310 2265 ἀλλὰτῇ
1316 2230 1362 2256 τοῦ
1370 2230 1436 2257 Θεοῦ
1448 2232 1516 2266 ροπῇ
1526 2231 1572 2258 καὶ
1579 2231 1686 2266 βοηθείᾳ.
1694 2231 1859 2259 ἀπαλλάττε-

1073 2286 1117 2304 ται
1130 2278 1231 2312 ταύτης
1239 2277 1287 2313 τῆς
1295 2277 1384 2308 νόσου,
1395 2278 1441 2304 καὶ
1449 2278 1488 2309 εἰς
1499 2278 1527 2303 τὺ
1534 2278 1599 2312 ὕψος
1606 2278 1655 2313 τῆς
1663 2277 1772 2311 ἁγνείας
1780 2278 1824 2304 ἀνὲ
1828 2287 1856 2313 ρ-

1073 2332 1160 2358 χεται.
1178 2325 1232 2350 Καὶ
1246 2323 1300 2359 γὰρ
1312 2324 1382 2359 ὑπὲρ
1394 2323 1475 2359 φύσιν
1486 2324 1543 2350 ἐστὶ
1560 2323 1590 2349 τὸ
1605 2324 1730 2358 πρᾶγμα,
1748 2324 1856 2359 καὶτρό-

1073 2379 1123 2396 πον
1134 2369 1194 2396 τινὰ
1204 2369 1256 2402 ἔξω
1267 2369 1313 2396 τοῦ
1330 2369 1455 2405 σώματος
1470 2369 1582 2403 γίνεται,
1596 2368 1611 2395 ὃ
1623 2369 1686 2401 τοὺς
1699 2369 1856 2404 ὲρεθισμοὺς

1073 2413 1122 2450 τῆς
1144 2415 1244 2450 σαρκὺς
1265 2415 1312 2442 καὶ
1337 2415 1386 2446 τὰς
1409 2414 1504 2450 ἡδονὰς
1527 2416 1628 2450 ταύτης
1652 2416 1854 2450 καταπατήσας.

1074 2461 1129 2487 Καὶ
1146 2461 1240 2488 τούτου
1256 2462 1335 2497 χάριν
1347 2461 1475 2488 ἀδύνατόν
1486 2462 1559 2487 ἐστιν
1575 2461 1717 2496 ἄνθρωπον
1730 2462 1784 2492 τοῖς
1795 2469 1855 2486 πτε-

1074 2508 1140 2542 ροῖς,
1156 2507 1189 2533 ἵν’
1203 2507 1288 2539 οὓτως
1307 2506 1385 2535 εἴπω.
1403 2506 1470 2542 πρὸς
1485 2507 1516 2533 τὸ
1537 2506 1603 2541 ὕψος
1621 2506 1698 2532 τοῦτο
1717 2506 1764 2532 καὶ
1779 2506 1856 2541 οὐρᾶ-

1072 2562 1128 2579 νιον
1145 2553 1268 2588 βραϐεῖον
1281 2553 1329 2588 τῆς
1340 2553 1492 2587 ἁγιωσύνης
1504 2552 1666 2587 ἀναπτῆναι,
1682 2551 1728 2578 καὶ
1739 2551 1854 2586 μιμητὴν

1071 2599 1194 2633 ἀγγέλων
1210 2598 1349 2632 γενέσθαι·
1363 2599 1389 2624 εί
1403 2598 1439 2634 μὴ
1461 2599 1540 2634 χάρις
1555 2598 1623 2625 Θεοῦ
1637 2597 1730 2624 τοῦτον
1743 2597 1795 2624 ἀπὺ
1809 2598 1855 2632 τῆς

1077 2644 1122 2679 γῆς
1138 2645 1183 2671 καὶ
1203 2644 1249 2671 τοῦ
1269 2644 1397 2680 βορϐόρου
1417 2645 1557 2678 ἀναγάγοι.
1575 2644 1693 2679 Οὑδεμιᾷ
1709 2642 1763 2678 γὰρ
1777 2643 1854 2679 ἀρετῇ

266 2721 293 2738 ⁴³
311 2721 392 2750 Prov.
412 2729 447 2754 ιν,
465 2721 510 2748 95.
549 2721 570 2736 ⁸¹
592 2720 686 2748 Matth.
706 2729 750 2752 xv.
769 2720 812 2748 i9.
851 2720 874 2736 “
894 2720 989 2748 Matth.
1008 2729 1024 2748 x

1087 2740 1093 2751 ,
1111 2721 1157 2748 26.
1197 2721 1218 2736 "
1240 2720 1260 2746 ll
1278 2719 1351 2747 Tim.
1371 2729 1410 2752 ιι,
1429 2721 1455 2747 5.

342 2798 604 2841 ﬁassiagnlnstiml.
623 2799 640 2826 ι.
659 2805 696 2831 vt,
710 2805 734 2826 c.
752 2799 775 2826 L

270 2833 459 2870 (εδδ-ψεῖ
472 2833 501 2861 ε.

1113 2797 1169 2838 (86)
1185 2798 1252 2825 lbid.
1268 2805 1293 2825 ς.
1305 2797 1332 2825 6.
