  <div class='ocr_page' id='page_1' title='image "/cluster/home/n/w/nwhite01/storage/ocr_20150623/28/njp.32101007506148/450.png"; bbox 0 0 1940 3068; ppageno 0'>
   <div class='ocr_carea' id='block_1_1' title="bbox 113 121 163 152">
    <p class='ocr_par' dir='ltr' id='par_1_1' title="bbox 113 121 163 152">
     <span class='ocr_line' id='line_1_1' title="bbox 113 121 163 152; baseline -0.04 0"><span class='ocrx_word' id='word_1_1' title='bbox 113 121 163 152; x_wconf 72' lang='grc'><strong>8⁷⁵1</strong></span> 
     </span>
    </p>
   </div>
   <div class='ocr_carea' id='block_1_2' title="bbox 661 119 1146 150">
    <p class='ocr_par' dir='ltr' id='par_1_2' title="bbox 661 119 1146 150">
     <span class='ocr_line' id='line_1_2' title="bbox 661 119 1146 150; baseline 0 -1"><span class='ocrx_word' id='word_1_2' title='bbox 661 120 828 150; x_wconf 68' lang='lat' dir='ltr'><strong>EPISTOLA</strong></span> <span class='ocrx_word' id='word_1_3' title='bbox 848 121 868 148; x_wconf 85' lang='lat' dir='ltr'><strong>ll</strong></span> <span class='ocrx_word' id='word_1_4' title='bbox 889 121 933 148; x_wconf 78' lang='lat' dir='ltr'><strong>Al)</strong></span> <span class='ocrx_word' id='word_1_5' title='bbox 952 119 1146 149; x_wconf 75' lang='lat' dir='ltr'><strong>CASTOREM.</strong></span> 
     </span>
    </p>
   </div>
   <div class='ocr_carea' id='block_1_3' title="bbox 1667 117 1720 146">
    <p class='ocr_par' dir='ltr' id='par_1_3' title="bbox 1667 117 1720 146">
     <span class='ocr_line' id='line_1_3' title="bbox 1667 117 1720 146; baseline 0 0"><span class='ocrx_word' id='word_1_6' title='bbox 1667 117 1720 146; x_wconf 73' lang='grc' dir='ltr'><strong>επ</strong></span> 
     </span>
    </p>
   </div>
   <div class='ocr_carea' id='block_1_4' title="bbox 113 175 896 214">
    <p class='ocr_par' dir='ltr' id='par_1_4' title="bbox 113 177 893 214">
     <span class='ocr_line' id='line_1_4' title="bbox 113 177 893 214; baseline 0.001 -10"><span class='ocrx_word' id='word_1_7' title='bbox 113 177 213 213; x_wconf 78' lang='grc' dir='ltr'>μᾶλλον</span> <span class='ocrx_word' id='word_1_8' title='bbox 228 177 252 203; x_wconf 91' lang='grc' dir='ltr'>οι</span> <span class='ocrx_word' id='word_1_9' title='bbox 275 177 355 212; x_wconf 75' lang='grc' dir='ltr'>σαρκὶ</span> <span class='ocrx_word' id='word_1_10' title='bbox 378 177 559 213; x_wconf 74' lang='grc' dir='ltr'>συνδεδεμένοι</span> <span class='ocrx_word' id='word_1_11' title='bbox 582 177 718 214; x_wconf 80' lang='grc' dir='ltr'>ἅνθρωποι</span> <span class='ocrx_word' id='word_1_12' title='bbox 735 179 790 210; x_wconf 83' lang='grc' dir='ltr'>τοῖς</span> <span class='ocrx_word' id='word_1_13' title='bbox 811 179 893 213; x_wconf 74' lang='grc' dir='ltr'>οὐρα-</span> 
     </span>
    </p>
   </div>
   <div class='ocr_carea' id='block_1_5' title="bbox 946 175 1709 214">
    <p class='ocr_par' dir='ltr' id='par_1_5' title="bbox 946 175 1709 213">
     <span class='ocr_line' id='line_1_5' title="bbox 946 175 1709 213; baseline -0.005 -9"><span class='ocrx_word' id='word_1_14' title='bbox 946 178 1022 205; x_wconf 66' lang='lat' dir='ltr'><strong>caelis</strong></span> <span class='ocrx_word' id='word_1_15' title='bbox 1037 178 1068 206; x_wconf 73' lang='lat'><strong>“.</strong></span> <span class='ocrx_word' id='word_1_16' title='bbox 1084 179 1140 213; x_wconf 81' lang='lat'><strong>(87)</strong></span> <span class='ocrx_word' id='word_1_17' title='bbox 1153 177 1219 204; x_wconf 80' lang='lat' dir='ltr'><strong>Illud</strong></span> <span class='ocrx_word' id='word_1_18' title='bbox 1231 180 1320 204; x_wconf 71' lang='lat' dir='ltr'><strong>autem</strong></span> <span class='ocrx_word' id='word_1_19' title='bbox 1334 179 1375 204; x_wconf 69' lang='lat' dir='ltr'><strong>es:</strong></span> <span class='ocrx_word' id='word_1_20' title='bbox 1388 175 1494 203; x_wconf 75' lang='lat' dir='ltr'><strong>virtutis</strong></span> <span class='ocrx_word' id='word_1_21' title='bbox 1510 175 1622 210; x_wconf 74' lang='lat' dir='ltr'><strong>lmjusce</strong></span> <span class='ocrx_word' id='word_1_22' title='bbox 1637 181 1653 202; x_wconf 87' lang='lat' dir='ltr'><strong>a</strong></span> <span class='ocrx_word' id='word_1_23' title='bbox 1673 183 1709 201; x_wconf 92' lang='lat' dir='ltr'><strong>no</strong></span> 
     </span>
    </p>
   </div>
   <div class='ocr_carea' id='block_1_6' title="bbox 113 223 894 260">
    <p class='ocr_par' dir='ltr' id='par_1_6' title="bbox 113 223 894 260">
     <span class='ocr_line' id='line_1_6' title="bbox 113 223 894 260; baseline 0 -10"><span class='ocrx_word' id='word_1_24' title='bbox 113 223 179 254; x_wconf 88' lang='grc' dir='ltr'>νίοις</span> <span class='ocrx_word' id='word_1_25' title='bbox 193 223 317 257; x_wconf 76' lang='grc' dir='ltr'><strong>ἀγγέλοις</strong></span> <span class='ocrx_word' id='word_1_26' title='bbox 330 223 541 258; x_wconf 73' lang='grc' dir='ltr'>συνομοιοῦνται.</span> <span class='ocrx_word' id='word_1_27' title='bbox 555 225 592 255; x_wconf 73' lang='grc' dir='ltr'>ὼς</span> <span class='ocrx_word' id='word_1_28' title='bbox 609 225 641 259; x_wconf 86' lang='grc' dir='ltr'><strong>τῇ</strong></span> <span class='ocrx_word' id='word_1_29' title='bbox 658 224 817 260; x_wconf 76' lang='grc' dir='ltr'><strong>σωφροσύνῃ</strong></span> <span class='ocrx_word' id='word_1_30' title='bbox 829 233 836 239; x_wconf 87' lang='grc'><strong>·</strong></span> <span class='ocrx_word' id='word_1_31' title='bbox 849 224 894 250; x_wconf 73' lang='grc' dir='ltr'><strong>διὰ</strong></span> 
     </span>
    </p>
   </div>
   <div class='ocr_carea' id='block_1_7' title="bbox 112 269 894 305">
    <p class='ocr_par' dir='ltr' id='par_1_7' title="bbox 112 269 894 305">
     <span class='ocr_line' id='line_1_7' title="bbox 112 269 894 305; baseline 0.001 -10"><span class='ocrx_word' id='word_1_32' title='bbox 112 269 212 303; x_wconf 77' lang='grc' dir='ltr'><strong>ταύτης</strong></span> <span class='ocrx_word' id='word_1_33' title='bbox 227 269 290 304; x_wconf 87' lang='grc' dir='ltr'>γὰρ,</span> <span class='ocrx_word' id='word_1_34' title='bbox 306 269 345 295; x_wconf 69' lang='grc' dir='ltr'>ἔτι</span> <span class='ocrx_word' id='word_1_35' title='bbox 357 270 385 295; x_wconf 84' lang='grc' dir='ltr'>ὲν</span> <span class='ocrx_word' id='word_1_36' title='bbox 398 271 430 305; x_wconf 79' lang='grc' dir='ltr'>τῇ</span> <span class='ocrx_word' id='word_1_37' title='bbox 447 271 481 304; x_wconf 77' lang='grc' dir='ltr'><strong>γῇ</strong></span> <span class='ocrx_word' id='word_1_38' title='bbox 492 270 637 303; x_wconf 80' lang='grc' dir='ltr'><strong>διάγοντες,</strong></span> <span class='ocrx_word' id='word_1_39' title='bbox 657 270 757 304; x_wconf 76' lang='grc' dir='ltr'>έχουσι,</span> <span class='ocrx_word' id='word_1_40' title='bbox 772 270 840 296; x_wconf 81' lang='grc' dir='ltr'><strong>κατά</strong></span> <span class='ocrx_word' id='word_1_41' title='bbox 850 270 894 296; x_wconf 82' lang='grc' dir='ltr'><strong>τὸν</strong></span> 
     </span>
    </p>
   </div>
   <div class='ocr_carea' id='block_1_8' title="bbox 118 314 892 352">
    <p class='ocr_par' dir='ltr' id='par_1_8' title="bbox 118 314 892 352">
     <span class='ocr_line' id='line_1_8' title="bbox 118 314 892 352; baseline 0 -10"><span class='ocrx_word' id='word_1_42' title='bbox 118 314 288 346; x_wconf 71' lang='grc' dir='ltr'>Ἅπόῖτολον,</span> <span class='ocrx_word' id='word_1_43' title='bbox 299 315 328 341; x_wconf 73' lang='grc' dir='ltr'>τὸ</span> <span class='ocrx_word' id='word_1_44' title='bbox 342 315 490 350; x_wconf 84' lang='grc' dir='ltr'>πολίτευμα</span> <span class='ocrx_word' id='word_1_45' title='bbox 503 317 532 342; x_wconf 77' lang='grc' dir='ltr'><strong>έν</strong></span> <span class='ocrx_word' id='word_1_46' title='bbox 545 316 676 352; x_wconf 76' lang='grc' dir='ltr'><strong>οὐρανοῖς.</strong></span> <span class='ocrx_word' id='word_1_47' title='bbox 688 316 790 350; x_wconf 77' lang='grc' dir='ltr'><strong>Δεῖγμα</strong></span> <span class='ocrx_word' id='word_1_48' title='bbox 808 316 835 342; x_wconf 83' lang='grc' dir='ltr'>δὲ</span> <span class='ocrx_word' id='word_1_49' title='bbox 845 315 892 342; x_wconf 80' lang='grc' dir='ltr'><strong>τοῦ</strong></span> 
     </span>
    </p>
   </div>
   <div class='ocr_carea' id='block_1_9' title="bbox 113 360 893 396">
    <p class='ocr_par' dir='ltr' id='par_1_9' title="bbox 113 360 893 396">
     <span class='ocr_line' id='line_1_9' title="bbox 113 360 893 396; baseline 0.001 -9"><span class='ocrx_word' id='word_1_50' title='bbox 113 360 161 396; x_wconf 84' lang='grc' dir='ltr'>τὴν</span> <span class='ocrx_word' id='word_1_51' title='bbox 169 361 266 396; x_wconf 83' lang='grc' dir='ltr'>ἀρετὴν</span> <span class='ocrx_word' id='word_1_52' title='bbox 276 361 376 396; x_wconf 76' lang='grc' dir='ltr'>ταύτην</span> <span class='ocrx_word' id='word_1_53' title='bbox 383 361 616 396; x_wconf 74' lang='grc' dir='ltr'>κεκτῆσθαιὴμᾰς,</span> <span class='ocrx_word' id='word_1_54' title='bbox 627 361 657 387; x_wconf 83' lang='grc' dir='ltr'>τὸ</span> <span class='ocrx_word' id='word_1_55' title='bbox 666 361 731 396; x_wconf 78' lang='grc' dir='ltr'>μηδὲ</span> <span class='ocrx_word' id='word_1_56' title='bbox 741 363 804 396; x_wconf 85' lang='grc' dir='ltr'>μιᾶς</span> <span class='ocrx_word' id='word_1_57' title='bbox 811 362 893 388; x_wconf 73' lang='grc' dir='ltr'>εἰκόνι</span> 
     </span>
    </p>
   </div>
   <div class='ocr_carea' id='block_1_10' title="bbox 114 406 894 443">
    <p class='ocr_par' dir='ltr' id='par_1_10' title="bbox 114 406 894 443">
     <span class='ocr_line' id='line_1_10' title="bbox 114 406 894 443; baseline 0.001 -10"><span class='ocrx_word' id='word_1_58' title='bbox 114 407 230 442; x_wconf 83' lang='grc' dir='ltr'>αισχρᾶς</span> <span class='ocrx_word' id='word_1_59' title='bbox 241 407 389 438; x_wconf 80' lang='grc' dir='ltr'>φαντασίας</span> <span class='ocrx_word' id='word_1_60' title='bbox 400 407 427 432; x_wconf 75' lang='grc' dir='ltr'>ἐν</span> <span class='ocrx_word' id='word_1_61' title='bbox 436 408 491 438; x_wconf 82' lang='grc' dir='ltr'>τοῖς</span> <span class='ocrx_word' id='word_1_62' title='bbox 503 406 594 439; x_wconf 77' lang='grc' dir='ltr'>ὕπνοις</span> <span class='ocrx_word' id='word_1_63' title='bbox 604 407 652 442; x_wconf 76' lang='grc' dir='ltr'>τὴν</span> <span class='ocrx_word' id='word_1_64' title='bbox 664 407 751 443; x_wconf 74' lang='grc' dir='ltr'>ψυχὴν</span> <span class='ocrx_word' id='word_1_65' title='bbox 763 407 894 443; x_wconf 82' lang='grc' dir='ltr'>προστρέ-</span> 
     </span>
    </p>
   </div>
   <div class='ocr_carea' id='block_1_11' title="bbox 113 451 894 489">
    <p class='ocr_par' dir='ltr' id='par_1_11' title="bbox 113 451 894 489">
     <span class='ocr_line' id='line_1_11' title="bbox 113 451 894 489; baseline 0.003 -11"><span class='ocrx_word' id='word_1_66' title='bbox 113 460 182 488; x_wconf 82' lang='grc' dir='ltr'>χειν.</span> <span class='ocrx_word' id='word_1_67' title='bbox 191 452 221 478; x_wconf 81' lang='lat' dir='ltr'><strong>El</strong></span> <span class='ocrx_word' id='word_1_68' title='bbox 230 451 283 487; x_wconf 90' lang='grc' dir='ltr'><strong>γάρ</strong></span> <span class='ocrx_word' id='word_1_69' title='bbox 293 452 339 478; x_wconf 70' lang='grc' dir='ltr'>καὶ</span> <span class='ocrx_word' id='word_1_70' title='bbox 351 451 387 487; x_wconf 81' lang='grc' dir='ltr'>μὴ</span> <span class='ocrx_word' id='word_1_71' title='bbox 397 452 529 486; x_wconf 76' lang='grc' dir='ltr'>λογίζεται</span> <span class='ocrx_word' id='word_1_72' title='bbox 540 453 659 488; x_wconf 86' lang='grc' dir='ltr'>ἁμαρτία</span> <span class='ocrx_word' id='word_1_73' title='bbox 670 453 804 489; x_wconf 78' lang='grc' dir='ltr'>ἡτοιαύτη</span> <span class='ocrx_word' id='word_1_74' title='bbox 819 453 894 488; x_wconf 81' lang='grc' dir='ltr'>κίνη-</span> 
     </span>
    </p>
   </div>
   <div class='ocr_carea' id='block_1_12' title="bbox 114 498 894 535">
    <p class='ocr_par' dir='ltr' id='par_1_12' title="bbox 114 498 894 535">
     <span class='ocr_line' id='line_1_12' title="bbox 114 498 894 535; baseline 0.003 -12"><span class='ocrx_word' id='word_1_75' title='bbox 114 505 166 528; x_wconf 85' lang='grc' dir='ltr'>σις,</span> <span class='ocrx_word' id='word_1_76' title='bbox 180 498 254 532; x_wconf 76' lang='grc' dir='ltr'>ὅμως</span> <span class='ocrx_word' id='word_1_77' title='bbox 273 499 420 533; x_wconf 86' lang='grc' dir='ltr'>τεκμήριον</span> <span class='ocrx_word' id='word_1_78' title='bbox 438 498 552 534; x_wconf 80' lang='grc' dir='ltr'><strong>ὑπάρχει</strong></span> <span class='ocrx_word' id='word_1_79' title='bbox 567 498 614 525; x_wconf 81' lang='grc' dir='ltr'><strong>τοῦ</strong></span> <span class='ocrx_word' id='word_1_80' title='bbox 634 500 719 526; x_wconf 78' lang='grc' dir='ltr'><strong>νοσεῖν</strong></span> <span class='ocrx_word' id='word_1_81' title='bbox 733 500 782 535; x_wconf 86' lang='grc' dir='ltr'><strong>τὴν</strong></span> <span class='ocrx_word' id='word_1_82' title='bbox 797 499 894 535; x_wconf 74' lang='grc' dir='ltr'>ψυχὴν,</span> 
     </span>
    </p>
   </div>
   <div class='ocr_carea' id='block_1_13' title="bbox 113 543 894 581">
    <p class='ocr_par' dir='ltr' id='par_1_13' title="bbox 113 543 894 581">
     <span class='ocr_line' id='line_1_13' title="bbox 113 543 894 581; baseline 0.004 -12"><span class='ocrx_word' id='word_1_83' title='bbox 113 543 160 570; x_wconf 74' lang='grc' dir='ltr'>καὶ</span> <span class='ocrx_word' id='word_1_84' title='bbox 174 545 256 579; x_wconf 85' lang='grc' dir='ltr'><strong>μήπω</strong></span> <span class='ocrx_word' id='word_1_85' title='bbox 265 545 311 570; x_wconf 82' lang='grc' dir='ltr'><strong>τοῦ</strong></span> <span class='ocrx_word' id='word_1_86' title='bbox 328 544 428 576; x_wconf 86' lang='grc' dir='ltr'><strong>πάθους</strong></span> <span class='ocrx_word' id='word_1_87' title='bbox 443 544 623 580; x_wconf 81' lang='grc' dir='ltr'>ἀπηλλάχθαι.</span> <span class='ocrx_word' id='word_1_88' title='bbox 637 546 691 572; x_wconf 77' lang='grc' dir='ltr'><strong>Καὶ</strong></span> <span class='ocrx_word' id='word_1_89' title='bbox 705 545 800 572; x_wconf 85' lang='grc' dir='ltr'>τούτου</span> <span class='ocrx_word' id='word_1_90' title='bbox 815 547 894 581; x_wconf 84' lang='grc' dir='ltr'>χάριν</span> 
     </span>
    </p>
   </div>
   <div class='ocr_carea' id='block_1_14' title="bbox 113 588 895 626">
    <p class='ocr_par' dir='ltr' id='par_1_14' title="bbox 113 588 895 626">
     <span class='ocr_line' id='line_1_14' title="bbox 113 588 895 626; baseline 0.003 -11"><span class='ocrx_word' id='word_1_91' title='bbox 113 588 162 620; x_wconf 78' lang='grc' dir='ltr'><strong>τὰς</strong></span> <span class='ocrx_word' id='word_1_92' title='bbox 177 589 376 624; x_wconf 74' lang='grc' dir='ltr'>συμϐαινούσας</span> <span class='ocrx_word' id='word_1_93' title='bbox 391 590 454 625; x_wconf 81' lang='grc' dir='ltr'>ἡμῖν</span> <span class='ocrx_word' id='word_1_94' title='bbox 469 590 498 616; x_wconf 78' lang='grc' dir='ltr'>ἐν</span> <span class='ocrx_word' id='word_1_95' title='bbox 518 591 574 622; x_wconf 86' lang='grc' dir='ltr'>τοῖς</span> <span class='ocrx_word' id='word_1_96' title='bbox 590 590 684 622; x_wconf 81' lang='grc' dir='ltr'><strong>ὕπνοις</strong></span> <span class='ocrx_word' id='word_1_97' title='bbox 697 591 812 626; x_wconf 77' lang='grc' dir='ltr'>αἰσχρὰς</span> <span class='ocrx_word' id='word_1_98' title='bbox 829 599 895 625; x_wconf 81' lang='grc' dir='ltr'>φαν-</span> 
     </span>
    </p>
   </div>
   <div class='ocr_carea' id='block_1_15' title="bbox 113 633 895 671">
    <p class='ocr_par' dir='ltr' id='par_1_15' title="bbox 113 633 895 671">
     <span class='ocr_line' id='line_1_15' title="bbox 113 633 895 671; baseline 0.003 -11"><span class='ocrx_word' id='word_1_99' title='bbox 113 634 208 665; x_wconf 82' lang='grc' dir='ltr'>τασίας</span> <span class='ocrx_word' id='word_1_100' title='bbox 222 634 330 669; x_wconf 75' lang='grc' dir='ltr'>ἔλεγχον</span> <span class='ocrx_word' id='word_1_101' title='bbox 345 633 412 661; x_wconf 70' lang='grc' dir='ltr'>εἶναι</span> <span class='ocrx_word' id='word_1_102' title='bbox 428 636 477 670; x_wconf 84' lang='grc' dir='ltr'>τῆς</span> <span class='ocrx_word' id='word_1_103' title='bbox 494 635 680 671; x_wconf 82' lang='grc' dir='ltr'>προλαϐούσης</span> <span class='ocrx_word' id='word_1_104' title='bbox 696 635 831 671; x_wconf 70' lang='grc' dir='ltr'>ῥᾳθυμίας</span> <span class='ocrx_word' id='word_1_105' title='bbox 848 636 895 662; x_wconf 74' lang='grc' dir='ltr'>καὶ</span> 
     </span>
    </p>
   </div>
   <div class='ocr_carea' id='block_1_16' title="bbox 113 679 895 716">
    <p class='ocr_par' dir='ltr' id='par_1_16' title="bbox 113 679 895 716">
     <span class='ocr_line' id='line_1_16' title="bbox 113 679 895 716; baseline 0.004 -11"><span class='ocrx_word' id='word_1_106' title='bbox 113 679 163 714; x_wconf 85' lang='grc' dir='ltr'>τῆς</span> <span class='ocrx_word' id='word_1_107' title='bbox 181 679 210 705; x_wconf 82' lang='grc' dir='ltr'>ὲν</span> <span class='ocrx_word' id='word_1_108' title='bbox 231 680 296 714; x_wconf 82' lang='grc' dir='ltr'>ἡμῖν</span> <span class='ocrx_word' id='word_1_109' title='bbox 321 679 460 711; x_wconf 76' lang='grc' dir='ltr'><strong>ἀσθενείας</strong></span> <span class='ocrx_word' id='word_1_110' title='bbox 480 680 613 706; x_wconf 83' lang='grc' dir='ltr'><strong>πιστεύειν</strong></span> <span class='ocrx_word' id='word_1_111' title='bbox 632 681 784 716; x_wconf 84' lang='grc' dir='ltr'>ὀφείλομεν,</span> <span class='ocrx_word' id='word_1_112' title='bbox 801 683 828 707; x_wconf 80' lang='grc' dir='ltr'><strong>εν</strong></span> <span class='ocrx_word' id='word_1_113' title='bbox 840 683 895 713; x_wconf 73' lang='grc' dir='ltr'>τοῖς</span> 
     </span>
    </p>
   </div>
   <div class='ocr_carea' id='block_1_17' title="bbox 113 723 894 760">
    <p class='ocr_par' dir='ltr' id='par_1_17' title="bbox 113 723 894 760">
     <span class='ocr_line' id='line_1_17' title="bbox 113 723 894 760; baseline 0.004 -11"><span class='ocrx_word' id='word_1_114' title='bbox 113 723 281 759; x_wconf 78' lang='grc' dir='ltr'>ἁποκρύιροις</span> <span class='ocrx_word' id='word_1_115' title='bbox 295 725 344 758; x_wconf 84' lang='grc' dir='ltr'>τῆς</span> <span class='ocrx_word' id='word_1_116' title='bbox 358 723 446 758; x_wconf 70' lang='grc' dir='ltr'>ψυχῆς</span> <span class='ocrx_word' id='word_1_117' title='bbox 460 725 705 760; x_wconf 77' lang='grc' dir='ltr'><strong>ἀποκεκρυμμένην</strong></span> <span class='ocrx_word' id='word_1_118' title='bbox 720 725 796 752; x_wconf 81' lang='grc' dir='ltr'>νόσον</span> <span class='ocrx_word' id='word_1_119' title='bbox 812 734 894 760; x_wconf 80' lang='grc' dir='ltr'>φανε-</span> 
     </span>
    </p>
   </div>
   <div class='ocr_carea' id='block_1_18' title="bbox 115 770 893 808">
    <p class='ocr_par' dir='ltr' id='par_1_18' title="bbox 115 770 893 808">
     <span class='ocr_line' id='line_1_18' title="bbox 115 770 893 808; baseline 0.004 -12"><span class='ocrx_word' id='word_1_120' title='bbox 115 770 274 806; x_wconf 84' lang='grc' dir='ltr'>ροποιούσης</span> <span class='ocrx_word' id='word_1_121' title='bbox 296 770 345 805; x_wconf 82' lang='grc' dir='ltr'>τῆς</span> <span class='ocrx_word' id='word_1_122' title='bbox 369 771 512 806; x_wconf 79' lang='grc' dir='ltr'>γινομένης</span> <span class='ocrx_word' id='word_1_123' title='bbox 532 771 634 806; x_wconf 78' lang='grc' dir='ltr'>ῥύσεως</span> <span class='ocrx_word' id='word_1_124' title='bbox 655 772 683 798; x_wconf 85' lang='grc' dir='ltr'>ὲν</span> <span class='ocrx_word' id='word_1_125' title='bbox 695 773 726 808; x_wconf 81' lang='grc' dir='ltr'><strong>τῇ</strong></span> <span class='ocrx_word' id='word_1_126' title='bbox 742 772 788 798; x_wconf 84' lang='grc' dir='ltr'><strong>τοῦ</strong></span> <span class='ocrx_word' id='word_1_127' title='bbox 811 773 893 799; x_wconf 78' lang='grc' dir='ltr'>ὕπνου</span> 
     </span>
    </p>
   </div>
   <div class='ocr_carea' id='block_1_19' title="bbox 113 817 893 854">
    <p class='ocr_par' dir='ltr' id='par_1_19' title="bbox 113 817 893 854">
     <span class='ocr_line' id='line_1_19' title="bbox 113 817 893 854; baseline 0.004 -11"><span class='ocrx_word' id='word_1_128' title='bbox 113 817 213 843; x_wconf 83' lang='grc' dir='ltr'>ἀνέσει.</span> <span class='ocrx_word' id='word_1_129' title='bbox 228 817 273 843; x_wconf 80' lang='grc' dir='ltr'>Διδ</span> <span class='ocrx_word' id='word_1_130' title='bbox 289 818 335 844; x_wconf 80' lang='grc' dir='ltr'>καὶ</span> <span class='ocrx_word' id='word_1_131' title='bbox 355 818 368 843; x_wconf 83' lang='grc' dir='ltr'><strong>ὁ</strong></span> <span class='ocrx_word' id='word_1_132' title='bbox 386 817 476 852; x_wconf 72' lang='grc' dir='ltr'>ἰατρὸς</span> <span class='ocrx_word' id='word_1_133' title='bbox 491 817 543 844; x_wconf 79' lang='grc' dir='ltr'>τῶν</span> <span class='ocrx_word' id='word_1_134' title='bbox 554 818 646 854; x_wconf 81' lang='grc' dir='ltr'>ψυχῶν</span> <span class='ocrx_word' id='word_1_135' title='bbox 661 819 689 845; x_wconf 86' lang='grc' dir='ltr'>ὲν</span> <span class='ocrx_word' id='word_1_136' title='bbox 703 820 758 850; x_wconf 88' lang='grc' dir='ltr'>τοῖς</span> <span class='ocrx_word' id='word_1_137' title='bbox 773 820 893 854; x_wconf 81' lang='grc' dir='ltr'>ἀποκρύ-</span> 
     </span>
    </p>
   </div>
   <div class='ocr_carea' id='block_1_20' title="bbox 945 220 1720 258">
    <p class='ocr_par' dir='ltr' id='par_1_20' title="bbox 945 220 1720 258">
     <span class='ocr_line' id='line_1_20' title="bbox 945 220 1720 258; baseline -0.005 -8"><span class='ocrx_word' id='word_1_138' title='bbox 945 223 989 251; x_wconf 81' lang='lat' dir='ltr'><strong>bis</strong></span> <span class='ocrx_word' id='word_1_139' title='bbox 1006 224 1146 258; x_wconf 66' lang='lat' dir='ltr'><strong>acquisita;</strong></span> <span class='ocrx_word' id='word_1_140' title='bbox 1172 223 1301 250; x_wconf 85' lang='lat' dir='ltr'><strong>indicium</strong></span> <span class='ocrx_word' id='word_1_141' title='bbox 1318 231 1325 249; x_wconf 84' lang='lat'><strong>:</strong></span> <span class='ocrx_word' id='word_1_142' title='bbox 1343 223 1366 250; x_wconf 88' lang='lat' dir='ltr'><strong>si</strong></span> <span class='ocrx_word' id='word_1_143' title='bbox 1387 221 1462 249; x_wconf 88' lang='lat' dir='ltr'><strong>nulla</strong></span> <span class='ocrx_word' id='word_1_144' title='bbox 1486 221 1613 248; x_wconf 66' lang='lat' dir='ltr'><strong>obscena:</strong></span> <span class='ocrx_word' id='word_1_145' title='bbox 1636 220 1720 255; x_wconf 86' lang='lat' dir='ltr'><strong>phan-</strong></span> 
     </span>
    </p>
   </div>
   <div class='ocr_carea' id='block_1_21' title="bbox 947 265 1722 303">
    <p class='ocr_par' dir='ltr' id='par_1_21' title="bbox 947 265 1722 303">
     <span class='ocr_line' id='line_1_21' title="bbox 947 265 1722 303; baseline -0.001 -9"><span class='ocrx_word' id='word_1_146' title='bbox 947 268 1022 296; x_wconf 66' lang='lat' dir='ltr'><strong>tasia!</strong></span> <span class='ocrx_word' id='word_1_147' title='bbox 1039 269 1127 303; x_wconf 75' lang='lat' dir='ltr'><strong>imago</strong></span> <span class='ocrx_word' id='word_1_148' title='bbox 1146 269 1304 296; x_wconf 75' lang='lat' dir='ltr'><strong>dormientis</strong></span> <span class='ocrx_word' id='word_1_149' title='bbox 1335 268 1428 295; x_wconf 87' lang='lat' dir='ltr'><strong>subeat</strong></span> <span class='ocrx_word' id='word_1_150' title='bbox 1454 268 1585 294; x_wconf 83' lang='lat' dir='ltr'><strong>animum.</strong></span> <span class='ocrx_word' id='word_1_151' title='bbox 1610 265 1722 293; x_wconf 76' lang='lat' dir='ltr'><strong>Etiamsi</strong></span> 
     </span>
    </p>
   </div>
   <div class='ocr_carea' id='block_1_22' title="bbox 947 311 1721 348">
    <p class='ocr_par' dir='ltr' id='par_1_22' title="bbox 947 311 1721 348">
     <span class='ocr_line' id='line_1_22' title="bbox 947 311 1721 348; baseline -0.006 -8"><span class='ocrx_word' id='word_1_152' title='bbox 947 314 1018 340; x_wconf 87' lang='lat' dir='ltr'><strong>enim</strong></span> <span class='ocrx_word' id='word_1_153' title='bbox 1038 319 1177 348; x_wconf 83' lang='lat' dir='ltr'><strong>peccatum</strong></span> <span class='ocrx_word' id='word_1_154' title='bbox 1203 321 1257 340; x_wconf 90' lang='lat' dir='ltr'><strong>non</strong></span> <span class='ocrx_word' id='word_1_155' title='bbox 1278 316 1417 347; x_wconf 94' lang='lat' dir='ltr'><strong>reputatur</strong></span> <span class='ocrx_word' id='word_1_156' title='bbox 1445 311 1598 346; x_wconf 86' lang='lat' dir='ltr'><strong>hujusmodi</strong></span> <span class='ocrx_word' id='word_1_157' title='bbox 1621 314 1721 341; x_wconf 79' lang='lat' dir='ltr'><strong>motus.</strong></span> 
     </span>
    </p>
   </div>
   <div class='ocr_carea' id='block_1_23' title="bbox 948 355 1722 394">
    <p class='ocr_par' dir='ltr' id='par_1_23' title="bbox 948 355 1722 394">
     <span class='ocr_line' id='line_1_23' title="bbox 948 355 1722 394; baseline -0.005 -9"><span class='ocrx_word' id='word_1_158' title='bbox 948 360 1054 393; x_wconf 78' lang='lat' dir='ltr'><strong>signum</strong></span> <span class='ocrx_word' id='word_1_159' title='bbox 1078 363 1168 386; x_wconf 87' lang='lat' dir='ltr'><strong>tatncn</strong></span> <span class='ocrx_word' id='word_1_160' title='bbox 1186 363 1227 386; x_wconf 87' lang='lat' dir='ltr'><strong>est</strong></span> <span class='ocrx_word' id='word_1_161' title='bbox 1243 359 1399 394; x_wconf 64' lang='lat' dir='ltr'><strong>aegrotantis</strong></span> <span class='ocrx_word' id='word_1_162' title='bbox 1415 365 1446 385; x_wconf 90' lang='lat' dir='ltr'><strong>ac</strong></span> <span class='ocrx_word' id='word_1_163' title='bbox 1461 358 1580 385; x_wconf 87' lang='lat' dir='ltr'><strong>nondum</strong></span> <span class='ocrx_word' id='word_1_164' title='bbox 1596 355 1722 391; x_wconf 84' lang='lat' dir='ltr'><strong>passione</strong></span> 
     </span>
    </p>
   </div>
   <div class='ocr_carea' id='block_1_24' title="bbox 946 402 1722 440">
    <p class='ocr_par' dir='ltr' id='par_1_24' title="bbox 946 402 1722 440">
     <span class='ocr_line' id='line_1_24' title="bbox 946 402 1722 440; baseline -0.005 -8"><span class='ocrx_word' id='word_1_165' title='bbox 946 405 1079 440; x_wconf 80' lang='lat' dir='ltr'><strong>319tali</strong></span> <span class='ocrx_word' id='word_1_166' title='bbox 1090 405 1321 432; x_wconf 66' lang='lat' dir='ltr'><strong>liberatazanimz.</strong></span> <span class='ocrx_word' id='word_1_167' title='bbox 1333 403 1512 437; x_wconf 76' lang='lat' dir='ltr'><strong>Quamobrem</strong></span> <span class='ocrx_word' id='word_1_168' title='bbox 1522 403 1654 430; x_wconf 87' lang='lat' dir='ltr'><strong>obscenas</strong></span> <span class='ocrx_word' id='word_1_169' title='bbox 1662 402 1722 429; x_wconf 77' lang='lat' dir='ltr'><strong>illas</strong></span> 
     </span>
    </p>
   </div>
   <div class='ocr_carea' id='block_1_25' title="bbox 946 450 1723 485">
    <p class='ocr_par' dir='ltr' id='par_1_25' title="bbox 946 450 1723 485">
     <span class='ocr_line' id='line_1_25' title="bbox 946 450 1723 485; baseline -0.003 -9"><span class='ocrx_word' id='word_1_170' title='bbox 946 451 1102 485; x_wconf 68' lang='lat' dir='ltr'><strong>phantasias</strong></span> <span class='ocrx_word' id='word_1_171' title='bbox 1122 450 1192 477; x_wconf 84' lang='lat' dir='ltr'><strong>inter</strong></span> <span class='ocrx_word' id='word_1_172' title='bbox 1216 450 1406 478; x_wconf 87' lang='lat' dir='ltr'><strong>dormiendutn</strong></span> <span class='ocrx_word' id='word_1_173' title='bbox 1430 451 1606 475; x_wconf 72' lang='lat' dir='ltr'><strong>occurrentes</strong></span> <span class='ocrx_word' id='word_1_174' title='bbox 1627 451 1723 483; x_wconf 70' lang='lat' dir='ltr'><strong>putare</strong></span> 
     </span>
    </p>
   </div>
   <div class='ocr_carea' id='block_1_26' title="bbox 948 493 1722 529">
    <p class='ocr_par' dir='ltr' id='par_1_26' title="bbox 948 493 1722 529">
     <span class='ocr_line' id='line_1_26' title="bbox 948 493 1722 529; baseline -0.003 -9"><span class='ocrx_word' id='word_1_175' title='bbox 948 494 1078 521; x_wconf 83' lang='lat' dir='ltr'><strong>debemus</strong></span> <span class='ocrx_word' id='word_1_176' title='bbox 1098 501 1159 521; x_wconf 82' lang='lat' dir='ltr'><strong>esse</strong></span> <span class='ocrx_word' id='word_1_177' title='bbox 1172 495 1351 529; x_wconf 58' lang='lat' dir='ltr'><strong>pl‘gcedentis</strong></span> <span class='ocrx_word' id='word_1_178' title='bbox 1374 493 1498 528; x_wconf 75' lang='lat' dir='ltr'><strong>segnitiei</strong></span> <span class='ocrx_word' id='word_1_179' title='bbox 1521 499 1722 528; x_wconf 80' lang='lat' dir='ltr'><strong>argumentum,</strong></span> 
     </span>
    </p>
   </div>
   <div class='ocr_carea' id='block_1_27' title="bbox 945 538 1724 573">
    <p class='ocr_par' dir='ltr' id='par_1_27' title="bbox 945 538 1724 573">
     <span class='ocr_line' id='line_1_27' title="bbox 945 538 1724 573; baseline 0 -10"><span class='ocrx_word' id='word_1_180' title='bbox 945 542 1026 573; x_wconf 82' lang='lat' dir='ltr'><strong>atque</strong></span> <span class='ocrx_word' id='word_1_181' title='bbox 1042 542 1144 566; x_wconf 75' lang='lat' dir='ltr'><strong>nostra:</strong></span> <span class='ocrx_word' id='word_1_182' title='bbox 1167 538 1344 569; x_wconf 81' lang='lat' dir='ltr'><strong>inﬁrmitatis,</strong></span> <span class='ocrx_word' id='word_1_183' title='bbox 1369 538 1547 572; x_wconf 86' lang='lat' dir='ltr'><strong>morbumque</strong></span> <span class='ocrx_word' id='word_1_184' title='bbox 1564 538 1591 563; x_wconf 92' lang='lat' dir='ltr'><strong>in</strong></span> <span class='ocrx_word' id='word_1_185' title='bbox 1618 541 1724 564; x_wconf 85' lang='lat' dir='ltr'><strong>secreto</strong></span> 
     </span>
    </p>
   </div>
   <div class='ocr_carea' id='block_1_28' title="bbox 944 583 1724 619">
    <p class='ocr_par' dir='ltr' id='par_1_28' title="bbox 944 583 1724 619">
     <span class='ocr_line' id='line_1_28' title="bbox 944 583 1724 619; baseline -0.001 -9"><span class='ocrx_word' id='word_1_186' title='bbox 944 583 1037 611; x_wconf 82' lang='lat' dir='ltr'><strong>cordis</strong></span> <span class='ocrx_word' id='word_1_187' title='bbox 1050 584 1136 611; x_wconf 78' lang='lat' dir='ltr'><strong>nostri</strong></span> <span class='ocrx_word' id='word_1_188' title='bbox 1148 584 1275 611; x_wconf 89' lang='lat' dir='ltr'><strong>latentem</strong></span> <span class='ocrx_word' id='word_1_189' title='bbox 1292 584 1378 619; x_wconf 84' lang='lat' dir='ltr'><strong>aperit</strong></span> <span class='ocrx_word' id='word_1_190' title='bbox 1391 584 1508 611; x_wconf 79' lang='lat' dir='ltr'><strong>cessatio</strong></span> <span class='ocrx_word' id='word_1_191' title='bbox 1519 583 1616 611; x_wconf 87' lang='lat' dir='ltr'><strong>somnii</strong></span> <span class='ocrx_word' id='word_1_192' title='bbox 1629 590 1724 618; x_wconf 78' lang='lat' dir='ltr'><strong>exper-</strong></span> 
     </span>
    </p>
   </div>
   <div class='ocr_carea' id='block_1_29' title="bbox 945 627 1725 664">
    <p class='ocr_par' dir='ltr' id='par_1_29' title="bbox 945 627 1725 664">
     <span class='ocr_line' id='line_1_29' title="bbox 945 627 1725 664; baseline 0 -10"><span class='ocrx_word' id='word_1_193' title='bbox 945 627 1086 662; x_wconf 75' lang='lat' dir='ltr'><strong>giscentis.</strong></span> <span class='ocrx_word' id='word_1_194' title='bbox 1103 628 1159 664; x_wconf 85' lang='lat'><strong>(88)</strong></span> <span class='ocrx_word' id='word_1_195' title='bbox 1173 628 1262 661; x_wconf 81' lang='lat' dir='ltr'><strong>Quare</strong></span> <span class='ocrx_word' id='word_1_196' title='bbox 1277 629 1428 655; x_wconf 88' lang='lat' dir='ltr'><strong>animarum</strong></span> <span class='ocrx_word' id='word_1_197' title='bbox 1444 628 1567 656; x_wconf 88' lang='lat' dir='ltr'><strong>medicus</strong></span> <span class='ocrx_word' id='word_1_198' title='bbox 1584 628 1611 655; x_wconf 88' lang='lat' dir='ltr'><strong>in</strong></span> <span class='ocrx_word' id='word_1_199' title='bbox 1627 628 1725 654; x_wconf 73' lang='lat' dir='ltr'><strong>animm</strong></span> 
     </span>
    </p>
   </div>
   <div class='ocr_carea' id='block_1_30' title="bbox 945 674 1724 709">
    <p class='ocr_par' dir='ltr' id='par_1_30' title="bbox 945 674 1724 709">
     <span class='ocr_line' id='line_1_30' title="bbox 945 674 1724 709; baseline 0 -9"><span class='ocrx_word' id='word_1_200' title='bbox 945 674 1132 707; x_wconf 84' lang='lat' dir='ltr'><strong>penetralibus</strong></span> <span class='ocrx_word' id='word_1_201' title='bbox 1157 674 1319 701; x_wconf 80' lang='lat' dir='ltr'><strong>medicinam</strong></span> <span class='ocrx_word' id='word_1_202' title='bbox 1350 674 1489 709; x_wconf 84' lang='lat' dir='ltr'><strong>reposuit,</strong></span> <span class='ocrx_word' id='word_1_203' title='bbox 1514 681 1614 709; x_wconf 74' lang='lat' dir='ltr'><strong>gnarus</strong></span> <span class='ocrx_word' id='word_1_204' title='bbox 1637 674 1724 701; x_wconf 83' lang='lat' dir='ltr'><strong>morbi</strong></span> 
     </span>
    </p>
   </div>
   <div class='ocr_carea' id='block_1_31' title="bbox 945 719 1725 754">
    <p class='ocr_par' dir='ltr' id='par_1_31' title="bbox 945 719 1725 754">
     <span class='ocr_line' id='line_1_31' title="bbox 945 719 1725 754; baseline 0.004 -10"><span class='ocrx_word' id='word_1_205' title='bbox 945 725 1043 746; x_wconf 85' lang='lat' dir='ltr'><strong>causas</strong></span> <span class='ocrx_word' id='word_1_206' title='bbox 1063 719 1129 746; x_wconf 89' lang='lat' dir='ltr'><strong>inibi</strong></span> <span class='ocrx_word' id='word_1_207' title='bbox 1143 727 1215 751; x_wconf 88' lang='lat' dir='ltr'><strong>esse,</strong></span> <span class='ocrx_word' id='word_1_208' title='bbox 1233 719 1297 746; x_wconf 91' lang='lat' dir='ltr'><strong>dum</strong></span> <span class='ocrx_word' id='word_1_209' title='bbox 1314 719 1352 746; x_wconf 87' lang='lat' dir='ltr'><strong>ait</strong></span> <span class='ocrx_word' id='word_1_210' title='bbox 1369 727 1375 744; x_wconf 89' lang='lat'><strong>:</strong></span> <span class='ocrx_word' id='word_1_211' title='bbox 1395 729 1404 744; x_wconf 79' lang='grc' dir='ltr'><strong>ι</strong></span> <span class='ocrx_word' id='word_1_212' title='bbox 1427 720 1480 752; x_wconf 79' lang='lat' dir='ltr'><strong>Qui</strong></span> <span class='ocrx_word' id='word_1_213' title='bbox 1496 719 1607 754; x_wconf 86' lang='lat' dir='ltr'><strong>respicit</strong></span> <span class='ocrx_word' id='word_1_214' title='bbox 1628 719 1725 747; x_wconf 81' lang='lat' dir='ltr'><strong>mulie-</strong></span> 
     </span>
    </p>
   </div>
   <div class='ocr_carea' id='block_1_32' title="bbox 944 763 1725 799">
    <p class='ocr_par' dir='ltr' id='par_1_32' title="bbox 944 763 1725 799">
     <span class='ocr_line' id='line_1_32' title="bbox 944 763 1725 799; baseline 0.005 -10"><span class='ocrx_word' id='word_1_215' title='bbox 944 770 1001 790; x_wconf 89' lang='lat' dir='ltr'><strong>rem</strong></span> <span class='ocrx_word' id='word_1_216' title='bbox 1025 763 1058 790; x_wconf 90' lang='lat' dir='ltr'><strong>ad</strong></span> <span class='ocrx_word' id='word_1_217' title='bbox 1075 765 1321 799; x_wconf 83' lang='lat' dir='ltr'><strong>concupiscendum</strong></span> <span class='ocrx_word' id='word_1_218' title='bbox 1343 772 1413 798; x_wconf 89' lang='lat' dir='ltr'><strong>eam,</strong></span> <span class='ocrx_word' id='word_1_219' title='bbox 1426 765 1483 799; x_wconf 91' lang='lat' dir='ltr'><strong>jam</strong></span> <span class='ocrx_word' id='word_1_220' title='bbox 1509 765 1661 793; x_wconf 72' lang='lat' dir='ltr'><strong>mcecbatus</strong></span> <span class='ocrx_word' id='word_1_221' title='bbox 1682 769 1725 793; x_wconf 85' lang='lat' dir='ltr'><strong>est</strong></span> 
     </span>
    </p>
   </div>
   <div class='ocr_carea' id='block_1_33' title="bbox 945 809 1724 840">
    <p class='ocr_par' dir='ltr' id='par_1_33' title="bbox 945 809 1724 840">
     <span class='ocr_line' id='line_1_33' title="bbox 945 809 1724 840; baseline 0.006 -5"><span class='ocrx_word' id='word_1_222' title='bbox 945 816 1004 835; x_wconf 88' lang='lat' dir='ltr'><strong>eam</strong></span> <span class='ocrx_word' id='word_1_223' title='bbox 1021 809 1048 836; x_wconf 92' lang='lat' dir='ltr'><strong>in</strong></span> <span class='ocrx_word' id='word_1_224' title='bbox 1063 809 1146 836; x_wconf 89' lang='lat' dir='ltr'><strong>corde</strong></span> <span class='ocrx_word' id='word_1_225' title='bbox 1165 810 1246 837; x_wconf 78' lang='lat' dir='ltr'><strong>suo&quot;</strong></span> <span class='ocrx_word' id='word_1_226' title='bbox 1261 819 1267 836; x_wconf 78' lang='grc' dir='ltr'><strong>ε</strong></span> <span class='ocrx_word' id='word_1_227' title='bbox 1288 819 1297 836; x_wconf 77' lang='grc' dir='ltr'><strong>ι</strong></span> <span class='ocrx_word' id='word_1_228' title='bbox 1312 818 1365 837; x_wconf 93' lang='lat' dir='ltr'><strong>non</strong></span> <span class='ocrx_word' id='word_1_229' title='bbox 1390 815 1493 838; x_wconf 90' lang='lat' dir='ltr'><strong>tantum</strong></span> <span class='ocrx_word' id='word_1_230' title='bbox 1509 816 1539 838; x_wconf 91' lang='lat' dir='ltr'><strong>ut</strong></span> <span class='ocrx_word' id='word_1_231' title='bbox 1561 812 1678 840; x_wconf 82' lang='lat' dir='ltr'><strong>lascivos</strong></span> <span class='ocrx_word' id='word_1_232' title='bbox 1697 816 1724 840; x_wconf 88' lang='lat' dir='ltr'><strong>et</strong></span> 
     </span>
    </p>
   </div>
   <div class='ocr_carea' id='block_1_34' title="bbox 113 850 896 899">
    <p class='ocr_par' dir='ltr' id='par_1_34' title="bbox 113 850 895 899">
     <span class='ocr_line' id='line_1_34' title="bbox 113 850 895 899; baseline 0.004 -11"><span class='ocrx_word' id='word_1_233' title='bbox 113 872 174 898; x_wconf 77' lang='grc' dir='ltr'>φοις</span> <span class='ocrx_word' id='word_1_234' title='bbox 194 863 246 898; x_wconf 80' lang='grc' dir='ltr'>τῆς</span> <span class='ocrx_word' id='word_1_235' title='bbox 276 863 365 898; x_wconf 69' lang='grc' dir='ltr'>ψυχῆς</span> <span class='ocrx_word' id='word_1_236' title='bbox 389 850 753 899; x_wconf 27' lang='grc' dir='ltr'>τὺ-φάρμακοντέναπέθετο.</span> <span class='ocrx_word' id='word_1_237' title='bbox 773 865 836 892; x_wconf 78' lang='grc' dir='ltr'>ἔνθα</span> <span class='ocrx_word' id='word_1_238' title='bbox 847 850 895 892; x_wconf 71' lang='grc' dir='ltr'><strong>καὶ</strong></span> 
     </span>
    </p>
   </div>
   <div class='ocr_carea' id='block_1_35' title="bbox 946 850 1724 899">
    <p class='ocr_par' dir='ltr' id='par_1_35' title="bbox 946 853 1724 893">
     <span class='ocr_line' id='line_1_35' title="bbox 946 853 1724 893; baseline 0.006 -14"><span class='ocrx_word' id='word_1_239' title='bbox 946 853 1068 881; x_wconf 87' lang='lat' dir='ltr'><strong>curiosos</strong></span> <span class='ocrx_word' id='word_1_240' title='bbox 1077 855 1169 882; x_wconf 89' lang='lat' dir='ltr'><strong>oculos</strong></span> <span class='ocrx_word' id='word_1_241' title='bbox 1180 855 1338 890; x_wconf 78' lang='lat' dir='ltr'><strong>corrigeret,</strong></span> <span class='ocrx_word' id='word_1_242' title='bbox 1352 856 1398 883; x_wconf 86' lang='lat' dir='ltr'><strong>sed</strong></span> <span class='ocrx_word' id='word_1_243' title='bbox 1412 856 1496 883; x_wconf 90' lang='lat' dir='ltr'><strong>multo</strong></span> <span class='ocrx_word' id='word_1_244' title='bbox 1506 857 1592 893; x_wconf 77' lang='lat' dir='ltr'><strong>magis</strong></span> <span class='ocrx_word' id='word_1_245' title='bbox 1606 858 1724 884; x_wconf 81' lang='lat' dir='ltr'><strong>animam</strong></span> 
     </span>
    </p>
   </div>
   <div class='ocr_carea' id='block_1_36' title="bbox 112 909 892 944">
    <p class='ocr_par' dir='ltr' id='par_1_36' title="bbox 112 909 892 944">
     <span class='ocr_line' id='line_1_36' title="bbox 112 909 892 944; baseline 0.003 -10"><span class='ocrx_word' id='word_1_246' title='bbox 112 909 161 940; x_wconf 76' lang='grc' dir='ltr'><strong>τὰς</strong></span> <span class='ocrx_word' id='word_1_247' title='bbox 177 909 264 941; x_wconf 73' lang='grc' dir='ltr'>αἰτίας</span> <span class='ocrx_word' id='word_1_248' title='bbox 277 910 325 944; x_wconf 83' lang='grc' dir='ltr'>τῆς</span> <span class='ocrx_word' id='word_1_249' title='bbox 338 909 414 936; x_wconf 89' lang='grc' dir='ltr'>νόσου</span> <span class='ocrx_word' id='word_1_250' title='bbox 439 909 571 944; x_wconf 82' lang='grc' dir='ltr'>ὑπάρχειν</span> <span class='ocrx_word' id='word_1_251' title='bbox 590 910 720 943; x_wconf 81' lang='grc' dir='ltr'>ἐγίνωσκε</span> <span class='ocrx_word' id='word_1_252' title='bbox 733 929 740 940; x_wconf 92' lang='grc'><strong>,</strong></span> <span class='ocrx_word' id='word_1_253' title='bbox 767 911 877 944; x_wconf 84' lang='grc' dir='ltr'>φάσκων</span> <span class='ocrx_word' id='word_1_254' title='bbox 886 919 892 925; x_wconf 87' lang='grc'><strong>·</strong></span> 
     </span>
    </p>
   </div>
   <div class='ocr_carea' id='block_1_37' title="bbox 117 955 895 991">
    <p class='ocr_par' dir='ltr' id='par_1_37' title="bbox 117 955 895 991">
     <span class='ocr_line' id='line_1_37' title="bbox 117 955 895 991; baseline 0.003 -11"><span class='ocrx_word' id='word_1_255' title='bbox 117 964 126 980; x_wconf 82' lang='grc' dir='ltr'><strong>ι</strong></span> <span class='ocrx_word' id='word_1_256' title='bbox 155 955 184 982; x_wconf 87' lang='grc' dir='ltr'><strong>Ὀ</strong></span> <span class='ocrx_word' id='word_1_257' title='bbox 212 955 348 990; x_wconf 75' lang='grc' dir='ltr'>ἐμϐλέψας</span> <span class='ocrx_word' id='word_1_258' title='bbox 370 955 480 989; x_wconf 76' lang='grc' dir='ltr'>γυναικὶ</span> <span class='ocrx_word' id='word_1_259' title='bbox 503 956 570 990; x_wconf 84' lang='grc' dir='ltr'>πρὸς</span> <span class='ocrx_word' id='word_1_260' title='bbox 585 955 615 981; x_wconf 82' lang='grc' dir='ltr'>τὸ</span> <span class='ocrx_word' id='word_1_261' title='bbox 633 955 798 991; x_wconf 78' lang='grc' dir='ltr'>ἐπιθυμῆσαι</span> <span class='ocrx_word' id='word_1_262' title='bbox 811 956 895 991; x_wconf 80' lang='grc' dir='ltr'>αὐτὴν</span> 
     </span>
    </p>
   </div>
   <div class='ocr_carea' id='block_1_38' title="bbox 113 1000 895 1036">
    <p class='ocr_par' dir='ltr' id='par_1_38' title="bbox 113 1000 895 1036">
     <span class='ocr_line' id='line_1_38' title="bbox 113 1000 895 1036; baseline 0.003 -11"><span class='ocrx_word' id='word_1_263' title='bbox 113 1000 163 1035; x_wconf 65' lang='grc' dir='ltr'>ἤδη</span> <span class='ocrx_word' id='word_1_264' title='bbox 180 1000 337 1036; x_wconf 73' lang='grc' dir='ltr'>ἐμοίχευσεν</span> <span class='ocrx_word' id='word_1_265' title='bbox 356 1000 440 1036; x_wconf 81' lang='grc' dir='ltr'>αὐτὴν</span> <span class='ocrx_word' id='word_1_266' title='bbox 458 1001 486 1027; x_wconf 77' lang='grc' dir='ltr'>ἐν</span> <span class='ocrx_word' id='word_1_267' title='bbox 499 1002 532 1036; x_wconf 85' lang='grc' dir='ltr'>τῇ</span> <span class='ocrx_word' id='word_1_268' title='bbox 548 1000 647 1036; x_wconf 70' lang='grc' dir='ltr'>καρδίᾳ.</span> <span class='ocrx_word' id='word_1_269' title='bbox 663 1001 761 1028; x_wconf 73' lang='grc' dir='ltr'>αὐτοῦ’</span> <span class='ocrx_word' id='word_1_270' title='bbox 781 1011 790 1027; x_wconf 74' lang='grc' dir='ltr'><strong>ι</strong></span> <span class='ocrx_word' id='word_1_271' title='bbox 808 1002 838 1027; x_wconf 78' lang='grc' dir='ltr'>οὐ</span> <span class='ocrx_word' id='word_1_272' title='bbox 853 1010 895 1028; x_wconf 86' lang='grc' dir='ltr'>το-</span> 
     </span>
    </p>
   </div>
   <div class='ocr_carea' id='block_1_39' title="bbox 113 1045 895 1083">
    <p class='ocr_par' dir='ltr' id='par_1_39' title="bbox 113 1045 895 1083">
     <span class='ocr_line' id='line_1_39' title="bbox 113 1045 895 1083; baseline 0.003 -11"><span class='ocrx_word' id='word_1_273' title='bbox 113 1045 208 1073; x_wconf 84' lang='grc' dir='ltr'>σοῦτον</span> <span class='ocrx_word' id='word_1_274' title='bbox 230 1047 294 1078; x_wconf 80' lang='grc' dir='ltr'>τοὺς</span> <span class='ocrx_word' id='word_1_275' title='bbox 322 1047 466 1082; x_wconf 81' lang='grc' dir='ltr'>πορνικοὺς</span> <span class='ocrx_word' id='word_1_276' title='bbox 493 1047 539 1073; x_wconf 73' lang='grc' dir='ltr'>καὶ</span> <span class='ocrx_word' id='word_1_277' title='bbox 562 1048 723 1082; x_wconf 82' lang='grc' dir='ltr'>περιέργους</span> <span class='ocrx_word' id='word_1_278' title='bbox 742 1047 895 1083; x_wconf 72' lang='grc' dir='ltr'>ὀφθαλμοὺς</span> 
     </span>
    </p>
   </div>
   <div class='ocr_carea' id='block_1_40' title="bbox 112 1091 895 1128">
    <p class='ocr_par' dir='ltr' id='par_1_40' title="bbox 112 1091 895 1128">
     <span class='ocr_line' id='line_1_40' title="bbox 112 1091 895 1128; baseline 0.003 -11"><span class='ocrx_word' id='word_1_279' title='bbox 112 1091 312 1127; x_wconf 75' lang='grc' dir='ltr'>διορθούμενος,</span> <span class='ocrx_word' id='word_1_280' title='bbox 327 1093 388 1118; x_wconf 84' lang='grc' dir='ltr'>ὅσον</span> <span class='ocrx_word' id='word_1_281' title='bbox 398 1093 446 1126; x_wconf 86' lang='grc' dir='ltr'>τὴν</span> <span class='ocrx_word' id='word_1_282' title='bbox 456 1092 528 1119; x_wconf 79' lang='grc' dir='ltr'>ἔνδον</span> <span class='ocrx_word' id='word_1_283' title='bbox 539 1092 712 1128; x_wconf 80' lang='grc' dir='ltr'>ὲνιδρυμένην</span> <span class='ocrx_word' id='word_1_284' title='bbox 726 1093 823 1128; x_wconf 78' lang='grc' dir='ltr'>ψυχὴν,</span> <span class='ocrx_word' id='word_1_285' title='bbox 836 1094 895 1128; x_wconf 80' lang='grc' dir='ltr'>ἥτις</span> 
     </span>
    </p>
   </div>
   <div class='ocr_carea' id='block_1_41' title="bbox 111 1136 895 1174">
    <p class='ocr_par' dir='ltr' id='par_1_41' title="bbox 111 1136 895 1174">
     <span class='ocr_line' id='line_1_41' title="bbox 111 1136 895 1174; baseline 0.003 -11"><span class='ocrx_word' id='word_1_286' title='bbox 111 1138 169 1168; x_wconf 88' lang='grc' dir='ltr'>τοῖς</span> <span class='ocrx_word' id='word_1_287' title='bbox 183 1137 258 1172; x_wconf 79' lang='grc' dir='ltr'>παρὰ</span> <span class='ocrx_word' id='word_1_288' title='bbox 272 1136 338 1164; x_wconf 85' lang='grc' dir='ltr'>Θεοῦ</span> <span class='ocrx_word' id='word_1_289' title='bbox 350 1137 462 1164; x_wconf 76' lang='grc' dir='ltr'>δοθεῖσιν</span> <span class='ocrx_word' id='word_1_290' title='bbox 474 1138 516 1164; x_wconf 74' lang='grc' dir='ltr'><strong>ἐπ’</strong></span> <span class='ocrx_word' id='word_1_291' title='bbox 533 1137 627 1173; x_wconf 83' lang='grc' dir='ltr'>ἀγαθῴ</span> <span class='ocrx_word' id='word_1_292' title='bbox 639 1138 786 1174; x_wconf 78' lang='grc' dir='ltr'>ὀφθαλμοῖς</span> <span class='ocrx_word' id='word_1_293' title='bbox 803 1139 895 1170; x_wconf 77' lang='grc' dir='ltr'>κακῶς</span> 
     </span>
    </p>
   </div>
   <div class='ocr_carea' id='block_1_42' title="bbox 113 1182 893 1220">
    <p class='ocr_par' dir='ltr' id='par_1_42' title="bbox 113 1182 893 1220">
     <span class='ocr_line' id='line_1_42' title="bbox 113 1182 893 1220; baseline 0.004 -12"><span class='ocrx_word' id='word_1_294' title='bbox 113 1182 244 1218; x_wconf 83' lang='grc' dir='ltr'>κέχρηται</span> <span class='ocrx_word' id='word_1_295' title='bbox 255 1191 261 1197; x_wconf 90' lang='grc'><strong>·</strong></span> <span class='ocrx_word' id='word_1_296' title='bbox 271 1183 364 1209; x_wconf 71' lang='grc' dir='ltr'>τούτου</span> <span class='ocrx_word' id='word_1_297' title='bbox 371 1184 450 1220; x_wconf 86' lang='grc' dir='ltr'>χάριν</span> <span class='ocrx_word' id='word_1_298' title='bbox 461 1184 506 1210; x_wconf 74' lang='grc' dir='ltr'>καὶ</span> <span class='ocrx_word' id='word_1_299' title='bbox 519 1185 535 1218; x_wconf 87' lang='grc' dir='ltr'>ἡ</span> <span class='ocrx_word' id='word_1_300' title='bbox 546 1183 613 1219; x_wconf 70' lang='grc' dir='ltr'>σοφὴ</span> <span class='ocrx_word' id='word_1_301' title='bbox 626 1185 758 1220; x_wconf 80' lang='grc' dir='ltr'>παροιμία</span> <span class='ocrx_word' id='word_1_302' title='bbox 765 1185 795 1211; x_wconf 76' lang='grc' dir='ltr'>οὐ</span> <span class='ocrx_word' id='word_1_303' title='bbox 810 1185 893 1218; x_wconf 81' lang='grc' dir='ltr'>λέγει,</span> 
     </span>
    </p>
   </div>
   <div class='ocr_carea' id='block_1_43' title="bbox 113 1228 895 1268">
    <p class='ocr_par' dir='ltr' id='par_1_43' title="bbox 113 1228 895 1268">
     <span class='ocr_line' id='line_1_43' title="bbox 113 1228 895 1268; baseline 0.004 -14"><span class='ocrx_word' id='word_1_304' title='bbox 113 1228 192 1265; x_wconf 82' lang='grc' dir='ltr'><strong>Πάσῃ</strong></span> <span class='ocrx_word' id='word_1_305' title='bbox 213 1229 319 1265; x_wconf 80' lang='grc' dir='ltr'>φυλακῇ</span> <span class='ocrx_word' id='word_1_306' title='bbox 342 1231 418 1265; x_wconf 79' lang='grc' dir='ltr'>τήρει</span> <span class='ocrx_word' id='word_1_307' title='bbox 442 1231 503 1261; x_wconf 79' lang='grc' dir='ltr'>τοὺς</span> <span class='ocrx_word' id='word_1_308' title='bbox 519 1230 681 1265; x_wconf 74' lang='grc' dir='ltr'>ὀφθαλμοὺς,</span> <span class='ocrx_word' id='word_1_309' title='bbox 701 1231 778 1261; x_wconf 77' lang='grc' dir='ltr'>ἀλλὰ,</span> <span class='ocrx_word' id='word_1_310' title='bbox 794 1240 803 1256; x_wconf 78' lang='grc' dir='ltr'><strong>ι</strong></span> <span class='ocrx_word' id='word_1_311' title='bbox 820 1232 895 1268; x_wconf 80' lang='grc' dir='ltr'><strong>Πάσῃ</strong></span> 
     </span>
    </p>
   </div>
   <div class='ocr_carea' id='block_1_44' title="bbox 113 1274 895 1311">
    <p class='ocr_par' dir='ltr' id='par_1_44' title="bbox 113 1274 895 1311">
     <span class='ocr_line' id='line_1_44' title="bbox 113 1274 895 1311; baseline 0.003 -11"><span class='ocrx_word' id='word_1_312' title='bbox 113 1274 220 1309; x_wconf 77' lang='grc' dir='ltr'>φυλακῇ</span> <span class='ocrx_word' id='word_1_313' title='bbox 239 1275 315 1309; x_wconf 78' lang='grc' dir='ltr'>τήρει</span> <span class='ocrx_word' id='word_1_314' title='bbox 335 1275 383 1310; x_wconf 86' lang='grc' dir='ltr'>σὴν</span> <span class='ocrx_word' id='word_1_315' title='bbox 405 1275 531 1311; x_wconf 86' lang='grc' dir='ltr'>καρδίαν·</span> <span class='ocrx_word' id='word_1_316' title='bbox 554 1285 563 1301; x_wconf 74' lang='grc' dir='ltr'><strong>ι</strong></span> <span class='ocrx_word' id='word_1_317' title='bbox 586 1276 676 1311; x_wconf 78' lang='grc' dir='ltr'>ἐκείνῃ</span> <span class='ocrx_word' id='word_1_318' title='bbox 699 1276 815 1311; x_wconf 85' lang='grc' dir='ltr'>μάλιστα</span> <span class='ocrx_word' id='word_1_319' title='bbox 836 1277 895 1302; x_wconf 76' lang='grc' dir='ltr'>επι-</span> 
     </span>
    </p>
   </div>
   <div class='ocr_carea' id='block_1_45' title="bbox 114 1320 895 1358">
    <p class='ocr_par' dir='ltr' id='par_1_45' title="bbox 114 1320 895 1358">
     <span class='ocr_line' id='line_1_45' title="bbox 114 1320 895 1358; baseline 0.001 -12"><span class='ocrx_word' id='word_1_320' title='bbox 114 1320 190 1347; x_wconf 85' lang='grc' dir='ltr'>θεῖσα</span> <span class='ocrx_word' id='word_1_321' title='bbox 208 1321 256 1355; x_wconf 81' lang='grc' dir='ltr'>τὴν</span> <span class='ocrx_word' id='word_1_322' title='bbox 277 1321 396 1355; x_wconf 81' lang='grc' dir='ltr'>ἰατρείαν</span> <span class='ocrx_word' id='word_1_323' title='bbox 409 1322 459 1356; x_wconf 74' lang='grc' dir='ltr'>τῆς</span> <span class='ocrx_word' id='word_1_324' title='bbox 471 1321 602 1357; x_wconf 79' lang='grc' dir='ltr'>φυλακῆς,</span> <span class='ocrx_word' id='word_1_325' title='bbox 619 1323 651 1357; x_wconf 85' lang='grc' dir='ltr'><strong>τῇ</strong></span> <span class='ocrx_word' id='word_1_326' title='bbox 670 1321 827 1358; x_wconf 72' lang='grc' dir='ltr'>κεχρημένη</span> <span class='ocrx_word' id='word_1_327' title='bbox 838 1323 895 1353; x_wconf 88' lang='grc' dir='ltr'>τοῖς</span> 
     </span>
    </p>
   </div>
   <div class='ocr_carea' id='block_1_46' title="bbox 112 1365 894 1403">
    <p class='ocr_par' dir='ltr' id='par_1_46' title="bbox 112 1365 894 1403">
     <span class='ocr_line' id='line_1_46' title="bbox 112 1365 894 1403; baseline 0.001 -12"><span class='ocrx_word' id='word_1_328' title='bbox 112 1365 264 1400; x_wconf 80' lang='grc' dir='ltr'>ὀφθαλμοῖς</span> <span class='ocrx_word' id='word_1_329' title='bbox 283 1367 322 1397; x_wconf 83' lang='grc' dir='ltr'><strong>είς</strong></span> <span class='ocrx_word' id='word_1_330' title='bbox 335 1365 353 1392; x_wconf 77' lang='grc' dir='ltr'>ἃ</span> <span class='ocrx_word' id='word_1_331' title='bbox 374 1366 507 1401; x_wconf 83' lang='grc' dir='ltr'>βούλεται.</span> <span class='ocrx_word' id='word_1_332' title='bbox 523 1367 673 1403; x_wconf 80' lang='grc' dir='ltr'>Τοιγαροῦν</span> <span class='ocrx_word' id='word_1_333' title='bbox 686 1367 754 1402; x_wconf 82' lang='grc' dir='ltr'>αὑτὴ</span> <span class='ocrx_word' id='word_1_334' title='bbox 768 1367 836 1393; x_wconf 75' lang='grc' dir='ltr'>ἔστω</span> <span class='ocrx_word' id='word_1_335' title='bbox 845 1367 894 1401; x_wconf 81' lang='grc' dir='ltr'>τῆς</span> 
     </span>
    </p>
   </div>
   <div class='ocr_carea' id='block_1_47' title="bbox 113 1410 894 1447">
    <p class='ocr_par' dir='ltr' id='par_1_47' title="bbox 113 1410 894 1447">
     <span class='ocr_line' id='line_1_47' title="bbox 113 1410 894 1447; baseline 0.001 -11"><span class='ocrx_word' id='word_1_336' title='bbox 113 1410 273 1446; x_wconf 80' lang='grc' dir='ltr'>καθάρσεως</span> <span class='ocrx_word' id='word_1_337' title='bbox 282 1410 360 1445; x_wconf 84' lang='grc' dir='ltr'>ἡμῶν</span> <span class='ocrx_word' id='word_1_338' title='bbox 384 1411 479 1447; x_wconf 83' lang='grc' dir='ltr'>πρώτη</span> <span class='ocrx_word' id='word_1_339' title='bbox 506 1411 622 1447; x_wconf 82' lang='grc' dir='ltr'>φυλακὴ,</span> <span class='ocrx_word' id='word_1_340' title='bbox 639 1412 692 1444; x_wconf 85' lang='grc' dir='ltr'>ἴνα,</span> <span class='ocrx_word' id='word_1_341' title='bbox 713 1413 757 1438; x_wconf 85' lang='grc' dir='ltr'>ὅτε</span> <span class='ocrx_word' id='word_1_342' title='bbox 772 1413 806 1447; x_wconf 80' lang='grc' dir='ltr'><strong>τῇ</strong></span> <span class='ocrx_word' id='word_1_343' title='bbox 826 1413 894 1446; x_wconf 75' lang='grc' dir='ltr'>ἡμε-</span> 
     </span>
    </p>
   </div>
   <div class='ocr_carea' id='block_1_48' title="bbox 113 1454 894 1492">
    <p class='ocr_par' dir='ltr' id='par_1_48' title="bbox 113 1454 894 1492">
     <span class='ocr_line' id='line_1_48' title="bbox 113 1454 894 1492; baseline 0.004 -12"><span class='ocrx_word' id='word_1_344' title='bbox 113 1454 181 1490; x_wconf 77' lang='grc' dir='ltr'>τέρᾳ</span> <span class='ocrx_word' id='word_1_345' title='bbox 194 1455 296 1490; x_wconf 83' lang='grc' dir='ltr'>διανοίᾳ</span> <span class='ocrx_word' id='word_1_346' title='bbox 309 1456 401 1491; x_wconf 87' lang='grc' dir='ltr'>μνήμη</span> <span class='ocrx_word' id='word_1_347' title='bbox 416 1456 543 1489; x_wconf 78' lang='grc' dir='ltr'>γυναικὸς</span> <span class='ocrx_word' id='word_1_348' title='bbox 556 1456 665 1492; x_wconf 87' lang='grc' dir='ltr'>γένηται</span> <span class='ocrx_word' id='word_1_349' title='bbox 680 1456 838 1484; x_wconf 81' lang='grc' dir='ltr'>ἁναδοθεῖσα</span> <span class='ocrx_word' id='word_1_350' title='bbox 851 1456 894 1483; x_wconf 85' lang='grc' dir='ltr'><strong>διὰ</strong></span> 
     </span>
    </p>
   </div>
   <div class='ocr_carea' id='block_1_49' title="bbox 112 1500 894 1538">
    <p class='ocr_par' dir='ltr' id='par_1_49' title="bbox 112 1500 894 1538">
     <span class='ocr_line' id='line_1_49' title="bbox 112 1500 894 1538; baseline 0.003 -12"><span class='ocrx_word' id='word_1_351' title='bbox 112 1500 163 1534; x_wconf 82' lang='grc' dir='ltr'>τῆς</span> <span class='ocrx_word' id='word_1_352' title='bbox 185 1500 337 1535; x_wconf 64' lang='grc' dir='ltr'>διαὼλικῆς</span> <span class='ocrx_word' id='word_1_353' title='bbox 353 1500 501 1536; x_wconf 77' lang='grc' dir='ltr'>ἐνεργείας,</span> <span class='ocrx_word' id='word_1_354' title='bbox 524 1502 549 1527; x_wconf 78' lang='grc' dir='ltr'>εί.</span> <span class='ocrx_word' id='word_1_355' title='bbox 563 1501 637 1536; x_wconf 69' lang='grc' dir='ltr'>τρχοι</span> <span class='ocrx_word' id='word_1_356' title='bbox 657 1501 767 1538; x_wconf 76' lang='grc' dir='ltr'>μητρδς,</span> <span class='ocrx_word' id='word_1_357' title='bbox 786 1502 894 1537; x_wconf 74' lang='grc' dir='ltr'>ἢάδελ-</span> 
     </span>
    </p>
   </div>
   <div class='ocr_carea' id='block_1_50' title="bbox 114 1538 896 1583">
    <p class='ocr_par' dir='ltr' id='par_1_50' title="bbox 114 1538 896 1583">
     <span class='ocr_line' id='line_1_50' title="bbox 114 1538 896 1583; baseline 0.004 -12"><span class='ocrx_word' id='word_1_358' title='bbox 114 1545 178 1580; x_wconf 81' lang='grc' dir='ltr'>φῆς,</span> <span class='ocrx_word' id='word_1_359' title='bbox 200 1545 216 1580; x_wconf 85' lang='grc' dir='ltr'>ἢ</span> <span class='ocrx_word' id='word_1_360' title='bbox 242 1545 328 1572; x_wconf 81' lang='grc' dir='ltr'>ἄλλων</span> <span class='ocrx_word' id='word_1_361' title='bbox 351 1546 485 1580; x_wconf 83' lang='grc' dir='ltr'>γυναικῶν</span> <span class='ocrx_word' id='word_1_362' title='bbox 505 1547 634 1579; x_wconf 49' lang='lat' dir='ltr'><strong>suam”,</strong></span> <span class='ocrx_word' id='word_1_363' title='bbox 646 1538 753 1582; x_wconf 56' lang='grc' dir='ltr'>’ταχέως</span> <span class='ocrx_word' id='word_1_364' title='bbox 764 1547 847 1583; x_wconf 83' lang='grc' dir='ltr'>αὐτὴν</span> <span class='ocrx_word' id='word_1_365' title='bbox 864 1548 896 1574; x_wconf 78' lang='grc' dir='ltr'>ἐκ</span> 
     </span>
    </p>
   </div>
   <div class='ocr_carea' id='block_1_51' title="bbox 114 1591 896 1628">
    <p class='ocr_par' dir='ltr' id='par_1_51' title="bbox 114 1591 896 1628">
     <span class='ocr_line' id='line_1_51' title="bbox 114 1591 896 1628; baseline 0.003 -11"><span class='ocrx_word' id='word_1_366' title='bbox 114 1591 163 1626; x_wconf 81' lang='grc' dir='ltr'>τῆς</span> <span class='ocrx_word' id='word_1_367' title='bbox 180 1591 315 1627; x_wconf 80' lang='grc' dir='ltr'>ἡμετέρας</span> <span class='ocrx_word' id='word_1_368' title='bbox 334 1591 446 1628; x_wconf 82' lang='grc' dir='ltr'>καρδίας</span> <span class='ocrx_word' id='word_1_369' title='bbox 458 1592 616 1627; x_wconf 73' lang='grc' dir='ltr'>ἐκϐάλωμεν</span> <span class='ocrx_word' id='word_1_370' title='bbox 627 1601 633 1607; x_wconf 92' lang='grc'>·</span> <span class='ocrx_word' id='word_1_371' title='bbox 652 1592 694 1619; x_wconf 85' lang='grc' dir='ltr'>ἵνα</span> <span class='ocrx_word' id='word_1_372' title='bbox 719 1593 766 1628; x_wconf 78' lang='grc' dir='ltr'>μὴ,</span> <span class='ocrx_word' id='word_1_373' title='bbox 782 1593 896 1620; x_wconf 78' lang='grc' dir='ltr'>ἐπιπολὺ</span> 
     </span>
    </p>
   </div>
   <div class='ocr_carea' id='block_1_52' title="bbox 113 1636 896 1672">
    <p class='ocr_par' dir='ltr' id='par_1_52' title="bbox 113 1636 896 1672">
     <span class='ocr_line' id='line_1_52' title="bbox 113 1636 896 1672; baseline 0.003 -10"><span class='ocrx_word' id='word_1_374' title='bbox 113 1636 304 1672; x_wconf 70' lang='grc' dir='ltr'>διατριϐόντων</span> <span class='ocrx_word' id='word_1_375' title='bbox 318 1636 396 1671; x_wconf 77' lang='grc' dir='ltr'>ἡμῶν</span> <span class='ocrx_word' id='word_1_376' title='bbox 422 1638 450 1663; x_wconf 84' lang='grc' dir='ltr'>ἑν</span> <span class='ocrx_word' id='word_1_377' title='bbox 464 1637 533 1672; x_wconf 82' lang='grc' dir='ltr'>αὐτῇ</span> <span class='ocrx_word' id='word_1_378' title='bbox 549 1638 582 1672; x_wconf 86' lang='grc' dir='ltr'><strong>τῇ</strong></span> <span class='ocrx_word' id='word_1_379' title='bbox 596 1636 691 1672; x_wconf 80' lang='grc' dir='ltr'>γνώμῃ</span> <span class='ocrx_word' id='word_1_380' title='bbox 711 1637 788 1664; x_wconf 84' lang='grc' dir='ltr'>ὁτῶν</span> <span class='ocrx_word' id='word_1_381' title='bbox 804 1637 896 1664; x_wconf 87' lang='grc' dir='ltr'>κακῶν</span> 
     </span>
    </p>
   </div>
   <div class='ocr_carea' id='block_1_53' title="bbox 114 1681 897 1718">
    <p class='ocr_par' dir='ltr' id='par_1_53' title="bbox 114 1681 897 1718">
     <span class='ocr_line' id='line_1_53' title="bbox 114 1681 897 1718; baseline 0.003 -11"><span class='ocrx_word' id='word_1_382' title='bbox 114 1681 242 1708; x_wconf 82' lang='grc' dir='ltr'>ἀπατεὼν</span> <span class='ocrx_word' id='word_1_383' title='bbox 267 1683 298 1708; x_wconf 79' lang='grc' dir='ltr'>ὲκ</span> <span class='ocrx_word' id='word_1_384' title='bbox 310 1681 410 1708; x_wconf 85' lang='grc' dir='ltr'>τούτων</span> <span class='ocrx_word' id='word_1_385' title='bbox 430 1682 484 1708; x_wconf 81' lang='grc' dir='ltr'>τῶν</span> <span class='ocrx_word' id='word_1_386' title='bbox 501 1682 653 1717; x_wconf 85' lang='grc' dir='ltr'>προσώπων</span> <span class='ocrx_word' id='word_1_387' title='bbox 673 1682 838 1718; x_wconf 79' lang='grc' dir='ltr'>κατακυλίσῃ</span> <span class='ocrx_word' id='word_1_388' title='bbox 851 1684 897 1710; x_wconf 73' lang='grc' dir='ltr'><strong>καὶ</strong></span> 
     </span>
    </p>
   </div>
   <div class='ocr_carea' id='block_1_54' title="bbox 115 1726 898 1762">
    <p class='ocr_par' dir='ltr' id='par_1_54' title="bbox 115 1726 898 1762">
     <span class='ocr_line' id='line_1_54' title="bbox 115 1726 898 1762; baseline 0.003 -10"><span class='ocrx_word' id='word_1_389' title='bbox 115 1726 322 1762; x_wconf 81' lang='grc' dir='ltr'>κατακρημνίσῃ</span> <span class='ocrx_word' id='word_1_390' title='bbox 338 1726 386 1761; x_wconf 83' lang='grc' dir='ltr'>τὴν</span> <span class='ocrx_word' id='word_1_391' title='bbox 401 1727 519 1753; x_wconf 84' lang='grc' dir='ltr'>διάνοιαν</span> <span class='ocrx_word' id='word_1_392' title='bbox 543 1727 583 1758; x_wconf 89' lang='grc' dir='ltr'><strong>εἰς</strong></span> <span class='ocrx_word' id='word_1_393' title='bbox 601 1727 715 1762; x_wconf 76' lang='grc' dir='ltr'>αἰσχρὰς</span> <span class='ocrx_word' id='word_1_394' title='bbox 731 1727 777 1754; x_wconf 84' lang='grc' dir='ltr'><strong>καί</strong></span> <span class='ocrx_word' id='word_1_395' title='bbox 792 1728 898 1754; x_wconf 78' lang='grc' dir='ltr'>ἐπιϐλα-</span> 
     </span>
    </p>
   </div>
   <div class='ocr_carea' id='block_1_55' title="bbox 116 1771 897 1809">
    <p class='ocr_par' dir='ltr' id='par_1_55' title="bbox 116 1771 897 1809">
     <span class='ocr_line' id='line_1_55' title="bbox 116 1771 897 1809; baseline 0.004 -12"><span class='ocrx_word' id='word_1_396' title='bbox 116 1771 173 1802; x_wconf 77' lang='grc' dir='ltr'>ϐεῖς</span> <span class='ocrx_word' id='word_1_397' title='bbox 185 1771 355 1807; x_wconf 67' lang='grc' dir='ltr'>ἐνθυμήσεις,</span> <span class='ocrx_word' id='word_1_398' title='bbox 377 1771 468 1804; x_wconf 84' lang='grc' dir='ltr'>καθὼς</span> <span class='ocrx_word' id='word_1_399' title='bbox 491 1772 536 1799; x_wconf 78' lang='grc' dir='ltr'>καὶ</span> <span class='ocrx_word' id='word_1_400' title='bbox 557 1773 573 1808; x_wconf 86' lang='grc' dir='ltr'>ἡ</span> <span class='ocrx_word' id='word_1_401' title='bbox 595 1773 669 1808; x_wconf 80' lang='grc' dir='ltr'>παρὰ</span> <span class='ocrx_word' id='word_1_402' title='bbox 690 1773 756 1799; x_wconf 87' lang='grc' dir='ltr'>Θεοῦ</span> <span class='ocrx_word' id='word_1_403' title='bbox 773 1774 840 1809; x_wconf 76' lang='grc' dir='ltr'>πρὸς</span> <span class='ocrx_word' id='word_1_404' title='bbox 852 1774 897 1800; x_wconf 76' lang='grc' dir='ltr'><strong>τὸν</strong></span> 
     </span>
    </p>
   </div>
   <div class='ocr_carea' id='block_1_56' title="bbox 116 1816 897 1852">
    <p class='ocr_par' dir='ltr' id='par_1_56' title="bbox 116 1816 897 1852">
     <span class='ocr_line' id='line_1_56' title="bbox 116 1816 897 1852; baseline 0.003 -10"><span class='ocrx_word' id='word_1_405' title='bbox 116 1817 223 1852; x_wconf 84' lang='grc' dir='ltr'>πρῶτον</span> <span class='ocrx_word' id='word_1_406' title='bbox 239 1816 344 1843; x_wconf 79' lang='grc' dir='ltr'>δοθεῖσα</span> <span class='ocrx_word' id='word_1_407' title='bbox 362 1817 454 1852; x_wconf 80' lang='grc' dir='ltr'>ἐντολὴ</span> <span class='ocrx_word' id='word_1_408' title='bbox 476 1816 590 1848; x_wconf 87' lang='grc' dir='ltr'>κελεύει,</span> <span class='ocrx_word' id='word_1_409' title='bbox 604 1818 696 1852; x_wconf 78' lang='grc' dir='ltr'>τηρεῖν</span> <span class='ocrx_word' id='word_1_410' title='bbox 714 1817 762 1852; x_wconf 83' lang='grc' dir='ltr'>τὴν</span> <span class='ocrx_word' id='word_1_411' title='bbox 779 1818 897 1852; x_wconf 73' lang='grc' dir='ltr'>κεφαλὴν</span> 
     </span>
    </p>
   </div>
   <div class='ocr_carea' id='block_1_57' title="bbox 115 1862 898 1901">
    <p class='ocr_par' dir='ltr' id='par_1_57' title="bbox 115 1862 898 1901">
     <span class='ocr_line' id='line_1_57' title="bbox 115 1862 898 1901; baseline 0.005 -13"><span class='ocrx_word' id='word_1_412' title='bbox 115 1862 161 1889; x_wconf 84' lang='grc' dir='ltr'><strong>τοῦ</strong></span> <span class='ocrx_word' id='word_1_413' title='bbox 174 1862 272 1896; x_wconf 60' lang='grc' dir='ltr'>ὂψεως,</span> <span class='ocrx_word' id='word_1_414' title='bbox 284 1863 406 1890; x_wconf 77' lang='grc' dir='ltr'>τουτέστι</span> <span class='ocrx_word' id='word_1_415' title='bbox 430 1863 476 1890; x_wconf 86' lang='grc' dir='ltr'><strong>τοῦ</strong></span> <span class='ocrx_word' id='word_1_416' title='bbox 499 1863 630 1899; x_wconf 76' lang='grc' dir='ltr'>βλαϐεροῦ</span> <span class='ocrx_word' id='word_1_417' title='bbox 645 1864 774 1900; x_wconf 80' lang='grc' dir='ltr'>λογισμοῦ</span> <span class='ocrx_word' id='word_1_418' title='bbox 783 1865 832 1900; x_wconf 75' lang='grc' dir='ltr'>τὴν</span> <span class='ocrx_word' id='word_1_419' title='bbox 848 1866 898 1901; x_wconf 88' lang='grc' dir='ltr'>ἀρ-</span> 
     </span>
    </p>
   </div>
   <div class='ocr_carea' id='block_1_58' title="bbox 115 1906 898 1945">
    <p class='ocr_par' dir='ltr' id='par_1_58' title="bbox 115 1906 898 1945">
     <span class='ocr_line' id='line_1_58' title="bbox 115 1906 898 1945; baseline 0.004 -11"><span class='ocrx_word' id='word_1_420' title='bbox 115 1909 176 1944; x_wconf 80' lang='grc' dir='ltr'>χὴν,</span> <span class='ocrx_word' id='word_1_421' title='bbox 190 1908 223 1934; x_wconf 77' lang='grc' dir='ltr'>δι’</span> <span class='ocrx_word' id='word_1_422' title='bbox 250 1906 334 1944; x_wconf 73' lang='grc' dir='ltr'>οὗπερ</span> <span class='ocrx_word' id='word_1_423' title='bbox 350 1909 442 1944; x_wconf 72' lang='grc' dir='ltr'>ἕρπειν</span> <span class='ocrx_word' id='word_1_424' title='bbox 458 1911 497 1941; x_wconf 88' lang='grc' dir='ltr'><strong>είς</strong></span> <span class='ocrx_word' id='word_1_425' title='bbox 516 1910 565 1945; x_wconf 84' lang='grc' dir='ltr'>τὴν</span> <span class='ocrx_word' id='word_1_426' title='bbox 588 1909 724 1945; x_wconf 83' lang='grc' dir='ltr'>ἡμετέραν</span> <span class='ocrx_word' id='word_1_427' title='bbox 738 1909 824 1945; x_wconf 76' lang='grc' dir='ltr'>ψυχὴν</span> <span class='ocrx_word' id='word_1_428' title='bbox 838 1912 898 1938; x_wconf 80' lang='grc' dir='ltr'>ἐπι-</span> 
     </span>
    </p>
   </div>
   <div class='ocr_carea' id='block_1_59' title="bbox 115 1954 898 1991">
    <p class='ocr_par' dir='ltr' id='par_1_59' title="bbox 115 1954 898 1991">
     <span class='ocr_line' id='line_1_59' title="bbox 115 1954 898 1991; baseline 0.003 -11"><span class='ocrx_word' id='word_1_429' title='bbox 115 1955 217 1989; x_wconf 66' lang='grc' dir='ltr'><strong>χειρεί⁸</strong></span> <span class='ocrx_word' id='word_1_430' title='bbox 233 1954 275 1980; x_wconf 82' lang='grc' dir='ltr'>ἵνα</span> <span class='ocrx_word' id='word_1_431' title='bbox 288 1954 324 1990; x_wconf 85' lang='grc' dir='ltr'>μὴ</span> <span class='ocrx_word' id='word_1_432' title='bbox 343 1956 375 1990; x_wconf 84' lang='grc' dir='ltr'><strong>τῇ</strong></span> <span class='ocrx_word' id='word_1_433' title='bbox 389 1955 438 1989; x_wconf 78' lang='grc' dir='ltr'>τῆς</span> <span class='ocrx_word' id='word_1_434' title='bbox 454 1954 574 1989; x_wconf 74' lang='grc' dir='ltr'>κεφαλῆς</span> <span class='ocrx_word' id='word_1_435' title='bbox 590 1955 739 1991; x_wconf 74' lang='grc' dir='ltr'>παραδοχῇ,</span> <span class='ocrx_word' id='word_1_436' title='bbox 752 1956 812 1990; x_wconf 78' lang='grc' dir='ltr'>ἥτις</span> <span class='ocrx_word' id='word_1_437' title='bbox 824 1957 898 1983; x_wconf 76' lang='grc' dir='ltr'>ἐστὶν</span> 
     </span>
    </p>
   </div>
   <div class='ocr_carea' id='block_1_60' title="bbox 115 1993 897 2036">
    <p class='ocr_par' dir='ltr' id='par_1_60' title="bbox 115 1993 897 2036">
     <span class='ocr_line' id='line_1_60' title="bbox 115 1993 897 2036; baseline 0.005 -12"><span class='ocrx_word' id='word_1_438' title='bbox 115 2000 132 2033; x_wconf 80' lang='grc' dir='ltr'><strong>ἡ</strong></span> <span class='ocrx_word' id='word_1_439' title='bbox 145 1999 278 2034; x_wconf 74' lang='grc' dir='ltr'>προσϐολὴ</span> <span class='ocrx_word' id='word_1_440' title='bbox 295 2000 340 2025; x_wconf 85' lang='grc' dir='ltr'><strong>τοῦ</strong></span> <span class='ocrx_word' id='word_1_441' title='bbox 351 1999 490 2035; x_wconf 83' lang='grc' dir='ltr'>λογισμοῦ,</span> <span class='ocrx_word' id='word_1_442' title='bbox 502 1993 534 2026; x_wconf 68' lang='grc' dir='ltr'>τὸ</span> <span class='ocrx_word' id='word_1_443' title='bbox 546 2000 638 2026; x_wconf 75' lang='grc' dir='ltr'>λοιπὸν</span> <span class='ocrx_word' id='word_1_444' title='bbox 645 2000 691 2026; x_wconf 86' lang='grc' dir='ltr'><strong>τοῦ</strong></span> <span class='ocrx_word' id='word_1_445' title='bbox 705 2000 792 2035; x_wconf 73' lang='grc' dir='ltr'>ὄφεως</span> <span class='ocrx_word' id='word_1_446' title='bbox 808 2001 897 2036; x_wconf 79' lang='grc' dir='ltr'>σῶμα,</span> 
     </span>
    </p>
   </div>
   <div class='ocr_carea' id='block_1_61' title="bbox 116 2044 896 2082">
    <p class='ocr_par' dir='ltr' id='par_1_61' title="bbox 116 2044 896 2082">
     <span class='ocr_line' id='line_1_61' title="bbox 116 2044 896 2082; baseline 0.004 -12"><span class='ocrx_word' id='word_1_447' title='bbox 116 2044 237 2071; x_wconf 81' lang='grc' dir='ltr'>τουτέστι</span> <span class='ocrx_word' id='word_1_448' title='bbox 258 2045 306 2080; x_wconf 82' lang='grc' dir='ltr'>τῆς</span> <span class='ocrx_word' id='word_1_449' title='bbox 323 2045 419 2080; x_wconf 78' lang='grc' dir='ltr'>ήδονῆς</span> <span class='ocrx_word' id='word_1_450' title='bbox 440 2046 488 2081; x_wconf 84' lang='grc' dir='ltr'>τὴν</span> <span class='ocrx_word' id='word_1_451' title='bbox 500 2046 653 2077; x_wconf 83' lang='grc' dir='ltr'>κατάθεσιν,</span> <span class='ocrx_word' id='word_1_452' title='bbox 672 2046 896 2082; x_wconf 78' lang='grc' dir='ltr'>παραδεξώμεοα,</span> 
     </span>
    </p>
   </div>
   <div class='ocr_carea' id='block_1_62' title="bbox 116 2090 898 2127">
    <p class='ocr_par' dir='ltr' id='par_1_62' title="bbox 116 2090 898 2127">
     <span class='ocr_line' id='line_1_62' title="bbox 116 2090 898 2127; baseline 0.005 -11"><span class='ocrx_word' id='word_1_453' title='bbox 116 2091 163 2117; x_wconf 72' lang='grc' dir='ltr'>καὶ</span> <span class='ocrx_word' id='word_1_454' title='bbox 180 2091 212 2116; x_wconf 85' lang='grc' dir='ltr'>ὲκ</span> <span class='ocrx_word' id='word_1_455' title='bbox 224 2090 316 2117; x_wconf 77' lang='grc' dir='ltr'>τούτου</span> <span class='ocrx_word' id='word_1_456' title='bbox 333 2091 424 2118; x_wconf 74' lang='grc' dir='ltr'>λοιπὸν</span> <span class='ocrx_word' id='word_1_457' title='bbox 439 2091 485 2117; x_wconf 72' lang='grc' dir='ltr'><strong>ἐπὶ</strong></span> <span class='ocrx_word' id='word_1_458' title='bbox 504 2091 552 2127; x_wconf 83' lang='grc' dir='ltr'>τὴν</span> <span class='ocrx_word' id='word_1_459' title='bbox 569 2091 695 2127; x_wconf 86' lang='grc' dir='ltr'>ἀθέμιτον</span> <span class='ocrx_word' id='word_1_460' title='bbox 713 2092 810 2127; x_wconf 80' lang='grc' dir='ltr'>πρᾶξιν</span> <span class='ocrx_word' id='word_1_461' title='bbox 833 2102 898 2120; x_wconf 78' lang='grc' dir='ltr'>κατ-</span> 
     </span>
    </p>
   </div>
   <div class='ocr_carea' id='block_1_63' title="bbox 116 2136 899 2174">
    <p class='ocr_par' dir='ltr' id='par_1_63' title="bbox 116 2136 899 2174">
     <span class='ocr_line' id='line_1_63' title="bbox 116 2136 899 2174; baseline 0.004 -12"><span class='ocrx_word' id='word_1_462' title='bbox 116 2136 213 2172; x_wconf 79' lang='grc' dir='ltr'>ενέγκῃ</span> <span class='ocrx_word' id='word_1_463' title='bbox 227 2136 274 2171; x_wconf 82' lang='grc' dir='ltr'>τὴν</span> <span class='ocrx_word' id='word_1_464' title='bbox 283 2137 410 2163; x_wconf 76' lang='grc' dir='ltr'>διάνοιαψ</span> <span class='ocrx_word' id='word_1_465' title='bbox 419 2136 487 2163; x_wconf 82' lang='grc' dir='ltr'>ἀλλὰ</span> <span class='ocrx_word' id='word_1_466' title='bbox 501 2138 643 2173; x_wconf 85' lang='grc' dir='ltr'>προσήκει,</span> <span class='ocrx_word' id='word_1_467' title='bbox 659 2138 729 2165; x_wconf 87' lang='grc' dir='ltr'><strong>κατά</strong></span> <span class='ocrx_word' id='word_1_468' title='bbox 738 2138 768 2164; x_wconf 80' lang='grc' dir='ltr'>τὸ</span> <span class='ocrx_word' id='word_1_469' title='bbox 781 2146 899 2174; x_wconf 82' lang='grc' dir='ltr'>γεγραμ-</span> 
     </span>
    </p>
   </div>
   <div class='ocr_carea' id='block_1_64' title="bbox 118 2181 898 2219">
    <p class='ocr_par' dir='ltr' id='par_1_64' title="bbox 118 2181 898 2219">
     <span class='ocr_line' id='line_1_64' title="bbox 118 2181 898 2219; baseline 0.004 -12"><span class='ocrx_word' id='word_1_470' title='bbox 118 2181 208 2216; x_wconf 82' lang='grc' dir='ltr'>μένον,</span> <span class='ocrx_word' id='word_1_471' title='bbox 223 2182 262 2213; x_wconf 82' lang='grc' dir='ltr'>εὶς</span> <span class='ocrx_word' id='word_1_472' title='bbox 273 2181 321 2213; x_wconf 83' lang='grc' dir='ltr'><strong>τὰς</strong></span> <span class='ocrx_word' id='word_1_473' title='bbox 333 2182 436 2218; x_wconf 82' lang='grc' dir='ltr'>πρωῖας</span> <span class='ocrx_word' id='word_1_474' title='bbox 452 2183 608 2208; x_wconf 84' lang='grc' dir='ltr'>ἀποκτενεῖν</span> <span class='ocrx_word' id='word_1_475' title='bbox 620 2182 722 2214; x_wconf 83' lang='grc' dir='ltr'>πάντας</span> <span class='ocrx_word' id='word_1_476' title='bbox 734 2183 796 2215; x_wconf 81' lang='grc' dir='ltr'>τοὺς</span> <span class='ocrx_word' id='word_1_477' title='bbox 809 2184 898 2219; x_wconf 84' lang='grc' dir='ltr'>ἁμαρ-</span> 
     </span>
    </p>
   </div>
   <div class='ocr_carea' id='block_1_65' title="bbox 115 2225 900 2262">
    <p class='ocr_par' dir='ltr' id='par_1_65' title="bbox 115 2225 900 2262">
     <span class='ocr_line' id='line_1_65' title="bbox 115 2225 900 2262; baseline 0.005 -11"><span class='ocrx_word' id='word_1_478' title='bbox 115 2225 216 2257; x_wconf 74' lang='grc' dir='ltr'>τωλοὺς</span> <span class='ocrx_word' id='word_1_479' title='bbox 225 2226 274 2261; x_wconf 81' lang='grc' dir='ltr'>τῆς</span> <span class='ocrx_word' id='word_1_480' title='bbox 287 2227 349 2261; x_wconf 80' lang='grc' dir='ltr'>γῆς,</span> <span class='ocrx_word' id='word_1_481' title='bbox 364 2225 485 2253; x_wconf 81' lang='grc' dir='ltr'>τουτέστι</span> <span class='ocrx_word' id='word_1_482' title='bbox 504 2226 542 2262; x_wconf 86' lang='grc' dir='ltr'>τῷ</span> <span class='ocrx_word' id='word_1_483' title='bbox 557 2227 624 2261; x_wconf 70' lang='grc' dir='ltr'>φωτὶ</span> <span class='ocrx_word' id='word_1_484' title='bbox 642 2227 691 2262; x_wconf 77' lang='grc' dir='ltr'><strong>τῆς</strong></span> <span class='ocrx_word' id='word_1_485' title='bbox 705 2227 830 2262; x_wconf 83' lang='grc' dir='ltr'>γνώσεως</span> <span class='ocrx_word' id='word_1_486' title='bbox 844 2229 900 2255; x_wconf 84' lang='grc' dir='ltr'>δια-</span> 
     </span>
    </p>
   </div>
   <div class='ocr_carea' id='block_1_66' title="bbox 116 2271 901 2308">
    <p class='ocr_par' dir='ltr' id='par_1_66' title="bbox 116 2271 901 2308">
     <span class='ocr_line' id='line_1_66' title="bbox 116 2271 901 2308; baseline 0.004 -11"><span class='ocrx_word' id='word_1_487' title='bbox 116 2271 228 2307; x_wconf 78' lang='grc' dir='ltr'>κρίνειν,</span> <span class='ocrx_word' id='word_1_488' title='bbox 244 2273 288 2298; x_wconf 76' lang='grc' dir='ltr'>καὶ</span> <span class='ocrx_word' id='word_1_489' title='bbox 302 2272 482 2307; x_wconf 76' lang='grc' dir='ltr'>ἐξολοθρεὺειν</span> <span class='ocrx_word' id='word_1_490' title='bbox 493 2273 555 2304; x_wconf 72' lang='grc' dir='ltr'>τοὺς</span> <span class='ocrx_word' id='word_1_491' title='bbox 568 2273 745 2308; x_wconf 78' lang='grc' dir='ltr'>ἁμαρτωλοὺς</span> <span class='ocrx_word' id='word_1_492' title='bbox 756 2273 901 2308; x_wconf 67' lang='grc' dir='ltr'>λογισμοὺς</span> 
     </span>
    </p>
   </div>
   <div class='ocr_carea' id='block_1_67' title="bbox 116 2318 909 2354">
    <p class='ocr_par' dir='ltr' id='par_1_67' title="bbox 116 2318 909 2354">
     <span class='ocr_line' id='line_1_67' title="bbox 116 2318 909 2354; baseline 0.001 -10"><span class='ocrx_word' id='word_1_493' title='bbox 116 2318 150 2344; x_wconf 76' lang='grc' dir='ltr'>ὲκ</span> <span class='ocrx_word' id='word_1_494' title='bbox 165 2318 215 2352; x_wconf 81' lang='grc' dir='ltr'>τῆς</span> <span class='ocrx_word' id='word_1_495' title='bbox 235 2319 295 2352; x_wconf 82' lang='grc' dir='ltr'>γῆς,</span> <span class='ocrx_word' id='word_1_496' title='bbox 307 2318 368 2353; x_wconf 80' lang='grc' dir='ltr'>ἥτις</span> <span class='ocrx_word' id='word_1_497' title='bbox 388 2319 460 2344; x_wconf 70' lang='grc' dir='ltr'>ἐστὶν</span> <span class='ocrx_word' id='word_1_498' title='bbox 476 2319 492 2353; x_wconf 81' lang='grc' dir='ltr'><strong>ἡ</strong></span> <span class='ocrx_word' id='word_1_499' title='bbox 509 2318 615 2354; x_wconf 85' lang='grc' dir='ltr'>καρδία,</span> <span class='ocrx_word' id='word_1_500' title='bbox 629 2319 698 2345; x_wconf 79' lang='grc' dir='ltr'>κατὰ</span> <span class='ocrx_word' id='word_1_501' title='bbox 712 2319 760 2354; x_wconf 83' lang='grc' dir='ltr'>τὴν</span> <span class='ocrx_word' id='word_1_502' title='bbox 781 2318 827 2345; x_wconf 82' lang='grc' dir='ltr'><strong>τοῦ</strong></span> <span class='ocrx_word' id='word_1_503' title='bbox 843 2320 909 2345; x_wconf 61' lang='grc' dir='ltr'>Κιμ-</span> 
     </span>
    </p>
   </div>
   <div class='ocr_carea' id='block_1_68' title="bbox 119 2364 897 2400">
    <p class='ocr_par' dir='ltr' id='par_1_68' title="bbox 119 2364 897 2400">
     <span class='ocr_line' id='line_1_68' title="bbox 119 2364 897 2400; baseline 0.001 -10"><span class='ocrx_word' id='word_1_504' title='bbox 119 2365 176 2400; x_wconf 87' lang='grc' dir='ltr'>ρίου</span> <span class='ocrx_word' id='word_1_505' title='bbox 196 2365 286 2400; x_wconf 83' lang='grc' dir='ltr'>φωνήν</span> <span class='ocrx_word' id='word_1_506' title='bbox 298 2373 304 2379; x_wconf 90' lang='grc'><strong>·</strong></span> <span class='ocrx_word' id='word_1_507' title='bbox 321 2365 367 2391; x_wconf 78' lang='grc' dir='ltr'>καὶ</span> <span class='ocrx_word' id='word_1_508' title='bbox 395 2365 432 2396; x_wconf 83' lang='grc' dir='ltr'>ὡς</span> <span class='ocrx_word' id='word_1_509' title='bbox 455 2364 495 2390; x_wconf 78' lang='grc' dir='ltr'>ἔτι</span> <span class='ocrx_word' id='word_1_510' title='bbox 510 2365 599 2400; x_wconf 78' lang='grc' dir='ltr'>νήπιοι</span> <span class='ocrx_word' id='word_1_511' title='bbox 616 2366 684 2391; x_wconf 75' lang='grc' dir='ltr'>εἰσιν</span> <span class='ocrx_word' id='word_1_512' title='bbox 700 2365 723 2391; x_wconf 76' lang='grc' dir='ltr'>οἱ</span> <span class='ocrx_word' id='word_1_513' title='bbox 739 2365 792 2391; x_wconf 77' lang='grc' dir='ltr'>υἱοὶ</span> <span class='ocrx_word' id='word_1_514' title='bbox 810 2364 897 2391; x_wconf 73' lang='grc' dir='ltr'>Βαϐυ-</span> 
     </span>
    </p>
   </div>
   <div class='ocr_carea' id='block_1_69' title="bbox 117 2409 897 2446">
    <p class='ocr_par' dir='ltr' id='par_1_69' title="bbox 117 2409 897 2446">
     <span class='ocr_line' id='line_1_69' title="bbox 117 2409 897 2446; baseline 0.001 -10"><span class='ocrx_word' id='word_1_515' title='bbox 117 2409 212 2441; x_wconf 79' lang='grc' dir='ltr'>λῶνος,</span> <span class='ocrx_word' id='word_1_516' title='bbox 223 2410 305 2444; x_wconf 75' lang='grc' dir='ltr'>ἤγουν</span> <span class='ocrx_word' id='word_1_517' title='bbox 319 2411 344 2436; x_wconf 86' lang='grc' dir='ltr'>οἰ</span> <span class='ocrx_word' id='word_1_518' title='bbox 359 2411 471 2446; x_wconf 78' lang='grc' dir='ltr'>πονηροὶ</span> <span class='ocrx_word' id='word_1_519' title='bbox 478 2410 612 2445; x_wconf 73' lang='grc' dir='ltr'>λογισμοὶ,</span> <span class='ocrx_word' id='word_1_520' title='bbox 627 2409 736 2442; x_wconf 83' lang='grc' dir='ltr'>τούτους</span> <span class='ocrx_word' id='word_1_521' title='bbox 750 2410 897 2444; x_wconf 68' lang='grc' dir='ltr'>ἑδαφίζειν,</span> 
     </span>
    </p>
   </div>
   <div class='ocr_carea' id='block_1_70' title="bbox 115 2455 899 2491">
    <p class='ocr_par' dir='ltr' id='par_1_70' title="bbox 115 2455 899 2491">
     <span class='ocr_line' id='line_1_70' title="bbox 115 2455 899 2491; baseline 0 -9"><span class='ocrx_word' id='word_1_522' title='bbox 115 2455 166 2484; x_wconf 66' lang='grc' dir='ltr'>,καὶ</span> <span class='ocrx_word' id='word_1_523' title='bbox 179 2455 329 2491; x_wconf 76' lang='grc' dir='ltr'>συντρίϐειν</span> <span class='ocrx_word' id='word_1_524' title='bbox 346 2456 412 2491; x_wconf 75' lang='grc' dir='ltr'>πρὸς</span> <span class='ocrx_word' id='word_1_525' title='bbox 427 2456 476 2491; x_wconf 78' lang='grc' dir='ltr'>τὴν</span> <span class='ocrx_word' id='word_1_526' title='bbox 499 2456 611 2491; x_wconf 76' lang='grc' dir='ltr'>πέτραν,</span> <span class='ocrx_word' id='word_1_527' title='bbox 637 2455 698 2490; x_wconf 70' lang='grc' dir='ltr'>ἥτις</span> <span class='ocrx_word' id='word_1_528' title='bbox 712 2455 785 2482; x_wconf 74' lang='grc' dir='ltr'>ἐστὶν</span> <span class='ocrx_word' id='word_1_529' title='bbox 801 2456 815 2482; x_wconf 80' lang='grc' dir='ltr'><strong><em>ὁ</em></strong></span> <span class='ocrx_word' id='word_1_530' title='bbox 833 2457 899 2491; x_wconf 74' lang='grc' dir='ltr'>Χρι-</span> 
     </span>
    </p>
   </div>
   <div class='ocr_carea' id='block_1_71' title="bbox 118 2501 897 2537">
    <p class='ocr_par' dir='ltr' id='par_1_71' title="bbox 118 2501 897 2537">
     <span class='ocr_line' id='line_1_71' title="bbox 118 2501 897 2537; baseline 0.003 -11"><span class='ocrx_word' id='word_1_531' title='bbox 118 2501 190 2531; x_wconf 82' lang='grc' dir='ltr'>στός,</span> <span class='ocrx_word' id='word_1_532' title='bbox 217 2501 279 2527; x_wconf 79' lang='grc' dir='ltr'>Ἐὰν</span> <span class='ocrx_word' id='word_1_533' title='bbox 298 2501 351 2537; x_wconf 78' lang='grc' dir='ltr'><strong>γὰρ</strong></span> <span class='ocrx_word' id='word_1_534' title='bbox 375 2501 418 2528; x_wconf 73' lang='grc' dir='ltr'>διὰ</span> <span class='ocrx_word' id='word_1_535' title='bbox 439 2502 489 2537; x_wconf 83' lang='grc' dir='ltr'>τῆς</span> <span class='ocrx_word' id='word_1_536' title='bbox 516 2501 651 2537; x_wconf 79' lang='grc' dir='ltr'>ἡμετέρας</span> <span class='ocrx_word' id='word_1_537' title='bbox 675 2501 897 2535; x_wconf 81' lang='grc' dir='ltr'>συγκαταθέσεως</span> 
     </span>
    </p>
   </div>
   <div class='ocr_carea' id='block_1_72' title="bbox 115 2545 898 2582">
    <p class='ocr_par' dir='ltr' id='par_1_72' title="bbox 115 2545 898 2582">
     <span class='ocr_line' id='line_1_72' title="bbox 115 2545 898 2582; baseline 0.006 -11"><span class='ocrx_word' id='word_1_538' title='bbox 115 2545 309 2581; x_wconf 76' lang='grc' dir='ltr'>ἀνδρυνθῶσιν,</span> <span class='ocrx_word' id='word_1_539' title='bbox 336 2547 385 2573; x_wconf 88' lang='grc' dir='ltr'>οὐκ</span> <span class='ocrx_word' id='word_1_540' title='bbox 399 2548 462 2574; x_wconf 78' lang='grc' dir='ltr'>ἄνευ</span> <span class='ocrx_word' id='word_1_541' title='bbox 485 2547 602 2582; x_wconf 81' lang='grc' dir='ltr'>μεγάλου</span> <span class='ocrx_word' id='word_1_542' title='bbox 621 2547 772 2582; x_wconf 84' lang='grc' dir='ltr'>στεναγμοῦ</span> <span class='ocrx_word' id='word_1_543' title='bbox 787 2548 832 2576; x_wconf 74' lang='grc' dir='ltr'>καὶ</span> <span class='ocrx_word' id='word_1_544' title='bbox 849 2557 898 2574; x_wconf 66' lang='grc' dir='ltr'>κατ</span> 
     </span>
    </p>
   </div>
   <div class='ocr_carea' id='block_1_73' title="bbox 116 2591 898 2629">
    <p class='ocr_par' dir='ltr' id='par_1_73' title="bbox 116 2591 898 2629">
     <span class='ocr_line' id='line_1_73' title="bbox 116 2591 898 2629; baseline 0.003 -12"><span class='ocrx_word' id='word_1_545' title='bbox 116 2591 204 2628; x_wconf 76' lang='grc' dir='ltr'>μάτου</span> <span class='ocrx_word' id='word_1_546' title='bbox 232 2592 430 2627; x_wconf 81' lang='grc' dir='ltr'>κινηθήσονται.</span> <span class='ocrx_word' id='word_1_547' title='bbox 456 2593 528 2628; x_wconf 80' lang='grc' dir='ltr'>Πρὸς</span> <span class='ocrx_word' id='word_1_548' title='bbox 549 2593 577 2619; x_wconf 81' lang='grc' dir='ltr'>δὲ</span> <span class='ocrx_word' id='word_1_549' title='bbox 599 2595 655 2625; x_wconf 87' lang='grc' dir='ltr'>τοῖς</span> <span class='ocrx_word' id='word_1_550' title='bbox 676 2594 829 2629; x_wconf 78' lang='grc' dir='ltr'>εἰρημένοις</span> <span class='ocrx_word' id='word_1_551' title='bbox 844 2593 898 2619; x_wconf 72' lang='grc' dir='ltr'><strong>ἀπο</strong></span> 
     </span>
    </p>
   </div>
   <div class='ocr_carea' id='block_1_74' title="bbox 116 2636 898 2674">
    <p class='ocr_par' dir='ltr' id='par_1_74' title="bbox 116 2636 898 2674">
     <span class='ocr_line' id='line_1_74' title="bbox 116 2636 898 2674; baseline 0.008 -12"><span class='ocrx_word' id='word_1_552' title='bbox 116 2636 167 2671; x_wconf 83' lang='grc' dir='ltr'>τῆς</span> <span class='ocrx_word' id='word_1_553' title='bbox 183 2636 257 2668; x_wconf 80' lang='grc' dir='ltr'>θείας</span> <span class='ocrx_word' id='word_1_554' title='bbox 282 2638 390 2672; x_wconf 71' lang='grc' dir='ltr'>Γραφῆς</span> <span class='ocrx_word' id='word_1_555' title='bbox 413 2638 493 2664; x_wconf 78' lang='grc' dir='ltr'>καλὸν</span> <span class='ocrx_word' id='word_1_556' title='bbox 512 2637 559 2664; x_wconf 79' lang='grc' dir='ltr'>καὶ</span> <span class='ocrx_word' id='word_1_557' title='bbox 576 2638 654 2673; x_wconf 79' lang='grc' dir='ltr'>λόγον</span> <span class='ocrx_word' id='word_1_558' title='bbox 674 2638 758 2673; x_wconf 80' lang='grc' dir='ltr'>ἁγίων</span> <span class='ocrx_word' id='word_1_559' title='bbox 772 2639 898 2674; x_wconf 75' lang='grc' dir='ltr'>Πατέρων</span> 
     </span>
    </p>
   </div>
   <div class='ocr_carea' id='block_1_75' title="bbox 152 2714 1003 2751">
    <p class='ocr_par' dir='ltr' id='par_1_75' title="bbox 152 2714 1003 2751">
     <span class='ocr_line' id='line_1_75' title="bbox 152 2714 1003 2751; baseline 0 -9"><span class='ocrx_word' id='word_1_560' title='bbox 152 2715 176 2731; x_wconf 73' lang='grc'><strong>⁵⁸</strong></span> <span class='ocrx_word' id='word_1_561' title='bbox 193 2714 309 2751; x_wconf 87' lang='lat' dir='ltr'><strong>Philipp.</strong></span> <span class='ocrx_word' id='word_1_562' title='bbox 328 2723 378 2748; x_wconf 88' lang='grc'><strong>111,</strong></span> <span class='ocrx_word' id='word_1_563' title='bbox 394 2716 439 2744; x_wconf 76' lang='lat'><strong>20.</strong></span> <span class='ocrx_word' id='word_1_564' title='bbox 478 2716 500 2732; x_wconf 83' lang='lat'>&quot;</span> <span class='ocrx_word' id='word_1_565' title='bbox 519 2715 613 2744; x_wconf 83' lang='lat' dir='ltr'><strong>Matth.</strong></span> <span class='ocrx_word' id='word_1_566' title='bbox 632 2725 659 2749; x_wconf 77' lang='grc' dir='ltr'><strong>ν,</strong></span> <span class='ocrx_word' id='word_1_567' title='bbox 674 2715 718 2747; x_wconf 72' lang='lat'><strong>28.</strong></span> <span class='ocrx_word' id='word_1_568' title='bbox 758 2716 780 2734; x_wconf 79' lang='lat'><strong><em>“</em></strong></span> <span class='ocrx_word' id='word_1_569' title='bbox 800 2715 878 2746; x_wconf 84' lang='lat' dir='ltr'><strong>Prov.</strong></span> <span class='ocrx_word' id='word_1_570' title='bbox 898 2723 941 2748; x_wconf 83' lang='lat' dir='ltr'><strong>tv,</strong></span> <span class='ocrx_word' id='word_1_571' title='bbox 960 2714 1003 2742; x_wconf 70' lang='lat'><strong>25.</strong></span> 
     </span>
    </p>
   </div>
   <div class='ocr_carea' id='block_1_76' title="bbox 155 2791 395 2824">
    <p class='ocr_par' dir='ltr' id='par_1_76' title="bbox 155 2791 395 2824">
     <span class='ocr_line' id='line_1_76' title="bbox 155 2791 395 2824; baseline 0.004 -6"><span class='ocrx_word' id='word_1_572' title='bbox 155 2791 212 2824; x_wconf 82' lang='lat'><strong>(87)</strong></span> <span class='ocrx_word' id='word_1_573' title='bbox 228 2791 296 2818; x_wconf 86' lang='lat' dir='ltr'><strong>lhid.</strong></span> <span class='ocrx_word' id='word_1_574' title='bbox 311 2799 335 2819; x_wconf 74' lang='grc' dir='ltr'><strong>ρ.</strong></span> <span class='ocrx_word' id='word_1_575' title='bbox 350 2791 395 2819; x_wconf 80' lang='lat' dir='ltr'><strong>to.</strong></span> 
     </span>
    </p>
   </div>
   <div class='ocr_carea' id='block_1_77' title="bbox 155 2826 395 2868">
    <p class='ocr_par' dir='ltr' id='par_1_77' title="bbox 155 2826 395 2868">
     <span class='ocr_line' id='line_1_77' title="bbox 155 2826 395 2868; baseline -0.008 -14"><span class='ocrx_word' id='word_1_576' title='bbox 155 2826 212 2862; x_wconf 70' lang='lat'><strong>(88)</strong></span> <span class='ocrx_word' id='word_1_577' title='bbox 229 2826 297 2854; x_wconf 86' lang='lat' dir='ltr'><strong>lhid.</strong></span> <span class='ocrx_word' id='word_1_578' title='bbox 312 2835 337 2855; x_wconf 73' lang='grc' dir='ltr'>ε.</span> <span class='ocrx_word' id='word_1_579' title='bbox 355 2826 395 2868; x_wconf 65' lang='grc' dir='ltr'>ιε.</span> 
     </span>
    </p>
   </div>
   <div class='ocr_carea' id='block_1_78' title="bbox 945 897 1723 933">
    <p class='ocr_par' dir='ltr' id='par_1_78' title="bbox 945 897 1723 933">
     <span class='ocr_line' id='line_1_78' title="bbox 945 897 1723 933; baseline 0.009 -10"><span class='ocrx_word' id='word_1_580' title='bbox 945 897 1019 924; x_wconf 87' lang='lat' dir='ltr'><strong>intus</strong></span> <span class='ocrx_word' id='word_1_581' title='bbox 1033 898 1123 931; x_wconf 89' lang='lat' dir='ltr'><strong>sitam,</strong></span> <span class='ocrx_word' id='word_1_582' title='bbox 1137 907 1197 933; x_wconf 65' lang='lat' dir='ltr'><strong>quae</strong></span> <span class='ocrx_word' id='word_1_583' title='bbox 1214 900 1301 928; x_wconf 91' lang='lat' dir='ltr'><strong>oculis</strong></span> <span class='ocrx_word' id='word_1_584' title='bbox 1321 900 1354 927; x_wconf 85' lang='lat' dir='ltr'><strong>ad</strong></span> <span class='ocrx_word' id='word_1_585' title='bbox 1372 901 1471 927; x_wconf 86' lang='lat' dir='ltr'><strong>bonum</strong></span> <span class='ocrx_word' id='word_1_586' title='bbox 1485 901 1537 929; x_wconf 83' lang='lat' dir='ltr'><strong>sibi</strong></span> <span class='ocrx_word' id='word_1_587' title='bbox 1553 910 1566 929; x_wconf 87' lang='lat' dir='ltr'><strong>a</strong></span> <span class='ocrx_word' id='word_1_588' title='bbox 1583 902 1637 930; x_wconf 84' lang='lat' dir='ltr'><strong>Deo</strong></span> <span class='ocrx_word' id='word_1_589' title='bbox 1651 903 1723 931; x_wconf 82' lang='lat' dir='ltr'><strong>datis</strong></span> 
     </span>
    </p>
   </div>
   <div class='ocr_carea' id='block_1_79' title="bbox 946 941 1724 982">
    <p class='ocr_par' dir='ltr' id='par_1_79' title="bbox 946 941 1724 982">
     <span class='ocr_line' id='line_1_79' title="bbox 946 941 1724 982; baseline 0.009 -14"><span class='ocrx_word' id='word_1_590' title='bbox 946 941 1068 976; x_wconf 86' lang='lat' dir='ltr'><strong>improbe</strong></span> <span class='ocrx_word' id='word_1_591' title='bbox 1089 946 1131 970; x_wconf 82' lang='lat' dir='ltr'><strong>est</strong></span> <span class='ocrx_word' id='word_1_592' title='bbox 1143 951 1191 970; x_wconf 87' lang='lat' dir='ltr'><strong>usa</strong></span> <span class='ocrx_word' id='word_1_593' title='bbox 1208 953 1214 970; x_wconf 90' lang='lat'><strong>:</strong></span> <span class='ocrx_word' id='word_1_594' title='bbox 1231 951 1292 978; x_wconf 69' lang='lat' dir='ltr'><strong>qttze</strong></span> <span class='ocrx_word' id='word_1_595' title='bbox 1307 952 1389 972; x_wconf 86' lang='lat' dir='ltr'><strong>causa</strong></span> <span class='ocrx_word' id='word_1_596' title='bbox 1412 949 1453 972; x_wconf 85' lang='lat' dir='ltr'><strong>cst</strong></span> <span class='ocrx_word' id='word_1_597' title='bbox 1468 946 1524 973; x_wconf 87' lang='lat' dir='ltr'><strong>&#39;cur</strong></span> <span class='ocrx_word' id='word_1_598' title='bbox 1539 947 1647 981; x_wconf 84' lang='lat' dir='ltr'><strong>sapiens</strong></span> <span class='ocrx_word' id='word_1_599' title='bbox 1661 955 1724 982; x_wconf 90' lang='lat' dir='ltr'><strong>pro-</strong></span> 
     </span>
    </p>
   </div>
   <div class='ocr_carea' id='block_1_80' title="bbox 945 986 1723 1026">
    <p class='ocr_par' dir='ltr' id='par_1_80' title="bbox 945 986 1723 1026">
     <span class='ocr_line' id='line_1_80' title="bbox 945 986 1723 1026; baseline 0.01 -14"><span class='ocrx_word' id='word_1_600' title='bbox 945 986 1066 1013; x_wconf 77' lang='lat' dir='ltr'><strong>verbium</strong></span> <span class='ocrx_word' id='word_1_601' title='bbox 1092 987 1175 1019; x_wconf 84' lang='lat' dir='ltr'><strong>dicat,</strong></span> <span class='ocrx_word' id='word_1_602' title='bbox 1192 995 1258 1020; x_wconf 91' lang='lat' dir='ltr'><strong>non,</strong></span> <span class='ocrx_word' id='word_1_603' title='bbox 1274 987 1354 1016; x_wconf 89' lang='lat' dir='ltr'><strong>Omni</strong></span> <span class='ocrx_word' id='word_1_604' title='bbox 1370 990 1493 1017; x_wconf 88' lang='lat' dir='ltr'><strong>custodia</strong></span> <span class='ocrx_word' id='word_1_605' title='bbox 1510 998 1587 1018; x_wconf 74' lang='lat' dir='ltr'><strong>serva</strong></span> <span class='ocrx_word' id='word_1_606' title='bbox 1611 993 1723 1026; x_wconf 80' lang='lat' dir='ltr'><strong>oculos;</strong></span> 
     </span>
    </p>
   </div>
   <div class='ocr_carea' id='block_1_81' title="bbox 945 1031 1725 1065">
    <p class='ocr_par' dir='ltr' id='par_1_81' title="bbox 945 1031 1725 1065">
     <span class='ocr_line' id='line_1_81' title="bbox 945 1031 1725 1065; baseline 0.009 -7"><span class='ocrx_word' id='word_1_607' title='bbox 945 1031 1003 1060; x_wconf 86' lang='lat' dir='ltr'><strong>sed.</strong></span> <span class='ocrx_word' id='word_1_608' title='bbox 1020 1042 1029 1057; x_wconf 83' lang='grc' dir='ltr'><strong>ι</strong></span> <span class='ocrx_word' id='word_1_609' title='bbox 1047 1032 1126 1059; x_wconf 86' lang='lat' dir='ltr'><strong>Omni</strong></span> <span class='ocrx_word' id='word_1_610' title='bbox 1139 1034 1263 1060; x_wconf 88' lang='lat' dir='ltr'><strong>custodia</strong></span> <span class='ocrx_word' id='word_1_611' title='bbox 1278 1041 1356 1062; x_wconf 80' lang='lat' dir='ltr'><strong>serva</strong></span> <span class='ocrx_word' id='word_1_612' title='bbox 1377 1042 1425 1061; x_wconf 92' lang='lat' dir='ltr'><strong>cor</strong></span> <span class='ocrx_word' id='word_1_613' title='bbox 1445 1039 1520 1062; x_wconf 82' lang='lat' dir='ltr'><strong>tuum</strong></span> <span class='ocrx_word' id='word_1_614' title='bbox 1536 1036 1568 1063; x_wconf 81' lang='lat'><strong>“.</strong></span> <span class='ocrx_word' id='word_1_615' title='bbox 1589 1046 1598 1062; x_wconf 85' lang='grc'><strong>›</strong></span> <span class='ocrx_word' id='word_1_616' title='bbox 1614 1036 1653 1064; x_wconf 91' lang='lat' dir='ltr'><strong>Illi</strong></span> <span class='ocrx_word' id='word_1_617' title='bbox 1672 1038 1725 1065; x_wconf 88' lang='lat' dir='ltr'><strong>sci-</strong></span> 
     </span>
    </p>
   </div>
   <div class='ocr_carea' id='block_1_82' title="bbox 945 1078 1725 1120">
    <p class='ocr_par' dir='ltr' id='par_1_82' title="bbox 945 1078 1725 1120">
     <span class='ocr_line' id='line_1_82' title="bbox 945 1078 1725 1120; baseline 0.01 -16"><span class='ocrx_word' id='word_1_618' title='bbox 945 1078 1009 1106; x_wconf 88' lang='lat' dir='ltr'><strong>licet</strong></span> <span class='ocrx_word' id='word_1_619' title='bbox 1034 1080 1151 1108; x_wconf 76' lang='lat' dir='ltr'><strong>maxime</strong></span> <span class='ocrx_word' id='word_1_620' title='bbox 1175 1081 1307 1108; x_wconf 57' lang='lat' dir='ltr'><strong>custodia</strong></span> <span class='ocrx_word' id='word_1_621' title='bbox 1328 1082 1475 1109; x_wconf 79' lang='lat' dir='ltr'><strong>remedium</strong></span> <span class='ocrx_word' id='word_1_622' title='bbox 1501 1084 1637 1118; x_wconf 85' lang='lat' dir='ltr'><strong>applicat,</strong></span> <span class='ocrx_word' id='word_1_623' title='bbox 1663 1092 1725 1120; x_wconf 67' lang='lat' dir='ltr'><strong>qua</strong></span> 
     </span>
    </p>
   </div>
   <div class='ocr_carea' id='block_1_83' title="bbox 945 1126 1725 1165">
    <p class='ocr_par' dir='ltr' id='par_1_83' title="bbox 945 1126 1725 1165">
     <span class='ocr_line' id='line_1_83' title="bbox 945 1126 1725 1165; baseline 0.005 -12"><span class='ocrx_word' id='word_1_624' title='bbox 945 1126 1033 1154; x_wconf 89' lang='lat' dir='ltr'><strong>oculis</strong></span> <span class='ocrx_word' id='word_1_625' title='bbox 1047 1127 1161 1154; x_wconf 86' lang='lat' dir='ltr'><strong>arbitrio</strong></span> <span class='ocrx_word' id='word_1_626' title='bbox 1175 1134 1225 1154; x_wconf 90' lang='lat' dir='ltr'><strong>suo</strong></span> <span class='ocrx_word' id='word_1_627' title='bbox 1241 1127 1335 1154; x_wconf 84' lang='lat' dir='ltr'><strong>utitur.</strong></span> <span class='ocrx_word' id='word_1_628' title='bbox 1350 1127 1406 1162; x_wconf 84' lang='lat'><strong>(89)</strong></span> <span class='ocrx_word' id='word_1_629' title='bbox 1426 1127 1519 1163; x_wconf 78' lang='lat' dir='ltr'><strong>Itaque</strong></span> <span class='ocrx_word' id='word_1_630' title='bbox 1533 1130 1589 1156; x_wconf 67' lang='lat' dir='ltr'><strong>haec</strong></span> <span class='ocrx_word' id='word_1_631' title='bbox 1605 1130 1640 1156; x_wconf 91' lang='lat' dir='ltr'><strong>sit</strong></span> <span class='ocrx_word' id='word_1_632' title='bbox 1661 1139 1725 1165; x_wconf 91' lang='lat' dir='ltr'><strong>pur-</strong></span> 
     </span>
    </p>
   </div>
   <div class='ocr_carea' id='block_1_84' title="bbox 944 1173 1724 1208">
    <p class='ocr_par' dir='ltr' id='par_1_84' title="bbox 944 1173 1724 1208">
     <span class='ocr_line' id='line_1_84' title="bbox 944 1173 1724 1208; baseline 0.006 -8"><span class='ocrx_word' id='word_1_633' title='bbox 944 1173 1062 1208; x_wconf 75' lang='lat' dir='ltr'><strong>gationis</strong></span> <span class='ocrx_word' id='word_1_634' title='bbox 1075 1177 1175 1200; x_wconf 71' lang='lat' dir='ltr'><strong>nostrae</strong></span> <span class='ocrx_word' id='word_1_635' title='bbox 1196 1174 1282 1208; x_wconf 87' lang='lat' dir='ltr'><strong>prima</strong></span> <span class='ocrx_word' id='word_1_636' title='bbox 1308 1174 1447 1207; x_wconf 89' lang='lat' dir='ltr'><strong>custodia;</strong></span> <span class='ocrx_word' id='word_1_637' title='bbox 1472 1179 1502 1201; x_wconf 85' lang='lat' dir='ltr'><strong>ut</strong></span> <span class='ocrx_word' id='word_1_638' title='bbox 1524 1183 1586 1202; x_wconf 86' lang='lat' dir='ltr'><strong>cum</strong></span> <span class='ocrx_word' id='word_1_639' title='bbox 1607 1181 1724 1205; x_wconf 86' lang='lat' dir='ltr'><strong>mentem</strong></span> 
     </span>
    </p>
   </div>
   <div class='ocr_carea' id='block_1_85' title="bbox 945 1219 1724 1257">
    <p class='ocr_par' dir='ltr' id='par_1_85' title="bbox 945 1219 1724 1257">
     <span class='ocr_line' id='line_1_85' title="bbox 945 1219 1724 1257; baseline 0.006 -12"><span class='ocrx_word' id='word_1_640' title='bbox 945 1223 1066 1246; x_wconf 79' lang='lat' dir='ltr'><strong>nostram</strong></span> <span class='ocrx_word' id='word_1_641' title='bbox 1091 1219 1213 1246; x_wconf 87' lang='lat' dir='ltr'><strong>mulieris</strong></span> <span class='ocrx_word' id='word_1_642' title='bbox 1235 1220 1363 1247; x_wconf 81' lang='lat' dir='ltr'><strong>memoria</strong></span> <span class='ocrx_word' id='word_1_643' title='bbox 1376 1239 1383 1252; x_wconf 91' lang='lat'><strong>,</strong></span> <span class='ocrx_word' id='word_1_644' title='bbox 1405 1221 1538 1248; x_wconf 84' lang='lat' dir='ltr'><strong>diabolica</strong></span> <span class='ocrx_word' id='word_1_645' title='bbox 1553 1224 1724 1257; x_wconf 80' lang='lat' dir='ltr'><strong>operatione.</strong></span> 
     </span>
    </p>
   </div>
   <div class='ocr_carea' id='block_1_86' title="bbox 945 1264 1725 1303">
    <p class='ocr_par' dir='ltr' id='par_1_86' title="bbox 945 1264 1725 1303">
     <span class='ocr_line' id='line_1_86' title="bbox 945 1264 1725 1303; baseline 0.005 -11"><span class='ocrx_word' id='word_1_646' title='bbox 945 1264 1071 1297; x_wconf 84' lang='lat' dir='ltr'><strong>subierit,</strong></span> <span class='ocrx_word' id='word_1_647' title='bbox 1097 1265 1205 1292; x_wconf 83' lang='lat' dir='ltr'><strong>etiamsi</strong></span> <span class='ocrx_word' id='word_1_648' title='bbox 1227 1267 1332 1297; x_wconf 86' lang='lat' dir='ltr'><strong>matris,</strong></span> <span class='ocrx_word' id='word_1_649' title='bbox 1349 1271 1394 1292; x_wconf 83' lang='lat' dir='ltr'><strong>aut</strong></span> <span class='ocrx_word' id='word_1_650' title='bbox 1415 1267 1530 1299; x_wconf 74' lang='lat' dir='ltr'><strong>sororis,</strong></span> <span class='ocrx_word' id='word_1_651' title='bbox 1555 1272 1602 1294; x_wconf 90' lang='lat' dir='ltr'><strong>aut</strong></span> <span class='ocrx_word' id='word_1_652' title='bbox 1618 1269 1725 1303; x_wconf 90' lang='lat' dir='ltr'><strong>piarum</strong></span> 
     </span>
    </p>
   </div>
   <div class='ocr_carea' id='block_1_87' title="bbox 945 1311 1726 1345">
    <p class='ocr_par' dir='ltr' id='par_1_87' title="bbox 945 1311 1726 1345">
     <span class='ocr_line' id='line_1_87' title="bbox 945 1311 1726 1345; baseline 0.008 -8"><span class='ocrx_word' id='word_1_653' title='bbox 945 1311 1059 1338; x_wconf 85' lang='lat' dir='ltr'><strong>aliarum</strong></span> <span class='ocrx_word' id='word_1_654' title='bbox 1085 1311 1240 1345; x_wconf 90' lang='lat' dir='ltr'><strong>mulierum,</strong></span> <span class='ocrx_word' id='word_1_655' title='bbox 1257 1317 1362 1340; x_wconf 91' lang='lat' dir='ltr'><strong>mature</strong></span> <span class='ocrx_word' id='word_1_656' title='bbox 1381 1314 1453 1341; x_wconf 87' lang='lat' dir='ltr'><strong>illam</strong></span> <span class='ocrx_word' id='word_1_657' title='bbox 1477 1323 1509 1341; x_wconf 86' lang='lat' dir='ltr'><strong>ex</strong></span> <span class='ocrx_word' id='word_1_658' title='bbox 1534 1315 1616 1343; x_wconf 86' lang='lat' dir='ltr'><strong>corde</strong></span> <span class='ocrx_word' id='word_1_659' title='bbox 1632 1321 1726 1344; x_wconf 88' lang='lat' dir='ltr'><strong>nostro</strong></span> 
     </span>
    </p>
   </div>
   <div class='ocr_carea' id='block_1_88' title="bbox 944 1357 1727 1394">
    <p class='ocr_par' dir='ltr' id='par_1_88' title="bbox 944 1357 1727 1394">
     <span class='ocr_line' id='line_1_88' title="bbox 944 1357 1727 1394; baseline 0.005 -10"><span class='ocrx_word' id='word_1_660' title='bbox 944 1357 1087 1391; x_wconf 84' lang='lat' dir='ltr'><strong>ejiciamus</strong></span> <span class='ocrx_word' id='word_1_661' title='bbox 1108 1365 1114 1382; x_wconf 94' lang='lat'><strong>:</strong></span> <span class='ocrx_word' id='word_1_662' title='bbox 1131 1365 1165 1385; x_wconf 89' lang='lat' dir='ltr'><strong>ne</strong></span> <span class='ocrx_word' id='word_1_663' title='bbox 1181 1358 1204 1385; x_wconf 83' lang='lat' dir='ltr'><strong>si</strong></span> <span class='ocrx_word' id='word_1_664' title='bbox 1222 1358 1248 1385; x_wconf 91' lang='lat' dir='ltr'><strong>in</strong></span> <span class='ocrx_word' id='word_1_665' title='bbox 1265 1359 1311 1385; x_wconf 78' lang='lat' dir='ltr'><strong>tali</strong></span> <span class='ocrx_word' id='word_1_666' title='bbox 1329 1359 1492 1394; x_wconf 74' lang='lat' dir='ltr'><strong>cogitatione</strong></span> <span class='ocrx_word' id='word_1_667' title='bbox 1512 1360 1614 1388; x_wconf 88' lang='lat' dir='ltr'><strong>diutius</strong></span> <span class='ocrx_word' id='word_1_668' title='bbox 1631 1361 1727 1388; x_wconf 78' lang='lat' dir='ltr'><strong>immo-</strong></span> 
     </span>
    </p>
   </div>
   <div class='ocr_carea' id='block_1_89' title="bbox 945 1402 1728 1441">
    <p class='ocr_par' dir='ltr' id='par_1_89' title="bbox 945 1402 1728 1441">
     <span class='ocr_line' id='line_1_89' title="bbox 945 1402 1728 1441; baseline 0.006 -12"><span class='ocrx_word' id='word_1_669' title='bbox 945 1409 1047 1433; x_wconf 89' lang='lat' dir='ltr'><strong>remur,</strong></span> <span class='ocrx_word' id='word_1_670' title='bbox 1062 1402 1190 1430; x_wconf 85' lang='lat' dir='ltr'><strong>seductor</strong></span> <span class='ocrx_word' id='word_1_671' title='bbox 1212 1410 1243 1430; x_wconf 90' lang='lat' dir='ltr'><strong>ac</strong></span> <span class='ocrx_word' id='word_1_672' title='bbox 1265 1405 1397 1431; x_wconf 87' lang='lat' dir='ltr'><strong>malorum</strong></span> <span class='ocrx_word' id='word_1_673' title='bbox 1421 1409 1517 1432; x_wconf 86' lang='lat' dir='ltr'><strong>auctor</strong></span> <span class='ocrx_word' id='word_1_674' title='bbox 1535 1405 1590 1437; x_wconf 90' lang='lat' dir='ltr'><strong>ille,</strong></span> <span class='ocrx_word' id='word_1_675' title='bbox 1606 1413 1639 1433; x_wconf 78' lang='lat' dir='ltr'><strong>ex</strong></span> <span class='ocrx_word' id='word_1_676' title='bbox 1653 1406 1728 1441; x_wconf 73' lang='lat' dir='ltr'><strong>ejus-</strong></span> 
     </span>
    </p>
   </div>
   <div class='ocr_carea' id='block_1_90' title="bbox 945 1448 1727 1484">
    <p class='ocr_par' dir='ltr' id='par_1_90' title="bbox 945 1448 1727 1484">
     <span class='ocr_line' id='line_1_90' title="bbox 945 1448 1727 1484; baseline 0.009 -10"><span class='ocrx_word' id='word_1_677' title='bbox 945 1448 1017 1475; x_wconf 70' lang='lat' dir='ltr'><strong>modi</strong></span> <span class='ocrx_word' id='word_1_678' title='bbox 1032 1449 1153 1475; x_wconf 88' lang='lat' dir='ltr'><strong>vultuum</strong></span> <span class='ocrx_word' id='word_1_679' title='bbox 1177 1449 1330 1484; x_wconf 81' lang='lat' dir='ltr'><strong>phantasia,</strong></span> <span class='ocrx_word' id='word_1_680' title='bbox 1352 1450 1378 1476; x_wconf 90' lang='lat' dir='ltr'><strong>in</strong></span> <span class='ocrx_word' id='word_1_681' title='bbox 1390 1450 1525 1478; x_wconf 87' lang='lat' dir='ltr'><strong>obscenas</strong></span> <span class='ocrx_word' id='word_1_682' title='bbox 1540 1455 1567 1478; x_wconf 89' lang='lat' dir='ltr'><strong>et</strong></span> <span class='ocrx_word' id='word_1_683' title='bbox 1580 1451 1727 1481; x_wconf 74' lang='lat' dir='ltr'><strong>damnosas</strong></span> 
     </span>
    </p>
   </div>
   <div class='ocr_carea' id='block_1_91' title="bbox 945 1494 1727 1531">
    <p class='ocr_par' dir='ltr' id='par_1_91' title="bbox 945 1494 1727 1531">
     <span class='ocr_line' id='line_1_91' title="bbox 945 1494 1727 1531; baseline 0.004 -10"><span class='ocrx_word' id='word_1_684' title='bbox 945 1494 1123 1529; x_wconf 77' lang='lat' dir='ltr'><strong>cogitationes</strong></span> <span class='ocrx_word' id='word_1_685' title='bbox 1141 1499 1256 1521; x_wconf 86' lang='lat' dir='ltr'><strong>mentem</strong></span> <span class='ocrx_word' id='word_1_686' title='bbox 1271 1494 1396 1522; x_wconf 84' lang='lat' dir='ltr'><strong>devolvat</strong></span> <span class='ocrx_word' id='word_1_687' title='bbox 1410 1503 1441 1522; x_wconf 84' lang='lat' dir='ltr'><strong>ac</strong></span> <span class='ocrx_word' id='word_1_688' title='bbox 1452 1495 1618 1530; x_wconf 67' lang='lat' dir='ltr'><strong>praecipitet;</strong></span> <span class='ocrx_word' id='word_1_689' title='bbox 1630 1504 1727 1531; x_wconf 86' lang='lat' dir='ltr'><strong>quem-</strong></span> 
     </span>
    </p>
   </div>
   <div class='ocr_carea' id='block_1_92' title="bbox 946 1539 1724 1576">
    <p class='ocr_par' dir='ltr' id='par_1_92' title="bbox 946 1539 1724 1576">
     <span class='ocr_line' id='line_1_92' title="bbox 946 1539 1724 1576; baseline 0.004 -10"><span class='ocrx_word' id='word_1_690' title='bbox 946 1539 1090 1566; x_wconf 78' lang='lat' dir='ltr'><strong>admodum</strong></span> <span class='ocrx_word' id='word_1_691' title='bbox 1107 1540 1261 1575; x_wconf 73' lang='lat' dir='ltr'><strong>praeeipitur</strong></span> <span class='ocrx_word' id='word_1_692' title='bbox 1282 1540 1410 1567; x_wconf 85' lang='lat' dir='ltr'><strong>mandato</strong></span> <span class='ocrx_word' id='word_1_693' title='bbox 1428 1540 1473 1568; x_wconf 92' lang='lat' dir='ltr'><strong>illo</strong></span> <span class='ocrx_word' id='word_1_694' title='bbox 1490 1540 1534 1568; x_wconf 89' lang='lat' dir='ltr'><strong>Dei</strong></span> <span class='ocrx_word' id='word_1_695' title='bbox 1551 1542 1584 1568; x_wconf 88' lang='lat' dir='ltr'><strong>ad</strong></span> <span class='ocrx_word' id='word_1_696' title='bbox 1609 1542 1724 1576; x_wconf 86' lang='lat' dir='ltr'><strong>primum</strong></span> 
     </span>
    </p>
   </div>
   <div class='ocr_carea' id='block_1_93' title="bbox 948 1585 1729 1623">
    <p class='ocr_par' dir='ltr' id='par_1_93' title="bbox 948 1585 1729 1623">
     <span class='ocr_line' id='line_1_93' title="bbox 948 1585 1729 1623; baseline 0.006 -12"><span class='ocrx_word' id='word_1_697' title='bbox 948 1585 1083 1612; x_wconf 85' lang='lat' dir='ltr'><strong>hominem</strong></span> <span class='ocrx_word' id='word_1_698' title='bbox 1099 1585 1172 1618; x_wconf 86' lang='lat' dir='ltr'><strong>dato,</strong></span> <span class='ocrx_word' id='word_1_699' title='bbox 1199 1589 1228 1612; x_wconf 91' lang='lat' dir='ltr'><strong>ut</strong></span> <span class='ocrx_word' id='word_1_700' title='bbox 1249 1585 1379 1613; x_wconf 87' lang='lat' dir='ltr'><strong>nimirum</strong></span> <span class='ocrx_word' id='word_1_701' title='bbox 1401 1587 1558 1615; x_wconf 85' lang='lat' dir='ltr'><strong>observaret</strong></span> <span class='ocrx_word' id='word_1_702' title='bbox 1573 1591 1656 1623; x_wconf 89' lang='lat' dir='ltr'><strong>caput</strong></span> <span class='ocrx_word' id='word_1_703' title='bbox 1669 1595 1729 1616; x_wconf 84' lang='lat' dir='ltr'><strong>ser-</strong></span> 
     </span>
    </p>
   </div>
   <div class='ocr_carea' id='block_1_94' title="bbox 945 1630 1727 1668">
    <p class='ocr_par' dir='ltr' id='par_1_94' title="bbox 945 1630 1727 1668">
     <span class='ocr_line' id='line_1_94' title="bbox 945 1630 1727 1668; baseline 0.005 -11"><span class='ocrx_word' id='word_1_704' title='bbox 945 1631 1046 1666; x_wconf 88' lang='lat' dir='ltr'><strong>pentis,</strong></span> <span class='ocrx_word' id='word_1_705' title='bbox 1073 1630 1099 1658; x_wconf 90' lang='lat' dir='ltr'><strong>id</strong></span> <span class='ocrx_word' id='word_1_706' title='bbox 1123 1635 1175 1663; x_wconf 85' lang='lat' dir='ltr'><strong>est,</strong></span> <span class='ocrx_word' id='word_1_707' title='bbox 1197 1631 1360 1666; x_wconf 84' lang='lat' dir='ltr'><strong>principium</strong></span> <span class='ocrx_word' id='word_1_708' title='bbox 1378 1631 1516 1660; x_wconf 65' lang='lat' dir='ltr'><strong>damnosa</strong></span> <span class='ocrx_word' id='word_1_709' title='bbox 1541 1633 1727 1668; x_wconf 72' lang='lat' dir='ltr'><strong>cogitationis.</strong></span> 
     </span>
    </p>
   </div>
   <div class='ocr_carea' id='block_1_95' title="bbox 947 1676 1728 1712">
    <p class='ocr_par' dir='ltr' id='par_1_95' title="bbox 947 1676 1728 1712">
     <span class='ocr_line' id='line_1_95' title="bbox 947 1676 1728 1712; baseline 0.006 -10"><span class='ocrx_word' id='word_1_710' title='bbox 947 1683 1001 1710; x_wconf 90' lang='lat' dir='ltr'><strong>qua</strong></span> <span class='ocrx_word' id='word_1_711' title='bbox 1018 1676 1045 1702; x_wconf 93' lang='lat' dir='ltr'><strong>in</strong></span> <span class='ocrx_word' id='word_1_712' title='bbox 1056 1676 1174 1703; x_wconf 86' lang='lat' dir='ltr'><strong>animam</strong></span> <span class='ocrx_word' id='word_1_713' title='bbox 1186 1680 1307 1704; x_wconf 83' lang='lat' dir='ltr'><strong>nostram</strong></span> <span class='ocrx_word' id='word_1_714' title='bbox 1324 1677 1442 1712; x_wconf 84' lang='lat' dir='ltr'><strong>irrepere</strong></span> <span class='ocrx_word' id='word_1_715' title='bbox 1456 1678 1568 1712; x_wconf 89' lang='lat' dir='ltr'><strong>nititur;</strong></span> <span class='ocrx_word' id='word_1_716' title='bbox 1584 1683 1615 1706; x_wconf 90' lang='lat' dir='ltr'><strong>ut</strong></span> <span class='ocrx_word' id='word_1_717' title='bbox 1629 1687 1664 1706; x_wconf 88' lang='lat' dir='ltr'><strong>ne</strong></span> <span class='ocrx_word' id='word_1_718' title='bbox 1680 1679 1728 1707; x_wconf 86' lang='lat' dir='ltr'><strong>ad-</strong></span> 
     </span>
    </p>
   </div>
   <div class='ocr_carea' id='block_1_96' title="bbox 947 1722 1727 1760">
    <p class='ocr_par' dir='ltr' id='par_1_96' title="bbox 947 1722 1727 1760">
     <span class='ocr_line' id='line_1_96' title="bbox 947 1722 1727 1760; baseline 0.006 -12"><span class='ocrx_word' id='word_1_719' title='bbox 947 1722 1032 1749; x_wconf 82' lang='lat' dir='ltr'><strong>misso</strong></span> <span class='ocrx_word' id='word_1_720' title='bbox 1047 1723 1145 1756; x_wconf 86' lang='lat' dir='ltr'><strong>capite,</strong></span> <span class='ocrx_word' id='word_1_721' title='bbox 1161 1723 1186 1749; x_wconf 87' lang='lat' dir='ltr'><strong>id</strong></span> <span class='ocrx_word' id='word_1_722' title='bbox 1203 1727 1255 1755; x_wconf 89' lang='lat' dir='ltr'><strong>cst,</strong></span> <span class='ocrx_word' id='word_1_723' title='bbox 1273 1723 1358 1758; x_wconf 78' lang='lat' dir='ltr'><strong>prima</strong></span> <span class='ocrx_word' id='word_1_724' title='bbox 1374 1724 1547 1760; x_wconf 77' lang='lat' dir='ltr'><strong>cogitationis</strong></span> <span class='ocrx_word' id='word_1_725' title='bbox 1565 1725 1727 1760; x_wconf 86' lang='lat' dir='ltr'><strong>irruptione.</strong></span> 
     </span>
    </p>
   </div>
   <div class='ocr_carea' id='block_1_97' title="bbox 947 1767 1728 1804">
    <p class='ocr_par' dir='ltr' id='par_1_97' title="bbox 947 1767 1728 1804">
     <span class='ocr_line' id='line_1_97' title="bbox 947 1767 1728 1804; baseline 0.006 -10"><span class='ocrx_word' id='word_1_726' title='bbox 947 1767 1080 1801; x_wconf 75' lang='lat' dir='ltr'><strong>reliquum</strong></span> <span class='ocrx_word' id='word_1_727' title='bbox 1114 1767 1247 1802; x_wconf 84' lang='lat' dir='ltr'><strong>serpentis</strong></span> <span class='ocrx_word' id='word_1_728' title='bbox 1276 1776 1392 1804; x_wconf 83' lang='lat' dir='ltr'><strong>corpus,</strong></span> <span class='ocrx_word' id='word_1_729' title='bbox 1420 1769 1523 1797; x_wconf 86' lang='lat' dir='ltr'><strong>scilicet</strong></span> <span class='ocrx_word' id='word_1_730' title='bbox 1562 1778 1728 1799; x_wconf 84' lang='lat' dir='ltr'><strong>consensum</strong></span> 
     </span>
    </p>
   </div>
   <div class='ocr_carea' id='block_1_98' title="bbox 947 1812 1729 1848">
    <p class='ocr_par' dir='ltr' id='par_1_98' title="bbox 947 1812 1729 1848">
     <span class='ocr_line' id='line_1_98' title="bbox 947 1812 1729 1848; baseline 0.008 -11"><span class='ocrx_word' id='word_1_731' title='bbox 947 1812 1107 1847; x_wconf 88' lang='lat' dir='ltr'><strong>voluptatis,</strong></span> <span class='ocrx_word' id='word_1_732' title='bbox 1123 1812 1298 1840; x_wconf 79' lang='lat' dir='ltr'><strong>admittamus</strong></span> <span class='ocrx_word' id='word_1_733' title='bbox 1308 1822 1316 1846; x_wconf 87' lang='lat'><strong>;</strong></span> <span class='ocrx_word' id='word_1_734' title='bbox 1326 1818 1406 1848; x_wconf 83' lang='lat' dir='ltr'><strong>atque</strong></span> <span class='ocrx_word' id='word_1_735' title='bbox 1418 1814 1480 1841; x_wconf 82' lang='lat' dir='ltr'><strong>hinc</strong></span> <span class='ocrx_word' id='word_1_736' title='bbox 1493 1814 1600 1842; x_wconf 90' lang='lat' dir='ltr'><strong>demum</strong></span> <span class='ocrx_word' id='word_1_737' title='bbox 1614 1815 1642 1842; x_wconf 94' lang='lat' dir='ltr'><strong>in</strong></span> <span class='ocrx_word' id='word_1_738' title='bbox 1653 1815 1729 1843; x_wconf 80' lang='lat' dir='ltr'><strong>nefa-</strong></span> 
     </span>
    </p>
   </div>
   <div class='ocr_carea' id='block_1_99' title="bbox 947 1857 1726 1896">
    <p class='ocr_par' dir='ltr' id='par_1_99' title="bbox 947 1857 1726 1896">
     <span class='ocr_line' id='line_1_99' title="bbox 947 1857 1726 1896; baseline 0.005 -11"><span class='ocrx_word' id='word_1_739' title='bbox 947 1859 1017 1886; x_wconf 89' lang='lat' dir='ltr'><strong>rium</strong></span> <span class='ocrx_word' id='word_1_740' title='bbox 1034 1857 1140 1885; x_wconf 83' lang='lat' dir='ltr'><strong>facinus</strong></span> <span class='ocrx_word' id='word_1_741' title='bbox 1155 1862 1271 1886; x_wconf 82' lang='lat' dir='ltr'><strong>tuentem</strong></span> <span class='ocrx_word' id='word_1_742' title='bbox 1288 1859 1333 1886; x_wconf 85' lang='lat' dir='ltr'><strong>ille</strong></span> <span class='ocrx_word' id='word_1_743' title='bbox 1348 1860 1458 1894; x_wconf 83' lang='lat' dir='ltr'><strong>dejieiat</strong></span> <span class='ocrx_word' id='word_1_744' title='bbox 1472 1868 1479 1886; x_wconf 90' lang='lat'>:</span> <span class='ocrx_word' id='word_1_745' title='bbox 1495 1861 1542 1888; x_wconf 88' lang='lat' dir='ltr'><strong>sed</strong></span> <span class='ocrx_word' id='word_1_746' title='bbox 1558 1868 1607 1896; x_wconf 89' lang='lat' dir='ltr'><strong>par</strong></span> <span class='ocrx_word' id='word_1_747' title='bbox 1617 1865 1671 1894; x_wconf 85' lang='lat' dir='ltr'><strong>est,</strong></span> <span class='ocrx_word' id='word_1_748' title='bbox 1687 1863 1726 1889; x_wconf 84' lang='lat' dir='ltr'><strong>uti</strong></span> 
     </span>
    </p>
   </div>
   <div class='ocr_carea' id='block_1_100' title="bbox 948 1904 1729 1943">
    <p class='ocr_par' dir='ltr' id='par_1_100' title="bbox 948 1904 1729 1943">
     <span class='ocr_line' id='line_1_100' title="bbox 948 1904 1729 1943; baseline 0.005 -11"><span class='ocrx_word' id='word_1_749' title='bbox 948 1905 1077 1938; x_wconf 86' lang='lat' dir='ltr'><strong>scriptum</strong></span> <span class='ocrx_word' id='word_1_750' title='bbox 1092 1907 1133 1930; x_wconf 84' lang='lat' dir='ltr'><strong>est</strong></span> <span class='ocrx_word' id='word_1_751' title='bbox 1146 1904 1178 1935; x_wconf 66' lang='grc'><strong>⁵⁷,</strong></span> <span class='ocrx_word' id='word_1_752' title='bbox 1198 1904 1225 1932; x_wconf 90' lang='lat' dir='ltr'><strong>in</strong></span> <span class='ocrx_word' id='word_1_753' title='bbox 1243 1905 1376 1933; x_wconf 84' lang='lat' dir='ltr'><strong>matutino</strong></span> <span class='ocrx_word' id='word_1_754' title='bbox 1390 1906 1542 1934; x_wconf 81' lang='lat' dir='ltr'><strong>interﬁcere</strong></span> <span class='ocrx_word' id='word_1_755' title='bbox 1555 1915 1651 1936; x_wconf 87' lang='lat' dir='ltr'><strong>omnes</strong></span> <span class='ocrx_word' id='word_1_756' title='bbox 1666 1916 1729 1943; x_wconf 88' lang='lat' dir='ltr'><strong>pec-</strong></span> 
     </span>
    </p>
   </div>
   <div class='ocr_carea' id='block_1_101' title="bbox 947 1950 1728 1988">
    <p class='ocr_par' dir='ltr' id='par_1_101' title="bbox 947 1950 1728 1988">
     <span class='ocr_line' id='line_1_101' title="bbox 947 1950 1728 1988; baseline 0.006 -12"><span class='ocrx_word' id='word_1_757' title='bbox 947 1954 1055 1978; x_wconf 89' lang='lat' dir='ltr'><strong>catores</strong></span> <span class='ocrx_word' id='word_1_758' title='bbox 1081 1954 1175 1982; x_wconf 63' lang='lat' dir='ltr'><strong>terrm;</strong></span> <span class='ocrx_word' id='word_1_759' title='bbox 1191 1950 1217 1978; x_wconf 91' lang='lat' dir='ltr'><strong>id</strong></span> <span class='ocrx_word' id='word_1_760' title='bbox 1233 1956 1286 1982; x_wconf 85' lang='lat' dir='ltr'><strong>est,</strong></span> <span class='ocrx_word' id='word_1_761' title='bbox 1303 1952 1405 1980; x_wconf 87' lang='lat' dir='ltr'><strong>lumine</strong></span> <span class='ocrx_word' id='word_1_762' title='bbox 1425 1954 1590 1988; x_wconf 71' lang='lat' dir='ltr'><strong>cognitionis</strong></span> <span class='ocrx_word' id='word_1_763' title='bbox 1605 1954 1728 1982; x_wconf 86' lang='lat' dir='ltr'><strong>interno-</strong></span> 
     </span>
    </p>
   </div>
   <div class='ocr_carea' id='block_1_102' title="bbox 947 1998 1726 2035">
    <p class='ocr_par' dir='ltr' id='par_1_102' title="bbox 947 1998 1726 2035">
     <span class='ocr_line' id='line_1_102' title="bbox 947 1998 1726 2035; baseline 0.006 -13"><span class='ocrx_word' id='word_1_764' title='bbox 947 2003 1024 2023; x_wconf 85' lang='lat' dir='ltr'><strong>scere</strong></span> <span class='ocrx_word' id='word_1_765' title='bbox 1043 1999 1123 2032; x_wconf 86' lang='lat' dir='ltr'><strong>atque</strong></span> <span class='ocrx_word' id='word_1_766' title='bbox 1150 1998 1306 2032; x_wconf 81' lang='lat' dir='ltr'><strong>disperdere</strong></span> <span class='ocrx_word' id='word_1_767' title='bbox 1329 2000 1508 2034; x_wconf 81' lang='lat' dir='ltr'><strong>cogitationes</strong></span> <span class='ocrx_word' id='word_1_768' title='bbox 1530 1999 1563 2026; x_wconf 86' lang='lat' dir='ltr'><strong>ad</strong></span> <span class='ocrx_word' id='word_1_769' title='bbox 1587 2003 1726 2035; x_wconf 87' lang='lat' dir='ltr'><strong>peccatum</strong></span> 
     </span>
    </p>
   </div>
   <div class='ocr_carea' id='block_1_103' title="bbox 948 2041 1729 2079">
    <p class='ocr_par' dir='ltr' id='par_1_103' title="bbox 948 2041 1729 2079">
     <span class='ocr_line' id='line_1_103' title="bbox 948 2041 1729 2079; baseline 0.004 -10"><span class='ocrx_word' id='word_1_770' title='bbox 948 2041 1130 2077; x_wconf 86' lang='lat' dir='ltr'><strong>deducentes;</strong></span> <span class='ocrx_word' id='word_1_771' title='bbox 1146 2051 1177 2070; x_wconf 78' lang='lat' dir='ltr'><strong>cx</strong></span> <span class='ocrx_word' id='word_1_772' title='bbox 1194 2047 1277 2076; x_wconf 87' lang='lat' dir='ltr'><strong>terra,</strong></span> <span class='ocrx_word' id='word_1_773' title='bbox 1297 2045 1402 2071; x_wconf 71' lang='lat' dir='ltr'><strong>scilicet</strong></span> <span class='ocrx_word' id='word_1_774' title='bbox 1417 2046 1453 2072; x_wconf 80' lang='lat' dir='ltr'><strong>e.\&#39;</strong></span> <span class='ocrx_word' id='word_1_775' title='bbox 1478 2045 1570 2076; x_wconf 82' lang='lat' dir='ltr'><strong>corde,</strong></span> <span class='ocrx_word' id='word_1_776' title='bbox 1583 2045 1661 2079; x_wconf 79' lang='lat' dir='ltr'><strong>juxta</strong></span> <span class='ocrx_word' id='word_1_777' title='bbox 1676 2044 1729 2072; x_wconf 87' lang='lat' dir='ltr'><strong>Do-</strong></span> 
     </span>
    </p>
   </div>
   <div class='ocr_carea' id='block_1_104' title="bbox 948 2088 1728 2126">
    <p class='ocr_par' dir='ltr' id='par_1_104' title="bbox 948 2088 1728 2126">
     <span class='ocr_line' id='line_1_104' title="bbox 948 2088 1728 2126; baseline 0.004 -12"><span class='ocrx_word' id='word_1_778' title='bbox 948 2088 1014 2116; x_wconf 91' lang='lat' dir='ltr'><strong>mini</strong></span> <span class='ocrx_word' id='word_1_779' title='bbox 1026 2096 1131 2117; x_wconf 87' lang='lat' dir='ltr'><strong>voccm.</strong></span> <span class='ocrx_word' id='word_1_780' title='bbox 1144 2089 1176 2116; x_wconf 83' lang='lat' dir='ltr'><strong>Et</strong></span> <span class='ocrx_word' id='word_1_781' title='bbox 1197 2089 1260 2117; x_wconf 87' lang='lat' dir='ltr'><strong>dum</strong></span> <span class='ocrx_word' id='word_1_782' title='bbox 1280 2091 1368 2118; x_wconf 84' lang='lat' dir='ltr'><strong>adhuc</strong></span> <span class='ocrx_word' id='word_1_783' title='bbox 1383 2091 1488 2126; x_wconf 67' lang='lat' dir='ltr'><strong>parvuli</strong></span> <span class='ocrx_word' id='word_1_784' title='bbox 1505 2095 1569 2118; x_wconf 83' lang='lat' dir='ltr'><strong>sunt</strong></span> <span class='ocrx_word' id='word_1_785' title='bbox 1581 2091 1627 2117; x_wconf 86' lang='lat' dir='ltr'><strong>ﬁlii</strong></span> <span class='ocrx_word' id='word_1_786' title='bbox 1639 2089 1728 2126; x_wconf 82' lang='lat' dir='ltr'><strong>Baby-</strong></span> 
     </span>
    </p>
   </div>
   <div class='ocr_carea' id='block_1_105' title="bbox 948 2134 1729 2170">
    <p class='ocr_par' dir='ltr' id='par_1_105' title="bbox 948 2134 1729 2170">
     <span class='ocr_line' id='line_1_105' title="bbox 948 2134 1729 2170; baseline 0.003 -10"><span class='ocrx_word' id='word_1_787' title='bbox 948 2134 1029 2166; x_wconf 85' lang='lat' dir='ltr'><strong>lonis.</strong></span> <span class='ocrx_word' id='word_1_788' title='bbox 1043 2143 1091 2163; x_wconf 87' lang='lat' dir='ltr'><strong>seu</strong></span> <span class='ocrx_word' id='word_1_789' title='bbox 1110 2137 1186 2163; x_wconf 66' lang='lat' dir='ltr'><strong>malae</strong></span> <span class='ocrx_word' id='word_1_790' title='bbox 1200 2136 1387 2170; x_wconf 75' lang='lat' dir='ltr'><strong>cogitationes;</strong></span> <span class='ocrx_word' id='word_1_791' title='bbox 1410 2141 1465 2163; x_wconf 90' lang='lat' dir='ltr'><strong>tum</strong></span> <span class='ocrx_word' id='word_1_792' title='bbox 1490 2143 1537 2163; x_wconf 88' lang='lat' dir='ltr'><strong>eos</strong></span> <span class='ocrx_word' id='word_1_793' title='bbox 1552 2136 1610 2163; x_wconf 90' lang='lat' dir='ltr'><strong>solo</strong></span> <span class='ocrx_word' id='word_1_794' title='bbox 1621 2143 1729 2170; x_wconf 72' lang='lat' dir='ltr'><strong>aequare</strong></span> 
     </span>
    </p>
   </div>
   <div class='ocr_carea' id='block_1_106' title="bbox 915 2173 1729 2216">
    <p class='ocr_par' dir='ltr' id='par_1_106' title="bbox 915 2173 1729 2216">
     <span class='ocr_line' id='line_1_106' title="bbox 915 2173 1729 2216; baseline 0.004 -10"><span class='ocrx_word' id='word_1_795' title='bbox 915 2173 938 2203; x_wconf 87' lang='lat' dir='ltr'><strong>D</strong></span> <span class='ocrx_word' id='word_1_796' title='bbox 950 2184 1031 2214; x_wconf 90' lang='lat' dir='ltr'><strong>atque</strong></span> <span class='ocrx_word' id='word_1_797' title='bbox 1050 2181 1159 2209; x_wconf 87' lang='lat' dir='ltr'><strong>allidere</strong></span> <span class='ocrx_word' id='word_1_798' title='bbox 1174 2185 1280 2216; x_wconf 86' lang='lat' dir='ltr'><strong>oportet</strong></span> <span class='ocrx_word' id='word_1_799' title='bbox 1299 2181 1333 2208; x_wconf 86' lang='lat' dir='ltr'><strong>ad</strong></span> <span class='ocrx_word' id='word_1_800' title='bbox 1349 2186 1452 2216; x_wconf 84' lang='lat' dir='ltr'><strong>petram</strong></span> <span class='ocrx_word' id='word_1_801' title='bbox 1469 2181 1502 2213; x_wconf 76' lang='lat'><strong>“,</strong></span> <span class='ocrx_word' id='word_1_802' title='bbox 1518 2189 1578 2216; x_wconf 82' lang='lat' dir='ltr'><strong>quae</strong></span> <span class='ocrx_word' id='word_1_803' title='bbox 1593 2185 1633 2209; x_wconf 89' lang='lat' dir='ltr'><strong>est</strong></span> <span class='ocrx_word' id='word_1_804' title='bbox 1649 2182 1729 2209; x_wconf 86' lang='lat' dir='ltr'><strong>Chri-</strong></span> 
     </span>
    </p>
   </div>
   <div class='ocr_carea' id='block_1_107' title="bbox 949 2227 1728 2262">
    <p class='ocr_par' dir='ltr' id='par_1_107' title="bbox 949 2227 1728 2262">
     <span class='ocr_line' id='line_1_107' title="bbox 949 2227 1728 2262; baseline 0.001 -8"><span class='ocrx_word' id='word_1_805' title='bbox 949 2231 1018 2254; x_wconf 84' lang='lat' dir='ltr'><strong>stus.</strong></span> <span class='ocrx_word' id='word_1_806' title='bbox 1037 2227 1065 2254; x_wconf 90' lang='lat' dir='ltr'><strong>Si</strong></span> <span class='ocrx_word' id='word_1_807' title='bbox 1087 2229 1159 2255; x_wconf 91' lang='lat' dir='ltr'><strong>enim</strong></span> <span class='ocrx_word' id='word_1_808' title='bbox 1179 2235 1315 2256; x_wconf 83' lang='lat' dir='ltr'><strong>consensu</strong></span> <span class='ocrx_word' id='word_1_809' title='bbox 1336 2232 1432 2255; x_wconf 87' lang='lat' dir='ltr'><strong>nostro</strong></span> <span class='ocrx_word' id='word_1_810' title='bbox 1452 2228 1485 2255; x_wconf 85' lang='lat' dir='ltr'><strong>ad</strong></span> <span class='ocrx_word' id='word_1_811' title='bbox 1512 2228 1616 2255; x_wconf 83' lang='lat' dir='ltr'><strong>virilem</strong></span> <span class='ocrx_word' id='word_1_812' title='bbox 1632 2235 1728 2262; x_wconf 84' lang='lat' dir='ltr'><strong>perve-</strong></span> 
     </span>
    </p>
   </div>
   <div class='ocr_carea' id='block_1_108' title="bbox 948 2273 1729 2308">
    <p class='ocr_par' dir='ltr' id='par_1_108' title="bbox 948 2273 1729 2308">
     <span class='ocr_line' id='line_1_108' title="bbox 948 2273 1729 2308; baseline 0.003 -9"><span class='ocrx_word' id='word_1_813' title='bbox 948 2273 1025 2300; x_wconf 91' lang='lat' dir='ltr'><strong>niant</strong></span> <span class='ocrx_word' id='word_1_814' title='bbox 1043 2277 1160 2304; x_wconf 70' lang='lat' dir='ltr'><strong>aetatem,</strong></span> <span class='ocrx_word' id='word_1_815' title='bbox 1174 2281 1228 2301; x_wconf 91' lang='lat' dir='ltr'><strong>non</strong></span> <span class='ocrx_word' id='word_1_816' title='bbox 1240 2274 1307 2300; x_wconf 85' lang='lat' dir='ltr'><strong>citra</strong></span> <span class='ocrx_word' id='word_1_817' title='bbox 1322 2280 1435 2308; x_wconf 74' lang='lat' dir='ltr'><strong>magnos</strong></span> <span class='ocrx_word' id='word_1_818' title='bbox 1452 2273 1566 2308; x_wconf 74' lang='lat' dir='ltr'><strong>gemitus</strong></span> <span class='ocrx_word' id='word_1_819' title='bbox 1580 2277 1607 2300; x_wconf 85' lang='lat' dir='ltr'><strong>et</strong></span> <span class='ocrx_word' id='word_1_820' title='bbox 1622 2273 1729 2301; x_wconf 76' lang='lat' dir='ltr'><strong>labores</strong></span> 
     </span>
    </p>
   </div>
   <div class='ocr_carea' id='block_1_109' title="bbox 949 2318 1728 2354">
    <p class='ocr_par' dir='ltr' id='par_1_109' title="bbox 949 2318 1728 2354">
     <span class='ocr_line' id='line_1_109' title="bbox 949 2318 1728 2354; baseline -0.001 -8"><span class='ocrx_word' id='word_1_821' title='bbox 949 2319 1162 2353; x_wconf 85' lang='lat' dir='ltr'><strong>superabuntur.</strong></span> <span class='ocrx_word' id='word_1_822' title='bbox 1177 2319 1216 2347; x_wconf 80' lang='lat' dir='ltr'><strong>Ad</strong></span> <span class='ocrx_word' id='word_1_823' title='bbox 1234 2327 1265 2347; x_wconf 82' lang='lat' dir='ltr'><strong>ea</strong></span> <span class='ocrx_word' id='word_1_824' title='bbox 1279 2323 1368 2346; x_wconf 81' lang='lat' dir='ltr'><strong>autem</strong></span> <span class='ocrx_word' id='word_1_825' title='bbox 1385 2326 1446 2353; x_wconf 67' lang='lat' dir='ltr'><strong>quae</strong></span> <span class='ocrx_word' id='word_1_826' title='bbox 1460 2319 1586 2354; x_wconf 86' lang='lat' dir='ltr'><strong>superius</strong></span> <span class='ocrx_word' id='word_1_827' title='bbox 1599 2327 1632 2347; x_wconf 77' lang='lat' dir='ltr'><strong>ex</strong></span> <span class='ocrx_word' id='word_1_828' title='bbox 1654 2318 1728 2346; x_wconf 82' lang='lat' dir='ltr'><strong>Scri-</strong></span> 
     </span>
    </p>
   </div>
   <div class='ocr_carea' id='block_1_110' title="bbox 949 2364 1729 2399">
    <p class='ocr_par' dir='ltr' id='par_1_110' title="bbox 949 2364 1729 2399">
     <span class='ocr_line' id='line_1_110' title="bbox 949 2364 1729 2399; baseline 0.001 -9"><span class='ocrx_word' id='word_1_829' title='bbox 949 2368 1028 2398; x_wconf 84' lang='lat' dir='ltr'><strong>ptura</strong></span> <span class='ocrx_word' id='word_1_830' title='bbox 1044 2372 1122 2391; x_wconf 85' lang='lat' dir='ltr'><strong>sacra</strong></span> <span class='ocrx_word' id='word_1_831' title='bbox 1147 2365 1219 2392; x_wconf 90' lang='lat' dir='ltr'><strong>dicta</strong></span> <span class='ocrx_word' id='word_1_832' title='bbox 1245 2370 1318 2396; x_wconf 87' lang='lat' dir='ltr'><strong>sunt,</strong></span> <span class='ocrx_word' id='word_1_833' title='bbox 1334 2364 1485 2399; x_wconf 83' lang='lat' dir='ltr'><strong>adjicienda</strong></span> <span class='ocrx_word' id='word_1_834' title='bbox 1507 2369 1663 2392; x_wconf 86' lang='lat' dir='ltr'><strong>sanctorum</strong></span> <span class='ocrx_word' id='word_1_835' title='bbox 1677 2364 1729 2391; x_wconf 84' lang='lat' dir='ltr'><strong>Pa-</strong></span> 
     </span>
    </p>
   </div>
   <div class='ocr_carea' id='block_1_111' title="bbox 949 2408 1729 2444">
    <p class='ocr_par' dir='ltr' id='par_1_111' title="bbox 949 2408 1729 2444">
     <span class='ocr_line' id='line_1_111' title="bbox 949 2408 1729 2444; baseline 0 -10"><span class='ocrx_word' id='word_1_836' title='bbox 949 2413 1021 2438; x_wconf 82' lang='lat' dir='ltr'><strong>trum</strong></span> <span class='ocrx_word' id='word_1_837' title='bbox 1046 2409 1189 2444; x_wconf 83' lang='lat' dir='ltr'><strong>dicta.(90)</strong></span> <span class='ocrx_word' id='word_1_838' title='bbox 1205 2409 1310 2436; x_wconf 87' lang='lat' dir='ltr'><strong>Dictum</strong></span> <span class='ocrx_word' id='word_1_839' title='bbox 1326 2413 1368 2436; x_wconf 82' lang='lat' dir='ltr'><strong>est</strong></span> <span class='ocrx_word' id='word_1_840' title='bbox 1381 2410 1496 2444; x_wconf 83' lang='lat' dir='ltr'><strong>itaquea</strong></span> <span class='ocrx_word' id='word_1_841' title='bbox 1510 2413 1605 2436; x_wconf 90' lang='lat' dir='ltr'><strong>sancto</strong></span> <span class='ocrx_word' id='word_1_842' title='bbox 1627 2408 1729 2436; x_wconf 85' lang='lat' dir='ltr'><strong>Basilio</strong></span> 
     </span>
    </p>
   </div>
   <div class='ocr_carea' id='block_1_112' title="bbox 949 2454 1727 2490">
    <p class='ocr_par' dir='ltr' id='par_1_112' title="bbox 949 2454 1727 2490">
     <span class='ocr_line' id='line_1_112' title="bbox 949 2454 1727 2490; baseline 0.001 -9"><span class='ocrx_word' id='word_1_843' title='bbox 949 2454 1079 2482; x_wconf 64' lang='lat' dir='ltr'><strong>Caesarem</strong></span> <span class='ocrx_word' id='word_1_844' title='bbox 1101 2455 1277 2489; x_wconf 73' lang='lat' dir='ltr'><strong>Cappadociae</strong></span> <span class='ocrx_word' id='word_1_845' title='bbox 1295 2456 1443 2490; x_wconf 74' lang='lat' dir='ltr'><strong>episcopo:</strong></span> <span class='ocrx_word' id='word_1_846' title='bbox 1460 2454 1599 2482; x_wconf 82' lang='lat' dir='ltr'><strong>Mulierem</strong></span> <span class='ocrx_word' id='word_1_847' title='bbox 1621 2455 1727 2490; x_wconf 73' lang='lat' dir='ltr'><strong>ignoro.</strong></span> 
     </span>
    </p>
   </div>
   <div class='ocr_carea' id='block_1_113' title="bbox 950 2501 1728 2536">
    <p class='ocr_par' dir='ltr' id='par_1_113' title="bbox 950 2501 1728 2536">
     <span class='ocr_line' id='line_1_113' title="bbox 950 2501 1728 2536; baseline -0.001 -8"><span class='ocrx_word' id='word_1_848' title='bbox 950 2507 1000 2530; x_wconf 76' lang='lat' dir='ltr'><strong>nec</strong></span> <span class='ocrx_word' id='word_1_849' title='bbox 1027 2504 1117 2527; x_wconf 87' lang='lat' dir='ltr'><strong>tamen</strong></span> <span class='ocrx_word' id='word_1_850' title='bbox 1139 2501 1216 2536; x_wconf 74' lang='lat' dir='ltr'><strong>virgo</strong></span> <span class='ocrx_word' id='word_1_851' title='bbox 1247 2509 1324 2533; x_wconf 86' lang='lat' dir='ltr'><strong>sum;</strong></span> <span class='ocrx_word' id='word_1_852' title='bbox 1354 2509 1440 2536; x_wconf 79' lang='lat' dir='ltr'><strong>usque</strong></span> <span class='ocrx_word' id='word_1_853' title='bbox 1467 2501 1535 2528; x_wconf 85' lang='lat' dir='ltr'><strong>adeo</strong></span> <span class='ocrx_word' id='word_1_854' title='bbox 1558 2501 1728 2535; x_wconf 81' lang='lat' dir='ltr'><strong>exploratum</strong></span> 
     </span>
    </p>
   </div>
   <div class='ocr_carea' id='block_1_114' title="bbox 949 2545 1729 2581">
    <p class='ocr_par' dir='ltr' id='par_1_114' title="bbox 949 2545 1729 2581">
     <span class='ocr_line' id='line_1_114' title="bbox 949 2545 1729 2581; baseline -0.001 -8"><span class='ocrx_word' id='word_1_855' title='bbox 949 2545 1055 2578; x_wconf 85' lang='lat' dir='ltr'><strong>habuit,</strong></span> <span class='ocrx_word' id='word_1_856' title='bbox 1073 2553 1126 2572; x_wconf 92' lang='lat' dir='ltr'><strong>non</strong></span> <span class='ocrx_word' id='word_1_857' title='bbox 1143 2546 1200 2573; x_wconf 87' lang='lat' dir='ltr'><strong>sola</strong></span> <span class='ocrx_word' id='word_1_858' title='bbox 1223 2547 1357 2581; x_wconf 84' lang='lat' dir='ltr'><strong>corporali</strong></span> <span class='ocrx_word' id='word_1_859' title='bbox 1381 2545 1559 2580; x_wconf 86' lang='lat' dir='ltr'><strong>temperantia</strong></span> <span class='ocrx_word' id='word_1_860' title='bbox 1584 2553 1598 2572; x_wconf 86' lang='lat' dir='ltr'><strong>a</strong></span> <span class='ocrx_word' id='word_1_861' title='bbox 1616 2546 1729 2573; x_wconf 83' lang='lat' dir='ltr'><strong>muliere</strong></span> 
     </span>
    </p>
   </div>
   <div class='ocr_carea' id='block_1_115' title="bbox 949 2590 1728 2626">
    <p class='ocr_par' dir='ltr' id='par_1_115' title="bbox 949 2590 1728 2626">
     <span class='ocr_line' id='line_1_115' title="bbox 949 2590 1728 2626; baseline -0.001 -9"><span class='ocrx_word' id='word_1_862' title='bbox 949 2591 1112 2626; x_wconf 78' lang='lat' dir='ltr'><strong>virginitatis</strong></span> <span class='ocrx_word' id='word_1_863' title='bbox 1126 2592 1227 2618; x_wconf 93' lang='lat' dir='ltr'><strong>donum</strong></span> <span class='ocrx_word' id='word_1_864' title='bbox 1251 2596 1323 2619; x_wconf 83' lang='lat' dir='ltr'><strong>recte</strong></span> <span class='ocrx_word' id='word_1_865' title='bbox 1339 2591 1489 2626; x_wconf 83' lang='lat' dir='ltr'><strong>possideri;</strong></span> <span class='ocrx_word' id='word_1_866' title='bbox 1506 2590 1553 2618; x_wconf 88' lang='lat' dir='ltr'><strong>sed</strong></span> <span class='ocrx_word' id='word_1_867' title='bbox 1568 2591 1653 2617; x_wconf 93' lang='lat' dir='ltr'><strong>multo</strong></span> <span class='ocrx_word' id='word_1_868' title='bbox 1669 2598 1728 2616; x_wconf 85' lang='lat' dir='ltr'><strong>ma-</strong></span> 
     </span>
    </p>
   </div>
   <div class='ocr_carea' id='block_1_116' title="bbox 952 2635 1729 2673">
    <p class='ocr_par' dir='ltr' id='par_1_116' title="bbox 952 2635 1729 2673">
     <span class='ocr_line' id='line_1_116' title="bbox 952 2635 1729 2673; baseline -0.001 -7"><span class='ocrx_word' id='word_1_869' title='bbox 952 2639 993 2673; x_wconf 73' lang='lat' dir='ltr'><strong>gis</strong></span> <span class='ocrx_word' id='word_1_870' title='bbox 1009 2639 1105 2666; x_wconf 75' lang='lat' dir='ltr'><strong>anima:</strong></span> <span class='ocrx_word' id='word_1_871' title='bbox 1120 2639 1262 2666; x_wconf 85' lang='lat' dir='ltr'><strong>sanctitate</strong></span> <span class='ocrx_word' id='word_1_872' title='bbox 1279 2638 1447 2673; x_wconf 85' lang='lat' dir='ltr'><strong>puritateqne</strong></span> <span class='ocrx_word' id='word_1_873' title='bbox 1463 2645 1494 2664; x_wconf 86' lang='lat' dir='ltr'><strong>ac</strong></span> <span class='ocrx_word' id='word_1_874' title='bbox 1507 2637 1607 2665; x_wconf 87' lang='lat' dir='ltr'><strong>timore</strong></span> <span class='ocrx_word' id='word_1_875' title='bbox 1621 2635 1729 2666; x_wconf 35' lang='lat' dir='ltr'><strong>Dei‘ba-</strong></span> 
     </span>
    </p>
   </div>
   <div class='ocr_carea' id='block_1_117' title="bbox 1041 2713 1587 2748">
    <p class='ocr_par' dir='ltr' id='par_1_117' title="bbox 1041 2713 1587 2748">
     <span class='ocr_line' id='line_1_117' title="bbox 1041 2713 1587 2748; baseline 0.004 -7"><span class='ocrx_word' id='word_1_876' title='bbox 1041 2714 1064 2730; x_wconf 83' lang='lat'><strong>&quot;</strong></span> <span class='ocrx_word' id='word_1_877' title='bbox 1084 2713 1157 2742; x_wconf 87' lang='lat' dir='ltr'><strong>Psal.</strong></span> <span class='ocrx_word' id='word_1_878' title='bbox 1174 2721 1209 2745; x_wconf 69' lang='grc' dir='ltr'><strong>(ι.</strong></span> <span class='ocrx_word' id='word_1_879' title='bbox 1226 2714 1243 2742; x_wconf 84' lang='grc'><strong>8</strong></span> <span class='ocrx_word' id='word_1_880' title='bbox 1293 2714 1315 2731; x_wconf 73' lang='grc'><strong><em>⁵⁸</em></strong></span> <span class='ocrx_word' id='word_1_881' title='bbox 1336 2713 1406 2742; x_wconf 80' lang='lat' dir='ltr'><strong>I&#39;sal.</strong></span> <span class='ocrx_word' id='word_1_882' title='bbox 1425 2722 1541 2748; x_wconf 73' lang='grc' dir='ltr'>ωιινι,</span> <span class='ocrx_word' id='word_1_883' title='bbox 1559 2715 1587 2746; x_wconf 85' lang='lat'><strong>9.</strong></span> 
     </span>
    </p>
   </div>
   <div class='ocr_carea' id='block_1_118' title="bbox 987 2792 1206 2826">
    <p class='ocr_par' dir='ltr' id='par_1_118' title="bbox 987 2792 1206 2826">
     <span class='ocr_line' id='line_1_118' title="bbox 987 2792 1206 2826; baseline 0.005 -9"><span class='ocrx_word' id='word_1_884' title='bbox 987 2792 1041 2826; x_wconf 66' lang='lat' dir='ltr'><strong>(ed)</strong></span> <span class='ocrx_word' id='word_1_885' title='bbox 1059 2793 1206 2820; x_wconf 69' lang='lat' dir='ltr'><strong>llml.t.13</strong></span> 
     </span>
    </p>
   </div>
   <div class='ocr_carea' id='block_1_119' title="bbox 986 2827 1224 2863">
    <p class='ocr_par' dir='ltr' id='par_1_119' title="bbox 986 2827 1224 2863">
     <span class='ocr_line' id='line_1_119' title="bbox 986 2827 1224 2863; baseline -0.008 -8"><span class='ocrx_word' id='word_1_886' title='bbox 986 2827 1041 2863; x_wconf 60' lang='grc' dir='ltr'>ιθυ)</span> <span class='ocrx_word' id='word_1_887' title='bbox 1056 2827 1110 2854; x_wconf 50' lang='lat' dir='ltr'><strong>nim</strong></span> <span class='ocrx_word' id='word_1_888' title='bbox 1135 2835 1164 2854; x_wconf 47' lang='grc' dir='ltr'><strong>ιρ.</strong></span> <span class='ocrx_word' id='word_1_889' title='bbox 1183 2827 1224 2856; x_wconf 75' lang='grc' dir='ltr'>ιιι,</span> 
     </span>
    </p>
   </div>
  </div>
