1940 3068
237 125 289 154 879

809 124 839 152 δ.
858 121 1087 150 ΔἹῊΔΝᾹΞΙΠΞ.
1110 137 1144 142 ——
1165 121 1279 150 DUBIA.

1789 120 1847 149 880

236 184 295 211 beri
308 181 405 210 solere.
420 182 501 209 Aiunt
515 181 577 209 item
591 180 694 212 Patres,
711 188 764 208 non
780 188 859 216 posse
870 189 920 209 nos
929 181 1012 208 casti-

1075 179 1261 214 ηπιμνησθῆναι
1275 179 1317 214 δή.
1336 176 1447 215 Εἰρῆται
1461 178 1550 205 τοίνυν
1566 178 1605 212 τῷ
1624 178 1693 212 ἁγιῳ
1711 178 1848 214 Βασιλείῳ

237 227 302 254 tatis
316 226 442 262 perfecta:
458 227 586 253 virtutem
601 226 753 261 possidere.
772 226 824 253 nisi
837 227 912 261 prius
922 233 1013 253 veram

237 273 266 300 in
288 274 370 300 corde
403 273 581 300 humilitatem
607 271 817 306 possideamus:
844 279 930 307 neque
952 279 1016 299 vera

238 318 392 352 cognitione
400 317 495 352 dignos
508 317 599 344 haberi
613 316 732 352 quandiu
747 318 772 343 in
786 317 882 344 anima:
893 321 1016 352 penetra-

238 361 310 389 libus
339 361 527 389 fornicationis
559 361 672 389 affectus
695 362 764 389 situs
787 363 850 390 erit.
868 362 903 390 Ut
926 365 1015 389 autem

239 415 363 443 magnam
377 407 532 442 hujusmodi
550 408 679 434 virtutem
693 416 725 435 ex
745 408 872 442 Apnslolo
886 408 945 442 ipso
970 415 1017 442 pa—

238 453 293 480 lam
310 453 451 483 faciamus,
468 460 549 479 unam
573 452 632 486 ejus
647 460 826 479 memoremus
844 452 1014 483 sententiam,

242 506 296 533 qua
320 498 447 532 loquendi
471 497 727 531 finemifaciemus.
751 507 760 523 ι
783 497 892 529 Pacem,
918 498 1015 532 inquit,

238 543 384 577 sequimini
418 550 480 569 cum
520 543 658 573 omnibus,
683 547 709 569 et
731 543 937 570 sanctimoniam
959 542 1018 570 sine

238 596 293 623 qua
311 596 390 616 nemo
408 588 509 615 videbit
525 587 666 615 Dominum
683 588 717 615 δ’.
736 598 745 614 ι
763 588 840 621 Quod
856 589 928 615 enim
943 596 974 615 ea
984 588 1018 616 de

239 642 269 661 re
280 634 416 668 loquatur,
429 633 566 668 propalam
579 638 621 661 est
634 642 666 660 ex
679 634 712 661 iis
725 642 784 668 quze
797 634 946 668 subiunxit,
960 642 1018 661 cum

239 681 293 708 ait:
307 689 315 705 ι
328 679 366 706 Ne
379 679 440 713 quis
454 679 609 711 fornicator,
625 684 670 705 aut
680 681 821 714 profanus,
832 685 861 706 ut
872 679 944 707 Esau
958 680 990 705 ⁸ο.
1005 689 1014 705 ι

239 725 348 758 Quanto
368 726 458 760 itaque
471 726 557 759 magis
571 725 691 752 ccelestis
702 730 728 752 et
743 726 863 760 angelica
876 730 917 752 est
933 726 1018 753 virtus

240 771 382 803 castitatis,
404 775 478 798 tanto
490 771 661 806 gravioribus
674 771 708 797 ab
728 771 838 797 inimico
854 771 959 798 insidiis
970 779 1019 806 op-

241 821 385 852 pugnatur.
411 817 592 850 Quamobrem
611 825 706 844 curare
722 817 852 844 debemus
869 825 923 845 non
938 818 1018 844 modo

1065 224 1103 259 τῷ
1129 224 1267 258 ὲπισκόπῳ
1289 225 1454 260 Καισαρείας
1481 224 1691 255 Καππαδοκίας·
1716 224 1770 250 Καὶ
1796 233 1850 258 γυ-

1065 271 1145 296 ναῖκα
1158 269 1257 304 ἀγνοῶ,
1271 270 1316 296 καὶ
1341 269 1472 305 παρθένος
1489 270 1539 296 οὐκ
1555 270 1630 304 εἰμί·
1648 269 1772 296 τοσοῦτον
1787 270 1849 303 ὲγί-

1065 324 1152 343 νωσκε
1172 316 1208 351 μὴ
1221 317 1248 341 ὲν
1262 317 1293 351 τῇ
1307 317 1447 351 σωματικῇ
1465 316 1532 352 μόνῃ
1547 317 1634 351 ἀποχῇ
1653 316 1701 350 τῆς
1717 315 1851 350 γυναικὸς

1065 362 1095 388 τὸ
1110 352 1201 397 δῶρον
1219 361 1267 396 τῆς
1290 361 1435 396 παρθενίας
1453 361 1656 397 κατορθοῦσθαι,
1672 362 1732 387 ὅσον
1747 362 1779 396 τῇ
1797 360 1852 395 τῆς

1065 406 1153 441 ψυχῆς
1180 406 1317 442 ἁγιωσύνῃ
1346 407 1393 432 καὶ
1419 406 1583 442 καθαρότητι
1602 406 1671 441 ἢτῷ
1687 405 1759 440 φόϐῳ
1777 404 1850 431 Θεοῦ

1066 451 1259 487 κατορθοῦσθαι
1273 452 1387 485 πέφυκε.
1403 451 1518 485 Λέγουσι
1533 451 1561 478 δὲ
1578 451 1625 477 καὶ
1636 450 1714 476 τοῦτο
1725 451 1749 476 οἱ
1765 450 1852 476 Πατέ-

1068 506 1123 532 ρες,
1146 498 1182 532 μὴ
1205 497 1332 523 δύνασθαι
1350 497 1421 532 ἡμᾶς
1437 496 1486 532 τὴν
1504 497 1604 532 ἀρετὴν
1615 497 1663 531 τῆς
1677 497 1787 529 ἁγνείας
1803 504 1853 521 τε·

1066 543 1139 574 λείας
1156 543 1314 578 κτήσασθαι,
1333 544 1356 569 εί
1378 542 1414 578 μὴ
1435 543 1563 578 πρότερον
1577 542 1705 578 ἀληθινὴν
1722 550 1852 569 ταπεινο-

1068 589 1202 624 φροσύνην
1229 590 1257 615 ἐν
1273 590 1305 624 τῇ
1334 588 1430 624 καρδίᾳ
1447 588 1611 623 κτησώμεθα
1622 596 1629 602 ·
1647 587 1708 614 οὔτε
1732 587 1759 613 δὲ
1775 587 1852 621 γνὼ-

1069 642 1136 665 σεως
1156 633 1272 668 ἀληθοῦς
1298 633 1496 668 καταξιωθῆναι
1518 633 1560 667 ἐφ’
1581 633 1641 659 ὅσον
1660 634 1689 659 ἐν
1704 633 1758 664 τοῖς
1776 633 1848 659 ἁπο-

1068 679 1180 715 κρύφοις
1199 679 1249 714 τῆς
1273 679 1360 714 ψυχῆς
1381 679 1410 705 τὺ
1426 679 1509 710 πάθος
1524 678 1574 713 τῆς
1595 678 1720 713 πορνείας
1743 678 1848 712 ἐγκαθ-

1069 726 1167 757 έζεται.
1184 725 1240 752 Ἵνα
1255 725 1283 751 δὲ
1295 726 1324 752 τὸ
1338 725 1408 760 μέγα
1423 725 1501 751 τοῦτο
1518 724 1680 760 κατόρθωμα
1696 725 1742 750 καὶ
1753 725 1785 750 ἐκ
1799 723 1850 750 τοῦ

1075 771 1231 797 Ἀποστόλου
1245 770 1383 806 δείξωμεν,
1397 771 1460 806 μιᾶς
1481 769 1562 796 αὐτοῦ
1584 769 1794 804 ἐπιμνησθέντες
1810 768 1854 795 λέ-

1069 816 1152 849 ξεως,
1177 817 1394 851 καταπαύσωμεν
1415 817 1460 843 τὸν
1485 815 1593 850 λόγον.ι
1614 816 1739 851 Εἰρήνην.
1771 816 1852 850 φησὶ,

241 867 271 890 ιιι
296 863 421 897 corporis
447 863 651 898 temperantiam
680 870 837 895 servemus,
866 863 913 890 scd
935 864 1016 891 etiam

1075 862 1176 889 Ξιώκετε
1196 862 1262 897 μετὰ
1286 862 1403 893 πάντων,
1426 862 1473 889 καὶ
1495 862 1539 888 τὸν
1554 862 1698 896 άγιασμὺν,
1717 859 1746 888 οὗ
1765 861 1853 896 χωρὶς

241 910 431 936 contritionem
449 909 549 941 cordis,
570 917 601 936 ac
622 909 777 943 frequentes
791 917 853 936 cum
873 910 1017 944 gemitibus

243 957 381 984 orationes
398 955 556 987 fundamus;
575 955 611 982 ita
627 959 656 982 ut
682 961 782 982 nostrae
800 955 891 982 carnis
912 955 1016 985 fornax.

243 1010 324 1038 quam
354 1009 402 1029 rex
430 1001 610 1037 Babylonicus
644 1002 762 1028 stimulis
790 1003 1019 1036 concupiscentia:

243 1048 363 1084 quotidie
385 1048 518 1079 accendit,
543 1055 603 1075 rore
625 1048 774 1082 praesentia:
789 1048 874 1074 sancti
902 1046 1019 1082 Spiritus

243 1093 441 1128 exstinguatur.
457 1092 497 1119 Ad
510 1092 567 1119 haec
581 1092 726 1118 maximum
739 1091 818 1118 nobis
833 1091 913 1117 telum
926 1090 1020 1118 advcr-

244 1147 292 1167 sus
318 1137 450 1173 ejusmodi
469 1137 574 1164 hostem
593 1137 723 1171 suppetit,
748 1136 846 1171 vigiliae
869 1136 973 1163 scilicet
992 1136 1019 1162 in

244 1183 299 1210 Deo
311 1187 433 1210 servatas.
446 1181 677 1214 Quemadmodum
690 1180 762 1207 enim
774 1181 886 1207 castitas
903 1185 930 1207 et
946 1180 1020 1207 diur-

245 1237 278 1255 na
297 1228 418 1255 custodia
440 1231 599 1254 nocturnam
617 1226 697 1261 320
720 1231 871 1261 praeparant
892 1226 1022 1253 sanctita-

245 1279 316 1308 tem;
333 1274 369 1300 ita
384 1278 523 1300 nocturnas
538 1273 566 1299 in
586 1272 641 1299 Deo
654 1273 751 1307 vigilia:
764 1272 948 1300 diurnam.....

1070 909 1156 940 οὐδεὶς
1172 908 1264 942 ὄψεται
1282 909 1325 934 τὸν
1360 909 1471 944 Κύριον.
1493 918 1501 933 ι
1523 909 1583 935 ’Ὁτι
1603 908 1657 943 γὰρ
1677 908 1740 943 περὶ
1753 907 1852 934 τούτου

1071 954 1153 987 λέγει,
1163 953 1240 988 δῆλον
1251 953 1279 984 ἐξ
1292 950 1329 979 ὧν
1341 953 1488 987 ἐπήγαγεν,
1501 952 1584 979 εἰπών
1593 961 1600 968 ⁸
1614 961 1623 978 ι
1641 952 1685 987 Μή
1699 961 1740 983 τις
1752 953 1854 986 πόρνος

1074 999 1090 1034 ἢ
1110 999 1222 1034 βέϐηλος
1233 999 1270 1030 ὼς
1292 998 1385 1025 Ἠσαῦ.
1406 1008 1415 1024 ι
1438 999 1518 1025 Ὅσον
1541 998 1628 1024 τοίνυν
1649 998 1783 1033 οὐράνιον.
1803 997 1852 1024 καὶ

1072 1043 1214 1077 ἀγγελικὴν
1238 1043 1353 1077 ὑπάρχει
1376 1042 1407 1069 τὸ
1425 1041 1588 1077 κατόρθωμα
1615 1041 1664 1075 τῆς
1689 1039 1852 1074 ἀγνοσύνης,

1072 1087 1197 1114 τοσοῦτον
1209 1087 1369 1123 βαρυτέραις
1381 1086 1454 1122 παρὰ
1466 1086 1519 1112 τῶν
1532 1085 1683 1112 ἀντιπάλων
1696 1084 1853 1115 ἐπιϐουλαῖς

1073 1133 1237 1168 πολεμεῖται.
1255 1133 1310 1159 Καὶ
1323 1132 1415 1158 τούτου
1435 1132 1512 1167 χάριν
1532 1130 1688 1170 σπουδάζειν
1709 1129 1854 1164 ὀφείλομεν

1072 1179 1102 1205 οὐ
1115 1179 1194 1214 μόνον
1207 1178 1366 1213 ἐγκράτειαν
1380 1177 1502 1212 σώματος
1517 1178 1621 1209 ἀσκεῖν,
1642 1177 1708 1203 ἀλλὰ
1727 1177 1773 1202 καὶ
1792 1184 1856 1202 συν-

1074 1225 1168 1260 τριὸὴν
1183 1224 1304 1259 καρδίας,
1335 1224 1382 1250 καὶ
1406 1224 1509 1255 πυκνὰς
1532 1223 1683 1259 προσευχὰς
1705 1223 1774 1257 μετὰ
1793 1229 1857 1247 στι-

1075 1271 1204 1306 ναγμῶν·
1220 1270 1289 1296 ὥστε
1313 1270 1361 1306 τὴν
1372 1270 1485 1305 κάμινον
1509 1270 1558 1305 τῆς
1583 1269 1719 1305 ἡμετέρας
1740 1267 1854 1303 σαρκὸς,

244 1321 279 1356 ἢν
303 1322 317 1347 ὁ
336 1319 504 1350 Βαϐυλώνιος
523 1318 647 1353 βασιλεὺς
667 1319 722 1349 τοῖς
737 1319 796 1354 -τῆς
813 1318 957 1353 ἐπιθυμίας
982 1318 1132 1353 ἐρεθισμοῖς
1155 1317 1214 1343 καθ’
1232 1315 1350 1351 ἑκάστην
1370 1316 1494 1348 ἀνάπτει,
1520 1317 1552 1351 τῇ
1571 1315 1658 1350 δρόσῳ
1681 1315 1729 1350 τῆς
1751 1322 1856 1349 παρου-

247 1367 305 1399 σίας
328 1366 374 1393 τοῦ
399 1365 474 1399 ἁγίου
492 1364 649 1399 Πνεύματος
668 1364 882 1399 ἀποσϐεσθῆναι.
904 1364 973 1400 Πρὸς
994 1365 1022 1390 δέ
1039 1363 1142 1395 τούτοις
1160 1363 1285 1398 μέγιστον
1301 1365 1365 1399 ἡμῖν
1385 1363 1465 1389 ὅπλον
1482 1362 1549 1397 πρὸς
1561 1362 1607 1388 τὸν
1634 1361 1761 1396 πολέμιον
1792 1359 1855 1386 τοῦ-

246 1424 290 1442 τον
303 1414 467 1449 καθέστηκεν
481 1414 497 1448 ἠ
513 1412 582 1440 κατὰ
596 1412 662 1439 Θεὸν
687 1413 832 1448 ἀγρυπνία.
851 1413 953 1448 ’Ὠσπερ
967 1412 1019 1447 γὰρ
1039 1413 1055 1447 ἡ
1072 1412 1176 1446 ἁγνεία,
1194 1412 1240 1438 καὶ
1257 1413 1273 1447 ἡ
1291 1411 1472 1446 παραφυλακὴ
1488 1411 1537 1446 τῆς
1563 1410 1668 1445 ἡμέρας
1683 1409 1732 1445 τὴν
1757 1417 1855 1435 νυκτε-

247 1463 322 1498 ρινὴν
339 1459 590 1497 παρασκευάζουσιν
608 1459 764 1495 άγιοσύνην,
781 1459 865 1490 οὕτως
881 1460 897 1494 ἡ
912 1459 1053 1494 νυκτερινὴ
1069 1458 1138 1486 κατὰ
1153 1458 1217 1484 Θεὸν
1234 1458 1371 1494 ἀγρυπνία
1382 1459 1431 1494 τὴν
1449 1458 1580 1493 ήμερινὴν
1595 1459 1662 1492 τῇ...

282 1510 309 1536 5.
327 1509 382 1545 (9|)
399 1507 519 1535 Tertium
533 1507 612 1534 nobis
624 1511 669 1534 est
685 1511 821 1533 certamen
838 1510 932 1533 contra
944 1506 1024 1540 spiri-
1037 1512 1058 1541 ο

245 1562 302 1583 tum
328 1556 470 1582 avaritiae:
488 1559 645 1581 extraneum
665 1556 707 1580 est
730 1552 885 1587 hujusmodi
909 1552 1019 1584 beHum,

245 1609 278 1628 ac
294 1605 371 1628 extra
387 1604 511 1627 naturam
529 1607 590 1627 esse
603 1598 822 1633 deprehenditur.
839 1603 919 1633 atque
936 1599 1022 1625 incre-

247 1647 369 1674 dulitatis
391 1646 537 1673 oecasione
563 1645 696 1672 monacho
718 1646 860 1681 contingit.
879 1645 1022 1672 Enimvero

248 1693 362 1719 aliorum
379 1692 522 1718 affectuum
548 1690 662 1722 stimuli,
679 1691 726 1718 ira:
750 1691 856 1718 scilicet
875 1695 902 1718 et
919 1698 1022 1718 concu-

247 1739 395 1773 piscentia’.
412 1745 444 1764 ex
458 1745 573 1770 corpore
587 1737 757 1764 occasionem
774 1737 874 1764 habere
887 1736 1022 1768 videnlur,

248 1792 279 1810 ac
294 1782 492 1818 quodaminodo
514 1782 589 1809 insiti
613 1787 686 1814 sunt,
702 1786 729 1809 et
745 1790 777 1809 ex
792 1782 934 1808 nativitate
950 1783 1024 1816 prin-

248 1829 349 1863 eipium
365 1829 464 1855 habent
478 1836 486 1855 :
503 1835 563 1862 quae
585 1835 667 1855 causa
685 1832 727 1855 est
743 1832 772 1855 ut
788 1828 896 1855 nonnisi
919 1828 1024 1854 diutino

248 1879 369 1910 tempore
394 1879 566 1909 superentur.
584 1875 712 1901 Avaritiae
738 1877 827 1901 autem
846 1874 957 1901 morbus
978 1881 1025 1900 ex-

248 1921 386 1950 trinsecus
407 1921 554 1948 adveniens
577 1920 684 1947 facilius
705 1920 827 1949 exscindi
845 1923 942 1953 potest,
960 1919 1023 1946 dum

249 1967 320 1994 adsit
336 1974 401 1993 cura
420 1971 446 1993 et
464 1966 547 1993 animi
564 1966 687 1993 attentio.
703 1966 735 1992 At
753 1966 775 1993 si
789 1966 948 2001 negligatur.
962 1973 1024 2000 per-

249 2013 379 2040 niciosior
405 2013 467 2039 aliis
494 2011 635 2039 aﬁectibus
662 2015 714 2042 est,
740 2015 821 2046 atque
843 2012 1026 2038 exsecrandus

206 2064 209 2068 '
249 2059 360 2086 evadit:
383 2065 444 2084 nam
470 2058 545 2084 radix
569 2057 690 2084 omnium
722 2058 854 2083 malorum
882 2060 924 2083 est
947 2057 1026 2091 juxta

249 2103 408 2138 Apostolum
426 2102 459 2129 ⁸¹.
479 2101 579 2129 Verum
603 2101 653 2128 hac
671 2102 846 2128 ratione-ista
871 2102 1027 2129 considere-

250 2157 321 2177 mus.
337 2148 392 2183 (9‘2)
410 2147 552 2174 Naturales
568 2148 690 2182 corporis
712 2152 802 2174 motus
822 2155 876 2174 non
893 2148 979 2175 solum
1000 2148 1026 2174 in

250 2194 343 2229 pueris
366 2193 584 2227 conspiciuntur,
605 2193 633 2219 in
657 2192 755 2227 quibus
775 2193 895 2219 nondum
916 2197 958 2220 est
974 2193 1029 2220 dis-

250 2238 335 2265 cretio
351 2238 414 2264 boni
428 2243 454 2264 et
469 2237 542 2268 mali,
560 2237 606 2264 sed
623 2238 716 2267 etiam,
730 2238 852 2272 inquam,
867 2237 987 2264 minimis
1002 2242 1028 2264 et

250 2283 412 2310 lactentibus
427 2281 586 2313 infantibus,
602 2282 658 2316 qui,
674 2289 735 2308 cum
753 2281 870 2309 carnalis
884 2282 1028 2315 voluptatis

249 2337 285 2357 ne
295 2329 436 2364 vestigium
451 2329 559 2363 quidem
580 2329 706 2360 habeant.
724 2328 750 2355 in
767 2336 848 2355 carne
863 2332 952 2355 tamen
969 2335 1028 2354 mo-

250 2379 269 2401 II
282 2382 306 2401 in
324 2375 462 2402 exhibent.
478 2373 526 2401 frte
541 2374 667 2401 similiter
683 2374 810 2401 stimulus
831 2375 858 2400 in
878 2373 1027 2401 infantibus

250 2425 399 2455 comparet,
412 2420 457 2447 ubi
470 2420 531 2447 illos
543 2419 672 2447 adversus
684 2428 732 2447 eos
748 2420 793 2450 qui
809 2420 860 2446 sibi
876 2420 1026 2446 molestiam

250 2469 344 2492 creant
367 2469 517 2493 commotos
533 2466 680 2492 cemimus.
705 2464 767 2492 Haac
785 2473 866 2499 parro
882 2465 954 2497 dico,
972 2472 1027 2491 non

250 2517 304 2544 quo
319 2514 422 2537 naturae
437 2514 465 2538 ut
484 2511 587 2546 peccati
612 2518 702 2538 causa:
716 2511 861 2544 convicier,
879 2511 967 2538 absit!
981 2510 1029 2538 sed

252 2559 282 2582 ut
298 2557 449 2588 ostendam,
466 2557 572 2584 tametsi
590 2557 630 2583 ira
650 2561 677 2584 et
690 2557 912 2591 concupiscentia
928 2556 1029 2584 homini

253 2610 267 2628 a
280 2606 403 2630 creatore
425 2602 480 2629 Deo
502 2603 536 2630 ad
553 2604 653 2630 bonum
670 2604 775 2631 collatae
791 2608 865 2635 sunt,
888 2603 974 2630 videri
990 2607 1031 2629 ta-

253 2655 314 2675 men
327 2657 388 2676 eum
404 2649 602 2684 quodammodo
613 2658 644 2677 ex
657 2650 780 2683 corporis
787 2653 883 2676 natura
892 2650 920 2676 in
930 2657 962 2676 ca
972 2656 1032 2684 quae

287 2727 310 2742 δ’
330 2726 412 2754 Hebr.
430 2734 486 2760 xu,
505 2727 546 2754 14.
585 2727 608 2743 ⁸⁸
629 2727 692 2755 ibid.
713 2727 755 2754 16.
794 2728 815 2744 ⁵¹
836 2726 846 2754 Ι
864 2727 934 2756 Tim.
953 2735 996 2762 vi,
1015 2729 1059 2756 10.

289 2815 344 2851 (91)
357 2815 478 2843 Cassia".
495 2815 611 2843 Inslilut.
630 2816 647 2842 l.
662 2824 708 2848 vn,
723 2824 747 2842 c.
768 2816 792 2848 Ι,
808 2815 835 2844 2.

1110 1506 1135 1532 5.
1151 1506 1248 1540 Τρίτος
1258 1506 1403 1540 ὲστὶνὴμῖν
1411 1504 1486 1538 ἀγὼν
1501 1503 1570 1530 κατὰ
1580 1504 1626 1530 τοῦ
1639 1503 1792 1538 πνεύματος
1806 1504 1838 1537 τῆ
1843 1512 1857 1534 ς

1077 1550 1270 1586 φιλαργυρίας·
1289 1549 1361 1582 ξένος
1374 1547 1450 1581 οὗτος
1467 1550 1480 1574 ὁ
1494 1549 1618 1584 πόλεμος,
1633 1549 1679 1574 καὶ
1694 1548 1792 1580 ἔξωθεν
1804 1548 1857 1582 τῆς

1078 1596 1184 1631 φύσεως
1210 1596 1416 1631 γνωριζόμενος,
1433 1595 1462 1628 ἐξ
1483 1595 1608 1625 ἀπιστίας
1622 1594 1661 1628 τῷ
1680 1593 1787 1629 μοναχῷ
1807 1595 1856 1630 τὴν

1077 1643 1201 1677 ἀφορμὴν
1217 1641 1359 1677 εὑρίσκων.
1381 1642 1435 1668 Καὶ
1447 1641 1499 1676 γὰρ
1520 1641 1566 1667 καὶ
1584 1640 1636 1667 τῶν
1649 1639 1734 1667 ἄλλων
1750 1641 1856 1671 παθῶν,

1078 1688 1163 1722 θυμοῦ
1179 1687 1248 1721 λέγω
1262 1687 1308 1714 καὶ
1331 1687 1486 1721 ἐπιθυμίας,
1503 1687 1527 1713 οἱ
1541 1686 1678 1722 ἐρεθισμοὶ
1693 1687 1724 1712 ἐκ
1738 1686 1785 1712 τοῦ
1804 1686 1857 1712 σώ-

1080 1743 1161 1769 ματος
1171 1733 1292 1761 δοκοῦσιν
1304 1733 1373 1768 ἔχειν
1396 1733 1445 1764 τὰς
1465 1733 1600 1768 ἀφορμάς,
1620 1733 1666 1759 καὶ
1681 1733 1778 1767 τρόπον
1795 1733 1856 1759 τινὰ

1077 1780 1115 1811 ὼς
1129 1779 1245 1815 ἔμφυτα,
1258 1779 1304 1805 καὶ
1315 1779 1368 1805 ἀπὸ
1374 1779 1505 1813 γενέσεως
1514 1778 1607 1814 ἔχοντα
1620 1779 1668 1812 τὴν
1679 1779 1766 1813 ἀρχήν
1775 1787 1781 1793 ’
1795 1778 1856 1805 ὅθεν

1079 1825 1125 1851 καὶ
1136 1825 1178 1851 διὰ
1191 1824 1296 1860 μακροῦ
1313 1825 1407 1859 χρόνου
1425 1824 1560 1851 νικῶνται.
1583 1824 1614 1850 Ἠ
1623 1823 1650 1849 δὲ
1664 1823 1712 1858 τῆς
1726 1823 1858 1858 φιλαργυ-

1078 1871 1140 1906 ρίας
1165 1871 1240 1902 νόσος
1262 1870 1359 1903 ἔξωθεν
1385 1871 1552 1906 ἐπερχομένη
1573 1870 1762 1905 εὐχερέστερον
1779 1870 1857 1896 ἐκκό-

1080 1915 1192 1942 πτεσθαι
1205 1916 1324 1947 δύναται,
1340 1917 1364 1942 εί
1382 1916 1537 1950 ἐπιμελείας
1552 1915 1628 1950 τύχοι
1644 1916 1690 1942 καὶ
1704 1916 1857 1951 προσοχῆς·

1079 1960 1245 1996 ἀμεληθεῖσα
1271 1961 1299 1986 δὲ
1320 1961 1497 1996 ὀλεθριωτέρα
1523 1960 1577 1987 τῶν
1600 1960 1686 1988 ἄλλων
1701 1961 1794 1987 παθῶν
1811 1961 1858 1987 κιὶ

1081 2005 1280 2041 συναπόὸλητος
1297 2005 1417 2039 γίνεται·
1435 2007 1496 2042 ῥίζα
1514 2006 1567 2041 γὰρ
1585 2007 1690 2033 πάντων
1701 2006 1753 2033 τῶν
1765 2007 1858 2034 κακῶν

1081 2053 1139 2078 ἐστι
1169 2053 1239 2078 κατὰ
1265 2053 1310 2078 τὸν
1330 2052 1496 2079 ’Λπόστολον.
1524 2053 1707 2088 Σκοπήσωμεν
1726 2053 1754 2079 δὲ
1769 2053 1858 2082 οὓτω,

1081 2097 1133 2124 Τοῦ
1160 2097 1283 2133 σώματος
1305 2099 1332 2124 αί
1356 2099 1467 2132 φυσικαὶ
1488 2100 1608 2134 κινήσεις
1620 2099 1649 2124 οὺ
1668 2098 1743 2133 μόνον
1758 2099 1786 2124 ἐν
1802 2100 1857 2129 τοῖς

1081 2145 1159 2170 παισὶ
1183 2143 1356 2179 θεωροῦνται,
1371 2145 1399 2170 ὲν
1416 2141 1455 2175 οἷς
1466 2143 1541 2170 οὔπω
1557 2143 1698 2177 διάγνωσις
1715 2143 1817 2177 ἀγαθοῦ
1829 2152 1856 2170 τε

1046 2191 1066 2217 D
1081 2191 1127 2216 καὶ
1140 2190 1225 2217 κακοῦ
1249 2190 1385 2226 τυγχάνει,
1408 2190 1476 2217 ἀλλὰ
1497 2191 1544 2217 καὶ
1557 2191 1585 2216 ἐν
1603 2192 1657 2221 τοῖς
1681 2190 1856 2225 βραχυτάτοις

1080 2236 1477 2271 καὶγαλουχουμένοιςνηπίοις,
1495 2237 1582 2266 ἅτινα,
1596 2236 1662 2271 μηδὲ
1679 2237 1749 2271 ῐχνος
1764 2235 1856 2270 ἔχοντα

1081 2281 1214 2316 σαρκικῆς
1234 2281 1340 2316 ἡδονῆς,
1365 2282 1438 2316 ὅμως
1451 2282 1479 2307 ἐν
1494 2283 1527 2317 τῇ
1544 2281 1624 2317 σαρκὶ
1641 2281 1799 2316 σημαίνουσι
1815 2281 1856 2306 κί‹

1079 2335 1166 2362 νησιν.
1185 2327 1298 2361 Ὁμοίως
1313 2327 1359 2352 καὶ
1373 2327 1419 2353 τοῦ
1436 2326 1520 2361 θυμοῦ
1537 2328 1566 2353 τὸ
1579 2327 1688 2362 κέντρον
1706 2327 1734 2352 ἐν
1748 2327 1803 2356 τοῖς
1813 2335 1856 2362 vr.-

1079 2373 1150 2404 πίοις
1166 2373 1316 2408 θεωρεῖται,
1331 2374 1393 2400 ὅταν
1407 2373 1603 2409 συγκινούμενα
1614 2373 1700 2399 ταῦτα.
1713 2372 1779 2408 πρὸς
1795 2374 1856 2403 toi);

1079 2418 1262 2453 λελυπηκότας
1275 2418 1390 2454 ὁρῶμεν.
1406 2419 1460 2445 Καὶ
1473 2419 1556 2445 ταῦτα
1575 2419 1654 2452 λέγω,
1670 2419 1699 2444 οὑ
1713 2419 1762 2453 τὴν
1777 2418 1857 2452 φύσιν

1080 2465 1209 2497 κακίζων,
1230 2465 1267 2496 ὡς
1287 2465 1421 2500 ἁμαρτίας
1434 2465 1533 2495 αἰτίαν.
1549 2466 1585 2501 μὴ
1600 2465 1717 2499 γένοιτο]
1736 2464 1792 2490 ἀλλ’
1815 2465 1857 2490 ἵνα

1080 2511 1169 2544 δείξω,
1180 2511 1220 2537 ὅτι
1238 2511 1322 2546 θυμὸς
1340 2512 1388 2547 μὲν
1405 2514 1452 2538 καὶ
1460 2513 1599 2546 ἐπιθυμια,
1612 2512 1635 2537 εἰ
1647 2511 1693 2537 καὶ
1706 2511 1749 2537 ἐπ’
1764 2510 1857 2546 ἀγαθῴ

1082 2558 1156 2592 παρά
1169 2557 1215 2584 τοῦ
1234 2559 1301 2584 Θεοῦ
1322 2558 1369 2585 τοῦ
1389 2558 1553 2594 δημιουργοῦ
1583 2557 1799 2592 συνεζεύχθησαν
1821 2557 1857 2592 τῷ

1083 2603 1226 2639 ἀνθρώπῳ,
1244 2604 1293 2630 ἀλλ
1302 2605 1308 2613 '
1319 2602 1364 2631 οὗν
1375 2613 1405 2639 γε
1413 2605 1485 2631 δοκεί
1494 2613 1550 2636 πως
1564 2605 1596 2630 ἐκ
1609 2604 1661 2630 τῶν
1676 2603 1796 2638 φυσικῶν
1812 2602 1857 2628 τοῦ

1083 2648 1207 2684 σώματος
1223 2651 1262 2681 είς
1276 2650 1310 2676 τὰ
1321 2651 1394 2685 παρὰ
1410 2650 1490 2684 φύσιν
1500 2650 1542 2677 διὰ
1556 2650 1688 2686 ῥᾳθυμίας
1705 2649 1857 2676 ἐκπίπτειν.

1115 2813 1170 2850 (92)
1189 2813 1253 2842 Ibid.
1267 2821 1291 2841 ε.
1307 2814 1332 2840 5.
