1940 3068
95 180 146 209 881

636 181 801 210 EPISTOLA
820 181 842 209 ll
861 181 906 209 AD
925 182 1119 211 CASTOREM.

1649 185 1713 213 882·

96 239 152 266 Καὶ
168 239 221 274 γὰρ
245 239 261 274 ἡ
284 239 330 266 τοῦ
350 240 472 275 σώματος
497 241 602 277 κίνησις
622 242 691 278 πρὸς
707 243 877 277 τεκνογονίαν

937 247 1025 272 irzeter
1040 249 1164 272 naturam
1182 249 1244 272 sunt
1258 245 1372 280 segnitie
1386 252 1435 272 sua
1447 244 1544 272 delabi.
1561 243 1627 271 Nam
1642 252 1703 271 cor-

96 285 144 312 καὶ
157 283 279 319 διαδοχὴν
291 284 337 311 τοῦ
355 285 449 319 γένους
464 285 601 322 διαμονῆς,
618 288 648 314 οὺ
671 288 738 323 πρὸς
750 288 876 324 πορνείαν

97 329 151 356 ὑπὸ
166 329 213 356 τοῦ
225 331 394 366 Δημιουργοῦ
408 331 482 367 ἐδόθη
497 340 502 346 ·
518 333 563 358 καὶ
580 334 596 368 ἠ
610 333 654 359 τοῦ
669 334 754 368 Θυμοῦ
771 334 877 368 κίνησις

98 375 277 411 σωτηριωδῶς
303 377 368 412 ἡμῖν
390 378 616 414 ὲγκατέσπαρται,
638 379 707 406 ὥστε
728 379 876 415 θυμοῦσθαι

98 421 169 447 κατὰ
183 421 231 455 τῆς
246 421 392 457 ἁμαρτίας,
411 423 440 449 οὺ
459 423 511 458 μὴν
527 424 594 459 πρὸς
607 425 637 451 τὸ
652 425 785 460 ὁμόφυλον
797 425 878 461 ὲκθη-

98 467 231 501 ριοῦσθαι.
259 468 295 494 Οὐ
309 467 407 500 τοίνυν,
435 470 458 495 εί
482 470 573 502 κακῶς
586 471 697 503 ταύταις
710 472 876 508 κεχρήμεθα,

96 512 259 549 ἁμαρτωλὸς
277 515 293 548 ἡ
321 514 409 549 φύσις,
439 515 455 550 ἢ
480 516 525 542 τὸν
543 517 663 553 πλάστην
683 518 876 553 αἰτιασώμεθα,

97 558 194 595 ὥσπερ
221 560 280 587 οὐδὲ
302 561 347 587 τὸν
370 561 503 589 δεδωκότα
525 563 632 599 σίδηρον
646 565 713 599 πρὸς
726 565 877 598 ἀναγκαίαν

98 607 146 633 καὶ
157 606 279 642 λυσιτελῆ
294 607 398 642 χρείαν,
418 609 442 634 εἰ
461 609 475 634 ό
486 609 640 644 δεξάμενος
649 609 715 645 πρὸς
728 610 814 644 σόνων
827 611 875 637 ὑπ-

97 652 214 687 ηρεσίαν
228 652 313 688 τούτῳ
329 654 471 689 ἐχρήσατο.
488 654 578 681 Ταῦτα
593 655 620 682 δὲ
628 656 785 691 εἰρήκαμεν,
795 656 878 688 δεῖξαι

100 696 265 732 βουλόμενοι,
278 698 318 724 ὅτι
332 698 362 724 τὸ
374 699 423 733 τῆς
436 699 709 736 φιλαργυρίαςπάθος
719 702 769 727 οὐκ
783 703 815 728 ὲκ
825 702 879 728 τῶν

101 742 224 777 φυσικῶν
248 743 379 778 κινήσεων
403 744 451 780 τὴν
472 745 558 780 ἀρχὴν
582 746 646 781 ἔχει,
670 746 726 772 ἀλλ’
745 748 776 773 ὲκ
797 747 879 782 μόνης

101 788 200 820 κακίας
216 788 262 815 καὶ
278 789 683 826 διεφθαρμένηςπροαιρέσεως.
699 791 772 827 Λῦτη
796 793 849 828 γὰρ
862 795 878 828 ἡ

101 832 188 864 νόσος,
204 833 266 860 ὃταν
280 833 393 868 χλιαράν
405 835 451 861 καὶ
462 835 574 862 ἄπιστον
590 837 619 862 ὲν
629 837 697 871 ἀρχῇ
715 839 763 872 τῆς
780 838 880 864 ἀποτα-

101 878 154 913 γῆς
171 878 238 915 εὕρῃ
259 879 356 914 ψυχὴν,
381 879 486 912 δικαίας
502 880 578 913 τινὰς
594 882 641 908 καὶ
655 883 684 909 τὸ
707 882 792 910 δοκεῖν
807 884 880 910 εὐλό-

102 933 167 958 γους
184 925 331 960 προφάσεις
340 926 482 953 ὺποὸάλλει
493 927 560 962 πρὸς
574 927 603 954 τὺ
619 930 762 964 κατασχεῖν
775 929 801 956 τί
816 939 880 956 ποτε

103 968 141 997 ὦν
155 971 299 1008 κέκτηται·
317 972 467 1009 ὑπογράφει
492 974 546 1010 γὰρ
562 975 630 1002 κατὰ
643 976 760 1003 διάνοιαν
778 977 816 1012 τῷ
835 986 881 1012 μο-

103 1017 176 1052 ναχῷ
200 1017 287 1053 γῆρας
316 1019 429 1054 μακρὸν,
456 1021 503 1046 καὶ
530 1021 669 1047 ἀσθένειαν
688 1022 820 1057 σώματος,
837 1024 882 1049 καὶ

104 1062 144 1088 ὃτι
168 1063 196 1088 αἱ
217 1063 352 1098 διδόμεναι
366 1065 453 1099 χρεῖαι
469 1065 501 1091 ὲκ
522 1065 568 1091 τοῦ
587 1065 717 1092 κοινοὸίου
743 1066 792 1093 οὐκ
814 1067 881 1093 εἰσὶν

106 1107 194 1133 ἱκαναὶ
218 1107 285 1142 πρὸς
301 1108 475 1144 παραμυθίαν
487 1117 493 1123 ·
514 1109 544 1136 οὐ
561 1109 632 1143 λέγω
647 1110 810 1142 ἀσθενοῦντι,
826 1111 882 1137 ἀλλ’

105 1152 165 1179 οὐδὲ
191 1153 350 1186 ὑγιαίνοντι·
381 1154 427 1181 καὶ
459 1154 499 1181 ὅτι
525 1155 640 1182 ἐνταῦθα
656 1156 686 1182 οὐ
705 1156 807 1190 γίνεται
823 1157 882 1184 κατ’

106 1198 184 1232 ἀξίαν
206 1200 313 1234 φροντὶς
331 1201 386 1231 τοῖς
401 1200 567 1233 ἀσθενοῦσιν,
589 1201 656 1228 ἀλλά
670 1203 717 1229 καὶ
731 1203 801 1230 πάνυ
818 1205 884 1238 ἠμε-

107 1245 222 1280 λημένη,
239 1246 285 1272 καὶ
298 1246 346 1278 ὠς,
368 1247 392 1272 εἰ
419 1247 455 1282 μὴ
473 1247 528 1282 ἔχει
555 1249 797 1284 ἀποκεκρυμμένον
820 1259 885 1286 χρυ-

109 1292 174 1325 σίον,
192 1293 288 1324 ἀθλίως
302 1293 451 1322 ἀπολεῖται.
467 1295 625 1323 Τελευταῖον
639 1297 667 1323 δὲ
688 1297 830 1324 ὑποϐάλλει
847 1297 883 1333 μὴ

109 1337 234 1365 δύνασθαι
249 1339 337 1374 μένειν
350 1342 396 1367 ἐπὶ
411 1340 477 1368 πολὺ
496 1342 523 1369 ἐν
537 1342 576 1377 τῷ
592 1344 762 1379 μοναστηρίῳ
781 1343 824 1370 διὰ
836 1343 884 1379 τὴν

110 1383 247 1420 βαρύτητα
257 1385 311 1411 τῶν
329 1385 415 1421 ἔργων
430 1387 476 1413 καὶ
486 1388 534 1423 τὴν
553 1388 599 1414 τοῦ
615 1389 715 1424 πατρὸς
734 1389 884 1424 ἀκρίϐειαν.

110 1429 164 1455 Καὶ
178 1429 220 1455 ὅτε
230 1431 290 1461 ταῖς
301 1430 437 1462 τοιαύταις
454 1431 631 1467 ὲνθυμήσεσιν
646 1433 822 1468 ἀποπλανήσῃ
837 1434 886 1468 τὴν

110 1475 238 1508 διάνοιαν,
255 1477 321 1511 πρὸς
336 1477 366 1503 τὸ
383 1477 432 1503 κᾶν
447 1477 475 1503 ἓν
493 1477 617 1514 δηνάριον
631 1480 784 1514 κατασχεῖν,
802 1479 831 1505 τὸ
840 1488 884 1514 τη-

111 1520 224 1548 νικαῦτα
240 1522 324 1548 πείθει
336 1522 414 1550 αὑτὸν
429 1523 474 1550 καὶ
486 1523 640 1559 ἑργόχειρον
652 1524 738 1560 λάθρα
753 1524 799 1551 τοῦ
816 1525 888 1552 ἀὸὁᾱ

927 290 1001 324 poris
1013 296 1102 318 motus
1117 290 1150 317 ad
1166 291 1312 318 liberorum
1329 291 1554 325 procreationem,
1570 295 1596 318 et
1609 291 1641 317 ad
1657 298 1702 326 ge-

927 336 1000 364 neris
1023 336 1132 363 humani
1161 337 1362 364 successionem
1386 337 1556 369 continuam,
1587 343 1642 364 non
1670 338 1702 363 ad

928 382 1120 410 scortationem
1135 390 1149 409 a
1163 382 1290 410 Creatore
1305 383 1385 410 datus
1396 387 1447 414 est.
1462 387 1489 410 et
1499 382 1546 410 iraa
1558 384 1704 410 commotio

927 427 960 453 ad
976 428 1089 455 salutem
1105 428 1182 455 nobis
1199 428 1279 456 insita
1300 431 1356 460 est,
1379 432 1408 454 ιιι
1420 428 1548 455 adversus
1563 432 1704 463 peccatum

928 472 1087 504 irascamur,
1102 481 1155 500 non
1172 479 1201 500 ut
1221 474 1351 502 adversus
1365 482 1544 510 congenerem
1566 474 1644 500 nobis
1663 473 1705 499 tu-

928 525 989 545 rore
1006 519 1183 546 concitemur.
1200 519 1255 555 (95)
1270 521 1297 547 Si
1310 528 1374 555 ergo
1385 521 1419 548 iis
1435 528 1575 556 perperam
1591 521 1702 550 utimur.

927 571 1098 598 nequaquam
1113 565 1174 592 ideo
1189 569 1283 600 peccat
1295 571 1401 598 natura,
1412 566 1567 601 nequeideo
1581 566 1704 600 opiﬁcem

929 609 1102 644 incusemus;
1117 611 1187 638 sicut
1202 619 1252 638 nec
1270 619 1331 639 eum
1348 611 1394 647 qui
1410 612 1436 638 in
1451 620 1508 639 rem
1523 612 1704 639 necessariam

928 660 954 682 et
967 656 1059 683 utilem
1077 656 1178 684 ferrum
1198 657 1281 691 dedit,
1297 658 1320 685 si
1339 658 1361 685 is
1381 658 1427 693 qui
1448 657 1551 691 accepit
1565 657 1598 684 ad
1618 657 1705 684 cades

929 702 1121 736 perpelrandas
1131 710 1164 729 eo
1178 706 1278 730 utatur.
1296 702 1357 730 Haec
1371 710 1436 730 vero
1449 703 1566 730 diximus
1574 705 1604 728 ut
1615 707 1706 729 osten-

929 745 1065 779 deremus,
1094 747 1214 774 avaritia:
1234 747 1359 774 affectum
1383 755 1436 775 non
1449 755 1483 775 ex
1499 747 1613 774 naturali
1631 753 1706 773 motu

929 791 1035 819 initium
1054 793 1162 823 habere.
1187 793 1233 821 sed
1247 802 1279 821 ex
1296 794 1352 821 sola
1369 794 1482 826 malitia,
1492 790 1519 820 ct
1530 801 1562 820 ex
1580 797 1708 828 corrupto

929 838 1078 872 proposito.
1099 837 1153 873 (94)
1179 838 1338 873 Hujusmodi
1366 846 1481 874 namque
1506 839 1617 866 morbus
1646 846 1707 865 cum

929 883 1046 918 tepidam
1072 887 1100 911 et
1133 884 1297 912 ineredulam
1325 885 1403 912 initio
1428 893 1553 913 secessus
1590 885 1707 911 animam

930 928 1071 962 repererit,
1085 928 1174 963 justas
1194 929 1336 964 quasdam,
1351 937 1382 957 ac
1397 930 1487 965 specie
1501 929 1608 965 quidem
1625 930 1708 956 ratio-

930 973 1035 1000 nabiles
1054 981 1152 1001 causas
1168 975 1288 1008 subjicit,
1307 979 1337 1002 ut
1351 975 1489 1011 quidpiam
1503 983 1536 1002 ex
1553 975 1708 1009 posscssio-

931 1018 1012 1046 nibus
1038 1019 1154 1046 retinere
1171 1019 1283 1047 suadeat
1299 1027 1305 1045 ε
1327 1020 1452 1047 monachi
1467 1020 1537 1047 enim
1560 1020 1652 1046 animo
1667 1027 1710 1046 re-

931 1067 1077 1099 pnesentat
1099 1065 1205 1100 longam
1224 1069 1400 1097 senectutem,
1415 1070 1442 1093 et
1456 1065 1578 1100 corporis
1595 1064 1709 1092 inﬁrmi-

932 1113 1016 1136 tatem
1032 1119 1039 1136 :
1055 1109 1125 1144 quod
1141 1117 1201 1144 quae
1215 1110 1248 1137 ad
1260 1111 1447 1138 necessitatem
1461 1111 1488 1138 in
1504 1111 1628 1138 cmnobio
1643 1111 1710 1137 dan-

932 1159 987 1187 tur,
1001 1155 1067 1183 salis
1089 1155 1122 1182 ad
1144 1156 1354 1184 consolationem
1371 1164 1423 1184 non
1447 1157 1512 1188 sint,
1534 1164 1588 1183 non
1604 1155 1712 1183 inﬁrmo

933 1201 1032 1233 solum,
1053 1201 1101 1229 sed
1117 1209 1204 1236 neque
1224 1202 1352 1229 incolumi
1371 1212 1376 1230 :
1402 1203 1474 1238 quod
1493 1203 1530 1230 ibi
1544 1210 1598 1229 non
1615 1202 1713 1229 idonea

934 1247 1102 1274 inﬁrmorum
1125 1247 1279 1275 sollicitudo
1295 1251 1416 1283 geratur,
1439 1248 1485 1276 sed
1508 1248 1579 1283 quod
1597 1247 1712 1274 multum

934 1293 1116 1328 negligantur,
1141 1294 1208 1321 adeo
1223 1297 1262 1327 ut,
1279 1294 1305 1322 si
1326 1295 1392 1321 nihil
1410 1293 1469 1321 auri
1485 1294 1554 1321 clam
1577 1297 1712 1328 suppetat,

935 1339 1034 1366 misere
1045 1339 1233 1367 inlcreundum
1248 1340 1292 1367 sit.
1306 1339 1417 1367 Demum
1432 1340 1553 1374 subjicit,
1563 1347 1617 1366 non
1634 1346 1714 1374 posse

935 1385 962 1412 in
978 1386 1143 1413 monasterio
1157 1385 1202 1412 diu
1213 1386 1380 1420 persevcrari
1394 1386 1592 1421 obgravilatem
1601 1391 1712 1420 operum

935 1434 962 1457 et
979 1430 1013 1456 ob
1027 1429 1116 1457 Patris
1127 1430 1308 1457 severitatem.
1327 1431 1364 1457 Ac
1378 1437 1438 1457 cum
1455 1429 1588 1465 ejusmodi
1604 1429 1714 1462 cogita—

937 1475 1056 1503 tionibus
1071 1475 1189 1502 animum
1201 1475 1366 1507 subornarit,
1379 1479 1408 1502 ut
1422 1475 1463 1502 vel
1478 1474 1618 1502 denarium
1631 1481 1714 1500 unum

938 1521 1061 1552 retineat,
1079 1524 1134 1547 tum
1150 1521 1244 1548 suadet
1259 1521 1297 1547 illi
1316 1524 1345 1547 ut
1356 1520 1425 1547 clam
1439 1520 1536 1548 abbate
1559 1523 1643 1546 artem
1659 1519 1714 1546 edi-

113 1567 220 1601 μαθεῖν,
237 1567 265 1600 ἐξ
281 1563 312 1593 οὗ
339 1567 481 1604 δυνήσεται
510 1568 540 1595 τὺ
566 1569 794 1604 περισπούδαστον
815 1569 887 1604 αὐτῷ

940 1569 1008 1599 seat,
1025 1573 1077 1601 qua
1092 1566 1188 1600 poterit
1202 1565 1321 1593 studiose
1335 1569 1499 1594 asservatam
1521 1572 1619 1600 augere
1634 1572 1715 1600 pecu-

112 1612 240 1647 ἀργύριον
252 1612 382 1652 αὐξῆσαι·
398 1613 445 1640 καὶ
454 1613 545 1640 λοιπὸν
560 1614 664 1641 ἐλπίσιν
678 1614 784 1650 ἀδήλοις
799 1615 890 1651 ἀπατᾷ

112 1658 157 1684 τὸν
176 1658 275 1691 ἄθλιον,
302 1659 458 1687 ὑποϐάλλων
479 1659 552 1695 αὐτῷ
572 1661 601 1687 τὺ
622 1662 653 1687 ἐκ
671 1661 717 1687 τοῦ
735 1660 889 1696 ὲργοχείρου

113 1704 207 1739 κέρδος
234 1706 280 1731 καὶ
306 1705 354 1741 τὴν
375 1707 406 1732 ὲκ
432 1705 525 1732 τούτου
544 1706 636 1732 ἄνεσιν
654 1707 700 1732 καὶ
715 1707 888 1742 ἀμεριμνίαν.

114 1751 167 1777 Καὶ
184 1751 250 1783 ὅλως
267 1753 299 1787 τῇ
322 1751 367 1778 τοῦ
398 1753 509 1788 κέρδους
529 1752 674 1787 ἐνθυμήσει
690 1752 786 1785 δεθεὶς,
816 1753 892 1780 οὐδὲν

113 1796 167 1822 τῶν
174 1797 301 1824 ἐναντίων
311 1799 416 1830 σκοπεῖ,
423 1799 471 1824 οὐκ
483 1798 566 1834 ὀργῆς
580 1798 687 1834 μανίαν,
699 1799 789 1825 εἴποτε
802 1798 889 1834 συμὸῇ

115 1842 188 1877 αὐτῷ
217 1841 303 1878 ζημίᾳ
331 1845 500 1879 περιπεσεῖν·
520 1844 550 1870 οὐ
580 1843 678 1880 λύπην,
697 1844 726 1870 οὐ
745 1844 849 1876 σκότος,
868 1845 891 1871 εί

116 1886 243 1921 ἀποτύχοι
260 1887 307 1914 τοῦ
329 1889 360 1914 ὲκ
384 1888 430 1915 τοῦ
455 1888 535 1924 ἔργου
553 1889 674 1924 κέρδους,
695 1889 761 1916 ἀλλὰ
778 1890 891 1924 γίνεται,

116 1932 184 1968 ὅπερ
204 1933 293 1965 ἄλλοις
307 1934 323 1969 ή
339 1935 444 1970 γαστὴρ
474 1935 544 1968 θεὸς,
566 1935 636 1963 οὕτω
649 1936 734 1971 τούτῳ
751 1937 765 1963 ὁ
784 1936 892 1972 χρυσὸς.

118 1978 197 2005 Ὅθεν
223 1980 238 2006 ὀ
258 1980 389 2015 μακάριος
413 1981 580 2013 Ἀπόστολος,
605 1981 682 2008 τοῦτο
696 1981 845 2016 γινώσκων,
863 1981 892 2007 οὐ

119 2025 198 2060 μόνον
213 2025 289 2060 ῥίζαν
306 2027 412 2054 πάντων
429 2027 482 2054 τῶν
504 2027 604 2060 κακῶν,
618 2027 684 2054 ἀλλὰ
698 2028 744 2054 καὶ
757 2027 895 2054 εἰδωλολα-

117 2070 209 2105 τρείαν
235 2071 336 2106 ταύτην
361 2072 481 2099 ἐκάλεσε.
508 2073 694 2108 Θεωρήσωμεν
714 2073 802 2099 τοίνυν
827 2073 895 2108 πρὸς

119 2115 205 2151 πόσην
218 2117 316 2143 κακίαν
329 2117 345 2151 ὴ
358 2117 434 2148 νόσος
446 2117 513 2152 αὕτη
527 2118 572 2145 τὸν
586 2118 724 2152 ἄνθρωπον
737 2118 894 2154 κατασύρει,

119 2161 156 2192 ὡς
181 2161 227 2187 καὶ
253 2163 291 2193 είς
308 2162 524 2197 είδωλολατρείαν
545 2163 700 2198 ἐμϐάλλειν-
730 2164 895 2199 Ἀποστήσας

119 2207 173 2243 γὰρ
188 2208 202 2233 ὁ
227 2207 391 2244 φιλάργυρος
418 2209 463 2235 τὸν
476 2208 537 2236 νοῦν
549 2209 629 2236 αὑτοῦ
654 2210 708 2236 ἀπὸ
722 2210 771 2245 τῆς
787 2210 896 2246 ἀγάπης

940 1611 1012 1638 niam
1031 1619 1038 1637 :
1059 1611 1166 1638 demum
1188 1612 1295 1639 occulta
1312 1619 1360 1647 spe
1377 1611 1505 1638 miserum
1529 1610 1638 1645 decipit,
1654 1610 1716 1637 sub-

938 1657 1056 1692 iiciendo
1073 1657 1177 1685 lucrum
1195 1666 1229 1685 ex
1251 1662 1308 1685 arte
1323 1665 1372 1685 sua
1393 1657 1582 1687 obventurum,
1598 1656 1715 1690 hincque

941 1702 998 1729 fore
1009 1703 1136 1737 quietem.
1150 1702 1323 1737 animumque
1333 1702 1407 1730 curis
1417 1709 1541 1728 vacuum.
1556 1701 1595 1727 Ac
1607 1701 1716 1727 demum

941 1748 1008 1774 lucri
1025 1748 1188 1783 cogitatione
1214 1749 1367 1784 colligatus,
1388 1747 1455 1774 nihil
1470 1746 1574 1774 adversi
1589 1746 1717 1773 conside-

941 1799 984 1821 rat
1002 1803 1009 1822 :
1026 1802 1080 1821 non
1098 1799 1199 1829 quanta
1226 1794 1317 1822 futura
1341 1795 1374 1822 sil
1393 1794 1444 1827 ira,
1461 1798 1579 1828 quantus
1595 1792 1680 1823 furor.
1695 1791 1718 1819 si

942 1841 1081 1876 contingat
1096 1842 1122 1868 in
1138 1841 1328 1869 detrimentum
1341 1840 1449 1875 aliquod
1472 1839 1602 1871 incidere,
1618 1842 1719 1873 quanta

942 1886 1081 1919 maestitia,
1097 1890 1216 1922 quantus
1230 1886 1316 1917 dolor,
1338 1886 1359 1914 si
1377 1886 1454 1912 lucro
1468 1885 1558 1920 operis
1577 1884 1618 1911 sui
1629 1883 1719 1918 prive-

943 1936 1005 1958 tur:
1020 1932 1065 1959 sed
1080 1933 1150 1959 sicut
1166 1932 1227 1959 aliis
1240 1936 1334 1959 venter
1346 1932 1427 1964 deus,
1445 1931 1556 1966 perinde
1571 1930 1609 1957 illi
1623 1937 1719 1956 aurum

944 1982 994 2004 est.
1003 1977 1134 2010 Quocirca
1143 1985 1204 2005 eum
1214 1978 1239 2005 id
1249 1978 1331 2013 probe
1342 1982 1434 2005 nosset
1443 1978 1536 2004 beatus
1547 1975 1658 2006 Paulus,
1666 1982 1720 2002 non

944 2022 1024 2049 modo
1037 2023 1154 2050 radicem
1170 2023 1289 2049 omnium
1309 2022 1452 2053 malorum,
1473 2021 1520 2049 sed
1539 2021 1619 2048 etiam
1636 2019 1723 2046 idolo-
1758 2047 1763 2052 _

945 2069 1052 2096 latriam
1075 2076 1134 2096 eam
1158 2060 1333 2103 nuucupavit.
1359 2067 1560 2102 Perpendamus
1580 2066 1670 2099 itaque
1694 2065 1722 2091 in

945 2119 1073 2150 quantam
1089 2115 1218 2142 malitiam
1234 2115 1276 2142 hic
1291 2114 1403 2142 morbus
1417 2114 1552 2140 hominem
1574 2111 1722 2146 pertrahat,

947 2165 976 2188 ut
989 2161 1103 2196 quicum
1117 2162 1144 2188 in
1154 2161 1331 2188 idololatriam
1342 2160 1478 2195 conjiciat.
1491 2158 1636 2192 Postquam
1650 2157 1722 2183 enim

947 2214 1045 2234 avarus
1062 2211 1177 2234 mentem
1190 2215 1264 2233 suam
1280 2207 1313 2233 ab
1334 2213 1425 2232 amore
1443 2203 1489 2231 Dei
1504 2203 1612 2234 avulsit,
1627 2201 1723 2235 imagi-

118 2253 166 2279 τοῦ
178 2253 254 2285 Θεοῦ,
269 2253 365 2281 εἴδωλα
385 2254 533 2290 ἀνθρώπων
550 2255 757 2291 ὲγγεγλυμμένα
773 2255 811 2291 τῷ
828 2265 887 2291 χρυ-

947 2260 996 2286 nes
1008 2253 1148 2280 hominum
1164 2260 1230 2279 auro
1246 2252 1393 2286 insculptas
1410 2249 1498 2284 diligit
1514 2256 1520 2275 :
1537 2247 1724 2283 ejusmodique

120 2299 169 2334 σίῳ
185 2300 278 2337 ἀγαπᾷ
288 2308 295 2315 ·
307 2300 410 2332 τούτοις
425 2301 452 2326 δὲ
462 2302 517 2333 τοῖς
528 2301 666 2336 λογισμοῖς
679 2303 692 2328 ὁ
703 2303 817 2337 μοναχδς
833 2311 894 2328 σκο-

119 2347 224 2379 τωθεὶς,
238 2348 284 2374 καὶ
293 2348 340 2374 ἐπὶ
350 2348 380 2374 τὸ
391 2349 480 2383 χεῖρον
486 2347 583 2380 αῦξων,
592 2349 716 2383 οὐδεμίαν
723 2349 895 2381 ταπείνωσιν,

119 2392 246 2427 οὐδεμίαν
255 2392 377 2427 ὑπακοὴν
396 2393 467 2427 ἔχειν
484 2392 575 2419 λοιπὸν
592 2393 717 2426 δύναται,
735 2394 791 2420 ἀλλ’
813 2395 897 2428 ἀγαν-

121 2439 207 2469 ακτεῖ,
217 2438 261 2464 καὶ
269 2437 450 2470 ἀναξιοπαθεῖ,
459 2438 504 2464 καὶ
515 2438 581 2472 πρὸς
592 2438 704 2465 ἕκαστον
714 2438 791 2474 ἔργον
799 2438 898 2473 γογγύ-

122 2485 173 2521 (et,
191 2485 236 2511 καὶ
257 2484 399 2519 ἀντιλέγει,
422 2485 468 2511 καὶ
485 2484 550 2519 μηδὲ
573 2485 636 2519 μιᾶς
651 2484 743 2511 λοιπὸν
758 2485 899 2516 εὐλαΰείας

123 2530 340 2565 πεφυλαγμένης,
355 2529 447 2565 ὥσπερ
459 2530 540 2561 ἵππος
552 2529 729 2564 σκληρότατος
746 2529 815 2556 κατὰ
831 2538 899 2565 κρη-

124 2576 196 2611 μνῶν
211 2576 330 2611 φέρεται,
338 2575 397 2603 οὔτε
406 2577 437 2611 τῇ
446 2575 613 2611 καθημερινῇ
625 2577 710 2610 τροφῇ
723 2575 898 2610 ἀρκούμενος,

123 2623 168 2649 καὶ
177 2621 387 2657 διαμαρτύρεται
401 2621 440 2653 είς
452 2621 527 2652 τέλος
542 2621 578 2656 μὴ
591 2620 716 2647 δύνασθαι
736 2620 816 2647 αὐτὸν
836 2621 900 2647 ὑπο-

125 2667 224 2702 μένειν,
239 2667 285 2693 καὶ
300 2666 366 2693 Θεδν
377 2667 426 2693 οὐκ
441 2667 498 2693 ὲκεῖ
513 2666 590 2702 μόνον
604 2663 672 2692 srvat
686 2666 768 2700 λέγει,
780 2666 839 2692 οὐδὲ
852 2666 899 2701 τὴν

125 2713 192 2740 ἰδίαν
210 2713 344 2748 σωτηρίαν
363 2713 391 2739 ὲν
409 2712 505 2746 ἐκείνῳ
522 2711 744 2739 κατακεκλεῖσθαι
761 2711 800 2746 τῷ
816 2712 899 2747 τόπῳ,

124 2758 191 2786 ἀλλά
205 2758 340 2794 πανταχοῦ
353 2760 409 2790 τοῖς
421 2757 543 2793 ζητοῦσιν
557 2758 636 2784 αὑτὸν
650 2757 822 2793 εὑρίσκεσθαι
832 2766 839 2773 ·
856 2758 900 2784 καὶ

124 2807 162 2838 ὡς
171 2806 194 2832 εἰ
209 2805 246 2841 μὴ
257 2806 359 2840 ἀποστῇ
371 2804 417 2831 τοῦ
431 2803 608 2840 μοναστηρίου
624 2803 726 2831 ἐκείνου
738 2803 883 2830 ἀπόλλυται
891 2811 898 2818 ·

162 2895 216 2931 ιρι)
233 2894 298 2923 Ibid.
316 2903 340 2923 ε.
355 2894 381 2922 ι.

947 2297 1155 2332 cogitationibus
1177 2297 1368 2324 obtenebratus
1383 2294 1542 2326 monachus,
1557 2294 1619 2320 dum
1637 2293 1670 2319 ad
1682 2299 1725 2327 pc.-

944 2343 1004 2378 jora
1040 2347 1213 2378 augmentum
1244 2341 1361 2376 accipit,
1390 2340 1491 2367 nullam
1522 2339 1649 2373 deinceps
1675 2339 1725 2364 liu-

946 2389 1100 2420 militatem,
1120 2388 1220 2415 nullam
1238 2387 1338 2414 habere
1351 2390 1439 2420 potest
1451 2384 1632 2412 obedientiam
1649 2392 1656 2417 ;
1677 2383 1724 2410 sed

947 2435 1025 2471 321
1042 2434 1178 2465 irascitur,
1191 2433 1356 2467 indignatur,
1372 2431 1404 2458 ad
1416 2430 1556 2465 quodlibet
1571 2436 1637 2463 opus
1652 2436 1726 2455 nmr-

948 2483 1047 2512 murat,
1058 2481 1200 2513 repugnat,
1217 2478 1290 2504 nulla
1304 2477 1411 2503 demum
1429 2479 1534 2503 servata
1551 2473 1724 2505 verecundia,

949 2526 1027 2561 quasi
1053 2524 1280 2552 eﬂ'renatissimus
1305 2530 1391 2557 equus
1417 2521 1444 2548 in
1464 2520 1612 2556 praecipitia
1628 2520 1725 2552 fertur,

949 2578 1000 2598 nec
1020 2571 1117 2598 diurno
1132 2569 1204 2595 victu
1221 2572 1374 2599 contentus,
1388 2566 1504 2601 denique
1519 2565 1682 2593 testiﬁcatur
1697 2573 1726 2592 se

949 2625 1002 2644 non
1020 2624 1100 2652 posse
1116 2616 1186 2642 ultra
1204 2614 1339 2641 sustinere
1355 2623 1361 2640 :
1378 2613 1469 2647 aitque
1485 2620 1539 2639 non
1552 2611 1605 2638 illic
1620 2615 1725 2637 tantum

950 2671 1010 2691 esse
1026 2663 1118 2690 Deum.
1133 2669 1184 2688 nec
1199 2661 1312 2688 salutem
1327 2667 1404 2687 suam
1423 2667 1455 2686 eo
1474 2658 1505 2685 in
1516 2658 1577 2684 loco
1591 2657 1725 2684 inclusam

950 2716 1024 2740 esse;
1042 2708 1089 2735 sed
1107 2707 1206 2741 ubique
1220 2706 1303 2733 Deum
1315 2713 1329 2731 a
1347 2704 1530 2739 quaerentibus
1545 2710 1573 2730 se
1589 2701 1705 2730 inveniri
1720 2710 1727 2728 :

950 2757 1099 2788 periturum
1123 2759 1152 2779 se
1171 2751 1223 2778 nisi
1247 2757 1280 2777 eo
1305 2749 1470 2776 monasterio
1486 2746 1598 2775 exeedat
1638 2753 1665 2775 ε.
1687 2746 1728 2774 δίο

950 2806 1012 2826 eum
1031 2798 1063 2825 ad
1082 2801 1215 2832 corruptae
1238 2797 1337 2824 urentis
1366 2802 1422 2823 sua:
1450 2793 1580 2822 auxilium
1602 2795 1728 2829 suppetat

987 2889 1042 2924 ,νυ
1061 2888 1115 2917 ibid
1141 2896 1165 2916 ε.
1186 2887 1210 2914 7.
