1940 3068
231 183 284 212 883

806 184 834 216 ε’.
855 187 1083 216 ATHANASIUS.
1103 204 1136 209 -—-
1153 188 1264 217 DUBIA.

1776 189 1823 217 88‘

231 245 368 272 recondita
384 247 507 280 pecunia,
531 247 608 281 quasi
630 247 790 281 quihusdam
814 248 918 274 levatus
940 247 1000 278 alis,

1057 247 1099 273 καὶ
1123 247 1195 273 οὕτω
1214 247 1264 281 τῆς
1286 245 1483 281 διεφθαρμένης
1499 245 1599 281 ταύτης
1623 244 1746 281 συνεργὸν
1762 245 1825 280 ἔχων

229 291 417 326 meditansque
433 299 513 318 suum
527 300 559 319 ex
576 293 743 320 monasterio
755 293 868 324 exitum,
889 292 1005 327 superbe

230 332 356 370 deinceps
375 339 456 370 atque
470 343 566 371 aspere
592 337 625 364 ad
640 337 730 364 omnia
745 337 822 371 jussa
847 337 1003 372 respondet,

229 385 312 414 Inque
330 381 404 409 velut
417 383 588 416 peregrinum
601 387 682 418 atque
696 389 853 411 extraneum
867 389 1004 418 reputans,

230 427 253 453 ei
269 426 333 460 quid
349 426 375 454 in
393 427 560 455 monasterio
568 428 758 456 emendatione
771 428 882 463 dignum
897 428 1005 460 viderit,

231 471 297 498 nihil
307 477 394 503 curat,
405 473 459 500 imo
470 473 596 509 despicit.
606 474 661 508 (95)
672 473 773 501 Dehinc
785 474 880 509 quaerit
889 476 1008 501 occasio-

230 523 279 543 nes
292 516 440 544 iracundiae
464 522 512 544 aut
527 518 654 552 querelae,
670 521 700 544 ut
717 525 750 545 ne
772 518 895 545 videatur
912 518 1007 545 leviter

229 565 254 588 et
266 562 368 597 absque
377 570 458 590 causa
470 563 559 598 egredi
570 571 602 590 ex
614 563 750 590 cmnobio.
764 563 818 590 Nec
829 571 861 591 eo
872 563 917 590 ille
928 564 1007 590 modo

228 614 258 633 se
274 615 367 641 gerere
379 607 499 640 dubitat,
512 612 541 635 ut
555 608 645 635 delicti
663 609 704 636 Sui
726 609 915 643 opitulatorem
933 609 1007 636 inve-

229 653 296 679 niat.
312 651 350 680 Ita
366 660 448 688 porro
460 653 589 681 seductus
605 661 703 680 avarus
720 661 831 681 suarum
846 654 906 688 igne
926 661 1008 688 pecu-

229 696 348 729 niarum,
364 704 502 732 nunquam
525 698 552 724 in
570 697 736 725 monasterio
752 701 841 732 potest
855 698 1006 732 quiescere,

229 746 276 767 aut
290 741 341 768 sub
355 743 447 776 regula
463 742 563 770 vivere.
577 741 646 768 Cum
659 746 748 769 autem
763 742 838 768 illum
854 741 958 769 diemon
975 749 1008 769 ex.

229 787 293 814 ovili
307 788 385 822 quasi
401 788 480 821 lupus
494 787 651 822 abripuerit,
665 790 745 821 atque
760 794 793 814 ex
808 786 877 813 ovili.
887 794 1009 822 segrega-

229 837 298 865 tum,
313 840 328 860 a
354 841 383 861 se
407 833 590 860 devorandum
617 833 776 867 acceperit;
794 837 850 859 tum
872 838 949 859 Curat
979 836 1008 859 ut

229 885 312 913 opera
318 885 379 914 qua:
387 879 466 906 statis
476 879 550 906 horis
560 879 587 905 in
597 878 722 906 coenobio
729 878 1005 913 negligebatonmino,

1056 293 1089 319 τὰ
1110 293 1304 328 πεφυλαγμένα
1327 293 1453 327 ἀργύρια,
1469 292 1562 327 ὥσπερ
1574 291 1627 318 τισὶ
1646 293 1750 326 πτεροῖς
1768 300 1825 318 κου-

1056 338 1172 372 φισθεὶς,
1184 339 1230 364 καὶ
1244 337 1292 373 τὴν
1307 337 1395 370 ἔξοδον
1406 337 1455 373 τὴν
1469 337 1522 363 ἀπὸ
1537 336 1584 363 τοῦ
1600 336 1770 372 μοναστηρίου
1785 345 1826 372 με-

1056 383 1147 415 λετῶν,
1167 383 1258 410 λοιπὸν
1273 376 1454 418 ὑπερηφάνως
1471 383 1517 409 καὶ
1535 382 1654 418 τραχέως
1670 383 1735 418 πρὸς
1747 382 1827 408 πάντα

1055 429 1089 455 τὰ
1113 429 1323 464 παρηγγελμένα
1353 429 1538 464 ἀποκρίνεται,
1556 428 1602 454 καὶ
1632 428 1669 459 ὡς
1695 428 1764 461 ξένον
1785 428 1828 454 καὶ

1056 474 1182 506 ὲξωτικὸν
1198 474 1292 501 ἑαυτὸν
1318 474 1478 509 ἡγούμενος,
1495 473 1522 499 εἴ
1539 483 1564 500 τι
1580 474 1613 500 ἃν
1628 473 1668 508 ἴδῃ
1689 474 1716 499 ὲν
1732 472 1769 507 τῷ
1785 481 1827 508 μο-

1055 521 1194 556 ναστηριῳ
1207 520 1332 555 δεόμενον
1346 519 1520 555 διορθώσεως,
1535 519 1630 554 ἀμελεῖ
1644 518 1689 545 καὶ
1705 526 1827 553 περιφρο-

1055 566 1105 592 νεῖ.
1120 565 1175 591 Καὶ
1190 565 1282 591 ἔπειτα
1299 565 1447 600 προφάσεις
1461 564 1597 599 ἀναζητεῖ.
1610 564 1643 590 δι’
1658 560 1695 590 ὧν
1711 563 1828 598 ὀργισθή-

1056 611 1164 646 σεται,ῆ
1176 610 1367 646 λυπηθήσεται,
1376 610 1418 637 ἴνα
1428 611 1464 646 μὴ
1474 610 1535 645 δόξῃ
1547 610 1668 643 ἐλαφρῶς
1678 609 1739 636 ἄνευ
1749 609 1828 640 αἰτίας

1055 653 1152 685 ἐξιέναι
1162 655 1193 681 ἐκ
1200 655 1248 689 τῆς
1259 653 1358 690 [ἐκτὸς]
1371 654 1417 680 τοῦ
1426 654 1566 681 χοινοὸίου.
1575 654 1640 680 Οὐδὲ
1652 653 1728 679 τοῦτο
1739 661 1828 688 παραι-

1055 700 1140 725 τείται
1155 699 1273 734 ποιῆσαι,
1284 699 1439 734 βουλόμενος
1447 699 1517 734 ἔχειν
1526 699 1644 726 τοῦιίδίου
1653 698 1828 734 ἐλαττώματος

1057 744 1194 779 συνεργόν.
1220 743 1297 771 Οὕτω
1326 743 1354 770 δὲ
1375 743 1552 779 ἀπατώμενος
1567 743 1605 778 τῷ
1620 743 1685 779 πυρὶ
1698 742 1750 769 τῶν
1765 742 1828 768 ἰδίων

1056 789 1202 825 χρημάτων
1216 790 1232 815 ό
1245 789 1417 825 φιλάργυρος,
1433 789 1559 816 οὐδέποτε
1573 789 1682 815 δύναται
1705 787 1829 822 ήσυχάσαι

1057 835 1085 860 ὲν
1100 834 1277 870 μοναστηρίῳ,
1289 834 1305 870 ἢ
1319 835 1372 861 ὑπὸ
1387 834 1487 860 κανόνα
1500 834 1590 868 ζῆσαι.
1605 835 1689 860 Ὅταν
1703 833 1730 859 δὲ
1744 832 1831 859 τοῦτον

1057 880 1071 906 ὁ
1090 880 1193 915 δαίμων
1214 879 1306 916 ὥσπερ
1327 879 1405 912 λύκος
1425 880 1457 906 ἐκ
1477 879 1526 915 τῆς
1544 879 1663 914 μάνδρας
1678 878 1830 913 ἀφαρπάσῃν

228 924 333 958 eadem,
347 929 426 952 nocte
440 930 466 952 et
480 925 524 952 die
536 932 634 959 magna
655 931 717 955 cum
738 923 877 950 alacritate
897 923 923 950 in
940 923 1006 950 cella

1057 925 1103 950 καὶ
1127 924 1260 960 ἀφορίσας
1282 924 1327 951 τοῦ
1350 924 1474 959 ποιμνίου
1494 923 1599 958 ἕτοιμον
1615 924 1655 955 εἰς
1669 921 1832 956 κατάσρωσιν

230 976 278 996 sua
294 970 416 1004 perﬁciat
432 979 444 997 :.
458 977 545 1004 neque
561 969 628 997 sinit
642 975 704 996 eum
715 975 824 1003 precum
839 968 1008 996 consuetudi-

229 1022 300 1046 nem,
309 1014 475 1050 jejuniorum
490 1023 604 1048 morem,
616 1015 770 1050 vigiliarum
781 1022 902 1042 normam
914 1015 1008 1042 obser-

229 1067 316 1094 vare;
338 1059 387 1088 sed
402 1060 440 1088 illi
462 1060 584 1088 avaritiae
604 1060 696 1087 furore
719 1059 845 1094 colligato
861 1059 957 1086 suadet
974 1058 1008 1085 ad

229 1111 300 1141 opus
314 1113 397 1133 suum
407 1113 490 1132 omne
503 1104 633 1137 studium,
647 1111 754 1131 munem
770 1104 1008 1138 laboremimpen-

229 1149 306 1178 dere.
317 1150 371 1186 (96)
381 1150 501 1185 Hujusce
509 1158 573 1177 vero
583 1150 670 1177 morbi
681 1153 737 1177 tres
750 1152 813 1176 sunt
824 1149 895 1176 modi
910 1157 925 1176 a
939 1149 1009 1177 divip

230 1196 275 1225 nis
288 1195 438 1231 Scripturis
453 1201 479 1224 et
495 1204 510 1223 a
519 1196 628 1223 Patrum
643 1195 767 1222 doctrina
781 1202 856 1230 aeque
868 1195 1011 1230 prohibiti.

229 1241 339 1269 Primus
359 1242 393 1270 de
410 1250 465 1276 quo
482 1242 608 1277 superius
630 1241 802 1277 scripsimus,
818 1241 865 1276 qui
886 1244 964 1268 curat
980 1246 1009 1268 ut

229 1287 336 1320 miseri,
350 1295 382 1316 ea
395 1295 455 1323 quae
478 1296 512 1315 ne
526 1288 554 1315 in
569 1287 670 1315 mundo
686 1287 794 1323 quidem
814 1287 942 1319 habuere,
961 1294 1007 1314 ac-

230 1334 340 1369 quirant
355 1338 381 1361 et
397 1334 578 1362 accumulant.
594 1334 669 1361 Alter
689 1333 716 1360 id
731 1333 785 1369 agit
800 1337 829 1360 ut
843 1340 889 1360 eos
903 1333 948 1368 qui
962 1341 1009 1367 pe-

230 1379 319 1406 cuniis
334 1379 523 1406 renuntiarunt
544 1378 608 1406 facti
626 1378 776 1413 paeniteat:
792 1378 939 1412 suadetque
954 1378 1013 1405 illis

231 1427 261 1450 ut
282 1423 422 1458 requirant
436 1431 467 1451 ea
488 1431 549 1459 quae
568 1423 622 1451 Deo
642 1423 774 1451 obtulere.
792 1422 901 1450 Tertius
923 1422 945 1449 is
966 1426 1009 1450 est

230 1469 278 1504 qui
293 1476 356 1496 cum
383 1469 459 1496 initio
476 1469 638 1497 monachum
656 1469 855 1497 incredulitatis
871 1468 1008 1503 tepiditate

230 1515 352 1550 illigarit,
368 1523 422 1543 non
433 1516 499 1544 sinit
509 1523 570 1543 eum
581 1515 701 1551 perfecte
712 1515 856 1542 mundanis
872 1515 1008 1541 abrenun-

230 1560 299 1588 tiare
321 1561 412 1594 rebus,
436 1562 528 1589 animo
544 1561 692 1596 subjiciens
712 1565 813 1588 metum
829 1560 1006 1595 paupertatis,

230 1610 312 1642 atque
329 1607 509 1634 dillidentiam
519 1607 565 1635 Dei
582 1606 758 1642 providentia;
773 1616 778 1634 :
796 1606 926 1640 illumque
942 1612 1004 1640 pro-

230 1653 376 1680 missorum
392 1653 549 1680 violatorem
565 1653 675 1680 exbibet
689 1660 766 1683 esse,
789 1659 882 1679 eorum
906 1651 1010 1678 scilicet

230 1705 290 1732 quae
306 1697 445 1733 professus
467 1702 511 1726 est
523 1698 588 1725 dum
604 1698 703 1725 mundo
719 1697 931 1725 abrenuntiarct.
951 1695 1009 1722 Ilo~

229 1749 290 1770 rum
307 1751 388 1778 porro
401 1744 483 1770 trium
499 1744 640 1771 modorum
656 1743 778 1778 exempla
793 1743 820 1770 in
834 1743 923 1770 divina
939 1742 1010 1769 Scri-

230 1791 309 1822 ptura
324 1788 482 1816 abscondita
498 1789 658 1823 reperimus.
674 1788 740 1815 Nam
755 1788 829 1815 Giezi
842 1788 913 1823 quod
929 1792 1018 1822 [δορυ-⁷

230 1834 291 1860 nias
306 1841 374 1867 quas
392 1838 455 1861 ante
476 1842 530 1861 non
545 1834 677 1861 habuerat
693 1834 904 1868 concupivisset,
920 1833 1009 1868 priva-

229 1883 276 1905 tus
291 1883 332 1906 est
346 1879 494 1914 prophetis
507 1880 603 1914 gratia,
615 1887 697 1914 quam
708 1880 815 1907 volebat
831 1879 868 1906 illi
881 1879 1010 1914 magister

229 1923 289 1957 ejus
306 1923 470 1951 hereditatis
485 1924 545 1951 loco
560 1924 713 1958 relinquere
737 1932 744 1950 :
770 1928 797 1951 et
822 1931 872 1958 pro
899 1923 1009 1950 benedi—

229 1969 329 2000 ctione,
341 1975 389 2003 per
403 1969 539 2003 propheta
549 1969 739 2000 maledictum,
747 1973 874 1995 aeternam
889 1967 1010 2002 possedit

229 2014 331 2049 Iepram
342 2015 374 2042 ".
387 2014 471 2042 Judas
481 2022 544 2042 vero
555 2022 617 2042 cum
629 2015 707 2042 vellet
719 2014 847 2049 pecunias
859 2022 1008 2046 resumere,

229 2067 299 2094 quas
313 2065 376 2087 ante
391 2064 420 2087 ut
434 2059 577 2087 Dominum
598 2065 769 2095 sequeretur,
785 2061 1008 2096 abjecerat;_nou

229 2105 317 2132 solum
331 2112 392 2132 eum
407 2104 441 2132 ad
462 2105 569 2132 Domini
586 2106 765 2140 proditionem
784 2106 905 2133 animum
923 2114 1008 2141 appu-

228 2150 316 2184 lisset,
332 2158 366 2177 ex
378 2150 464 2178 choro
478 2150 664 2186 apostolorum
687 2155 814 2178 estrusus
833 2155 886 2183 est,
902 2150 949 2178 sed
966 2150 1008 2185 ip-

228 2204 287 2223 sam
309 2196 445 2224 carnalem
460 2196 543 2223 vitam
569 2197 687 2225 violenta
703 2201 790 2224 morte
810 2197 962 2224 terminavit
974 2197 1006 2224 ".

1058 969 1136 1005 λάϐῃ,
1155 969 1185 996 τὸ
1198 969 1346 1005 τηνικαῦτα
1370 968 1571 1005 παρασκευάζει
1587 968 1668 995 αὐτὸν
1687 967 1720 994 τὰ
1737 967 1800 1002 ἔργα
1815 965 1832 992 ἃ

1057 1016 1087 1041 ὲν
1097 1015 1136 1049 τῷ
1150 1015 1274 1050 κανοὸίῳ
1289 1015 1465 1050 τεταγμέναις
1481 1015 1566 1051 ὥραις
1579 1014 1688 1046 πάντως
1703 1013 1830 1047 ὀλιγωρεῖ,

1057 1059 1143 1086 ταῦτα
1159 1060 1188 1086 ἐν
1203 1061 1235 1095 τῇ
1251 1059 1332 1096 κέλλῃ
1357 1059 1452 1091 νυκτὸς
1471 1059 1517 1086 καὶ
1538 1059 1643 1094 ἡμέρας
1659 1058 1726 1093 μετὰ
1739 1056 1832 1088 πολλῆς

1058 1104 1208 1140 προθυμίας
1223 1106 1323 1131 ποιεῖν·
1341 1105 1388 1130 καὶ
1403 1103 1463 1130 οὔτε
1481 1104 1565 1139 εὐχῶν
1580 1104 1615 1130 τὰ
1630 1103 1690 1139 ἔθη,
1707 1102 1766 1129 οὔτε
1782 1100 1832 1127 τῶν

1057 1151 1187 1185 νηστειῶν
1200 1151 1244 1177 τὸν
1258 1151 1368 1186 τρόπον,
1381 1149 1441 1176 οὔτε
1454 1150 1506 1176 τῶν
1516 1149 1672 1185 ἀγρυπνιῶν
1685 1148 1728 1176 τὸν
1741 1147 1832 1175 κανόνα

1058 1196 1176 1223 ἐκτελεῖν
1193 1196 1342 1231 ὲπιτρέπει¹
1357 1195 1424 1222 ἀλλὰ
1443 1196 1476 1230 τῇ
1497 1195 1544 1230 τῆς
1560 1194 1737 1230 φιλαργυρίας
1755 1192 1831 1228 μανίᾳ

1057 1241 1150 1268 τοῦτον
1163 1242 1285 1276 ἐνδήσας,
1299 1242 1348 1276 τὴν
1363 1242 1451 1268 πᾶσαν
1465 1240 1579 1276 σπουδὴν
1592 1241 1632 1271 εἰς
1643 1239 1673 1266 τὸ
1687 1239 1832 1275 ὲργόχειρον

1058 1286 1129 1322 ἔχειν
1145 1286 1292 1314 ἀναπείθει.
1307 1287 1361 1322 Τῆς
1375 1286 1403 1312 δὲ
1417 1286 1493 1312 νόσου
1506 1285 1606 1321 ταύτης
1619 1286 1693 1320 τρεῖς
1710 1285 1765 1311 εἰσιν
1775 1282 1832 1319 τρό-

1059 1341 1113 1363 ποι,
1129 1332 1173 1364 οὒς
1194 1332 1290 1367 ἐπίσης
1304 1332 1518 1368 ἀπαγορεύουσιν
1538 1332 1565 1358 αἱ
1581 1331 1651 1358 θεῖαι
1673 1330 1776 1367 Γραφαὶ
1789 1328 1832 1356 καὶ

1057 1379 1086 1404 αἱ
1108 1378 1274 1405 διδασκαλίαι
1291 1379 1345 1404 τῶν
1366 1378 1507 1414 Πατέρων·
1525 1374 1564 1409 εἷς
1585 1377 1644 1412 μὲν,
1661 1376 1690 1403 ὃν
1712 1375 1834 1411 ἀνωτέρω

1057 1424 1252 1459 διεγράψαμεν.
1273 1423 1302 1455 ὃς
1326 1423 1528 1459 παρασκευάζει
1551 1423 1614 1454 τοὺς
1638 1422 1744 1453 ἀθλίους
1766 1420 1833 1455 ἅπερ

1057 1470 1117 1496 οὐδὲ
1134 1470 1162 1495 ἐν
1178 1469 1216 1504 τῷ
1231 1469 1325 1504 κόσμῳ
1347 1468 1434 1503 ἔσχον,
1454 1467 1539 1494 ταῦτα
1561 1467 1678 1494 κτᾶσθαι
1705 1466 1751 1494 καὶ
1774 1474 1831 1491 συν-

1057 1515 1207 1551 αθροίζειν·
1225 1515 1302 1546 ἄλλος
1317 1514 1346 1546 ὃς
1375 1513 1582 1549 μεταμελείσθαι
1601 1514 1675 1540 ποιεῖ
1689 1513 1749 1543 τοὺς
1764 1509 1833 1542 ἅπαξ

1057 1562 1111 1592 τοῖς
1123 1561 1257 1596 χρήμασιν
1274 1559 1501 1595 ἁποταξαμένους,
1519 1558 1675 1585 ὑποϐάλλων
1689 1558 1776 1588 αὐτοῖς
1788 1555 1832 1590 ζη-

1057 1608 1112 1633 τεῖν
1128 1607 1203 1643 ἅπερ.
1214 1606 1272 1641 Θεῷ
1295 1606 1492 1641 προσήνεγκαψ
1508 1604 1598 1640 τρίτος
1619 1604 1658 1635 δὲ,
1671 1605 1751 1635 ὅστις,
1767 1600 1832 1628 καθὰ

1057 1650 1105 1687 τὴν
1125 1651 1210 1686 ἀρχὴν
1234 1651 1360 1682 ἀπιστίας
1379 1650 1531 1686 χλιαρότητι
1546 1649 1661 1685 μοναχὸν
1674 1647 1793 1683 ἐνδήσας,
1803 1645 1830 1672 οὺ

1059 1697 1193 1730 συγχωρεῖ
1216 1696 1308 1722 τοῦτον
1331 1695 1439 1727 τελείως
1459 1695 1649 1729 ἀπαλλαγῆναι
1662 1694 1714 1721 τῶν
1731 1692 1776 1720 τοῦ
1789 1691 1831 1718 κό-

1059 1749 1127 1775 σμου
1141 1740 1318 1775 πραγμάτων,
1339 1739 1418 1774 φόϐον
1433 1740 1525 1771 πενίας
1539 1738 1760 1770 ὑποϐάλλων,καὶ
1775 1737 1832 1763 ἀπι-

1059 1786 1135 1812 στίαν
1147 1787 1196 1821 τῆς
1212 1785 1276 1811 Θεοῦ
1292 1785 1428 1821 προνοίας,
1442 1786 1487 1811 καὶ
1502 1784 1663 1820 παραϐάτην
1681 1781 1831 1812 ὑποδεικνὺς

1058 1831 1111 1858 τῶν
1123 1831 1228 1858 οἰκείων
1242 1830 1421 1866 ὑποσχέσεων,
1430 1827 1466 1857 ὧν
1478 1829 1704 1865 καθωμολόγησεν
1720 1829 1832 1855 ἀποτασ-

1059 1877 1171 1912 σόμενος
1185 1876 1224 1912 τῷ
1240 1876 1346 1913 κόσμῳ.
1363 1876 1470 1903 Τούτων
1485 1876 1512 1902 δὲ
1525 1876 1578 1902 τῶν
1591 1875 1675 1911 τριῶν
1690 1874 1792 1910 τρόπων
1801 1870 1832 1897 τὰ

1059 1922 1265 1957 παραδείγματα
1288 1923 1316 1948 ὲν
1339 1923 1376 1958 τῇ
1393 1922 1457 1957 θεία.
1479 1922 1573 1957 Γραφῇ
1591 1918 1832 1955 κατακεκρυμμένα

1058 1968 1229 2004 εὑρίσκομεν.
1245 1968 1300 1994 Καὶ
1315 1968 1370 2004 γὰρ
1386 1968 1399 1993 ὁ
1415 1967 1496 2002 Γιεζῆ
1525 1967 1652 2002 χρήματα
1670 1966 1688 1993 ἃ
1710 1965 1833 2001 πρότερον

1058 2014 1107 2040 οὐκ
1128 2011 1184 2048 εἶχε
1210 2013 1347 2048 βουληθεὶς
1360 2012 1519 2048 κτήσασθαι,
1535 2012 1654 2047 ἀπέτυχε
1668 2012 1716 2047 τῆς
1733 2017 1832 2045 προφη-

1057 2058 1135 2093 τιχῆς
1160 2058 1278 2093 χάριτος,
1297 2058 1329 2094 ἣν
1353 2058 1368 2083 ὁ
1390 2057 1546 2089 διδάσκαλος
1564 2057 1742 2093 κληρονομίας
1762 2054 1833 2087 τάξει

1059 2103 1218 2138 καωλείψαι
1234 2102 1320 2138 τούτῳ
1336 2103 1480 2137 ὴϐούλετο”
1498 2103 1545 2129 καὶ
1563 2103 1628 2129 ἀντὶ.
1640 2102 1761 2136 εὐλογίας
1773 2100 1832 2126 αἰω-

1058 2149 1117 2176 νίαν
1134 2149 1238 2184 λέπραν
1251 2149 1295 2176 διὰ
1308 2149 1357 2184 τῆς
1372 2149 1418 2176 τοῦ
1434 2150 1572 2185 προφήτου
1589 2149 1709 2184 κατάρας
1726 2146 1831 2180 ἐκληρο-

1059 2195 1172 2231 νόμησε.
1193 2195 1248 2221 Καὶ
1267 2194 1376 2227 Ἰούδας,
1395 2194 1532 2229 βουληθεὶς
1557 2196 1685 2230 χρήματα
1706 2192 1801 2222 λαϐεῖν,
1814 2188 1832 2216 ἃ

226 2241 348 2269 Ananias
366 2246 393 2269 et
408 2242 552 2277 Sapphira,
568 2250 630 2270 cum
643 2242 765 2278 quaedam
781 2250 812 2269 ex
828 2242 862 2269 iis
878 2249 938 2276 quae
958 2241 995 2268 Do

1060 2242 1189 2278 πρότερον
1204 2241 1243 2276 τῷ
1261 2241 1372 2277 Χριστῷ
1388 2241 1540 2268 ἀκολουθῶν
1552 2240 1699 2270 ἀπέϐαλεν,
1711 2239 1740 2265 οὐ
1759 2237 1831 2272 μόνον

228 2286 303 2313 ιιιίιιο
311 2290 505 2314 consecrarant
516 2291 713 2321 reservassent,
723 2288 871 2322 apostolico
882 2295 928 2314 ore
939 2295 1009 2314 mor.

227 2331 264 2360 tis
280 2339 387 2366 poenam
402 2333 479 2359 luunt
492 2333 536 2360 "'.
549 2333 603 2368 (97)
616 2333 728 2369 Magnus
741 2338 830 2360 autem
845 2333 889 2360 ille
903 2332 1010 2368 Moyses

229 2377 256 2404 io
276 2376 486 2406 Deuteronomio
505 2380 650 2414 mysticum
667 2380 712 2407 dat
734 2383 896 2414 praceptum
912 2380 946 2407 iis
960 2379 1007 2414 qui

228 2423 330 2450 mundo
348 2423 527 2450 renuntiaturi
553 2429 633 2455 sunt,
657 2427 684 2451 et
709 2424 826 2459 quodam
853 2423 1009 2453 difﬁdentiae

227 2472 300 2495 metu
315 2469 431 2496 terrenis
442 2469 530 2496 adhuc
547 2469 677 2497 inhaerent
692 2479 698 2497 :
717 2479 726 2495 ι
745 2469 772 2496 Si
793 2470 854 2504 quis
877 2470 956 2497 homo
973 2470 1007 2496 ti-

227 2519 317 2541 lllldlls
330 2513 366 2541 sit
379 2517 406 2542 et
421 2514 504 2542 corde
519 2515 645 2549 pavidus,
661 2515 683 2542 is
698 2523 752 2542 non
768 2515 888 2550 prodibit
902 2515 933 2542 ad
950 2516 1006 2542 bel-

229 2558 283 2586 lum
298 2567 306 2586 ι
322 2560 400 2587 abeat
413 2559 533 2592 domum,
551 2560 641 2595 ibique
655 2561 773 2588 molliter
784 2561 872 2595 degat,
888 2568 922 2588 ne
939 2561 1008 2587 forte

228 2611 356 2640 pavorem
383 2605 498 2632 incutiat
523 2605 654 2634 cordibus
673 2605 785 2632 fratrum
810 2613 921 2632 suorum
944 2606 976 2632 ".
995 2616 1007 2630 ι

229 2650 310 2678 Estne
321 2651 460 2687 quidpiam
474 2651 524 2678 hoc
532 2651 689 2678 testimonio
700 2651 824 2679 securius
836 2655 917 2686 atque
927 2651 1008 2686 liqui-

227 2697 307 2724 dius?
318 2695 410 2724 Nonne
421 2697 456 2725 iis
466 2697 556 2725 verbis
569 2697 716 2725 ediscimus
733 2697 780 2732 qui
793 2697 893 2724 mundo
906 2705 1008 2724 renun-

260 2774 285 2791 "
303 2773 337 2801 IV
354 2773 418 2810 Reg.
437 2782 463 2806 ν,
481 2773 526 2803 27.
563 2774 586 2790 "
604 2774 696 2802 Matth.
716 2782 798 2807 nvu,
817 2775 841 2802 5.

262 2853 321 2887 195)
341 2852 407 2881 Ibid.
421 2861 446 2880 c.
461 2853 489 2885 9,
505 2852 547 2885 I0,
567 2852 595 2879 Il
613 2856 639 2879 ct
651 2860 708 2887 seq.

260 2888 317 2924 (96)
332 2888 397 2916 Ibid.
416 2896 439 2916 c.
455 2888 496 2916 ta.

1057 2288 1097 2319 εἰς
1107 2286 1250 2323 προδοσίαν
1266 2286 1313 2313 τοῦ
1329 2287 1461 2313 Δεσπότηυ
1472 2286 1624 2321 ὀλισθήσεις,
1638 2285 1683 2312 τοῦ
1696 2282 1775 2320 χοροῦ
1783 2281 1832 2307 τῶν

1059 2332 1214 2359 ἀποστόλων
1240 2333 1377 2365 ἐξέπεσεν,
1401 2332 1468 2359 ἀλλὰ
1494 2332 1543 2358 καὶ
1555 2332 1638 2366 αὐτὴν
1650 2331 1697 2366 τὴν
1713 2331 1740 2356 ὲν
1758 2326 1832 2362 σαρκὶ

1058 2376 1130 2413 ζωὴν
1142 2376 1220 2412 βιαίῳ
1231 2376 1338 2412 θανάτῳ
1347 2376 1502 2404 κατέλυσεν.
1511 2375 1634 2407 Ἀνανίας
1646 2375 1690 2402 καὶ
1699 2374 1831 2406 Σάπφειρα

1058 2422 1267 2457 διαφυλάξαντές
1281 2431 1341 2449 τινα
1353 2422 1381 2456 ἐξ
1394 2419 1430 2450 ὧν
1444 2422 1482 2457 τῷ
1492 2421 1549 2457 Θεῷ
1560 2420 1759 2457 προσανέθεντο,
1772 2418 1832 2444 ἀπο-

1061 2469 1174 2505 στολικῷ
1190 2470 1303 2505 στόματι
1322 2469 1429 2504 θανάτῳ
1442 2467 1632 2504 τιμωροῦνται.
1655 2465 1769 2499 Μωῡσῆς
1782 2463 1807 2489 δὲ
1819 2462 1833 2487 ὁ

1061 2515 1147 2550 μέγας
1168 2516 1197 2542 ὲν
1216 2515 1254 2551 τῷ
1272 2515 1472 2550 Δευτερονομίῳ
1499 2514 1634 2550 μυστικῶς
1660 2509 1831 2547 παραγγέλλει

1058 2563 1114 2593 τοῖς
1142 2561 1283 2596 μέλλουσιν
1306 2561 1505 2588 ἀποτάσσεσθαι
1524 2560 1561 2596 τῷ
1581 2560 1684 2594 κόσμῳ,
1702 2558 1746 2584 καὶ
1765 2554 1833 2590 ιρόὁῳ

1059 2606 1186 2638 ἀπιστίας
1195 2606 1273 2633 πάλιν
1287 2606 1472 2641 ἀντεχομένοις
1483 2606 1536 2632 τῶν
1549 2605 1648 2640 γηΐνων
1660 2602 1830 2639 πραγμάτωψ

1063 2661 1072 2677 ι
1091 2651 1124 2678 Εἴ
1137 2652 1178 2683 τίς
1196 2652 1269 2678 ἐστιν
1291 2651 1433 2687 ἄνθρωπος
1454 2651 1608 2686 περίφοϐος,
1625 2649 1671 2676 καὶ
1690 2649 1725 2683 τῇ
1741 2645 1831 2681 καρδίᾳ

1060 2696 1156 2730 δειλὸς,
1169 2697 1219 2724 οὐκ
1234 2697 1402 2729 ἐξελεύσεται
1416 2698 1454 2729 είς
1471 2696 1600 2732 πόλεμον·
1617 2692 1770 2730 πορευέσθω
1790 2689 1833 2716 καὶ

890 2774 922 2791 ⁸³⁸
939 2775 997 2802 Act.
1017 2782 1042 2806 ν,
1060 2773 1077 2801 5
1097 2774 1139 2801 l0.
1175 2774 1198 2790 ”
1218 2773 1297 2804 Deut.
1315 2782 1347 2801 xx
1359 2794 1366 2807 ,
1385 2774 1412 2802 8.

1097 2853 1153 2881 I97)
1169 2853 1234 2881 Ibid.
1253 2860 1277 2880 c.
1294 2853 1333 2880 I5.
