1940 3068
75 149 130 177 885

646 153 812 181 EPISTOLA
832 154 853 181 ll
872 153 917 180 AD
936 154 1130 183 CASTOREM.

1644 155 1697 184 886

78 207 228 244 ὰμαλνέτω
255 209 412 247 [animo]
439 213 478 243 είς
502 213 547 240 τὸν
574 213 639 240 ἴδιον
665 212 749 250 οἷκον,
768 214 866 249 μήποτε

920 214 1030 246 tiamus,
1047 215 1125 242 nobis
1141 213 1258 249 perfecte
1273 213 1493 245 renuntiandum,
1512 216 1592 248 atque
1612 213 1648 240 ita
1662 213 1696 241 ad

82 253 224 280 πτοεῖσθαι
244 256 349 290 ποιήσοι
365 257 413 288 τὰς
424 258 534 293 καρδίας
548 259 600 285 τῶν
617 259 736 294 ἀδελφῶν
750 259 841 285 αὑτοῦ.
855 269 865 285 ι

83 299 165 326 Ἔστι
189 299 237 335 τῆς
258 301 409 338 μαρτυρίας
421 304 521 339 ταύτης
536 305 736 341 ἀσφαλέστερόν
747 315 773 332 τι
787 306 803 341 ἢ
821 315 867 332 σα-

81 345 230 380 φέστερον;
245 347 301 372 υύκ
316 347 369 382 ἄρα
384 348 426 374 διὰ
441 349 541 376 τούτων
563 351 731 386 μανθάνομεν
755 353 779 377 οἱ
799 352 867 378 ἀπο-

81 391 241 426 τασσὸμενοι
265 392 303 427 τῷ
326 393 420 429 κόσμῳ
450 395 559 427 τελείως
582 396 791 428 ἀποτάσσεσθαι,
820 397 867 423 καὶ

80 435 168 467 οὕτως
186 437 231 464 ἐπὶ
247 437 291 464 τὸν
306 439 421 474 πόλεμον
441 441 587 474 ἐκϐαίνειν,
605 443 628 468 εἰ
645 442 681 477 μὴ
697 442 740 469 διὰ
755 443 800 469 τοῦ
821 443 868 477 βα-

80 481 135 506 λεῖν
152 481 240 516 ἀρχὴν
254 482 354 518 χαύνην
366 485 410 510 καί
424 485 622 522 διεψθαρμένην
633 488 794 524 ἀνατρέπειν
804 490 868 520 τοὺς

80 526 178 558 ἄλλους
204 527 258 554 ἀπὸ
283 529 332 564 τῆς
359 529 538 566 εὐαγγελικῆς
554 532 728 567 τελειότητος.
760 533 868 569 Ἐπειδὴ

81 570 106 596 δέ
122 580 195 603 τινες
215 572 244 599 τὸ
266 573 354 605 καλῶς
375 575 517 610 εἰρημένον
529 578 561 612 τῇ
575 577 668 613 Γραφῇ
679 587 685 592 ·
701 588 709 603 ι
728 579 867 614 Μακάριόν

78 617 136 642 ἐστι
149 617 259 649 διδόναι,
273 618 288 653 ἢ
304 618 466 654 λαμϐάνειν,
482 630 490 646 ι
509 622 598 654 κακῶς
610 618 799 658 ἑρμηνεύουσι,
810 624 868 659 βια-

77 661 190 696 ζόμενοι
206 664 273 699 πρὸς
286 664 335 700 τὴν
352 665 418 692 ίδίαν
436 667 543 702 ἀπάτην
556 669 601 694 καὶ
615 668 663 703 τὴν
679 669 729 703 τῆς
742 670 869 706 φιλαργυ-

75 708 140 743 ρίας
173 709 321 744 ἐπιθυμίαν
346 711 394 746 τὴν
416 712 519 739 ἔννοιαν
533 714 578 740 τοῦ
597 714 677 750 ῥητοῦ
695 716 869 751 παραλογιζόε

81 762 168 788 μενοι,
181 755 230 781 καὶ
242 756 291 789 τὴν
305 756 351 782 τοῦ
363 757 463 791 Κυρίου
477 758 646 786 διδασκαλίαν
660 760 708 796 τὴν
721 761 866 795 λέγουσαψ

80 809 89 824 ε
109 799 140 825 Εἰ
166 799 255 832 θέλεις
285 800 386 833 τέλειος
414 800 493 834 εἶναι,
507 803 630 840 πώλησόν
660 814 705 831 σου
725 806 760 832 τὰ
780 806 868 842 ὑπάρ-

79 853 173 880 χοντα,
189 845 236 871 καὶ
253 845 297 876 δὺς
311 848 436 882 πτωχοῖς,
452 848 499 874 καὶ
513 848 582 880 ἕξεις
594 849 727 885 θησαυρὸν
741 851 773 877 ἓν
786 851 867 886 οὐρα-

75 890 124 925 νῷ,
133 891 182 917 καὶ
192 891 282 926 δεῦρο,
293 892 430 919 ἀκολούθει
443 902 486 929 μοι
496 903 502 909 ·
517 904 525 920 ›
535 896 580 921 καὶ
593 896 713 931 κρίνουσι
726 897 775 932 τῆς
787 897 868 933 ἁκτη-

77 936 198 972 μοσύνης
229 938 435 974 μακαριώτερον
461 940 491 966 τὸ
518 940 686 973 ἐξουσιάζειν
717 943 764 969 τοῦ
799 943 865 969 ίδίου

76 981 205 1013 πλούτου,
222 984 267 1009 καὶ
282 984 314 1009 ἐκ
327 984 375 1018 τῆς
397 984 490 1011 τούτου
517 987 671 1021 περιουσίας
692 986 788 1014 διδόναι
810 990 866 1020 tot;

74 1027 230 1062 δεομένοις·
245 1029 451 1062 γινωσκέτωσαν
472 1032 495 1056 oi
511 1032 624 1058 τοιοῦτοι
639 1034 724 1068 μήπω
735 1035 865 1061 ἀποτετά-

77 1072 140 1107 χθαι
150 1072 190 1108 τῷ
202 1073 309 1108 κόσμῳ,
323 1075 389 1110 μηδὲ
403 1076 528 1111 ἐπιϐῆναι
543 1077 593 1112 τῆς
609 1081 754 1114 μοναχικῆς
767 1079 865 1106 τελειό-

78 1126 168 1153 τητος,
183 1119 228 1152 ἐφ’
245 1120 306 1146 ὅσον
323 1121 528 1155 ἐπαισχύνονται
543 1124 593 1158 τὴν
606 1125 674 1159 ὑπὲρ
688 1125 805 1158 Χριστοῦ
823 1125 866 1153 ἕν-

75 1163 151 1195 δοεον
171 1164 244 1199 μετὰ
263 1165 310 1191 τοῦ
328 1166 487 1194 Ἀποστόλου
502 1168 644 1196 ἀναλαϐεῖν
661 1171 804 1205 πτωχείαν,
819 1172 865 1198 καὶ

77 1211 126 1245 τὴν
139 1211 194 1237 τῶν
212 1211 311 1246 χειρῶν
326 1213 454 1246 ἐργασίαν
471 1215 576 1246 ἑαυτοῖς
588 1225 616 1242 τε
631 1217 676 1242 καὶ
692 1218 746 1248 τοῖς
770 1217 864 1252 δεομέ-

80 1266 135 1289 νοις
152 1258 310 1294 ὑπηρετεῖν.
334 1260 365 1285 Εί
385 1259 413 1286 δὲ
435 1260 612 1296 ἐπιθυμοῦσιν
631 1262 703 1297 ἔργῳ
723 1263 865 1298 πληρῶσαι

80 1303 128 1338 τὴν
143 1304 290 1338 μοναδικὴν
302 1305 476 1339 ἐπαγγελίαν,
491 1308 538 1334 καὶ
557 1307 624 1342 μετὰ
639 1308 683 1334 τοῦ
706 1309 864 1335 Ἀποστόλου

79 1347 239 1384 δοξασθῆναι
253 1349 492 1384 διασκορπίσαντες
507 1351 552 1377 τὸν
573 1351 686 1378 παλαιὸν
712 1352 824 1379 πλοῦτον
836 1354 865 1379 ἐν

81 1393 149 1429 λιμῷ
163 1394 208 1421 καὶ
221 1394 292 1429 δίψει
306 1395 352 1421 καὶ
365 1396 523 1431 γυμνότητι,
540 1397 608 1431 μετὰ
620 1397 664 1423 τοῦ
676 1397 781 1424 Παύλου
791 1398 864 1432 ἀγω-

79 1439 245 1472 νιζέσθωσαν
270 1441 315 1466 τὸν
343 1440 426 1468 καλὸν
454 1442 558 1476 ἀγῶνα.
574 1443 628 1469 Καὶ
647 1443 700 1478 γὰρ
714 1444 737 1469 εί
751 1444 780 1470 τὸ
794 1444 865 1479 ἔχειν

82 1486 192 1512 παλαιὸν
215 1485 330 1512 πλοῦτον
354 1487 562 1523 ἀναγκαιότερον
582 1485 726 1522 ἐγίνωσκεν
741 1490 808 1525 πρὸς
823 1499 865 1516 τε-

81 1530 185 1557 λείωσιν
199 1532 213 1558 ὁ
230 1530 310 1563 αὐτὸς
331 1532 556 1564 ’Δπόστολος,οὐκ
572 1533 604 1560 ἂν
617 1534 800 1570 κατεφρόνησε
816 1535 865 1570 τῆς

81 1576 190 1612 πρώτης
215 1576 300 1604 αὐτοῦ
325 1577 416 1610 ἀξίας·
444 1579 577 1614 ἐπίσημον
603 1579 658 1614 γὰρ
681 1580 753 1614 λέγει
771 1581 866 1607 ἑαυτὸν
881 1576 900 1592 ¹¹

80 1622 228 1656 γεγονέναι,
242 1624 289 1649 καὶ
306 1623 416 1659 πολίτην
433 1624 583 1659 Ῥωμαίων,
599 1625 654 1650 Καὶ
670 1626 694 1656 οἱ
708 1625 735 1652 ἐν
752 1625 865 1661 Ἱεροσο-

80 1668 173 1704 λύμοις
188 1670 227 1701 δὲ,
245 1669 343 1701 οἵτινες
357 1670 475 1696 ἐπώλουν
488 1670 536 1702 τὰς
547 1670 633 1702 οἰκίας
648 1670 735 1696 αὐτῶν
750 1671 866 1702 καὶτοὺς

82 1716 190 1752 ἀγροὺς,
199 1717 250 1744 καὶ
260 1716 382 1743 ἐτίθεσαν
395 1717 469 1753 παρὰ
476 1718 537 1749 τοὺς
547 1717 628 1749 πόδας
637 1717 689 1744 τῶν
700 1717 865 1749 ἀποστόλων,

81 1763 129 1789 οὐκ
145 1763 177 1790 ἂν
193 1763 275 1790 τοῦτο
291 1763 437 1798 ἔπραττον,
461 1764 486 1790 εί
507 1764 695 1799 κεκρυμμένον
720 1764 866 1797 ἐγίνωσκον

80 1809 131 1836 ὑπὸ
145 1809 198 1836 τῶν
210 1809 370 1837 ἀποστόλων
382 1809 584 1845 μακαριώτερον
596 1808 673 1842 εἶναι,
682 1810 711 1836 τὺ
725 1811 780 1842 τοῖς
793 1810 865 1842 ἰδίοις

81 1855 199 1890 χρήμασι
214 1854 364 1890 τρέφεσθαι
382 1855 428 1881 καὶ
443 1856 480 1890 μὴ
499 1856 614 1891 καμάτῳ
632 1857 688 1892 ἰδίῳ
701 1857 747 1883 καὶ
761 1858 794 1893 τῇ
811 1857 865 1884 τῶν

81 1901 175 1936 χειρῶν
192 1900 321 1937 ἐργασίᾳ.
335 1900 502 1937 Σαφέστερον
516 1901 544 1927 δέ
558 1901 676 1928 διδάσκει
692 1903 754 1937 περὶ
772 1903 865 1929 τούτου

80 1949 94 1974 ὁ
101 1949 247 1985 εἰρημένος
263 1948 430 1980 ’Δπόστολος,
441 1950 469 1976 ἐν
479 1946 518 1981 οἷς
527 1950 626 1985 γράφει
641 1950 785 1985 Ῥωμαίοις
792 1951 864 1977 τάδε·

83 2002 92 2017 ι
103 1993 168 2020 Νυνὶ
181 1993 209 2020 δὲ
223 1993 378 2028 πορεύομαι
393 1994 432 2025 είς
449 1993 621 2030 Ἱεροσόλυμα
636 1995 792 2030 διακονῆσαι
811 1997 866 2027 τοῖς

80 2038 173 2072 ἁγίοις.
196 2039 362 2074 Ηὺδόκησαν
384 2039 437 2076 γὰρ
459 2040 610 2067 Μακεδονία
633 2041 679 2067 καὶ
697 2041 791 2076 Ἀχαΐα
810 2050 867 2067 κοι-

80 2083 172 2110 νωνίαν
187 2084 254 2111 τινὰ
270 2083 431 2119 ποιήσασθαι
452 2086 491 2116 είς
505 2086 567 2117 τοὺς
584 2086 706 2120 πτωχοὺς
719 2086 772 2112 τῶν
783 2087 868 2120 ἁγίων

79 2130 131 2155 τῶν
145 2131 172 2157 ἐν
191 2131 381 2167 Ἰερουσαλήμ.
411 2140 420 2156 ι
443 2127 525 2162 Οὗτος
541 2131 569 2157 δὲ
589 2131 707 2166 δέσμιος,
719 2132 765 2158 καὶ
784 2132 868 2167 φυλα-

82 2176 141 2206 καῖς
156 2175 299 2207 πολλάκις,
313 2175 360 2201 καί¹
373 2175 412 2210 τῷ
431 2175 543 2211 σκυλμῷ
564 2177 613 2210 τῆς
637 2176 789 2212 ὁδοιπορίας
803 2177 867 2203 ὑπο-

83 2218 199 2255 ϐληθείς,
217 2221 266 2247 καὶ
297 2219 509 2256 ἐμποδιζόμενος
535 2222 567 2248 ἐκ
589 2221 694 2253 τούτου,
712 2222 749 2253 ὠς
766 2221 865 2254 εἰώθει,

83 2266 139 2296 ταῖς
162 2265 239 2298 ἰδίαις
268 2266 346 2302 χερσὶ
370 2266 561 2302 προσπορίζειν
588 2266 676 2302 ἑαυτῷ
697 2267 745 2299 τὰς
764 2267 866 2303 χρείας,

83 2309 181 2343 ταύτας
205 2311 346 2346 εἰληφέναι
361 2312 481 2338 διδάσκει
501 2311 575 2346 παρὰ
594 2312 648 2339 τῶν
667 2312 799 2346 ἀδελφῶν,
813 2312 868 2338 τῶν

84 2357 136 2384 ἀπὸ
150 2359 318 2391 Μακεδονίας
333 2359 400 2395 πρὸς
413 2359 492 2386 αὐτὸν
507 2359 637 2386 ἐλθόντοιν
651 2359 776 2394 φάσκων·
796 2368 806 2385 ί
832 2359 868 2385 Τὸ

85 2401 136 2437 γὰρ
152 2403 294 2440 ὑστέρημά
311 2413 360 2440 μου
376 2405 569 2440 ἀνεπλήρωσαν
582 2405 607 2430 οἱ
622 2404 729 2438 ἀδελφοὶ
748 2403 868 2435 ἐλθόντες

85 2444 136 2470 ἀπὺ
150 2446 331 2478 Μακεδονίας·
350 2456 358 2472 ι
372 2446 418 2473 καὶ
428 2447 625 2482 Φιλιππησίοις·
640 2456 649 2470 ‹
669 2447 728 2472 Ὅτι
744 2447 772 2473 ἐν
797 2446 866 2481 ἀρχῇ

87 2487 130 2514 τοῦ
143 2489 306 2524 Εὑαγγελίου
323 2490 473 2524 ἐξελθόντος
486 2499 535 2526 μου
548 2491 602 2517 ἀπὸ
619 2490 785 2521 Μακεδονίας
795 2490 868 2516 οὐδε-

90 2532 150 2566 μίαν
171 2533 333 2570 Ἐκκλησίαν
345 2534 521 2570 ἐκοινώνησεν
536 2536 575 2567 είς
589 2535 666 2569 λόγον
677 2535 776 2566 δόσεως
790 2535 806 2570 ἢ
822 2535 868 2570 λή-

86 2577 167 2611 ψεως,
182 2580 206 2605 εί
222 2581 259 2615 μὴ
274 2581 352 2615 ὑμεῖς
365 2581 452 2616 μόνον
466 2581 506 2607 ὅτι
521 2581 568 2607 καὶ
584 2581 612 2606 ἐν
626 2579 809 2616 Θεσσαλονίκῃ
821 2579 868 2605 καὶ

87 2622 158 2655 imi
172 2625 218 2650 καὶ
237 2625 277 2657 δὶς
296 2626 433 2661 ἐπέμψατέ
451 2635 494 2659 μοι
508 2626 557 2661 τὴν
575 2626 678 2660 χρείαν.
698 2635 707 2651 ι
727 2626 871 2651 ’Ἔστωσαν-

885 890 902 916 Β

885 2242 905 2268 D

918 261 1016 289 bellum
1033 261 1232 297 procedendum
1245 269 1321 294 esse;
1336 269 1369 288 ue
1383 260 1452 288 forte
1463 267 1495 287 ex
1509 260 1582 287 molli
1595 263 1622 287 et
1635 267 1698 287 cor-

917 311 998 342 rupto
1020 308 1096 334 initio
1110 307 1178 334 alios
1191 308 1224 334 ab
1237 306 1397 342 Evangelica
1413 305 1578 341 perfectione
1589 310 1696 332 averta-

917 360 989 379 mus.
1008 351 1063 387 (98)
1080 352 1303 387 Quandoquidem
1315 359 1380 378 vero
1392 351 1456 378 illud
1470 350 1554 385 probe
1573 350 1601 376 in
1622 348 1696 376 Scri-

917 402 995 432 ptura
1010 397 1111 424 dictum
1125 407 1131 424 :
1145 406 1154 423 ι
1166 397 1276 424 Beatius
1284 402 1325 424 est
1337 397 1400 423 dare
1411 403 1491 431 quam
1503 395 1624 430 accipere
1636 394 1669 426 ⁸⁸,
1685 404 1694 419 ι

917 443 987 470 male
1000 443 1109 478 quidam
1124 443 1346 478 interpretantur,
1357 442 1465 477 vimque
1476 442 1570 468 litterte
1584 441 1696 473 faciunt,

918 492 999 524 atque
1013 489 1046 515 ad
1065 489 1201 523 propriam
1217 488 1337 515 fraudem
1358 491 1384 514 et
1401 487 1432 514 ad
1453 486 1573 522 pecuniae
1595 493 1697 512 concu-

917 534 1077 568 piscentiam
1096 534 1159 561 dicti
1176 534 1336 565 sententiam
1352 533 1431 568 322
1447 533 1616 567 detorquent,
1632 539 1697 557 uec-

917 585 971 605 non
997 578 1103 605 Domini
1121 578 1284 608 doctrinam,
1303 585 1362 612 qua:
1388 577 1428 603 sic
1455 576 1536 603 habet
1553 585 1559 602 :
1581 585 1591 600 ι
1610 575 1637 601 Si
1655 575 1697 602 vis

918 625 1056 661 perfectus
1070 633 1140 657 esse,
1159 624 1245 652 vende
1258 624 1347 651 omnia
1365 631 1424 658 quae
1438 622 1521 649 habes
1537 626 1562 648 et
1580 620 1613 647 da
1631 628 1696 655 puu-

918 672 1040 707 perihus,
1054 675 1080 698 et
1093 670 1205 698 habebis
1217 670 1372 697 thesaurum
1389 669 1414 695 in
1430 668 1510 700 cmlo,
1523 671 1550 695 et
1561 666 1633 697 veni.
1652 674 1697 693 se-

917 725 1001 752 quere
1023 724 1065 744 me
1080 717 1104 732 "
1120 725 1126 743 :
1145 726 1154 742 ι
1174 719 1201 743 et
1221 715 1343 750 jndicant
1362 714 1516 741 divitiarum
1539 712 1694 738 facultatem

918 766 1077 797 paupertate
1101 761 1248 788 feliciOrem
1277 768 1347 791 esse.
1369 767 1452 794 seque
1479 766 1512 786 ex
1540 756 1696 792 huiusmodi

919 807 1086 834 abundantia
1101 814 1181 841 posse
1204 806 1389 841 indigentibus
1404 804 1514 840 largiri;
1539 803 1627 830 sciant
1644 802 1696 828 hu-

916 850 1036 885 jusmodi
1059 851 1183 877 homines
1207 857 1237 877 se
1260 849 1381 876 nondum
1399 849 1500 876 mundo
1515 846 1696 877 renuntiasse,

919 904 1005 931 neque
1022 896 1160 923 ambulare
1182 896 1210 922 in
1234 895 1384 922 monastica
1413 888 1588 929 perfbctione,
1608 898 1697 927 quan-

919 942 965 969 diu
980 942 1144 969 erubescunt
1156 940 1324 976 protlhristo
1339 940 1482 975 gloriosam
1498 945 1558 966 cum
1575 936 1697 972 apostolo

919 994 1059 1014 assumere
1080 989 1275 1021 paupertatem,
1297 990 1377 1020 atque
1397 993 1428 1011 ex
1455 991 1536 1018 opere
1566 989 1696 1009 tuanuum

919 1033 969 1059 sibi
993 1032 1139 1067 cgenisque
1156 1032 1310 1059 subvenire.
1330 1030 1406 1063 Quod
1425 1030 1447 1057 si
1463 1028 1617 1056 desiderent
1636 1033 1696 1053 mo-

919 1079 1051 1105 nasticam
1077 1086 1158 1113 opere
1184 1078 1320 1112 complere
1344 1076 1561 1111 promissionem,
1585 1077 1613 1100 et
1633 1079 1695 1099 cum

918 1124 1048 1159 Apostoio
1061 1124 1173 1159 gloriam
1185 1125 1317 1158 accipere,
1332 1122 1488 1150 distributis
1504 1119 1641 1147 veteribus
1655 1118 1696 1145 di-

917 1171 1003 1202 vitiis.
1014 1171 1042 1198 in
1056 1169 1136 1202 fame,
1150 1169 1194 1198 siti
1207 1174 1232 1197 et
1246 1168 1378 1202 nuditate,
1389 1175 1449 1195 cum
1466 1167 1549 1193 Paulo
1560 1166 1698 1193 decertant

919 1218 1020 1245 bonum
1037 1220 1174 1244 certamen
1190 1215 1222 1242 "’.
1245 1215 1300 1250 (99)
1313 1215 1379 1242 Nam
1396 1214 1418 1242 si
1440 1213 1474 1240 ad
1492 1211 1696 1248 perfectionem,

918 1262 1101 1290 necessariam
1116 1265 1268 1296 reputasset
1284 1261 1341 1295 ipse
1357 1259 1502 1295 Apostolus
1518 1262 1641 1285 veterum
1652 1256 1696 1283 di-

917 1309 1043 1335 vitiarum
1062 1307 1279 1343 possessionem,
1306 1306 1422 1340 priorem
1449 1311 1524 1332 suam
1540 1303 1696 1338 dignitatem

923 1354 1035 1381 minime
1050 1353 1219 1387 despexissct
1238 1361 1244 1378 :
1261 1360 1290 1379 se
1307 1351 1406 1386 quippe
1423 1351 1553 1377 illustrem
1570 1353 1597 1375 et
1610 1347 1697 1374 civem

919 1399 1003 1426 fuisse
1016 1397 1166 1425 Romanum
1183 1401 1299 1424 testatur
1313 1398 1359 1424 ⁵⁷·.
1376 1396 1426 1429 Qui
1443 1400 1531 1422 autent
1546 1393 1698 1428 Hierosoly-

919 1453 969 1472 mae
983 1445 1079 1471 domos
1094 1444 1246 1472 vendebant
1265 1447 1291 1471 et
1307 1443 1405 1478 praedia
1430 1450 1489 1473 sua,
1512 1445 1539 1468 ct
1565 1441 1597 1467 ad
1616 1440 1698 1474 pedes

919 1489 1102 1522 apostolorum
1119 1489 1289 1523 deponebant
1302 1489 1335 1520 ⁵⁸,
1351 1495 1519 1523 nequaquam
1540 1486 1605 1513 illud
1626 1486 1699 1520 egis-

919 1537 991 1566 sent,
1008 1534 1030 1562 si
1058 1528 1182 1566 nossent,
1198 1534 1334 1561 :estimare
1353 1534 1491 1569 apostolos
1517 1531 1622 1559 felicius
1636 1538 1698 1558 esse

920 1579 1041 1613 pecuniis
1061 1581 1118 1607 suis
1135 1581 1181 1612 ali,
1197 1587 1278 1615 quam
1294 1579 1385 1606 labore
1400 1577 1508 1613 proprio
1524 1581 1550 1604 et
1569 1583 1696 1603 manuum

919 1631 1009 1658 opere.
1023 1624 1164 1659 Liquidius
1186 1628 1274 1651 autem
1298 1631 1356 1651 eam
1378 1631 1435 1651 rem
1459 1622 1539 1649 docet
1554 1621 1697 1656 Apostolus

919 1668 946 1695 in
964 1676 1012 1696 sua
1030 1669 1062 1696 ad
1079 1669 1215 1696 Romanos
1231 1669 1352 1704 Epistola
1369 1677 1376 1694 :
1393 1677 1401 1693 ι
1418 1668 1496 1695 Nunc
1510 1671 1599 1694 autem
1614 1666 1698 1701 proﬁ-

919 1714 1008 1741 ciscar
1025 1715 1051 1741 in
1067 1713 1227 1745 Jerusalem,
1255 1714 1411 1741 ministrare
1425 1713 1538 1740 sanctis.
1562 1711 1698 1739 Probave-

920 1765 983 1786 ruut
1003 1761 1074 1787 enim
1101 1759 1256 1787 Macedonia
1278 1763 1304 1786 et
1322 1759 1423 1787 Achaia
1436 1778 1443 1790 ,
1463 1759 1633 1786 collationem
1649 1758 1699 1784 ali-

919 1813 999 1840 quam
1016 1805 1105 1833 facere
1132 1806 1158 1832 in
1182 1812 1314 1840 pauperes
1336 1809 1503 1834 sanctorum.
1523 1804 1569 1838 qui
1585 1807 1649 1830 sunt
1671 1803 1698 1830 in

918 1849 1066 1878 Jerusalem
1081 1851 1114 1877 ".
1136 1859 1145 1875 ›
1172 1849 1232 1884 lpse
1261 1854 1350 1876 autem
1369 1849 1478 1877 vinctus
1498 1849 1657 1883 plerumque
1672 1851 1699 1875 et

919 1895 947 1922 in
959 1895 1125 1928 carceribus,
1141 1895 1299 1930 itinerisque
1311 1894 1490 1922 incommodis
1504 1893 1640 1924 subditus,
1658 1896 1700 1920 at-

919 1948 971 1975 que
985 1948 1017 1968 eo
1034 1941 1188 1975 impeditus,
1200 1948 1243 1972 ne,
1260 1941 1299 1967 uti
1316 1940 1428 1972 solebat,
1444 1940 1561 1980 propriis
1574 1939 1700 1966 manibus

919 1986 1074 2014 necessaria
1092 1985 1142 2013 sibi
1167 1992 1285 2021 pararet,
1303 1993 1334 2013 ea
1359 1994 1388 2014 se
1411 1986 1548 2020 accepisse
1564 1985 1644 2013 docet
1665 1985 1700 2012 ab

920 2033 954 2060 iis
965 2033 1010 2068 qui
1027 2040 1042 2060 e
1056 2032 1212 2060 Macedonia
1226 2036 1305 2059 erant
1323 2031 1464 2064 fratribus,
1479 2032 1580 2066 quique
1591 2039 1619 2059 se
1634 2038 1700 2058 con-

919 2081 1060 2111 venerant,
1080 2078 1156 2105 aiens
1175 2088 1181 2106 :
1201 2088 1210 2104 ι
1229 2077 1295 2105 Nam
1312 2077 1384 2113 quod
1404 2077 1470 2104 mihi
1485 2077 1578 2104 deerat
1590 2077 1700 2111 supple-

919 2127 1016 2150 verunt
1038 2123 1136 2150 fratres
1154 2123 1199 2158 qui
1218 2126 1350 2149 venerunt
1374 2130 1388 2148 a
1412 2122 1567 2149 Macedonia
1583 2122 1615 2147 ‘°.
1636 2131 1645 2147 ι
1667 2121 1701 2148 Ει

920 2168 953 2194 ad
970 2168 1176 2203 Philippenses:
1193 2177 1201 2193 ι
1213 2167 1290 2200 Quod
1301 2168 1327 2194 in
1339 2167 1471 2202 principio
1487 2166 1622 2201 Evangelii
1637 2173 1700 2193 cum

919 2215 994 2241 nulla
1010 2213 1130 2241 Ecclesia
1145 2213 1343 2241 communicavi
1356 2212 1382 2239 in
1398 2213 1503 2239 ratione
1522 2212 1577 2238 dati
1595 2215 1641 2238 aut
1656 2218 1700 2238 ac-

921 2260 1004 2295 cepti,
1020 2259 1073 2287 nisi
1088 2260 1229 2287 vobiscum
1250 2259 1317 2286 solis
1336 2268 1342 2285 ε
1363 2258 1426 2293 quia
1449 2261 1475 2284 et
1501 2257 1702 2284 Thessalonica

921 2305 1005 2333 semel
1019 2309 1045 2333 et
1056 2305 1099 2333 bis
1112 2306 1138 2332 iu
1158 2313 1237 2332 usum
1256 2305 1321 2331 mihi
1345 2304 1434 2331 fuistis
1448 2303 1480 2330 ".
1500 2313 1509 2328 )
1528 2303 1589 2330 Sint
1610 2305 1702 2337 itaque

920 2351 1005 2383 avari,
1017 2351 1094 2386 juxta
1111 2357 1188 2378 suam
1208 2350 1381 2381 sententiam,
1401 2349 1530 2384 Apostolo
1542 2349 1676 2376 beatiores
1693 2358 1700 2375 :

920 2396 1140 2432 quandoquidem
1156 2396 1223 2430 ipsis
1237 2403 1269 2422 ex
1281 2395 1391 2430 propria
1403 2395 1566 2427 substantia,
1575 2401 1635 2428 quae
1649 2394 1700 2421 sibi

921 2442 1076 2470 necessaria
1093 2445 1167 2473 sunt,
1187 2441 1406 2476 suppeditantur.
1429 2439 1480 2467 Sed
1502 2446 1582 2466 nemo
1602 2439 1653 2466 nisi
1673 2439 1702 2466 in

921 2493 1069 2515 extremam
1085 2487 1216 2515 deciderit
1240 2487 1385 2513 amentiam
1413 2485 1440 2512 id
1469 2485 1592 2520 proferre
1617 2491 1703 2512 ausus

921 2533 1013 2561 fuerit.
1031 2533 1070 2569 (l)
1092 2532 1121 2560 Si
1136 2533 1263 2560 volumus
1285 2532 1379 2567 itaque
1398 2531 1582 2566 evangelicum
1596 2534 1623 2557 et
1637 2538 1704 2565 apo.

921 2580 1047 2606 stolicum
1067 2579 1143 2614 sequi
1161 2583 1338 2614 prmccptum,
1351 2582 1432 2613 atque
1454 2578 1606 2605 universam
1621 2583 1703 2611 supra

921 2625 1059 2660 apostolos
1074 2625 1108 2652 ab
1123 2625 1200 2652 initio
1214 2624 1352 2651 fundatam
1367 2623 1532 2657 Ecclesiam;
1548 2631 1583 2651 ne
1597 2622 1704 2658 opinio-

123 2730 146 2746 "
160 2731 218 2773 Atil.
235 2741 280 2773 x1,
295 2734 355 2773 _5_5.__
381 2735 403 2750 ⁸⁸
425 2734 516 2773 Matth.
545 2735 670 2773 δίῃ-21.
709 2735 732 2751 ν’
751 2735 771 2762 ΙΙ

925 2757 933 2769 ,
952 2737 976 2763 7.
1016 2737 1049 2752 ⁵⁷·
1069 2737 1129 2764 Act.
1147 2745 1201 2764 nu
1215 2757 1221 2769 ,
1239 2737 1285 2764 25.
1321 2738 1344 2754 "
1364 2738 1424 2764 Act.
1442 2743 1478 2769 tv,
1496 2735 1542 2764 35.
1579 2735 1603 2752 ¹⁹
1620 2733 1701 2764 Rom.

88 2771 130 2794 ιν,
165 2762 208 2793 25.

123 2824 175 2855 (98)
194 2823 259 2852 Ibid.
278 2836 302 2856 ο,
318 2828 360 2854 ιδ,

122 2859 174 2894 tua)
193 2858 260 2888 una.
274 2871 299 2892 ο,
317 2863 359 2890 ιτ.

253 2768 276 2784 ⁸ο
295 2768 316 2795 ll
335 2768 398 2799 Cor.
417 2777 461 2802 ιι,
482 2770 508 2798 9.
551 2771 570 2786 “
589 2769 708 2804 Philipp.
726 2779 761 2803 IV,
785 2771 817 2797 l5

957 2830 994 2864 (ι)
1010 2829 1076 2858 Ibid.
1092 2838 1116 2858 c.
1136 2830 1176 2857 l8.
