1940 3068
223 124 275 152 887

779 125 807 153 S.
828 125 1059 154 ATHANASIUS.
1080 126 1232 155 —DUBIA

1777 125 1835 153 888

224 181 304 209 nibus
325 182 427 209 nostris
444 181 674 216 obtemperemus.
702 189 753 208 nec
777 189 808 209 ea
837 190 897 217 quae
917 183 1000 217 probe

1060 183 1138 209 :civuv
1163 183 1232 210 κατὰ
1251 183 1299 218 τὴν
1318 183 1429 218 γνώμην
1443 183 1496 209 τῶν
1513 182 1685 218 φιλαργύρων
1701 182 1748 209 καὶ
1759 179 1836 208 οὗτοι

224 229 296 254 dicta
323 232 387 254 sunt
415 235 555 262 perperam
583 227 775 263 intelligamus,
802 235 834 256 ac
861 229 1002 263 repudiato

225 273 315 308 tepido
327 273 373 300 illo
387 277 468 308 atque
480 273 620 301 incredulo
631 274 712 301 animi
725 275 832 305 aﬂcctu,
846 280 1003 302 accuratum

226 319 361 354 Evangelii
388 320 506 347 studium
526 328 714 355 assequamur.
736 320 773 347 Ea
787 321 887 356 quippe
902 322 1004 349 ratione

225 367 375 394 valebimus
407 372 563 394 sanctorum
594 367 703 394 Patrum
727 368 855 403 subsequi
879 368 1002 403 vestigia,

226 417 306 447 atque
317 420 332 438 a
346 413 463 439 ccenobii
481 413 593 440 scientia
607 417 633 439 et
645 413 769 440 instituto
786 421 923 448 nunquam
941 414 1002 441 abs-

225 459 338 491 cedere,
357 459 476 492 itemque
502 466 595 486 revera
618 459 682 486 huic
710 459 810 486 mundo
838 459 1003 486 renuntiare.

226 504 263 539 (2)
276 504 370 539 Operae
385 509 474 532 autent
488 505 602 539 pretium
613 504 694 532 fuerit
705 505 756 532 hoc
771 505 830 532 loco
848 509 1003 532 sanctorum

225 550 333 577 Patrum
348 551 419 577 dicta
434 558 593 578 memorare.
610 550 707 578 Fertur
723 551 814 586 itaque
829 551 914 578 sancti
931 551 1005 578 Basi-

226 597 253 623 lii
269 597 388 631 episcopi
404 597 533 623 Caasarete
557 596 735 631 Cappadocia:
752 604 841 624 sermo
857 597 890 623 ad
911 604 1005 631 quem-

225 644 287 669 dam
308 643 472 670 senatorium
485 642 582 675 virum,
597 643 641 676 qui
657 643 746 677 tepide
756 642 856 669 mundo
868 643 1004 670 abrenun-

225 689 313 719 tiavit,
331 691 357 715 ct
371 687 417 722 qui
433 695 466 714 ex
484 687 606 722 pecuniis
622 688 679 715 suis
694 687 830 722 quidpiam
849 687 1004 718 reservavit,

225 733 329 760 dictum
358 732 491 767 ejusmodi
517 742 522 759 ε
554 732 586 758 Εῑ
612 733 778 760 senatorium
804 732 953 767 perdidisti,
979 737 1006 759 et

227 777 388 805 monachum
404 786 457 804 non
470 777 567 805 fecisti.
581 778 618 812 (5)
634 777 745 813 Oportet
759 778 841 813 igitur
850 778 925 805 omni
940 785 1005 805 cura

226 830 258 849 εκ
275 827 367 850 nostra
384 823 543 849 exscindere
558 822 648 849 anima
663 822 781 849 radicem
796 830 827 849 ac
844 821 1005 856 principium

227 868 360 894 malorum
378 868 510 899 omnium,
526 868 668 894 avaritiam
685 867 789 894 scilicet
805 867 1007 902 :comperlissi-

227 920 299 939 mum
316 913 454 946 habentes,
465 916 590 939 manente
601 911 690 938 radice
702 919 791 939 ramos
805 912 946 946 pullulare,
957 911 1008 938 dif-

227 957 349 991 ﬂcileque
368 964 428 984 esse
449 957 576 984 virtutem
597 963 732 987 exercere.
758 956 810 983 nisi
835 956 861 982 in
884 957 1008 983 coenobio

227 1004 357 1038 degamus
372 1012 378 1029 :
395 1003 422 1029 in
441 1003 499 1037 ipso
514 1003 585 1029 enim
600 1003 679 1030 etiam
696 1002 729 1030 de
746 1003 907 1030 necessariis
927 1002 1007 1030 rebus

227 1049 295 1076 nihil
312 1057 450 1077 curamus.
472 1049 583 1076 Ananim
607 1052 634 1076 et
653 1048 791 1083 Sapphirze
807 1047 1007 1074 damnationem

227 1104 282 1131 prae.
309 1097 396 1123 oculis
419 1095 549 1122 habentes
577 1096 610 1127 ",
641 1095 800 1122 horreamus
825 1094 858 1121 de
888 1094 1008 1129 antiquis

229 1142 405 1169 facultatibus
428 1141 566 1176 quidpiam
595 1141 674 1168 nobis
699 1147 849 1167 reservare.
880 1139 1009 1167 Similiter

228 1186 302 1214 Giezi
317 1186 468 1220 exemplum
482 1185 720 1220 pertimescamus.
735 1185 780 1218 qui
793 1184 913 1210 avaritia:
926 1191 1008 1211 causa

228 1236 336 1259 aeternae
358 1232 437 1266 lepra:
460 1231 575 1258 traditus
589 1235 630 1258 est
650 1231 683 1258 ".
698 1229 848 1257 Caveamus
871 1237 905 1257 ne
928 1229 1008 1256 nobis

230 1279 343 1312 hujusce
356 1279 416 1304 vita:
428 1279 556 1312 pecunias
568 1277 780 1306 accumulemus,
793 1283 861 1310 quas
871 1283 903 1302 ne
918 1275 944 1302 in
958 1276 1009 1302 hoc

229 1325 338 1360 quidem
359 1323 460 1350 tnundo
478 1323 657 1358 possedimus.
673 1321 828 1348 Timr-alnus
846 1322 948 1353 itidem,
962 1320 1009 1347 Ju-

229 1371 291 1398 datu
302 1371 395 1405 laqueo
404 1372 559 1403 pereuntem
570 1367 711 1394 nobiscum
722 1370 886 1401 reputantes,
894 1374 927 1393 ne
935 1365 1010 1400 quid-

230 1417 301 1452 piam
311 1423 448 1442 servemus
457 1414 532 1441 exiis
541 1413 667 1440 omnibus
677 1413 774 1447 quibus
783 1419 843 1438 cum
854 1415 1007 1445 contemptu

230 1461 454 1488 renuntiavimus.
472 1460 509 1486 All
530 1461 586 1486 hac
612 1458 703 1485 omnia
734 1457 814 1492 323
842 1464 897 1492 prae
921 1456 1009 1484 oculis

230 1513 336 1542 semper
350 1507 479 1533 habentes
492 1505 586 1532 mortis
601 1504 731 1531 incertam
747 1503 851 1532 horam,
866 1509 1009 1529 caveamus

230 1562 275 1585 ne,
294 1560 346 1588 qua
361 1552 426 1578 hora
451 1559 505 1578 non
529 1554 667 1585 putamuS,
683 1549 773 1576 veniat
788 1547 928 1578 Dominus,
945 1555 1010 1574 con-

231 1599 426 1633 scientiamque
440 1602 561 1623 nostram
577 1595 695 1622 inveniat
711 1594 823 1621 avaritia
837 1594 1008 1624 maculatam,

231 1645 355 1679 dicatque
380 1642 457 1670 nobis
479 1641 544 1668 illud
561 1640 633 1675 quod
649 1640 724 1666 diviti
749 1639 788 1666 illi
817 1639 843 1665 in
867 1639 1010 1674 Evangelio

232 1691 334 1718 dictum
350 1693 392 1716 est
411 1697 417 1715 :
435 1697 444 1712 ι
463 1686 558 1718 Stulte,
576 1686 627 1713 hac
639 1689 718 1712 nocte
735 1692 749 1711 a
766 1690 791 1711 te
809 1688 933 1719 repetunt
952 1684 1011 1711 ani-

232 1744 303 1764 mam
328 1740 412 1766 tuam,
430 1741 489 1768 quae
509 1737 597 1759 autem
616 1731 717 1766 parasti
737 1730 815 1765 cujus
829 1730 961 1757 erunt“?
979 1740 989 1756 ι

1022 856 1041 882 Β

1053 228 1251 265 μακαριώτεροι
1276 228 1321 255 τοῦ
1346 228 1516 260 Ἀποστόλου,
1540 228 1630 264 ἐπειδὴ
1651 227 1747 254 ἐκτῶν
1760 227 1837 258 ἰδίων

1053 275 1223 301 ὺποστάσεων
1240 276 1364 310 ἐχορήγει
1378 275 1469 305 αὐτοῖς
1489 275 1548 305 ταῖς
1562 274 1676 308 χρείαις.
1701 273 1768 299 ’Λλλ¹
1782 273 1838 300 οὐκ

1052 321 1084 347 ειν
1094 329 1135 352 τις
1146 321 1185 352 είς
1197 321 1311 355 ἐσχάτην
1326 321 1415 348 ἄνοιαν
1427 318 1508 346 ἐλθὼν
1520 320 1604 345 εἰπεῖν
1613 319 1732 354 τολμήσῃ
1743 318 1835 346 τοῦτο.

1053 366 1084 392 El
1098 366 1186 392 τοίνυν
1201 366 1348 401 βουλόμεθα
1364 366 1402 401 τῷ
1416 365 1583 400 εὐαγγελικῴ
1601 364 1647 390 καὶ
1664 364 1838 399 ἀποστολικῷ

1054 412 1252 447 προστάγματι,
1272 413 1318 439 καὶ
1335 412 1408 449 πάσῃ
1423 413 1512 448 ἐκείνῃ
1526 414 1558 447 τῇ
1577 411 1606 444 ἐξ
1619 411 1704 446 ἀρχῆς
1719 411 1764 437 ἐπὶ
1779 411 1838 436 τῶν

1053 459 1207 485 ἀποστόλων
1217 458 1408 496 θεμελιωθείσῃ
1426 458 1572 494 Ἐκκλησία
1584 457 1779 492 ἀκολουθῆσαι·
1797 457 1838 492 μὴ

1053 505 1112 535 ταῖς
1129 504 1274 540 ἡμετέραις
1290 504 1424 536 ὑπονοίαις
1434 503 1600 538 πειθώμεθα,
1617 503 1683 538 μηδὲ
1698 503 1731 529 τὰ
1745 502 1839 534 καλῶς

1054 551 1184 586 είρημένα
1207 551 1299 582 κακῶς
1325 550 1444 585 νοῶμεν·
1479 550 1535 576 ἀλλ’
1562 549 1759 585 ἀπορρίψαντες
1785 548 1838 583 τὴν

1054 596 1167 631 χλιαρὰν
1184 596 1230 622 καὶ
1245 596 1356 623 ἄπιστον
1370 595 1492 631 γνώμην,
1505 595 1680 630 ἀναλάϐωμεν
1694 595 1741 630 τὴν
1757 593 1839 629 ἀκρί-

1055 643 1128 668 δειαν
1152 641 1198 668 τοῦ
1220 641 1395 675 Εὐαγγελίου.
1418 641 1494 667 υῦτω
1518 641 1572 676 γὰρ
1596 639 1763 675 δυνησόμεθα
1789 640 1839 666 καὶ

1054 689 1109 719 τοῖς
1126 687 1180 714 τῶν
1199 687 1281 722 ἁγίων
1305 687 1434 723 Πατέρων
1453 687 1553 722 ῐχνεσιν
1576 685 1770 719 ἀκολουθῆσαι,
1789 685 1839 711 καὶ

1054 734 1102 768 τῆς
1128 734 1280 768 ἐπιστήμης
1302 732 1348 759 τοῦ
1371 732 1502 759 κοινοϐίου
1524 731 1654 767 μηδέποτε
1675 730 1838 764 ἀποστῆναι.

1056 780 1100 806 καὶ
1114 780 1143 806 ἐν
1159 779 1272 815 ἀληθείᾳ
1285 779 1467 811 ἀποτάξασθαι
1481 778 1566 812 τούτῳ
1577 777 1614 813 τῷ
1630 777 1732 812 κόσμῳ.
1746 775 1839 802 Καλὸν

1055 824 1083 850 δὲ
1096 824 1209 850 ἐνταῦθα
1225 825 1272 851 καὶ
1286 824 1364 858 λόγου
1386 825 1469 858 ἁγίων
1486 824 1612 858 Πατέρων
1626 821 1838 857 ἐπιμνησθῆναι.

1055 870 1167 905 Φέρεται
1189 870 1276 897 τοίνυν
1298 869 1344 896 τοῦ
1370 870 1448 903 ἁγίου
1471 869 1608 895 Βασιλείου
1626 868 1671 894 τοῦ
1690 867 1839 894 ἐπισκόπου

1056 916 1221 952 Καισαρείας
1240 916 1436 947 Καππαδοκίας
1451 915 1528 950 λόγος
1545 915 1612 950 πρός
1633 923 1691 941 τινα
1719 912 1840 947 συγκλη-

1056 961 1131 987 τικὸν
1160 961 1276 997 χλιαρῶς
1295 961 1508 997 ἀποταξάμενον,
1525 961 1570 987 καὶ
1595 958 1841 996 παρακατασχόντα

1056 1007 1115 1033 τινὰ
1131 1007 1184 1034 τῶν
1199 1007 1269 1034 ἰδίων
1280 1008 1439 1043 χρημάτων,
1454 1009 1529 1043 ῥῆμα
1545 1006 1664 1033 τοιοῦτον
1674 1014 1680 1020 ·
1697 1014 1705 1030 ι
1720 1005 1774 1031 Καὶ
1793 1003 1841 1030 τὸν

1058 1053 1234 1088 συγκλητικὸν
1251 1053 1401 1085 ἀπώλεσας,
1418 1054 1464 1079 καὶ
1479 1051 1591 1087 μοναχὸν
1607 1051 1655 1077 οὐκ
1673 1049 1812 1084 ἐποίησας.
1827 1057 1838 1074 ›

1057 1100 1115 1134 Χρὴ
1132 1099 1219 1125 τοίνυν
1235 1099 1307 1134 πάσῃ
1323 1099 1422 1134 σπουδῇ
1436 1098 1579 1125 ἐκκόπτειν
1599 1098 1629 1123 ὲκ
1642 1096 1690 1131 τῆς
1703 1095 1842 1131 ἡμετέρας

1056 1143 1145 1178 ψυχῆς
1158 1143 1207 1178 τὴν
1221 1143 1308 1178 ῥίζαν,
1319 1144 1364 1169 καὶ
1379 1143 1465 1179 ἀρχὴν
1476 1143 1581 1169 πάντων
1594 1142 1647 1168 τῶν
1663 1140 1766 1172 κακῶν,
1777 1140 1842 1175 ἥτις

1058 1190 1130 1225 ἐστιν
1151 1189 1166 1223 ή
1186 1189 1362 1224 φιλαργυρία⁸
1380 1188 1506 1223 ἀσφαλῶς
1521 1187 1711 1222 γινώσκοντας,
1724 1186 1774 1216 ὅτι,
1791 1194 1842 1220 με-

1057 1233 1153 1269 νούσης
1168 1234 1216 1268 τῆς
1241 1233 1326 1269 ῥίζης,
1349 1235 1373 1260 οί
1396 1234 1486 1261 κλάδοι
1501 1234 1622 1268 φύονται,
1635 1232 1683 1268 τὴν
1697 1233 1723 1259 δὲ
1740 1232 1842 1267 ἀρετὴν

1059 1277 1227 1313 κατορθῶσαι
1247 1278 1384 1309 δύσκολον,
1398 1280 1422 1305 ει
1445 1280 1482 1314 μὴ
1499 1280 1527 1305 ἐν
1550 1278 1673 1312 κοινοϐίῳ
1688 1278 1840 1311 διάγοντας.

1064 1323 1107 1348 Ἐν
1120 1321 1192 1357 αὐτῷ
1205 1322 1257 1358 γὰρ
1273 1324 1319 1350 καὶ
1333 1324 1395 1359 περὶ
1409 1323 1497 1350 αὐτῶν
1511 1323 1565 1350 τῶν
1577 1323 1729 1356 ἀναγκαίων
1741 1322 1842 1357 χρειῶν

1059 1369 1290 1404 περιφρονοῦμεν.
1304 1370 1359 1404 Τὴν
1377 1370 1537 1405 κατάκρισιν
1561 1369 1679 1396 ’Λνανίου
1703 1370 1747 1395 καὶ
1767 1369 1842 1395 Σαπ-

1059 1413 1155 1449 φείρης
1171 1415 1222 1448 πρὸ
1235 1415 1380 1450 ὀφθαλμῶν
1390 1415 1506 1451 ἔχοντες,
1525 1415 1661 1450 φρίξωμεν
1674 1414 1843 1449 καταλιμπά-

1059 1467 1114 1484 νειν
1129 1459 1232 1491 ἑαυτοῖς
1244 1461 1268 1486 τί
1279 1469 1343 1486 ποτε
1355 1461 1402 1496 τῆς
1416 1461 1530 1493 παλαιᾶς
1544 1461 1709 1496 περιουσίας.
1727 1460 1842 1495 Ὁμοίως

1060 1503 1104 1529 τοῦ
1127 1504 1206 1539 Γιεζῆ
1233 1505 1393 1541 φοϐηθέντες
1417 1507 1447 1533 τὸ
1471 1507 1644 1542 παράδειγμα
1668 1506 1714 1533 τοῦ
1731 1506 1776 1532 διὰ
1791 1506 1842 1541 τὴν

1061 1549 1240 1586 φιλαργυρίαν
1261 1552 1356 1587 αἱωνίᾳ
1379 1552 1466 1588 λέπρα
1495 1553 1698 1587 παραδοθέντος,
1718 1552 1842 1586 φυλαξὼ-

1062 1595 1130 1629 μεθα
1143 1596 1328 1632 συναθροίζειν
1336 1599 1440 1630 ἑαυτοῖς
1451 1598 1495 1624 τοῦ
1507 1598 1563 1633 βίου
1571 1599 1603 1624 τὰ
1618 1599 1753 1634 χρήματα.
1768 1598 1842 1633 ἅπερ

1059 1641 1117 1667 οὐδὲ
1131 1643 1158 1668 ὲν
1171 1642 1209 1677 τῷ
1222 1643 1314 1677 κόσμῳ
1325 1643 1442 1678 εἴχομεν.
1457 1644 1517 1670 Ἔτι
1531 1652 1561 1677 γε
1578 1644 1629 1679 μὴν
1640 1644 1688 1679 τὴν
1698 1642 1743 1669 τοῦ
1757 1643 1842 1669 Ἰούδα

1059 1685 1224 1722 λογιζόμενοι
1240 1689 1272 1715 δι’
1284 1690 1400 1725 ἀγχόνης
1415 1690 1550 1725 τελευτὴν,
1563 1690 1723 1726 φοϐηθῶμέν
1735 1699 1761 1716 τι
1773 1690 1842 1715 ποτὲ

1059 1733 1112 1758 ἀπὸ
1126 1733 1231 1760 πάντων
1242 1731 1279 1761 ὧν
1290 1736 1502 1771 ἀποτασσόμενοι
1512 1737 1760 1771 κατεφρονήσαμεν.
1780 1735 1843 1761 Ἐπὶ

232 1786 298 1812 πᾶσι
318 1784 420 1814 τούτοις
441 1782 492 1818 πρὸ
509 1779 653 1815 ὀφθαλμῶν
674 1779 779 1814 ἔχοντες
793 1778 836 1804 ἀεὶ
852 1778 881 1804 τὸ
900 1778 945 1804 τοῦ
961 1778 1074 1806 θανάτου
1089 1780 1193 1816 ἄδηλον,
1212 1783 1248 1818 μή
1263 1791 1327 1809 ποτε
1351 1784 1378 1810 ὲν
1394 1783 1452 1819 ὥρᾳ
1508 1785 1537 1810 οὐ
1562 1782 1752 1819 προσδοκῶμεν
1778 1781 1842 1817 ἔλθῃ

232 1833 246 1859 ό
259 1831 368 1866 Κύριος,
387 1830 433 1856 καὶ
444 1829 547 1865 εὑρήσῃ
560 1828 590 1854 τὸ
604 1827 736 1863 ἡμέτερον
750 1826 866 1857 συνειδὸς
882 1827 914 1861 τῇ
933 1826 1095 1863 φιλαργυρίᾳ
1115 1828 1307 1864 ἐσπιλωμένον,
1333 1831 1381 1856 καὶ
1399 1831 1455 1865 ὲρεῖ
1469 1831 1532 1866 ἡμῖν
1557 1831 1624 1866 ὅπερ
1646 1831 1674 1855 ὲν
1699 1828 1736 1864 τῷ
1752 1829 1842 1862 Εὐαγ-

232 1879 314 1913 γελίῳ
329 1876 427 1913 ἐρρέθη
454 1875 493 1911 τῷ
517 1874 636 1910 πλουσίῳ
650 1873 745 1908 ἐκείνῳ
754 1882 760 1887 ·
782 1882 791 1898 ‹
807 1873 908 1908 Ἀφρον
917 1892 924 1904 ,
937 1873 1022 1909 ταύτῃ
1034 1875 1066 1909 τῇ
1083 1875 1159 1902 νυκτὶ
1173 1875 1221 1910 τὴν
1233 1875 1321 1911 ψυχήν
1333 1884 1379 1902 σου
1392 1876 1550 1903 ἀπαιτοῦσιν
1560 1876 1612 1903 ἀπὸ
1625 1876 1670 1902 σοῦ
1682 1884 1687 1890 ·
1699 1874 1717 1901 ἃ
1728 1875 1756 1901 δὲ
1769 1872 1844 1909 ἡτοί-

234 1935 322 1963 μασας
336 1925 388 1952 τίνι
401 1924 492 1956 ἐσται;
509 1933 518 1949 ι

270 1972 295 1999 ι.
316 1971 446 2004 Quartum
469 1969 548 1997 nobis
571 1972 612 1996 est
630 1972 766 1996 certamen
783 1968 914 1995 adversus
938 1968 1019 2002 spiri-

233 2021 291 2045 tum
309 2015 467 2046 iracundiae,
494 2019 524 2042 ut
535 2022 597 2041 cum
613 2013 668 2041 Deo
692 2013 861 2040 mortiferum
879 2013 960 2047 hujus
973 2020 1018 2040 ve-

235 2071 333 2092 nenum
343 2071 376 2090 ex
385 2062 480 2089 intimo
492 2061 588 2088 anima:
600 2063 699 2087 nostrae
712 2059 914 2087 exscindamus.
925 2058 962 2094 (4)
979 2059 1017 2085 Eo

234 2112 308 2139 enim
324 2110 394 2137 intra
409 2116 456 2136 cor
473 2112 597 2135 nostrum
617 2106 748 2142 reposito.
765 2113 796 2133 ac
808 2105 961 2133 tenebrosis
976 2109 1017 2132 tu-

1101 1967 1126 1994 4.
1147 1968 1280 2003 Τέταρτος
1293 1969 1356 2003 ἡμῖν
1373 1969 1445 1994 ἐστιν
1458 1968 1531 2003 ἁγὼν
1543 1968 1613 1995 κατὰ
1623 1967 1669 1994 τοῦ
1690 1967 1845 2002 πνεύματος

1065 2013 1115 2047 τῆς
1139 2013 1231 2048 ὀργῆς.
1247 2013 1319 2044 ὅπως
1340 2014 1387 2040 σὺν
1409 2013 1467 2048 Θεῷ
1488 2014 1532 2040 τὸν
1549 2014 1641 2040 τούτου
1658 2014 1844 2049 θανατηφόρον

1066 2060 1104 2086 ίὺν
1127 2061 1159 2085 ὲκ
1179 2059 1226 2086 τοῦ
1244 2059 1340 2094 βάθους
1354 2060 1402 2094 τῆς
1417 2060 1552 2095 ἡμετέρας
1564 2060 1650 2095 ψυχῆς
1673 2059 1844 2094 ἐκκόψωμεν.

1065 2105 1164 2132 Τούτου
1181 2104 1235 2140 γὰρ
1253 2107 1280 2131 ὲν
1305 2107 1338 2140 τῇ
1364 2105 1484 2141 ἡμετέρᾳ
1509 2105 1606 2140 καρδίᾳ
1622 2105 1844 2140 ἐναποκειμένου,

234 2156 365 2184 multibus
378 2155 486 2181 oculum
505 2153 603 2180 mentis
616 2156 769 2179 exemcante
779 2171 788 2184 ,
804 2151 904 2178 nullam
919 2158 1008 2177 eorum

1064 2152 1111 2178 καὶ
1133 2151 1178 2179 τὸν
1197 2150 1334 2186 ὀφθαλμὸν
1361 2152 1409 2187 τῆς
1431 2152 1548 2183 διανοίας
1572 2151 1764 2185 ἐκτυφλοῦντος
1785 2153 1845 2183 ταῖς

233 2209 295 2238 quae
315 2204 497 2228 consentanea
521 2198 600 2226 nobis
616 2201 679 2226 sunt
701 2197 893 2224 discretionem
914 2196 1013 2223 habere

234 2248 356 2275 valemus
366 2268 373 2277 .
389 2253 477 2280 neque
491 2244 643 2280 spiritualis
657 2243 823 2278 cognitionis
836 2243 1014 2278 comprehen-

235 2293 338 2320 sionem
360 2290 493 2322 invenire,
521 2297 572 2317 nec
587 2296 658 2316 verae
672 2289 734 2315 vitae
761 2288 908 2324 participes
933 2287 1010 2318 effici.

234 2346 284 2366 nec
300 2345 376 2364 mens
390 2339 483 2363 nostra
501 2335 599 2362 divinae
623 2342 655 2361 ac
669 2342 739 2362 verae
757 2334 827 2362 lucis
844 2341 926 2369 capax
950 2334 1012 2361 erit.

235 2384 302 2411 Nam
316 2403 323 2414 ,
344 2392 353 2408 ι
378 2382 514 2409 Turbatus
548 2382 606 2412 est',
629 2391 639 2406 ι
667 2381 714 2413 ait,
734 2389 743 2406 ι
767 2388 781 2408 a
802 2380 893 2408 furore
919 2380 1014 2407 oculus

234 2437 312 2456 meus
321 2429 369 2454 ⁸⁸.»
380 2427 470 2463 Neque
482 2427 620 2461 sapientiae
633 2427 777 2461 participes
790 2426 1015 2457 erimus.etiamsi

235 2475 313 2502 nobis
326 2474 392 2508 ipsis
411 2473 547 2507 sapientes
562 2472 717 2504 videamur,
734 2480 794 2499 cum
812 2473 942 2507 scriptum
961 2472 1014 2499 sit:

237 2529 245 2544 ι
266 2519 353 2546 Furor
379 2519 406 2545 in
422 2520 484 2545 sinu
499 2517 682 2552 insipientium
702 2518 834 2545 habitabit
850 2527 856 2544 :
875 2527 884 2544 ι
907 2517 953 2544 sed
969 2525 1015 2543 ne-

234 2572 287 2600 que
309 2565 441 2592 salutares
459 2563 632 2591 discretionis
658 2563 749 2590 radios
765 2563 894 2598 consequi
916 2570 1014 2597 possu-

235 2619 306 2642 mus,
318 2611 369 2638 etsi
393 2611 427 2638 ab
443 2610 599 2638 hominibus
621 2618 747 2645 perquam
767 2610 902 2644 sapientes
922 2607 1016 2636 existi-

236 2663 356 2692 memur;
370 2658 500 2693 scriptum
516 2657 615 2693 quippe
632 2660 675 2685 est
689 2666 695 2684 :
710 2666 720 2682 ι
742 2656 783 2683 ira
799 2656 879 2684 etiam
896 2655 1017 2690 pruden-

1066 2200 1214 2228 σκοτειναῐς
1236 2199 1378 2233 ταραχαῖς.
1392 2197 1453 2224 οὔτε
1475 2198 1609 2232 διάκρισιν
1628 2197 1681 2224 τῶν
1696 2198 1846 2232 συμφερόν-

1064 2250 1118 2268 των
1141 2242 1290 2276 κτήσασθαι
1315 2241 1461 2277 δυνάμεθα,
1488 2240 1548 2267 οὔτε
1569 2240 1753 2275 πνευματικῆς
1775 2239 1846 2273 γνώ-

1067 2295 1134 2319 σεως
1159 2287 1248 2322 εὑρεῖν
1265 2287 1425 2321 κατάληψιν,
1451 2286 1512 2312 οὔτε
1531 2287 1580 2322 τῆς
1604 2286 1688 2317 ὕντως
1710 2285 1781 2320 ζωῆς
1798 2294 1845 2319 γε-

1066 2333 1158 2360 νέσθαι
1177 2334 1294 2368 μέτοχοι,
1309 2332 1370 2359 οὔτε
1385 2332 1434 2367 τῆς
1449 2332 1564 2368 θεωρίας
1577 2332 1622 2358 τοῦ
1640 2331 1709 2358 θείου
1722 2331 1768 2357 καὶ
1781 2331 1846 2365 ἀλη-

1066 2379 1139 2406 θινοῦ
1160 2380 1246 2414 φωτὸς
1269 2380 1390 2411 δεκτικὸς
1412 2380 1426 2405 ὀ
1442 2379 1574 2414 ἡμέτερος
1600 2377 1661 2409 νοῦς
1685 2378 1844 2412 γενήσεται*

1069 2435 1079 2451 ‹
1101 2426 1250 2462 Ἑταρέιχθη
1273 2435 1282 2451 ι
1297 2425 1360 2460 γὰρ.
1376 2425 1467 2460 φησὶν,
1485 2434 1494 2449 ι
1513 2424 1566 2451 ἀπὸ
1586 2423 1670 2459 θυμοῦ
1685 2424 1698 2449 ὁ
1710 2422 1848 2458 ὀφθαλμός

1068 2480 1128 2506 μου,
1149 2481 1158 2497 t
1177 2471 1238 2497 οὔτε
1252 2471 1280 2497 δὲ
1296 2471 1390 2505 σοφίας
1410 2471 1517 2505 μέτοχοι
1535 2468 1713 2505 γενησόμεθα,
1727 2468 1779 2494 κᾶν
1796 2469 1848 2503 μά-

1066 2517 1143 2543 λιστα
1160 2518 1235 2551 σοφοὶ
1255 2519 1314 2548 ταῖς
1329 2517 1458 2548 ἐπινοίαις
1475 2514 1659 2550 λογιζώμεθα·
1682 2514 1776 2549 ἐπειδὴ
1799 2515 1847 2548 γέ-

1066 2571 1195 2598 γραπται,
1211 2564 1251 2588 ὃτι
1268 2571 1277 2586 ί
1295 2562 1385 2597 Θυμδς
1400 2563 1427 2588 ἐν
1442 2561 1533 2596 κόλπῳ
1549 2561 1672 2596 ἀφρόνων
1687 2559 1848 2594 αὐλισθήσε-

1066 2618 1120 2636 ται.
1140 2619 1149 2635 ι
1174 2609 1242 2635 Ἀλλ’
1261 2609 1320 2635 οὐδὲ
1333 2609 1382 2639 τὰς
1397 2607 1578 2643 σιυτηριὼδεις
1593 2608 1703 2638 ἀκτῖνας
1725 2607 1774 2641 τῆς
1789 2606 1848 2633 δια-

1067 2655 1181 2690 κρίσεως
1205 2655 1352 2690 κτήσασθαι
1372 2654 1524 2689 δυνάμεθα,
1552 2655 1576 2681 εἰ
1601 2654 1647 2681 καὶ
1669 2654 1703 2680 τὰ
1731 2653 1848 2688 μάλιστα

271 2736 293 2752 ⁵⁸
312 2713 370 2762 Act.
388 2743 416 2764 v.
431 2735 508 2763 5-40.
545 2735 567 2752 ⁸³
586 2733 620 2761 IV
635 2733 700 2769 Reg.
717 2742 742 2759 ν.
760 2733 805 2761 27.
843 2733 866 2749 ⁸⁸
886 2732 950 2759 Luc.
971 2740 1007 2760 xtl

1060 2731 1086 2759 ο.
1124 2732 1146 2747 ⁸⁸
1166 2731 1236 2759 Psal.
1256 2740 1299 2764 vi,
1317 2731 1344 2758 8.

272 2813 309 2845 (2)
325 2813 391 2840 Ibid.
404 2820 428 2840 c.
445 2813 488 2840 i9.

271 2848 309 2882 (ὅ)
325 2849 390 2876 Ibid.
408 2857 432 2875 c.
448 2847 492 2876 σο.

1101 2809 1139 2845 (ιι)
1158 2809 1280 2837 Cassia".
1299 2809 1422 2837 Institut.
1442 2810 1459 2837 Ι.
1474 2817 1532 2837 vttt.
1553 2818 1578 2836 ε.
1597 2809 1623 2837 Ι.
