1940 3068
97 165 149 193 839

654 166 822 194 LPISTULA
841 166 863 193 il
883 165 928 192 Al)
947 165 1141 192 CAS'I‘OREM.

99 225 224 261 φρόνιμοι
256 227 311 256 τοῖς
338 209 489 261 ἀνθρώποις
523 225 704 261 νομιζόμεθα·
732 226 873 262 γέγραπτα

935 228 976 251 tes
990 224 1122 260 disperdit
1134 234 1140 251 :
1155 234 1165 250 ›
1175 231 1262 257 neque
1276 223 1388 258 justitia
1403 222 1583 258 gubernacula
1595 222 1717 258 vigilanti

99 271 165 306 γὰρ,
186 271 226 297 ὄτι
245 281 252 296 1
280 272 362 306 Ὀργὴ
381 272 427 297 καὶ
448 271 594 307 φρονίμους
609 271 771 298 ἀπόλλυσιν·
785 281 794 297 ι
819 270 880 298 οὔτε

100 317 148 349 τὰς
171 316 340 351 δικαιοσύνης
365 317 540 353 κυϐερνήσεις
564 316 680 352 νηφαλίᾳ
703 317 800 352 καρδίᾳ.
830 318 880 342 ἐπ-

100 362 171 397 έχειν
188 363 326 397 ίσχύομεψ
343 363 495 398 γέγραπται
510 363 575 398 γὰρ,
589 363 629 389 ὅτι
645 371 653 388 1
682 362 786 397 Ἀνδρος
808 362 876 398 ὀργὴ

99 407 268 442 δικαιοσύνην
287 408 354 435 Θεοῦ
375 409 404 435 οὐ
430 409 641 444 κατεργάζεται·
671 419 679 435 ι
698 409 758 436 οὕτε
781 410 808 436 δὲ
832 409 880 445 τὴν

99 455 295 489 ἐπαινουμένην
311 455 386 489 παρὰ
409 456 516 482 πάντων
539 455 703 490 κοσμιότητα
723 456 768 482 καὶ
783 456 881 490 εὐσχη-

100 500 217 534 μοσύνην
240 499 392 534 κτήσασθαι
416 500 567 535 δυνάμεθα·
595 501 687 535 ἐπειδὴ
712 500 879 536 γέγραπται⁸

101 553 111 568 1
135 543 214 579 Ἀνὴρ
231 543 356 580 θυμώδης
370 545 419 572 οὐκ
436 546 588 580 εὐσχήμων.
608 555 618 571 ι
641 546 669 572 '0
683 545 771 572 τοίνυν
790 545 882 580 βουλό-

100 598 179 625 μενος
206 590 274 625 πρὸς
300 591 437 617 τελείωσιν
464 591 570 623 ἐλθεῖν,
600 592 646 618 καὶ
676 591 815 627 ἐπιθυμῶν
837 592 881 618 τὸν

99 636 281 670 πνευματικὸν
321 636 414 670 ἀγῶνα
451 637 573 672 νομίμως
600 637 799 672 ἀγωνίσασθαι,
830 638 884 664 ἀπὸ

97 681 197 712 παντὸς
219 681 407 716 ἐλαττώματος
424 682 508 718 ὀργῆς
531 691 560 708 τε
581 683 628 709 καὶ
643 682 728 717 θυμοῦ
745 682 882 718 ἀλλότριος

97 727 176 759 ἔστω,
202 728 248 753 καὶ
264 727 385 754 ἀκουέτω
403 728 429 754 τί
452 728 517 754 αὐτὸ
532 728 562 754 τὸ
585 727 680 759 σκεῦος
698 728 747 762 τῆς
768 728 882 762 ἐκλογῆς

97 773 281 808 παραγγέλλει
303 773 390 807 λέγων
402 781 408 787 ·
430 783 439 798 1
454 774 532 800 Πᾶσα
556 774 661 809 πικρία,
677 773 722 800 καὶ
739 773 817 808 ὀργὴ,
837 773 883 799 καὶ

96 818 191 853 θυμὸς,
219 818 267 845 καὶ
293 818 410 854 κραυγὴ,
437 819 484 845 καὶ
521 818 677 855 βλασφημία
698 818 807 854 ἀρθήτω
836 819 882 852 ἀφ’

96 864 174 899 ἡμῶν
190 865 238 891 σὺν
253 865 325 900 πάσῃ
350 865 442 899 κακίᾳ.
461 874 470 890 ι
490 865 572 891 Ὀταν
587 865 614 891 δὲ
633 865 698 901 εἴπῃ
713 865 813 896 πᾶσαν,
837 864 882 890 οὺ-

934 271 1018 297 corde
1037 271 1154 298 retinere
1172 270 1304 300 valemus,
1326 277 1388 296 cum
1407 269 1538 303 scriptum
1564 269 1621 296 sit:
1649 278 1658 293 1
1674 267 1716 296 Ira

929 316 979 342 viri
998 316 1131 350 justitiam
1147 315 1194 343 Dei
1207 324 1260 343 non
1275 315 1432 351 operatur"
1449 324 1455 341 :
1468 323 1478 340 ι
1493 322 1581 349 neque
1594 315 1714 342 omnium

931 367 979 387 ore
996 351 1158 387 celebratam
1188 360 1349 388 modestiam
1374 359 1581 394 decentiamque
1595 359 1716 387 obtinere

931 414 1087 441 possumus,
1106 406 1324 440 quandoquidem
1338 406 1470 440 scriptum
1490 409 1552 432 est:
1572 414 1581 430 1
1600 404 1647 431 Vir
1662 405 1715 431 ira-

931 450 1036 478 cundus
1050 452 1188 478 modestus
1199 459 1252 478 non
1266 451 1356 478 est°".n
1366 451 1404 486 (5)
1421 450 1471 483 Qui
1486 450 1670 485 volueritergo
1681 450 1714 477 ad

931 497 1121 531 perfectionem
1136 497 1276 532 attingere,
1292 498 1337 532 qui
1353 500 1462 532 exoptat
1473 497 1613 531 spirituale
1624 505 1714 524 certa-

932 550 992 569 men
1005 542 1123 577 legitime
1139 543 1225 573 obire,
1245 542 1279 568 ab
1303 542 1376 569 omni
1399 541 1498 569 delicto
1512 542 1559 569 irae
1582 542 1715 569 furorisve

931 589 1035 615 alienus
1048 588 1092 620 sit,
1110 588 1256 623 audiatque
1269 588 1333 623 quid
1350 588 1488 622 praecipiat
1511 596 1559 615 vas
1580 588 1645 614 illud
1661 588 1715 615 ele—

932 633 1031 660 ctionis
1047 642 1054 660 :
1070 642 1079 658 1
1099 632 1194 660 Omnis
1210 632 1362 659 amaritudo
1378 637 1404 660 et
1415 633 1454 659 ira
1470 637 1496 660 et
1508 633 1667 667 indignatio,
1688 637 1715 661 ct

931 678 1033 705 clamor
1051 682 1078 705 et
1103 678 1270 714 blasphemia
1289 679 1400 706 tollatur
1423 687 1438 705 a
1454 679 1532 706 vobis
1550 687 1610 706 cum
1640 680 1715 707 omni

933 724 1035 751 malitia
1048 725 1080 752 ⁸³.
1094 734 1103 749 ι
1124 725 1192 752 Cum
1207 725 1243 750 ait
1262 730 1352 751 autem
1375 733 1524 757 1omnem,t
1545 726 1645 752 nullam
1663 734 1715 753 no-

932 769 974 797 bis
993 769 1187 804 indignationis
1211 771 1394 802 occasionem,
1426 771 1467 798 vel
1485 771 1563 806 quasi
1587 779 1715 798 necessa-

933 817 1013 848 riam,
1036 817 1077 844 vel
1099 816 1177 850 quasi
1202 821 1411 843 consentaneam
1427 817 1546 851 reliquit.
1563 817 1614 850 Qui
1634 817 1715 852 igitur

934 865 1068 887 errantem
1089 860 1199 887 fratrem
1220 861 1359 895 corripere
1379 866 1426 888 aut
1441 861 1647 897 castigationem
1663 863 1713 897 ipsi

95 910 191 945 δεμίαν
207 911 341 946 πρόφασιν
360 910 446 946 θυμοῦ
465 911 502 942 ὡς
520 911 669 945 ἀναγκαίαν
685 911 701 946 ἢ
721 910 757 941 ὡς
771 910 876 944 εὔλογον

932 906 1031 933 inferre
1044 906 1169 939 voluerit,
1192 906 1298 933 studeat
1314 915 1374 934 sese
1393 907 1585 935 commotionis
1608 912 1715 942 pertur-

96 955 160 989 ἡμῖν
189 955 391 982 καταλέλοιπεν.
426 956 455 981 'U
479 955 566 982 τοίνυν
599 955 808 991 πλημμελοῦντα
835 956 881 981 τὸν

96 999 210 1034 ἀδελφὸν
227 1000 384 1036 βουλόμενος
402 1000 598 1036 διορθώσασθαι
613 1001 629 1035 ἢ
642 1002 779 1036 ἐπιτιμίαν
808 1009 878 1036 παρ-

97 1045 177 1079 έχειν,
186 1045 358 1076 σπουδαζέτω
367 1046 460 1072 ἑαυτὸν
470 1046 604 1081 ἀτάραχον
613 1046 763 1079 φυλάττειν,
777 1046 812 1081 μή
829 1054 877 1072 πο-

95 1099 133 1122 τε,
144 1091 222 1118 ἄλλον
231 1091 394 1127 θεραπεῦσαι
404 1091 570 1126 βουλόμενος,
583 1091 669 1127 ἑαυτῷ
679 1091 726 1127 τὴν
738 1092 812 1118 νόσον
821 1093 879 1118 ἐπι-

96 1136 245 1172 σπάσηται,
259 1137 304 1164 καὶ
315 1137 459 1172 ῥηθήσεται
472 1137 545 1172 αὐτῷ
553 1137 582 1163 τὺ
593 1137 765 1171 εὐαγγελικὺν
776 1139 877 1164 ἐκεῖνο·

99 1190 108 1206 1
134 1181 230 1216 Ἰατρὲ,
258 1181 428 1216 θεράπευσον.
449 1182 559 1208 σεαυτόν
572 1191 578 1197 ·
607 1191 616 1207 ι
630 1183 677 1208 καὶ
699 1182 777 1208 πάλιν
790 1191 796 1197 ·
819 1193 827 1208 1
845 1183 877 1209 Τί

99 1225 203 1260 βλέπεις
217 1226 248 1252 τὺ
259 1226 362 1262 κάρφος
382 1228 411 1253 ὲν
426 1227 465 1262 τῷ
484 1226 613 1262 ὀφθαλμῷ
625 1227 671 1253 τοῦ
691 1227 804 1261 ἀδελφοῦ
819 1236 876 1259 σου,

98 1271 145 1306 τὴν
166 1271 193 1297 δὲ
207 1271 284 1297 δοκὸν
299 1271 346 1306 τὴν
360 1272 388 1298 ὲν
402 1271 441 1306 τῷ
464 1271 502 1306 σῷ
520 1271 649 1306 ὀφθαλμῷ
671 1272 700 1298 οὗ
725 1274 876 1305 κατανοείςς

98 1317 113 1352 ἢ
137 1318 204 1353 ποίῳ
219 1318 312 1352 τρόπῳ
330 1319 401 1353 ἐρεῖς
419 1317 456 1352 τῷ
467 1317 572 1353 ἁδελφῷ
592 1326 636 1344 σου
647 1327 653 1333 ·
674 1318 756 1351 Ἄφες
773 1319 878 1345 ἐκϐάλω

97 1362 127 1389 τδ
147 1364 252 1399 κάρφος
275 1364 306 1390 ἐκ
321 1363 367 1389 τοῦ
387 1362 524 1398 ὀφθαλμοῦ
540 1372 595 1394 σου,
613 1363 685 1395 ὅστις
697 1363 745 1398 τὴν
757 1363 835 1389 δοκὸν
849 1364 877 1389 ἐν

97 1409 136 1445 τῷ
163 1410 219 1445 ἰδίῳ
248 1410 378 1445 ὀφθαλμῷ
404 1410 489 1444 ἔχεις,
516 1409 750 1436 ἐπικαλύπτουσαν
777 1409 876 1442 αὑτόν;

103 1456 145 1489 Ἐξ
158 1457 217 1488 οἵας
235 1456 288 1491 γὰρ
312 1456 410 1492 δήποτε
435 1456 523 1487 αἰτίας
547 1457 563 1491 ἡ
589 1456 638 1491 τῆς
654 1456 739 1491 ὀργῆς
762 1455 876 1490 κίνησις,

97 1501 278 1538 ὖπερζέσασα,
297 1502 391 1535 τυφλοῖ
403 1502 464 1533 τοὺς
479 1501 633 1536 ὀφθαλμοὺς
655 1501 704 1535 τῆς
718 1501 815 1536 ψυχῆς.
832 1501 878 1527 καὶ

96 1547 142 1573 οὐκ
164 1548 196 1582 ἐᾷ
219 1547 301 1574 αὐτὸν
318 1546 465 1573 θεάσασθαι
483 1547 528 1573 τὸν
543 1546 616 1581 ἥλιον
633 1546 681 1581 τῆς
694 1545 874 1580 δικαιοσύνης.

97 1593 198 1629 Ὥσπερ
212 1593 269 1628 γὰρ
281 1595 295 1619 ὁ
305 1593 407 1627 ἐπιθεὶς
424 1594 480 1624 τοῖς
497 1592 642 1627 ὀφθαλμοῖς
657 1593 744 1628 χρυσᾶ
758 1592 875 1627 μέταλλα

95 1640 110 1674 ἤ
129 1639 266 1674 μολίῦδινα
286 1640 383 1674 ἐπίσης
404 1639 521 1666 ἐκώλυσε
533 1638 580 1674 τὴν
600 1638 729 1674 ὁρατικὴν
751 1638 873 1672 δύναμιν,

94 1684 140 1710 καὶ
162 1684 288 1719 οὐδαμῶς
304 1684 432 1719 διαφορὰν
457 1683 567 1718 ἐποίησε
593 1684 642 1718 τῆς
674 1682 836 1716 τυφλότητος
857 1683 873 1717 ἡ

95 1728 140 1756 τοῦ
163 1729 266 1765 χρυσοῦ
293 1728 421 1764 μετάλλου
438 1728 576 1763 τιμιότης·
595 1727 679 1758 οὕτως
704 1726 732 1759 eg
753 1727 810 1756 οἵας
831 1725 875 1760 δή-

95 1784 158 1802 ποτε
173 1775 266 1806 αἰτίας
281 1776 297 1810 ὴ
312 1775 361 1809 τῆς
373 1774 457 1809 ὀργῆς
472 1773 576 1808 κίνησις
589 1772 732 1806 ὲξαφθεῖσα
746 1771 793 1806 τὴν
809 1771 874 1806 ὁρα-

94 1821 169 1856 τικὴν
188 1821 304 1855 δύναμιν
318 1820 366 1855 τῆς
379 1819 467 1854 ψυχῆς
484 1818 611 1852 σκοτίζει.
628 1818 693 1844 Τὰτε
713 1817 791 1853 μόνον
805 1817 875 1844 κατὰ

93 1867 170 1901 φύσιν
187 1866 348 1902 κεχρήμεθα
363 1865 402 1900 τῷ
424 1864 511 1900 θυμῷ,
535 1865 598 1891 ὅταν
613 1864 679 1899 πρὸς
698 1863 760 1895 τοὺς
785 1864 874 1898 ἐμπα-

92 1913 145 1944 θεῖς
172 1913 218 1939 καὶ
249 1911 404 1946 φιληδόνους
429 1910 574 1946 λογισμοὺς
594 1909 686 1936 τοῦτον
709 1909 873 1944 κινήσωμεν.

91 1959 166 1985 Οὕτω
180 1959 238 1994 γὰρ
260 1958 333 1993 ἡμᾶς
358 1958 405 1984 καὶ
431 1958 444 1983 ὁ
466 1957 607 1992 προφήτης
622 1955 702 1981 Δαυῖδ
724 1955 875 1981 ἐκδιδάσκει

91 2005 199 2039 φάτκων
211 2013 218 2020 ⁸
241 2013 249 2029 1
275 2003 439 2039 Ὀργίζεσθε,
453 2003 500 2029 καὶ
514 2002 550 2037 μὴ
564 2001 733 2037 ἁμαρτάνετε
744 2009 750 2015 ³
771 2011 780 2026 ι
796 2009 874 2027 τουτ-

92 2051 159 2080 έστι.
180 2049 253 2077 κατᾶ
276 2049 330 2075 τῶν
346 2049 416 2075 ἰδίων
432 2048 525 2074 παθῶν
545 2048 593 2082 τὴν
608 2047 691 2082 ὀργὴν
707 2048 816 2078 κινεῖτε,
829 2046 875 2073 καὶ

92 2095 161 2122 κατὰ
178 2095 234 2121 τῶν
248 2094 374 2129 πονηρῶν
387 2093 534 2128 λογισμῶν,
548 2093 595 2119 καὶ
616 2092 653 2128 μὴ
668 2091 710 2118 διὰ
727 2091 773 2118 τοῦ
791 2091 876 2127 πράτ-

91 2150 146 2167 τειν
169 2141 204 2168 τὰ
228 2139 433 2174 ὑποϐαλλόμενα
456 2139 501 2165 ὑπ’
518 2137 606 2164 αὐτῶν
626 2137 811 2173 ἁμαρτάνετε·
829 2137 876 2163 καὶ

90 2188 188 2223 ταύτην
215 2185 310 2221 σαφῶς
331 2185 380 2220 τὴν
401 2185 503 2212 ἔννοιαν
528 2185 601 2220 δηλοῖ
627 2184 656 2210 τὸ
688 2184 873 2218 ἐπαγόμενον

93 2242 102 2258 1
130 2233 162 2259 *Α
187 2232 292 2266 λέγετε,
316 2231 407 2265 φησὶν,
433 2231 463 2256 ὲν
483 2231 543 2260 ταῖς
567 2229 690 2265 καρδίαις
718 2229 804 2264 ὑμῶν,
830 2228 876 2254 ἐπὶ
891 2245 912 2271 υ

90 2281 149 2310 ταῖς
169 2279 275 2309 κοίταις
299 2277 375 2312 ὑμῶν
402 2276 590 2311 κατανύγητε’
614 2285 624 2302 ι
643 2276 789 2308 τουτέστιν,
812 2276 875 2302 ὅταν

90 2326 236 2352 ἀνέλθωσιν
263 2325 309 2350 ἐπὶ
334 2324 383 2359 τὴν
411 2323 523 2358 καρδίαν
547 2323 571 2350 οἱ
598 2323 711 2358 πονηροὶ
740 2322 873 2358 λογισμοὶ,

90 2370 265 2401 ἐκϐάλλοντες
289 2368 398 2400 τούτους
421 2368 463 2395 διὰ
487 2369 536 2403 τῆς
563 2368 630 2404 πρὸς
654 2367 751 2399 αὐτοὺς
778 2367 872 2403 ὀργῆς,

92 2415 159 2449 μετὰ
174 2415 233 2450 -τὴν
259 2414 359 2441 τούτων
386 2413 519 2449 ἀποόολὴν
550 2413 648 2440 ὡσανεὶ
672 2414 700 2440 ἐν
729 2413 806 2449 κοίτῃ
837 2414 869 2448 τῇ

89 2460 189 2496 ἡσυχίᾳ
227 2461 429 2496 εὑρισκόμενοι,
458 2459 489 2486 τὸ
525 2459 673 2495 τηνικαῦτα
703 2459 870 2495 κατανύγητε

90 2506 156 2541 πρὸς
185 2507 337 2542 μετάνοιαν.
363 2507 506 2541 Συμφωνεῖ
526 2506 554 2532 δὲ
583 2505 686 2537 τούτοις
708 2505 756 2531 καὶ
781 2506 795 2532 ὁ
820 2513 871 2540 μα-

91 2551 184 2585 κάριος
203 2551 309 2582 Παῦλος
331 2552 501 2587 χρησάμενος
517 2552 549 2586 τῇ
572 2551 708 2586 μαρτυρίᾳ
726 2549 771 2576 τοῦ
788 2550 869 2585 ῥητοῦ

90 2597 195 2627 τούτου,
216 2597 263 2623 καὶ
286 2597 428 2632 προσθείς·
452 2606 461 2622 1
485 2597 514 2623 '0
527 2597 602 2631 ἥλιος
621 2597 657 2632 μὴ
673 2596 803 2622 ἐπιδυέτω
825 2596 873 2622 ἐπὶ

90 2641 129 2677 τῷ
157 2642 339 2678 παροργισμῷ
355 2642 440 2678 ὑμῶν·
466 2641 502 2677 μὴ
531 2642 614 2668 δίδοτε
639 2641 720 2668 τόπον
749 2641 787 2676 τῷ
815 2641 873 2668 δια-

127 2729 150 2766 ‘f
163 2734 225 2766 ttae.
239 2737 263 2766 Vt,
278 2730 324 2766 20.
363 2731 383 2747 ⁸⁷
401 2730 479 2758 Prov.
499 2739 535 2759 xi.
553 2731 596 2758 ΞΒ.
636 2732 657 2747 ει·
678 2731 774 2766 Ephes.
795 2740 831 2764 IV,
849 2731 893 2760 5L

91 2763 114 2779 "
134 2764 198 2792 ibid.
235 2765 259 2780 "
278 2765 373 2800 Ephes.
395 2775 436 2798 l\',
451 2766 494 2793 B'i.
532 2766 552 2782 ⁷⁵
574 2767 686 2794 Malm-li.
701 2763 742 2799 Ἰν,
759 2766 785 2794 2.

123 2839 163 2910 ξὸζ
181 2839 246 2867 lhid.
264 2850 287 2869 ρ.
301 2842 326 2869 5.

135 2875 152 2900 6
181 2876 246 2902 Ibid.
266 2885 290 2904 ο.
306 2878 322 2904 6

135 2875 163 2905 6)
181 2876 246 2902 Ibid.
266 2885 290 2904 ο.
306 2878 332 2905 6,

929 951 1102 986 bationisque
1127 956 1265 987 expertem
1293 952 1446 986 custodire,
1472 960 1520 984 ne,
1540 953 1604 980 dum
1631 954 1713 980 alium

928 998 985 1024 vult
1002 1005 1108 1029 curare,
1126 998 1250 1024 morbum
1278 998 1330 1025 sibi
1351 999 1451 1030 trahat,
1480 1006 1548 1026 neve
1568 999 1674 1026 dicatur
1689 1000 1714 1026 ei

929 1043 1118 1078 Evangelicum
1134 1044 1198 1071 illud
1215 1053 1222 1070 :
1240 1053 1248 1068 1
1268 1044 1379 1077 Medico,
1395 1052 1460 1071 cura
1474 1045 1590 1079 teipsum
1602 1045 1622 1061 "
1638 1055 1645 1072 :
1659 1054 1668 1070 ι
1682 1054 1714 1072 ac

928 1096 1035 1116 rursum
1053 1099 1059 1116 :
1074 1099 1083 1114 1
1095 1089 1163 1122 Quid
1180 1093 1208 1116 tu
1228 1090 1305 1117 vides
1321 1089 1452 1117 festucam
1470 1091 1497 1118 in
1512 1090 1591 1117 oculo
1617 1090 1713 1118 fratris

928 1135 977 1166 tui,
993 1135 1096 1161 trabem
1110 1140 1198 1162 autem
1215 1136 1242 1162 in
1265 1136 1345 1162 oculo
1360 1140 1407 1163 tuo
1421 1144 1475 1163 non
1494 1137 1643 1171 intelligis?
1665 1141 1713 1163 aut

927 1181 1063 1215 quomodo
1079 1180 1155 1209 dices
1171 1180 1248 1207 fratri
1264 1186 1311 1208 tuo
1331 1191 1338 1209 :
1360 1181 1434 1212 Sine,
1451 1182 1559 1216 ejiciam
1580 1182 1711 1209 festucam

927 1234 960 1253 ex
985 1226 1063 1253 oculo
1077 1232 1132 1259 tuo,
1156 1227 1203 1262 qui
1229 1227 1333 1254 trabem
1358 1228 1384 1254 in
1404 1228 1514 1262 proprio
1536 1227 1614 1254 oculo
1630 1227 1712 1254 habes

926 1272 1092 1306 operientem
1109 1272 1236 1298 illum”?
1249 1282 1259 1298 ι
1283 1272 1409 1305 Qualibet
1429 1273 1501 1300 eiiim
1516 1273 1549 1301 de
1567 1281 1648 1300 causa
1667 1274 1713 1300 ine

927 1323 1017 1346 motus
1036 1318 1205 1351 effervescat,
1230 1320 1329 1347 mentis
1353 1320 1448 1346 oculos
1471 1323 1600 1351 excaecat,
1625 1328 1712 1355 neque

927 1363 991 1390 sinit
1003 1363 1135 1390 hominem
1145 1363 1278 1398 respicere
1291 1363 1380 1391 Solem
1394 1364 1515 1398 justitiaz.
1528 1365 1565 1400 (6)
1579 1364 1713 1397 Quemad-

927 1408 1035 1435 modum
1054 1408 1127 1435 enim
1148 1410 1193 1443 qui
1211 1409 1299 1436 oculis
1315 1409 1428 1443 imponit
1449 1417 1531 1437 aurea
1544 1414 1570 1436 et
1586 1410 1712 1444 plumbea

927 1454 1045 1485 metalla,
1060 1461 1136 1488 azque
1149 1454 1259 1488 impedit
1274 1454 1380 1482 videndi
1399 1446 1570 1487 facultatem,
1588 1463 1638 1482 nec
1663 1463 1712 1482 au-

932 1499 970 1526 rei
983 1500 1083 1526 metalli
1099 1500 1215 1535 pretium
1230 1501 1347 1535 aliquam
1363 1500 1425 1527 facit
1442 1501 1571 1528 czecitatis
1585 1500 1712 1528 differen-

928 1545 1013 1576 tiam;
1033 1546 1069 1572 ita
1087 1553 1120 1572 ex
1135 1546 1254 1580 qualibet
1273 1553 1355 1573 causa
1376 1545 1423 1573 ira:
1446 1545 1591 1573 commotio
1613 1554 1711 1573 accen-

927 1591 1015 1623 datur,
1026 1591 1122 1618 animze
1131 1591 1236 1619 videndi
1246 1591 1402 1618 facultatem
1413 1591 1623 1626 obtenebrat.(7;
1634 1591 1710 1619 Tunc

925 1638 1014 1665 solum
1040 1638 1117 1672 juxta
1145 1641 1270 1664 naturam
1295 1636 1481 1671 indignatione
1511 1637 1622 1668 utimur,
1648 1645 1710 1664 cum

926 1683 1059 1710 adversus
1086 1682 1200 1710 vitiosas
1223 1686 1250 1709 et
1265 1682 1430 1717 voluptarias
1446 1681 1623 1716 cogitationes
1650 1690 1710 1710 eam

929 1733 1083 1755 movemus.
1109 1725 1137 1752 1d
1177 1726 1277 1760 quippe
1304 1733 1355 1753 nos
1390 1725 1522 1760 propheta
1551 1725 1633 1753 David
1662 1726 1711 1753 do-

925 1775 967 1797 cet
983 1778 1043 1797 cum
1062 1771 1100 1798 ait
1117 1780 1123 1798 :
1145 1781 1154 1796 1
1173 1770 1323 1799 lrascimiui
1335 1777 1361 1799 et
1374 1771 1456 1798 nolite
1469 1779 1582 1806 peccare
1597 1773 1637 1806 “;
1657 1782 1666 1799 ι
1682 1772 1710 1799 id

925 1820 977 1848 est,
994 1816 1124 1844 adversus
1138 1817 1261 1852 proprias
1277 1817 1417 1852 passiones
1436 1817 1503 1844 iram
1517 1822 1631 1850 movete,
1647 1826 1711 1845 nec-

926 1870 980 1889 non
1006 1863 1136 1890 adversus
1159 1871 1257 1898 pravas
1284 1864 1477 1898 cogitationes,
1489 1871 1576 1898 neque
1602 1864 1706 1899 agendo

927 1916 987 1943 qua:
1005 1909 1083 1937 vobis
1105 1913 1288 1945 suggeruntur
1311 1909 1345 1936 ab
1373 1910 1441 1941 illis,
1467 1910 1604 1945 peccetis:
1627 1918 1710 1945 quam

926 1956 1004 1990 plane
1035 1956 1282 1990 interpretationem
1314 1956 1434 1984 declarat
1460 1957 1532 1991 quod
1554 1958 1678 1992 sequitur
1700 1966 1709 1986 :

928 2009 937 2025 1
953 1999 1018 2033 Quae
1040 2001 1142 2032 dicitis,
1165 2001 1263 2036 inptit.
1282 2001 1309 2028 in
1333 2001 1463 2029 cordibus
1491 2003 1600 2034 vestris,
1622 2004 1649 2030 in
1662 2011 1711 2030 cu-

924 2047 1023 2074 bilibus
1033 2048 1132 2075 vestris
1143 2048 1356 2082 compungimini
1369 2048 1391 2063 ⁷¹
1405 2057 1414 2073 ι
1431 2048 1457 2075 id
1473 2052 1530 2081 est,
1545 2057 1606 2076 cum
1619 2057 1712 2077 ascen-

925 2091 1014 2120 derint
1029 2101 1117 2128 prarze
1129 2094 1306 2128 cogitationes
1319 2093 1345 2120 in
1361 2101 1409 2120 cor
1419 2099 1550 2126 vestrum,
1569 2094 1660 2129 ejicite
1673 2095 1707 2122 il-

926 2138 976 2171 las,
990 2139 1159 2167 concitantes
1178 2139 1308 2167 adversus
1327 2148 1373 2168 eas
1392 2140 1458 2167 iram
1479 2144 1596 2168 vestram
1636 2145 1710 2175 post-

925 2192 1005 2217 quam
1020 2193 1084 2212 vero
1095 2185 1186 2219 ejectze
1199 2185 1303 2218 fuerint,
1321 2186 1398 2220 quasi
1414 2186 1441 2213 in
1459 2186 1527 2213 lecto
1541 2194 1586 2213 seu
1605 2186 1706 2220 quiete,

927 2233 984 2256 tum
1000 2231 1212 2265 compungimini
1228 2231 1260 2257 ad
1272 2231 1467 2265 paenitentiam.
1487 2230 1535 2258 His
1548 2239 1628 2266 porro
1644 2239 1712 2259 cou-

927 2279 1006 2302 souat
1024 2276 1118 2303 beatus
1135 2275 1247 2308 Paulus,
1265 2276 1311 2311 qui
1331 2276 1446 2311 hujusce
1468 2276 1533 2303 dicti
1555 2277 1710 2304 testimonio

925 2324 967 2347 est
982 2329 1059 2354 usus,
1078 2325 1158 2356 atque
1170 2322 1234 2349 illud
1248 2321 1346 2357 adjecit
1359 2331 1365 2348 :
1379 2331 1388 2348 1
1406 2321 1451 2348 Sol
1471 2330 1524 2349 non
1542 2321 1648 2348 occidat
1662 2330 1710 2350 su-

926 2375 974 2401 per
991 2367 1160 2394 iracundiam
1175 2373 1303 2399 vestram,
1325 2369 1407 2396 nolite
1422 2367 1487 2394 dare
1507 2368 1595 2395 locum
1612 2367 1709 2396 diabo-

925 2411 951 2437 lo
962 2411 996 2444 7’;
1010 2422 1017 2437 ι
1033 2412 1058 2438 id
1073 2417 1124 2442 est.
1137 2420 1170 2439 ne
1182 2413 1272 2447 pravis
1285 2412 1492 2447 cogitationibus
1503 2412 1707 2445 consentiendo,

925 2458 1014 2485 Solent
1027 2458 1140 2492 justitiae
1153 2459 1290 2486 Christum
1304 2460 1450 2490 irritantes,
1460 2459 1581 2486 efficiatis
1597 2463 1626 2486 ut
1641 2460 1709 2486 occi-

923 2504 969 2531 dat
993 2504 1020 2531 in
1043 2505 1125 2540 324
1144 2505 1271 2533 cordibus
1286 2507 1398 2538 vestris,
1415 2510 1443 2533 ut
1458 2513 1490 2533 ne
1509 2506 1568 2540 ejus
1583 2506 1706 2534 discessu

923 2550 1015 2577 locum
1040 2551 1066 2578 in
1085 2552 1161 2579 vobis
1175 2552 1293 2579 inveniat
1307 2552 1440 2579 diabolus.
1458 2552 1495 2587 (8)
1521 2552 1558 2579 De
1574 2553 1628 2579 isto
1649 2553 1707 2580 sole

926 2595 963 2621 ait
978 2595 1048 2622 Deus
1059 2603 1106 2630 per
1116 2597 1273 2631 prophetam
1285 2606 1291 2623 :
1305 2607 1313 2622 1
1326 2596 1495 2624 Timentibus
1507 2605 1604 2624 nomen
1617 2604 1704 2623 meum

926 2642 1030 2668 orietur
1045 2641 1090 2669 Sol
1101 2643 1223 2677 justitite,
1239 2648 1266 2670 et
1279 2643 1413 2671 medicina
1424 2644 1475 2671 erit
1490 2644 1515 2670 in
1528 2644 1579 2671 alis
1589 2643 1702 2676 eius".n

932 2732 953 2748 ¹⁹
972 2731 1038 2759 Luc.
1057 2740 1092 2764 iv,
1111 2732 1154 2760 25.
1192 2733 1214 2749 7"
1236 2732 1317 2760 Marc.
1339 2741 1390 2765 vlt,
1406 2733 1450 2760 25.
1488 2733 1510 2749 "
1531 2732 1602 2760 Psal.
1619 2740 1657 2761 tv.
1674 2731 1702 2760 5.

955 2842 992 2875 (7)
1010 2841 1078 2869 Ibid.
1095 2849 1118 2868 c.
1136 2842 1160 2872 7,
1174 2841 1200 2868 8.

956 2877 998 2914 (ε)
1009 2877 1078 2905 ibid.
1091 2884 1115 2905 υ.
1129 2877 1155 2904 a.

1666 163 1717 190 830
1763 148 1768 151 ’
