1940 3068
246 154 294 183 891

802 156 830 183 S.
852 155 1079 183 ATHANASIUS.
1100 170 1133 177 —-
1154 156 1265 184 DL'BH.

1793 155 1850 184 892

236 215 313 249 Quod
326 216 348 244 si
362 216 464 243 dictum
482 216 547 243 illud
562 216 705 251 (Apostoli)
723 216 755 243 ad
771 217 886 243 litteram
901 218 1016 251 accipia-

1068 217 1152 252 σόλῳ·
1173 227 1183 243 ι
1200 218 1320 244 τουτέστι
1336 217 1372 252 μὴ
1390 217 1612 252 παρασκευάσητε
1630 217 1674 244 τὸν
1692 217 1784 244 Ἥλιον
1798 218 1851 252 τῆς

237 270 308 293 unus.
323 269 356 289 ue
368 262 475 296 quidem
489 261 521 288 ad
537 269 665 289 occasum
679 270 764 296 usque
780 263 846 290 solis
862 263 1019 289 conceditur

236 307 315 335 nobis
326 312 354 334 ut
372 308 438 333 iram
452 314 602 334 servemus.
619 307 656 343 (9)
683 307 752 340 Quid
769 308 850 342 igitur
864 308 898 335 de
913 308 965 335 illis
978 307 1020 334 di-

236 360 337 384 cemus.
351 352 397 387 qui
417 353 523 380 feritate
555 359 635 387 atque
661 353 766 380 insania
787 353 872 380 vitiati
896 353 1018 386 allectus,

235 407 289 426 non
305 400 337 426 ad
356 407 442 434 usque
461 399 528 426 solis
553 399 669 433 hujusce
686 407 815 427 occasum
832 400 1018 427 tantummodo

235 449 345 472 servant
359 445 445 478 iram;
465 445 511 472 sed
526 445 607 472 etiam
625 445 658 472 ad
675 446 774 472 multos
793 445 850 472 dies
865 445 1019 480 producunt

235 499 305 522 eam.
322 499 337 518 a
353 496 448 518 mutuo
467 491 603 525 colloquio
621 491 789 518 abstinentes
803 501 810 518 :
825 499 911 526 neque
926 491 1018 518 verbis

235 538 350 565 ulterius
376 537 546 564 iracundiam
562 537 718 572 exprimunt
735 543 822 567 suam.
844 537 891 563 sed
911 537 1018 564 silentio

235 582 268 608 ad
283 582 397 610 invicem
421 587 540 614 servato,
557 583 633 610 virus
650 582 786 609 memoriae
809 582 970 615 injuriarum
984 582 1017 608 ad

235 636 310 655 suam
327 628 474 663 perniciem
494 627 662 660 accendunt;
682 628 839 662 ignorantes
864 635 918 654 non
937 627 1016 654 modo

235 680 248 699 a
268 677 379 707 peccato
393 673 463 707 quod
483 681 565 708 opere
579 677 751 708 perpetratur
765 672 953 699 abstinendum
973 680 1018 700 es-

235 728 281 752 se;
299 720 347 747 sed
364 721 444 747 etiam
463 721 496 747 ab
510 729 542 747 eo
556 720 629 754 quod
645 721 672 747 in
690 723 779 747 mente
798 720 969 754 concipitur;
983 727 1017 747 ne

235 766 353 793 tenebris
372 765 568 793 recordationis
584 765 745 800 injuriarum
766 765 911 791 obscurata
927 772 1015 797 mens,

235 809 344 836 excidat
357 817 372 836 a
389 810 491 836 lumine
504 810 677 844 cognitionis,
695 817 727 836 ac
739 809 921 840 discretionis,
935 813 1016 844 atque

235 854 354 888 privetur
374 854 462 881 sancti
493 854 612 890 Spiritus
643 854 817 881 habitatione.
836 854 891 887 (l0)
916 854 1016 888 Quam-

234 900 413 934 obrem-jubet
429 899 559 927 Dominus
571 900 598 927 in
613 899 801 934 Evangeliis",
819 900 933 934 relinqui
951 908 1011 926 ntu-
1030 889 1051 916 Β

235 953 287 972 nus
306 953 387 980 super
401 945 496 977 altare,
519 950 546 972 et
564 945 734 972 reconciliari
752 945 848 972 fratri:
866 945 938 979 quod
956 945 1013 972 ﬁeri

234 995 349 1026 nequeat
364 995 503 1025 acceptum
517 999 615 1017 munus
625 998 696 1022 esse,
710 991 788 1018 nobis
804 992 843 1017 ira
856 999 887 1017 ac
900 991 1013 1025 injuria-

234 1044 293 1063 ru-m
308 1037 437 1064 memoria
455 1036 606 1070 occupatis.
634 1036 780 1070 Apostolus
801 1043 866 1063 vero
886 1044 948 1064 cum
967 1037 1014 1070 ait,

233 1082 293 1109 sine
318 1082 521 1110 intermissione
538 1081 671 1108 orandum
696 1082 808 1113 esse”,
833 1082 861 1109 in
888 1083 1016 1117 omnique

233 1130 292 1155 luco
306 1128 451 1156 elevandas
472 1136 534 1155 esse
547 1131 657 1155 sanctas
677 1136 784 1160 manus,
805 1128 907 1162 absque
925 1127 963 1154 ira
980 1128 1015 1160 ⁷⁷,

233 1175 336 1202 etiamsi
350 1175 376 1201 in
390 1175 447 1202 sola
464 1174 629 1209 cogitatione
640 1174 685 1206 sit,
702 1174 727 1200 id
745 1174 877 1209 agendum
894 1181 954 1201 esse
968 1174 1017 1201 do-

232 1227 284 1247 I't'l.
299 1219 484 1254 Restatigitur
500 1223 529 1246 ut
541 1220 583 1247 vel
598 1227 735 1254 nunquam
752 1227 871 1250 oremus,
884 1223 963 1254 atque
979 1219 1017 1246 ita

233 1265 342 1292 obnoxii
359 1265 443 1292 simus
456 1265 611 1299 Apostnlico
631 1269 784 1299 praecepto;
803 1269 848 1292 aut
869 1265 892 1292 si
915 1273 1017 1299 praece-

233 1316 278 1346 pta
292 1319 400 1339 servare
415 1319 552 1343 curemus,
568 1316 597 1338 ut
613 1311 715 1345 absque
730 1311 771 1338 ira
783 1315 811 1338 ct
825 1311 1015 1339 recordatione

232 1358 391 1391 iujuriarum
403 1357 468 1384 illud
480 1365 601 1392 agamus.
615 1357 671 1392 (ll)
688 1358 720 1384 At
731 1357 948 1392 quandoquidem
961 1357 1018 1392 ple-

231 1408 345 1435 rumque
365 1401 513 1435 contingit,
540 1405 569 1427 ut
596 1401 763 1428 contristatis
781 1405 828 1427 aut
854 1401 1018 1435 perturbatis

232 1446 372 1477 fratribus,
382 1454 432 1473 nos
442 1454 497 1472 rem
506 1451 724 1477 contemnamus,
733 1450 814 1480 atque
824 1446 956 1475 dicamus.
965 1453 1018 1472 non

232 1500 284 1519 nos
301 1492 327 1518 in
343 1499 426 1519 causa
442 1499 504 1520 esse
520 1492 592 1526 quod
614 1493 652 1519 illi
679 1493 897 1525 contristentur;
913 1493 1019 1519 anima-

232 1545 292 1564 rum
308 1537 445 1569 medicus,
471 1542 500 1564 ut
517 1537 564 1564 irae
585 1538 745 1565 occasiones
763 1538 894 1564 radicitus
920 1538 1018 1564 erellat

232 1591 263 1610 ex
281 1583 363 1610 corde
378 1587 473 1610 nostro
484 1583 522 1615 ⁷⁸,
541 1591 597 1610 non
610 1583 689 1610 modo
709 1584 731 1610 si
749 1591 799 1611 nos
822 1583 975 1610 contristati
989 1587 1017 1610 et
1031 1579 1046 1590 ’ί

233 1628 294 1655 irati
309 1629 394 1656 simus
410 1628 436 1655 in
450 1628 559 1656 fratrem
578 1633 714 1661 nostrum,
727 1628 803 1663 jubet
820 1632 849 1656 ut
864 1636 964 1656 munus
975 1636 1018 1656 re-

232 1675 398 1710 linquamus,
415 1679 441 1702 et
458 1676 666 1703 reconciliemur
684 1675 735 1710 ipsi
749 1684 756 1708 ;
774 1675 820 1702 sed
836 1676 943 1703 etiamsi
958 1676 1017 1710 ipse

233 1720 261 1746 in
293 1729 343 1748 nos
360 1721 421 1755 jure
446 1729 479 1748 an
505 1721 604 1755 injuria
632 1723 777 1749 irascatur.
793 1725 822 1747 ut
843 1721 1019 1748 excusatione

235 1766 330 1789 nostra
344 1763 410 1789 iram
431 1763 491 1796 ejus
511 1763 648 1794 sedemus.
673 1767 701 1790 et
720 1768 790 1790 tune
805 1771 906 1790 munus
920 1763 1017 1790 offera-

232 1814 306 1835 mus.
328 1807 382 1841 (ιε)
399 1806 451 1833 Sed
475 1806 540 1842 quid
565 1807 668 1834 diutius
693 1807 856 1842 evangelicis
871 1811 897 1833 et
913 1812 1020 1842 aposto-

234 1851 451 1889 licispraaceptis
466 1852 650 1882 immoremur,
663 1860 724 1878 cum
740 1860 772 1879 ex
786 1852 869 1879 veteri
886 1853 948 1879 item
961 1855 1019 1888 lege

234 1895 316 1922 liceat
336 1896 387 1923 hoc
402 1897 541 1924 ediscere:
557 1904 623 1932 ῳιιε-
633 1897 740 1924 tametsi
754 1905 787 1924 ex
809 1898 854 1924 illa
875 1898 1019 1926 severitate

232 1941 376 1969 deﬂectere
396 1949 428 1969 ac
450 1950 511 1969 sese
529 1946 709 1977 attemperare
723 1943 840 1974 videtur,
858 1944 894 1970 ita
911 1944 992 1972 habet
1008 1953 1015 1972 :

235 1997 247 2012 ι
262 1986 302 2015 Ne
314 1987 404 2015 oderis
421 1987 530 2015 fratrem
541 1991 617 2014 tuum
633 1988 660 2014 in
677 1988 758 2016 corde
773 1995 819 2016 tuo
828 1990 851 2005 ⁷⁹
862 2009 870 2017 .
886 1999 894 2015 ι
907 1989 945 2016 Ac
957 1998 1018 2017 rur-

232 2042 292 2061 sum
311 2043 318 2062 :
336 2043 346 2060 ι
366 2033 422 2061 Viae
436 2042 529 2061 eorum
548 2035 594 2069 qui
611 2034 774 2069 iniuriarum
800 2036 958 2062 memoriam
975 2041 1016 2063 tc-

232 2084 314 2112 nent,
337 2080 370 2107 ad
390 2084 503 2107 mortetn
515 2080 553 2106 ¹¹⁰.
574 2090 584 2106 ι
611 2080 667 2108 Hoc
684 2081 756 2108 enim
782 2081 841 2108 loco
864 2090 918 2108 non
937 2082 1018 2109 modo

233 2133 292 2152 eam
311 2133 372 2161 qua:
398 2126 424 2152 in
450 2133 519 2161 opus
545 2127 708 2161 prorumpit,
736 2127 783 2154 sed
799 2135 858 2153 eam
882 2127 944 2154 item
957 2135 1017 2161 quae

232 2176 322 2200 mente
331 2173 463 2200 retinetur
477 2172 557 2202 iram,
573 2176 646 2198 vetat
657 2176 738 2207 atque
751 2172 901 2200 ulciscitur.
912 2173 1015 2206 Quatu-

1068 261 1239 297 δικαιοσύνης
1264 263 1395 298 Χριστὸν,
1420 264 1627 299 παροργίζοντες
1655 264 1733 291 αὑτὸν
1759 266 1789 291 ὲν
1811 266 1849 300 τῇ

1067 306 1122 332 τῶν
1147 307 1255 340 φαύλων
1274 307 1408 343 λογισμῶν
1429 309 1632 342 συγκαταθέσει,
1655 309 1776 335 ἐπιδῦναι
1797 308 1850 341 τὰς

1068 352 1180 386 καρδίας
1203 352 1292 387 ὑμῶν·
1309 353 1352 380 ἵνα
1375 353 1412 389 μὴ
1432 355 1464 388 τῇ
1484 354 1653 389 ἀναχωρήσει
1677 354 1758 380 αὑτοῦ
1779 354 1849 389 εὕρῃ

1067 398 1096 423 ὲν
1113 399 1175 433 ὑμῖν
1192 399 1272 425 τύπον
1288 400 1301 425 ὁ
1312 399 1443 430 διάϐολος.
1459 400 1526 435 Περὶ
1541 399 1635 426 τούτου
1649 400 1694 426 τοῦ
1707 399 1782 434 ἡλίου
1800 400 1850 427 καὶ

1067 444 1082 469 ὸ
1097 443 1161 474 Θεὸς
1172 443 1216 470 διὰ
1230 444 1275 470 τοῦ
1293 445 1431 480 προφήτου
1446 445 1534 479 λέγει·
1559 455 1568 471 ι
1597 446 1658 477 Τοῖς
1671 446 1699 472 δέ
1713 446 1850 481 φοϐουμέ-

1067 497 1122 520 νοις
1141 490 1171 516 τὸ
1192 490 1276 525 δνομά
1295 499 1344 525 μου
1362 491 1484 517 ἀνατελεῖ
1497 491 1589 523 Ἥλιος
1603 491 1784 524 δικαιοσύνης,
1802 492 1850 518 καὶ

1069 536 1139 568 ἴασις
1155 537 1227 563 ἔσται
1248 538 1277 563 ἐν
1302 539 1361 569 ταῖς
1380 537 1504 572 πτέρυξιν
1530 538 1620 565 αὑτοῦ.
1651 548 1660 563 ι
1693 539 1723 564 El
1745 539 1773 565 δὲ
1801 539 1851 565 καὶ

1068 582 1138 608 κατὰ
1160 582 1190 608 τὸ
1212 583 1327 617 γράμμα
1343 583 1500 618 ἐκλάὸωμεν
1519 583 1548 610 τὸ
1571 583 1658 618 ῥητὸν,
1681 583 1740 610 οὐδὲ
1766 583 1850 618 μέχρι

1067 626 1168 658 δύσεως
1189 627 1263 661 ἡλίου
1290 629 1469 663 συγχωρεῖται
1490 629 1554 662 ἡμῖν
1574 628 1715 662 φυλάττειν
1733 628 1783 663 τὴν
1801 628 1851 662 ὀρ-

1066 672 1127 707 γήν.
1145 672 1176 698 Τί
1192 670 1237 698 οὖν
1250 672 1364 707 ἐροῦμεν
1382 673 1444 708 περὶ
1459 673 1570 703 τούτων,
1586 673 1682 704 οἵτινες
1701 674 1732 708 τῇ
1756 673 1851 708 ἀγριό-

1065 725 1128 752 τητι
1150 719 1196 744 καὶ
1219 719 1301 753 μανία
1326 719 1375 753 τῆς
1396 718 1534 753 ἐμπαθοῦς
1551 718 1706 752 διαθέσεως,
1717 719 1746 745 οὐ
1769 719 1850 754 μόνον

1069 763 1150 798 μέχρι
1160 763 1262 794 δύσεως
1274 763 1366 789 τούτου
1378 763 1425 789 τοῦ
1434 763 1508 798 ἡλίου
1521 763 1677 798 διατηροῦσι
1691 764 1739 798 τὴν
1751 764 1849 799 ὀργὴν,

1067 808 1132 835 ἀλλὰ
1149 809 1195 834 καὶ
1209 809 1255 834 ἐπὶ
1275 808 1401 839 πλείστας
1417 809 1521 843 ἡμέρας
1543 808 1748 844 παρατείνουσιν
1763 808 1850 844 αὐτὴν

1067 854 1298 890 παρασιωπῶντες
1321 854 1368 880 ἀπ’
1391 853 1521 888 ἀλλήλων,
1540 853 1629 880 οὐκέτι
1656 854 1705 888 μὲν
1728 854 1771 880 διὰ
1793 853 1850 880 τῶν

1066 900 1195 935 ῥημάτων
1218 899 1377 935 ἐκφέροντες
1400 899 1498 934 αὐτὴν,
1522 900 1554 934 τῇ
1580 899 1608 926 δὲ
1631 900 1697 934 πρὸς
1717 899 1849 935 ἀλλήλους

1065 947 1152 981 σιωπῇ
1176 945 1220 972 τὸν
1241 946 1289 980 τῆς
1307 945 1489 980 μνησικακίας
1511 945 1548 971 ιὸν
1570 945 1608 977 εἰς
1632 945 1741 980 ὀλεθρον
1757 945 1848 972 αὐτῶν

1066 991 1241 1024 ἐξάπτοντες,
1260 991 1427 1024 ἀγνοοῦντες,
1447 992 1487 1017 ὅτι
1511 990 1547 1026 μὴ
1569 991 1647 1026 μόνον
1667 992 1698 1017 ἐκ
1714 991 1763 1026 τῆς
1787 992 1847 1017 κατ’

1065 1037 1204 1072 ἐνέργειαν
1221 1037 1357 1072 ἁμαρτίας
1372 1036 1520 1072 ἀπέχεσθαι
1533 1036 1582 1068 δεῖ,
1597 1037 1664 1063 ἀλλὰ
1677 1037 1722 1063 καὶ
1731 1037 1784 1063 ἀπὸ
1797 1036 1848 1072 τῆς

1066 1082 1135 1110 κατὰ
1151 1083 1277 1114 διάνοιαν,
1297 1084 1340 1109 ἵνα
1365 1083 1412 1118 μὴ,
1426 1082 1465 1117 τῷ
1487 1083 1576 1109 σκότει
1599 1083 1648 1118 τῆς
1667 1082 1848 1118 μνησικακίας

1065 1128 1080 1154 ὁ
1093 1128 1154 1160 νοῦς
1167 1128 1350 1163 ἀμαυρωθεὶς,
1365 1127 1468 1163 ἐκπέσῃ
1483 1128 1529 1154 τοῦ
1546 1129 1633 1163 φωτὸς
1648 1129 1697 1163 τῆς
1709 1129 1846 1162 γνώσεως.

1066 1174 1113 1201 καὶ
1136 1174 1185 1209 τῆς
1209 1174 1386 1210 διακρίσεως,
1409 1176 1455 1202 καὶ
1481 1175 1596 1210 στερηθῇ
1621 1175 1670 1209 τῆς
1697 1174 1744 1201 τοῦ
1769 1175 1848 1208 ἁγίου

1067 1221 1222 1255 Πνεύματος
1242 1221 1383 1256 οἰκήσεως.
1400 1221 1450 1248 Διὰ
1469 1221 1522 1257 γὰρ
1543 1221 1620 1247 τοῦτο
1643 1221 1688 1247 καὶ
1711 1221 1725 1247 ὁ
1746 1221 1848 1255 Κύριος

1067 1266 1096 1292 ἐν
1109 1266 1284 1300 Εὐαγγελίοις
1296 1267 1400 1294 κελεύει
1418 1268 1524 1302 ἀφεῖναι
1546 1267 1575 1294 τὸ
1591 1267 1674 1303 δῶρον
1696 1267 1740 1293 ἐπὶ
1754 1267 1783 1293 τὸ
1799 1267 1848 1293 θυ-

1069 1313 1236 1347 σιαστήριον,
1250 1313 1295 1338 καὶ
1313 1313 1516 1340 διαλλάττεσθαι
1529 1313 1567 1348 τῷ
1582 1313 1701 1348 ἀδελψῷ·
1723 1313 1782 1339 ἐπεὶ
1809 1313 1847 1349 μὴ

1067 1357 1177 1384 δυνατὸν
1201 1358 1394 1393 εὐπρόσδεκτον
1415 1359 1551 1392 γενέσθαι,
1575 1359 1661 1394 θυμοῦ
1684 1359 1730 1385 καὶ
1751 1366 1846 1394 μνησι-

1068 1404 1166 1435 κακίας
1188 1404 1404 1440 ἐναποκειμένων
1426 1406 1500 1440 ἡμῖν.
1526 1406 1579 1432 Καὶ
1597 1405 1610 1431 ὁ
1640 1405 1797 1436 Ἀπόστολος
1819 1405 1849 1432 δὲ

1067 1448 1153 1483 λέγων
1168 1449 1344 1482 ἀδιαλείπτως
1360 1451 1564 1486 προσεύχεσθαι,
1582 1451 1628 1477 καὶ
1642 1451 1671 1477 ὲν
1682 1450 1761 1477 παντὶ
1774 1451 1849 1485 τύπῳ

1069 1494 1192 1529 ἐπαίρειν
1213 1494 1290 1526 ὁσίας
1310 1496 1412 1530 χεῖρας,
1430 1495 1512 1531 χωρὶς
1536 1495 1619 1530 ὀργῆς
1639 1495 1686 1521 καὶ
1715 1494 1757 1520 διὰ
1775 1494 1849 1528 λογι-

1069 1539 1144 1573 σμῶν
1161 1538 1236 1566 τοῦτο
1249 1540 1322 1574 ἡμᾶς
1333 1539 1461 1566 διδάσκει.
1475 1540 1781 1576 Περιλείπεταιτοίνυνῆ
1795 1545 1848 1574 μηο

1067 1585 1162 1611 ῦέποτε
1174 1585 1380 1620 προσεύχεσθαι,
1396 1586 1442 1612 καὶ
1455 1586 1523 1612 κατὰ
1534 1585 1611 1612 τοῦτο
1624 1585 1765 1616 ὑποδίκους
1779 1583 1848 1613 εἶναι

1068 1629 1106 1665 τῷ
1126 1629 1294 1664 ἀποστολικῷ
1309 1631 1524 1665 παραγγέλματι,
1542 1631 1558 1666 ἢ
1581 1630 1776 1661 σπουδάζοντας
1797 1638 1844 1664 φυ-

1068 1674 1174 1701 λάττειν
1191 1675 1225 1701 τὰ
1239 1675 1445 1710 προστάγματα,
1461 1675 1543 1710 χωρὶς
1558 1675 1643 1709 ὀργῆς
1655 1675 1702 1701 καὶ
1717 1682 1848 1710 μνησικαη

1067 1720 1128 1752 κίας
1141 1719 1219 1746 τοῦτο
1241 1722 1335 1747 ποιεῖν.
1359 1721 1413 1747 Καὶ
1427 1721 1519 1756 ἐπειδὴ
1535 1721 1662 1752 πολλάκις
1674 1721 1847 1756 λυπηθέντων

1067 1766 1188 1800 ἀδελφῶν
1227 1766 1414 1801 ταραχθέντων
1426 1766 1640 1801 περιῳρονοῦμεν
1652 1766 1786 1800 λέγοντες,
1799 1767 1847 1793 οὑν

1068 1811 1096 1843 ἐξ
1113 1810 1248 1846 ἡμετέρας
1261 1811 1350 1842 αἰτίας
1368 1810 1476 1842 τούτους
1497 1810 1673 1846 λελυπῆσθαι,
1690 1812 1704 1837 ό
1724 1810 1778 1837 τῶν
1800 1811 1837 1845 eu

1069 1856 1123 1891 χῶν
1146 1856 1235 1893 ἰατρὸς
1259 1856 1307 1888 τὰς
1331 1856 1480 1891 προφάσεις
1502 1856 1550 1890 τῆς
1573 1857 1658 1892 ὀργῆς
1673 1856 1776 1891 ῥιζόθεν
1798 1857 1846 1883 ἀπὲ

1068 1900 1180 1935 καρδίας
1204 1900 1359 1927 ἀνασπάσαι
1377 1900 1545 1935 βουλόμενος,
1565 1901 1595 1926 οὺ
1613 1900 1691 1935 μόνον
1715 1901 1739 1926 εἰ
1759 1901 1841 1936 τύχοι·

1069 1955 1119 1981 μεν
1135 1947 1212 1981 ἡμεῖς
1229 1946 1407 1981 λελυπημένοι
1422 1946 1491 1972 κατὰ
1513 1945 1560 1972 τοῦ
1575 1946 1698 1980 ἀδελφοῦ.
1716 1947 1846 1982 προστάσ-

1069 2001 1110 2019 σει
1137 1993 1245 2027 ἀφιέναι
1269 1992 1299 2018 τὸ
1328 1993 1431 2028 δῶρον.
1456 1992 1501 2018 καὶ
1524 1992 1724 2019 διαλλάττεσθαι
1746 1992 1848 2028 τούτῳσ

1067 2040 1134 2066 ἀλλὰ
1156 2040 1203 2066 καὶ
1224 2041 1247 2066 εἰ
1264 2038 1345 2070 αὐτὸς
1365 2039 1511 2074 λελύπηται
1528 2039 1589 2065 καθ’
1603 2039 1680 2074 ἡμῶν
1702 2039 1813 2070 δικαίως
1831 2040 1848 2075 ἢ

1067 2086 1178 2117 ἀδίκως,
1200 2085 1293 2112 τοῦτον
1314 2085 1358 2111 διὰ
1380 2086 1429 2119 τῆς
1453 2085 1597 2118 ἀπολογίας
1612 2084 1781 2120 θεραπεύειν,
1804 2086 1847 2112 καὶ

1067 2131 1126 2157 τότε
1150 2131 1313 2166 προσφέρειν
1338 2131 1367 2157 τὸ
1388 2130 1482 2165 δῶρον.
1509 2130 1588 2156 Ἀλλὰ
1612 2130 1637 2156 τί
1659 2130 1773 2157 ἐπιπολὺ
1797 2132 1848 2163 τοῖς

1068 2176 1254 2210 εὐάγγελικοῖς
1268 2177 1314 2203 καὶ
1327 2176 1512 2207 ἁποστολικοῖς
1528 2175 1749 2210 παραγγέλμασιν
1763 2177 1846 2203 ἐνδια-

232 2219 325 2246 obrem
353 2210 590 2253 oportet'diviuis
617 2218 723 2253 legibus
753 2218 925 2250 inharentes,
952 2220 1016 2247 totis

1067 2222 1205 2257 τρίὸομεν,
1222 2222 1280 2254 ἐξὸν
1303 2223 1349 2248 καὶ
1371 2222 1424 2248 ἀπὸ
1445 2221 1491 2248 τοῦ
1513 2221 1628 2248 παλαιοῦ
1652 2222 1734 2256 νόμου
1757 2223 1849 2257 μαθεῖν

232 2264 339 2292 viribus
362 2267 458 2290 contra
488 2263 615 2298 spiritum
631 2264 678 2291 irae
701 2264 853 2295 decertare,
872 2269 898 2291 et
918 2270 1014 2292 contra

232 2310 357 2338 morbum
375 2310 450 2336 illum
465 2310 535 2336 intra
550 2317 600 2337 nos
615 2309 697 2337 situm
715 2319 722 2337 :
740 2318 827 2345 neque
847 2316 943 2338 contra
965 2311 1014 2338 ho—

233 2356 320 2383 mines
344 2355 412 2382 iram
428 2355 582 2387 concitare.
598 2362 630 2382 ac
650 2355 710 2382 ideo
730 2355 902 2383 solitudinem
926 2361 952 2383 et
968 2364 1013 2383 se-

232 2400 416 2436 gregationem
440 2401 612 2432 consectari;
636 2409 691 2436 quo
716 2402 818 2429 scilicet
845 2403 952 2429 nemine
975 2402 1010 2429 ibi

233 2451 367 2482 praesente
380 2447 426 2482 qui
449 2455 499 2474 nos
515 2447 632 2474 concitet
646 2447 679 2474 ad
694 2447 774 2479 iram,
789 2447 876 2474 virtus
892 2448 1013 2482 aequani-

234 2492 339 2519 mitatis
355 2493 434 2520 facile
448 2493 477 2520 in
499 2492 646 2520 solitudine
669 2497 829 2520 exerceatur
847 2502 853 2520 τ
876 2501 936 2520 nam
957 2499 1013 2520 tum

233 2545 265 2564 ex
281 2537 406 2572 superbia
420 2557 426 2568 ,
442 2542 497 2564 tum
509 2537 581 2572 quod
605 2537 722 2564 nolimus
741 2545 791 2565 nos
813 2538 885 2572 ipsos
907 2539 1016 2566 incusa-

234 2590 276 2613 re.
290 2586 444 2616 nostraeque
457 2581 582 2617 segnitiei
598 2581 646 2609 ira:
660 2589 758 2608 causas
771 2582 915 2610 ascribere.
932 2582 1013 2609 effici-

235 2632 280 2654 tur
300 2631 330 2654 ut
353 2631 511 2662 exoptemus
526 2635 542 2654 a
564 2626 693 2654 fratribus
715 2627 862 2662 segregari.
889 2627 1014 2660 Quamliu

236 2672 328 2707 itaque
357 2672 550 2700 imbecillitatis
576 2677 674 2700 nostra:
692 2679 790 2699 causas
813 2672 873 2700 aliis
897 2672 1014 2707 imputa-

1065 2266 1153 2298 τοῦτο,
1180 2266 1219 2298 ὃς.
1246 2266 1293 2293 καὶ
1319 2265 1521 2300 συγκατάϐασιν
1544 2266 1593 2300 τῆς
1617 2267 1758 2301 ἀκριὸείας
1781 2267 1849 2302 ἔχειν

1065 2311 1161 2342 δοκῶν,
1179 2311 1239 2337 τάδε
1266 2311 1348 2346 φησί⁹
1377 2321 1387 2337 ι
1410 2311 1455 2346 Μὴ
1481 2311 1598 2348 μισήσῃς
1612 2311 1657 2337 τὸν
1677 2312 1789 2346 ἀδελφόν
1805 2321 1850 2338 σου

1066 2356 1096 2382 ὲν
1109 2357 1141 2391 τῇ
1156 2355 1253 2391 καρδίᾳ
1270 2365 1332 2382 σου·
1353 2366 1362 2382 ι
1382 2357 1428 2383 καὶ
1444 2356 1540 2383 πάλιν·
1560 2366 1569 2381 ι
1594 2357 1662 2383 Ὀδοὶ
1677 2357 1850 2391 μνησικάκων

1065 2401 1104 2431 εἰς
1121 2400 1244 2426 θάνατον.
1269 2410 1277 2426 ι
1303 2400 1357 2426 Καὶ
1373 2400 1487 2427 ἐνταῦθα
1503 2400 1557 2436 γὰρ
1571 2400 1600 2426 οὐ
1625 2400 1704 2435 μόνον
1718 2401 1767 2436 τὴν
1791 2403 1850 2428 κατ’

1065 2446 1213 2481 ἐνέργειαν,
1236 2445 1303 2472 ἀλλὰ
1325 2447 1372 2472 καὶ
1395 2447 1444 2482 τὴν
1469 2446 1540 2473 κατὰ
1561 2446 1680 2472 διάνοιαν
1696 2446 1781 2481 ὀργὴν
1799 2456 1850 2474 κω-

1067 2491 1124 2518 λύει
1147 2492 1195 2518 καὶ
1215 2491 1331 2524 κολάζει.
1347 2492 1392 2518 Διὸ
1413 2492 1556 2527 προσήκει,
1577 2492 1631 2523 τοῖς
1656 2491 1738 2522 θείοις
1760 2491 1851 2526 νόμοις

1070 2537 1289 2569 ἀκολουθοῦντας,
1309 2538 1382 2573 πάσῃ
1397 2537 1508 2572 δυνάμει
1522 2536 1701 2571 ἀγωνίζεσθαι
1718 2537 1789 2563 κατὰ
1805 2536 1851 2564 τοῦ

1067 2582 1221 2617 πνεύματος
1242 2582 1291 2617 τῆς
1307 2582 1400 2617 ὀργῆς,
1427 2583 1472 2608 καὶ
1496 2581 1566 2608 κατὰ
1589 2581 1638 2616 τῆς
1653 2581 1725 2607 ἔνδον
1741 2581 1770 2607 ἐν
1786 2582 1852 2616 ἡμῖν

1067 2627 1250 2662 ἀποκειμένης
1266 2628 1360 2653 νόσου·
1385 2627 1431 2654 καὶ
1457 2626 1504 2661 μὴ,
1530 2626 1600 2653 κατὰ
1623 2625 1677 2652 τῶν
1701 2625 1850 2660 ἀνθρώπιον

1068 2673 1113 2699 τὸν
1134 2672 1217 2707 θυμὸν
1233 2672 1381 2704 κινοῦντας,
1403 2671 1518 2706 ἐρημίαν
1533 2672 1579 2698 καὶ
1595 2671 1710 2707 μόνωσιν
1724 2671 1850 2706 μεταδιώ-

273 2749 295 2764 "
311 2749 409 2788 Matth.
427 2757 454 2781 ν,
471 2749 516 2776 94.
553 2749 576 2765 ’⁸
596 2748 604 2775 Ι
621 2749 716 2776 Thess.
735 2756 761 2775 ν.
785 2748 824 2775 17.
862 2748 883 2764 ⁷⁷
904 2747 913 2774 l
930 2748 998 2776 Titii.

1072 2749 1098 2776 8.
1137 2749 1159 2765 "
1179 2748 1272 2776 Matth.
1291 2757 1318 2776 v.
1334 2749 1378 2775 2f.
1417 2749 1439 2764 ⁷⁵
1461 2749 1545 2776 chit.
1564 2757 1626 2781 xix,
1646 2749 1688 2776 17.
1727 2748 1750 2765 ³⁸
1770 2747 1854 2776 Prov:

238 2791 293 2814 xu.
309 2783 355 2810 25.

271 2829 390 2864 (9)lhid.
403 2837 426 2855 c.
443 2829 540 2858 10.“.

273 2862 331 2898 (ιο)
345 2863 410 2890 Ibid.
427 2872 451 2891 c.
472 2864 513 2892 ta.

1107 2827 1161 2861 (ll)
1178 2827 1244 2854 Ibid.
1263 2836 1286 2854 ρ.
1310 2827 1349 2854 l3.

1105 2863 1159 2898 (t2)
1173 2863 1238 2891 Ibid.
1253 2871 1277 2891 c.
1296 2863 1337 2891 14.
1356 2863 1398 2890 l5.
