1940 3068
112 170 168 201 893

669 173 835 202 EPISTOLA
856 173 876 201 ll
896 174 941 201 AD
959 175 1157 203 CASTOIU'ZM.

1678 178 1729 208 894

113 241 189 259 κειν·
207 233 244 264 ὡς
259 233 316 259 ἐκεῖ
335 232 424 268 δῆθεν,
439 233 484 260 καὶ
505 233 618 269 μηδενὸς
636 234 710 265 δντος
726 235 772 261 τσῦ
795 234 897 261 κινοῦν-

951 244 1022 265 inus,
1037 235 1207 270 impossibile
1220 238 1262 262 cst
1280 243 1329 262 nos
1346 235 1378 262 ad
1398 235 1589 270 perfectionem
1610 237 1729 271 aequaui-

112 287 158 310 τος
175 279 248 315 ἡμᾶς
262 280 301 310 εἰς
316 279 411 314 ὀργὴν,
428 279 544 310 εὐκόλως
558 280 586 304 ἐν
601 280 633 315 τῇ
651 279 765 315 μονώπει
781 280 796 315 ἡ
812 280 895 315 ἀρετὴ

111 324 162 359 τῆς
176 323 362 359 μακροθυμίας
387 325 622 360 κατορθωθήσεται
639 333 645 340 “
676 325 729 352 ἀπὸ
758 326 812 360 γὰρ
846 326 893 361 τῆς

112 368 299 404 ὑπερηφανίας
322 368 369 395 καὶ
385 369 431 396 τοῦ
446 370 483 405 μὴ
506 370 592 396 Θέλειν
607 370 760 405 μέμφεσθαι
782 371 894 402 ἑαυτοὺς

112 413 160 439 καὶ
173 414 334 448 ἐπιγράφειν
355 415 387 449 τῇ
413 414 466 449 ίδίᾳ
481 414 600 450 ῥᾳθυμία
621 416 670 446 τὰς
685 415 772 447 αἰτίας
786 416 834 451 τῆς
848 416 894 451 ὀρ-

112 459 174 494 γῆς,
190 460 239 494 τὴν
254 461 286 486 ἐκ
304 460 358 486 τῶν
375 461 495 495 ἀδελφῶν
508 461 680 497 ἀλλοτρίωσιν
701 463 893 498 ὲπιποθοῦμεν.

113 505 186 536 Ἕως
199 505 243 532 ὅτε
256 506 345 532 τοίνυν
361 506 409 541 τῆς
425 507 559 542 ἡμετέρας
576 508 716 540 ἀσθενείας
736 508 785 541 τὰς
806 509 895 541 αἰτίας

111 548 203 581 ἄλλοις
227 551 423 587 ἐπιγράψομεν,
449 552 576 579 ἀδύνατον
601 554 674 588 ἡμᾶς
699 554 765 588 πρὸς
785 554 832 589 τὴν
853 562 895 580 τε-

111 594 220 621 λείωσιν
245 596 295 631 τῆς
322 597 511 633 μακροθυμίας
538 597 648 632 φθάσαι.
675 599 711 625 Τὸ
731 599 784 634 γὰρ
815 599 896 634 κεφά-

111 640 188 684 λαιρν
209 642 257 677 τῆς
279 643 417 678 ἡμετέρας
442 643 624 679 διορθώσεως,
647 645 696 671 οὐκ
718 646 752 671 ἐκ
770 645 819 680 τῆς
842 645 895 671 τῶν

112 686 226 722 πλησίον
240 688 427 723 μακροθυμίας
443 688 493 722 τῆς
511 689 578 724 πρὸς
592 690 665 724 ἡμᾶς
678 689 822 724 γινομένης
833 698 896 715 κιιτ⁴

111 731 249 767 ορθοῦται,
268 733 325 760 ἀλλ’
348 734 380 760 ὲκ
406 734 454 769 τῆς
470 734 605 770 ἡμετέρας
629 735 695 770 πρὸς
718 735 763 761 τὸν
783 735 896 770 πλησίον

113 778 304 814 μακροθυμίας
317 780 363 806 καὶ
382 779 565 811 ἀνεξικακίας.
583 780 665 807 Ὅταν
683 780 712 807 δὲ
725 780 769 807 τὸν
782 780 831 815 τῆς
845 789 896 816 μα-

113 824 265 860 κροθυμίας
278 824 370 859 ἀγῶνα
385 825 530 860 φεύγοντες
543 825 592 861 τὴν
607 826 708 862 ἔρημον
725 826 896 853 καταδιώκω-

114 879 165 906 μεν
178 871 224 897 καὶ
237 871 284 906 τὴν
297 871 422 906 μάνωσιν,
436 872 486 898 ὅσα
499 872 521 898 δ’
537 872 570 898 ἂν
580 872 634 898 τῶν
649 872 788 908 ἡμετέρων
802 872 894 899 παθῶν

111 917 284 952 ἀθεράπευτα
311 918 399 943 ἐκεῖσε
424 917 627 953 ἐπενέγκωμεν,
657 906 892 954 ἐπικεκρυμμένα,
910 906 930 933 Β

111 963 162 990 οὐκ
176 962 367 998 ἐξειλημμένα,
382 962 554 997 τυγχάνουσι.
569 963 622 990 Καὶ
636 963 690 999 γὰρ
703 964 718 999 ἡ
731 963 832 998 ἔρημος
848 962 895 989 καὶ

111 1009 129 1044 ἡ
148 1008 322 1044 ἀναχώρησις
342 1008 398 1045 τοῖς
415 1009 497 1044 μήπω
511 1008 610 1036 παθῶνν
625 1008 842 1044 ἀπηλλαγμένοις
863 1007 894 1033 οὺ

114 1054 194 1089 μόνον
207 1054 348 1089 φυλάττειν
361 1054 504 1080 ἐπίσταται
519 1053 553 1080 τὰ
566 1053 752 1089 ἐλαττώματα,
764 1054 832 1080 ἀλλὰ
849 1052 896 1080 καὶ

112 1099 307 1126 ἐπικαλύπτειν
328 1098 413 1126 ταῦτα
432 1097 497 1126 οἶδε.
522 1099 576 1126 Καὶ
600 1099 660 1126 οὺδέ
685 1098 895 1126 ἐπαισθάνεσθαι

112 1145 211 1176 αὐτοὺς
235 1146 370 1180 συγχωρεί
401 1145 469 1180 ποίῳ
499 1144 578 1172 πάθει
607 1144 757 1180 ἡττῶνται·
790 1145 898 1171 τούναν-

112 1191 168 1217 τίον
188 1191 216 1218 δὲ
238 1192 398 1226 φαντασίαις
421 1191 518 1223 αὐτοὺς
541 1191 696 1223 ὑποϐάλλει,
722 1191 897 1226 κατωρθωκέ-

114 1245 158 1263 ναι
185 1237 282 1268 αὐτοὺς
312 1237 400 1264 πείθει
422 1237 471 1272 τήν
501 1245 531 1263 τε
558 1236 746 1273 μακροθυμίαν
773 1237 819 1262 καὶ
849 1235 897 1271 τὴν

113 1282 287 1314 ταπείνωσιν,
306 1282 358 1313 ἕως
383 1281 420 1318 μὴ
446 1282 575 1318 πάρεστιν
597 1283 612 1308 ὁ
637 1281 747 1313 τούτους
771 1280 898 1318 ἐρεθίζων

114 1328 162 1355 καὶ
195 1328 366 1363 δοκιμάζων·
401 1328 465 1355 ὅταν
493 1328 522 1354 δὲ
555 1328 645 1363 συμϐῇ
673 1329 809 1364 πρόφασις
842 1328 898 1354 τοὺ-

113 1382 177 1406 τους
191 1373 312 1407 κινοῦσα,
329 1374 376 1400 καὶ
395 1373 581 1409 γυμνάζουσα,
595 1373 695 1405 εὺθέως
716 1374 749 1400 τὰ
762 1373 900 1400 ὲναποκεί-

115 1427 185 1455 μενα
209 1419 283 1454 πάθη
302 1419 348 1445 καὶ
369 1418 400 1445 τὸ
411 1418 475 1454 πρὶν
497 1417 677 1451 λανθάνοντα,
701 1418 794 1453 ὥσπερ
823 1417 899 1444 ἵπποι

113 1465 283 1500 ἀχαλίνωτοι,
313 1465 345 1491 ὲκ
372 1463 426 1490 τῶν
459 1464 531 1490 ἰδίων
552 1463 707 1499 ἀφετηρίων
732 1465 900 1499 ἐκπηδήσαν-

113 1520 169 1543 τες,
184 1511 230 1538 καὶ
244 1512 277 1546 τῇ
293 1511 385 1546 μακρᾷ
396 1510 496 1546 ἠσυχίᾳ
510 1510 556 1538 καὶ
573 1510 652 1546 σχολῇ
667 1510 825 1545 τραφέντες,
841 1519 900 1544 σφο-

112 1558 238 1593 δρότερον
257 1557 303 1584 καὶ
321 1555 485 1592 ἀγριιίιτερον
507 1555 574 1590 πρὸς
594 1556 701 1591 ὁλεθρον
717 1555 897 1590 κατασύρουσι
911 1573 932 1600 C

112 1604 159 1630 τὸν
173 1603 237 1630 ἴδιον
253 1603 395 1639 ἐπιϐάτην.
410 1602 493 1629 Πλέον
509 1601 562 1636 γὰρ
578 1601 718 1636 ἀγριοῦται
741 1602 768 1626 ἐν
786 1601 850 1635 ἡμῖν
864 1601 898 1627 τὰ

114 1649 189 1684 πάθη
215 1648 351 1685 ἀργοῦντα
372 1648 422 1683 τῆς
445 1647 476 1680 ἐξ
496 1646 644 1683 ἀνθρώπων
668 1646 828 1681 γυμνασίας,
852 1646 898 1672 καὶ

113 1695 198 1731 αὐτὴν
213 1694 262 1731 τὴν
279 1694 357 1722 σκιὰν
368 1695 417 1729 τῆς
440 1694 576 1729 ὑπομονῆς
591 1693 637 1720 καὶ
651 1692 848 1728 μακροθυμίας,
866 1691 898 1726 ἢν

114 1741 255 1773 σίκονικῶς
269 1741 399 1775 δοκοῦμεν
418 1740 500 1776 ἔχειν,
517 1739 739 1775 ἀναμεμιγμένην
754 1739 809 1769 τοῖς
824 1738 900 1764 ἀδελ-

114 1788 176 1822 φοϊς
189 1788 222 1822 τῇ
238 1786 352 1822 ἀμελείᾳ
370 1786 419 1821 τῆς
436 1786 615 1821 ἀγυμνασίας,
632 1785 678 1812 καὶ
691 1785 739 1820 τῆς
757 1784 899 1819 μονώσεως

112 1833 276 1868 ἀπόλλυμεν.
295 1833 399 1867 Ὥσπερ
419 1831 474 1867 γὰρ
494 1831 527 1858 τὰ
554 1831 643 1857 ίοϐόλα
665 1831 718 1857 τῶν
746 1830 846 1866 θηρίων
871 1830 900 1856 ὲν

113 1877 226 1913 ἐρημίᾳ,
242 1877 289 1904 καὶ
303 1877 331 1903 ἐν
344 1878 404 1908 ταῖς
423 1876 500 1908 ἰδίαις
516 1876 617 1907 κοίταις
642 1875 822 1910 ἡσυχάζοντα,
840 1874 899 1901 τότε

110 1923 163 1959 τὴν
176 1923 245 1950 ίδίαν.
263 1923 360 1958 μανίαν
376 1922 584 1953 ἐπιδείκνυνται,
599 1922 661 1948 ὅταν
682 1921 814 1948 λάϐωνταί
829 1929 900 1952 τινος

113 1968 339 2004 προσεγγίζοντος
349 1976 356 1983 ·
374 1967 445 1994 οὓτω
458 1967 503 1994 καὶ
517 1967 540 1993 οἱ
553 1967 684 2002 ἐμπαθεῖς
698 1966 835 2002 ἄνθρωποι
851 1967 901 1993 οὐκ

113 2013 213 2048 ἀρετῆς
230 2013 358 2047 διαθέσει,
376 2013 444 2039 ἀλλὰ
459 2013 491 2048 τῇ
507 2013 556 2047 τῆς
580 2012 697 2048 ἐρημίας
711 2012 816 2047 ἀνάγκῃ
833 2013 900 2046 ἡσυ-

111 2058 256 2093 χάζοντες,
278 2058 338 2085 τότε
359 2059 403 2085 τὸν
419 2059 468 2093 τῆς
485 2058 574 2093 ψυχῆς
600 2058 638 2084 ἰὸν
661 2057 813 2092 ἐξεμοῦσιν,
839 2058 902 2085 ὅταν

109 2104 260 2139 δράξωνται
277 2104 324 2131 τοῦ
339 2104 563 2140 προσεγγίζοντος
589 2105 636 2130 καὶ
657 2103 828 2139 ἐρεθίζοντος.
848 2104 902 2130 Καὶ

109 2149 206 2177 τούτου
225 2150 305 2185 χάριν
327 2151 383 2182 τοῖς
409 2150 546 2177 τελείωσιν
567 2150 719 2185 πραότητος
745 2149 902 2184 ἐπιζητοῦσι

111 2195 212 2230 σπουδῇ
241 2195 316 2231 πάσῃ
339 2194 441 2228 ὀφείλει
472 2195 508 2229 μὴ
539 2194 617 2229 μόνον
648 2195 716 2230 πρὸς
743 2194 902 2230 ἀνθρώπους

112 2241 151 2277 μὴ
165 2240 333 2276 ὀργίζεσθαι,
343 2239 411 2266 ἀλλὰ
431 2240 497 2275 μηδέ
512 2240 579 2276 πρὸς
595 2239 628 2266 τὰ
643 2240 735 2274 ἄλογα,
754 2240 820 2275 μηδὲ
835 2241 902 2276 πρὸς

109 2287 146 2313 τὰ
165 2286 255 2320 ἄψυχα
274 2286 431 2320 πράγματα.
460 2285 608 2320 Μέμνημαι
625 2285 679 2320 γὰρ
699 2285 753 2319 ἐγὼ
773 2285 852 2321 ἡνίκα
872 2286 900 2312 ἐν

109 2332 207 2367 ἐρήμῳ
222 2330 353 2366 διέτριϐον
373 2330 443 2356 κατὰ
467 2329 590 2364 καλάμου
610 2330 654 2356 τὸν
671 2330 754 2365 θυμὸν
777 2331 899 2366 κινήσας,

110 2376 162 2411 τῆς
190 2375 343 2410 παχύτητος
366 2375 460 2401 τούτου
485 2375 503 2410 ἦ
533 2375 694 2410 λεπτότητος
723 2377 899 2412 ὰπαρεσᾰισης

112 2431 171 2459 μοι’
187 2422 233 2449 καὶ
249 2422 317 2448 κατά
333 2421 410 2454 ξύλου
425 2421 520 2453 πάλιν,
540 2415 610 2448 ’ὅταν
626 2421 706 2456 κόψαι
722 2422 800 2448 τοῦτο
823 2422 899 2457 θελη-

112 2478 173 2501 σας,
193 2469 230 2504 μὴ
248 2469 352 2504 ταχέως
382 2468 529 2503 ἑδυνήθην⁸
555 2468 601 2494 καὶ
629 2467 709 2494 πάλιν
733 2468 802 2494 κατὰ
825 2468 897 2495 λίθου

111 2514 290 2550 πυρεκϐόλου,
315 2515 395 2545 ὅταν,
420 2513 613 2545 σπουδάζοντός
639 2522 689 2549 μου
713 2514 852 2541 ἐκϐάλλειν
868 2515 899 2541 τὸ

109 2561 184 2596 πῦρ,
203 2561 239 2596 μὴ
264 2560 367 2595 ταχέως
393 2561 407 2586 ὁ
432 2559 548 2595 σπινθὴρ
569 2559 743 2595 ἐξεπήδησεν,
762 2560 831 2587 οὕτω
850 2561 899 2595 τῆς

109 2605 196 2641 ὀργῆς
216 2605 399 2639 ἐπιταθείσης,
422 2605 459 2636 ὼς
484 2605 553 2631 κατὰ
575 2604 629 2631 τῶν
650 2605 828 2640 ἀναισθήτων,
852 2606 898 2632 καὶ

110 2651 223 2686 ἀψύχων
238 2651 406 2685 πραγμάτιον
419 2650 520 2686 ταύτην
536 2650 671 2686 ἐκφέρειν.
690 2651 720 2677 Εἰ
735 2651 823 2678 τοίνυν
841 2652 899 2677 ἐπι-

109 2697 246 2732 ποθοῦμεν
268 2698 358 2731 τυχεῖν
383 2696 429 2722 τοῦ
458 2696 631 2731 μακαρισμοῦ
653 2696 699 2722 τοῦ
725 2697 852 2731 Χριστοῦ,
868 2698 897 2723 οὑ

111 2743 192 2779 μόνον
208 2742 256 2778 τῆν
271 2742 330 2769 κατ’
348 2742 486 2778 ἐνέργειαν
510 2742 651 2778 ὀφείλομεν
667 2742 750 2777 ὀργὴν
767 2743 897 2775 κωλῦσαι,

110 2788 182 2815 καθὰ
200 2789 313 2823 εἴρηται,
331 2787 398 2814 ἀλλά
418 2788 463 2815 καὶ
489 2789 537 2823 τὴν
555 2789 624 2815 κατὰ
647 2788 774 2816 διάνοιαν.
793 2789 829 2815 Οὐ
843 2790 897 2825 γὰρ

145 2865 201 2898 (13)
217 2865 282 2893 Ibid.
296 2874 321 2892 c.
338 2866 380 2895 Hi.
399 2866 438 2893 l7.

148 2900 207 2935 (ιι)
225 2901 290 2929 Ibid.
304 2909 328 2928 c.
345 2901 386 2928 is.

947 281 1049 308 mitatis
1063 281 1266 316 attingere.(15)
1282 281 1394 308 Summa
1413 281 1513 316 quippe
1530 281 1730 309 emendationis

946 331 1046 355 nostrae
1063 335 1116 353 non
1137 334 1169 354 ex
1183 327 1297 361 proximi
1310 334 1373 361 erga
1387 334 1436 354 nos
1451 326 1651 361 aequanimitate
1661 327 1731 354 obti-

945 376 1035 404 netur,
1050 372 1097 399 sed
1114 380 1146 399 ex
1161 375 1256 398 nostra
1277 379 1340 406 erga
1359 372 1512 405 proximum
1525 371 1731 405 longanimitate

945 425 976 445 ac
995 419 1155 452 injuriarum
1171 418 1316 445 oblivione.
1333 417 1401 444 Cum
1414 421 1503 444 autem
1522 417 1732 452 mquanimitatis

944 467 1083 490 certamen
1097 463 1230 497 fugientes
1244 470 1363 490 cremum
1377 463 1495 497 petimus
1505 466 1533 489 et
1546 462 1730 494 solitudinem,

945 517 1122 544 quascunque
1139 509 1204 536 illuc
1228 508 1349 535 nondum
1365 513 1474 536 curatas
1493 508 1656 543 sedatasque
1669 516 1732 542 pas-

945 547 1036 583 siones
1046 555 1194 587 all‘erimus,
1207 555 1330 581 occultas
1343 562 1401 586 eas,
1412 561 1465 580 non
1476 554 1577 581 deletas
1590 562 1650 582 esse
1658 557 1733 588 pute-

944 608 1016 627 mus.
1034 600 1177 627 Enimvero
1189 607 1296 627 cremus
1310 603 1391 634 atque
1406 607 1529 626 secessus
1541 599 1573 626 iis
1593 599 1639 634 qui
1663 607 1732 626 non-

945 645 1009 672 dum
1031 645 1205 679 passionibus
1221 644 1297 672 liberi
1313 649 1387 675 sunt.
1417 652 1470 671 non
1492 652 1630 672 reservare
1652 644 1732 672 modo

946 691 1173 726 imperfectiones,
1202 690 1248 717 sed
1279 698 1325 717 eas
1350 690 1486 716 occultare
1513 697 1620 724 quoque
1645 692 1731 717 novit.

945 736 1037 772 Neque
1062 737 1096 764 iis
1120 736 1221 764 sentire
1249 735 1375 763 concedit
1408 735 1508 770 quibus
1539 735 1594 762 sint
1627 736 1734 770 passio-

945 783 1028 810 nibus
1045 782 1172 814 obnoxii;
1188 782 1310 816 quinimo
1332 782 1365 808 iis
1381 788 1450 816 quas
1479 781 1598 816 suggerit
1620 782 1732 817 phanta-

945 828 995 855 siis
1024 828 1120 855 suadet.
1139 828 1206 863 ipsis
1231 827 1302 862 quod
1322 827 1570 862 mquanimitatem,
1591 827 1662 862 quod
1683 827 1734 853 hu-

946 874 1086 901 militatem
1109 874 1162 902 sint
1192 873 1328 905 assecuti,
1348 873 1435 900 donec
1466 873 1543 900 adest
1579 880 1659 899 nemo
1686 873 1733 907 qui

944 919 1062 946 concitet
1078 923 1106 946 et
1129 919 1226 954 probet
1246 918 1336 953 ipsos;
1360 925 1422 945 cum
1447 917 1546 944 accidit
1568 922 1657 945 autem
1686 925 1731 944 oc-

944 964 1017 991 casio
1037 971 1091 998 qua
1121 964 1292 991 concitentur
1314 966 1341 990 et
1360 967 1550 994 exerceantur,
1586 963 1733 990 reconditae

944 1010 1034 1037 statim
1051 1018 1082 1036 ac
1099 1010 1203 1044 pridem
1226 1008 1339 1035 occultae
1369 1008 1520 1044 passiones,
1540 1015 1589 1035 ceu
1617 1007 1733 1035 effrenes

946 1055 1027 1090 325
1041 1055 1103 1090 equi
1118 1062 1150 1082 ex
1169 1054 1285 1082 stabulis
1299 1057 1482 1088 erumpentes,
1500 1060 1533 1079 ac
1550 1053 1628 1088 longa
1641 1054 1733 1087 quiete

945 1105 973 1128 et
1002 1101 1141 1128 otiositate
1167 1101 1298 1136 perpasti,
1329 1100 1517 1127 vehementius
1543 1099 1733 1133 effe-latiusque

948 1148 1066 1182 equitem
1078 1148 1103 1174 in
1117 1147 1263 1182 perniciem
1273 1146 1431 1181 conjiciunt.
1445 1146 1587 1173 Passiones
1595 1146 1695 1180 quippe
1704 1145 1731 1173 in

946 1193 1002 1220 otio
1015 1201 1101 1228 neque
1110 1193 1273 1221 excitatmab
1281 1192 1437 1219 hominibus
1446 1192 1530 1227 magis
1537 1191 1687 1219 efferuntur
1700 1191 1728 1218 in

947 1240 1025 1267 nobis
1036 1249 1043 1266 :
1052 1240 1191 1275 ipsamque
1197 1239 1334 1274 patientia:
1343 1243 1369 1266 et
1376 1238 1585 1273 :cquauimitatis
1596 1237 1733 1269 umbram,

946 1293 1027 1320 quam
1056 1285 1196 1320 phantasia
1224 1288 1327 1312 tantum
1347 1288 1374 1310 et
1393 1283 1520 1318 opinione
1537 1287 1660 1310 tenemus
1673 1301 1680 1314 ,
1708 1282 1732 1309 si

949 1329 1080 1356 fratribus
1101 1337 1152 1356 nos
1178 1329 1391 1360 immisceamus,
1410 1335 1457 1362 per
1473 1327 1626 1355 solitudinis
1637 1327 1732 1359 otium,

950 1375 985 1402 ob
1000 1374 1189 1410 negligentiam
1209 1374 1375 1402 exercitandi
1390 1374 1550 1401 amittimus.
1565 1373 1619 1408 (lli)
1633 1372 1733 1406 Quem-

949 1419 1094 1446 admodum
1109 1420 1182 1446 enim
1196 1424 1328 1446 venenata
1344 1419 1482 1451 animalia,
1501 1419 1528 1446 in
1545 1419 1651 1446 deserto
1663 1423 1689 1444 et
1706 1418 1733 1444 in

949 1465 1086 1492 cubilibus
1111 1465 1171 1492 suis
1201 1465 1400 1496 recumbentia,
1427 1468 1493 1491 tunc
1517 1464 1636 1491 furorem
1652 1470 1734 1490 suum

949 1511 1159 1543 demonstrant,
1178 1517 1239 1537 cum
1257 1509 1428 1537 accedentem
1445 1509 1587 1544 quemdam
1605 1508 1733 1543 capiunt;

951 1558 987 1584 ita
1003 1557 1126 1584 homines
1137 1556 1311 1591 passionibus
1326 1556 1453 1588 obnoxii,
1474 1564 1527 1582 non
1543 1555 1652 1583 virtutis
1667 1554 1735 1582 effe-

951 1608 1007 1636 (:tu,
1024 1603 1070 1630 sed
1085 1611 1116 1630 ex
1130 1602 1230 1630 deserti
1250 1602 1301 1629 loci
1317 1602 1471 1629 necessaria
1484 1601 1640 1629 conditione
1657 1601 1734 1636 quie-

952 1653 1068 1680 scentes,
1082 1652 1138 1674 tum
1155 1649 1251 1675 animae
1267 1648 1342 1674 virus
1361 1651 1500 1679 evomunt,
1527 1655 1588 1674 cum
1606 1647 1735 1674 acceden-

952 1699 1005 1721 tem
1035 1694 1187 1729 quempiam
1220 1697 1247 1721 et
1281 1693 1429 1720 irritantem
1446 1701 1475 1720 se
1495 1692 1732 1728 apprehenderint.

952 1740 1131 1773 Quamobrem
1161 1739 1206 1774 qui
1233 1739 1449 1774 mansuetudinis
1474 1739 1669 1774 perlectionem
1686 1746 1734 1765 ex-

952 1786 1075 1820 quirunt,
1090 1792 1141 1820 par
1151 1785 1262 1812 omnino
1278 1789 1329 1817 est,
1347 1789 1376 1811 ut
1403 1792 1456 1811 non
1487 1784 1568 1811 modo
1590 1783 1733 1811 adversum

953 1832 1076 1859 homines
1091 1839 1145 1858 non
1158 1832 1322 1863 irascantur,
1339 1830 1386 1859 sed
1398 1838 1486 1865 neque
1496 1831 1627 1857 adversus
1643 1830 1733 1861 bruta,

953 1879 1008 1904 imo
1024 1885 1058 1904 ne
1077 1877 1208 1905 adversus
1233 1877 1382 1904 inanimata
1407 1877 1527 1912 quidem.
1556 1875 1666 1902 Memini
1693 1883 1736 1903 me

953 1931 1015 1950 cum
1028 1923 1055 1949 in
1073 1930 1164 1950 eremo
1179 1922 1315 1957 degerem,
1327 1926 1423 1949 contra
1440 1922 1574 1948 calanuun
1591 1920 1658 1947 iram
1674 1927 1737 1946 con-

953 1969 1069 2004 cepisse,
1083 1968 1154 2004 quod
1179 1969 1237 2002 ejus
1254 1968 1335 1995 modo
1362 1968 1485 1996 densitas
1510 1966 1590 1993 modo
1618 1966 1736 1993 tenuitas

955 2013 1127 2049 displiceret:
1145 2017 1240 2040 contra
1257 2013 1360 2049 lignum
1375 2013 1438 2039 item
1453 2032 1461 2044 ,
1483 2010 1557 2046 quod
1578 2009 1738 2038 exscindere

955 2067 1016 2087 cum
1029 2059 1135 2090 vellem,
1151 2059 1275 2086 celeriter
1294 2066 1348 2085 non
1364 2065 1471 2092 possem
1485 2066 1491 2084 :
1517 2064 1626 2084 rursum
1642 2059 1738 2082 contra

956 2101 1100 2142 igniarium
1115 2102 1230 2135 silicem,
1246 2102 1318 2137 quod
1345 2109 1388 2129 me
1406 2101 1551 2129 festinante
1568 2100 1656 2136 ignem
1668 2100 1737 2127 edu-

955 2157 1034 2180 cere,
1056 2157 1109 2176 non
1127 2149 1219 2176 statim
1234 2148 1357 2176 exsiliret
1384 2148 1519 2180 scintilla;
1547 2147 1584 2174 ita
1607 2146 1737 2173 nimirum

955 2198 1095 2229 grassatur
1111 2195 1161 2224 ira,
1177 2198 1207 2221 ut
1223 2194 1254 2221 ad
1271 2201 1357 2228 usque
1369 2193 1537 2233 insensibilia
1550 2196 1576 2219 et
1589 2192 1740 2219 inanimau

920 2248 940 2276 ι)
956 2240 1092 2267 eﬂ‘cratur.
1107 2239 1160 2275 (t5)
1192 2239 1220 2266 Si
1242 2240 1382 2273 cupianms
1398 2239 1489 2273 itaque
1504 2237 1633 2272 consequi
1649 2237 1741 2264 beati-

954 2285 1074 2312 tudinem
1100 2285 1223 2317 Christi;
1253 2293 1307 2312 non
1331 2285 1412 2311 modo
1435 2285 1503 2310 iram
1522 2291 1584 2318 qua:
1608 2282 1642 2310 ad
1667 2290 1738 2318 opus

953 2331 1115 2367 prorumpit,
1127 2333 1164 2358 uti
1177 2338 1260 2365 supra
1269 2330 1372 2358 dictum
1385 2334 1436 2362 est,
1449 2337 1574 2357 coercere
1588 2329 1732 2361 debemus,

953 2377 999 2404 sed
1014 2385 1072 2404 eam
1088 2384 1196 2412 quoque
1214 2384 1273 2411 qua:
1288 2381 1378 2403 mente
1393 2375 1555 2410 concipitur.
1584 2375 1642 2402 Non
1665 2375 1738 2403 enim

953 2423 1119 2450 tantumdem
1135 2422 1212 2449 aﬂ'ert
1232 2422 1356 2449 utilitatis
1374 2429 1405 2449 os
1427 2421 1566 2448 continere
1587 2428 1684 2452 suum,
1709 2422 1738 2448 et

953 2469 1083 2495 furiosum
1098 2468 1252 2503 quodquam
1264 2468 1367 2495 dictum
1381 2476 1434 2495 nou
1450 2467 1587 2503 proferre,
1604 2470 1736 2502 quantum

951 2522 998 2542 cor
1013 2522 1128 2550 purgare
1140 2515 1173 2542 ab
1190 2515 1350 2548 injuriarum
1367 2514 1496 2541 memoria
1510 2534 1517 2546 ,
1530 2518 1555 2540 et
1566 2520 1662 2548 pravas
1680 2520 1736 2540 non

952 2560 1043 2588 fovere
1055 2561 1245 2595 cogitationes.
1274 2560 1355 2587 Docet
1368 2560 1439 2587 enim
1458 2558 1613 2595 evangeliea
1632 2568 1732 2585 om...

952 2614 996 2638 na,
1022 2606 1129 2634 excisas
1155 2611 1281 2642 oportere
1305 2610 1476 2641 peccatorum
1499 2605 1620 2635 radices.
1645 2604 1736 2638 potius.

951 2662 1032 2688 quam
1056 2661 1157 2681 ramos.
1184 2653 1281 2681 Excisa
1296 2654 1395 2688 quippe
1416 2661 1430 2679 a
1446 2652 1528 2680 corde
1554 2652 1601 2678 ira:
1624 2651 1734 2680 radice,

951 2701 1055 2726 nullum
1069 2700 1159 2726 odium
1173 2719 1179 2731 ,
1203 2700 1276 2726 nulla
1295 2700 1395 2726 invidia
1410 2699 1444 2725 ad
1466 2705 1534 2733 opus
1549 2705 1634 2732 usque
1647 2696 1734 2724 deduc-

951 2749 1047 2772 cctur:
1074 2753 1147 2775 natu.
1161 2746 1207 2780 qui
1223 2745 1280 2772 odit
1293 2745 1402 2773 fratrem
1418 2752 1508 2778 suum,
1524 2739 1658 2772 homicida
1680 2746 1735 2777 est,

950 2790 1079 2817 nimirum
1092 2790 1180 2825 quoad
1193 2790 1318 2818 ali‘ectum
1335 2791 1388 2818 odii
1402 2790 1501 2818 occidit
1518 2797 1590 2817 eum.
1606 2789 1736 2817 Occisum

980 2867 1035 2903 με)
1052 2867 1119 2895 Ibid.
1140 2876 1162 2895 ε.
1187 2868 1229 2895 ιο.
