1940 3068
221 135 274 162 895

222 198 311 219 autem
335 193 407 220 videt
437 193 510 222 illum
541 193 631 223 Dens:
651 196 730 230 cujus
745 196 924 231 sanguinem.
947 203 1002 222 non
1017 197 1037 224 Α

222 238 312 272 gladio
323 238 435 265 ell‘usum
449 239 540 266 vident
559 240 696 271 homines.
713 241 760 267 sed
775 249 806 268 ex
824 242 921 268 aﬂ'ectu
945 241 1001 268 odii

224 285 268 310 ilie
282 292 321 310 oct
333 284 389 312 istis
405 285 462 312 fuit.
482 285 552 313 Deus
576 286 666 321 itaque
684 295 735 313 non
753 287 832 314 modo
847 296 895 322 pro
914 287 1004 323 operi-

224 330 285 361 lius.
308 330 354 357 sed
381 331 461 357 etiam
489 339 538 366 pro
561 332 772 366 cogitationibus
796 338 822 360 et
847 333 1001 367 proposito,

225 377 370 410 unicuique
384 384 500 405 coronas
511 382 557 404 aut
574 379 705 413 supplicia
719 379 858 412 retribuet,
874 379 1003 414 quemad-

226 422 334 449 modum
354 423 409 456 ipse
431 431 478 457 per
499 424 656 458 prophetam
678 425 734 452 ait:
758 424 813 460 Ego
830 425 906 452 venio
922 426 1004 452 colle-

226 472 298 494 ctum
314 475 406 502 opera.
421 470 603 504 cogitationes
617 490 624 501 ,
647 474 673 497 et
690 471 878 498 meditationes
898 479 1002 498 eorum.

226 515 264 538 Ac
283 519 391 539 rursum
410 512 557 547 Apostolus
577 514 634 541 ait:
656 523 663 539 ι
686 513 757 541 Inter
773 523 803 541 se
828 515 942 542 invicem
958 523 1005 542 co-

226 559 401 593 gitationibus
413 560 605 587 accusantibus
616 580 622 590 ,
635 566 678 587 aut
691 561 769 588 etiam
787 561 1004 594 defendentibus,

226 604 254 631 in
267 604 309 631 die
329 612 389 631 cum
416 605 548 638 judicabit
566 605 636 632 Deus
651 607 756 633 occulta
785 607 921 634 hominum
938 608 971 634 ".
993 617 1002 634 ›

227 648 287 681 ipse
300 653 388 675 autem
404 647 534 676 Dominus
560 649 670 682 docens,
686 655 810 685 oportere
835 659 884 678 nos
899 659 1006 679 onmem

228 693 395 721 iracundiam
414 695 568 730 deponere.
589 696 626 722 ait
650 697 676 723 in
695 696 844 732 Erangeliis
860 707 866 724 :
888 706 897 722 ε
919 697 1006 730 Quod,

228 740 382 774 quicunque
396 741 604 769 irascituriratri
619 750 680 774 suo,
696 750 759 770 reus
772 743 974 777 eritjudicio".
994 752 1005 769 ι

229 785 285 820 (I6)
301 785 338 812 lta
359 787 430 813 enim
451 787 550 814 habent
579 792 707 815 accurata
730 789 893 822 exemplaria
917 798 922 815 :
946 796 1008 816 nam

231 831 276 857 illa
290 838 351 862 vox,
372 840 381 856 ‹
401 836 511 863 temere.
528 842 536 858 ι
556 833 690 867 adjectitia
702 838 762 860 est:
783 834 853 868 quod
865 834 952 868 palam
967 837 1010 861 est

229 884 261 903 ex
279 877 438 910 praecedenti
461 878 607 914 Scriptura:
620 879 752 906 clausula.
770 880 874 914 Scopus
891 888 1007 915 namque
1024 872 1044 898 Β

230 923 335 950 Domini
358 923 414 950 vult
430 931 479 951 nos
495 924 612 952 radicem
628 932 659 952 ac
674 925 819 952 scintillam
834 926 881 952 irae
895 934 1008 961 prorsus

230 967 400 1000 abscindere,
417 976 448 995 ac
465 977 498 996 ne
521 969 660 996 minimam
688 970 734 997 ira:
752 970 921 997 occasionem
939 971 1008 997 intra

229 1022 280 1041 nos
296 1022 423 1046 servare;
442 1020 471 1042 ut
493 1023 526 1042 ne
552 1015 655 1043 scilicet
670 1016 693 1043 si
716 1024 748 1043 ex
767 1021 949 1044 consentanea
964 1024 1009 1044 ra-

230 1060 305 1087 tione
320 1061 387 1087 iram
403 1062 582 1091 concitemus,
600 1061 707 1088 demum
726 1062 754 1088 in
774 1061 846 1088 bruti
861 1062 944 1089 animi
967 1062 1010 1089 fu-

230 1113 320 1134 rorem
340 1107 501 1135 incidamus.
518 1106 573 1142 (17)
592 1106 710 1140 Hujusce
734 1114 814 1141 porro
839 1108 925 1134 morbi
952 1108 1009 1135 haec

231 1157 272 1179 est
289 1151 406 1186 perfecta
420 1152 541 1184 medela;
561 1156 590 1178 ut
614 1153 717 1179 scilicet
733 1160 893 1186 persuasum
916 1153 1011 1180 habea-

231 1205 304 1228 mus,
318 1196 396 1224 nobis
409 1204 496 1231 neque
512 1197 585 1231 justa
604 1204 691 1232 neque
716 1198 816 1232 injusta
837 1197 870 1225 de
883 1205 966 1225 causa
979 1198 1011 1225 li-

232 1251 293 1270 cere
307 1242 515 1278 indignationem
534 1243 670 1270 concitare
688 1247 818 1271 nostram.
834 1243 900 1270 Nam
919 1244 942 1271 si
956 1245 1011 1278 spi-

232 1288 302 1314 ritus
318 1288 363 1314 irae
378 1292 493 1314 mentem
508 1288 635 1315 obscuret
645 1288 733 1320 nobis,
749 1295 835 1322 neque
854 1289 897 1315 lux
909 1289 1010 1316 discre-

233 1334 328 1365 tionis,
343 1342 430 1368 neque
453 1334 519 1361 recti
535 1334 641 1361 consilii
663 1334 830 1369 justitizeque
849 1336 1014 1369 gubernacu-

233 1379 288 1406 lum
305 1379 331 1405 in
351 1380 430 1406 nobis
451 1380 618 1414 reperietur:
643 1387 728 1414 neque
749 1380 846 1414 spiritu
870 1380 917 1407 ira:
932 1379 1015 1407 domi-

234 1429 316 1451 nante
335 1425 390 1452 ﬁeri
403 1429 500 1459 potest,
517 1428 546 1452 ut
561 1425 650 1452 anima
672 1430 764 1452 nostra
782 1426 910 1460 templum
928 1427 1015 1453 sancti

235 1469 352 1505 Spintus
382 1470 522 1498 emciatiir.
555 1471 671 1509 pentum
693 1476 798 1505 oportet
827 1476 856 1498 ut
884 1471 1014 1498 incertam

234 1517 332 1544 mortis
354 1517 447 1543 horam
471 1525 526 1551 prae
545 1517 632 1543 oculis
654 1516 801 1548 habentes.
827 1517 1050 1565 custodiamusc

234 1570 284 1590 nos
300 1563 334 1590 ab
348 1563 398 1593 ira,
411 1570 442 1589 ac
458 1563 577 1589 sciamus
593 1570 679 1598 neque
695 1563 800 1589 ascesiu
811 1582 819 1594 ,
843 1570 930 1597 neque
945 1567 1015 1589 tem-

235 1608 394 1643 perantiam,
410 1615 496 1642 neque
509 1608 705 1635 abdicationem
725 1608 764 1635 rei
783 1608 872 1635 omnis
892 1608 1016 1635 materia-

235 1654 286 1684 lis,
309 1661 396 1688 neque
414 1652 518 1687 jejunia
536 1658 561 1680 et
577 1653 693 1687 vigilias,
711 1653 820 1679 utilitati
835 1653 914 1680 nobis
936 1653 1014 1687 fore,

235 1699 259 1726 si
275 1699 314 1725 ira
326 1702 405 1733 atque
425 1698 487 1724 odio
506 1697 640 1732 correpti,
666 1697 704 1724 rei
721 1698 806 1724 simus
824 1697 936 1731 judicio.
955 1697 1014 1730 Quo

235 1745 338 1771 utinam
356 1745 512 1775 liberemur,
526 1741 612 1778 gratia
633 1743 737 1770 Domini
752 1744 837 1770 nostri
859 1742 923 1771 Iesu
935 1744 1014 1771 Chri-

237 1791 297 1821 stri,
312 1791 355 1816 cui
371 1791 454 1825 gloria
470 1791 496 1817 in
510 1790 607 1817 suacula
618 1791 787 1817 saeculorum.

236 1837 316 1872 ὀρθοῦ
329 1837 516 1872 βουλεύματος,
550 1836 610 1863 οὕτε
630 1837 800 1873 δικαιοσύνης
823 1839 984 1876 κυϐέρνησις
1004 1842 1032 1867 ὲν

779 137 806 164 ε.
827 135 1056 164 ATHANASIUS.
1078 152 1111 156 —-
1131 135 1233 163 DLTBlA

1814 133 1871 163 £96

1053 195 1177 221 τοσοῦτον
1197 194 1296 228 ὠφελεῖ
1311 195 1340 221 τὸ
1365 195 1474 230 κρατεῖν
1501 194 1546 220 τοῦ
1570 194 1732 229 στόματος,
1762 192 1818 219 καὶι
1832 193 1872 229 μὴ

1053 240 1178 275 ἐκφέρειν
1200 241 1275 275 ῥῆμα
1298 240 1442 275 μανιῶδες,
1466 240 1527 266 ὅσον
1554 239 1584 266 τὺ
1611 238 1795 274 καθαρίζειν
1819 237 1871 273 τὴν

1053 286 1165 321 καρδίαν
1180 286 1232 312 ἀπὸ
1249 285 1438 321 μνησικακίας.
1457 286 1503 312 καὶ
1525 285 1561 320 μὴ
1578 285 1762 320 ἀνατρέφειν
1782 293 1871 318 πονη-

1055 331 1116 365 ροὺς
1139 330 1294 365 λογισμούς.
1315 331 1369 362 Τὰς
1390 330 1466 365 ῥίζας
1489 329 1542 366 γὰρ
1561 330 1616 356 τῶν
1640 331 1872 365 ἁμαρτημάτων

1054 375 1196 401 ἐκκόπτειν
1219 375 1400 410 παραγγέλλει
1426 376 1443 410 ἡ
1471 375 1638 410 εὑαγγελικὴ
1670 374 1868 408 διδασκαλία,

1054 421 1126 455 ἥπερ
1143 421 1206 452 τοὺς
1220 420 1355 456 καρπούς·
1371 421 1419 456 τῆς
1431 420 1508 456 ῥίζης
1519 420 1572 455 γὰρ
1594 420 1646 446 τοῦ
1669 420 1769 455 θυμοῦ
1785 421 1869 446 ὲκκο-

1055 465 1150 501 πείσης
1162 466 1215 492 ἀπὸ
1230 466 1280 500 τῆς
1293 466 1414 502 καρδίας,
1434 466 1494 492 οὔτε
1512 467 1597 502 μίσος,
1611 465 1684 492 οὔτε
1708 466 1815 501 φθόνος
1827 467 1867 498 είς

1056 511 1136 546 ἔργον
1160 511 1376 547 προαχθήσεταιο
1395 512 1440 538 καὶ
1460 512 1513 547 γὰρ
1529 512 1543 537 ὁ
1558 511 1650 547 μισῶν
1669 506 1720 538 τὸν
1748 511 1868 546 ἀδελφὸν

1056 558 1140 585 αὑτοῦ
1158 558 1378 594 ἀνθρωποκτόνος
1392 558 1460 590 ἐστὶ,
1472 558 1590 592 φονεύων
1601 558 1693 584 αὑτὸν
1708 558 1741 584 ὲν
1758 560 1795 593 τῇ
1809 559 1866 584 δια-

1057 604 1129 631 Θέσει
1141 605 1188 631 τοῦ
1205 604 1308 640 μίσους.
1332 604 1529 639 Ἀναιρεθέντος
1543 604 1608 635 Θεὸς
1622 604 1741 639 ἀφορᾷ·
1761 602 1866 636 οὗτινος

1056 650 1087 676 τὸ
1102 649 1180 685 αἷμα,
1197 651 1227 676 οὺ
1242 650 1285 676 διὰ
1298 649 1388 685 ξίφους
1402 650 1524 686 ἐκχυθὲν,
1538 650 1684 685 ἄνθρωποι
1699 649 1864 685 βλέπουσιν,

1057 696 1125 723 ἀλλὰ
1140 698 1172 732 τῇ
1186 696 1303 723 διαθέσει
1316 696 1362 723 τοῦ
1382 696 1476 730 μίσους
1496 695 1706 731 ἀναιρεθέντος.
1725 696 1798 727 Θεὸς
1812 696 1865 730 ἄρα

1059 743 1088 768 οὐ
1102 742 1180 777 μόνον
1197 742 1266 776 ὑπὲρ
1280 741 1414 777 πράξεων,
1423 741 1489 768 ἀλλὰ
1503 742 1550 768 καὶ
1562 741 1635 776 ὑπὲρ
1647 740 1802 776 λογισμῶν
1819 741 1866 768 καὶ

1060 788 1130 823 ὑπὲρ
1146 787 1329 822 προαιρέσεων
1342 787 1381 812 ἐνὶ
1399 787 1504 821 ἑκάστῳ
1517 787 1673 820 στεφάνους
1689 786 1707 820 ἢ
1726 786 1865 821 τιμωρίας

1060 833 1211 864 ἀποδιδοὺς,
1234 832 1324 863 καθὼς
1343 830 1422 863 αὐτὸς
1447 832 1490 858 διὰ
1512 831 1558 858 τοῦ
1583 833 1739 867 προφήτου
1764 831 1863 866 φησίν·

1061 889 1070 905 ι
1081 878 1151 913 Ἐγὼ
1165 878 1280 914 ἔρχομαι
1291 879 1451 912 συναγαγεῖν
1469 877 1503 904 τὰ
1528 877 1606 912 ἔργα,
1626 878 1680 904 καὶ
1706 878 1775 909 τοὺς
1790 877 1863 912 λογι-

1058 926 1153 960 σμοὺς,
1182 924 1227 950 καὶ
1252 923 1301 956 τὰς
1326 923 1487 958 ἐνθυμήσεις
1515 923 1615 950 αὐτῶν.
1635 932 1646 949 ι
1663 923 1726 949 Καὶ
1751 923 1834 950 πάλιν
1851 924 1864 949 6

1064 970 1223 1001 Ἀπόστολος
1250 969 1339 1004 λέγει·
1368 978 1377 995 ι
1409 968 1518 1002 Μεταξὺ
1544 969 1674 1004 ἀλλήλων
1703 969 1763 995 τῶν
1793 969 1863 1002 λογι-

1059 1017 1134 1052 σμῶν
1154 1015 1366 1051 κατηγοροῦντες
1386 1014 1649 1051 [κατηγορούντων].
1669 1015 1687 1050 ἢ
1715 1016 1766 1042 καὶ
1798 1015 1864 1042 ἀπο-

1058 1062 1228 1097 λογουμένων
1239 1062 1266 1087 ὲν
1284 1061 1385 1096 ἡμέρᾳ.
1399 1061 1443 1087 ὅτε
1461 1061 1549 1096 κρινεῖ
1565 1061 1578 1086 ό
1594 1060 1666 1092 Θεὸς
1693 1061 1730 1088 τὰ
1752 1061 1862 1096 κρυπτὰ

1059 1108 1113 1135 τῶν
1136 1107 1294 1143 ἀνθρώπων.
1313 1116 1322 1132 ι
1343 1106 1428 1137 Αὐτὸς
1448 1106 1476 1132 δὲ
1502 1107 1516 1132 ὁ
1534 1106 1698 1141 Δεσπότης,
1726 1106 1863 1132 διδάσκων

1060 1156 1142 1190 ἡμᾶς,
1159 1155 1199 1181 ὅτι
1218 1154 1258 1180 δεῖ
1283 1154 1371 1180 πᾶσαν
1394 1153 1478 1188 ὀργὴν
1504 1152 1697 1184 ἀποτίθεσθαι,
1726 1152 1813 1187 φησιν
1836 1152 1862 1178 ἐν

1060 1202 1115 1232 τοῖς
1140 1199 1331 1234 Εὑαγγελίοιςο
1357 1208 1366 1224 ι
1390 1199 1450 1225 Ὅτι
1474 1199 1527 1230 πᾶς
1558 1199 1573 1224 ό
1608 1198 1797 1235 ὀργιζόμενος
1826 1197 1863 1232 τῷ

1062 1246 1165 1281 ἀδελφῷ
1186 1246 1266 1273 αὐτοῦ
1284 1246 1374 1280 ἔνοχος
1396 1245 1471 1271 ἔσται
1494 1245 1526 1280 τῇ
1551 1245 1653 1280 κρίσει.
1675 1254 1684 1270 ι
1705 1245 1788 1271 Οὒτω
1809 1243 1862 1279 γὰρ

1062 1291 1116 1318 τῶν
1130 1291 1303 1326 ἀντιγράφων
1324 1291 1358 1317 τὰ
1380 1290 1479 1326 ἀκριϐῆ
1498 1290 1636 1325 περιέχει·
1665 1291 1699 1316 τὸ
1714 1290 1770 1325 γὰρ
1790 1289 1859 1325 είκῆ.

1063 1336 1094 1362 ὲκ
1112 1335 1269 1370 προσθήκης
1292 1335 1369 1370 ὲτέοη
1380 1344 1386 1349 ·
1402 1335 1448 1361 καὶ
1470 1334 1547 1360 τοῦτο
1565 1334 1650 1369 δῆλον
1675 1335 1710 1361 ὲκ
1727 1334 1775 1361 τοῦ
1797 1342 1861 1369 προ-

1069 1381 1194 1416 κειμένου
1206 1381 1346 1416 λήμματος
1358 1380 1407 1415 τῆς
1423 1381 1542 1415 Γραφῆς.
1566 1380 1594 1407 '0
1607 1380 1667 1416 γὰρ
1692 1381 1796 1412 σκοπὸς
1815 1379 1859 1405 τοῦ

1064 1428 1165 1463 Κυρίου
1184 1426 1233 1462 τὴν
1252 1427 1337 1463 ῥίζαν,
1351 1427 1397 1452 καὶ
1415 1426 1460 1452 τὸν
1474 1425 1608 1461 σπινθῆρα
1630 1426 1685 1461 τῆς
1699 1426 1787 1461 ὀργῆς
1799 1426 1860 1452 ἁπο-

1065 1473 1173 1500 κόπτειν
1189 1473 1255 1499 πᾶσι
1267 1473 1376 1508 τρόποις
1389 1472 1462 1507 ἡμᾶς
1478 1471 1617 1506 βούλεται,
1642 1471 1692 1498 καὶ
1710 1472 1780 1506 μήτε
1797 1470 1858 1506 μίαν

1065 1519 1199 1554 πρόφασιν
1226 1518 1309 1554 ὀργῆς
1334 1519 1361 1544 ὲν
1390 1518 1480 1549 αὐτοῖς
1509 1517 1721 1551 διαφυλάττειν·
1752 1517 1794 1543 ῑνα
1823 1516 1857 1551 μὴ

1066 1563 1182 1598 εὐλόγως
1192 1562 1270 1598 δῆθεν
1286 1562 1335 1598 τὴν
1347 1561 1429 1597 ὀργὴν
1442 1562 1604 1596 κινούμενοι,
1619 1561 1740 1597 ὕστερον
1755 1563 1789 1596 τῇ
1807 1569 1856 1596 μα-

1067 1609 1113 1645 νίᾳι
1134 1608 1181 1636 τοῦ
1199 1609 1296 1642 ἀλόγου
1319 1607 1404 1643 θυμοῦ
1427 1607 1630 1642 περιπέσωμεν.
1658 1607 1716 1642 Τῆς
1733 1607 1762 1633 δὲ
1783 1606 1856 1633 νόσου

1067 1655 1168 1690 ταύτης
1191 1653 1279 1680 τελεία
1298 1652 1401 1688 ἰατρεία
1418 1653 1485 1687 αὐτή
1509 1653 1577 1683 ἐστι,
1595 1652 1642 1679 ἵνα
1659 1652 1856 1686 πιστεύσωμεν,

1066 1701 1106 1727 ὃτι
1120 1699 1181 1726 οὔτε
1200 1698 1246 1724 ἐπὶ
1263 1697 1383 1729 δικαίοις,
1397 1696 1458 1723 οὕτε
1475 1697 1521 1723 ἐπὶ
1539 1696 1654 1728 ἀδίκοις,
1674 1697 1779 1730 ἔξεστιν
1795 1695 1856 1731 ἡμῖν

1066 1746 1150 1772 κινεῖν
1164 1743 1208 1770 τὸν
1224 1742 1318 1778 θυμόν.
1333 1742 1385 1769 Τοῦ
1402 1742 1454 1778 γὰρ
1470 1742 1621 1777 πνεύματος
1634 1743 1684 1776 τῆς
1695 1742 1780 1777 ὀργῆς
1794 1749 1853 1767 σκο-

1067 1792 1187 1822 τίσαντος
1206 1789 1254 1824 τὴν
1277 1788 1404 1820 διάνοιαν,
1429 1787 1491 1814 οὔτε
1518 1787 1683 1822 διακρίσεως
1705 1787 1773 1822 φῶς,
1796 1785 1854 1812 οὔτε

1066 1841 1131 1876 ἡμῖν
1149 1837 1333 1874 εὑρεθήσεται,
1358 1834 1419 1862 οὔτε
1439 1835 1502 1862 ναὸν
1526 1835 1573 1862 τοῦ
1596 1836 1677 1869 ἁγίου
1698 1833 1853 1869 Πνεύμιτος

236 1884 284 1919 τὴν
297 1884 430 1920 ἡμετέραν
443 1883 528 1919 ψυχὴν
541 1884 664 1917 γενέσθαι
679 1884 798 1916 δυνατὸν,
813 1885 858 1912 τοῦ
876 1887 1027 1922 πνεύματος
1042 1887 1126 1923 ὀργῆς
1142 1883 1321 1920 κυριεύοντος.
1346 1882 1428 1913 Τέλος
1449 1881 1478 1908 δὲ
1497 1880 1603 1907 πάντων
1637 1882 1690 1917 χρὴ
1709 1880 1740 1907 τὸ
1761 1878 1852 1914 ἄδηλον

236 1931 283 1958 τοῦ
295 1932 409 1958 θανάτου
422 1931 481 1958 καθ’
490 1932 606 1966 ἑκάστην
618 1931 723 1966 ἡμέραν
732 1932 783 1967 πρὸ
796 1933 942 1968 ὀφθαλμῶν
952 1934 1062 1970 ἔχοντας

1065 1955 1072 1966 ,
1090 1933 1231 1968 φυλάττειν
1260 1930 1372 1961 ἑαυτοὺς
1404 1929 1457 1956 ἀπὸ
1487 1928 1537 1964 τῆς
1557 1929 1652 1964 ὀργῆς,
1674 1929 1721 1955 καὶ
1744 1927 1848 1958 εἰδέναι,

236 1979 277 2005 ὅτι
300 1978 360 2005 οὔτε
385 1978 510 2013 ἄσκησις,
532 1977 592 2004 οὗτε
619 1979 788 2013 σωφρπύνη,
809 1979 870 2006 οὔτε
895 1981 1020 2015 ἁποταγὴ
1038 1981 1127 2015 πάσης
1142 1979 1218 2014 ὕλης,
1234 1977 1297 2004 οὗτε
1326 1975 1380 2002 τῶν
1393 1975 1523 2010 νηστειῶν
1541 1975 1587 2001 καὶ
1608 1973 1768 2010 ἀγρυπνιῶν
1794 1972 1853 2005 ὄφε-

237 2025 281 2057 λος
293 2027 358 2061 ἡμῖν
372 2025 455 2057 ἔσται,
468 2026 525 2057 ἐὰν,
545 2025 596 2052 ὑπὸ
625 2027 710 2061 ὀργῆς
745 2027 791 2053 καὶ
803 2027 895 2061 μίσους
911 2029 1094 2064 κατεχόμενοι,
1110 2028 1195 2062 ἔνοχοι
1212 2024 1367 2060 εὑρεθῶμεν
1395 2023 1427 2058 τῇ
1444 2022 1542 2058 κρίσει.
1554 2019 1608 2054 Ἦς
1633 2021 1794 2057 ῥυσθείημεν
1813 2017 1854 2053 χά-

240 2071 351 2107 ριτιτοῦ
372 2072 474 2107 Κυρίου
494 2073 571 2108 ἡμῶν
589 2074 674 2109 Ἰησοῦ
692 2075 819 2109 Χριστοῦ,
834 2073 856 2110 ᾧ
871 2077 887 2111 ἡ
908 2076 970 2108 δόξα.
986 2078 1026 2108 εις
1045 2077 1108 2107 τοὺς
1120 2074 1221 2105 αἰῶνας
1235 2073 1289 2099 τῶν
1304 2071 1418 2098 αἰώνων.

275 2129 355 2166 326
371 2130 396 2157 5.
406 2131 461 2166 (18)
470 2130 598 2163 Quintum
607 2132 684 2162 nobis
696 2137 737 2159 est
746 2138 881 2160 certamen
890 2134 1021 2162 adversus

240 2177 366 2210 spiritum
395 2176 526 2209 tristitiae,
553 2178 600 2212 qui
618 2179 735 2205 animam
756 2179 884 2206 obscurat
900 2184 1021 2207 nostram

1110 2133 1136 2160 5.
1150 2133 1277 2167 Πέμπτος
1290 2131 1356 2165 ἡμῖν
1379 2130 1452 2156 ἐστιν
1468 2127 1541 2161 ἀγὼν
1563 2127 1634 2154 κατὰ
1647 2126 1693 2153 τοῦ
1708 2125 1850 2158 πνεύματος

1072 2179 1123 2214 τῆς
1148 2178 1243 2212 λύπης,
1267 2176 1313 2202 τοῦ
1333 2174 1536 2205 ἑπισκοτοῦντος
1556 2175 1588 2208 τῇ
1610 2173 1682 2208 ψυχῇ
1699 2171 1751 2198 ἀπὸ

240 2227 270 2248 ιη
295 2223 361 2249 milli
387 2224 473 2257 possit
499 2224 633 2258 spirituali
662 2225 881 2259 contemplationi
906 2234 1013 2253 vacare.

1072 2211 1256 2256 πνευματικῆς
1272 2219 1397 2255 θεωρίας,
1411 2219 1457 2245 καὶ
1473 2218 1620 2249 κωλύοντος
1635 2216 1718 2250 αὐτὴν
1736 2213 1787 2241 ἀπὸ
1804 2211 1848 2259 πά-

241 2268 404 2303 coliibetque
429 2269 500 2295 illam
524 2269 558 2296 ab
573 2270 647 2296 omni
663 2270 733 2296 bono
749 2277 838 2304 opere.
857 2271 924 2296 Cum
949 2271 1020 2297 enim

241 2321 341 2348 pravus
356 2315 403 2346 ille
416 2315 528 2349 spiritus
545 2315 661 2342 animam
688 2316 895 2350 apprelienderit
921 2319 1022 2342 totam-

242 2367 294 2393 que
311 2359 496 2387 obscuraverit
507 2380 514 2392 ,
540 2368 593 2387 non
611 2368 705 2395 preces
722 2368 783 2388 cum
803 2361 944 2388 alacritate
961 2361 1023 2387 [un-

242 2405 307 2432 tlere
319 2405 453 2436 concedit,
467 2414 520 2433 non
536 2406 562 2432 in
581 2414 721 2433 sacrarum
733 2406 878 2433 lectionum
892 2407 1023 2441 capienda

243 2453 360 2479 utilitate
375 2460 483 2484 vacare,
499 2460 554 2480 non
570 2453 700 2480 fratribus
717 2456 885 2479 mansuetum
908 2457 933 2480 et
949 2460 1024 2480 com-

243 2499 351 2525 moslum
368 2506 429 2526 esse
447 2499 511 2526 sinit
529 2507 535 2525 :
555 2499 646 2525 odium
662 2499 749 2525 onmis
765 2498 837 2525 circa
855 2505 937 2532 opera
964 2501 1024 2525 stu-

243 2543 300 2574 dii,
331 2544 472 2579 ipsiusque
500 2543 562 2570 vitae.
587 2543 764 2578 professionis
795 2543 924 2578 suggerit.
955 2542 1023 2568 Dum

243 2589 335 2616 omnia
352 2589 469 2623 denique
488 2588 618 2615 salutaria
636 2588 732 2614 anima:
755 2587 867 2614 consilia
883 2585 1026 2613 confundit

245 2635 377 2668 tristitia.
412 2636 528 2671 ejusque
556 2634 709 2661 ﬁrmitatem
741 2640 773 2660 ac
803 2631 1029 2667 perseverantiam

244 2682 335 2715 solvit,
350 2683 428 2724 quasi
453 2681 568 2711 stultam
585 2680 658 2708 illam
678 2683 705 2707 et
718 2678 862 2706 attonitam
877 2677 957 2706 ellicit
970 2697 978 2711 ,
998 2683 1030 2704 ac

279 2759 301 2776 ⁸¹
322 2759 397 2787 Rom.
416 2768 452 2791 ιι.
471 2760 514 2788 15.
555 2758 579 2775 ⁶⁹
599 2756 683 2785 Matth
713 2765 738 2790 γ,
755 2755 799 2783 9.2.

295 2838 336 2871 ιθ)
354 2838 421 2869 Im.
438 2847 464 2865 ρ.
480 2839 525 2865 eo.

295 2838 336 2871 ιθ)
354 2838 421 2869 Im.
438 2847 464 2865 ρ.
480 2839 516 2865 an

279 2838 337 2911 ξιτ)
356 2873 421 2901 lbi-.1.
436 2882 461 2901 ε.
473 2874 518 2901 2|.

601 2848 614 2865 \

1074 2276 1124 2303 σης
1142 2266 1246 2301 ἀγαθῆς
1269 2265 1409 2300 ἐργασίας.
1422 2265 1504 2291 Ὅταν
1527 2263 1581 2299 γὰρ
1597 2264 1627 2289 τὸ
1644 2261 1758 2297 πονηρὸν
1779 2257 1848 2303 τοῦτο

1075 2302 1182 2347 πνεῦμα
1205 2310 1398 2346 περιδράξηται
1425 2308 1475 2344 τῆς
1498 2309 1597 2344 ψυχῆς,
1618 2307 1664 2335 καὶ
1688 2307 1749 2341 ὃλην
1773 2302 1847 2335 αὐτὴν

1076 2357 1209 2393 σκοτώσῃ,
1225 2357 1274 2382 οὐκ
1295 2355 1377 2390 εὐχὰς
1397 2354 1514 2381 ἐκτελεῖν
1541 2353 1608 2389 μετὰ
1628 2350 1775 2388 προθυμίας
1793 2353 1849 2393 συγ-

1077 2404 1170 2438 χωρεῖ,
1186 2392 1217 2428 bo
1231 2401 1284 2427 τῶν
1298 2400 1378 2436 ἱερῶν
1392 2400 1608 2434 ἀναγνωσμάτων
1629 2399 1661 2432 τῇ
1681 2392 1848 2438 ώφελείᾳνὲγα

1077 2449 1228 2484 καρτερεῖν,
1245 2447 1331 2482 πρᾶον
1344 2446 1390 2473 καὶ
1409 2446 1607 2480 εὑκατάμικτον
1626 2443 1692 2480 πρὸς
1705 2441 1765 2471 τοὺς
1779 2435 1848 2464 ἀδελ·-

1078 2495 1143 2528 φοὺς
1155 2491 1224 2520 εἶναι
1241 2493 1271 2519 οὐ
1288 2494 1432 2528 συγχωρεῖ,
1445 2491 1491 2518 καὶ
1517 2491 1583 2526 πρὸς
1606 2489 1692 2516 πάντα
1705 2486 1755 2513 τῶν
1769 2484 1846 2518 ιργων

1076 2539 1111 2566 τὰ
1123 2538 1333 2574 ἐπιτηδεύματα,
1349 2537 1395 2564 καὶ
1407 2537 1474 2573 πρὸς
1493 2536 1575 2571 αὐτὴν
1588 2535 1631 2561 τοῦ
1650 2533 1704 2569 βίου
1715 2530 1760 2565 τὴν
1772 2530 1847 2559 ἑπαγ-

1078 2584 1171 2618 γελίαν
1187 2586 1263 2619 μῖσος
1283 2585 1399 2618 ἐμποιεῖ.
1415 2583 1468 2610 Καὶ
1494 2583 1582 2609 πάντα
1605 2579 1695 2610 ἁπλῶς
1712 2576 1744 2603 τὰ
1766 2580 1844 2619 σωτης

1080 2617 1163 2665 ριώδη
1186 2617 1353 2665 βουλεύματα
1372 2629 1421 2664 τῆς
1432 2629 1519 2664 ψυχῆς
1533 2629 1549 2663 ἡ
1564 2628 1633 2663 λύπη
1658 2623 1786 2673 συγχέασα

1079 2676 1128 2703 τὴν
1148 2676 1269 2703 εὐτονίαν
1289 2676 1383 2712 αὐτῆς,
1397 2676 1444 2702 καὶ
1465 2674 1609 2710 καρτερίαν
1624 2670 1798 2708 παραλύσασαν
1811 2670 1844 2696 ως

1120 2828 1174 2865 (18)
1187 2828 1252 2857 Ibid.
1272 2828 1289 2854 ι.
1306 2835 1342 2861 ix,
1359 2834 1384 2855 c.
1402 2827 1426 2854 l.
