1940 3068
86 144 135 171 397

641 142 810 177 EPISTOLA
830 140 851 168 ιι
871 138 915 165 AD
934 139 1126 167 CASTOREM.

1654 143 1705 171 898

85 201 182 235 ἄφρονα
205 201 298 236 αὐτὴν,
312 201 360 228 καὶ
374 202 541 237 παραπλῆγα
554 203 749 238 ἀπεργάζεται,
769 203 808 237 τῷ
825 202 874 237 τῆς

931 200 1036 228 demum
1064 209 1124 229 eam
1159 201 1359 236 desperationis
1398 201 1564 236 cogitatione
1608 201 1704 237 illigat.

85 247 265 281 ἀπογνώσεως
297 247 388 274 λοιτυὺν
410 248 543 283 ὲνδήσασα
562 249 693 284 λογισμῷ.
720 249 769 275 Διά
795 249 873 275 τοῦτο

87 288 124 322 εἷς
140 291 240 322 σκοπὸς
255 292 320 325 ἡμῖν
336 291 405 317 ἔστω
421 292 605 325 ἀγωνίσασθαι
624 293 668 318 τὸν
692 293 873 328 πνευματικὸν

90 337 190 370 ἀγῶνα,
209 337 255 364 καὶ
269 338 377 372 νικῆσαι
390 338 437 365 σὺν
451 338 510 373 Θεῷ
523 339 556 365 τὰ
575 338 715 374 πνεύματα
729 341 778 375 τῆς
793 348 874 375 πονη-

91 383 159 418 ρίας,
170 383 215 409 καὶ
228 382 300 418 πάσῃ
316 383 422 419 φυλακῇ
439 383 557 419 τηρῆσαι
570 384 618 419 τὴν
637 385 740 412 ἑαυτῶν
756 386 872 421 καρδίαν

89 429 141 455 ἀπὺ
153 428 198 454 τοῦ
214 428 366 463 πνεύματος
380 431 430 464 τῆς
446 429 542 466 λύπης.
563 431 666 466 Ὥσπερ
678 431 731 466 γὰρ
747 432 795 467 σὴς
814 432 874 467 ίμά-

89 482 153 505 τιον,
170 475 216 500 καὶ
240 474 346 510 σκώληξ
361 475 448 508 ξύλον,
462 475 547 512 οὕτως
567 477 583 511 ἡ
607 476 678 512 λύπη
697 477 746 512 τὴν
761 477 806 503 τοῦ
826 478 874 504 ἀνα

88 517 195 553 θρώπου
210 518 297 553 ψυχὴν
311 519 456 551 κατεσθίει,
473 520 605 547 ἐκκλίνειν
631 521 761 548 πείθουσα
785 523 873 548 πᾶσαν

88 563 190 598 ἀγαθὴν
213 564 364 599 συντυχίαν,
382 565 429 591 καὶ
449 565 509 591 οὐδὲ
530 566 605 601 παρά
627 566 680 593 τῶν
699 567 815 602 γνησίων
830 567 875 601 φί-

88 609 139 635 λων
152 609 230 643 λόγον
254 610 417 645 συμϐουλίας
442 611 566 646 δέχεσθαι
597 613 783 648 συγχωροῦσα,
809 613 871 639 οὐδὲ

87 655 204 690 χρηστὴν
221 655 364 690 ἀπόκρισιν
380 655 395 690 ἢ
411 656 548 692 εἰρηνικὴν
572 657 756 692 ἐπιτρέπουσα
771 658 874 690 τούτοις

89 700 260 735 μεταδοῦναι·
273 701 340 728 ἀλλά
354 702 443 728 πᾶσαν
452 702 500 737 τὴν
511 702 599 738 ψυχὴν
612 703 749 735 θλίϐουσα,
761 705 874 740 πικρίας

88 745 170 780 αὐτὴν
201 746 248 772 καὶ
274 746 388 781 ἀκηδίας
409 746 524 782 πληροῖ*
551 748 597 774 καὶ
619 748 709 775 λοιπὸν
733 748 876 776 ὑποϐάλλει

93 791 175 826 αὐτὴν
202 791 313 826 φεύγειν
334 792 397 823 τοὺς
426 792 594 828 ἀνθρώπους,
621 794 659 826 ὼς
683 793 784 825 αἰτίους
808 795 874 830 αὐτῇ

87 836 135 870 τῆς
163 836 285 871 ταραχῆς
306 835 482 872 γενομένους·
511 837 558 864 καὶ
574 838 604 864 οὐ
631 839 767 874 συγχωρεῖ
791 839 876 873 αὐτὴν

88 881 246 915 ἐπιγνῶναι,
259 882 300 908 ὅτι
313 870 485 915 οὐκέξωθεν,
508 883 564 909 ἀλλ’
582 870 752 919 ἔνδοθεν-εχει
771 884 820 920 τὴν
835 870 877 911 νό-
894 870 912 898 Β

89 935 132 953 σον
143 927 337 963 ἀποκειμένην,
353 928 414 963 ἥτις
431 929 492 955 τότε
512 929 685 965 φανεροῦται,
697 930 761 956 ὅταν
774 931 798 956 οἱ
817 939 877 957 πει-

89 973 185 1008 ρασμοὶ
201 974 360 1005 ἐπιστάντες
376 974 420 1000 διὰ
434 974 484 1009 τῆς
495 975 648 1009 γυμνασίας
660 976 699 1007 εἰς
715 975 744 1002 τὸ
758 976 878 1011 ἐμφανὲς

88 1018 170 1053 αὐτὴν
187 1019 400 1054 προενέγκωσιν.
417 1019 549 1046 Οὐδέποτε
569 1021 622 1056 γὰρ
644 1021 695 1047 ὑπὸ
720 1021 798 1048 ἀλλου
816 1021 879 1056 βλα-

88 1063 198 1099 εήσεται
226 1063 381 1099 ἄνθρωπος,
410 1065 434 1091 εί
455 1065 490 1100 μὴ
507 1065 610 1093 ἔνδοθεν
624 1067 806 1103 ἀποκειμένην
822 1068 878 1103 ἔχει

87 1109 135 1144 τὴν
149 1110 237 1141 νόσον,
253 1111 311 1146 ἦτοι
335 1111 384 1142 τὰς
406 1111 459 1138 τῶν
481 1111 572 1138 παθῶν
592 1112 690 1144 αἰτίας,
714 1114 760 1140 καὶ
783 1114 877 1141 τούτου

88 1156 165 1191 χάριν
183 1157 198 1182 ὀ
215 1156 324 1183 πάντων
343 1157 505 1194 δημιουργὸς
527 1159 573 1184 καὶ
597 1159 687 1195 ἰατρὸς
709 1159 764 1186 τῶν
784 1160 877 1196 ψυχῶν

89 1202 162 1234 Θεὸς,
178 1204 224 1229 καὶ
241 1203 321 1238 μόνος
333 1204 511 1238 ἐπιστάμενος
523 1204 556 1231 τὰ
570 1205 716 1240 τραύματα
731 1206 780 1242 τῆς
790 1207 878 1242 ψυχῆς

90 1249 216 1284 ἀκριϐῶς,
234 1249 263 1275 οὗ
279 1249 327 1281 τὰς
338 1249 390 1275 τῶν
406 1249 555 1284 ἀνθρώπων
569 1249 708 1285 διατριϐὰς
720 1251 878 1286 παραγγέλ-

90 1294 128 1321 λει
151 1295 377 1329 καταλιμπάνειν,
402 1295 468 1322 ἀλλά
492 1295 540 1327 τὰς
566 1296 594 1322 ὲν
619 1297 685 1331 ἡμῖν
704 1296 754 1331 τῆς
778 1297 877 1329 κακίας

91 1340 230 1366 ἐκκόπτειν
246 1340 344 1371 αἰτίας,
364 1339 507 1373 γινώσκων
532 1339 581 1375 τὴν
604 1341 692 1367 αἰτίαν
718 1341 766 1376 τῆς
790 1341 878 1376 ψυχῆς

91 1386 181 1419 ὑγείας
195 1387 248 1413 οὐκ
274 1387 302 1412 ὲν
321 1385 359 1421 τῷ
382 1386 512 1422 χωρισμῷ
534 1385 589 1412 τῶν
611 1385 758 1421 ἀνθρώπων
780 1394 879 1420 κατορ-

91 1431 209 1464 θοῦσθαι,
235 1431 291 1458 ἀλλ’
309 1433 338 1458 ὲν
353 1433 386 1467 τῇ
410 1431 464 1458 τῶν
484 1430 634 1466 ἀνθρώπων
650 1431 816 1466 συνδιαγωγῇ
835 1432 879 1458 καὶ

91 1478 240 1513 γυμνασίᾳ,
265 1477 349 1504 Ὅταν
373 1477 461 1504 τοίνυν
486 1476 529 1503 διὰ
552 1485 626 1508 τινας
650 1476 776 1510 εὐλόγους
801 1476 879 1512 δῆθεν

925 246 980 282 (l9)
997 244 1168 282 Quapropter
1184 256 1254 275 unus
1281 249 1359 276 nobis
1375 249 1410 275 sit
1427 257 1538 284 scopus,
1565 249 1707 283 spirituale

924 297 1060 320 certamen
1072 297 1186 325 certare.
1199 294 1311 329 spiritus
1319 295 1444 329 nequitia:
1452 303 1511 321 cum
1523 295 1575 322 Deo
1588 295 1704 327 vincere,

924 343 951 365 et
971 339 1044 365 omni
1061 339 1185 366 custodia
1212 347 1260 367 cor
1289 344 1412 367 nostrum
1439 348 1547 368 servare
1573 348 1588 367 a
1607 342 1706 375 spiritu

924 384 1042 411 tristitia
1058 385 1091 413 ⁸³.
1109 385 1341 418 Quemadmodum
1364 387 1434 414 enim
1467 387 1537 414 tinea
1561 389 1707 414 vestimen-

924 432 999 461 tum,
1026 433 1054 456 et
1078 431 1177 458 vermis
1194 431 1314 464 lignum,
1334 432 1370 458 ita
1391 433 1500 459 tristitia
1520 433 1639 459 corrodit
1658 432 1707 458 ho-

925 473 1006 501 minis
1021 475 1148 506 animam,
1164 476 1227 502 dum
1243 477 1338 504 suadet
1355 477 1393 503 illi
1419 481 1447 504 ut
1471 478 1504 503 ab
1525 477 1598 504 omni
1622 479 1706 512 probo

924 520 1063 546 consortio
1079 520 1205 552 declinet,
1229 529 1318 557 neque
1332 523 1455 550 concedit
1477 523 1516 550 illi
1541 528 1569 550 ut
1594 532 1609 550 a
1634 525 1707 552 veris

925 565 1021 592 amicis
1036 566 1180 593 consilium
1198 568 1332 602 accipiat,
1362 576 1413 596 nec
1438 573 1466 595 ut
1482 570 1573 596 mitem
1590 573 1617 597 et
1632 570 1706 605 paci-

925 608 1002 635 Ilcam
1020 611 1224 644 responsionem
1242 611 1287 638 det
1311 612 1397 646 ipsis;
1417 612 1464 639 sed
1493 615 1611 640 animam
1638 622 1706 641 con-

926 655 1017 681 turbat
1048 659 1148 689 totam,
1174 657 1285 684 tristitia
1312 662 1339 685 et
1365 659 1470 686 incuria
1492 660 1598 694 replet:
1627 665 1708 695 atque

925 699 1033 726 demum
1048 700 1144 728 suadet
1168 706 1196 728 ut
1223 701 1308 737 fugiat
1322 703 1356 730 ab
1372 703 1537 737 hominibus,
1553 706 1629 739 quasi
1654 707 1707 734 sibi

926 745 954 771 in
969 752 1051 773 causa
1078 745 1180 774 fuerint
1199 748 1432 782 perturbationis:
1455 757 1543 784 neque
1558 750 1622 776 sinit
1647 759 1707 778 eam

927 798 1084 825 agnoscere.
1098 799 1153 819 non
1169 794 1289 820 exterius
1312 794 1359 821 sed
1382 794 1496 822 interius
1519 795 1707 831 a-gritudinem

926 845 987 865 esse
1016 839 1105 871 sitam,
1131 847 1191 873 quae
1217 843 1283 867 tunc
1314 846 1434 876 apparet,
1463 850 1523 869 cum
1552 843 1709 877 ingruentes

927 884 1091 911 tentationes
1129 886 1315 920 experimento
1353 888 1424 914 illazn
1453 888 1542 922 palam
1590 888 1704 917 faciunt.

927 930 984 965 (20)
998 930 1138 965 Nunquam
1153 932 1225 958 enim
1240 933 1319 960 homo
1331 933 1483 961 lzrdeturab
1498 935 1560 967 alio,
1572 935 1622 962 nisi
1636 939 1709 962 intus

928 975 1011 1002 situm
1030 976 1129 1003 habeat
1145 978 1280 1007 morbum.
1294 979 1397 1006 scilicet
1415 980 1571 1014 passionum
1587 988 1683 1008 causas
1699 990 1706 1008 :

927 1029 987 1056 qua
1012 1029 1093 1049 causa
1109 1026 1150 1049 est
1170 1024 1240 1058 quod
1263 1025 1383 1051 omnium
1399 1024 1488 1059 opifex
1504 1032 1529 1052 et
1556 1027 1707 1053 animarum

928 1067 1050 1094 medicus
1064 1067 1146 1097 Deus.
1167 1069 1212 1103 qui
1231 1069 1305 1097 solus
1324 1070 1408 1104 probe
1422 1073 1449 1097 et
1469 1075 1596 1097 accurate
1611 1072 1708 1098 anima:

927 1114 1040 1140 vulnera
1063 1114 1148 1145 novit,
1163 1122 1217 1141 non
1234 1115 1373 1142 hominum
1393 1117 1529 1143 consortia
1556 1117 1709 1152 relinquere

927 1159 1076 1192 praecipiat,
1093 1159 1140 1186 sed
1157 1160 1265 1187 malitim
1281 1168 1379 1188 causas
1394 1162 1421 1188 in
1441 1162 1521 1188 nobis
1536 1163 1707 1193 exscindere.

928 1211 1028 1238 gnarus
1044 1211 1152 1232 causam
1166 1205 1292 1232 sanitatis
1313 1206 1409 1233 animze
1427 1214 1480 1234 non
1495 1207 1521 1234 in
1537 1209 1709 1242 separatione

929 1249 963 1275 ab
978 1249 1133 1277 hominibus
1149 1250 1280 1282 obtineri,
1307 1251 1353 1278 sed
1371 1251 1398 1278 iu
1417 1253 1625 1280 conversatione
1646 1262 1708 1281 cum

929 1295 1081 1322 hominibus
1111 1299 1138 1322 et
1167 1296 1193 1322 iu
1220 1297 1420 1324 exercitatione.
1459 1296 1525 1324 Cum
1558 1299 1649 1333 itaque
1672 1300 1708 1326 ob

928 1345 1126 1368 consentaneas
1139 1342 1269 1376 quasdam
1291 1343 1447 1370 occasiones
1465 1344 1562 1372 fratres
1579 1345 1708 1380 relinqui—

928 1393 1000 1418 mus,
1017 1393 1187 1420 nequaquam
1213 1387 1330 1414 tristitiaz
1346 1388 1503 1418 occasiones
1526 1390 1708 1423 praecidimus,

930 1431 976 1458 sed
991 1431 1077 1458 solum
1093 1433 1320 1460 commutavimus
1336 1441 1392 1464 eas,
1409 1434 1504 1461 morbo
1519 1435 1622 1462 Scilicet
1636 1435 1710 1463 intus

930 1476 1017 1510 posito
1030 1483 1076 1503 eas
1091 1484 1140 1510 pro
1154 1484 1245 1504 rerum
1256 1477 1410 1506 conditione
1422 1483 1556 1507 movente.
1572 1479 1626 1515 (2|)
1641 1480 1712 1513 Qua-

91 1524 243 1560 προφάσεις
265 1523 327 1555 τοὺς
350 1523 480 1557 ἀδελφοὺς
499 1522 758 1557 καταλιμπάνωμεν,
777 1523 808 1549 οὑ
830 1522 878 1554 τάς

932 1526 1041 1556 propter
1065 1525 1159 1549 contra
1190 1522 1333 1551 interiores
1369 1526 1509 1558 passiones
1540 1529 1625 1552 totum
1655 1533 1707 1552 no-

91 1570 138 1603 τῆς
152 1569 245 1605 λύπης
258 1569 382 1604 ἀφορμὰς
396 1568 572 1603 ἐξεκόψαμεν,
588 1568 655 1594 ἀλλὰ
674 1568 751 1603 μόνον
768 1568 879 1604 ἐνηλλά-

91 1614 172 1650 ξαμεν
196 1614 285 1646 αὑτὰς
307 1614 356 1648 τῆς
382 1614 593 1649 ἑναποκειμένης
616 1614 688 1640 ἔνδον
713 1614 809 1646 νόσου,
834 1615 880 1640 καὶ

93 1659 193 1688 διετο...
209 1659 383 1695 πραγμάτοιν
406 1659 509 1689 ταύτας
531 1658 719 1693 ἀνακινούσης.
740 1658 789 1684 Διά
804 1658 881 1685 τοῦτο

93 1706 162 1733 κατὰ
190 1707 245 1733 τῶν
275 1705 378 1732 ἔνδοθεν
403 1704 496 1731 παθῶν
518 1704 589 1736 ἀπας
613 1705 679 1740 ἡμῖν
700 1704 769 1731 ἔστω
792 1705 806 1731 ὁ
834 1705 881 1731 πό-

93 1752 183 1788 λεμος.
207 1752 319 1779 Τούτων
344 1751 398 1786 γὰρ
425 1750 469 1777 διὰ
497 1751 546 1786 τῆς
572 1750 618 1776 τοῦ
646 1750 712 1777 Θεοῦ
739 1751 881 1787 συνεργίας

93 1797 298 1834 ἐκϐληθέντων,
323 1796 353 1822 οὐ
379 1796 451 1830 λέγω
476 1795 543 1831 μετὰ
564 1794 723 1830 ἀνθρώπων,
747 1795 814 1822 ἀλλὰ
834 1796 881 1822 καί¹

95 1845 161 1879 μετά
181 1843 285 1879 θηρίων
306 1842 423 1873 εὐκόλως
445 1841 678 1877 συνδιατρίψομεν,
695 1841 765 1867 κατά
784 1842 812 1867 τὸ
830 1842 882 1868 ὑπὸ

93 1890 137 1916 τοῦ
163 1888 300 1924 μακαρίου
319 1887 378 1914 ’1ὼὸ
405 1886 563 1922 εἰρημένοψ
588 1896 596 1911 ι
619 1886 708 1921 Θῆρες
734 1886 824 1922 ἄγριοι
844 1888 883 1913 εί-

95 1935 253 1970 ρηνεύσουσί
275 1942 325 1960 σοι.
345 1943 354 1958 i
370 1931 585 1968 Προηγουμένως
608 1932 697 1958 τοίνυν
721 1932 883 1966 ἀγωνιστέον

93 1981 162 2007 κατά
182 1981 230 2007 τοῦ
248 1979 403 2014 πνεύματος
418 1978 468 2013 τῆς
484 1978 579 2013 λύπης,
595 1977 641 2004 τοῦ
663 1978 805 2012 βάλλοντος
834 1979 883 2013 τὴν

92 2026 179 2061 ψυχὴν
198 2027 238 2058 εἰς
262 2025 426 2058 ἀπόγνωσιν,
441 2024 514 2055 ὅπως
537 2023 716 2057 ἀπελάσωμεν
738 2023 817 2050 τοῦτο
835 2024 884 2059 τῆς

92 2070 228 2107 ἡμετέρας
253 2069 377 2104 καρδίας.
393 2068 477 2095 Τοῦτο
496 2068 550 2103 γὰρ
570 2067 615 2093 τὸν
634 2067 704 2093 Κάῐν
717 2068 748 2093 οὐ
769 2069 885 2103 συνεχώ-

94 2126 157 2153 ρησε
178 2117 248 2152 μετά
271 2115 318 2151 τὴν
337 2114 541 2148 ἀδελφοκτονίαν
566 2114 744 2148 μετανοῆσαι,
764 2113 824 2140 οὔτε
839 2115 884 2141 τὸν

98 2164 196 2190 Ἰούδαν
225 2162 294 2198 μετὰ
318 2161 366 2196 τὴν
395 2159 441 2187 τοῦ
468 2160 601 2187 Δεσπύτου
626 2160 779 2195 προδοσίαν.
800 2161 885 2187 Ἐκεί-

92 2219 138 2246 νην
160 2211 243 2246 μόνην
260 2209 309 2244 τὴν
324 2208 411 2243 λύπην
425 2208 599 2243 ἀσκήσωμεν,
620 2207 668 2242 τὴν
692 2207 738 2233 ἐπὶ
753 2208 786 2242 τῇ
804 2215 882 2241 μετα·
899 2199 920 2226 D

91 2257 150 2291 νοίςι
162 2256 216 2282 τῶν
232 2254 434 2290 ἡμαρτημένων
454 2253 523 2288 μετὰ
538 2252 644 2283 ἐλπίδος
657 2251 761 2287 ἀγαθῆς
775 2253 883 2288 γινομέ-

91 2311 150 2337 νην,
177 2301 226 2328 aut
253 2301 286 2336 τῇ
314 2300 456 2335 ὲπικτήσει
485 2299 539 2325 τῶν
559 2299 588 2324 ὲν
620 2298 743 2333 οὐρανοῖς
775 2298 885 2332 ἀγαθῶν

932 1567 973 1594 bis
995 1567 1029 1594 sit
1055 1567 1163 1594 bellum.
1189 1568 1224 1595 lis
1244 1569 1315 1595 enim
1331 1568 1377 1596 Dei
1395 1570 1496 1596 auxilio
1510 1570 1604 1604 ejectis
1617 1591 1625 1602 .
1654 1579 1710 1598 non

932 1612 992 1639 dico
1006 1619 1067 1639 cum
1084 1613 1251 1641 hominibus.
1273 1614 1319 1641 sed
1344 1622 1405 1640 cum
1436 1614 1499 1642 feris
1521 1616 1601 1642 etiam
1631 1615 1712 1644 facile

932 1657 1070 1692 degemus,
1084 1657 1161 1692 juxta
1186 1658 1251 1685 illud
1269 1659 1338 1686 beati
1357 1658 1416 1686 Jobi
1436 1659 1560 1687 dictum:
1585 1669 1594 1686 α
1613 1660 1712 1687 huma-

932 1710 980 1730 nes
1007 1702 1070 1730 ferae
1094 1711 1186 1738 pacem
1211 1707 1298 1731 tecum
1325 1704 1462 1732 habebunt
1478 1705 1511 1732 “.
1535 1715 1544 1731 ι
1570 1706 1598 1732 ln
1616 1706 1711 1740 primis

932 1748 1015 1781 igitur
1032 1749 1206 1783 pugnandum
1234 1754 1328 1776 contra
1357 1750 1481 1784 spiritum
1509 1751 1643 1782 tristitiae,
1664 1751 1711 1786 qui

933 1794 1050 1820 animam
1067 1794 1177 1828 conjicit
1200 1794 1227 1821 in
1246 1795 1478 1829 desperationem;
1498 1799 1527 1822 ut
1542 1794 1664 1832 (malum)
1679 1796 1713 1823 il-

933 1839 979 1867 lud
993 1848 1026 1866 ex
1045 1840 1127 1866 corde
1142 1843 1236 1867 nostro
1249 1841 1388 1874 pellamus.
1407 1841 1472 1868 illud
1492 1843 1562 1869 enim
1578 1850 1632 1869 non
1648 1843 1712 1870 sivit

933 1884 1047 1912 Cainum
1061 1888 1122 1919 post
1138 1884 1229 1911 fratris
1244 1885 1343 1912 caedem
1356 1886 1496 1920 paenitere,
1514 1895 1600 1921 neque
1614 1886 1712 1914 Judam

933 1936 995 1966 post
1018 1930 1123 1957 Domini
1148 1930 1338 1965 proditionem.
1360 1932 1424 1958 Eam
1452 1932 1536 1959 solum
1564 1933 1710 1961 habeamus

934 1977 1081 2007 tristitiam,
1098 1984 1158 2011 quae
1179 1977 1363 2010 paenitentiam
1384 1982 1554 2012 peccatorum
1579 1980 1690 2014 respicit
1703 2000 1711 2012 ,

935 2030 995 2049 cum
1011 2022 1081 2049 bona
1096 2030 1142 2056 spe
1156 2023 1341 2056 conjunctam,
1354 2027 1380 2049 et
1394 2027 1453 2057 quae
1464 2024 1614 2051 caelestium
1627 2024 1713 2051 bono-

934 2076 995 2095 rum
1006 2068 1204 2103 possessionem
1220 2069 1361 2101 conciliat;
1379 2069 1413 2095 de
1433 2076 1486 2103 qua
1505 2069 1574 2096 dixit
1597 2069 1713 2104 Aposto-

934 2115 993 2142 lus:
1013 2123 1023 2140 ι
1037 2114 1102 2146 Quae
1116 2114 1265 2141 secundum
1282 2114 1362 2141 Deum
1379 2115 1490 2141 tristitia
1513 2120 1554 2142 est
1574 2115 1596 2130 "
1612 2125 1622 2140 i
1645 2134 1652 2142 .
1672 2135 1679 2142 .

934 2160 973 2187 Ea
1002 2160 1092 2195 itaque
1112 2160 1221 2186 tristitia
1247 2167 1306 2194 quae
1325 2160 1491 2194 posnitentize
1513 2168 1560 2195 spe
1587 2160 1634 2187 alit
1654 2162 1713 2188 ani-

935 2213 1025 2237 mam,
1052 2205 1151 2240 gaudio
1180 2205 1322 2232 commista
1351 2209 1416 2232 est:
1438 2213 1521 2240 quare
1540 2206 1656 2232 alacrem
1686 2209 1714 2232 et

935 2251 969 2277 ad
1001 2258 1081 2278 omne
1113 2251 1213 2277 bonum
1242 2257 1310 2284 opus
1339 2250 1532 2285 obsequentem
1558 2250 1646 2277 reddit
1665 2250 1714 2277 ho—

935 2299 1034 2326 minem
1053 2317 1061 2329 ,
1095 2304 1207 2324 accessu
1239 2303 1347 2330 quoque
1382 2293 1505 2323 facilem'
1524 2300 1551 2322 et
1583 2296 1711 2323 humilem

92 2345 330 2382 ἑπιτηδευομένην.
344 2345 410 2380 Περὶ
420 2341 452 2380 ἧς
465 2344 532 2370 καὶὸ
540 2343 696 2375 ’Δπόστολος
705 2342 790 2376 εἶπεν,
803 2344 843 2370 ὁτι
854 2354 863 2369 ι
874 2345 907 2371 Ἦ
918 2344 988 2372 κατά
1001 2343 1066 2369 Θεὸν
1076 2342 1193 2377 λύπη....
1201 2351 1210 2367 i
1223 2342 1255 2376 τῇ
1265 2341 1352 2368 ἑλπίδι
1360 2341 1411 2376 τῆς
1427 2341 1568 2376 μετανοίας
1579 2341 1713 2376 τρέφουσα

91 2393 140 2428 τὴν
154 2393 255 2429 ψυχὴν,
269 2392 340 2428 χαρά
371 2392 524 2427 σύμμικτος
539 2391 669 2426 ὑπάρχει·
693 2391 753 2417 ὅθεν
772 2391 818 2418 καὶ
832 2392 969 2427 πρόθυμον
988 2392 1035 2418 καὶ
1045 2390 1163 2425 ὑπήκοον
1183 2388 1250 2424 πρὸς
1266 2389 1354 2415 πᾶσαν
1364 2388 1467 2423 ἀγαθὴν
1480 2387 1610 2423 ἐργασίαν
1623 2396 1712 2423 παρα-

93 2440 221 2472 σκευάζει
245 2439 290 2466 τὸν
317 2439 459 2475 ἄνθρωπον
483 2438 662 2474 εὐπρόσιτον,
687 2439 814 2466 ταπεινὸν

128 2487 243 2525 [Aelet
267 2487 391 2525 puum;
409 2485 462 2525 ἐκ..
480 2484 670 2525 τουτέστι-τςό
685 2485 790 2525 lentor:
810 2491 884 2525 κατα

92 2519 146 2549 τοῦ
164 2519 333 2556 πνεύματος
355 2521 410 2554 τῆς
426 2521 536 2556 λύπης,
549 2520 597 2546 καὶ
613 2521 631 2554 ἡ
646 2519 722 2553 ἁρχὴ
737 2520 790 2546 τοῦ
810 2519 884 2546 κατὰ

92 2557 148 2590 τῆς
160 2555 289 2591 ἀκηδϊας
302 2555 492 2590 πνεύματος.]

182 2614 209 2641 6.
221 2614 318 2649 Ἀρτον
328 2613 462 2640 ἐσθίωσιν.
472 2611 643 2645 Ἀκούσωμεν
655 2611 712 2643 πῶς
722 2609 809 2645 σοφῶς
818 2611 884 2645 ἡμῖν

94 2660 266 2687 ὑποδείκνυσι
273 2659 320 2691 τὰς
328 2659 415 2690 αἰτίας
421 2658 471 2693 τῆς
478 2657 589 2692 ἀκηδίας
598 2657 612 2682 ὁ
619 2656 775 2687 Ἀπόστολος
791 2665 801 2681 ι
812 2655 886 2681 Ἀτά-

94 2715 189 2738 κτους»
205 2705 261 2740 γὰρ
271 2705 346 2732 καλεῖ
357 2706 418 2736 τοὺς
426 2704 463 2739 μὴ
472 2702 678 2739 ἐργαζομένους.
689 2702 729 2727 ἑνὶ
739 2701 824 2734 τούτῳ
837 2701 884 2736 ρή-

972 2483 1045 2518 [Hic
1064 2483 1133 2520 deest
1150 2489 1242 2520 _ttnum
1259 2480 1352 2520 folium
1365 2499 1373 2512 ,
1393 2480 1492 2520 scilicet
1513 2479 1582 2513 quod
1595 2485 1711 2513 superest

937 2516 1060 2545 aduersus
1085 2517 1200 2543 tristium
1223 2516 1356 2550 spiritum,
1384 2522 1407 2542 et
1429 2516 1532 2541 initium
1549 2522 1639 2541 eorum
1654 2523 1712 2550 qua:

936 2553 1059 2580 dicuntur
1067 2553 1098 2579 de
1110 2552 1221 2586 torpori;
1230 2549 1349 2586 spiritu.]

1049 2607 1146 2635 Panem
1155 2606 1326 2634 manducent.
1334 2606 1482 2634 Audiamus
1491 2614 1570 2642 quam
1577 2606 1713 2642 sapienter

936 2654 1015 2681 nobis
1030 2653 1154 2681 ostendat
1168 2653 1312 2688 Apostolus
1334 2652 1451 2687 torporis
1470 2652 1584 2686 hujusce
1603 2659 1712 2680 causas.

939 2709 949 2725 ι
964 2699 1099 2734 lnquietos
1110 2699 1133 2714 "
1149 2708 1157 2724 i
1169 2699 1269 2733 quippe
1282 2701 1360 2725 vocat
1370 2705 1417 2725 eos
1428 2698 1474 2732 qui
1486 2705 1538 2725 nou
1548 2702 1712 2734 operantur:

147 2763 170 2778 “
187 2762 270 2789 Prov.
290 2771 332 2794 ιν,
351 2761 396 2789 23.
433 2761 456 2778 “
474 2760 524 2789 Job
541 2768 566 2792 ν,
585 2759 630 2787 25.
668 2759 692 2775 ⁸⁵
713 2758 734 2785 ll
751 2758 814 2785 Cor.
832 2766 883 2790 vu,
903 2757 945 2784 ‘lO.
983 2757 1006 2773 “
1027 2756 1047 2783 ll
1067 2756 1229 2800 Thessali,
1247 2756 1262 2781 7

130 2823 186 2852 (19)
201 2821 271 2858 lhid.
289 2829 314 2849 c.
327 2822 344 2858 3
358 2825 384 2848 et
401 2829 458 2858 seq.

132 2858 188 2884 ιξζυὶ
203 2856 273 2883 Ibid.
290 2865 316 2884 ε.
336 2857 362 2883 7.

966 2817 1021 2850 (ει)
1037 2816 1102 2843 Ibid.
1115 2824 1140 2843 ς.
1154 2815 1180 2842 8.
