1940 3068
258 129 312 158 899

841 128 871 155 S.
891 127 1121 154 ATHANASIUS.
1142 142 1176 147 —-
1193 127 1307 155 DUDIA.

1822 125 1879 152 900

259 188 311 216 hac
326 196 377 215 una
395 195 460 215 voce
472 187 585 214 multant
600 187 742 214 declarans
761 185 902 213 malitiam.
916 185 972 220 (9.2)
985 185 1036 218 Qui

1091 193 1155 218 ματι
1168 183 1265 220 πολλὴν
1275 184 1372 210 κακίαν
1384 184 1531 219 ἐμφαίνων.
1541 183 1633 219 Ὁγὰρ
1646 184 1728 219 ἁργος
1741 183 1788 210 καὶ
1803 191 1875 219 προ-

257 235 331 262 enim
344 234 448 260 otiosus
461 236 513 264 est,
527 232 617 260 verbis
628 239 736 267 quoque
749 231 909 259 temerarius
917 231 1035 263 exsistit,

259 283 452 313 promptusque
465 278 498 304 ad
514 277 732 309 convicianduin,
745 284 777 303 ac
790 276 896 303 demum
914 276 946 303 ad
961 276 1036 311 quie-

259 327 313 349 tam
330 323 411 349 vitam
429 322 559 355 agendam
584 322 711 356 ineptus,
738 325 763 348 et
788 321 905 355 torporis
931 328 1036 348 servus.

258 367 338 401 327
351 365 475 401 Praecipit
488 367 578 401 itaque
588 371 617 393 ut
629 365 832 397 subtrahainus,
850 365 876 392 id
891 368 934 392 est
944 372 1037 400 segre-

258 419 352 446 gemus
369 419 418 440 nos
434 412 535 442 abillo,
548 412 626 446 quasi
643 419 657 438 a
674 411 803 446 pestifero
818 410 924 437 morbo.
938 409 1039 437 Deinde

257 458 322 491 quid
343 458 381 484 ait
402 465 409 484 :
428 467 436 483 ι
455 458 487 484 Et
508 466 563 484 non
586 457 736 485 secundum
764 457 935 484 traditionem
957 464 1038 491 quam

257 507 421 538 acceperunt
435 511 453 530 a
470 504 548 530 nobis
563 504 596 536 ⁸⁷,
621 513 630 529 ›
647 511 678 530 ac
690 510 740 537 per
763 503 814 530 hoc
829 503 932 530 dictum
945 506 1038 529 osten-

257 549 297 576 dit
310 557 356 577 eos
370 557 430 577 esse
448 549 589 584 superbos.
607 552 817 583 contemptores,
839 553 865 575 et
879 549 1040 583 apostolica-

258 602 318 622 rum
341 595 517 622 traditionum
539 595 694 622 violatores.
709 596 747 621 Ac
768 601 876 621 rursum
890 603 900 620 .:
918 602 928 618 ‹
948 592 1040 628 Neque

257 641 342 675 gratis
373 648 486 676 panem,
520 641 573 672 ait,
606 639 829 667 manducavimus
860 640 894 666 ab
927 640 1037 674 aliquo,

258 686 306 712 sed
332 686 359 712 in
379 685 471 713 labore
490 690 516 713 et
536 686 565 712 in
586 685 754 720 fatigatione,
773 689 853 712 nacte
869 690 896 712 et
912 684 956 711 die
972 692 1037 718 ope-

263 735 372 763 ranles,
389 739 422 758 ne
436 739 515 766 quem
533 736 652 759 vestrum
673 739 847 766 grai-aremus
862 730 894 758 ⁵⁸.
913 740 922 756 ι
941 730 1040 758 Doctor

258 775 304 801 ille
319 775 437 810 gentium
449 797 457 808 ,
474 775 609 811 Evangelii
622 783 723 810 prteco,
735 776 781 810 qui
795 776 917 803 sublatus
934 780 977 803 est
991 783 1038 803 us—

257 827 310 854 que
324 820 357 846 ad
370 820 481 847 tertium
492 821 634 853 coelum",
648 821 693 856 qui
708 821 871 856 aitjussisse
883 821 1038 854 Domitium,

1088 230 1170 263 πετὴς
1182 229 1210 254 ἐν
1222 229 1310 263 λόγοις
1322 230 1460 264 τυγχάνει,
1472 230 1517 256 καὶ
1533 229 1600 264 πρὸς
1616 229 1746 265 λοιδορίαν
1761 230 1878 265 πρόχει-

1088 282 1143 308 ρος,
1155 275 1202 301 καὶ
1212 275 1303 301 λοιπὸν
1315 276 1354 306 εἰς
1361 275 1475 310 ἡσυχίαν
1486 275 1678 310 ἀνεπιτήδειος,
1689 275 1736 301 καὶ
1745 275 1794 310 τῆς
1804 276 1879 309 ἀκη-

1087 319 1144 351 δίας
1159 319 1259 351 δοῦλος.
1278 320 1462 356 Παραγγέλλει
1478 319 1524 347 οὖν
1543 320 1696 347 στέλλεσθαι
1715 320 1761 347 ἀπ’
1778 320 1877 350 αὑτοῦ,

1087 365 1222 391 τουτέστιν
1238 365 1412 400 ἀφορίζεσθαι
1428 366 1465 397 ὡς
1475 365 1528 393 ἀπὸ
1540 366 1664 401 λοιμικῆς
1674 366 1759 392 νόσου.
1772 364 1841 392 Εἶτα
1851 366 1879 392 τί

1089 418 1163 445 φησν
1175 419 1184 436 ι
1196 411 1250 436 Καὶ
1260 411 1296 446 μὴ
1309 411 1378 437 κατὰ
1387 412 1435 446 τὴν
1448 412 1592 446 παράδοσιν
1604 412 1637 446 ἣν
1647 411 1797 446 παρέλαϐον
1808 412 1878 447 παρ’

1087 454 1176 488 ⁴ἡμῶν,
1194 464 1203 480 ι
1217 454 1262 480 διὰ
1283 455 1331 488 τῆς
1350 455 1448 487 λέξεως
1460 455 1561 490 ταύτης
1575 456 1762 491 ὑπερηφάνους
1774 457 1879 487 αὐτοὺς

1088 497 1166 532 εἶναι,
1186 501 1443 536 καταφρονήσαντας
1461 501 1610 536 ἐμφαίνων,
1629 502 1676 528 καὶ
1691 501 1744 528 τῶν
1758 502 1879 529 ἀποστο-

1088 545 1169 572 λικῶν
1183 546 1356 582 παραδόσεων
1375 547 1537 579 καταλυτάς”
1560 548 1606 574 καὶ
1625 547 1714 575 πάλιν·
1729 557 1738 573 ι
1753 549 1875 584 Δωρεὰν,

1088 591 1180 625 φησὶν,
1213 591 1293 626 ἄρτον
1312 592 1361 618 οὐκ
1384 592 1522 627 ἐφάγομεν
1559 592 1635 627 παρά
1662 600 1743 624 τινος,
1768 593 1827 619 ἀλλ’
1846 594 1876 619 ἐν

1089 636 1164 672 κόπῳ
1184 637 1231 663 καὶ
1256 637 1362 672 μόχθῳ,
1379 638 1475 669 νυκτὸς
1499 637 1546 664 καὶ
1566 638 1672 673 ἡμέρας
1696 638 1875 674 ἐργαζόμενοι

1090 682 1157 717 πρὸς
1171 682 1201 708 τὸ
1226 682 1262 717 μὴ
1281 682 1446 718 ἐπιϐαρῆσαί
1462 691 1522 710 τινα
1536 683 1622 718 ὑμῶν.
1643 692 1652 709 ι
1672 683 1700 710 '0
1713 683 1876 716 διδάσκαλος

1088 728 1141 753 τῶν
1157 727 1249 759 ἐθνῶν,
1273 729 1287 754 ὁ
1309 728 1395 763 κήρυξ
1417 728 1593 762 Εὑαγγελίου,
1618 729 1632 754 ὁ
1654 729 1799 764 μετάρσιος
1821 730 1875 760 ἕως

1088 773 1180 807 τρίτου
1195 773 1320 808 ούρανοῦ,
1343 773 1357 799 ὁ
1375 773 1461 807 λέγων
1479 773 1524 800 τὸν
1542 774 1643 810 Κύριον
1660 775 1875 810 προστεταχέναι

1090 819 1151 850 τοὺς
1169 818 1201 845 τὸ
1218 819 1379 853 Εὑαγγέλιον
1395 819 1625 853 καταγγέλλοντας
1639 821 1672 847 ὲκ
1689 820 1734 846 τοῦ
1749 821 1874 855 Εὐαγγε-

258 870 287 892 ut
307 873 353 893 eos
372 866 417 900 qui
438 865 612 901 Evangelium
632 867 806 898 annuntiant,
833 875 867 893 ex
891 867 1035 902 Evangelio

1088 864 1144 890 λίου
1159 864 1219 900 ζῇν,
1235 865 1263 891 ὲν
1278 865 1354 900 κόπῳ
1371 866 1417 892 καὶ
1430 865 1524 896 νυκτὸς
1545 866 1592 892 καὶ
1612 866 1717 901 ἡμέρας
1729 867 1875 902 είργάξετο

257 911 348 937 vivant
371 911 405 942 ",
430 911 456 937 in
479 911 571 938 labore
592 916 672 938 nocte
691 916 718 938 et
740 911 783 938 die
806 912 979 946 operabatur,
1004 920 1039 939 ne

257 964 335 990 quem
350 960 484 992 gravaret.
503 957 572 990 Quid
591 957 673 992 igitur
694 965 745 985 nos
769 965 881 992 agemus
912 958 959 993 qui
984 966 1039 992 prie

258 1006 365 1036 torpore
386 1009 454 1036 opus
478 1010 644 1035 aversainur,
663 1003 885 1038 corporalemquc
900 1003 1037 1038 perquiri-

261 1054 322 1074 mus
349 1048 466 1082 quietem
487 1057 494 1075 :
514 1049 614 1083 quibus
635 1056 685 1075 nec
708 1048 844 1083 Evangelii
868 1049 1036 1083 praedicatio,

256 1101 345 1128 neque
360 1093 543 1121 Ecclesiarum
561 1102 625 1121 cura
641 1096 785 1121 commissa
802 1099 843 1122 est
857 1104 865 1127 ς
888 1095 934 1122 sed
954 1096 1037 1122 Solius

255 1140 352 1166 animal
367 1139 483 1174 propria:
504 1139 658 1166 sollicitudo
687 1140 835 1166 incumbit?
859 1139 960 1167 Deinde
980 1141 1037 1167 cla-

257 1186 315 1212 rius
339 1185 489 1212 ostendens
509 1191 640 1218 quantum
663 1193 694 1212 ex
720 1185 776 1212 otio
801 1185 892 1212 damni
916 1187 1037 1218 accedat,

255 1230 395 1265 suhjungit
417 1239 424 1257 :
449 1239 458 1255 ι
479 1230 551 1257 Nihil
574 1236 728 1265 operantes,
752 1230 798 1258 sed
820 1231 928 1259 curiose
956 1239 1038 1267 agen-

255 1279 297 1303 tes
315 1277 338 1292 “
359 1285 365 1302 :
384 1285 393 1301 ι
416 1283 448 1303 ex
472 1276 538 1307 otio,
561 1275 746 1309 inordinatio;
765 1284 799 1303 ex
823 1277 1036 1310 inordinatione,

255 1321 343 1347 omnis
356 1321 457 1348 malitia
471 1321 601 1348 exoritur.
615 1320 716 1348 Deinde
730 1321 792 1349 huic
806 1323 953 1349 remedium
969 1331 1037 1358 prte-

255 1372 354 1399 parans
365 1365 406 1392 ait
424 1373 431 1391 :
450 1374 459 1390 ‹
481 1365 517 1392 lis
530 1368 621 1392 autem
637 1365 685 1400 qui
706 1366 840 1400 ejusmodi
857 1371 920 1393 sunt
934 1367 1038 1394 denun—

257 1413 365 1445 tiaInus,
387 1417 414 1440 et
441 1413 591 1445 hortamur,
620 1417 650 1440 ut
670 1421 732 1440 cum
755 1413 864 1441 silentio
889 1420 1034 1450 operantcs

253 1466 334 1485 suum
352 1466 448 1493 panem
471 1459 634 1487 manducent
653 1460 687 1492 ",
717 1469 726 1486 ο
751 1464 831 1495 atque
857 1468 919 1488 cum
940 1468 1037 1496 magna

254 1504 440 1538 increpatione
465 1504 576 1539 subjicit
594 1512 600 1529 :
621 1514 630 1530 ι
652 1503 680 1531 Si
694 1505 755 1540 quis
771 1513 825 1532 non
842 1506 898 1532 vult
919 1507 1036 1541 operari,

253 1557 304 1577 nec
319 1550 462 1577 manducet
477 1550 511 1578 ".
530 1559 539 1576 ι
559 1550 616 1585 (2⁵5)
629 1549 707 1578 Hisce
722 1551 880 1586 apostolicis
895 1553 1036 1587 praeceptis

253 1596 342 1623 sancti
357 1595 451 1623 Patres
467 1595 586 1631 Egyptii
611 1597 722 1627 eruditi,
744 1604 778 1624 ne
802 1597 913 1625 minimo
927 1597 1035 1632 quidem

253 1646 375 1676 tempore
391 1641 544 1668 concedunt
557 1641 660 1668 otiosos
673 1649 733 1669 esse
747 1641 905 1673 monachos,
921 1642 1037 1669 maxime

251 1687 386 1721 juniores,
400 1687 480 1722 gnari
499 1694 529 1714 se
548 1694 597 1721 per
612 1686 770 1721 patientiam
784 1687 885 1721 operis,
900 1691 1035 1722 torporem

253 1732 418 1763 eliminare.
445 1739 579 1767 suumque
605 1732 655 1759 sibi
682 1732 838 1759 alimentum
867 1740 1034 1767 comparare.

253 1782 336 1815 atque
344 1778 486 1812 egentibus
495 1778 596 1804 auxilio
604 1784 675 1804 esse.
686 1777 741 1813 (24)
753 1777 810 1804 Non
819 1779 898 1806 modo
909 1780 979 1806 enim
988 1787 1036 1814 pro

254 1824 312 1851 suis
325 1823 535 1851 necessitatibus
550 1827 712 1858 operantur,
727 1824 772 1851 sed
786 1824 933 1859 peregrinis
944 1826 1035 1858 etiam,

254 1870 430 1905 pauperibus,
457 1869 560 1897 carceri
595 1869 700 1897 traditis
736 1870 918 1905 omnibusque
944 1873 1036 1906 egenis

253 1915 407 1942 necessaria
425 1923 458 1942 ex
479 1922 528 1942 suo
551 1922 632 1950 opere
650 1916 823 1950 suppeditant
840 1926 847 1942 :
863 1916 1032 1952 creduntque

254 1959 370 1988 oﬂicium
400 1960 556 1994 hujusmodi
585 1960 748 1988 sacriﬁcium
780 1969 840 1989 esse
873 1961 926 1989 Deo
958 1970 1037 1990 acce-

254 2010 341 2042 ptum.
354 2006 410 2042 (25)
422 2005 478 2033 Hoc
492 2006 556 2034 item
571 2006 749 2034 aiuntPalres
764 2015 825 2034 eum
839 2008 884 2042 qui
897 2013 1034 2043 operatur,

253 2059 315 2079 cum
330 2059 384 2079 uno
405 2052 527 2079 daemone
552 2059 683 2088 pugnare,
706 2060 738 2079 ac
754 2053 912 2087 plerumque
931 2054 965 2081 ab
990 2055 1036 2081 illo

253 2098 377 2125 tribulari
392 2107 400 2131 ;
416 2098 534 2126 otiosum
553 2102 643 2125 autem
664 2097 777 2126 inﬁnitis
792 2098 960 2127 dicmonibus
975 2108 1036 2128 esse

253 2144 400 2178 captivum.
416 2143 473 2177 (26)
488 2142 582 2178 Operae
596 2147 685 2170 autem
704 2144 818 2178 pretium
839 2144 919 2171 fuerit
933 2145 1034 2172 dictum

1091 911 1158 946 πρὸς
1167 911 1198 937 τὸ
1213 910 1249 946 μὴ
1264 910 1438 947 ἐπιδαρῆσαι.
1452 912 1484 938 Τί
1495 910 1541 938 οὖν
1555 912 1701 947 ποιήσομεν
1715 913 1794 947 ἡμεῖς
1808 913 1875 947 ἀκη-

1090 957 1200 988 διῶντες
1213 957 1266 983 ἀπὸ
1278 957 1325 983 τοῦ
1341 957 1432 992 ἔργου,
1453 958 1500 984 καὶ
1513 958 1560 993 τὴν
1576 958 1733 993 σωματικὴν
1749 959 1874 985 ἀνάπαυ-

1091 1011 1132 1029 σιν
1154 1002 1374 1037 μεταδιώκοντες·
1400 1000 1441 1034 οἷς
1461 1002 1522 1029 οὔτε
1548 1004 1678 1038 κήρυγμα
1704 1003 1872 1038 Εὐαγγελῐου

1089 1048 1266 1084 ἐνεχειρίσθη,
1275 1048 1335 1075 οὔτε
1343 1048 1396 1075 τῶν
1405 1049 1569 1084 Ἐκκλησιῶν
1582 1049 1597 1084 ή
1608 1049 1735 1085 μέριμνα,
1745 1050 1812 1076 ἀλλὰ
1823 1050 1874 1085 τῆς

1092 1095 1158 1126 ἰδίας
1176 1095 1260 1130 μόνης
1275 1095 1364 1130 ψυχῆς
1378 1096 1394 1130 ἠ
1411 1095 1535 1130 φροντίςς
1551 1093 1628 1126 Εἶτα,
1647 1095 1809 1130 σαφέστερον
1820 1095 1874 1121 δει-

1090 1139 1177 1165 κνύων
1192 1140 1241 1174 τὴν
1256 1139 1416 1174 τικτομένην
1432 1138 1533 1173 βλάϐην
1545 1139 1576 1164 ὲκ
1588 1138 1636 1173 τῆς
1650 1139 1759 1174 ἀργίας,
1775 1139 1874 1172 ἐπιφέ-

1089 1193 1139 1219 ρει·
1155 1195 1164 1210 ι
1178 1185 1267 1220 Μηδὲν
1277 1184 1486 1220 ἐργαζομένους,
1496 1184 1562 1210 ἀλλὰ
1574 1183 1846 1219 περιεργαζομένους·
1859 1193 1870 1210 ι

1088 1230 1142 1256 ὰπὸ
1161 1230 1258 1265 ἀργίας
1272 1230 1379 1262 ἀταξία,
1406 1230 1453 1256 καὶ
1475 1229 1529 1256 ἀπὸ
1551 1229 1662 1262 ἀταξίας
1684 1230 1757 1256 πᾶσα
1773 1230 1869 1256 κακία.

1088 1276 1305 1308 Κατασκευάζων
1321 1276 1349 1302 δὲ
1365 1275 1445 1302 πάλιν
1457 1275 1506 1310 τὴν
1521 1275 1667 1310 θεραπείαν
1677 1275 1763 1309 αὐτῆς
1773 1274 1872 1309 ἐπιφέ-

1089 1330 1141 1356 ρει·
1160 1331 1169 1347 ι
1188 1322 1249 1353 Τοῖς
1262 1322 1291 1348 δὲ
1306 1322 1435 1353 τοιούτοις
1451 1321 1690 1357 παραγγέλλομεν,
1714 1321 1760 1347 καὶ
1779 1329 1871 1356 παρα-

1089 1367 1223 1403 καλοῦμεν
1237 1368 1266 1393 ὲν
1282 1368 1380 1403 ἡσυχίᾳ
1395 1367 1593 1403 ἐργαζομένους
1609 1368 1654 1394 τὸν
1670 1367 1773 1394 ἑαυτῶν
1789 1367 1872 1403 ἄρτον

1088 1413 1198 1440 ἐσθίεινο
1216 1422 1226 1438 ι
1247 1413 1293 1439 καὶ
1308 1412 1574 1448 ἐπιπληκτικώτερον
1588 1412 1685 1446 ἐπάγει
1703 1412 1798 1446 λέγων·
1814 1420 1823 1436 ι
1839 1411 1874 1437 El

1088 1467 1129 1490 τις
1145 1459 1176 1485 οὐ
1198 1458 1268 1486 Θέλει
1295 1458 1468 1494 ἐργάζεσθαι,
1496 1459 1562 1494 μηδὲ
1589 1459 1710 1487 ἐσθιέτω.
1731 1468 1739 1484 ι
1760 1458 1872 1490 Τούτοις

1087 1506 1143 1536 τοῖς
1157 1505 1344 1537 ἀποστολικοῖς
1358 1505 1584 1541 παραγγέλμασιν
1601 1506 1625 1532 οἱ
1645 1505 1715 1532 κατὰ
1726 1505 1774 1540 τὴν
1787 1505 1871 1538 Δῖγυ-

1088 1559 1153 1578 πτον
1170 1551 1240 1586 ἅγιοι
1252 1552 1382 1588 Πατέρες,
1398 1551 1595 1586 παιδευόμενοι,
1607 1550 1700 1577 οὐδένα
1713 1550 1805 1586 καιρὸν
1821 1550 1872 1586 ἀρ-

1087 1597 1151 1631 γοὺς
1170 1594 1238 1624 εἷναι
1258 1597 1321 1628 τοὺς
1342 1597 1474 1631 μοναχοὺς
1488 1596 1675 1632 ἐπιτρέπουσι,
1690 1595 1736 1623 καὶ
1752 1595 1870 1631 μάλιστα

1086 1641 1149 1672 τοὺς
1165 1641 1321 1674 νεωτέρους,
1345 1640 1455 1672 εἰδότες,
1475 1640 1515 1666 ὅτι
1535 1639 1578 1666 διὰ
1596 1639 1646 1674 τῆς
1669 1639 1804 1674 ὑπομονῆς
1823 1638 1870 1665 ’τοῦ

1087 1686 1167 1723 ἔργου
1185 1686 1298 1721 ἀκηδίαν
1312 1685 1501 1718 ἀπελαύνουσι,
1523 1693 1570 1712 και
1583 1684 1632 1720 τὴν
1649 1684 1752 1711 ἑαυτῶν
1768 1684 1870 1719 τροφὴν

1087 1731 1308 1767 προσπορίζουσι,
1324 1731 1438 1762 καὶτοῖς
1448 1730 1584 1766 δεομένοις
1599 1729 1750 1765 βοηθοῦσιν.
1768 1730 1805 1756 οὺ
1820 1730 1869 1764 μό-

1087 1785 1130 1803 νον
1143 1776 1197 1812 γὰρ
1211 1776 1259 1811 τῆς
1274 1776 1378 1802 ἑαυτῶν
1393 1775 1486 1811 χρείας
1506 1775 1598 1801 ἕνεκεν
1613 1774 1784 1810 ἐργάζονται,
1803 1773 1869 1801 ἀλλὰ

1085 1822 1114 1848 δὲ
1129 1822 1213 1854 ξένοις
1225 1822 1272 1848 καὶ
1282 1822 1408 1856 πτωχοῖς,
1422 1821 1535 1853 καὶτοῖς
1547 1821 1576 1847 ὲν
1587 1819 1728 1854 φυλακαῖς,
1743 1819 1789 1846 καὶ
1803 1820 1869 1846 πᾶσι

1086 1869 1142 1898 τοῖς
1154 1867 1298 1902 δεομένοις,
1315 1867 1347 1892 ὲκ
1360 1865 1406 1892 τοῦ
1425 1865 1490 1892 ἰδίου
1505 1865 1586 1901 έργου
1603 1864 1807 1900 ὲπιχορηγοῦσι,
1822 1873 1868 1891 πι-

1087 1913 1225 1943 στεύοντες
1243 1912 1291 1947 τὴν
1303 1911 1407 1938 ἑαυτῶν
1421 1911 1552 1942 εὐποιίαν,
1568 1911 1662 1938 θυσίαν
1676 1911 1821 1945 εὐάρεστον
1831 1909 1870 1944 τῷ

1085 1958 1144 1994 Θεῷ
1155 1957 1287 1992 γίνεσθαι.
1302 1958 1357 1984 Καὶ
1371 1957 1449 1984 τοῦτο
1463 1957 1492 1984 δὲ
1507 1957 1632 1991 λέγουσιν
1646 1957 1671 1982 οί
1685 1957 1815 1991 Πατέρες,
1827 1956 1869 1982 ὅτι

1084 2007 1099 2032 ό
1116 1997 1298 2041 ἐργαςόμενος
1311 2005 1352 2031 ἑνὶ
1363 2005 1470 2040 δαίμονι
1481 2004 1604 2040 πολεμεῖ,
1619 2005 1665 2031 καὶ
1681 2003 1811 2035 πολλάκις
1821 2004 1867 2029 ὑπ’

1086 2052 1167 2079 αὑτοῦ
1185 2052 1313 2078 θλίϐεται·
1334 2052 1348 2077 ὁ
1364 2051 1392 2078 δὲ
1408 2050 1491 2086 ἀργὸς
1511 2050 1563 2076 ὑπὸ
1585 2050 1689 2086 μυρίων
1705 2050 1868 2085 πνευμάτων

1085 2096 1322 2132 αἰχμαλωτίζεται.
1348 2095 1437 2122 Καλὸν
1463 2095 1491 2121 δὲ
1513 2094 1580 2130 πρὸς
1598 2095 1703 2126 τούτοις
1724 2094 1772 2121 καὶ
1789 2093 1868 2128 λόγον

1086 2143 1285 2178 ἐπιμνησθῆναι
1309 2141 1356 2168 τοῦ
1376 2141 1447 2168 ἀϐὄᾶ
1461 2141 1600 2172 Μωῡσέως
1617 2140 1664 2167 τοῦ
1681 2139 1867 2175 δοκιμωτάτου

253 2196 403 2216 memorare
423 2188 530 2215 abbatis
553 2188 664 2223 Moysis,
679 2188 749 2215 inter
772 2187 865 2216 Paties
890 2190 1033 2224 spectatis-

1087 2189 1114 2215 ὲν
1130 2190 1184 2220 τοῖς
1207 2188 1356 2223 Πατρασιν,
1379 2186 1407 2213 ὃν
1429 2186 1497 2221 πρὸς
1518 2186 1551 2220 μὲ
1571 2185 1770 2220 ἀπεφθέγξατο.
1792 2185 1867 2212 Καθ-

254 2234 328 2265 simi,
353 2233 425 2268 quod
448 2233 480 2260 ad
507 2241 551 2260 tne
576 2233 683 2261 locutus
706 2238 757 2261 est.
779 2234 820 2261 Me
843 2235 942 2270 quippe
957 2235 1032 2262 brevi

252 2283 372 2314 tempore
395 2279 532 2306 sedentem
547 2279 574 2306 in
596 2287 688 2307 eremo
715 2284 806 2314 torpor
826 2280 934 2312 amisit,
953 2285 1034 2316 atque

254 2325 386 2352 accedens
400 2324 433 2352 ad
451 2324 538 2356 illum,
555 2326 595 2352 sic
612 2325 736 2360 alloquor
756 2335 762 2352 :
780 2325 899 2360 Torpore
915 2327 1033 2361 graviter

250 2369 376 2401 alﬂictus.
390 2374 471 2406 atque
484 2370 627 2398 admodum
645 2371 814 2403 inﬁrmatus,
837 2379 891 2399 non
908 2373 983 2407 prius
998 2381 1031 2400 eo

252 2415 382 2443 liberatus
401 2423 460 2443 sum
483 2423 565 2450 quam
593 2417 694 2444 abirem
720 2420 747 2444 et
766 2417 889 2444 abbatem
916 2417 1030 2444 Paulum

251 2462 433 2489 convenirem.
469 2461 619 2497 Respondit
657 2462 723 2489 mihi
763 2462 845 2490 abbas
883 2462 988 2498 Moyses
1023 2473 1029 2490 :

252 2506 426 2542 Perspectum
443 2507 523 2538 habe.
545 2508 662 2542 teipsum
676 2508 786 2535 minime
807 2509 841 2536 ab
853 2516 886 2536 eo
901 2509 1031 2536 hactenus

252 2552 394 2584 liberasse,
408 2552 463 2579 imo
474 2553 563 2588 potius
579 2553 732 2580 dedititium
749 2558 774 2581 te
785 2559 866 2588 atque
883 2561 991 2581 servum
1007 2554 1032 2581 ci

285 2630 307 2646 ⁵⁷
316 2629 337 2656 11
354 2629 450 2657 Thess.
470 2637 515 2662 III.
536 2630 560 2658 6.
599 2630 622 2647 "
642 2630 706 2658 ibid.
723 2631 749 2658 8.
787 2631 809 2648 ”
830 2631 851 2659 ll
863 2630 927 2659 Cor.
946 2639 1000 2664 XII,
1017 2631 1044 2658 Ξ.

252 2664 294 2693 12.
332 2666 354 2681 ’³
375 2665 441 2691 ibid.
461 2664 503 2692 lO.

285 2740 341 2778 (g2)
359 2740 589 2778 Qasrsianalnsl‘it.
605 2741 623 2769 I.
644 2749 671 2774 κ,
688 2749 712 2768 c.
732 2741 774 2768 15.

286 2775 343 2810 (23)
360 2776 426 2803 Ibid.
443 2785 467 2802 ρ.
485 2776 526 2802 It.

287 2811 343 2846 (et)
361 2810 427 2838 lbid.
446 2819 469 2838 ο.
487 2812 530 2837 ξιξ.

1082 2234 1206 2264 εσθὲντος
1224 2234 1285 2267 γάρο
1293 2239 1342 2267 μου
1353 2232 1439 2266 ὀλίγον
1455 2231 1548 2267 χρόνον
1566 2232 1596 2257 ὲν
1612 2232 1644 2266 τῇ
1661 2231 1767 2266 ἐρήμῳ,
1781 2231 1868 2268 ὡχλή-

1084 2279 1133 2314 θην
1150 2279 1203 2305 ὑπὸ
1222 2278 1347 2314 ἀκηδίας,
1367 2279 1414 2304 καὶ
1432 2277 1596 2313 παραϐαλὼν
1612 2276 1696 2312 αὐτῷ,
1713 2277 1784 2310 λέγω
1799 2277 1867 2312 πρὸς

1083 2323 1180 2356 αὑτὸν,
1195 2324 1235 2350 ὅτι
1251 2332 1260 2348 ι
1280 2323 1379 2355 Δεινῶς
1390 2323 1511 2358 όχληθεὶς
1528 2323 1580 2349 ὑπὸ
1597 2324 1647 2358 τῆς
1667 2322 1795 2357 ἀκηδίας,
1821 2322 1866 2349 καὶ

1083 2369 1264 2404 ὲξασθενήσας
1280 2369 1391 2404 σφόδρα,
1409 2369 1439 2395 οὐ
1452 2369 1583 2404 πρότερον
1599 2367 1758 2403 ἀπηλλάγην
1772 2368 1864 2402 αὐτῆς,

1082 2415 1106 2440 εί
1117 2414 1153 2449 μὴ
1162 2413 1292 2449 ἀτήλθον,
1301 2414 1347 2439 καὶ
1359 2412 1510 2449 παρέϐαλον
1522 2412 1560 2448 τῷ
1570 2412 1642 2448 ὰῦὄᾷ
1656 2411 1780 2447 Παύλῳ.)
1807 2412 1865 2437 Ἀπ-

1083 2459 1209 2494 εκρίνατο
1221 2459 1250 2485 δέ
1267 2467 1310 2494 μοι
1327 2459 1395 2494 πρὸς
1411 2458 1518 2485 ταῦταὸ
1531 2458 1618 2490 ἁὸὃᾶς
1635 2459 1755 2493 Μωῦσῆς
1768 2458 1863 2492 λέγων·

1085 2515 1095 2532 ι
1107 2505 1218 2541 Θάρσει,
1235 2505 1284 2540 οὐχ
1297 2505 1391 2531 ἑαυτὸν
1407 2504 1461 2531 ἀπὸ
1473 2504 1574 2540 ταύτης
1587 2504 1786 2540 ὴλευθέρωσας,
1800 2504 1865 2531 ἀλλᾶ

1084 2553 1182 2588 μᾶλλον
1194 2552 1300 2579 ἔκδοτον
1312 2552 1359 2578 καὶ
1367 2551 1459 2579 δοῦλον
1470 2552 1558 2588 ταύτῃ
1566 2552 1734 2587 παρέδωκας.
1746 2551 1863 2577 Γίνωσκε

1082 2631 1105 2647 ⁸⁸
1125 2630 1134 2657 l
1151 2630 1215 2658 Cor.
1234 2638 1277 2663 ιι,
1296 2629 1340 2657 id.
1377 2631 1399 2646 "
1418 2629 1440 2657 ll
1457 2629 1555 2659 Thess.
1573 2637 1621 2662 ιιι,
1652 2629 1697 2658 Η.
1753 2629 1777 2646 ⁹¹
1794 2627 1861 2657 ibid.

1116 2741 1172 2776 (25)
1189 2741 1257 2768 Ibid.
1274 2749 1299 2769 ο.
1315 2741 1361 2769 23.

1117 2776 1172 2812 (ιθ)
1186 2776 1253 2804 Ibid.
1271 2785 1296 2804 c.
1313 2776 1359 2805 25.
