1940 3068
142 147 191 174 9M

696 143 863 172 EPISTOLA
883 145 904 171 ll
926 144 970 171 AD
988 144 1185 172 CASTOREM.

1713 142 1765 170 902

146 206 239 236 τοίνυν,
257 204 296 230 ὅτι
313 202 468 237 βαρυτέρως
483 210 511 228 σε
527 201 565 233 ὡς
582 202 760 238 λειποτάκτην
777 203 924 230 καταπολε-

980 201 1136 229 tradidisse.
1152 200 1227 227 Scito
1247 200 1329 234 igitur
1343 199 1452 234 gravius
1472 202 1508 229 te.
1534 201 1626 233 utpote
1641 198 1763 226 deserto—

143 250 235 285 μήσειθ
252 250 275 274 εί
290 248 327 283 μὴ
344 247 390 273 τοῦ
403 246 497 273 λοιποῦ
513 246 547 273 δι’
563 248 701 283 ὑπομονῆς
713 249 760 274 καὶ
774 249 928 284 προσευχῆς

141 296 188 321 καὶ
211 294 258 321 τοῦ
282 294 362 329 ἔργου
386 293 440 319 τῶν
461 293 578 328 χειρῶν,
604 293 704 329 ταύτην
727 295 927 322 καταπαλαῖσαι

141 339 307 375 σπουδάσῃς.
322 349 329 365 i

177 395 203 421 7.
224 393 357 427 Ἕϐδομος
372 393 437 428 ἡμῖν
453 393 526 419 ἐστιν
541 392 615 427 ἀγὼν
629 393 699 420 κατὰ
715 394 762 419 τοῦ
776 394 928 430 πνεύματος

138 443 187 476 τῆς
200 440 362 472 κενοδοξίας,
375 439 549 474 πολύμορφον
560 439 638 466 τοῦτο
649 440 696 466 καὶ
708 439 869 467 λεπτότατον
881 441 928 467 πά-

139 488 195 518 θος,
207 487 253 513 καὶ
266 486 326 512 οὐδὲ
342 486 386 512 ὑπ’
399 485 481 512 αὑτοῦ
492 485 539 511 τοῦ
550 486 748 522 πειραζομένου
757 487 928 522 καταλαμϐα-

138 532 261 567 νόμενον.
277 532 332 558 Καὶ
344 531 398 566 γὰρ
409 530 463 557 τῶν
474 531 560 557 ἄλλων
575 531 667 557 παθῶν
678 533 705 558 αἱ
719 532 867 567 προσϐολαὶ
880 542 928 567 φα-

138 578 287 613 νερώτεραι
299 576 471 612 τυγχάνουσι,
483 577 530 603 καὶ
543 576 722 611 εὖκολώτερὸν
733 586 791 608 πως
801 577 849 612 τὴν
860 578 927 613 πρὸς

137 624 225 650 ταῦτα
243 623 332 659 μάχην
349 623 504 658 κέκτηνται,
519 622 566 649 καὶ
579 622 627 656 τῆς
643 622 731 657 ψυχῆς
747 622 792 648 τὸν
812 623 928 658 πόλεμον

138 668 390 703 ἱπιγινωσκομένης
402 667 445 694 διὰ
457 668 507 702 τῆς
519 668 702 703 ἀντιρρήσεως
713 669 760 694 καὶ
775 668 928 704 προσευχῆς

137 715 233 742 τοῦτον
253 715 467 749 ἀνατρεπούσης.
490 713 523 739 Ἦ
542 713 569 739 δὲ
586 713 634 748 τῆς
655 713 807 746 κενοδοξίας
830 714 926 744 κακία,

139 761 312 797 πολύμορφος
329 758 358 787 οὗ
363 769 406 792 σα,
419 759 510 791 καθὼς
533 759 638 795 εἴρηται
648 780 655 790 .
677 760 777 786 δυσκατ
782 760 863 794 αγώνι
868 769 927 791 στος

136 810 277 845 τυγχάνει.
289 809 343 835 Καὶ
356 807 409 841 γὰρ
423 807 450 831 ὲν
464 805 544 832 παντὶ
557 805 751 841 ἐπιτηδεύματι
762 806 928 842 παρυφίστα-

137 869 183 886 ται
203 858 231 885 ἐν
247 867 276 884 τε
295 858 424 892 σχήματι,
446 858 491 884 καὶ
514 859 615 893 μορφῇ,
638 857 685 884 καὶ
703 857 856 892 βαδίσματι.
879 858 925 884 καὶ

136 906 224 940 λόγῳ,
245 904 293 931 καὶ
314 904 342 929 ἐν
357 903 530 938 ἀγρυπνίαις,
547 904 593 930 καὶ
614 904 642 929 ὲν
663 903 810 937 νηστείαις.
829 905 875 930 καὶ
899 905 927 930 ἐν

138 952 287 987 προσευχῇ,
301 951 347 977 καὶ
366 951 394 976 ἑν
412 949 574 984 ἀναγνώσει,
591 951 638 976 καὶ
662 951 690 976 ὲν
705 950 815 984 ἡσυχίᾳ.
832 951 878 976 καὶ¹
899 951 928 976 ἐν

139 996 324 1031 μακροθυμίᾳ.
350 995 398 1021 Διὶ
423 996 531 1022 πάντων
549 995 604 1030 γὰρ
622 996 725 1021 τοὺτων
740 996 872 1030 ἐπιχειρεῖ
882 995 927 1022 τὸν

139 1043 308 1079 στρατιώτην
320 1042 365 1069 τοῦ
375 1041 493 1078 Χριστοῦ
502 1041 701 1074 κατατοξεύειν.
712 1041 766 1067 Καὶ
778 1041 831 1075 γὰρ
839 1042 928 1067 ὅντινα

140 1091 177 1126 μὴ
184 1091 283 1125 δυνηθῇ
296 1089 339 1116 διὰ
349 1088 521 1119 πολυτελείας
532 1087 687 1123 ἐνδυμάτων
700 1087 767 1123 πρὸς
776 1087 927 1120 κενοδοξίαν

137 1137 288 1172 ἀπατῆσαι.
303 1136 396 1162 τοῦτον
411 1135 444 1162 δι’
460 1133 582 1165 εὐτελοῦς
593 1133 705 1168 ἐσθῆτος
721 1134 855 1169 ἐπιχειρεῖ
868 1142 928 1159 πει-

139 1183 241 1218 ράζειν.
251 1182 306 1208 Καὶ
321 1181 349 1208 ὃν
364 1181 413 1207 οὐκ
424 1179 544 1214 ἠδυνήθη
557 1178 599 1205 διὰ
612 1179 694 1213 τιμῆς
709 1179 820 1214 ἐπᾶραι.
833 1178 926 1206 τοῦτον

137 1228 181 1254 διὰ
192 1227 237 1254 τοῦ
253 1227 345 1262 φέρειν
357 1226 436 1260 δῆθεν
453 1225 566 1260 ἀτιμίαν
582 1225 621 1255 εἰς
635 1224 763 1250 ἀπόνοιαν
781 1224 864 1260 αίρει’
879 1225 926 1251 καὶ

136 1274 167 1300 ὃν
179 1274 229 1300 οὐχ
242 1272 361 1307 ἠδυνήθη
377 1271 421 1298 διὰ
438 1271 488 1305 τῆς
509 1271 662 1305 ἐπιστήμης
674 1269 720 1296 τοῦ
742 1269 820 1303 λόγου
835 1271 926 1296 πεῖσαι

138 1318 301 1351 κενοδοξεῖν,
322 1318 415 1344 τοῦτον
437 1318 469 1352 τῇ
494 1317 581 1351 σιωπῇ
609 1315 646 1347 ὡς
671 1316 773 1350 ἥσυχον
793 1316 923 1347 δελεάζει·

137 1366 185 1392 καὶ
198 1365 226 1392 ὃν
237 1365 286 1391 οὐκ
300 1363 418 1399 ἠδυνήθη
433 1362 592 1397 πολυτελείᾳ
609 1361 760 1397 βρωμάτων
775 1362 924 1395 χαυνῶςαι,

136 1411 230 1437 τοῦτον
248 1409 291 1436 διὰ
308 1409 435 1444 νηστείας
455 1409 494 1440 εἰς
511 1407 620 1434 ἔπαινον
643 1406 744 1434 ἐκλύει.
763 1407 817 1433 Καὶ
832 1407 926 1439 ἁπλῶς

137 1458 192 1484 πᾶν
215 1456 312 1492 ἔργον.
350 1455 403 1482 πᾶν
436 1454 613 1489 ἐπιτήδευμα,
644 1453 779 1488 πρόφασιν
807 1452 924 1488 πολέμου

136 1503 251 1538 παρέχει
268 1501 355 1537 τούτῳ
368 1501 406 1536 τῷ
418 1501 535 1536 δαίμονι.
559 1500 620 1526 "Et:
631 1498 658 1525 δὲ
672 1498 740 1534 προς
755 1498 858 1530 τούτοις
877 1498 924 1525 καὶ

137 1550 238 1585 κλῆρον
253 1548 417 1584 φαντάζεται
433 1549 446 1574 ὁ
462 1546 663 1582 πολεμούμενος
686 1545 731 1571 ὑπ’
752 1545 844 1572 αὑτοῦ.
865 1545 921 1572 Μέ-
936 1555 958 1584 C

139 1603 244 1630 μνημαι
261 1594 314 1628 γάρ
329 1601 400 1625 τινος
415 1592 550 1628 γέροντος,
571 1590 651 1625 ἡνίκα
669 1592 696 1617 ἐν
714 1590 806 1626 Σκήτῃ
823 1590 923 1626 διέτρι-

136 1641 195 1672 ϐον,
206 1639 366 1671 ἀπελθόντος
376 1641 415 1670 εἰς
424 1638 528 1665 κελλιον
539 1638 611 1669 τινος
624 1636 739 1671 ἀδελφοῦ
753 1635 923 1670 ἐπισκέψεως

136 1687 227 1723 χάριν,
241 1686 288 1713 καὶ
303 1685 340 1717 ὡς
355 1684 502 1720 ἐπλησίασε
515 1685 547 1720 τῇ
561 1683 629 1719 θύρᾳ
644 1683 693 1718 τῆς
706 1682 812 1717 κέλλης,
830 1682 923 1708 ἀκούει

136 1730 220 1758 αὐτοῦ
233 1730 374 1761 λαλοῦντος
387 1729 469 1756 ἔνδον·
484 1730 531 1756 καὶ
542 1728 655 1764 νομίσας
666 1728 680 1754 6
690 1726 777 1763 γέρων
788 1727 841 1754 ἀπὸ
854 1727 923 1763 Γρα-

136 1778 191 1812 φῆς
201 1777 282 1803 αὑτὸν
296 1776 418 1812 μελετᾷν,
432 1775 496 1810 ἔστη
510 1774 694 1810 ἀκροώμενος,
709 1773 755 1800 καὶ
766 1773 922 1799 αίσθάνεται

136 1823 219 1850 αὐτοῦ
242 1823 294 1849 ὑπὸ
312 1822 465 1854 κενοδοξίας
486 1820 734 1857 παραφρονοῦντος,
760 1819 807 1846 καὶ
827 1818 922 1845 ἑαυτὸν

137 1867 352 1904 χειροτονοῦντος
365 1867 499 1898 διάκονον,
512 1866 558 1893 καὶ
569 1867 624 1898 τοῖς
634 1865 847 1901 κατηχουμένοις
859 1865 924 1891 ἀπο-

136 1915 214 1940 λυσιν
229 1913 393 1949 παρέχοντα.
412 1913 456 1944 Ὠς
470 1910 515 1939 οὖν
532 1912 631 1946 ἢκουσε
647 1911 726 1937 τοῦτο
740 1911 754 1936 6
768 1911 866 1945 γέρων,
880 1910 923 1936 τέ-

136 1961 182 1991 λος
197 1959 305 1994 ὡθήσας
320 1958 369 1993 τὴν
384 1958 468 1993 θύραν
481 1956 599 1992 εἰσῆλθε.
615 1956 661 1983 καὶ
676 1956 836 1989 ἀπαντήσας
848 1955 922 1989 αὐτῷ

136 2007 152 2032 6
169 2005 281 2039 ἀδελφὸς
301 2003 486 2040 προσεκύνησε
503 2003 574 2030 κατὰ
588 2002 618 2029 τὸ
634 2001 701 2033 ἔθος.
721 2001 767 2028 καὶ
781 2001 856 2035 ἠξίου
873 2010 923 2035 μα-

137 2052 194 2078 θεῖν
212 2051 276 2086 παρ¹
290 2050 384 2081 αὑτοῦ,
400 2051 424 2077 εἰ
438 2050 537 2084 πολλὴν
549 2049 623 2084 ὥραν
638 2048 694 2083 ἔχει
710 2048 778 2082 πρὸς
795 2048 826 2082 τῇ
841 2047 921 2082 θύρᾳ,

143 2098 172 2124 '0
186 2097 215 2123 δὲ
228 2096 316 2131 γέρων
332 2096 480 2131 χαριέντως
492 2094 628 2129 ἀπεκρίθη
643 2093 712 2129 πρὸς
725 2093 814 2120 αὐτόν’
831 2093 921 2128 Ἀρτι,

137 2142 230 2177 φησὶν,
245 2140 335 2176 ἦλθον,
353 2141 397 2167 ὅτε
418 2141 450 2167 σὺ
465 2139 513 2174 τὴν
529 2139 659 2166 ἀπόλυσιν
675 2140 730 2169 τοῖς
753 2137 923 2173 κατηχουμέ-

135 2196 192 2219 νοις
203 2187 346 2218 ὲπετέλεις.
360 2186 426 2212 Τότε
436 2187 450 2212 6
461 2186 584 2219 ἀδελφὸς,
600 2184 719 2216 ἀκούσας
730 2184 826 2212 ταῦτα.
841 2183 922 2209 ἔπεσε

136 2233 212 2268 παρὰ
224 2233 286 2264 τοὺς
303 2233 385 2263 πόδας
397 2231 444 2258 τοῦ
465 2231 600 2267 γέροντος,
613 2231 660 2256 καὶ
674 2230 827 2265 παρακαλεῖ
841 2229 921 2255 αὐτον
938 2228 960 2256 ῐ)

135 2279 262 2314 εὔχεσθαι
271 2279 340 2314 ὑπὲρ
351 2277 445 2309 αὐτοῦ,
459 2277 502 2303 ἵνα
515 2276 598 2312 ῥυσθῇ
609 2276 658 2310 τῆς
669 2276 795 2310 τοιαύτης
808 2275 920 2309 πλάνης.

135 2325 238 2351 Τούτου
255 2324 283 2350 δὲ
300 2322 437 2358 ἐμνήσθην
451 2321 535 2353 δεῖξαι
554 2320 713 2355 βουλόμενος
734 2321 773 2350 είς
789 2320 853 2353 ὅσην
873 2319 920 2344 ἀν-

134 2369 277 2404 αισθησίαν
292 2368 368 2403 φέρει
380 2367 425 2394 τδν
438 2367 580 2402 ἄνθρωπον
592 2362 668 2397 οὗτος
680 2365 694 2390 ὁ
707 2365 819 2398 δαίμων.
829 2364 857 2389 '0
867 2363 922 2389 τοί-

133 2424 182 2443 νυν
198 2415 357 2450 βουλόμενος
370 2413 480 2444 τελείως
496 2411 621 2446 ἀθλῆσαι,
635 2410 683 2437 καὶ
697 2409 742 2435 τὸν
754 2409 803 2451 τῆς
820 2409 922 2434 δικαιο-

135 2461 219 2495 σύνης
235 2460 365 2493 στέφανον
377 2457 569 2493 ἀναδήσασθαι,
582 2457 649 2483 πᾶσι
661 2455 770 2490 τρόποις
782 2453 919 2488 σπουδάσῃ

135 2506 166 2532 τὸ
180 2505 353 2541 πολύμορφον
370 2504 449 2530 τοῦτο
462 2503 555 2538 θηρίον
568 2502 686 2535 νικῆσαι,
705 2500 758 2535 πρὸ
774 2499 921 2534 ὀφθαλμῶν

136 2551 206 2586 ἔχων
232 2548 345 2578 πάντοτε
369 2550 399 2577 τὸ
423 2550 475 2576 ὑπὸ
497 2548 543 2575 τοῦ
566 2548 644 2582 ἁγίου
664 2547 745 2573 Δαυῖδ
766 2546 920 2581 εἰρημένον·

139 2606 148 2623 ε
171 2596 272 2632 Κύριος
286 2595 473 2631 διεσκόρπισεν
489 2594 556 2620 ὀστᾶ
577 2591 822 2628 ἀνθρωπαρέσκων·
841 2600 849 2615 ι
875 2589 921 2616 καὶ

137 2641 220 2677 μηδὲν
245 2640 356 2666 ποιείτω
386 2638 615 2675 περιϐλεπόμενος
641 2637 685 2663 τὴν
713 2635 741 2668 ἐξ
771 2634 921 2670 ἀνθρώπων

133 2685 255 2716 imum,
269 2684 337 2712 ἀλλὰ
349 2684 394 2710 τδν
407 2683 481 2719 παρὰ
494 2682 560 2709 Θεοῦ
577 2681 669 2717 μισθὸν
686 2678 857 2715 ἐπιζητείτω,
873 2678 921 2704 καὶ

173 2772 197 2788 ’⁸
211 2771 288 2800 -Ρεειὶ,
307 2779 361 2802 LII,
377 2771 403 2797 6.

171 2862 228 2894 (Ξῖ)
244 2861 368 2890 Cassian.
392 2860 508 2887 lustilut.
526 2858 573 2887 lib.
592 2866 628 2891 xi,
643 2865 668 2884 c.
687 2857 697 2883 l
717 2860 742 2883 et
754 2864 811 2891 seq.

980 255 1048 278 rem,
1072 247 1106 274 ab
1128 254 1161 274 eo
1183 245 1373 273 debellandum
1393 252 1455 271 esse
1479 253 1485 271 :
1511 243 1563 270 nisi
1577 243 1704 278 deinceps
1718 251 1766 278 per

979 294 1148 329 patientiam.
1163 293 1312 319 orationem
1327 295 1354 319 et
1366 298 1436 326 opus
1447 298 1587 322 manuum,
1600 298 1662 318 eum
1681 298 1766 325 oppu.

978 346 1062 374 gnare
1074 337 1223 365 studueris.

1005 383 1095 419 'l._(27)
1106 382 1255 417 Septimum
1265 381 1344 409 nobis
1353 384 1393 408 est
1400 385 1536 408 certamen
1548 379 1678 407 adversus
1689 379 1755 414 spiri

979 433 1037 456 ttnn
1054 429 1143 456 inanis
1160 428 1263 464 gloriae,
1279 427 1471 454 multiformem
1492 427 1563 453 illam
1581 434 1612 454 ac
1632 427 1763 454 tenuissi-

980 483 1051 502 mam
1070 476 1236 511 passionem,
1259 482 1319 509 quae
1343 481 1377 501 ne
1394 473 1429 500 ab
1446 481 1478 500 eo
1493 473 1601 508 quidem
1614 473 1660 508 qui
1675 477 1766 500 tenta-

979 526 1033 553 tur,
1050 519 1298 555 comprehenditur.
1315 518 1479 546 Cieterarum
1495 519 1594 552 quippe
1607 517 1764 552 passionum

979 566 1161 600 irruptiones.
1189 567 1338 598 apertiores
1358 569 1439 595 sunt,
1459 569 1539 598 atque
1569 563 1676 590 facilius
1702 570 1764 590 cum

979 611 1013 637 iis
1030 615 1167 645 pugnatur
1187 617 1193 634 :
1215 609 1306 635 anima
1322 610 1422 644 quippe
1437 616 1498 635 cum
1515 608 1614 636 bellum
1629 606 1775 645 agnoscitﬂ

978 656 1154 691 repugnando
1179 660 1205 682 et
1225 656 1329 683 oramlo
1352 659 1473 690 superat.
1496 657 1530 690 At
1557 654 1648 681 inanis
1671 641 1774 688 gloriae‘

979 701 1081 727 malitia
1100 700 1276 727 multiformis
1296 708 1357 727 cum
1372 701 1417 731 sit,
1435 700 1473 726 uti
1494 707 1576 734 supra
1591 699 1692 726 dictum
1707 703 1759 730 est,

978 752 1132 782 expugnatu
1155 746 1273 774 difficilis
1295 750 1347 774 est.
1375 745 1402 772 In
1424 748 1497 772 onmi
1523 746 1622 780 quippe.
1645 745 1763 772 hominis

978 793 1068 820 studio
1084 801 1204 828 pra-'scns
1220 801 1248 820 se
1266 792 1346 824 sistit,
1369 792 1395 818 in
1420 792 1514 819 habitu
1534 791 1646 824 sticet,
1664 791 1762 823 forma,

979 847 1084 874 gressu,
1107 846 1241 870 sermone,
1259 838 1369 873 vigiliis,
1385 838 1506 872 jejuniis,
1525 838 1551 864 in
1569 838 1702 868 oratione,
1724 838 1763 864 le-

978 886 1078 916 ctione,
1100 885 1200 920 quiete,
1223 885 1249 912 in
1267 884 1476 919 aequanimitate.
1496 884 1531 911 Iis
1545 884 1618 914 ,cnim
1636 884 1763 911 omnibus

978 936 1093 958 conatur
1121 931 1231 958 mililem
1261 929 1363 957 Christi
1391 930 1546 956 confodere.
1578 929 1663 962 Quem
1688 931 1762 957 enim

977 977 1199 1004 vestimentorum
1216 976 1423 1011 sumptuositate
1438 976 1562 1010 decipere
1578 976 1680 1010 nequit,
1690 980 1716 1002 et
1727 975 1762 1002 ad

977 1031 1074 1051 vanam
1093 1024 1206 1058 gloriam
1229 1023 1382 1054 deﬂectere,
1405 1030 1466 1049 eum
1483 1021 1636 1049 vestimenti
1658 1022 1762 1048 vilitate

979 1073 1075 1097 tentat.
1093 1069 1126 1096 Et
1143 1077 1223 1104 quem
1240 1077 1293 1096 non
1309 1070 1398 1104 potuit
1410 1069 1524 1097 honore.
1539 1075 1601 1094 eum
1619 1067 1761 1094 dedecoris

976 1116 1106 1151 patientia
1120 1116 1153 1142 ad
1169 1115 1353 1150 insipientiam
1367 1122 1453 1150 usque
1471 1113 1545 1140 inflat
1559 1121 1564 1139 :
1581 1120 1661 1148 quem
1676 1114 1750 1140 scien

975 1163 1012 1190 tia
1033 1163 1066 1189 ad
1086 1170 1182 1190 vanam
1209 1163 1322 1197 gloriam
1342 1161 1476 1188 deducere
1498 1160 1634 1195 nequivit,
1649 1167 1709 1186 eum
1727 1167 1759 1186 ex

976 1208 1100 1240 silentio,
1117 1207 1194 1242 quasi
1216 1207 1338 1242 quietum
1364 1206 1518 1234 hominem.
1535 1205 1660 1239 decipere
1676 1212 1761 1230 cona-

976 1257 1041 1280 tur:
1057 1261 1138 1287 quem
1159 1252 1284 1279 ciborum
1306 1252 1414 1278 lautitia
1438 1250 1472 1277 ad
1494 1250 1634 1277 mollitiem
1654 1249 1761 1276 trahere

977 1307 1031 1326 non
1056 1298 1159 1330 valuit,
1183 1306 1245 1325 eum
1265 1297 1369 1332 jejunio
1394 1297 1427 1323 ad
1451 1297 1562 1323 laudum
1583 1295 1760 1330 cupiditatem

976 1343 1095 1371 deducit.
1116 1345 1226 1371 Demum
1247 1351 1314 1378 opus
1330 1350 1420 1374 omne,
1442 1350 1522 1370 omne
1542 1342 1661 1369 studium
1679 1341 1762 1376 328

975 1390 1038 1417 belli
1055 1390 1226 1417 occasionem
1241 1389 1302 1416 huic
1316 1388 1431 1416 dacmoni
1445 1388 1556 1423 prabet.
1574 1388 1630 1421 {28)
1643 1387 1683 1414 Ad
1704 1387 1761 1413 haec

975 1436 1020 1470 qui
1043 1436 1076 1462 ab
1101 1435 1147 1462 illo
1167 1438 1356 1470 Oppugnatur,
1384 1441 1580 1468 nonnunquam
1606 1433 1658 1461 sibi
1687 1432 1762 1460 sacri

974 1482 1078 1509 ordinis
1092 1481 1193 1517 gradus
1219 1481 1360 1515 contingit.
1382 1480 1492 1507 Memini
1510 1479 1652 1514 cujusdam
1674 1478 1759 1509 senis,

975 1528 1032 1563 qui,
1048 1535 1109 1554 cum
1132 1527 1158 1554 in
1175 1526 1254 1554 Sorte
1273 1527 1410 1561 degerem,
1436 1525 1563 1552 cellulam
1585 1524 1651 1551 adiit
1667 1524 1752 1558 cujus-

973 1574 1034 1601 dam
1049 1573 1141 1600 fratris
1155 1572 1280 1599 visitandi
1292 1579 1385 1603 causa,
1397 1575 1423 1598 et
1434 1574 1462 1597 ut
1472 1569 1563 1605 janute
1577 1570 1651 1597 cellae
1662 1576 1761 1604 appro-

973 1620 1123 1655 pinquavit,
1141 1619 1228 1654 ipsum
1245 1618 1347 1644 audivit
1367 1618 1441 1644 intus
1457 1617 1609 1651 loquentem
1632 1625 1638 1642 :
1655 1619 1681 1642 ct
1698 1623 1760 1642 cum

973 1669 1081 1701 putaret
1104 1672 1185 1692 senex
1210 1663 1346 1698 quidpiam
1371 1662 1445 1689 illum
1466 1670 1500 1689 ex
1522 1661 1663 1695 Scriptura
1682 1668 1760 1695 repe-

973 1717 1039 1741 tere,
1067 1710 1143 1737 stetit
1167 1709 1382 1741 auscultaturus,
1412 1712 1493 1742 atque
1516 1709 1603 1735 sensit
1626 1706 1701 1733 illum
1726 1714 1759 1734 ex

974 1757 1046 1784 inani
1066 1756 1151 1791 gloria
1174 1755 1303 1787 insanire,
1326 1762 1357 1781 ac
1376 1763 1436 1782 sese
1457 1754 1602 1781 diaconum
1620 1753 1758 1786 ordinare,

973 1801 1228 1835 catechumcuismlc
1240 1801 1428 1828 dimissionem
1447 1799 1578 1826 tribucre.
1591 1798 1620 1825 ld
1635 1806 1696 1825 cum
1714 1806 1760 1825 au-

973 1848 1057 1874 disset
1085 1854 1178 1878 senex,
1208 1846 1316 1873 demum
1343 1849 1436 1880 aperta
1452 1844 1536 1879 janua
1558 1843 1691 1874 introivit,
1715 1843 1759 1871 cui

974 1894 1055 1921 frater
1075 1899 1221 1920 occurrens
1245 1891 1278 1919 de
1303 1898 1377 1918 more
1400 1890 1527 1918 salutavit
1549 1897 1622 1921 eum,
1640 1889 1760 1924 rogavit-

972 1947 1025 1975 que
1047 1947 1081 1966 an
1099 1939 1145 1966 diu
1171 1938 1204 1965 ad
1225 1938 1336 1972 januam
1361 1937 1492 1964 stetisset.
1509 1937 1578 1963 Tum
1603 1943 1686 1963 senex
1703 1935 1760 1970 pla-

973 1987 1033 2013 cide
1057 1985 1197 2020 respondit
1217 1984 1256 2010 illi
1286 1993 1293 2010 :
1315 1983 1388 2015 Mox,
1410 1982 1507 2017 inquit,
1530 1981 1636 2013 adveni,
1652 1989 1714 2008 cum
1731 1985 1759 2007 tu

973 2031 1177 2059 catechumcnis
1197 2029 1383 2057 dimissionem
1416 2028 1566 2056 tribuebas.
1599 2027 1647 2053 llis
1677 2026 1760 2053 frater

974 2077 1073 2104 auditis
1086 2075 1201 2110 procidit
1215 2073 1248 2101 ad
1265 2073 1338 2101 senis
1365 2073 1458 2108 pedes,
1475 2075 1505 2099 ut
1523 2070 1650 2106 precibus
1665 2073 1759 2105 postu«

974 2124 1041 2150 laret
1063 2122 1113 2150 sibi
1136 2121 1240 2149 erroris
1262 2119 1451 2154 hujuscemodi
1477 2117 1673 2145 liberationem.
1707 2114 1760 2142 llu-

971 2169 1050 2203 jusce
1073 2167 1110 2194 rei
1134 2166 1243 2193 memini
1259 2169 1288 2192 ut
1302 2164 1473 2192 ostenderem
1494 2163 1522 2190 in
1539 2165 1668 2197 quantam
1691 2161 1759 2188 iusi-

975 2214 1101 2249 pientiam
1134 2212 1178 2238 hic
1209 2212 1314 2238 dmmon
1350 2209 1480 2243 conjiciat
1523 2207 1671 2235 hominem.
1706 2206 1756 2238 Qui

973 2261 1030 2287 vult
1056 2260 1147 2293 itaque
1173 2256 1291 2292 perfecte
1319 2259 1436 2285 certare,
1460 2258 1488 2280 et
1514 2253 1629 2288 justitite
1655 2259 1757 2279 corona

972 2306 1110 2337 redimiri,
1138 2305 1265 2331 omnibus
1301 2305 1408 2337 satagat
1439 2300 1528 2328 modis
1562 2299 1756 2326 multiformem

973 2352 1043 2379 hanc
1063 2357 1192 2384 superare
1218 2349 1312 2378 feram,
1336 2354 1390 2382 prm
1417 2345 1503 2373 oculis
1520 2351 1627 2378 semper
1653 2343 1757 2370 habens

972 2398 1074 2425 dictum
1099 2395 1163 2422 illud
1186 2394 1273 2421 sancti
1294 2393 1403 2419 Davidis
1427 2400 1434 2418 :
1456 2400 1465 2416 ‹
1490 2390 1620 2417 Dominus
1642 2388 1757 2423 dissipa—

972 2443 1010 2470 vit
1021 2450 1083 2470 ossa
1103 2448 1197 2468 eorum
1215 2440 1260 2475 qui
1277 2438 1434 2465 hominibus
1454 2437 1562 2471 placent
1577 2435 1601 2451 “
1621 2443 1628 2460 :
1647 2443 1656 2458 ι
1675 2434 1756 2461 nihil-

973 2496 1025 2522 que
1041 2490 1102 2522 agat
1119 2486 1218 2512 intuitu
1247 2484 1357 2510 laudum
1372 2483 1564 2512 humanarum,
1584 2480 1631 2507 sed
1653 2486 1755 2506 merce-

972 2534 1032 2562 dem
1045 2537 1148 2568 quzerat
1160 2540 1175 2558 a
1194 2531 1258 2562 Deo,
1276 2539 1307 2557 ac
1327 2529 1505 2564 cogitationes
1520 2527 1635 2562 propria:
1656 2524 1755 2556 laudis,

971 2588 1020 2608 cor
1047 2586 1127 2606 suum
1158 2577 1317 2604 invadentes
1343 2582 1450 2609 semper
1475 2573 1586 2608 abjiciat
1613 2581 1619 2599 :
1647 2579 1706 2599 sese
1729 2571 1756 2598 in

971 2629 1118 2662 conspectu
1133 2623 1179 2652 Dei
1193 2622 1334 2657 despiciat.
1351 2621 1408 2648 Hoc
1423 2620 1554 2655 siquidem
1567 2622 1646 2653 pacto
1658 2617 1756 2653 poterit

971 2673 1026 2701 Deo
1045 2673 1157 2706 juvante
1185 2669 1294 2697 liberari
1322 2668 1356 2695 ab
1383 2668 1473 2695 inanis
1502 2666 1594 2702 gloria:
1622 2665 1754 2697 dzemone,

1011 2852 1066 2887 (εδ)
1084 2852 1149 2879 Ibid.
1171 2859 1194 2878 ς,
1213 2850 1254 2882 it,
1276 2850 1318 2877 15.
