1940 3068
227 136 279 164 9015

801 133 830 160 S.
852 130 1080 159 ATHANASIUS.
1100 145 1132 150 --
1155 129 1267 157 DUBIA.

1792 125 1845 153 90L

228 194 315 230 gratia
339 193 443 221 Domini
464 193 549 220 nostri
571 193 645 221 Jesu.
668 193 711 219 cui
735 192 820 227 gloria
844 192 871 218 in
895 191 1004 219 saecula.

1064 189 1233 225 ἱπορῤίπτων
1248 187 1291 214 ἀεὶ
1307 188 1369 218 τοὺς
1381 186 1579 222 ἐπερχομένους
1593 186 1621 212 ἐν
1637 187 1671 221 τῇ
1688 185 1789 220 καρδίᾳ
1800 185 1850 211 αὐ-

229 240 324 267 Amen.

1062 233 1109 260 τοῦ
1129 233 1273 267 λογισμοὺς
1302 232 1349 258 καὶ
1369 231 1545 262 ἐπαινοῦντας
1561 231 1652 262 αὐτὸν,
1673 229 1850 262 ἐξουθενείτω

229 285 321 312 ἑαυτὸν
337 284 450 311 ἐνώπιον
466 284 511 311 τοῦ
527 285 604 311 Θεοῦ.
624 284 716 315 οὕτως
731 283 785 319 γὰρ
801 284 941 319 δυνήσεται
961 282 1008 309 σὺν
1026 281 1086 316 Θεῴ
1109 280 1296 315 ἀπαλλαγῆναι
1320 279 1367 305 τοῦ
1385 278 1509 313 δαίμονος
1529 278 1578 312 τῆς
1609 277 1770 310 κενοδοξίας
1802 277 1846 312 χὰ-

230 341 281 367 ριτι
299 331 346 358 τοῦ
369 332 471 368 Κυρίου
494 332 572 367 ἡμῶν
589 331 688 367 Ἰησοῦ,
703 329 725 365 ᾧ
746 333 762 366 ὴ
782 331 845 364 δόξα
866 332 906 362 εἰς
926 330 989 362 τοὺς
1007 329 1116 360 αἰῶνας.
1138 328 1232 362 Ἀμήν.

262 388 287 416 8.
302 388 356 423 (9.9)
370 387 500 415 Octavum
516 389 593 415 nobis
604 394 645 415 est
659 392 794 415 certamen
809 388 938 414 adversus
954 387 1010 420 spi-

229 434 310 460 ritum
327 435 469 469 superbiae,
481 434 553 469 quod
569 439 609 461 est
624 434 732 468 gravius
748 435 892 468 acriusque
904 433 1009 460 caeteris

231 479 368 511 omnibus,
382 487 434 513 qtto
455 478 565 513 perfecti
591 478 706 505 maxime
728 483 927 512 oppugnantur.
947 478 1008 512 qui-

230 533 282 559 que
295 533 342 552 eos
357 526 403 560 qui
422 525 477 551 fere
494 524 527 551 ad
547 525 676 551 virtutum
699 523 832 558 fastigium
849 531 1005 558 pervenere,

228 571 385 598 subvertere
403 574 518 597 certatur
535 579 541 596 :
560 577 591 596 ac
609 570 695 596 morbi
712 570 832 603 pestiferi
850 570 936 596 instar
952 577 1005 595 non

227 622 330 651 partem
344 615 476 650 corporis,
495 615 541 642 sed
559 619 643 641 totum
662 615 758 649 perdit.
771 614 804 640 Et
824 614 882 640 alize
898 613 1006 648 quidem

228 661 341 694 singula:
363 661 514 694 passiones.
538 660 645 686 tametsi
667 660 784 685 animam
804 659 924 690 turbant,
945 659 1008 693 quia

227 709 317 732 tamen
326 713 387 732 cum
398 713 450 732 una
463 709 566 732 tantum
577 705 676 732 virtute
686 705 737 731 sibi
748 705 871 739 opposita
879 709 1008 739 pugnam,

227 756 309 785 atque
325 759 384 778 eam
400 759 528 785 superare
547 752 680 783 nituntur,
695 758 727 777 ex
748 755 823 785 parte
843 751 930 777 solum
950 749 1009 776 ani-

227 805 298 824 mam
316 797 465 824 obscurant
480 803 560 831 atque
572 797 755 829 conturbant;
770 796 903 830 superbia:
918 801 1007 822 autem

228 842 320 876 passio
342 846 425 869 totam
453 842 572 868 tenebris
596 841 721 873 oﬂ'undit,
747 846 775 868 cl.
799 841 832 868 ad
864 845 1010 868 extremam
1028 849 1048 875 Β

227 885 337 912 deducit
353 887 468 913 ruinam.
501 886 588 920 thue
606 886 735 921 liqttidius
758 886 830 920 quod
854 885 955 912 dictum
974 892 1015 912 εει

227 932 428 966 excogitemus,
451 933 500 958 hac
520 932 623 958 ratione
646 939 701 958 rem
728 932 906 965 speculemur.
933 930 1008 957 Gulze

228 977 323 1003 vitium
348 977 540 1003 abstinentiam
572 983 749 1011 corrumpere
793 976 906 1010 satagit,
930 975 1015 1002 forni-

228 1024 300 1049 catio
312 1023 517 1054 continentiam,
526 1023 637 1049 avaritia
649 1026 846 1056 paupertatem.
863 1021 1014 1056 indignatio

230 1068 484 1099 mansuetudinem,
503 1075 535 1095 ac
558 1068 669 1102 reliquae
694 1067 798 1101 species
820 1067 928 1093 malitia:
949 1075 1014 1093 con-

230 1115 328 1141 trarias
361 1114 413 1141 sibi
438 1114 572 1145 virtutes;
603 1119 630 1140 at
659 1113 792 1147 superbire
821 1112 923 1138 malitia
950 1120 1012 1138 cum

228 1160 334 1187 misera’:
354 1160 451 1186 animae
475 1159 642 1192 dominatur,
666 1157 738 1185 haud
757 1165 837 1185 secus
858 1158 912 1193 agit
931 1165 1012 1192 quam

228 1205 478 1232 truculentissimus
502 1204 612 1239 quidam
638 1208 781 1239 tyrannus,
807 1203 852 1238 qui
876 1203 963 1237 ampla
985 1206 1013 1229 et

228 1251 335 1278 excelsa
359 1256 434 1285 capta
456 1250 532 1281 urbe.
554 1254 636 1276 totam
657 1249 741 1276 diruit
755 1252 782 1275 et
795 1257 810 1275 a
825 1248 1011 1275 fundamentis

229 1297 334 1324 evertit.
363 1297 446 1330 Cujus
468 1296 505 1322 rei
527 1295 604 1322 testis
623 1298 666 1322 est
689 1294 800 1329 angelus
819 1294 864 1328 qui
886 1301 919 1320 ex
943 1294 1012 1320 ccelo

229 1346 339 1376 propter
362 1341 517 1375 superbiam
542 1339 659 1372 cecidit;
678 1340 724 1374 qui
748 1346 762 1365 a
780 1339 834 1366 Deo
855 1342 964 1365 creatus
984 1343 1011 1364 et

231 1386 306 1412 omni
327 1386 426 1413 virtute
446 1392 476 1412 ac
495 1385 628 1420 sapientia
644 1389 768 1415 ornatus.
785 1391 838 1410 non
856 1383 901 1410 Dei
916 1391 964 1418 gra
979 1383 1011 1409 ia:

230 1431 287 1458 haec
313 1431 450 1458 ascribere
470 1431 563 1462 voluit,
585 1432 631 1458 sed
652 1431 766 1465 propriae
784 1436 886 1457 natura:
910 1439 915 1457 :
940 1430 1011 1457 unde

230 1485 260 1505 se
278 1476 332 1504 Deo
354 1477 483 1512 aequalem
506 1484 567 1503 esse
583 1477 685 1511 putavit
702 1485 708 1503 :
728 1484 809 1511 qttatn
827 1476 886 1510 ejus
906 1476 1009 1510 cogita-

1095 384 1121 411 8.
1143 383 1253 418 Ὄγδοος
1268 383 1333 417 ἡμῖν
1355 382 1430 407 ἐστιν
1451 380 1523 415 ἀγὼν
1542 379 1612 406 κατὰ
1624 379 1673 406 τοῦ
1692 379 1849 414 πνεύματος

1059 430 1110 464 τῆς
1122 429 1315 464 ὑπερηφανίας·
1331 427 1518 462 χαλεπώτατος
1529 423 1604 457 οὗτος
1617 427 1665 453 καὶ
1677 426 1789 452 πάντων
1798 426 1850 452 τῶν

1060 474 1199 510 προτέρων
1218 473 1394 508 ἀγριώτερος,
1414 472 1476 502 τοὺς
1491 471 1610 502 τελείους
1629 470 1754 505 μάλιστα
1769 470 1849 496 πολε-

1061 520 1127 555 μῶν,
1145 520 1191 546 καὶ
1206 518 1296 553 σχεδὸν
1309 519 1371 549 τοὺς
1386 517 1416 543 τὺ
1433 516 1498 551 ὕψος
1512 516 1564 543 τῶν
1581 516 1689 551 ἀρετῶν
1712 516 1850 550 ὰναΰεὸη-

1059 567 1139 598 κότας
1161 566 1294 601 ἐπιχειρεῖ
1316 564 1524 599 καταστρέφειν·
1549 564 1596 590 καὶ
1617 563 1748 599 καθάπερ
1775 564 1850 595 νόσος

1060 612 1169 647 λοιμικὴ
1193 612 1353 646 φθοροποιὸς
1373 612 1433 646 οὐχὶ
1457 611 1537 646 μέρος
1557 610 1603 636 τοῦ
1627 610 1769 644 σώματος,
1794 609 1848 636 ἀλλ’

1060 658 1119 684 ὂλον
1134 658 1293 692 διαφθείρει.
1310 658 1364 684 Καὶ
1377 657 1430 683 τῶν
1446 657 1495 692 μὲν
1506 656 1593 683 ἄλλων
1611 656 1710 682 παθῶν
1723 656 1848 688 ἕκαστον,

1061 704 1084 729 εί
1098 703 1143 730 καὶ
1155 703 1284 738 ταράσσει
1299 703 1347 737 τὴν
1359 702 1456 737 ψυχὴν,
1469 702 1536 728 ἀλλὰ
1553 701 1620 736 πρὸς
1637 702 1705 736 μίαν
1716 702 1767 736 τὴν
1779 702 1850 728 ἀντι-

1062 747 1189 783 κειμένην
1207 747 1279 782 αύτῷ
1296 748 1394 783 ἀρετὴν
1412 747 1556 782 πολεμοῦν,
1568 747 1613 773 καὶ
1623 747 1731 781 ταύτην
1742 747 1849 782 νικῆσαι

1061 793 1241 827 φιλονεικοῦν,
1265 795 1296 820 ἐκ
1325 793 1422 828 μέρους
1447 794 1584 819 ἐπισκοτεῖ
1605 792 1656 827 τὴν
1680 792 1783 827 ψυχὴν,
1805 793 1850 818 καὶ

1061 839 1191 874 ταράσσει
1204 839 1296 874 αὑτήν*
1311 839 1340 865 τὸ
1354 839 1381 865 δὲ
1395 839 1442 873 τῆς
1456 838 1646 873 ὑπερηφανίας
1661 839 1756 864 πᾶσαν
1767 838 1849 873 αὐτὴν

1065 884 1212 914 ἐπισκοτεῖ,
1226 884 1272 909 καὶ
1287 884 1325 914 εἰς
1340 883 1440 909 πτῶσιν
1457 882 1516 916 ἄγει
1531 883 1659 917 ἐσχάτην.
1673 883 1732 908 Καὶ
1748 883 1790 909 ἵνα
1805 891 1850 910 σα-

1065 930 1193 966 φέστερον
1216 931 1353 964 νοήσωμεν
1375 929 1405 955 τὸ
1426 928 1578 964 εἰρημένον,
1603 929 1792 963 σκοπήσωμεν
1808 928 1849 954 οὒ-

1063 984 1126 1007 τως.
1158 976 1189 1001 Ἡ
1213 975 1415 1010 γαστριμαργία
1439 974 1486 1009 τὴν
1516 975 1680 1010 ἐγκράτειαν
1708 973 1848 1006 σπουδάζει

1062 1020 1222 1055 διαφθεῖραι,
1238 1021 1253 1055 ή
1270 1020 1380 1055 πορνεία
1389 1019 1436 1054 τὴν
1449 1019 1636 1054 σωφροσύνην,
1652 1020 1669 1054 ἡ
1684 1018 1849 1053 φιλαργυρία

1061 1067 1111 1101 τὴν
1132 1065 1330 1102 ἀκτημοσύνην·
1356 1065 1370 1092 ὁ
1393 1064 1476 1100 θυμὸς
1498 1064 1546 1100 τὴν
1571 1065 1726 1100 πραότητα,
1752 1065 1798 1091 καὶ
1815 1065 1847 1089 τὰ

1063 1111 1143 1138 λοιπὰ
1166 1111 1215 1146 τῆς
1231 1111 1329 1141 κακίας
1348 1110 1405 1145 εἴδη
1424 1110 1474 1142 τὰς
1492 1110 1614 1142 ἐναντίας
1630 1110 1726 1137 αὐτῶν
1740 1109 1846 1145 ἀρετάς·

1062 1157 1131 1192 ἡδὲ
1149 1156 1198 1191 τῆς
1222 1156 1408 1192 ὑπερηφανίας
1433 1156 1526 1187 κακία,
1554 1157 1616 1182 ὅταν
1643 1156 1777 1191 κυριεύσῃ
1801 1156 1848 1190 τῆς

1062 1202 1156 1233 ἀθλίας
1169 1202 1266 1237 ψυχῆς.
1284 1201 1377 1237 ὥσπερ
1391 1210 1432 1233 τις
1447 1201 1636 1236 χαλεπώτατος
1654 1202 1787 1237 τύραννος
1801 1209 1847 1236 με·

1061 1247 1146 1282 γάλην
1172 1247 1246 1273 πόλιν
1270 1247 1316 1273 καὶ
1342 1246 1445 1282 ὑψηλὴν
1470 1246 1648 1281 παραλαὸὼν,
1671 1246 1737 1281 ὃλην
1765 1245 1846 1280 αὐτὴν

1062 1292 1253 1327 καταστρέφει,
1277 1292 1324 1318 καὶ
1339 1292 1392 1323 ἕως
1416 1291 1547 1327 θεμελίων
1570 1293 1771 1319 κατασκάπτει.
1794 1291 1846 1318 Καὶ

1063 1339 1166 1373 μάρτυς
1178 1338 1271 1364 τούτου
1283 1339 1296 1363 ὁ
1307 1338 1420 1372 ἄγγελος
1436 1339 1450 1364 ὁ
1465 1338 1496 1364 ὲκ
1511 1337 1557 1364 τοῦ
1573 1338 1690 1373 οὐρανοῦ
1703 1337 1793 1364 πεσὼν
1804 1336 1845 1363 διὰ

1061 1383 1108 1419 τὴν
1122 1383 1318 1419 ὑπερηφανίαψ
1334 1383 1373 1414 ὃς,
1388 1384 1420 1410 ἐκ
1434 1383 1480 1409 τοῦ
1493 1383 1559 1409 Θεὸῦ
1571 1383 1703 1417 κτισθεὶς,
1717 1385 1764 1410 καὶ
1775 1382 1844 1418 πᾶσῃ

1061 1430 1143 1465 ἀρετῇ
1159 1431 1205 1455 καὶ
1221 1429 1300 1464 σοφίᾳ
1319 1429 1475 1464 κοσμηθεὶς,
1493 1429 1522 1455 οὐ
1538 1430 1571 1463 τῇ
1587 1429 1634 1456 τοῦ
1651 1429 1785 1456 Δεσπότου
1800 1428 1845 1463 χά-

1063 1483 1114 1510 ριτι
1129 1474 1260 1510 ἐϐουλήθη
1273 1475 1358 1501 ταῦτα
1370 1475 1544 1510 ἐπιγράφειν,
1559 1475 1624 1502 ἀλλὰ
1638 1478 1672 1512 τῇ
1688 1477 1742 1512 ἰδίᾳ
1756 1475 1841 1510 φύσει’

231 1525 333 1550 tionem
354 1530 470 1557 arguens
493 1523 624 1557 propheta
644 1522 729 1548 dicit:
748 1532 756 1547 ι
776 1521 872 1548 Dixisti
887 1522 913 1548 itt
930 1522 1011 1549 Corde

1064 1521 1121 1547 ὅθεν
1133 1521 1178 1547 κα)⁸
1192 1521 1247 1547 ἴσον
1262 1521 1356 1547 ἑαυτὸν
1368 1516 1501 1547 ὑπέλαϐεν
1510 1519 1578 1547 εἶναι
1589 1521 1669 1548 Θεοῦ.
1682 1523 1737 1548 Kal.
1747 1521 1844 1555 ταύτην

230 1573 277 1596 tuo
304 1579 311 1596 :
337 1568 443 1595 Sedebo
468 1568 495 1595 in
515 1572 605 1594 monte
622 1568 741 1599 excelso,
761 1575 857 1602 ponam
883 1568 1010 1595 thronum

232 1622 322 1641 meum
344 1621 426 1648 supra
453 1613 539 1640 nubes
553 1618 580 1640 et
596 1613 694 1639 similis
715 1620 762 1639 cro
783 1612 923 1639 Altissimo
945 1612 977 1638 ".
1000 1621 1009 1637 ι

230 1659 270 1687 Tu
289 1667 354 1687 vero
378 1660 468 1691 honto,
493 1662 521 1686 et
548 1666 602 1685 non
625 1657 705 1685 Deus.
728 1658 858 1692 Aliusque
883 1658 1013 1693 propheta

230 1706 268 1732 ait
286 1713 293 1731 :
314 1715 322 1731 ι
341 1704 411 1737 Quid
429 1705 554 1740 gloriaris
569 1705 596 1730 in
610 1705 722 1737 malitia,
735 1705 781 1738 qui
797 1709 892 1739 potens
907 1713 937 1732 es
948 1705 987 1731 ’5?
1001 1714 1010 1730 ι

234 1752 266 1778 Et
291 1751 388 1786 paucis
414 1751 564 1784 interiectis
594 1759 600 1776 :
629 1759 639 1775 ι
668 1750 790 1777 Diiexisti
815 1751 904 1777 omnia
933 1751 1014 1778 verba

231 1796 431 1828 demersionis,
458 1797 577 1830 linguam
606 1795 739 1823 dolosam.
768 1795 912 1830 Propterea
942 1796 1013 1823 Deus

232 1844 353 1869 destruet
373 1845 398 1868 te
417 1842 444 1868 in
466 1842 557 1872 tinem,
577 1841 672 1868 evellet
693 1846 717 1868 te
731 1846 758 1868 et
772 1841 916 1868 transferet
937 1846 962 1868 te
979 1843 1013 1870 de

231 1887 409 1915 tabernaculo
427 1891 482 1918 tuo,
508 1890 534 1913 et
548 1886 666 1913 radicem
683 1889 757 1912 luant
780 1886 813 1913 de
837 1891 907 1913 terra
923 1888 1014 1914 viven-

232 1934 310 1960 tium.
335 1932 471 1960 Videbunt
497 1932 565 1967 justi
588 1935 616 1958 οι
638 1928 782 1964 timebunt,
800 1936 827 1959 et
848 1940 929 1967 super
953 1941 1014 1960 eum

232 1979 360 2006 ridebunt
386 1983 410 2005 et
436 1978 527 2005 dicent
550 1987 557 2005 :
580 1977 650 2005 Ecce
673 1977 752 2005 homo
774 1978 820 2012 qui
845 1986 899 2005 noti
926 1978 1016 2012 posuit

237 2026 322 2053 Deum
344 2025 497 2059 adjutorem
520 2031 610 2054 suum,
631 2027 658 2050 ct
684 2025 825 2058 prmvaluit
848 2025 874 2050 in
897 2024 1016 2051 vanitate

234 2079 283 2099 sua
300 2072 332 2098 ’⁷.
355 2081 364 2096 ι
382 2070 443 2098 ΗΒΞο
458 2078 519 2097 cum
531 2070 661 2102 sciamus,
679 2070 821 2097 timeamus
836 2074 863 2097 et
877 2071 948 2096 omni
966 2078 1014 2096 cu-

234 2117 322 2145 stodia
337 2124 477 2144 servemus
490 2123 537 2143 cor
557 2119 681 2142 nostrutn
699 2115 722 2130 "
738 2122 753 2141 a
771 2115 895 2142 lett.ifero
919 2115 1015 2149 spiritu

235 2163 369 2198 superbiae
386 2182 393 2194 ,
418 2162 497 2189 nobis
522 2160 588 2196 ipsis
618 2161 675 2188 haec
700 2160 822 2195 Apostoli
856 2161 1014 2191 recitantes,

1062 1566 1142 1592 αὐτοῦ
1166 1565 1216 1601 τὴν
1237 1566 1383 1601 ἐνθύμησιν
1407 1566 1524 1602 ἐλέγχων
1544 1567 1559 1593 ὁ
1586 1568 1730 1602 προφήτης
1755 1566 1841 1601 φησιν’

1065 1620 1074 1635 ι
1092 1608 1178 1642 Εἷπας
1195 1612 1223 1637 ἐν
1241 1612 1274 1646 τῇ
1293 1610 1390 1646 καρδίᾳ
1409 1619 1471 1637 σου·
1497 1611 1591 1637 Καθιῶ
1613 1612 1644 1637 ἐν
1667 1611 1724 1646 ὄρει
1743 1610 1842 1645 ὑψηλῷ,

1064 1656 1137 1691 θήσω
1151 1656 1196 1682 τὸν
1212 1656 1303 1691 θρόνον
1320 1664 1369 1690 μου
1386 1656 1431 1682 ἐπὶ
1454 1656 1507 1682 τῶν
1529 1656 1659 1690 νεφελῶν,
1685 1656 1731 1683 καὶ
1752 1657 1843 1690 ἔσομαι

1063 1702 1153 1736 ὅμοιος
1164 1701 1203 1736 τῷ
1219 1701 1345 1736 ’Υψίστῳ.
1360 1711 1368 1727 ι
1385 1702 1421 1727 Σὺ
1441 1701 1470 1727 δὲ
1484 1701 1635 1737 ἄνθρωπος,
1651 1703 1699 1729 καὶ
1720 1701 1750 1728 οὐ
1771 1700 1842 1731 Θεός.

1064 1749 1118 1774 Καὶ
1132 1748 1208 1779 ἄλλος
1226 1749 1366 1783 προφήτης
1382 1747 1465 1781 λέγει·
1484 1757 1493 1772 ι
1511 1747 1543 1774 Τί
1563 1749 1687 1784 ἐγκαυχᾷ
1709 1749 1737 1774 ἐν
1755 1746 1842 1781 κακίᾳ,

1064 1794 1078 1819 ὁ
1092 1793 1218 1825 δυνατός;
1235 1802 1245 1818 ι
1267 1793 1314 1819 καὶ
1344 1794 1400 1828 μετ’
1424 1792 1511 1827 ὀλίγα·
1533 1803 1542 1819 ι
1573 1793 1736 1828 Ἠγάπησας
1760 1792 1842 1818 πάντα

1065 1838 1174 1873 ῥήματα
1192 1837 1422 1872 καταποντισμοῦ,
1436 1837 1560 1872 γλῶσσαν
1578 1838 1680 1865 δολίαν,
1704 1837 1752 1863 Διὰ
1770 1835 1843 1862 τούτο

1065 1885 1079 1910 ὁ
1097 1883 1161 1914 θεὸς
1176 1882 1284 1909 καθελεῖ
1298 1891 1327 1909 σε
1343 1884 1382 1915 εἰς
1396 1883 1482 1915 τέλος,
1497 1883 1600 1910 ἐκτῖλαί
1615 1892 1657 1917 σε,
1672 1884 1719 1910 καὶ
1735 1889 1844 1918 μετανα-

1066 1929 1176 1956 στεῦσαί
1189 1937 1218 1955 σε
1234 1930 1286 1956 ἀπὸ
1303 1929 1479 1964 σκηνώματός
1496 1938 1553 1961 σου,
1571 1930 1617 1956 καὶ
1633 1931 1665 1957 τὸ
1679 1929 1784 1966 ῥίζωμὰ
1799 1935 1842 1953 σου

1065 1976 1097 2001 ὲκ
1109 1976 1160 2010 γῆς
1176 1974 1293 2007 ζώντων.
1311 1975 1439 2009 Ὄψονται
1455 1975 1562 2007 δίκαιοι,
1578 1976 1624 2002 καὶ
1639 1975 1841 2011 φοϐηθήσονται,

1065 2021 1112 2047 καὶ
1128 2021 1170 2046 ἐπ’
1183 2020 1263 2047 αὑτὸν
1279 2020 1448 2054 γελάσονται,
1464 2022 1510 2047 καὶ
1525 2021 1644 2056 ἐροῦσιν·
1665 2021 1728 2048 Ἰδοὺ
1744 2019 1842 2054 ἅνθρω-

1067 2075 1115 2098 πος
1134 2066 1163 2097 ὃς
1178 2066 1227 2094 οὐκ
1246 2066 1320 2092 ἔθετο
1337 2067 1382 2093 τὸν
1400 2067 1466 2093 Θεὸν
1482 2066 1577 2102 βοηθὸν
1592 2067 1684 2098 αὐτοῦ,
1698 2066 1744 2092 καὶ
1758 2063 1842 2090 ἐνεδυ-

1067 2111 1180 2147 ναμώθη
1204 2111 1249 2138 ἐπὶ
1271 2113 1303 2147 τῇ
1321 2111 1478 2147 ματαιότητι
1501 2111 1593 2138 αὐτοῦ.
1609 2122 1618 2137 ι
1646 2111 1738 2138 Ταῦτα
1759 2108 1842 2135 τοίνυν

1067 2157 1255 2192 γινώσκοντες.
1278 2157 1451 2192 φοϐηθῶμεν,
1472 2158 1519 2184 καὶ
1540 2157 1614 2193 πάσῃ
1637 2157 1742 2192 φυλακῇ
1761 2153 1841 2188 τηρή-

234 2209 344 2244 quando
373 2207 482 2234 virtutis
510 2207 664 2242 cujuspiam
689 2213 757 2240 opus
782 2205 976 2240 perfecerimus
1005 2213 1012 2231 :

1067 2212 1156 2238 σωμεν
1177 2204 1226 2238 τὴν
1250 2203 1352 2229 ἑαυτῶν
1378 2203 1489 2240 καρδίαν
1514 2203 1567 2230 ἀπὸ
1590 2203 1638 2230 τοῦ
1662 2200 1840 2244 θανατηφόρου

237 2265 246 2280 ε
279 2253 338 2280 Non
362 2261 412 2288 ego
439 2257 540 2284 autem,
569 2254 616 2280 sed
639 2251 724 2287 gratia
750 2251 797 2278 Dei
826 2258 886 2286 quae
910 2258 1015 2277 mecum

234 2304 276 2326 est
289 2299 322 2326 ".
341 2308 350 2324 ι
371 2297 403 2325 Ει
417 2297 488 2332 qttod
503 2305 518 2324 a
534 2296 648 2323 Domino
667 2296 770 2322 dictum
782 2299 823 2322 est
841 2305 845 2321 :
864 2304 872 2320 ε
891 2295 955 2322 Sine
974 2303 1016 2321 itte

234 2344 315 2380 329
331 2344 399 2371 nihil
413 2343 526 2378 potestis
543 2341 631 2369 facere
648 2341 667 2368 ¹.
689 2350 698 2367 ι
718 2341 750 2367 Et
762 2341 833 2376 quod
849 2348 864 2366 a
882 2340 1016 2375 Pt'ophtta

234 2392 335 2418 dictum
354 2395 396 2417 est
417 2398 422 2416 :
444 2399 453 2415 ι
473 2388 530 2415 Nisi
548 2387 680 2415 Dominus
703 2387 877 2414 mdiﬁcaverit
893 2387 1014 2418 dotttuttt,

234 2437 262 2463 in
283 2443 382 2463 vanum
401 2435 594 2462 laboraverunt
611 2433 658 2468 qui
677 2432 811 2460 atdilicant
824 2440 882 2459 eam
895 2432 915 2458 ².
937 2441 946 2457 ι
965 2433 1016 2458 ite-

234 2489 350 2516 rumque
365 2490 371 2508 :
391 2490 400 2506 ι
418 2480 477 2507 Non
493 2479 621 2511 volentis,
638 2486 725 2512 neqtte
738 2478 883 2509 currentis,
902 2478 947 2504 sed
965 2478 1015 2504 mi-

235 2528 350 2555 screntis
373 2530 415 2554 est
437 2525 482 2553 Dei
500 2526 520 2553 '.
540 2535 549 2550 l
572 2523 639 2551 Nam
665 2524 770 2551 etiamsi
792 2524 854 2558 quis
876 2523 1016 2550 alacritate

235 2573 353 2605 fervens,
379 2580 410 2599 ac
433 2571 573 2607 proposito
593 2570 731 2597 studiosus
755 2569 847 2601 fuerit,
865 2569 912 2596 sed
936 2577 1017 2596 carne

235 2620 352 2654 iligatus
371 2623 396 2646 et
413 2619 544 2653 sanguine
556 2637 563 2650 ,
584 2624 638 2644 non
655 2616 753 2650 poterit
772 2616 805 2642 ad
825 2615 1016 2650 perfectionem

234 2666 385 2698 pervenire,
398 2664 450 2691 nisi
466 2663 500 2690 ad
518 2663 574 2690 hazc
588 2662 679 2689 omnia
696 2662 724 2688 in
741 2660 928 2689 misericordia
945 2664 971 2686 et
989 2660 1015 2686 in

1069 2250 1221 2286 πνεύματος
1235 2251 1283 2286 τῆς
1299 2251 1497 2286 ὑπερηφανίας,
1515 2251 1685 2285 ἐπιλέγοντες
1699 2248 1799 2276 ἑαυτοῖς
1813 2243 1840 2270 τὸ

1068 2294 1113 2321 τοῦ
1139 2295 1309 2328 Ἀποστόλου,
1330 2296 1394 2322 ὅταν
1417 2296 1516 2331 ἀρετήν
1539 2304 1599 2323 τινα
1622 2293 1838 2330 κατορθώσωμεν·

1072 2350 1081 2366 ι
1101 2341 1156 2367 Οὐκ
1171 2340 1225 2375 ἐγὼ
1240 2341 1277 2371 δὲ,
1295 2341 1352 2368 ἀλλ’
1370 2343 1386 2377 ἡ
1402 2342 1482 2377 χάρις
1498 2342 1544 2368 τοῦ
1557 2341 1625 2369 Θεοῦ
1645 2343 1661 2376 ἡ
1684 2341 1730 2367 σὺν
1746 2335 1811 2372 ἐμοί’
1827 2343 1835 2359 ³

1069 2387 1115 2412 καὶ
1130 2387 1159 2413 τὸ
1176 2387 1228 2413 ὑπὸ
1245 2386 1291 2413 τοῦ
1306 2387 1408 2422 Κυρίου
1425 2387 1578 2423 εἰρημένον,
1599 2388 1639 2414 ὅτι
1655 2396 1663 2411 ι
1678 2384 1765 2418 Χωρὶς
1777 2377 1838 2415 ἐμοῦ

1068 2432 1096 2458 οὐ
1113 2432 1224 2458 δύνασθε
1241 2434 1326 2458 ποιεῖν
1341 2433 1427 2459 οὐδέν·
1443 2443 1451 2459 ι
1467 2433 1512 2459 καὶ
1525 2433 1555 2459 τδ
1569 2432 1620 2459 ὑπὸ
1633 2431 1678 2458 τοῦ
1693 2427 1835 2464 Προφήτου⁸

1071 2487 1080 2502 ι
1105 2478 1166 2504 Ἐὰν
1185 2478 1221 2514 μὴ
1240 2479 1340 2513 Κύριος
1355 2478 1518 2513 οίκοδομήσῃ
1531 2475 1613 2509 οἷκον,
1630 2478 1669 2508 εἰς
1686 2475 1770 2510 μάτην
1783 2472 1837 2496 ἐκο-

1069 2523 1168 2549 πίασαν
1177 2524 1200 2549 οἱ
1208 2523 1418 2558 οἰκοδομοῦντες·
1426 2533 1434 2548 ι
1444 2523 1491 2549 καὶ
1502 2523 1590 2549 πάλιν·
1597 2521 1648 2549 «οὑ
1658 2520 1702 2548 τοῦ
1714 2518 1835 2545 θέλοντος-

1068 2568 1129 2594 ούδὲ
1145 2567 1191 2594 τοῦ
1207 2569 1357 2604 τρέχοντος,
1375 2568 1441 2595 ἀλλὰ
1456 2568 1502 2595 τοῦ
1518 2568 1653 2599 ἐλεοῦντος
1666 2564 1743 2592 Θεοῦ.
1762 2571 1770 2587 ι
1788 2557 1838 2585 Καὶ

1069 2614 1122 2649 γὰρ
1133 2615 1156 2640 εἰ
1169 2615 1214 2640 καὶ
1229 2614 1262 2640 τὰ
1279 2615 1395 2649 μάλιστα
1408 2615 1497 2642 ἔσεταί
1513 2624 1555 2646 τις
1569 2614 1636 2646 ζέων
1652 2614 1682 2648 τῇ
1695 2604 1834 2649 προθυμίξι

1070 2660 1116 2686 καὶ
1134 2659 1274 2691 σπουδαῖος
1289 2661 1320 2695 τῇ
1334 2660 1500 2695 προαιρέσει,
1518 2659 1584 2686 ἀλλὰ
1597 2659 1675 2695 σαρκὶ
1689 2647 1835 2684 συνδεδεμέ·

270 2742 293 2757 "
313 2741 363 2769 lsa.
383 2749 438 2771 xw.
459 2741 501 2767 15.
538 2740 561 2755 ⁸⁸
582 2739 653 2767 Psal.
671 2746 707 2765 LI.
745 2738 767 2753 "
787 2737 852 2765 ibid.
871 2737 931 2764 6-9.
969 2737 991 2752 “

1068 2745 1090 2762 ν.
1107 2745 1143 2769 tv,
1156 2737 1200 2763 ‘25.
1238 2738 1260 2753 ”
1277 2737 1283 2763 I
1299 2737 1361 2764 Cor.
1380 2745 1424 2770 xv,
1443 2737 1484 2765 10.
1516 2737 1613 2765 'Joan.
1633 2743 1673 2766 xv,
1691 2733 1717 2760 5-
1747 2725 1832 2754 ‘PH'

270 2785 325 2804 XVI.
363 2778 373 2792 ³
392 2775 472 2803 Rom.
493 2783 534 2806 ιι,
554 2776 597 2802 lii.

272 2831 328 2864 (29)
342 2831 467 2859 Cassian.
486 2830 605 2857 Institut.
621 2830 668 2857 lib.
687 2838 736 2862 xu,
752 2838 777 2856 c.
792 2830 801 2856 i
819 2833 845 2856 et
859 2837 917 2863 seq.
