1940 3068
237 96 290 124 9οἹ

235 162 340 187 namrae
359 155 472 182 levatur.
486 151 577 178 Testis
590 149 655 176 mibi
680 148 736 176 haec
753 148 874 183 loquenti
892 153 934 176 est
949 156 1018 176 uxor
1032 153 1054 182 Α

235 202 374 233 Zachariae
399 198 562 229 sacerdotis,
589 196 721 227 Elisabet,
741 202 802 230 quae
825 201 878 222 non
901 194 962 222 risit
987 199 1018 222 ut

236 251 303 277 Sara
315 249 336 280 ⁷,
353 246 400 275 sed
413 249 442 272 ut
456 245 534 271 Anna
549 241 665 270 credidit
675 240 697 272 ⁸,
714 247 775 275 quae
789 240 816 267 in
835 239 956 274 suisjam
975 239 1019 267 de-

235 295 348 324 bilitatis
367 291 495 319 membris
510 294 539 316 ut
554 288 644 323 aquila
665 291 794 314 renovata
808 291 850 314 est
861 287 870 301 '
884 296 891 313 :
904 293 1018 320 puerum

234 348 352 376 namque
368 337 496 366 enutrivit
510 336 680 371 praclarum.
701 333 894 364 venerandum,
916 332 943 359 in
958 331 1019 359 Jor-

235 386 340 413 danii-is
356 383 463 410 liuentis
482 384 646 408 versantem.
663 378 732 405 Vere
754 385 851 412 magna
872 377 945 404 inter
959 384 1018 403 mu—

236 433 315 460 lieres
329 429 410 466 330
422 428 551 459 Elisabet,
571 429 665 460 utpote
679 425 805 459 gloriosa:
826 423 945 458 Virginis
969 430 1017 449 co-

236 482 328 513 gnata.
346 473 575 511 quemadmodum
591 471 703 506 jamjam
719 470 818 497 audisti
839 478 872 497 ex
892 468 1018 497 Gabriele

235 525 343 552 dicente
357 533 362 549 :
378 531 387 547 ι
402 521 435 548 Et
452 528 516 548 ecce
531 518 651 545 Elisabet
665 515 840 551 coguata‘tua
856 516 889 542 ¹⁰.
906 525 915 541 ι
929 514 951 542 0
971 522 1018 549 ge—
1030 514 1036 521 '

234 571 309 599 neris
328 567 511 596 nobilitatem!
529 572 546 592 ο
560 563 669 600 pietatis
688 562 910 590 exercitationem
924 562 930 587 l
946 568 963 587 ο
978 561 1018 587 vi-

234 622 269 644 ta:
279 613 438 651 puritatem!
454 620 470 639 o
481 610 604 645 corporis
618 608 785 636 castitatem!
799 615 815 634 ο
827 606 911 634 Deum
924 614 1018 633 aman-

234 663 270 688 tis
295 660 392 687 anima:
419 656 562 685 affectum!
580 663 597 681 o
620 662 668 681 vas
692 653 914 688 unguentarium!
933 651 1017 678 Evam

234 704 419 740 supplantavit.
439 709 562 736 serpens,
582 699 746 726 Elisabetam
766 698 879 733 angelus
900 698 928 724 in
945 703 1016 732 prae-

233 753 323 779 claras
336 758 381 777 res
397 748 522 776 initiavit.
540 745 610 773 Vere
621 752 717 780 magna
731 745 802 771 inter
819 744 948 770 mulieres
962 742 1018 769 Eli-

233 797 321 828 sabet.
340 803 401 831 quae
413 794 545 822 Joannem
559 793 710 827 Baptistam
732 790 857 826 gestavit.
876 789 1017 816 incredqu

233 842 372 870 Zachariae
388 839 579 875 exprobravit!
597 837 675 871 Quod
688 841 778 864 autem
796 835 953 862 incredulus
965 834 1017 861 Za-

233 888 342 915 charias
363 885 577 914 imbecillitatem
603 883 738 918 corporis.
763 881 810 909 Dei
833 880 1016 915 promissione

232 934 278 969 (ad
297 931 527 969 persuadendum)
545 929 692 957 ﬁrmiorem
710 936 771 956 esse
796 928 944 954 arbitratus
968 927 1014 958 sit,

232 981 334 1008 audisti
357 980 434 1015 prius
453 986 487 1006 ex
509 977 560 1004 hac
582 976 662 1002 Luca:
683 974 856 1009 evangelista
878 973 1013 1000 lectione:

235 1037 244 1053 ι
261 1026 344 1054 Visus
356 1029 398 1053 est
413 1025 438 1052 ei
456 1024 570 1059 angelus
585 1021 703 1053 Domini,
729 1024 805 1048 stans
821 1027 835 1045 a
851 1018 954 1046 dextris
975 1017 1016 1044 al-

232 1073 300 1100 taris
316 1071 420 1098 incensi
433 1070 464 1095 ¹¹.
482 1079 491 1094 ι
509 1068 604 1096 Modus
619 1069 677 1102 ipse
697 1065 811 1093 visionis
833 1064 894 1099 ejus
913 1063 1014 1090 verita-

232 1124 286 1146 tem
309 1117 426 1145 suadere
442 1115 524 1143 valet.
547 1115 570 1140 Α
589 1113 693 1141 dextris
714 1111 825 1146 angelus
848 1110 933 1141 stetit,
949 1108 1014 1143 quia

225 1165 327 1191 -dexter
353 1163 515 1195 faustusque
540 1159 612 1187 fetus
629 1159 737 1186 futurus
763 1159 832 1188 erat,
850 1155 897 1190 qui
920 1155 1015 1182 dexte-

233 1218 290 1238 ram
314 1209 389 1244 regni
408 1209 539 1236 caelorum
560 1206 632 1234 viam
654 1204 824 1240 praedicaret,
842 1202 921 1237 juxta
946 1201 1013 1228 illud

233 1257 356 1284 dictum:
374 1265 383 1281 ι
398 1254 463 1282 Vias
479 1261 540 1289 qua
561 1260 578 1280 a
604 1251 709 1280 dextris
735 1253 800 1278 sunt
822 1249 898 1276 novit
920 1247 1011 1275 Deus:

233 1310 367 1338 perversae
380 1305 444 1329 sunt
455 1305 544 1328 autem
558 1306 617 1334 qua!
628 1302 692 1326 sunt
702 1305 717 1324 a
730 1295 850 1324 sinistris
862 1295 894 1323 ¹¹.
912 1303 922 1320 ι
935 1293 1014 1327 Quod

233 1350 271 1375 ait
286 1356 340 1375 non
356 1351 386 1375 ut
405 1348 512 1374 viarum
532 1344 693 1373 discrimina
711 1345 797 1373 notet.
811 1341 859 1370 sed
878 1346 908 1368 ut
923 1348 1012 1368 mores

233 1394 421 1427 admnbret.,_c
438 1392 519 1420 Visus
545 1397 588 1419 est
612 1394 703 1418 autern
727 1390 752 1417 ei
778 1388 890 1424 angelus
905 1385 1011 1414 Domini

232 1445 310 1468 stans
330 1447 346 1466 a
360 1439 463 1467 dextris
482 1437 577 1464 altaris
598 1435 714 1464 incensi.
730 1445 739 1461 ι
755 1435 873 1461 Audiant
895 1434 941 1468 qui
964 1433 1013 1460 ad-

233 1491 306 1517 sunt,
324 1486 531 1521 intelligantque
546 1484 625 1510 altari
641 1487 731 1510 astare
753 1481 884 1516 angelos:
899 1479 945 1506 ubi
964 1487 1012 1506 au-
1025 1502 1046 1531 ε

231 1537 285 1558 tum
301 1530 456 1566 angelorum
471 1528 625 1564 prmsentia,
642 1527 679 1553 ibi
692 1526 739 1553 Dei
754 1524 949 1552 habitaculum.
964 1522 1012 1549 Za-

231 1577 339 1604 charias
363 1574 491 1602 sacerdos
516 1574 576 1601 vice
596 1580 645 1600 sua
661 1572 765 1603 aderat,
789 1570 939 1604 ordineque
960 1575 1011 1595 suo

225 1628 280 1657 ‘per
293 1621 427 1656 quoddam
444 1621 550 1647 dierum
565 1619 682 1654 spatium
698 1617 829 1644 intererat
840 1615 1009 1642 ministerio:

226 1675 319 1703 neque
342 1674 449 1701 semper
469 1673 501 1693 eo
525 1664 681 1695 accedebat,
708 1662 755 1690 sed
775 1662 834 1689 vice
860 1667 908 1688 sua
930 1659 1012 1686 mini-

232 1715 347 1742 strabat.
359 1709 452 1751 Angeli
467 1719 532 1739 vero
544 1710 591 1738 Dei
604 1710 650 1745 qui
662 1710 695 1736 ad
706 1710 793 1736 altare
804 1707 925 1743 deputati
936 1709 1010 1738 sunt,

228 1766 403 1795 nequaquam
421 1766 468 1794 per
480 1758 556 1784 vices
569 1757 736 1786 ministrant.
755 1754 803 1782 sed
819 1757 898 1781 nocte
914 1753 1013 1786 dieque

231 1804 419 1832 indesinenter
441 1803 519 1829 altari
535 1805 636 1829 astant.
660 1799 767 1827 Norunt
789 1799 836 1833 qui
855 1800 1012 1825 contemnat

228 1855 258 1878 et
270 1851 317 1885 qui
332 1857 387 1876 non
398 1851 575 1876 contemnat:
589 1847 673 1882 probe
685 1846 775 1873 sciunt
784 1845 895 1879 quinam
910 1844 953 1879 pie
966 1850 1012 1869 ae-

231 1896 339 1927 cedant,
355 1895 466 1930 quinam
482 1894 553 1920 haud
568 1893 626 1928 pari
648 1892 728 1919 modo
751 1893 915 1918 occurrant:
931 1888 1012 1916 inte!-

231 1943 319 1977 ligunt
335 1941 447 1976 quinam
462 1944 535 1967 recte
548 1939 651 1974 jurent,
664 1938 774 1973 quinam
791 1937 947 1972 periurent:
962 1935 1011 1962 ob-

231 1989 339 2023 signant
354 1994 402 2014 eos
416 1986 463 2020 qui
475 1985 593 2012 fructum
606 1984 706 2015 ferunt.
723 1990 824 2017 eosque
834 1982 880 2016 qui
892 1984 1010 2015 torpent.

230 2035 268 2062 Ne
289 2038 396 2069 spectes
412 2034 498 2059 altare
518 2031 589 2066 quod
606 2029 742 2065 lapidibus
764 2030 799 2057 sit
822 2032 958 2059 ornatum,
977 2027 1011 2054 ab

230 2079 334 2114 angelis
357 2084 475 2112 namque
502 2081 634 2112 gestator,
654 2075 688 2101 ab
702 2073 872 2108 archangelis
892 2073 1011 2100 circum~

230 2125 359 2159 cingitur.
383 2123 411 2150 Si
426 2123 499 2150 enim
521 2122 611 2157 quivis
632 2120 752 2156 gentium
776 2120 909 2147 terminus
929 2119 1010 2153 juxta

230 2177 373 2198 numerum
387 2169 544 2204 angelorum
558 2168 714 2202 assignatus
727 2171 779 2199 est,
791 2165 941 2193 secundum
958 2165 1010 2191 hoc

230 2216 331 2243 dictum
346 2224 353 2242 :
371 2224 381 2240 ι
397 2213 546 2241 Constituit
572 2213 704 2240 terminos
726 2212 845 2247 gentium
861 2211 939 2246 juxta
958 2219 1010 2238 nu-

229 2268 334 2289 merum
360 2260 518 2295 angelorum
540 2258 586 2285 Dei
599 2258 638 2290 ¹⁸;
657 2267 667 2284 ι
692 2262 794 2292 quanto
819 2257 905 2292 magis
926 2257 1011 2284 altare

229 2309 339 2344 plenum
364 2307 467 2342 angelis
495 2306 561 2338 erit;
586 2305 632 2332 ubi
655 2305 728 2339 jacet
756 2305 839 2330 carbo
866 2304 1009 2338 mysticus,

229 2361 309 2389 quem
327 2352 430 2386 forcipe
451 2351 564 2386 spiritus
587 2357 634 2384 per
657 2348 807 2376 sacerdotis
824 2348 1009 2375 ministerium

231 2398 397 2433 accipientes
412 2395 562 2432 seraphini,
581 2395 629 2430 qui
647 2402 679 2421 eo
695 2397 899 2429 pertranseunt.
914 2399 1010 2426 pecea-

231 2452 320 2474 torum
339 2443 526 2478 purgationem
548 2441 649 2477 petenti
672 2440 843 2475 largiuntur?
864 2438 942 2471 Quod
966 2445 1011 2465 au-

230 2496 285 2518 tem
303 2490 360 2517 haec
379 2490 409 2516 in
431 2488 510 2515 altari
524 2487 625 2520 adsint,
649 2486 711 2514 audi
735 2487 896 2513 clamantem
911 2484 1007 2511 Isaiam

228 2537 386 2572 prophetam
399 2545 405 2562 :
423 2544 432 2561 ι
453 2534 525 2566 Vidi,
540 2538 567 2562 et
583 2541 646 2562 ecce
660 2533 761 2560 missus
776 2536 816 2559 est
831 2531 865 2558 ad
883 2538 925 2558 me
937 2537 1007 2556 unus

227 2591 260 2610 ex
281 2582 430 2617 serapbim,
446 2585 473 2608 et
491 2581 606 2608 habebat
626 2579 773 2606 carbonem
797 2578 826 2604 in
849 2583 930 2603 manu
945 2583 1007 2607 sua,

227 2635 307 2663 quem
323 2628 422 2655 tulerat
435 2627 539 2661 forcipe
553 2626 587 2653 de
599 2625 690 2652 altari.
706 2624 739 2652 Et
749 2624 837 2658 tetigit
848 2623 921 2650 labia
933 2629 1004 2654 mea,

226 2680 253 2701 et
267 2673 304 2700 ait
317 2683 324 2701 :
338 2672 407 2700 Ecce
419 2673 508 2708 tetigit
523 2672 594 2699 labia
609 2675 667 2703 tua,
683 2674 711 2699 et
725 2669 830 2697 auferet
845 2668 1005 2703 iniquitates

262 2732 271 2747 ⁷
289 2732 356 2759 Gen.
376 2740 459 2764 xvnt,
478 2731 521 2759 10.
558 2731 570 2747 ⁸
588 2730 599 2757 1
615 2731 683 2766 Reg.
701 2738 727 2764 ι,
745 2730 789 2758 18.

227 2767 249 2783 ⁸³
271 2766 348 2794 Deut.
366 2774 460 2799 xxxii,
476 2767 505 2794 8.

261 2812 332 2848 (ὅθ’)
349 2813 438 2849 Vulg,
453 2814 562 2850 ἢκουσε.
579 2811 658 2841 Eutr.

785 89 814 117 S.
834 88 1063 119 ATHANASIUS.

1032 823 1054 851 Β

1026 2187 1048 2214 D

841 2731 851 2746 '
871 2729 943 2758 Psal.
964 2736 1018 2762 cn,
1035 2727 1062 2756 5.

1084 106 1118 111 —
1142 91 1277 120 SPURIA.
1804 93 1863 120 908

1071 150 1199 186 μιουργὺς
1216 150 1281 182 Θεὸς
1297 150 1380 184 Λόγος
1403 150 1448 176 καὶ
1470 149 1519 185 τὴν
1537 149 1583 176 τοῦ
1601 149 1724 185 σώματος
1741 149 1862 176 παλαιό-

1068 205 1135 231 τητα
1156 195 1335 228 ’ἀ-ιακαινίζει,
1364 195 1410 222 καὶ
1431 195 1481 230 τὴν
1503 195 1553 230 τῆς
1579 194 1684 230 φύσεως
1711 196 1864 232 στείρωσιν

1067 242 1229 279 διορθοῦται.
1246 243 1301 270 Καὶ
1317 243 1448 278 μαρτυρεί
1463 251 1512 277 μου
1523 242 1562 277 τῷ
1574 241 1644 277 λόγῳ
1658 244 1674 277 ἡ
1688 242 1796 277 γαμετὴ
1808 243 1861 269 τοῦ

1070 289 1165 325 ἱερέως
1194 289 1340 324 Ζαχαρίου,
1362 288 1513 319 Ἐλισάὗετ,
1531 289 1547 323 ἡ
1570 289 1606 323 μὴ
1626 288 1763 322 γελάσασα
1783 289 1862 314 κατὰ

1067 336 1116 370 τὴν
1137 335 1255 370 Σάρραν,
1275 335 1342 361 ἀλλὰ
1369 334 1536 361 πιστεύσασα
1557 334 1626 360 κατὰ
1643 334 1691 369 τὴν
1709 335 1821 366 Ἅνναν,
1842 335 1861 369 ἡ

1067 382 1124 411 τοῖς
1134 380 1345 414 κεχαλασμένοις
1361 380 1467 414 μέλεσιν
1481 379 1518 411 ὡς
1530 380 1606 410 ἀετὸς
1622 379 1859 406 ὰνακαινισθεῖσα’

1067 425 1170 451 ὲπωλοτ
1175 425 1274 460 ρόφησε
1282 425 1335 459 γὰρ
1343 424 1424 450 παῖδα
1431 417 1784 459 γνώριμον,αίδέσιμον,τῶν
1792 424 1864 459 Ἰορ-

1067 469 1179 496 δανείων
1190 469 1303 505 ῥείθρων
1314 469 1572 504 συνόιι.ιλον.“’οντως
1582 470 1686 504 μεγάλη
1693 470 1721 496 ὲν
1730 469 1860 503 γυναιξὶν

1074 515 1224 546 Ἐλισάόετ,
1233 516 1270 547 ὡς
1282 515 1415 550 συγγενὴς
1424 516 1472 550 τῆς
1483 515 1586 547 ἐνδόξου
1602 515 1751 550 Παρθένου,
1762 515 1859 546 καθὼς

1067 561 1164 596 ἢκουες
1183 561 1249 595 (50')
1261 560 1360 595 ἀρτίως
1378 561 1425 587 τοῦ
1440 560 1558 595 Γαϐριὴλ
1575 561 1643 596 πρὸς
1661 561 1709 596 τὴν
1718 561 1859 597 Παρθένον

1067 606 1200 640 λὲγοντος·
1219 615 1228 631 ι
1240 607 1294 632 Καὶ
1315 607 1368 633 ἰδοὺ
1386 606 1523 633 Ἐλεισάϐετ
1537 608 1553 642 ἡ
1569 609 1702 643 συγγενής
1719 617 1776 636 σου.
1795 619 1804 634 ι
1823 610 1858 635 ’Ὠ

1067 651 1190 685 εὐγένεια
1202 651 1310 685 γένουςί
1331 651 1352 677 ὢ
1364 652 1478 687 ἄσκησις
1490 652 1646 684 εὐλαϐείαςί
1663 653 1684 679 ὢ
1699 655 1858 690 καθαρότης

1069 697 1142 732 βίουῐ
1157 696 1179 722 ὦ
1194 697 1287 730 ἁγνεία
1299 697 1424 732 σώματος
1436 699 1441 724 !
1454 697 1476 723 ῶ
1491 699 1627 732 θεοφίλεια
1645 700 1748 735 ψυχῆςῐ
1767 700 1790 726 ὦ
1807 710 1858 735 μυ-

1069 742 1175 777 ροδόχον
1186 742 1294 773 σκεῦοςί
1311 743 1364 778 Τὴν
1381 743 1450 770 Εὕαν
1463 745 1619 779 ὲπτέρνισεν
1629 746 1642 772 ό
1656 745 1726 780 ὗφις”
1737 747 1768 781 τῇ
1783 747 1858 772 Ἐλι-

1069 787 1150 814 σάῧετ
1164 789 1197 814 τὰ
1213 788 1335 823 βέλτιστα
1349 789 1362 814 ὁ
1377 789 1498 824 ἄγγελος.
1519 792 1621 823 Ὄντως
1638 792 1740 827 μεγάλη
1758 794 1787 818 ὲν
1802 802 1855 826 γυ-

1066 831 1152 864 ναιξὶν
1167 832 1316 864 Ἐλισὰϐετ,
1334 834 1350 868 ἡ
1365 834 1411 860 καὶ
1429 834 1474 860 τὸν
1495 836 1648 871 Βαπτιστὴν
1664 837 1788 873 Ἰωάννην
1806 839 1856 873 βα-

1067 877 1199 910 στάσασα,
1215 878 1259 904 καὶ
1276 878 1320 904 τὸν
1336 879 1448 906 ἄπιστον
1465 881 1601 916 Ζαχαρίαν
1619 882 1781 910 ὀνειδίσασα.
1796 885 1855 911 Καὶ

1066 923 1105 949 ὃτι
1120 923 1233 954 ἄπιστος
1245 923 1379 958 Ζαχαρίας
1390 924 1438 960 τὴν
1451 924 1496 951 τοῦ
1515 925 1638 960 σώματος
1654 927 1794 955 ἀσθένειαν
1806 929 1853 964 βε-

1066 968 1209 1002 ϐαιοτέραν
1235 968 1285 1002 τῆς
1307 968 1354 994 τοῦ
1375 969 1441 995 Θεοῦ
1465 971 1628 1005 ἐπαγγελίας
1655 972 1852 1009 λογισάμενος,

1065 1013 1163 1048 ἢκουες
1175 1014 1207 1048 τῇ
1220 1013 1339 1048 προτέρᾳ
1350 1013 1396 1040 τοῦ
1409 1014 1598 1049 εὐαγγελιστοῦ
1612 1018 1703 1044 Λουκᾱ
1715 1018 1852 1052 λέγοντος·

1068 1068 1077 1083 ι
1085 1059 1172 1094 Ὠφθη
1179 1059 1206 1085 δὲ
1215 1059 1287 1094 αὐτῷ
1295 1060 1408 1093 ἄγγελος
1415 1061 1526 1096 Κυρίου,
1535 1063 1567 1088 ἐκ
1575 1061 1668 1094 δεξιῶν
1676 1063 1759 1096 ἑστὼς
1771 1065 1852 1100 (50")

1064 1105 1110 1131 τοῦ
1121 1105 1313 1140 θυσιαστηρίου
1320 1106 1366 1132 τοῦ
1376 1107 1556 1142 θυμιάματος.
1564 1109 1611 1134 »Σὺ
1616 1110 1729 1144 μῆουλος
1738 1111 1755 1145 ἡ
1762 1113 1848 1137 οτι-τα-

1066 1151 1111 1177 σία
1125 1152 1174 1186 τῆς
1188 1151 1314 1188 θεωρίας.
1325 1153 1372 1179 Ἐκ
1382 1153 1476 1185 δεξιῶν
1489 1156 1503 1181 ὁ
1514 1154 1627 1188 ἄγγελος
1641 1156 1742 1188 ἵστατο,
1755 1157 1852 1194 ἐπειδὴ

1063 1196 1148 1228 δεξιὸς
1157 1196 1255 1231 ἧμελλε
1267 1197 1345 1228 τόκος
1356 1197 1504 1230 τίκτεσθαι,
1514 1200 1562 1234 τὴν
1568 1199 1657 1232 δεξιὰν
1670 1201 1727 1227 ὁδὸν
1734 1202 1784 1236 τῆς
1794 1203 1852 1229 τῶν

1063 1241 1183 1276 οὐρανῶν
1196 1241 1332 1277 βασιλείας
1345 1243 1496 1279 κηρύττων,
1510 1245 1578 1271 κατὰ
1592 1245 1622 1272 τὸ
1639 1247 1740 1280 φάσκον
1755 1249 1849 1283 ῥητόν·

1067 1297 1076 1314 ι
1088 1288 1177 1319 Ὁδοὺς
1188 1288 1237 1320 τὰς
1251 1289 1284 1316 ὲκ
1298 1289 1393 1322 δεξιῶν
1405 1287 1473 1316 οἶδεν
1488 1291 1502 1316 ὁ
1514 1291 1587 1322 Θεός·
1597 1291 1807 1328 διεστραμμέναι
1820 1294 1851 1320 δὲ

1064 1335 1132 1361 εἰσιν
1144 1335 1171 1360 αἱ
1183 1334 1212 1367 ἐξ
1225 1335 1386 1371 ἀριστερῶν·
1403 1347 1411 1362 ι
1421 1337 1451 1362 οὺ
1467 1337 1515 1372 τὴν
1526 1337 1585 1364 ὁδὸν
1595 1337 1768 1371 διαλλάττων,
1781 1339 1851 1367 ἀλλά

1063 1381 1108 1408 τὸν
1119 1381 1218 1416 τρόπον
1227 1381 1421 1416 αἰνιττόμενος.
1431 1392 1440 1407 ι
1449 1383 1536 1417 Ὠφθη
1548 1383 1576 1410 δὲ
1588 1384 1662 1419 αὐτῷ
1673 1385 1784 1419 ἅγγελος
1796 1387 1852 1412 Ku-

1065 1427 1122 1463 ρίου
1136 1429 1168 1454 ὲκ
1181 1427 1274 1461 δεξιῶν
1288 1428 1372 1460 ἑστὼς
1385 1429 1433 1455 τοῦ
1449 1429 1639 1466 θυσιαστηρίου
1654 1431 1699 1458 τοῦ
1712 1432 1850 1468 θυμιάμα-

1063 1482 1117 1505 τος.
1133 1484 1142 1500 ›
1168 1474 1351 1501 Ἀκουέτωσαν
1366 1476 1390 1501 οἱ
1403 1475 1545 1510 παρόντες,
1561 1477 1609 1503 καὶ
1624 1478 1795 1511 συνιέτωσαν,
1807 1480 1850 1507 ὅτι

1063 1520 1173 1554 ἄγγελοι
1188 1520 1227 1555 τῷ
1240 1520 1423 1556 θυσιαστηρίῳ
1436 1523 1624 1557 παρίστανται·
1642 1524 1707 1550 ὅπου
1722 1525 1750 1551 δὲ
1764 1525 1849 1560 ἀγγέ-

1063 1565 1115 1592 λων
1129 1567 1307 1602 παράστασις,
1325 1568 1382 1593 ἐκεῖ
1397 1568 1463 1594 θεοῦ
1480 1569 1693 1604 κατασκήνωσις.
1710 1572 1849 1607 Ζαχαρίας

1062 1612 1077 1637 ὁ
1095 1612 1184 1646 ἱερεὺς
1202 1610 1383 1647 ὲξεφημερίαν
1402 1613 1498 1645 ἐποίει,
1514 1614 1543 1645 ἐξ
1561 1614 1670 1650 ἡμερῶν
1688 1616 1727 1647 είς
1741 1615 1849 1651 ἡμέρας

1063 1657 1264 1692 παριστάμενος
1285 1659 1318 1693 τῇ
1340 1658 1504 1695 λειτουργίᾳ·
1528 1658 1587 1695 οὐχ).
1607 1660 1640 1687 δι’
1658 1661 1718 1688 ὅλου
1728 1662 1845 1698 ’χωρῶν,

1063 1702 1119 1729 ἀλλ’
1132 1704 1161 1729 ὲν
1187 1705 1220 1738 τῇ
1244 1704 1382 1740 ἑφημερίᾳ
1396 1704 1567 1741 λειτουργῶν.
1588 1707 1619 1732 0i
1639 1707 1667 1734 δὲ
1686 1708 1848 1745 ἀποκληρω-

1062 1748 1153 1781 θέντες
1168 1749 1277 1784 ἄγγελοι
1289 1750 1335 1777 τοῦ
1351 1750 1418 1778 Θεοῦ
1433 1752 1472 1783 είς
1490 1751 1680 1793 θυσιαστήριον
1694 1755 1846 1791 ὲφημερῑαν

1061 1795 1091 1822 οὺ
1106 1795 1236 1828 ποιοῦσιν,
1251 1795 1318 1823 ἀλλὰ
1336 1797 1443 1833 νύκτωρ
1459 1798 1505 1824 καὶ
1521 1798 1579 1834 μεθ’
1592 1801 1696 1835 ἡμέραν
1712 1801 1846 1829 ὰδιασπά-

1062 1849 1132 1872 στως
1153 1841 1333 1877 παρίστανται
1354 1843 1393 1878 τῷ
1416 1843 1609 1880 θυσιαστηρίῳ.
1633 1846 1718 1872 Ἰσασι
1736 1847 1782 1873 καὶ
1799 1847 1846 1874 τὸν

1062 1887 1292 1923 καταφρονοῦντα,
1313 1889 1360 1915 καὶ
1381 1889 1425 1915 τὸν
1446 1890 1483 1925 μὴ
1503 1891 1731 1926 καταφρονοῦντα·
1747 1894 1847 1929 γνωρί-

1062 1933 1137 1965 ζουσι
1161 1934 1208 1960 καὶ
1230 1934 1292 1965 τοὺς
1314 1934 1434 1966 εὐλαϐῶς
1456 1936 1625 1970 προσιόντας,
1646 1938 1691 1964 καὶ
1714 1939 1845 1974 τοὺςιοὺχ

1061 1978 1132 2005 οὕτω
1151 1980 1376 2015 προστρέχοντας·
1394 1981 1551 2008 ἐπίστανται
1566 1983 1612 2009 καὶ
1626 1984 1688 2015 τοὺς
1703 1984 1846 2020 εὐορκοῦν-

1061 2032 1119 2056 τας,
1138 2025 1184 2051 καὶ
1206 2026 1268 2056 τοὺς
1290 2026 1494 2062 ἐπιορκοῦντας·
1522 2028 1698 2064 σφραγίζουσι
1716 2030 1762 2056 καὶ
1781 2031 1846 2062 τοὺς

1061 2071 1311 2105 καρποφοροῦντας,
1327 2072 1374 2098 καὶ
1388 2073 1450 2105 τοὺς
1465 2073 1640 2108 ναρκιῶντας.
1654 2075 1699 2110 Μὴ
1710 2076 1750 2101 ὅτι
1762 2075 1845 2108 λίθοις

1061 2115 1278 2143 κεκαλλώπισται
1287 2116 1317 2142 τὸ
1328 2117 1515 2153 θυσιαστήριον
1527 2119 1631 2146 σκόπει·
1643 2120 1694 2146 ὑπὸ
1702 2121 1755 2156 γὰρ
1766 2122 1846 2155 ἁγγέ.

1062 2162 1115 2189 λων
1130 2162 1302 2197 βαστάζεται,
1318 2163 1369 2189 ὑπὸ
1384 2163 1560 2199 ἀρχαγγέλων
1573 2165 1728 2193 κυκλοῦται.
1746 2168 1777 2194 ΕΞ
1791 2168 1845 2204 γὰρ

1063 2210 1116 2236 πᾶν
1127 2209 1198 2244 ὅριον
1212 2209 1315 2236 ἐθνικὸν
1327 2210 1397 2236 κατὰ
1408 2210 1523 2245 ἀριθμὸν
1538 2212 1659 2245 ἀγγέλων
1670 2213 1844 2248 όροθετεῖται,

1059 2255 1129 2282 κατὰ
1143 2256 1172 2281 τὸ
1187 2256 1289 2290 φάσκον
1305 2256 1395 2291 ῥητόν·
1417 2265 1426 2282 ι
1445 2257 1577 2292 Ἔστησεν
1592 2258 1653 2294 ὅρια
1673 2258 1756 2285 ἐθνῶν
1775 2261 1845 2287 κατὰ

1059 2301 1174 2337 ἀριθμὸν
1190 2301 1313 2335 ἀγγέλων
1329 2301 1407 2328 Θεοῦ·
1425 2312 1433 2327 ι
1451 2302 1527 2337 πόσῳ
1543 2303 1643 2337 μᾶλλον
1656 2303 1687 2329 τὸ
1700 2304 1844 2340 θυσιαστή-

1062 2354 1117 2381 ριον
1137 2346 1390 2382 ἀγγελοπλήρωτον,
1410 2347 1476 2373 ὅπου
1495 2347 1509 2372 ό
1526 2348 1655 2382 μυστικὸς
1666 2347 1768 2383 ἄνθραξ
1784 2349 1844 2375 ἐπί-

1059 2399 1159 2424 κειται;
1170 2391 1200 2417 ὂν
1213 2393 1245 2426 τῇ
1259 2391 1347 2418 λαὸίδι
1361 2391 1407 2418 τοῦ
1424 2392 1575 2427 πνεύματος
1587 2393 1621 2419 τὰ
1638 2394 1757 2428 σεραιρὶμ
1771 2394 1843 2430 διπρ-

1058 2439 1159 2474 χόμενα
1167 2438 1211 2465 διὰ
1216 2439 1265 2473 τῆς
1274 2433 1443 2474 λειτουρλίίας
1450 2439 1495 2466 τοῦ
1505 2440 1608 2475 ἱερέως,
1618 2441 1748 2477 κάθαρσιν
1757 2442 1845 2478 ἀμαρ-

1056 2485 1186 2520 τημάτων
1201 2485 1239 2520 τῷ
1250 2485 1367 2512 αἰτοῦντι
1387 2485 1556 2521 χαρίζονταις
1570 2487 1625 2513 Καὶ
1643 2487 1684 2512 ὄτι
1701 2489 1729 2513 ἐν
1741 2488 1844 2520 τούτοις

1056 2531 1087 2557 τὺ
1101 2531 1303 2567 θυσιαστήριον,
1317 2532 1399 2558 ἄκουε
1417 2532 1528 2559 Ἡσαΐου
1539 2532 1586 2559 τοῦ
1601 2535 1741 2568 προφήτου
1758 2533 1843 2567 βοῶν-

1056 2584 1112 2607 τος·
1131 2585 1141 2601 ‹
1163 2575 1320 2611 Ἐθεώρουν,
1338 2577 1385 2603 καὶ
1401 2577 1454 2604 ίδοὺ
1469 2578 1607 2613 ἀπεστάλη
1623 2578 1735 2613 πρὸς,μὲ
1747 2578 1776 2604 ἓν
1789 2579 1843 2605 τῶν

1060 2622 1190 2657 σεραφὶμ,
1207 2622 1253 2648 καὶ
1263 2620 1334 2656 εἶχεν
1348 2623 1469 2658 ἄνθρακα
1485 2624 1514 2649 ὲν
1528 2624 1561 2658 τῇ
1578 2624 1650 2659 χειρὶ
1664 2613 1756 2654 αὑτοῦ.
1770 2624 1799 2650 ὃν
1809 2626 1841 2660 τῇ

1057 2667 1146 2695 λαὸίδι
1158 2667 1253 2694 ἐλαϐεν
1267 2667 1321 2694 ἀπὸ
1336 2667 1382 2695 τοῦ
1398 2668 1597 2704 θυσιαστηρίου·
1620 2670 1667 2696 καὶ
1687 2669 1775 2705 ἥψατο
1789 2670 1842 2697 τῶν

1122 2728 1144 2744 ¹⁶
1163 2727 1231 2755 Luc.
1249 2736 1275 2760 ι,
1293 2727 1338 2756 56.
1391 2729 1412 2744 “
1434 2728 1500 2756 ibid.
1520 2729 1562 2756 11.
1602 2730 1624 2744 ¹¹
1644 2728 1723 2756 Prov.
1742 2736 1779 2761 tv,
1795 2728 1840 2756 Ἦ.

1105 2809 1183 2845 (50")
1199 2808 1291 2844 Vulg.,
1306 2811 1413 2844 ἑστῶτι,
1427 2818 1578 2847 perperam.
1598 2810 1671 2838 lusu.
