1940 3068
61 161 165 198 ’9ου

548 168 693 196 ηοΜιιιΑ
703 167 745 198 ‘IN
763 166 1001 196 NATlVlTATEM
1017 167 1283 197 PRIECUBSORIS.

1673 169 1725 197 9l0

114 226 223 261 χειλέων
235 235 296 262 μου,
309 226 354 252 καὶ
365 223 449 252 εἶπεν·
469 226 534 253 Ἰδοὺ
545 226 634 261 ἥψατο
646 227 701 252 τῶν
714 227 823 261 χειλέων
837 235 893 258 σου,

945 230 1018 258 tuas,
1043 230 1070 253 et
1089 230 1199 261 peccata
1221 231 1268 254 tua
1289 227 1457 262 purgabit“.
1471 239 1480 254 ι
1497 227 1594 256 Viden‘
1611 222 1724 265 quinam

113 272 159 300 ut
174 273 285 308 ἀφαιρεῖ
298 271 346 303 τὰς
358 272 471 307 ἀνομίας
483 281 540 304 σου,
560 273 606 299 καὶ
623 272 673 305 τὰς
690 273 826 310 ἁμαρτίας
849 281 894 299 σου

112 318 311 353 περικαθαριεί.
328 327 336 343 ι
363 315 438 349 Εἶδες
461 318 532 350 τινες
550 319 729 354 παρίστανται
745 319 783 354 τῷ
800 319 895 346 ουσια-

112 364 225 399 στηρίῳ,
250 364 295 390 καὶ
313 363 378 395 οἵοις
398 363 546 399 ὀφθαλμοῖς
563 364 603 390 δεῖ
623 364 783 396 ὲνατενίζειν
804 364 893 398 ἔνδον,

111 409 251 445 καθαροῖς,
267 409 381 441 ἀδόλοις,
398 410 597 445 εὐμεταδότοις,
611 410 805 445 φιλοπτώχοις;

146 453 172 480 2.
194 454 226 480 Τί
237 452 282 480 οὖν
292 455 306 480 6
320 455 515 490 εὐαγγελιστὴς
528 456 648 488 Λουχᾱςς
665 455 746 482 καλὸν
757 456 811 491 γὰρ
822 456 894 490 ἡμᾶς

109 500 160 533 τῆς
174 499 263 535 πάσης
272 501 461 535 πραγματείας
475 500 658 528 ἐπιλαϐέσθαι·
676 510 685 526 ι
703 501 790 536 Ὢφθη
805 501 832 527 δὲ
845 502 892 528 αὑ-

109 545 161 581 τῷ,
188 546 279 580 φησὶν,
309 546 422 580 ἄγγελος
438 547 540 582 Κυρίου
564 546 648 578 ἑστὼς
672 548 703 573 ὲκ
724 547 817 580 δεξιῶν
846 547 893 573 τοῦ

109 591 303 628 θυσιαστηρίου
328 592 374 618 τοῦ
395 591 574 627 θυμιάματος.
598 593 652 618 Καὶ
671 593 730 619 ἰδὼν
746 593 891 628 Ζαχαρίας,

108 637 259 672 ἐταράχθη,
281 637 328 663 καὶ
349 637 430 671 φόϐος
452 638 584 664 ἐπέπεσεν
607 639 649 664 ἐπ’
666 638 755 665 αὐτόν.
779 638 845 665 Εἶπε
865 639 893 666 δὲ

109 681 184 717 αὐτῷ
197 683 211 708 6
228 681 351 716 ἄγγελος·
431 682 524 716 φοϐοῦ,
539 684 670 718 Ζαχαρία,
684 683 750 710 διότι
766 684 892 720 εἰσηκού-

109 726 160 762 σθη
174 728 191 762 ή
201 727 290 762 δέησίς
303 735 359 760 σου,
375 728 421 754 καὶ
437 727 489 754 ἰδοὺ
509 728 648 755 Ἐλισάϐετ
660 730 676 764 ἡ
687 731 819 766 συγγενής
830 739 876 756 σου
885 752 891 762 ,

108 772 232 807 γεννήσει
246 772 302 798 υἱόν
313 780 364 804 σοι,
377 773 423 798 καὶ
433 772 556 804 καλέσεις
567 773 597 799 τὸ
607 773 690 808 ϐνομα
703 775 785 801 αὐτοῦ
804 775 893 802 Ἰωάν-

108 827 168 853 νην.
185 818 240 844 Καὶ
255 817 331 844 ἔσται
344 817 416 852 χαρὰ
430 826 470 844 σοι
488 819 534 845 καὶ
555 819 724 853 ἀγαλλίασις,
746 821 792 847 καὶ
812 823 892 848 παντὶ

107 863 148 899 τῷ
158 864 215 899 λαῷ
234 873 291 890 σου.
310 873 319 889 ι
336 863 428 890 Ταῦτα
444 864 490 890 τοῦ
513 865 628 900 ἀγγέλου
649 866 860 902 διαγορεύοντος,
877 869 892 894 6

108 910 245 946 Ζαχαρίας
255 911 282 936 ὲν
292 909 387 944 τούτῳ,
401 909 485 945 δειλίᾳ
497 911 544 937 καὶ
553 910 626 946 φόϐῳ
638 911 705 938 Θεοῦ
718 912 890 947 συλληφθεὶς,

108 956 295 992 ὰνταπεκρίθη
312 957 378 992 πρὸς
391 957 434 983 τὸν
451 957 563 991 ἄγγελον
582 957 701 990 φάσκων·
722 958 794 990 ’Έξω
809 959 889 993 φόϐου

108 1001 229 1033 κελεύεις
247 1011 280 1037 με
301 1002 459 1038 ὑπουργεῖν,
482 1003 528 1029 καὶ
550 1003 637 1036 λέγεις
655 1012 710 1038 μοι·
731 1004 776 1038 Μὴ
796 1005 888 1038 φοϐοῦ,

108 1048 241 1084 Ζαχαρία⁶
255 1047 301 1075 καὶ
318 1047 376 1080 πῶς
388 1045 442 1075 οἷόν
455 1057 484 1075 τε
499 1048 593 1081 reﬁce;
617 1051 648 1076 '0
665 1050 714 1076 οὐκ
730 1047 799 1076 εἶδόν
814 1058 888 1082 ποτε,

107 1093 156 1120 νῦν
168 1094 198 1120 ὲν
210 1093 327 1129 πρώτοις
342 1093 483 1129 τεθέαμαι,
500 1094 554 1130 πῦρ
570 1094 890 1130 φθεγγόμενον,”ὰσώμα-

106 1146 153 1164 τον
177 1137 336 1174 ἄνθρωπον,
358 1139 536 1174 ζωγραφητὺν
560 1140 720 1174 πρόσωπον,
745 1140 892 1167 ἀσύνθετον

106 1182 179 1218 ἅιιιν,
194 1183 419 1218 νεφελοσύστατον
435 1185 536 1219 σχῆμα,
552 1184 698 1220 άερόϐατον
712 1185 812 1221 δρομέα
826 1195 890 1213 πτε-

109 1227 228 1262 ροϐόλον,
236 1228 446 1265 θυσιοπάρεδρον
453 1229 530 1263 λόγον
537 1230 686 1262 ἐκϐάλλεις,
700 1233 745 1258 καὶ
753 1232 833 1266 φόϐον
841 1232 890 1259 δει-

108 1273 248 1306 κνύεις-τὰ
258 1275 367 1310 ῥήματά
375 1283 421 1301 σου
429 1275 539 1310 πύρινα,
545 1277 592 1303 καὶ
599 1277 632 1304 τὰ
641 1278 834 1313 ὲπαγγέλματά
842 1287 888 1306 σου

107 1320 249 1347 δύσπιστα.
263 1320 401 1347 Ἐλισάϐετ
410 1322 582 1357 κυοφορήσει,
594 1323 671 1357 κάγὼ
685 1324 776 1360 πατὴρ
788 1325 890 1352 ἀναδει-

107 1367 243 1404 χθήσομαι
253 1375 260 1401 ;
270 1367 334 1395 ’θιε
344 1367 457 1396 θανάτου
467 1369 596 1403 γειτονία,
603 1370 663 1397 τότε
671 1371 766 1404 παιδὸς
775 1381 890 1409 φυτουρ-

107 1414 154 1449 γία
165 1415 240 1447 ςὍτε
250 1414 361 1446 πάππος
368 1414 540 1450 τὴνὴλικίαν,
549 1416 608 1442 τάτε
621 1417 713 1452 πατὴρ
720 1416 767 1453 τὴν
778 1418 890 1453 προσδο-

106 1459 169 1486 κίαν
179 1467 186 1492 ;
197 1459 276 1494 λόγος
296 1460 364 1495 πρὸς
383 1460 460 1494 γόνον
471 1461 566 1492 οὐδείς’
575 1461 688 1497 ἐσϐέσθη
699 1461 733 1488 τὰ
743 1462 889 1498 γεννητικὰ

107 1506 200 1541 μόρια,
216 1505 381 1542 ὲκαθεύδησε
393 1506 484 1533 λοιπὸν
498 1507 514 1542 ή
529 1506 619 1541 φύσις,
634 1507 806 1540 ἀδιύπνιστος
821 1509 889 1545 πρὸς

105 1551 196 1588 ὄρεξιν
212 1552 297 1587 μένει,
311 1551 395 1588 λήθην
409 1553 506 1588 ἑαυτῆς
522 1553 677 1588 εἰργάσατο.
693 1554 778 1588 Κάγὼ
791 1554 830 1590 τῷ
841 1555 889 1590 γή-
901 1565 924 1597 c

105 1606 168 1634 ρατι
180 1599 213 1634 τῇ
228 1599 264 1634 γῇ
276 1598 470 1634 προσνένευκα,
482 1599 529 1625 καὶ
549 1598 687 1625 Ἐλισάϐετ
701 1599 769 1635 πρὸς
784 1599 889 1634 ἑτοιμα-

106 1645 167 1671 σίαν
183 1644 333 1680 βακτηρίαν
347 1645 516 1681 μεμίσθωται
526 1665 533 1672 .
566 1645 657 1679 ’Ἀπαξ
672 1646 689 1680 ἠ
708 1645 777 1681 ξηρὰ
791 1646 888 1681 ῥάϐδος

105 1691 152 1718 τοῦ
170 1691 274 1727 Ἀαρὼν
288 1691 412 1726 ἤνθησεν,
427 1691 486 1727 οὐχὶ
496 1691 524 1717 δὲ
535 1691 673 1724 πολλάκις.
686 1693 764 1719 Κατὰ
778 1693 803 1719 τι
819 1692 888 1726 γνὼ-

107 1745 189 1773 σομαι
204 1737 299 1770 τοῦτο;
319 1737 348 1764 '0
361 1737 389 1764 δὲ
403 1737 517 1772 ἄγγελος
536 1738 604 1774 πρὸς
621 1738 718 1765 αὐτόν’
734 1739 766 1764 Τί
798 1738 890 1765 ἀδολε-

105 1778 332 1820 σχεῗς,.Ζαχαρία
343 1785 410 1817 ;’καὶ
427 1784 586 1820 ἱερατεύεις,
603 1785 649 1811 καὶ
664 1784 816 1817 διστάζεις;
841 1785 888 1821 Μὴ

105 1831 158 1857 οὐχ
173 1828 208 1866 ἦν
229 1831 355 1867 Ἀϐραὰμ
373 1831 577 1866 ὲκατονταετὴς,
595 1832 643 1857 καὶ
656 1831 748 1867 Σάρρα
766 1832 833 1866 πρὸς
845 1831 889 1858 νέ-

104 1885 208 1913 κρωσιν
224 1877 335 1913 μήτρας)
345 1877 547 1913 ἀσχολουμένης
565 1877 608 1913 Μὴ
631 1877 748 1904 ἔστειλεν
759 1878 773 1904 6
785 1878 888 1904 τούτων

104 1923 228 1958 καρπός
243 1923 275 1949 Et
292 1924 328 1959 μὴ
341 1921 412 1959 εἶχες
425 1923 620 1958 ὑποδείγματα,
635 1923 723 1955 καλῶς
735 1923 885 1956 ἐδίστασας·

103 1969 130 1995 ει
151 1968 179 1995 δὲ
201 1968 230 2002 ἐξ
247 1969 358 1996 ἐκείνων
372 1969 490 2005 κατάγῃ,
507 1969 534 1995 τί
552 1968 586 1995 τὰ
604 1969 715 1995 ἐκείνων
731 1970 761 1995 ού
777 1970 886 2006 διανοῇ,

107 2013 139 2040 '0
153 2013 257 2045 ἐθνικὸς
284 2013 408 2049 Ἀϐραὰμ
424 2013 575 2045 ἐπίστευσε,
593 2014 640 2040 καὶ
655 2014 669 2040 6
687 2014 820 2049 ἱερατικὸς
835 2015 888 2050 άμ-

102 2058 260 2094 φιϐάλλεις;
282 2060 384 2090 ἐκεῖνος
402 2059 480 2090 ἐκτὸς
494 2059 663 2094 θυμιάματος
679 2059 824 2095 ὲμυρίσθη,
840 2060 887 2086 καὶ

102 2105 136 2132 σὺ
156 2105 184 2130 ὲν
200 2103 238 2139 τῷ
255 2103 437 2139 θυσιαστηρίῳ
449 2103 631 2138 ὲκαπνίσθης;
649 2104 751 2135 ἐκεῖνος
764 2103 809 2130 τὸν
822 2103 887 2139 κλη-

102 2150 217 2186 ρονόμον
230 2149 373 2185 δεχόμενος
386 2149 542 2184 ἡγαλλιᾶτο,
557 2150 604 2176 καὶ
621 2150 653 2176 σὺ
669 2149 714 2176 τὸν
735 2150 885 2185 πρόδρομον

108 2197 235 2231 Ἰωάννην
251 2197 291 2227 είς
306 2195 381 2222 οὐδὲν
402 2194 512 2230 λογίζῃ;
529 2195 614 2234 ᾼὺτός
630 2203 658 2221 σε
674 2195 722 2230 τῆς
738 2195 885 2231 καταδίκης

946 273 1001 299 sint
1011 272 1058 306 qui
1072 272 1149 299 altari
1166 273 1267 304 astant,
1281 277 1308 300 et
1319 274 1481 308 quibusnam
1496 275 1584 303 oculis
1596 275 1725 311 introspi-

945 325 1008 344 cere
1023 325 1072 353 par
1097 318 1144 350 sit,
1160 318 1288 349 sinceris.
1307 319 1370 347 dolo
1384 321 1552 353 carentibus,
1574 322 1722 356 muniﬁcis,

945 371 1093 398 pauperum
1109 364 1262 391 amantibus
1277 364 1288 390 ?

979 452 1008 480 2.
1027 452 1097 485 Quid
1115 452 1197 488 igitur
1216 453 1304 482 Lucas
1319 455 1504 491 evangelista?
1521 460 1629 491 oportet
1651 458 1723 486 enim

945 502 1031 525 totum
1062 506 1227 526 resumere:
1251 509 1260 526 ι
1277 499 1366 530 .Visus
1394 501 1436 534 ei,
1469 502 1577 538 inquitf,
1613 505 1724 540 angelus

944 543 1061 575 Domini,
1078 549 1153 572 stans
1174 552 1189 571 a
1211 545 1313 573 dextris
1329 547 1423 574 altaris
1443 547 1556 576 incensi.
1582 549 1612 576 Et
1628 550 1724 578 videns

944 588 1090 617 Zacharias
1107 590 1232 617 turbatus
1248 595 1300 622 est,
1311 595 1337 618 et
1349 591 1431 618 timor
1442 593 1540 620 cecidit
1555 601 1636 629 super
1648 602 1722 622 eum.

943 635 989 661 Ait
1003 640 1095 663 autem
1111 636 1150 663 illi
1165 637 1277 671 angelus
1290 647 1297 664 :
1309 637 1348 664 Ne
1364 638 1471 672 timeas,
1493 639 1636 672 Zarharia,
1651 649 1723 676 quo-

944 682 1016 707 niam
1028 681 1155 708 exaudita
1170 686 1212 710 est
1227 683 1316 709 oratio
1331 687 1387 717 tua,
1399 687 1425 711 et
1443 692 1507 712 ecce
1523 685 1641 714 Elisabet
1654 695 1724 714 uxor

947 731 992 754 tua
1006 728 1092 761 pariet
1107 727 1156 754 tibi
1182 728 1267 755 tilium
1288 732 1316 756 et
1330 730 1439 757 vocabis
1455 738 1553 758 nomen
1568 732 1627 767 ejus
1640 731 1724 760 Joan-

944 781 1016 801 nem.
1037 773 1071 800 Et
1093 774 1145 800 erit
1158 774 1206 801 tibi
1229 775 1357 810 gaudium
1379 780 1406 803 et
1431 777 1577 804 exsultatio
1600 782 1628 805 et
1648 780 1723 806 omni

943 819 1042 853 populo
1057 823 1103 847 tuo
1114 820 1148 846 ".‘
1161 829 1170 845 ι
1188 819 1250 848 Haec
1260 821 1386 856 loquente
1404 823 1510 857 angelo,
1526 831 1625 858 pavore
1642 832 1675 852 ac
1688 825 1723 852 ti-

944 871 1019 891 more
1027 864 1074 891 Dei
1088 869 1229 900 correptus
1241 865 1386 895 Zacharias
1395 869 1535 903 respondit
1546 869 1584 896 illi
1597 880 1603 896 :
1613 870 1724 906 Absque

943 909 1042 936 timore
1061 909 1142 943 jubes
1165 918 1208 937 me
1225 910 1391 943 ministrare,
1415 914 1510 948 aisque
1526 915 1592 941 mihi
1606 924 1612 942 :
1627 915 1666 943 Ne
1688 917 1724 943 ti-

942 962 1028 986 meas,
1046 955 1196 989 Zacharia;
1220 964 1306 991 ecqua
1331 959 1436 986 ratione
1458 959 1514 987 ﬁeri
1537 961 1602 988 illud
1616 963 1724 997 potest?

941 999 1018 1032 Quod
1040 1008 1178 1034 nunquam
1195 1001 1315 1029 videram
1340 1011 1414 1031 nunc
1435 1005 1552 1039 primum
1570 1008 1721 1042 conspicio,

942 1045 1097 1080 loquentem
1112 1047 1210 1082 ignem,
1221 1047 1412 1083 incorporeum
1424 1051 1572 1084 hominem,
1584 1052 1722 1088 depictum

942 1091 1058 1125 vultum,
1081 1092 1291 1127 incompositum
1319 1100 1469 1130 aspectum,
1493 1097 1615 1126 habitum
1641 1100 1722 1128 nubis

941 1137 1058 1171 speciem
1070 1137 1212 1172 ferentem,
1224 1146 1332 1167 aereum
1343 1148 1482 1169 cursorem
1492 1143 1605 1176 alatum,
1618 1152 1721 1174 sermo-

940 1188 1003 1208 nem
1020 1182 1091 1209 inter
1099 1183 1233 1210 sacriﬁcia
1244 1190 1428 1220 erumpentem
1437 1188 1551 1221 emittis,
1561 1194 1662 1217 metum
1676 1191 1702 1218 in
1711 1205 1720 1212 -

940 1227 1023 1257 cutis.
1038 1227 1120 1254 verba
1131 1231 1176 1255 tua
1193 1229 1281 1264 ignea,
1293 1233 1320 1256 ct
1331 1232 1465 1265 promissa
1477 1236 1522 1260 tua
1536 1235 1641 1262 creditu
1652 1235 1722 1263 diﬁi-

941 1272 1013 1300 cilia.
1027 1272 1145 1302 Elisabet
1157 1279 1263 1302 uterum
1275 1277 1407 1311 gestabit;
1424 1283 1510 1314 et'ego
1519 1284 1596 1314 pater
1606 1288 1668 1310 esse
1676 1283 1722 1310 de-

940 1318 1085 1346 clarabor?
1098 1319 1165 1347 Cum
1185 1321 1273 1348 vicina
1287 1329 1371 1355 mors,
1390 1327 1484 1352 tumne
1496 1332 1565 1360 puer
1580 1327 1701 1361 gignitur
1710 1329 1723 1355 ?

939 1363 1008 1391 Cum
1023 1368 1102 1392 actate
1113 1373 1181 1394 avus
1194 1373 1254 1394 esse
1262 1369 1375 1403 possim,
1388 1372 1481 1397 tumne
1492 1378 1535 1398 me
1547 1377 1650 1407 patrem
1665 1373 1723 1401 fore

939 1409 1205 1442 sperandum?Nulla
1215 1412 1341 1447 gignendi
1351 1414 1436 1442 ratio:
1447 1416 1574 1450 genitalia
1586 1419 1721 1446 exstincta

938 1453 1017 1489 331
1040 1458 1113 1488 sunt,
1129 1455 1229 1483 dormit
1242 1457 1299 1491 jam
1315 1462 1422 1492 natura,
1437 1467 1487 1487 nec
1503 1461 1616 1489 excitari
1624 1466 1722 1498 potest

939 1499 974 1526 ad
987 1501 1245 1536 concupiscentiam,
1258 1503 1291 1530 ad
1306 1503 1467 1532 oblivionem
1483 1507 1525 1533 sui
1540 1506 1656 1536 devenit.
1666 1508 1721 1544 Ego

939 1554 995 1582 prae
1009 1551 1146 1575 senectute
1159 1544 1253 1577 vei'sus
1266 1553 1364 1576 terram
1380 1556 1508 1579 curvatus
1521 1561 1592 1586 sum,
1601 1553 1657 1588 jam
1669 1555 1721 1582 sibi

940 1592 1208 1626 Elisabet,baculum
1239 1596 1386 1630 apparavit.
1405 1595 1492 1625 Semel
1517 1599 1591 1626 arida
1604 1600 1722 1628 Aaronis

938 1640 1013 1675 virga
1040 1640 1170 1672 ﬂoruit",
1186 1641 1234 1668 sed
1259 1649 1315 1669 non
1340 1642 1450 1676 pluries.
1470 1642 1530 1676 Quo
1554 1645 1632 1680 signo
1654 1646 1722 1674 illud

937 1685 1043 1713 norim?
1056 1685 1124 1713 Tum
1142 1687 1255 1722 angelus
1273 1688 1311 1715 illi
1329 1698 1335 1715 :
1353 1688 1422 1722 Quid
1437 1691 1559 1724 nugaris,
1572 1691 1721 1720 Zachariai

937 1731 1090 1758 sacerdotio
1110 1731 1230 1767 iungeris
1255 1736 1282 1760 et
1304 1733 1432 1761 dubitas?
1457 1733 1552 1763 Nonne
1582 1736 1721 1764 Abraham

937 1778 1121 1810 centenarius,
1131 1782 1158 1806 et
1167 1778 1239 1806 Sane
1251 1779 1329 1807 vulva
1342 1779 1476 1807 exstincta
1489 1781 1510 1796 ¹⁷
1517 1782 1592 1809 erat?
1607 1782 1647 1817 An
1660 1783 1721 1811 ideo

937 1830 1031 1850 eorum
1057 1822 1162 1851 fructus
1188 1824 1325 1852 cohibitus
1350 1825 1411 1852 est?
1428 1824 1457 1852 Si
1481 1833 1535 1853 non
1566 1831 1722 1862 suppeteret

937 1868 1100 1903 exemplum,
1110 1868 1171 1903 jure
1185 1870 1338 1904 dubitares;
1353 1870 1426 1905 quod
1441 1872 1463 1899 si
1477 1872 1511 1899 ab
1521 1872 1576 1900 illis
1589 1874 1721 1909 originem

937 1916 1024 1950 ducis,
1037 1925 1122 1952 quare
1136 1925 1195 1952 quae
1208 1916 1269 1944 illos
1280 1921 1403 1952 spectant
1417 1925 1471 1945 non
1483 1920 1634 1954 recogitas?
1647 1919 1720 1948 Gen-

937 1963 992 1990 tilis
1020 1962 1157 1990 Abraham
1181 1963 1332 1995 credidit",
1347 1967 1374 1991 et
1391 1967 1420 1990 tu
1437 1964 1565 1993 sacerdos
1590 1966 1722 2002 ambigis?

937 2009 982 2036 ille
1005 2003 1108 2044 absque
1126 2009 1236 2037 incenso
1266 2009 1369 2042 sulIitu,
1392 2009 1521 2045 perﬂatus
1535 2015 1587 2042 est,
1601 2015 1628 2038 et
1646 2017 1676 2040 ιιι
1692 2012 1720 2039 in

937 2054 1015 2081 altari
1042 2054 1208 2088 fumigatus?
1224 2053 1336 2082 Haerede
1357 2055 1403 2082 ille
1429 2060 1540 2091 accepto
1556 2057 1717 2091 exsultavit;

937 2105 966 2127 tu
987 2108 1182 2135 praecursorem
1208 2099 1340 2128 Joannem
1364 2101 1433 2128 nihil
1462 2102 1590 2136 reputas?
1613 2101 1672 2136 Ipse
1692 2107 1720 2130 te

937 2146 1111 2175 damnatione
1136 2147 1260 2174 liberabit
1276 2157 1283 2175 :
1302 2148 1360 2183 ipse
1381 2152 1408 2175 te
1423 2152 1499 2176 eruet
1515 2156 1530 2175 a
1546 2149 1691 2176 maledicto
1710 2159 1717 2176 :

937 2193 996 2228 ipse
1017 2193 1120 2220 clavem
1144 2193 1243 2229 linguae
1266 2197 1353 2228 gestat
1370 2198 1422 2221 tua;
1438 2204 1444 2222 :
1462 2194 1562 2222 mullos
1579 2199 1718 2222 convertet

99 2242 242 2275 ὲξελείται,
259 2242 340 2273 αὑτός
356 2249 385 2268 σε
397 2242 447 2276 τῆς
462 2242 582 2277 κατάρας
596 2241 766 2276 ὲλυτρώοατο
777 2251 783 2256 ·
804 2242 883 2274 αὑτός

939 2239 969 2266 ad
984 2239 1126 2266 Dominum
1144 2249 1151 2266 :
1169 2239 1227 2274 ipse
1241 2239 1269 2266 in
1292 2240 1390 2267 virtute
1405 2239 1471 2267 Elite
1490 2240 1629 2275 prophetae
1655 2248 1718 2275 pro-

100 2298 150 2317 σου
176 2289 225 2326 τὴν
250 2289 411 2324 γλωττιαίαν
437 2289 528 2315 κλεῖδα
550 2288 690 2323 βαστάζει·
714 2288 794 2320 αὐτὸς
815 2289 884 2324 πρὸς

98 2336 204 2371 Κύριον
217 2334 331 2366 πολλοὺς
341 2334 497 2369 ἐπιστρέψει
507 2342 513 2348 ”
530 2334 610 2366 αὐτὸς
621 2335 650 2360 ὲν
662 2334 774 2369 δυνάμει
794 2334 883 2360 Ἡλίου

97 2380 147 2408 τοῦ
161 2380 301 2415 προφήτου
318 2379 541 2415 προπορεύσεται,
555 2379 584 2405 οὐ
600 2378 710 2414 πύρινον
726 2379 819 2410 πκεῠος
836 2380 883 2415 ἀρ-

99 2425 274 2462 ματηλατῶν,
289 2424 355 2451 ἀλλὰ
367 2424 396 2451 τὸ
420 2424 575 2459 Ἰορδάνειον
591 2423 701 2458 λουτρὸν
716 2424 883 2459 εὖτρεπίζων

96 2471 143 2498 διὰ
166 2470 212 2497 τὸν
241 2469 323 2497 πολὺν
349 2469 433 2506 ῥύπον
454 2469 507 2495 τῶν
531 2469 681 2504 ἁμαρτιῶν.
710 2469 755 2495 Διό
778 2477 818 2495 σοι
837 2469 884 2495 καὶ

97 2518 187 2543 εἰπεῖν
203 2515 404 2551 προσετάχθην·
431 2525 441 2540 ι
460 2514 629 2550 Εἰσ-ηχούσθη
646 2515 662 2549 ή
682 2514 772 2549 δέησίς
787 2523 833 2541 σου
847 2523 853 2529 ·
871 2523 881 2540 ι

96 2563 141 2590 ὅτι
159 2561 275 2597 ἔφθασεν
292 2562 306 2588 6
321 2561 417 2597 καιρὸς
433 2562 447 2587 6
464 2560 546 2588 πάλαι
563 2560 763 2596 προφητευθεὶς
779 2560 826 2586 καὶ
837 2559 884 2586 νῦν

97 2608 268 2644 πληρωθείςο
289 2617 298 2633 ι
312 2607 388 2643 Φωνὴ
405 2607 519 2642 βοῶντος
534 2608 563 2633 ὲν
579 2608 611 2642 τῇ
629 2607 738 2642 ἐρήμῳ*
761 2606 885 2641 Ἑτοιμά-

97 2663 165 2682 σατε
186 2654 235 2690 τὴν
255 2654 312 2681 ὁδὸν
334 2654 452 2690 Κυρίου,
469 2653 576 2684 εὐθείας
593 2653 694 2679 ποιεῖτε
710 2653 760 2684 τὰς
774 2652 883 2687 τρίϐους

97 2700 199 2728 αὑτοῦ.
219 2708 231 2727 ι
259 2700 315 2727 οὐκ
342 2699 466 2733 ἄγγελος,
495 2699 526 2725 οὐ
552 2698 683 2734 πρέσϐυς,
699 2697 756 2725 ἀλλ’
773 2697 853 2729 αὐτὸς
867 2699 882 2724 6

97 2744 200 2780 Κύριος
215 2745 275 2780 ἥξει
290 2744 337 2771 καὶ
353 2743 435 2770 σώσει
451 2744 540 2778 ἡμᾶς.
567 2743 616 2770 Διὰ
630 2743 722 2775 τοῦτο,
740 2743 878 2778 Ζαχαρία,

139 2833 151 2848 ⁸
167 2831 220 2860 isa.
239 2841 264 2859 vi
276 2852 284 2864 .
300 2832 362 2865 6,7.
402 2833 423 2849 "
443 2831 510 2859 Luc.
528 2839 554 2864 ι,
573 2831 665 2859 ιι-ιι.

97 2869 142 2896 l7.
179 2868 202 2884 "
220 2867 287 2895 ibid.
306 2868 349 2895 l5.
387 2869 406 2884 "
430 2866 548 2899 lsa.‘xL,
567 2867 593 2894 3.

935 2285 1096 2320 phetabit",
1105 2293 1159 2312 non
1180 2287 1258 2320 igneo
1267 2293 1348 2312 curru
1361 2290 1464 2318 vectus,
1481 2287 1528 2313 sed
1541 2285 1717 2314 Jordanicum

934 2339 1089 2367 praeparans
1114 2332 1261 2364 lavacrum,
1289 2336 1399 2366 propter
1422 2332 1522 2359 multas
1542 2337 1715 2367 peccatorum

935 2378 1039 2405 sordes.
1052 2377 1231 2409 Quamobrem
1241 2376 1335 2410 jussus
1347 2384 1407 2403 sum
1421 2376 1470 2403 tibi
1484 2376 1589 2406 dicere:
1605 2386 1614 2403 ι
1629 2377 1718 2405 Exau-

935 2422 991 2449 dita
1009 2427 1051 2449 est
1066 2422 1153 2449 oratio
1164 2426 1211 2448 tua
1219 2422 1258 2454 ²⁰;
1276 2431 1285 2446 ι
1304 2422 1367 2456 quia
1391 2421 1499 2448 advenit
1519 2426 1625 2456 tempus
1651 2422 1716 2448 olim

933 2468 1142 2503 praenuntiatum
1157 2475 1171 2494 a
1189 2469 1337 2503 prophetis,
1352 2475 1425 2495 nunc
1446 2468 1586 2502 impletum
1604 2477 1610 2494 :
1631 2477 1639 2492 ι
1660 2467 1717 2495 Vox

932 2515 1076 2542 clamantis
1093 2515 1120 2541 in
1140 2515 1248 2542 deserto
1263 2523 1269 2540 :
1285 2513 1381 2541 Parate
1404 2514 1475 2541 viam
1499 2513 1716 2545 Domini,rectas

932 2560 1013 2588 facile
1026 2560 1136 2587 semitas
1146 2560 1262 2594 ejns‘m
1276 2559 1334 2587 Non
1345 2561 1467 2596 angelus,
1476 2568 1529 2588 non
1544 2561 1658 2595 legatus,
1668 2560 1715 2588 sed

934 2607 992 2640 ipse
1019 2605 1150 2633 Dominus
1178 2606 1268 2633 veniet
1284 2610 1310 2632 et
1326 2606 1441 2634 salvabit
1455 2614 1517 2634 nos.
1533 2606 1714 2641 Quapropter,

934 2650 1075 2682 Zacharia,
1097 2654 1125 2677 tu
1155 2654 1214 2678 esto
1227 2654 1329 2682 mutus,
1349 2656 1471 2686 accepto,
1488 2651 1516 2678 in
1531 2650 1716 2686 repugnantia;

932 2699 1064 2730 tempore,
1080 2696 1176 2723 merito
1203 2696 1336 2731 supplicio
1357 2706 1363 2723 :
1389 2704 1439 2732 ego
1464 2704 1528 2724 vero
1556 2697 1591 2724 ab
1604 2696 1665 2731 {alio
1687 2697 1715 2723 in

931 2742 1014 2768 alium
1031 2742 1120 2770 locum
1139 2749 1232 2778 pergo,
1247 2746 1274 2769 et
1289 2741 1426 2778 Virginem
1442 2746 1627 2770 conventurus
1641 2749 1715 2774 sum,

723 2832 744 2847 ¹⁶
763 2830 844 2859 Νυιη.
863 2838 930 2865 xvu,
947 2830 973 2858 8.
1013 2831 1033 2846 "
1054 2829 1122 2860 Gen.
1140 2838 1208 2865 xvu,
1226 2831 1269 2861 l7.
1307 2832 1329 2848 ³⁸
1348 2831 1416 2861 Gen.
1434 2841 1479 2867 xv,
1496 2832 1521 2860 6.
1561 2833 1582 2849 "
1601 2831 1668 2860 Luc.
1685 2838 1714 2865 ι.
