1940 3067
251 149 298 177 9H
870 145 1098 173 ATIIANASIUS.
1119 161 1153 166 —
1172 145 1307 174 SPURIA.
1814 145 1870 172 912

251 213 277 236 et
298 216 312 235 a
335 207 540 235 conversatione
554 214 615 234 cum
627 206 746 234 exercitu
767 206 882 237 cmlesti,
899 205 932 232 ad
948 206 1017 233 mini-

1103 215 1111 231 δ
1131 206 1180 240 μὲν
1193 205 1346 240 φιμὼθητι,
1360 204 1389 230 ὲν
1405 203 1493 238 καιρῷ
1507 203 1558 238 τῆς
1573 203 1724 237 ἀντιλογίας
1736 202 1766 230 τὸ
1782 203 1869 238 πρόσ-

251 255 362 282 sterium
379 262 432 288 quo
446 254 546 280 missus
564 260 623 279 sum
643 259 685 279 me
697 252 817 279 confero.
831 251 904 283 Haec,
918 251 1016 279 dilecte

1104 260 1160 287 ιμον
1181 252 1230 286 τῆς
1247 251 1381 287 τιμωρίας
1395 250 1537 285 δεχόμενος
1548 258 1553 264 ·
1566 248 1620 283 ἐγὼ
1634 249 1662 276 δὲ
1677 249 1758 276 τόπον
1772 249 1805 275 ὲκ
1823 248 1870 276 τό-

251 301 284 327 de
302 299 439 326 Zacharlze
466 299 652 326 incredulitate
664 299 759 332 paucis
774 298 914 333 praemissa
936 301 1017 324 sunto

1103 306 1135 324 ου
1154 297 1329 333 μετέρχομαι,
1347 297 1394 324 xui.
1411 296 1478 331 πρὸς
1494 295 1541 331 τὴν
1561 295 1696 330 Παρθένον
1714 295 1802 330 μέλλω
1817 303 1869 320 πο-

252 346 390 382 ρεύεσθαι,
421 346 475 372 ἀπὸ
501 346 549 380 τῆς
574 345 769 379 στρατιωτικῆς
793 344 900 380 ὁμιλίας
916 345 961 370 ἐπὶ
977 344 1026 380 τὴν
1044 344 1225 380 ἀποστολικὴν
1241 344 1376 371 διακονίαν
1409 342 1523 378 χωρῶν.
1547 341 1639 368 Ταῦτά
1669 350 1713 376 μοι
1741 341 1784 368 διὰ
1801 341 1872 376 βρα-

250 394 328 428 χέων,
342 391 364 420 ὣ
379 392 450 428 φίλε,
465 394 504 424 είς
519 392 566 428 τὴν
583 392 800 428 παραληφθεῖσαν
815 393 863 428 τῆς
877 392 923 418 τοῦ
941 392 1074 428 Ζαχαρίου
1092 393 1220 424 ἀπιστίας
1238 391 1481 428 προωδοιπόρηται.

285 442 312 468 5.
329 441 405 468 Nunc
422 449 487 468 vero
505 440 627 475 quaedam
650 448 682 467 ex
695 440 806 475 jamjam
832 441 909 468 lectis
925 440 1029 475 disqui-

1116 441 1142 468 3.
1161 441 1227 467 Τίνα
1242 440 1270 467 δὲ
1288 440 1334 467 καὶ
1347 440 1381 466 τὰ
1399 438 1498 475 ἀρτίως
1515 438 1787 474 παραναγνωσθὲντα,
1805 446 1870 464 και-

251 487 334 514 rentia
366 487 443 514 nobis
471 490 544 514 sunt.
562 486 689 519 Quaanam
716 486 780 512 illa?
796 487 860 518 Quae
875 493 890 512 a
905 485 1017 513 Gabriel:

1101 487 1128 518 ὺς
1149 487 1240 514 λοιπὸν
1267 486 1442 521 ὲπιζητῆς.ι.
1475 484 1544 510 Ποῖα
1561 484 1666 517 τα]τα;
1695 484 1735 511 Τά
1750 484 1802 510 ὑπὸ
1819 483 1867 510 τοῦ

251 533 422 566 annuntiata,
439 537 466 560 et
482 540 497 558 a
515 531 626 566 Virgine
639 531 754 563 credita,
771 539 785 558 a
803 530 907 566 Spiritu
933 535 1017 558 sancti

1103 532 1200 568 αὸριὴλ
1214 532 1374 568 μηνυθέντα,
1387 532 1433 558 χνὶ
1445 529 1497 557 ὕπὸ
1506 529 1556 564 τῆς
1566 529 1703 565 Πατθένου
1714 529 1869 557 πιστευθένε

251 583 385 614 promota,
398 585 413 605 a
431 577 544 605 Domino
557 576 637 611 quasi
649 576 795 604 thesaurus
810 576 959 609 recondita,
971 579 998 602 et
1014 584 1017 601 :

1101 588 1116 606 α
1126 599 1133 611 ,
1152 580 1198 605 καὶ
1209 579 1261 606 ὑπὸ
1274 578 1321 606 τοῦ
1339 578 1494 614 Πνεύματος
1509 577 1736 614 προϐιϐασθέντα,
1754 576 1802 602 xui.
1813 575 1867 602 ὑπὸ

251 625 332 653 Patre
353 624 505 660 obsignata,
519 629 547 651 et
562 632 577 650 a
597 624 649 659 piis
664 623 820 650 hominibus
833 627 940 650 servata
955 626 1017 650 sunt

1099 626 1129 652 οὗ
1155 625 1257 660 Κυρίου
1281 624 1505 660 θησαυρισθέντα,
1532 623 1578 650 καὶ
1604 622 1656 649 ὑπὸ
1683 622 1729 648 τοῦ
1758 620 1865 656 Πατρὸς

250 671 357 700 Audisti
385 670 466 698 modo
489 671 678 706 evangelistam
689 669 788 696 Lucam
800 669 954 696 dicentem:
972 678 981 694 ι
1000 669 1016 695 Ιι

1098 671 1301 707 ψραγισθέντα,
1319 671 1364 696 καὶ
1388 670 1440 696 ὑπὸ
1455 670 1509 696 τῶν
1534 668 1652 695 εὐσεόὦν
1677 667 1864 702 φυλαχθέντα.

252 725 344 744 mense
358 720 445 748 sexto,
458 716 559 743 missus
573 719 615 743 est
631 715 742 749 angelus
758 714 866 741 Gabriel
889 714 917 740 in
934 713 1015 740 civita

1098 717 1201 748 Ηκουες
1223 717 1323 751 ἀρτίως
1339 715 1384 742 τοῦ
1403 714 1592 749 εὐαγγελιστοῦ
1616 714 1706 740 Λουκᾱ
1723 712 1863 746 λέγοντος·

252 766 304 789 tem
321 760 445 792 Galilm,
457 760 501 787 cui
517 768 614 788 nomen
629 759 758 790 Nazaret,
777 758 809 784 ad
833 758 963 792 virginem
983 757 1016 784 de

1121 763 1164 788 Ἐν
1181 762 1220 796 τῷ
1233 762 1296 797 μηνὶ
1309 761 1347 796 τῷ
1366 761 1436 796 ἕκτῳ
1453 760 1589 794 ἀπεστάλη
1605 760 1619 785 ὁ
1638 757 1750 792 ἄγγελος
1767 756 1865 792 Γαϐρι-

251 811 407 842 sponsatam
421 807 490 838 viro,
503 807 546 833 cui
561 813 659 833 nomen
674 805 773 840 Ioseph
780 806 814 831 ¹¹.
830 813 839 830 ι
859 804 880 831 0
893 804 1017 839 sponsali.

1100 808 1118 842 γλ
1129 809 1167 839 εἰς
1194 808 1269 834 πόλιν
1280 807 1328 842 τῆς
1339 807 1495 838 Γαλιλαίας,
1544 807 1628 841 ὄνομα
1644 804 1778 840 Ναζαρὲτ,
1796 804 1866 839 πρὸς

251 860 313 880 cum
327 853 380 879 alio
391 856 541 883 contracta,
557 851 602 877 alii
616 851 762 886 promissa!
780 857 797 877 ο
813 851 960 885 sponsalia,
972 858 1017 884 qu:

1095 854 1220 889 ταρθένον
1236 853 1476 888 μεμνηστευμένην
1492 852 1577 887 ἀνδρὶ,
1595 849 1617 885 ᾦ
1632 851 1833 886 δἰομαίωσήφ.
1853 859 1861 875 ι

251 897 377 933 gaudium
389 897 528 928 exhibent,
546 896 777 931 perturbationem
795 895 905 922 sedant!
922 894 1017 922 Audist

1098 901 1114 926 Ω
1133 900 1255 936 μνῆστρα
1279 899 1351 934 ἄλλῳ
1378 898 1585 935 μνηστευθέντα,
1605 897 1650 924 καὶ
1669 897 1740 931 ἄλλῳ
1764 904 1864 930 κατεγ-

253 942 333 970 modo
348 941 448 969 Lucam
462 941 654 976 evangelistam
674 940 710 966 ita
730 939 883 974 loquentem
901 949 908 966 :
923 939 1016 973 lngres

1101 945 1231 979 νηθένταῐ
1248 943 1270 970 ὣ
1283 943 1406 979 μνῆστρα
1416 944 1502 978 χαρᾶς
1517 941 1707 978 ὲμφανιστικά,
1722 941 1769 967 καὶ
1782 949 1865 976 ταρα-

252 997 300 1017 sus
320 989 430 1016 domum
452 988 575 1022 angelus,
591 985 729 1021 Virginem
750 985 877 1012 salutavit
893 992 924 1012 ac
943 985 1011 1012 dixit

1100 991 1131 1025 ῆς
1153 990 1320 1024 διαιρετικάί
1354 991 1470 1020 Ἥκουες
1487 989 1587 1024 ἀρτίως
1603 987 1650 1014 τοῦ
1672 986 1864 1021 εὐαγγελιστοῦ

253 1045 263 1061 ι
283 1035 348 1067 Ave,
365 1034 452 1069 gratia
468 1034 558 1068 plena,
573 1032 704 1059 Dominus
721 1036 809 1058 tecum
827 1029 986 1057 :benedicta
1003 1033 1019 1056 tl

1099 1038 1172 1063 .ouxi
1196 1036 1318 1070 λέγοντος
1328 1044 1335 1051 ⁸
1361 1034 1493 1062 Εἰσελθὼν
1507 1035 1534 1061 δὲ
1548 1035 1587 1066 είς
1603 1034 1648 1060 τὸν
1664 1031 1736 1060 οἷκον
1754 1034 1767 1059 ὸ
1783 1033 1865 1066 ἀγγε-

251 1082 280 1108 in
305 1080 474 1108 mulieribus.
504 1078 570 1112 Quze
593 1086 655 1105 cum
680 1077 802 1108 vidisset,
819 1076 927 1103 turbata
941 1079 983 1103 est
1004 1075 1017 1102 i1

1099 1091 1128 1113 ος
1139 1102 1146 1113 ,
1179 1082 1319 1116 ἠσπάσατο
1334 1081 1383 1116 τὴν
1400 1080 1535 1116 Παρθένον
1558 1080 1604 1106 καὶ
1619 1079 1680 1106 εἶπε
1691 1087 1697 1094 ’
1719 1087 1728 1103 ι
1760 1079 1863 1114 Χαῖρε,

250 1134 377 1154 sermone
401 1126 479 1160 ejus;
496 1129 524 1152 et
547 1124 683 1159 cogitabat
708 1123 777 1158 apud
802 1123 919 1158 seipsam
942 1121 1016 1156 quali

1102 1127 1304 1164 εχαριτωμένη,
1329 1128 1342 1154 ὁ
1359 1126 1459 1162 Κύριος
1477 1126 1544 1162 μετά
1558 1125 1621 1152 σοῦ·
1647 1125 1814 1160 εὐλογημάνη
1834 1125 1865 1150 σὺ

205 1187 208 1190 ~
244 1178 322 1200 esset
342 1173 394 1200 ista
417 1171 546 1199 salutatio
554 1170 588 1197 ".
605 1179 614 1196 ι
632 1168 761 1196 Vitlistin'
776 1169 965 1196 salutationem

1100 1183 1110 1200 ν
1125 1173 1246 1208 γυναιξίν
1256 1194 1262 1200 .
1281 1174 1312 1199 'H
1329 1173 1367 1205 δὲ,
1388 1173 1488 1204 ἰδοῦσα,
1508 1171 1668 1207 διεταράχθη
1683 1172 1729 1198 ἐπὶ
1743 1171 1780 1206 τῷ
1794 1170 1866 1205 λόγῳ

250 1220 302 1254 geli
320 1218 550 1254 perturbationem
571 1216 709 1244 excitare?
726 1223 776 1243 nec
791 1215 872 1242 modo
887 1214 1015 1250 perturba

1102 1220 1175 1250 ὐτοῧ,
1195 1219 1242 1246 καὶ
1257 1218 1417 1253 διελογίζετο
1448 1219 1477 1245 ὲν
1509 1218 1602 1253 ἑαυτῇ,
1634 1217 1754 1248 netu-m3;
1784 1217 1826 1251 εἴη
1851 1216 1865 1242 ό

250 1266 364 1297 tionem,
388 1264 436 1292 sed
453 1264 533 1290 etiam
547 1262 740 1298 cogitationes;
755 1262 809 1289 imo
824 1261 1016 1288 dubitationem

1102 1266 1225 1301 σπασμὸς
1241 1263 1328 1296 οὗτος.
1350 1275 1358 1290 ι
1370 1264 1443 1296 Εἶδες
1459 1265 1507 1300 τὴν
1522 1265 1607 1300 χαρὰν
1623 1263 1670 1290 τοῦ
1687 1263 1802 1297 ἀγγέλου
1818 1270 1866 1288 τα-

250 1315 331 1345 atque
341 1310 383 1337 his
392 1309 501 1336 similia.
513 1308 627 1335 Tacitus
638 1315 753 1342 namque
778 1307 866 1342 angeli
880 1307 1016 1341 ingressus

1099 1313 1167 1348 αχὴν
1192 1312 1368 1347 ὲγείρουσανς
1388 1312 1425 1338 Οὐ
1444 1311 1522 1346 μόνον
1537 1311 1565 1336 δὲ
1584 1310 1716 1346 ταραχὴν,
1734 1309 1801 1336 ἀλλὰ
1818 1308 1865 1335 καὶ

248 1357 342 1382 vultus
369 1355 508 1386 insuetus,
533 1353 660 1388 colloquii
688 1351 843 1382 insolentia,
872 1351 1012 1385 magmtud

1100 1358 1284 1392 ιαλογισμοὺς,
1299 1357 1365 1384 ἀλλὰ
1377 1357 1422 1383 καὶ
1433 1356 1610 1392 ἀμφιϐολίαν,
1625 1355 1692 1382 ἀλλὰ
1707 1356 1752 1381 καὶ
1766 1355 1800 1381 τὰ
1811 1363 1864 1381 πα-

250 1400 449 1437 promissionis,
464 1400 655 1434 inexspectata
669 1397 744 1425 vocis
760 1396 879 1427 auditus.
893 1395 1030 1431 Virginem
1084 1404 1218 1440 ραπλήσια
1238 1403 1349 1430 τούτων,
1362 1404 1398 1430 τὸ
1410 1403 1464 1438 γὰρ
1476 1403 1572 1438 ἄθρουν
1584 1403 1632 1438 τῆς
1647 1401 1792 1436 ἀγγελικῆς
1806 1401 1864 1428 εισ-

248 1446 366 1481 conjecit
388 1446 415 1472 iu
443 1448 556 1474 metum.
578 1450 639 1478 quae
666 1442 829 1477 cogitatione
855 1440 1014 1474 temperanti

1098 1450 1151 1482 δου,
1170 1450 1217 1476 καὶ
1237 1450 1268 1476 τὸ
1282 1449 1355 1482 ξένον
1368 1450 1416 1484 τῆς
1440 1449 1536 1484 ὅψεως,
1554 1448 1643 1475 καὶτὸ
1668 1447 1801 1482 ἀσύνηθες
1814 1447 1864 1482 τῆς

246 1492 334 1520 animi
357 1499 465 1519 omnem
481 1497 590 1526 pravam
607 1489 703 1523 abjecit
716 1486 917 1522 cogitationem.
929 1486 1012 1518 Quam

1098 1494 1238 1529 ὐντυχίας,
1265 1495 1311 1520 καὶ
1326 1493 1356 1520 τὺ
1378 1493 1528 1528 ὑπέρογκον
1544 1493 1594 1527 τῆς
1614 1491 1791 1526 ἐπαγγελίας,
1817 1492 1864 1518 καὶ

249 1539 343 1567 obrem
372 1537 482 1564 turbata
511 1540 570 1568 est,
590 1540 671 1570 atque
698 1533 806 1561 turbata
836 1532 1015 1567 imperturbat

1099 1539 1112 1565 δ
1126 1539 1324 1575 ἀπροσδόκητον
1345 1539 1395 1574 τῆς
1410 1539 1504 1574 ἀκοῆς,
1520 1540 1558 1571 είς
1578 1538 1678 1564 δειλίαν
1693 1537 1803 1564 ἐνέϐαλε
1815 1537 1864 1571 τὴν

247 1583 406 1620 permansit.
432 1581 502 1615 Quid
519 1585 562 1608 est
584 1581 660 1613 illud,
685 1580 771 1614 Atque
797 1579 912 1610 turbata,
937 1578 1013 1612 impei

1098 1585 1230 1620 Ιαρθένον,
1247 1587 1281 1620 τῇ
1295 1584 1399 1619 ἐπινοίᾳ
1410 1585 1458 1619 τῆς
1472 1584 1646 1619 σωφροσύνης
1659 1584 1748 1610 πᾶσαν
1759 1582 1864 1618 φαύλην

245 1631 356 1658 turbata
381 1628 544 1664 permansit?
575 1627 701 1654 Studiose
728 1625 800 1652 audi.
823 1624 891 1652 Cum
921 1623 1011 1651 Gabrit

1098 1630 1202 1656 πίνοιαν
1213 1629 1333 1656 ἐκποδὼν
1343 1629 1526 1665 ποιησαμένην
1535 1630 1623 1663 (50’”·)
1633 1649 1639 1654 .
1653 1629 1697 1654 Διὸ
1711 1628 1756 1654 καὶ
1769 1628 1864 1662 ἐταρά-

247 1677 359 1712 angelus
373 1679 401 1702 ut
415 1674 554 1702 missionis
563 1681 618 1700 suae
627 1671 805 1699 ministerium
817 1669 1012 1705 impleret,null

1101 1675 1144 1710 θη,
1157 1675 1204 1701 καὶ
1225 1675 1388 1710 ταραχθεῖσα
1398 1675 1533 1710 ἁτὰραχος
1555 1675 1644 1710 ἔμεινε
1655 1694 1662 1701 .
1675 1675 1706 1700 Tt
1723 1675 1791 1704 ἐστι,
1810 1674 1864 1700 Καὶ

247 1723 366 1750 excitato
383 1721 481 1756 pedum
502 1720 616 1754 strepitu
635 1718 765 1753 virginale
777 1717 931 1744 cubiculum
948 1715 1013 1742 adiit

1098 1721 1388 1756 αραχθεῖσαάτὰραχος
1397 1721 1501 1756 ἔμεινεν
1510 1729 1517 1751 ;
1528 1721 1625 1746 ’Ἄκουε
1635 1719 1759 1751 συνετῶς.
1769 1719 1863 1745 Ἡνίκα

242 1760 306 1797 sola
328 1768 426 1802 quippe
443 1766 524 1800 Virgo
539 1769 598 1792 erat
618 1765 645 1791 in
661 1764 753 1799 sponsi
775 1763 817 1790 sui
833 1763 922 1790 domo.
938 1761 1008 1788 Nost‘

1097 1766 1201 1801 ¹α6ριὴλ
1228 1766 1244 1792 ὁ
1264 1765 1388 1799 ἄγγελος,
1421 1765 1600 1800 ἀποπολικὴν
1634 1765 1770 1791 διακονίαν
1799 1765 1863 1799 πλη-

247 1821 331 1849 porro
347 1812 438 1839 cuncti
452 1819 506 1846 quo
519 1814 598 1846 pacto
609 1810 752 1837 erubescat
770 1809 846 1844 virgo
859 1809 910 1836 sub
921 1808 1013 1835 initiur

1097 1811 1149 1843 ὠν,
1172 1811 1268 1847 ἁψὸφῳ
1289 1811 1349 1838 ποδὶ
1372 1811 1418 1838 ἐπὶ
1435 1811 1480 1838 τὸν
1505 1811 1666 1847 παρθενικὺν
1688 1810 1785 1846 ἐχώρει
1809 1819 1863 1837 κοι-

246 1859 307 1886 initi
324 1858 481 1892 nuptiarum
497 1856 580 1891 pacti,
597 1856 727 1882 inclinato
749 1855 837 1887 vultu,
855 1854 973 1882 demissa
989 1853 1012 1880 lo

1097 1855 1154 1881 ῶνα
1163 1864 1169 1870 ·
1198 1856 1264 1890 μόνη
1281 1855 1334 1892 γὰρ
1348 1856 1438 1891 παρῆν
1452 1857 1468 1892 ἡ
1489 1856 1635 1892 Παρθένος,
1648 1857 1676 1882 ἐν
1688 1856 1726 1890 τῷ
1737 1855 1805 1890 οἴκῳ
1817 1854 1862 1882 τοῦ

247 1911 335 1939 quens
362 1910 438 1934 voce,
456 1902 560 1928 nullum
585 1901 716 1929 exhibens
728 1904 835 1932 nutum,
852 1900 954 1927 nullam
974 1907 1013 1926 no

1098 1901 1318 1935 ,νηστευσαμένου
1343 1901 1487 1934 διάγουσα·
1514 1901 1570 1927 ἴστε
1588 1901 1687 1932 πάντες
1703 1901 1796 1935 σαφῶς
1817 1901 1864 1928 καὶ

246 1958 344 1986 gerens
367 1948 552 1984 temperantiae.
575 1947 795 1975 sollicitudinem.
821 1947 888 1973 Cum
908 1946 948 1973 sic
963 1945 1012 1973 aﬂ'e

1097 1945 1138 1977 τῶς
1155 1945 1268 1981 ἐρυθριᾷ
1291 1947 1365 1981 παρά
1380 1946 1428 1978 τὰς
1441 1946 1528 1982 ἀρχὰς
1546 1947 1593 1973 τοῦ
1614 1947 1834 1982 συναλλάγματος
1845 1947 1863 1982 ἡ

245 2000 318 2022 ctam
333 1995 437 2022 videret
452 1994 574 2028 angelus,
585 1994 622 2020 ait
635 1993 671 2020 illi
690 2003 696 2020 :
716 2002 725 2019 ι
739 1992 778 2020 Ne
789 1993 894 2025 timeas,
907 1991 1003 2023 Maria,

1097 1991 1216 2027 [αρθένος
1238 1992 1313 2019 κάτω
1331 1992 1380 2024 τὰς
1396 1992 1470 2027 ὄψεις
1485 1992 1614 2029 φέρουσα,
1631 1994 1722 2029 ἠρέμα
1736 1994 1863 2028 λαλοῦσα,

246 2042 354 2069 tametsi
370 2041 461 2072 anxia,
470 2045 497 2068 et
508 2043 600 2075 utpote
614 2040 700 2074 virgo.
714 2039 898 2074 temperantiae
912 2038 1012 2066 sollicit

1095 2039 1118 2075 ιὴ
1141 2039 1307 2066 ἀνανεύουσα
1319 2060 1327 2073 ,
1346 2041 1435 2076 πάσης
1458 2041 1633 2077 σωφροσύνης
1652 2042 1861 2078 ὲπιμελουμένη.

247 2087 333 2120 fuisti,
352 2095 385 2115 ne
410 2087 516 2114 irruens
542 2093 661 2121 sponsus
683 2089 757 2116 tuus,
772 2088 824 2111 tuae
842 2085 896 2110 vim
921 2083 1013 2110 τίσει-τε

1097 2085 1128 2111 Εν
1145 2085 1247 2116 τούτοις
1264 2085 1324 2112 ἰδὼν
1336 2086 1420 2122 αὐτὴν
1433 2088 1447 2113 ὁ
1458 2086 1572 2121 ἄγγελός
1588 2096 1652 2121 φησι
1680 2087 1747 2122 πρὸς
1761 2087 1847 2123 αὑτήν
1856 2096 1863 2103 ·

245 2134 425 2162 verecundiae.
454 2132 522 2160 Illud
550 2133 623 2160 scias
653 2131 742 2164 velim,
759 2138 776 2158 o
800 2129 894 2165 Virgo,
921 2130 1011 2156 nullun

1105 2131 1150 2166 Μὴ
1167 2131 1261 2164 φοὸοῦ,
1272 2132 1413 2167 Μαριὰμ»
1430 2133 1454 2159 εί
1468 2133 1515 2159 καὶ
1533 2133 1697 2167 ἠγωνίασας,
1711 2133 1758 2159 καὶ
1771 2132 1864 2168 ὥσπερ

244 2180 303 2207 fore
320 2180 368 2207 tibi
383 2187 445 2207 eum
460 2187 562 2214 sponso
576 2183 623 2205 tuo
634 2177 732 2212 Joseph
747 2183 934 2212 congressum.
946 2175 1007 2201 Aliu

1096 2176 1212 2229 εαρθένος
1228 2177 1278 2212 τῆς
1294 2178 1469 2215 σωφροσύνης
1482 2180 1656 2215 ἐφρόντισας,
1673 2181 1708 2215 μὴ
1727 2179 1862 2215 καταδρα-

244 2231 273 2253 te
286 2225 421 2261 negotium
431 2227 580 2260 exspectat,
594 2223 727 2254 divinum,
737 2222 903 2250 dominicum
911 2241 919 2254 ,
931 2220 1010 2248 inetia

1095 2221 1137 2248 ιὼν
1147 2223 1161 2248 ὁ
1171 2223 1294 2258 μνηστήρ
1306 2231 1352 2250 σου
1361 2224 1580 2260 καταψηφίσηται
1589 2234 1634 2252 σου
1649 2226 1698 2261 τῆς
1710 2226 1861 2258 εὐλαϐείας.

244 2272 308 2303 bile,
322 2270 607 2306 inexplicabile,332
617 2269 689 2304 quod
705 2275 830 2296 sermone
840 2267 963 2295 enarrari
977 2274 1010 2293 ne

1095 2267 1164 2294 ὀὖτο
1184 2268 1300 2302 γίνωσκε
1311 2289 1318 2300 ,
1335 2269 1472 2304 Παρθένε,
1492 2270 1529 2301 ὡς
1547 2270 1658 2306 οὐδεμία
1677 2279 1717 2297 σοι
1737 2271 1861 2297 κοινωνία

244 2322 337 2353 queat.
365 2317 535 2345 Dominicum
551 2317 641 2342 futura
658 2323 688 2342 es
711 2314 912 2346 habitaculum;
928 2316 1010 2339 mater

1095 2321 1154 2340 σται
1172 2313 1238 2349 πρὸς
1251 2314 1295 2341 τὸν
1325 2316 1466 2350 μνηστῆρα
1491 2325 1537 2342 σου
1565 2317 1674 2352 Ἰωσήφ.
1701 2317 1816 2352 ’Ἑτερόν
1832 2325 1860 2343 σε

245 2363 374 2398 nuptialis
390 2370 487 2398 expers
518 2362 570 2389 tori
597 2360 801 2396 praedicaberis;
816 2358 878 2386 cteli
894 2362 1008 2392 terraequ

1093 2360 1194 2395 πρᾶγμα
1221 2360 1378 2396 περιμένει,
1403 2361 1487 2393 θεῖον,
1513 2362 1679 2394 δεσποτικὸν,
1712 2363 1859 2397 ἄφραστον,

243 2408 389 2436 Dominum
415 2411 577 2443 susceptura
599 2415 639 2439 es,
668 2406 856 2440 incorruptum
887 2408 1009 2439 gestatur

1095 2407 1286 2442 νερμήνευτον,
1301 2409 1372 2443 λόγῳ
1385 2409 1556 2444 παραστῆναι
1579 2409 1625 2445 μὴ-
1640 2409 1798 2443 δυνάμενον.
1815 2409 1861 2434 Δε-

244 2455 338 2482 fetum.
361 2464 371 2480 ι
394 2453 433 2482 Ne
449 2455 560 2485 timeas,
575 2453 668 2483 Maria,
684 2462 693 2478 ι
711 2457 785 2479 tuam
798 2451 874 2478 ﬁrma
884 2450 1010 2485 cogitatio

1097 2453 1205 2485 ποτικὸς
1218 2454 1352 2490 εὑρεθήσῃ
1366 2454 1463 2490 σηκὸς,
1480 2454 1665 2490 ἀπειρόγαμος
1683 2453 1863 2489 ἀναδειχθήςῃ

242 2507 315 2532 nem,
337 2499 456 2526 animam
471 2499 628 2530 corrobora,
643 2505 690 2525 cor
710 2496 852 2524 conﬁrma.
865 2495 903 2523 Ne
919 2495 1008 2522 imiter

1100 2500 1179 2535 ήτηρ,
1194 2501 1239 2526 τὸν
1253 2500 1366 2536 οὐρανοῦ
1379 2501 1425 2528 καὶ
1438 2501 1490 2536 γῆς
1503 2501 1634 2535 δεσπότην
1648 2499 1753 2535 μέλλεις
1770 2499 1864 2526 ὑποδέ-

242 2546 401 2573 Zacliariam
425 2556 432 2573 τ
455 2554 499 2579 ne,
515 2543 744 2580 quemadmodum
766 2543 822 2574 ille,
845 2540 1008 2569 dubitaveris

1100 2544 1180 2576 ισθαι,
1190 2545 1350 2581 ἀδιάφθορον
1357 2547 1435 2572 τόκον
1444 2546 1620 2582 κυοφοροῦσα.
1627 2545 1686 2581 (Μὴ
1699 2544 1794 2579 φοϐοῦ,
1808 2545 1866 2571 Μα-

241 2597 269 2618 tn
286 2600 346 2627 quae
361 2593 505 2620 mulierum
532 2591 618 2627 gloria
634 2598 664 2618 es
681 2597 688 2616 ;
704 2595 735 2616 tu
762 2588 906 2616 lsraelitiei
931 2594 1003 2622 popu

1099 2590 1157 2625 ιάμ,
1172 2601 1180 2616 ι
1196 2591 1321 2627 στήριξόν
1335 2601 1382 2618 σου
1394 2593 1440 2619 τὸν
1448 2593 1587 2628 λογισμὸν,
1604 2592 1738 2627 νεύρωσόν
1755 2600 1802 2618 σου
1817 2591 1865 2626 τὴν

240 2640 385 2666 exsultatio
404 2649 410 2666 :
431 2645 459 2666 tu
474 2640 594 2674 gentium
607 2640 809 2667 ornamentum,
825 2640 854 2662 tu
870 2635 962 2671 gaudii
981 2642 1006 2661 ra

1099 2637 1176 2673 υχὴν,
1191 2638 1302 2673 ἐδρασόν
1318 2647 1363 2665 σου
1378 2639 1427 2674 τὴν
1439 2638 1561 2677 καρδίαν.
1573 2639 1619 2674 Μὴ
1635 2639 1740 2674 μιμήσῃ
1755 2638 1800 2664 τὸν
1815 2639 1865 2664 Ζα-

240 2685 296 2716 dix,
314 2691 342 2712 tu
367 2685 564 2712 benedictionis
589 2683 730 2719 plantatio.
747 2681 788 2709 Tu
816 2689 871 2716 prae
895 2680 1006 2708 omnibu

1099 2684 1184 2718 ιρίαν,
1204 2685 1240 2720 μὴ
1255 2685 1422 2721 ἀμφιΰάλῃς,
1440 2685 1477 2716 ὡς
1491 2686 1605 2716 ἐκεῖνος,
1618 2685 1649 2711 σῖ.
1663 2685 1716 2711 τῶν
1727 2683 1865 2718 γυναικῶν

238 2730 389 2765 virginibus
411 2730 539 2758 invenisti
560 2731 674 2765 gratiam
690 2728 760 2764 apud
775 2727 870 2755 Deum.
890 2726 922 2753 Et
935 2735 945 2752 ι
959 2733 1004 2754 ecc

1097 2728 1107 2754 δ
1119 2729 1258 2765 καύχημα·
1271 2732 1302 2757 σὺ
1310 2731 1357 2758 τοῦ
1366 2731 1566 2768 ’ῐσραηλιτικοῦ
1577 2730 1642 2758 λαοῦ
1656 2730 1687 2756 τὸ
1698 2729 1863 2765 ἀγαλλίαμα·

237 2776 376 2810 coneipies
392 2775 488 2805 lilium.
501 2779 528 2802 et
547 2775 656 2802 vocabis
674 2781 771 2801 nomen
785 2773 846 2807 ejus
859 2770 962 2799 Iesum.
973 2770 1003 2798 Hi

1099 2775 1109 2800 ἱ)
1124 2775 1178 2802 τῶν
1190 2776 1273 2803 ἐθνῶν
1284 2777 1314 2803 τὺ
1324 2777 1553 2813 ὲγκαλλώπισμα·
1571 2778 1602 2804 σὺ
1618 2776 1668 2812 ’τῆς
1680 2775 1766 2812 χαρᾶς
1779 2775 1810 2802 τδ
1824 2775 1865 2811 t5“

273 2822 294 2837 ¹²
314 2821 378 2851 Luc.
396 2828 420 2853 ι,
436 2821 482 2854 26,
496 2821 541 2848 27.
579 2820 602 2837 ³³
622 2819 699 2850 ibid.,
715 2819 759 2851 28,
775 2818 820 2845 29.

272 2866 361 2900 (50⁸⁸⁸)
378 2867 468 2901 \'u|g.,
486 2866 665 2900 ποιησαμένη,
684 2865 756 2894 nullo
769 2871 861 2892 sensu.
879 2862 956 2890 Ευιτ.
