1940 3067
132 109 186 137 915

621 107 738 136 SERMO
763 108 796 134 IN
818 106 1124 136 ANNUNTIATIONEM
1150 107 1320 135 DEIPARIE.

1693 107 1744 134 9M

132 167 227 202 ζωμα·
244 167 276 193 σὺ
298 166 347 201 τῆς
373 166 496 200 εὐλογίας
520 166 550 192 τὸ
563 166 751 202 φυτοὺργημα.
778 167 813 192 Σὺ
840 163 909 202 ε’ὗρει

968 167 1019 193 erit
1035 174 1148 201 magnus
1157 170 1183 194 et
1192 165 1277 193 Filius
1288 165 1418 193 Altissimi
1434 164 1629 192 vocabitur".)
1642 163 1743 191 Horum

131 212 211 249 χάριν
228 212 303 247 παρὰ
312 212 349 246 τῷ
359 212 417 247 Θεῷ
431 213 505 248 παρὰ
514 213 601 244 πάσας
617 213 665 244 τὰς
683 213 840 248 παρθένους.
850 212 914 244 Καὶ,

134 267 144 283 ι
158 257 211 284 ἰδοὺ
229 257 350 293 συλλήψῃ
363 257 436 289 Υἰὸν,
450 258 496 283 καὶ
510 258 631 288 καλέσεις
639 258 668 284 τὸ
676 258 759 292 ὄνομα
774 257 855 284 αὑτοῦ
864 257 916 292 ’1η-

131 303 205 335 «γοῦν.
221 299 304 334 Οὗτος
321 303 397 330 ἔσται
415 303 512 338 μέγας,
529 304 576 330 καὶ
594 303 657 334 Υἱὸς
674 303 800 337 Ὑψίστου
813 302 914 338 κληθή-

131 358 218 376 σεται.
239 359 248 374 1
261 350 370 376 Τούτων
383 358 423 376 σοι
432 349 485 376 τῶν
498 349 607 384 ἀγαθῶν
621 351 681 384 ἣκω
695 349 814 384 μηνυτὴς
827 349 915 385 ὑπάρ-

130 406 196 432 χων,
223 397 248 422 e!
274 397 321 422 καὶ
350 396 401 428 ἔξω
418 396 524 430 φύσεως
545 396 578 422 τὰ
599 396 749 430 λεγόμενα’
767 395 823 421 ἀλλ’
840 396 914 430 ὅμως

130 441 206 477 παρὰ
220 441 258 476 τῷ
275 441 429 477 φυσιουργῷ
445 441 534 476 πάσης
542 441 590 475 τῆς
599 441 712 472 κτίσεως
721 441 796 466 οὐδὲν
809 440 913 466 σκολιὸν

129 488 147 523 ἢ
165 488 390 523 στραγγαλιῶδες,
413 487 480 514 ἀλλὰ
496 487 583 515 πάντα
598 487 678 513 εὐθέα
691 488 738 513 καὶ
754 486 821 520 πρὸς
837 486 913 521 εὐχέ-

131 541 207 568 ρειαν
218 532 357 568 βλέποντα.
375 533 417 559 Ἐν
425 531 535 563 ταύταις
549 533 606 563 ταῖς
619 531 794 565 ἐπαγγελίαις
810 531 826 565 ἡ
838 531 912 566 Παρ-

129 577 206 609 θένος
233 577 442 612 σαγηνευθεῖσα,
473 577 520 604 καὶ
548 577 638 611 πάσης
663 576 766 611 φαύλης
794 576 914 607 ἐπινοίας

129 622 326 657 ἀπαλλαγεῖσα,
340 622 432 650 οὐκέτι
447 622 484 654 ὡς
498 622 720 658 ἀπαρρησίαστος
734 621 848 653 ἐσιώπα,
865 621 912 647 λέ-

129 677 215 703 γουσα
232 670 299 704 πρὸς
308 670 353 696 τὸν
368 669 481 704 ἄγγελον
493 678 500 684 ·
517 678 526 695 1
544 669 606 700 Πῶς
619 669 695 695 ἔσται
712 677 756 703 μοι
770 667 858 698 τοῦτο,
871 668 912 694 ὅτι

128 715 213 752 ἄνδρα
226 716 256 742 οὐ
271 715 411 750 γινώσκω;
433 725 441 741 1
453 716 485 742 Τί
497 724 546 751 μου
563 716 609 742 καὶ
622 716 671 750 τὴν
686 714 797 749 καρδίαν
813 714 910 749 θροεῖς,

128 760 176 787 καὶ
207 760 257 796 τὴν
275 760 358 795 ἀκοὴν
376 759 549 794 ξενοφωνεῖς;
572 759 604 785 Τί
620 759 651 786 τὸ
667 758 703 794 μὴ
716 756 917 785 ἀκουσθὲνὰπδ

126 807 174 832 τοῦ
191 806 286 837 αἰῶνος
301 805 466 840 διαγγέλλεις
476 813 483 839 ;
495 805 591 840 ἔγκυος
603 805 794 841 εὐρεθήσομαι,
807 804 853 830 καὶ
865 804 911 830 ἀν-

125 851 190 887 δρὸς
206 853 303 887 πεῖραν
316 852 346 878 οὒ
373 851 507 887 λήψομαη
526 861 535 877 1
554 851 615 883 Πῶς
637 851 712 877 ἔσται
731 860 775 886 μοι
790 850 882 882 rauco;
898 860 907 875 I

127 897 230 932 Μήτηρ
259 897 489 933 όνομασθήςομαι,
518 897 564 923 καὶ
588 896 726 932 μητρικῶν
741 896 841 922 ὠδίνων
859 895 910 928 ἔξω

125 942 293 976 γενήσομαι;
313 951 322 967 1
346 941 408 973 Πῶς
429 942 503 968 ἔσται
528 951 572 978 μοι
597 942 693 973 τοῦτο;
712 951 721 966 1
738 940 830 973 Mat;wa
853 942 911 967 ἐπι-

124 986 213 1019 δώσω,
231 987 278 1014 καὶ
305 987 447 1023 σπάργανα
468 987 615 1023 συσφίγξω,
631 988 676 1014 καὶ
689 987 767 1014 παῖδα
780 986 910 1021 γαλακτο-

123 1033 263 1066 τροφήσω,
271 1033 317 1059 καὶ
325 1033 350 1059 τί
358 1033 387 1060 τὸ
400 1034 429 1059 ὲν
442 1034 502 1068 ἐμοὶ
517 1034 547 1060 οὐ
560 1033 716 1068 γνώσομαι;
735 1042 744 1058 1
757 1033 819 1064 Πῶς
834 1033 909 1059 ἔσται

127 1077 272 1112 μοιτοῦτο;
291 1088 300 1104 1
318 1078 378 1113 λέγε
396 1088 440 1114 μοι
457 1079 505 1115 τὴν
520 1079 628 1114 εὒλογον
641 1080 739 1111 αἰτίαν,
756 1079 798 1105 ἵνα
813 1078 909 1113 γνώσω

124 1123 173 1159 τὴν
187 1124 335 1160 ἀμφίϐολον
349 1125 590 1161 κυοφορίαν.Ξένον
599 1126 649 1161 τῆς
662 1125 733 1157 Εὔας
743 1126 760 1161 ἡ
773 1125 908 1160 γέννησις,

124 1169 183 1196 ἀλλ’
199 1170 272 1205 ὅμως
302 1171 334 1197 ὲκ
349 1171 396 1196 τοῦ
419 1170 514 1206 ἀνδρὸς
533 1171 617 1206 αὐτῆς
644 1171 762 1207 ἐλήφθη·
779 1173 826 1199 καὶ
845 1171 908 1207 ἔσχε

125 1214 157 1240 τὸ
174 1215 259 1241 αἴτιον
276 1214 336 1241 ὅθεν
351 1215 501 1251 ἐγνωρίσθη
514 1216 543 1242 τὸ
561 1215 684 1252 φύραμα,
699 1217 739 1243 ὅτι
749 1216 778 1250 ἐξ
795 1217 876 1243 αὑτοῦ
891 1219 907 1253 ἡ

124 1259 200 1295 αὑτῷ
218 1260 359 1295 ληφθεῖσα,
375 1261 421 1288 καὶ
434 1261 448 1285 ὁ
465 1261 529 1293 ἴδιος
539 1261 577 1296 τῷ
595 1262 651 1297 ἰδίῳ
673 1262 851 1298 ἀνεπληρώθη
869 1263 909 1289 τό-

125 1313 177 1337 πος
201 1305 438 1342 Ξενοπρεπεστέρα
458 1306 486 1333 δὲ
501 1307 548 1342 τῆς
563 1307 633 1339 Εὔας
646 1308 662 1343 ή
680 1306 727 1334 τοῦ
748 1308 833 1343 Ἀδὰμ.
845 1309 907 1342 γέν-ι

125 1360 219 1386 νησις’
235 1352 291 1378 ἀλλ’
307 1353 379 1388 ὅμως
396 1353 441 1379 καὶ
457 1353 524 1389 αὑτὴ
547 1354 799 1390 φανεροποιηθεῖσα,
815 1356 907 1390 γραφῇ

123 1398 271 1436 παρεδόθη,
284 1400 331 1426 καὶ
347 1399 405 1430 πῶς
420 1400 590 1436 παραχρῆμα
603 1401 697 1434 γέγονε
714 1401 807 1436 σαφῶς
821 1401 906 1436 ἐγνω-

125 1445 216 1481 ρίσθη,
241 1446 282 1472 ὅτι
309 1445 362 1473 ἀπὸ
379 1445 428 1480 τῆς
443 1446 493 1481 γῆς
507 1445 569 1480 χοῦν
584 1445 674 1473 λαϐὼν
694 1447 708 1473 ό
731 1447 907 1483 δημιουργὸς,

966 211 1015 238 tibi
1038 212 1170 239 bonorum
1187 212 1299 238 nuntius
1317 211 1426 242 accedo,
1444 210 1549 238 etiamsi
1566 212 1641 236 extra
1663 212 1744 236 natu-

963 265 1021 284 ram
1045 258 1099 285 sint
1124 265 1183 292 qua:
1207 257 1282 289 dico;
1313 261 1432 283 attamen
1460 263 1474 282 a
1496 257 1636 283 conditore
1658 256 1743 282 totius

964 310 1054 330 rerum
1072 305 1174 330 natura:
1191 303 1257 329 nihil
1270 302 1419 336 obliquum,
1435 302 1500 328 nihil
1513 305 1681 335 tonuosum;
1695 300 1742 329 sed

963 353 1037 376 recta
1062 348 1167 380 omnia,
1194 352 1220 375 et
1247 355 1357 375 suavem
1384 352 1464 382 atque
1488 347 1598 382 planum
1619 347 1742 374 ordinem

964 395 1123 429 spectantia.
1150 394 1198 422 llis
1221 398 1298 429 capta
1325 393 1467 428 promissis
1497 392 1589 428 Virgo,
1615 394 1742 427 omnique

963 447 1047 475 prava
1074 439 1230 474 suspicione
1251 439 1374 469 liberata.
1394 446 1447 465 non
1468 439 1539 465 ultra
1554 438 1632 473 quasi
1656 438 1744 465 diﬂisa

963 486 1060 517 tacuit,
1083 486 1129 513 sed
1152 487 1188 512 ait
1204 486 1317 520 angelo:
1335 495 1344 510 1
1366 485 1507 518 Quomodo
1522 485 1565 511 ﬂet
1578 485 1642 511 mihi
1658 485 1742 516 istud,

963 531 1091 567 quoniam
1113 531 1202 559 virum
1222 539 1276 558 non
1298 531 1481 566 cognosco"?
1496 540 1505 556 1
1522 530 1592 564 Quid
1603 538 1649 558 cor
1657 534 1743 558 terres

963 585 1063 609 meum,
1085 585 1233 612 auremque
1251 577 1362 604 insolita
1386 584 1452 604 voce
1467 577 1608 603 attonitam
1633 576 1744 603 reddis?

963 622 1032 655 Quid
1063 630 1119 650 rem
1142 623 1288 650 annuntias
1312 630 1328 650 a
1351 623 1450 650 saeculo
1469 629 1522 649 non
1545 622 1682 649 auditam?
1702 621 1744 649 An

962 676 1104 704 praegnans
1131 669 1264 701 inveniar,
1292 668 1357 703 quin
1390 668 1441 695 viri
1463 668 1675 702 experimentum
1699 675 1744 694 ca-

962 715 1053 748 piam?
1066 725 1074 741 1
1085 715 1226 748 Quomodo
1241 714 1362 742 lietmihi
1377 713 1470 742 istud?
1486 723 1495 740 1
1514 714 1599 741 Mater
1613 713 1743 746 vocabor,

961 764 990 788 et
1015 761 1145 788 maternis
1169 764 1264 796 partus
1279 760 1419 788 doloribus
1444 767 1540 794 expers
1563 759 1629 786 ero?
1644 768 1653 784 1
1671 758 1744 790 Quo-

962 807 1042 834 modo
1057 806 1102 834 liet
1115 807 1179 834 mihi
1191 807 1284 834 istud?
1304 817 1313 832 1
1334 806 1478 834 Mammam
1495 805 1631 841 praebebo,
1646 805 1744 840 pannis

926 842 947 869 Β
961 850 1107 885 involvam,
1126 861 1239 888 puerlun
1268 853 1385 884 lactabo,
1403 860 1452 879 cur
1475 851 1546 886 quod
1572 859 1615 878 me
1639 855 1745 886 spectat

961 907 1015 925 non
1031 898 1198 934 intelligam?
1217 907 1225 924 1
1244 897 1384 931 Quomodo
1402 897 1446 925 ﬁet
1460 897 1526 924 mihi
1543 897 1633 924 istud?
1649 906 1659 923 1
1678 903 1744 923 con-

961 950 1117 972 sentaneam
1132 944 1223 979 profer
1237 943 1303 971 mihi
1321 951 1443 974 causam,
1456 946 1485 969 ut
1498 943 1642 970 obscuram
1668 942 1742 969 illam

961 989 1031 1016 uteri
1061 990 1238 1023 gestationem
1256 988 1414 1023 intelligam.
1430 987 1552 1014 lnsolens
1565 987 1615 1014 fuit
1626 986 1687 1014 Em
1698 995 1743 1021 ge-

959 1035 1074 1067 neratio,
1086 1039 1202 1062 attamen
1212 1043 1245 1062 ex
1257 1034 1315 1061 viro
1323 1035 1368 1061 illa
1376 1038 1483 1068 sumpta
1497 1033 1547 1060 fuit
1555 1034 1594 1061 ’δε
1606 1040 1744 1068 causaque

960 1079 1011 1106 fuit
1023 1087 1074 1114 qua
1090 1079 1221 1114 ejusmodi
1237 1086 1333 1107 massa:
1347 1079 1416 1106 ratio
1438 1083 1658 1114 cognoscnretur,
1673 1086 1742 1113 quo-

959 1125 1033 1152 niam
1047 1126 1152 1153 scilicet
1163 1133 1196 1152 ex
1213 1125 1269 1158 illo,
1281 1133 1342 1160 quae
1353 1133 1403 1160 pro
1417 1125 1472 1156 illo,
1485 1128 1592 1160 sumpta
1605 1128 1646 1152 est
1658 1133 1665 1151 :
1678 1131 1742 1159 pro-

959 1170 1088 1205 priusque
1113 1171 1189 1198 locus
1206 1170 1318 1206 proprio
1339 1171 1399 1198 loco
1423 1171 1543 1206 repletus
1559 1174 1610 1197 est.
1621 1170 1742 1197 insolen-

959 1216 1012 1243 tior
1035 1216 1096 1243 Eva:
1122 1217 1296 1251 generatione
1321 1216 1418 1244 Adami
1447 1217 1600 1252 generatio;
1622 1220 1741 1243 attamen

959 1262 1004 1289 illa
1024 1262 1127 1296 scripto
1155 1263 1252 1290 tradita
1267 1271 1299 1290 ac
1313 1266 1440 1290 enarrata
1459 1263 1519 1295 fuit,
1539 1266 1688 1296 notumque
1700 1265 1743 1289 est

952 1301 1011 1343 'qua
1029 1308 1136 1336 ratione
1152 1313 1264 1344 repente
1292 1309 1363 1336 facta
1388 1310 1433 1337 sit.
1453 1309 1490 1336 De
1504 1313 1616 1344 accepto
1637 1308 1742 1335 scilicet

958 1354 1023 1380 limo
1045 1358 1123 1382 terra:
1136 1354 1258 1387 Creator,
1283 1355 1382 1382 animal
1409 1355 1550 1386 deil'orme,
1568 1354 1756 1390 praeparavith

958 1407 1055 1436 nempe
1081 1401 1198 1436 primum
1226 1404 1378 1436 parentem.
1405 1401 1440 1428 Ut
1460 1401 1504 1428 illa
1520 1405 1583 1428 nota
1598 1404 1672 1434 sunt,
1690 1401 1742 1427 hoc

958 1447 1023 1474 item
1046 1448 1154 1476 declara
1180 1447 1258 1480 mihi,
1285 1446 1505 1482 quandoquidem
1532 1447 1558 1474 id
1580 1446 1652 1481 quod
1679 1451 1757 1473 ante-

125 1491 275 1527 θεόμορφον
301 1491 369 1523 ζῶον
398 1491 583 1519 κατεσκεύασε
609 1491 655 1518 τὸν
685 1493 905 1528 πρωτόπλαστον.

959 1493 1051 1521 dixisti
1081 1493 1167 1525 mihi,
1182 1494 1227 1520 illa
1251 1493 1304 1520 alia
1329 1493 1406 1528 longe
1423 1496 1554 1527 superat:
1573 1501 1583 1517 1
1600 1491 1741 1524 Quomodo

129 1537 175 1569 Ὣς
197 1539 287 1564 ὲκεῖνα
295 1538 430 1574 γνώριμα,
446 1539 491 1565 καὶ
505 1539 583 1566 τοῦτο
598 1539 759 1576 σαφήνισον·
773 1539 864 1575 ἐπειδὴ
876 1539 907 1566 τὸ

125 1583 274 1619 προλεχθέν
292 1592 335 1620 μοι
351 1584 425 1620 παρὰ
441 1584 486 1611 σοῦ
508 1585 702 1620 ὑπερηκόντισε
721 1585 755 1613 τὰ
767 1584 906 1621 λεχθέντα·

128 1639 138 1655 1
159 1629 221 1660 Πῶς
237 1629 312 1657 ἔσται
331 1639 374 1665 μοι
399 1630 487 1662 τοῦτο,
503 1631 564 1657 ἐπεὶ
587 1631 670 1667 ἄνδρα
684 1632 714 1658 οὐ
735 1632 879 1666 γινώσκω;
895 1643 904 1658 1

131 1676 160 1702 '0
174 1675 201 1701 δὲ
217 1676 236 1701 Γ
237 1676 335 1711 αὸριὴλ
356 1676 425 1711 πρὸς
448 1677 496 1712 τὴν
517 1676 670 1711 Παρθένον·
692 1677 753 1709 Πῶς
768 1678 844 1705 ἔσται
866 1687 906 1704 σοι

124 1720 219 1752 τοῦτο;
236 1722 303 1756 Παρ“
314 1721 381 1756 ἐμοῦ
406 1722 451 1748 τὸν
465 1722 566 1757 τρόπον
583 1722 684 1758 ζητεῖς,
700 1723 835 1758 Παρθένε,
854 1733 906 1760 μα-

125 1764 196 1798 θεῖν;
214 1765 260 1801 Μὴ
290 1766 400 1793 δύναται
417 1766 508 1799 δοῦλος
526 1768 625 1794 σκοπὸν
639 1768 737 1795 εἰδέναι
752 1769 905 1803 .δεσπότου;

124 1810 188 1842 Πῶς
214 1811 289 1838 ἔσται
308 1820 348 1838 σοι
365 1812 458 1845 τοῦτο;
473 1813 601 1848 Μηνυτὴς
615 1813 778 1850 ἀπεστάλην,
793 1814 841 1850 οὐχ
863 1815 907 1850 ἐρ⁴

127 1857 272 1893 μηνευτής.
289 1867 298 1882 1
317 1858 364 1889 Τίς
376 1858 444 1892 ἔγνω
461 1858 522 1885 νοῦν
532 1859 680 1893 Κυρίου;ἢ
699 1860 741 1891 τίς
758 1860 907 1895 σύμϐουλος

125 1902 208 1929 αὐτοῦ
224 1902 345 1936 ὲγένετο;
357 1913 367 1928 1
380 1903 413 1929 Ἃ
425 1903 515 1930 ἀκούω
527 1904 608 1937 λαλῶ,
623 1905 696 1932 οὐδὲν
710 1905 773 1932 ἴδιον
787 1906 904 1934 πλάττω.

125 1948 187 1980 Πῶς
214 1948 289 1976 ἔσται
310 1958 350 1976 σοι
367 1950 461 1981 τοῦτος
479 1951 514 1976 Τὸ
534 1950 592 1982 πῶς
616 1951 662 1977 ἐπὶ
686 1951 752 1978 Θεοῦ
769 1953 805 1987 μὴ
820 1951 904 1988 ζήτει.

126 1994 188 2026 Πῶς
216 1994 292 2022 ἔσται
323 2004 362 2022 σοι
386 1995 482 2029 mito;
512 1995 557 2028 Ὠς
586 1997 699 2028 Ἡσαΐας
721 1998 905 2034 προηγόρευσε

125 2037 274 2072 φάσκων-1
298 2039 362 2066 Ἰδοὺ
384 2041 400 2075 ἡ
425 2040 562 2076 Παρθένος
587 2042 616 2068 ὲν
641 2042 740 2077 γαστρὶ
754 2043 809 2075 ἕξει
822 2052 828 2058 ·
849 2053 858 2069 1
877 2044 906 2070 τὸ

959 1539 1009 1566 erit
1030 1539 1097 1566 mihi
1122 1539 1206 1571 istud,
1228 1539 1356 1574 quoniam
1379 1538 1469 1565 virum
1485 1546 1540 1565 non
1560 1537 1714 1572 cognosco?
1728 1546 1738 1561 1

958 1584 1026 1612 Tum
1039 1584 1146 1612 Gabriel
1159 1584 1193 1612 ad
1203 1584 1341 1619 Virginem
1355 1594 1362 1611 :
1374 1583 1515 1617 Quomodo
1529 1583 1581 1611 erit
1595 1584 1642 1610 tibi
1652 1583 1742 1610 istud?

957 1639 973 1659 a
999 1637 1051 1664 me,
1071 1629 1164 1665 Virgo,
1179 1630 1289 1657 modum
1315 1630 1415 1664 quaeris
1434 1629 1577 1658 ediscere?
1594 1629 1634 1655 An
1652 1633 1741 1663 potest

958 1685 1055 1705 servus
1078 1683 1191 1712 scopum
1214 1683 1298 1704 nosse
1320 1675 1424 1703 domini
1450 1675 1509 1703 sui?
1525 1674 1666 1707 Quomodo
1689 1675 1742 1702 eri:

957 1723 1006 1751 tibi
1016 1723 1081 1751 illud
1089 1724 1100 1750 ?
1107 1723 1235 1754 Nuntius,
1249 1730 1303 1750 non
1311 1723 1456 1758 interpres,
1465 1722 1564 1750 missus
1575 1730 1661 1749 sum.«
1673 1720 1740 1754 Quis
1754 1743 1757 1746 .

957 1769 1033 1796 novit
1050 1773 1168 1796 mentem
1195 1768 1314 1800 Domini,
1331 1772 1381 1795 aut'
1397 1769 1460 1803 quis
1485 1768 1657 1796 consiliarius
1680 1767 1739 1802 ejus

958 1815 1057 1842 fuit"?
1079 1825 1088 1841 1
1104 1815 1169 1848 Quae
1190 1815 1270 1842 audio
1284 1815 1389 1850 loquor,
1406 1814 1474 1841 nihil
1496 1821 1511 1840 a
1535 1821 1578 1840 me
1604 1813 1738 1848 contingo.

958 1861 1100 1895 Quomodo
1118 1862 1170 1888 erit
1186 1861 1234 1888 tibi
1260 1861 1351 1888 istud?
1376 1860 1453 1896 Apud
1481 1859 1565 1887 Deum
1585 1867 1619 1887 ne
1634 1866 1740 1895 quaeras

958 1907 1104 1942 quomodo.
1117 1905 1259 1940 Quomodo
1274 1906 1325 1933 erit
1341 1905 1389 1933 tibi
1404 1904 1494 1934 istud?
1508 1904 1740 1938 Quemadmodum
1753 1928 1755 1930 .

957 1952 1042 1981 Isaias
1057 1953 1248 1988 praenuntiavit
1275 1952 1370 1980 dicens
1386 1962 1393 1980 :
1414 1961 1423 1978 1
1442 1951 1511 1979 Ecce
1524 1950 1607 1986 Virgo
1619 1951 1646 1977 in
1662 1953 1739 1977 utero

957 1998 1094 2025 habebit”
1104 2007 1110 2025 ε
1122 2008 1131 2024 1
1145 2002 1171 2025 te
1188 1998 1215 2025 in
1232 2001 1308 2025 utero
1323 1997 1475 2025 habituram
1485 1996 1677 2032 praedixit,ego
1688 2002 1740 2022 au-

957 2047 1011 2071 tem
1026 2044 1088 2071 dico
1111 2043 1172 2075 tibi,
1184 2043 1257 2079 quod
1273 2052 1283 2069 1
1300 2044 1389 2079 paries
1407 2044 1501 2075 lilium,
1526 2047 1553 2070 et
1567 2041 1676 2069 vocabis
1690 2048 1741 2068 no-

125 2084 195 2117 ἓεειν
208 2093 237 2111 σε
248 2086 458 2121 προηγόρευσεν,
472 2087 526 2121 ἐγὼ
542 2087 570 2121 δὲ
585 2087 655 2122 λέγω
679 2097 730 2121 σοι,
748 2089 788 2115 ὃτι
801 2098 810 2115 1
820 2090 906 2123 τέξεις

126 2130 184 2157 υὶδν
200 2131 246 2157 καὶ
273 2131 394 2163 καλέσεις
418 2132 448 2159 τὸ
467 2132 550 2168 ὄνομα
571 2134 652 2161 αὐτοῦ
675 2135 791 2171 Ἰησοῦν·
808 2146 817 2162 1
832 2136 906 2172 αὐτῷ

127 2176 143 2212 ἡ
157 2175 219 2209 δόξα
235 2177 274 2210 εἰς
287 2178 349 2210 τοὺς
363 2178 462 2211 αἰῶνας
469 2178 523 2206 τῶν
538 2179 661 2209 αἰώνων.,
671 2180 765 2217 Ἀμήν.
923 2181 945 2208 D

957 2097 1019 2117 men
1040 2089 1105 2125 ejus’
1116 2089 1208 2118 Jesum
1220 2099 1242 2117 :r
1259 2089 1309 2126 ipsi
1319 2089 1403 2126 gloria
1414 2089 1441 2116 in
1452 2089 1550 2117 saecula
1567 2088 1754 2116 saeculorum.

956 2135 1052 2163 Amen.

160 2252 184 2268 “
201 2252 268 2281 Luc.
283 2254 370 2291 1,50,
387 2255 432 2283 51.
470 2256 494 2272 ²⁵
513 2256 579 2284 ibid.
598 2257 643 2284 54.
694 2257 717 2274 ³⁸
736 2257 804 2286 Gen.
824 2266 861 2291 11,
878 2258 909 2286 23

960 2259 982 2275 ’⁷
1003 2258 1056 2287 lsa.
1075 2267 1127 2291 ιι,
1146 2259 1188 2286 l3.

136 2331 1723 2346 Ἢ

1263 2258 1286 2274 ’⁸
1304 2257 1357 2285 lsa.
1375 2265 1431 2291 vu,
1449 2257 1491 2284 14.

316 2403 351 2432 ΙΝ
365 2404 553 2434 SERMONEM
569 2406 615 2435 DE
631 2406 1174 2438 ANNUNTIATIONE,SANCTISSlM/E
1195 2390 1356 2439 DEIPARIE
1377 2410 1546 2439 MONITUM.

159 2459 284 2494 Spurium
301 2469 357 2489 esse
387 2462 455 2490 hunc
477 2473 622 2492 sermonem
644 2473 718 2491 nemo
724 2466 783 2499 jam
796 2467 915 2495 eruditus
929 2476 981 2495 non
990 2467 1105 2502 judicat,
1124 2477 1183 2495 cum
1197 2469 1252 2497 sols
1265 2469 1364 2497 clarior
1374 2478 1429 2497 sese
1442 2469 1613 2504 prodatvstyli
1629 2469 1737 2503 hujusce

125 2505 158 2533 ob
181 2506 363 2535 Alhanasiano
384 2508 571 2543 discrepantia.
589 2510 729 2538 Athanasii
747 2512 815 2538 enim
840 2513 925 2540 oratio
948 2514 1035 2540 nitida
1062 2522 1179 2549 puraque
1206 2520 1245 2542 est
1260 2523 1269 2542 :
1285 2520 1377 2542 contra
1399 2524 1459 2543 vero
1478 2515 1584 2550 hujusce
1601 2515 1737 2550 scriptoris

123 2557 162 2580 ita
173 2553 295 2587 perplexa
308 2558 332 2580 et
344 2553 463 2588 obscura,
471 2561 499 2582 ut
514 2557 556 2583 vix
569 2556 731 2592 intelligatur
741 2564 750 2584 :
760 2559 827 2593 quod
841 2563 889 2591 est,
906 2560 944 2587 ait
962 2560 1064 2587 Tullius
1075 2560 1187 2596 (50“"),
1204 2562 1232 2588 in
1245 2563 1364 2590 oratione
1376 2563 1466 2590 vitium
1477 2562 1516 2589 vel
1528 2563 1683 2590 maximum.
1698 2561 1739 2589 Ad

125 2597 182 2625 lucc
197 2607 274 2634 nugw
286 2600 328 2627 hic
341 2607 491 2636 comparent
507 2603 654 2637 permulta,
668 2604 759 2639 sagaci
780 2605 869 2640 quovis
884 2605 998 2639 homine,
1013 2615 1045 2634 ne
1066 2607 1153 2634 dicam
1165 2609 1311 2635 Athanasio
1331 2609 1456 2645 indignw,
1470 2613 1499 2636 ut
1520 2614 1559 2637 est
1580 2610 1666 2642 inepta
1688 2609 1739 2637 illa

122 2645 280 2681 etymologia
303 2647 372 2674 vocis
399 2647 487 2677 οὐσία.
506 2648 538 2674 ab
566 2649 632 2682 ῑσία,
654 2654 678 2677 et
695 2650 750 2677 alia
778 2651 933 2685 ejusmodi:
951 2661 1072 2688 uocesque
1083 2654 1229 2688 complures
1252 2655 1399 2682 Athanasio
1420 2655 1526 2691 ignotae,
1546 2660 1575 2682 ut
1594 2660 1655 2683 sunt
1673 2655 1739 2690 illa',

121 2692 333 2738 Qeoﬁrrdaratoc,
349 2694 636 2730 ἀνθρωποῦπόστατος,
650 2697 776 2733 ἀρχίθεος
793 2702 819 2724 et
834 2698 909 2734 ὑπερ(

961 2708 1008 2731 ιος,
1027 2706 1051 2726 et
1064 2700 1125 2727 alia:
1135 2709 1200 2735 quas
1212 2700 1273 2728 bene
1288 2701 1395 2733 multas,
1412 2711 1459 2737 pro
1476 2702 1599 2729 brevitate
1608 2703 1738 2738 opusculi,

122 2737 172 2764 huc
191 2739 302 2766 contulit
317 2739 430 2774 scriptor
445 2741 504 2774 iste;
517 2741 556 2769 ita
568 2746 596 2769 ut
608 2742 759 2777 inferiorem
784 2743 890 2771 omnino
910 2743 1077 2772 ercitatem
1093 2745 1219 2773 redoleat.
1235 2745 1271 2773 Et
1292 2754 1355 2774 sane
1374 2755 1431 2781 qua:
1447 2746 1477 2774 de
1491 2746 1591 2774 Christi
1603 2737 1762 2782 hypoctasi»

157 2813 257 2846 l30”“)
273 2814 311 2842 De
327 2821 438 2844 oratore.
