1940 3067
235 107 287 136 9D

234 166 383 197 secundum
399 177 482 198 unam
498 164 712 208 singularitatem
738 177 949 206 constitutionis.
971 179 1014 207 Si-

233 212 343 248 quidem
355 223 438 243 unum
455 215 538 244 Deum
552 218 578 245 in
594 218 726 247 Trinitate
738 228 914 255 personarum
930 224 1013 251 conﬁ-

233 263 331 290 temur,
355 260 460 286 nullum
477 261 651 297 principium,
671 264 828 300 nullumque
847 270 964 301 tempus,
984 269 1011 295 in

232 311 394 340 unaquaque
410 310 568 335 sanctarum
595 309 803 346 divinarumque
825 312 1011 348 hypostasium

230 351 437 382 constituentes,
459 351 537 385 juxta
561 354 723 387 peculiarem
741 364 833 383 earum
859 359 1010 393 proprieta-

229 398 282 420 tem
294 404 299 421 :
309 394 427 428 Patrem,
438 397 598 432 ingenitum,
607 399 740 433 dicentes,
753 401 864 436 Filium,
877 405 1008 439 genitum;

228 438 358 474 Spiritum
374 446 511 474 sanctum,
529 445 729 478 procedentem.
745 445 851 474 Patrem
861 438 920 476 sine
935 438 1009 484 prin;

226 484 298 518 cipio
323 488 350 512 et
376 487 435 514 sine
459 491 581 523 tempore
604 498 666 517 esse
692 492 888 525 existimantes,
909 494 1006 523 Filimn

225 531 285 558 sine
300 531 436 568 principio
457 537 484 561 et
498 536 557 562 sine
575 539 696 571 tempore
713 539 903 574 praedicantes,
920 542 1007 576 Spiri-

224 579 282 603 tum
305 582 429 605 sanctum
450 580 508 607 sine
525 581 658 616 principio
673 587 700 610 et
711 584 770 612 sine
786 589 908 621 tempore
921 589 1006 615 conﬁ~

224 625 312 650 tentes
327 631 333 648 :
351 632 403 651 non
418 629 447 651 ut
463 626 538 660 prior
554 628 589 654 sit
605 627 692 661 Pater,
711 631 844 664 posterior
858 631 943 661 Filius
962 634 1004 661 vel

224 666 342 702 Spiritus
363 675 484 701 sanctus,
509 671 556 699 sed
580 674 661 701 simul
680 675 785 703 Patrem
810 681 837 704 et
859 677 957 706 Filium
977 683 1004 707 et

223 713 352 748 Spiritum
379 719 514 750 sanctum,
541 719 691 747 secundum
717 729 798 749 unam
822 725 958 760 principio
977 732 1002 754 et

221 762 343 793 tempore
356 765 506 795 carentem,
524 766 853 799 acsupersubstantialem
870 771 1001 798 unitatem

220 804 387 833 exsistentiaz
400 807 539 836 colentes:
553 817 635 836 unum
648 809 730 838 Deum
743 811 769 838 in
782 813 868 842 tribus
881 816 1001 850 proprie-

220 849 322 878 tatibus
338 851 491 884 credentes,
510 862 625 888 vereque
637 855 820 890 gloriﬁcantes
835 866 842 884 :
858 867 911 886 non
921 849 989 895 quas

220 895 299 905 _,,,_,
318 895 350 905 π
420 897 440 905 ..
460 902 466 905 Α
580 901 585 905 .
692 902 697 905 .

1051 865 1161 901 Πνεῦμα
1175 867 1205 893 τὸ
1224 849 1300 902 ἅγιον
1320 849 1505 905 ἐπινοηθὲντα,

219 895 302 922 alium
318 895 402 924 Deum
420 897 527 926 Patrem
545 901 621 934 prius
640 902 827 936 exsistenlcm,
846 912 896 933 nec
916 907 998 934 alium

217 939 302 967 Deum
319 941 417 970 Filium
431 945 568 978 posterius
585 946 736 979 inductum,
748 957 799 976 nec
819 950 900 978 alium
915 951 998 980 Deum

218 985 349 1020 Spiritum
374 992 499 1016 sanctum
514 993 610 1024 postea
634 993 829 1027 excogitatum.
848 996 998 1027 secundum

215 1030 400 1066 hlasphemias
416 1033 622 1069 htereticorum;
641 1036 689 1064 sed
705 1045 789 1065 unum
804 1038 888 1067 Deum
910 1042 936 1069 in
949 1043 997 1069 tri-

1102 1075 1108 1084 .
1219 1075 1261 1086 ννι
1276 1075 1480 1091 ,ητ---ι--Γ-*ν-
1500 1075 1504 1082 ε

216 1075 267 1103 bus
284 1077 478 1112 hyposlasibus
488 1088 549 1108 esse
560 1081 700 1116 docentes,
714 1091 796 1111 unam
814 1085 913 1114 habere
929 1089 1121 1126 substantiam,
1135 1075 1264 1124 virtutem
1289 1102 1317 1125 et
1346 1099 1504 1134 ellicaciam,

218 1122 246 1134 .l-
265 1124 409 1134 -..I,_-,,,.‘A
510 1127 535 1134 "
608 1133 611 1134 ν
696 1131 702 1134 ⁸
749 1132 754 1134 “
795 1132 799 1134 ‘

214 1122 247 1150 de
263 1124 416 1152 substantia
441 1127 659 1163 considerantur,
683 1131 834 1167 theologica
849 1134 993 1169 docentur,
1013 1140 1196 1171 celebrantur.

248 1183 275 1210 5.
288 1183 320 1211 Et
337 1188 367 1212 ut
382 1185 527 1214 formulam
543 1190 663 1217 sermoni
681 1190 788 1225 demus,
812 1201 918 1222 necnon
939 1196 996 1231 ple-

212 1229 364 1258 nitudinem
393 1236 420 1258 et
448 1236 732 1270 consummationem,
763 1247 824 1275 quae
846 1240 996 1277 theologice

211 1275 345 1303 docentur
361 1281 511 1307 teneamus.
528 1280 594 1313 Quae
606 1282 661 1309 sint
674 1283 730 1316 illa,
746 1288 773 1312 et
783 1285 856 1313 circa
871 1295 995 1321 quaenam

211 1325 354 1349 versentur
366 1322 495 1360 deinceps
513 1327 656 1355 audiamus
674 1339 680 1355 :
697 1330 825 1360 nimirum
847 1333 901 1360 dici
919 1335 994 1362 illum

210 1367 373 1400 incrcatum,
398 1369 600 1405 incorporeum,
614 1377 735 1410 tempore
758 1381 785 1404 et
803 1379 937 1414 principio
949 1388 996 1408 ca-

209 1418 313 1440 rentem
328 1433 336 1445 ,
363 1416 558 1451 sempiternum
568 1438 576 1450 ,
592 1419 799 1449 indesinentem
813 1443 821 1453 .
845 1425 990 1459 inﬁnitum,

209 1462 353 1490 (eternium,
376 1461 554 1497 incognitum,
571 1465 745 1500 ineﬁ‘abilem,
766 1470 866 1498 nullius
888 1473 989 1507 ligurm,

209 1503 426 1540 investigahilem
445 1516 452 1535 :
468 1508 551 1536 Deum
567 1510 692 1546 deorum,
707 1513 850 1543 Dominum
864 1517 990 1545 domino-

208 1556 280 1582 rum,
292 1550 391 1586 Regem
405 1561 509 1589 regum,
521 1557 743 1592 omnipotentem,
759 1561 899 1596 factorem,
914 1571 991 1592 crea-

208 1600 304 1630 torem,
330 1599 432 1630 lumen.
453 1601 546 1634 vitam,
563 1610 697 1636 sanctum,
714 1606 824 1640 bonum,
851 1609 1001 1642 immortaa

208 1640 270 1672 lem,
283 1641 390 1676 fortem,
408 1646 648 1681 cunctipotentem,
665 1654 691 1677 et
708 1658 875 1688 quaecunque
891 1655 989 1692 similia

207 1692 255 1719 per
275 1688 463 1717 excellentiam
492 1696 518 1718 et
541 1692 702 1728 aetiologian:
729 1695 809 1724 dicta.
833 1698 893 1725 Non
916 1688 988 1734 quod

207 1732 313 1767 singula
338 1734 488 1762 substantia
503 1737 638 1772 dicantur,
651 1740 699 1768 sed
714 1742 785 1769 circa
794 1744 986 1780 substantiam,

205 1778 283 1811 quasi
304 1786 337 1806 ex
352 1779 406 1808 duo
420 1785 467 1808 aut
483 1783 606 1816 pluribus
620 1786 654 1811 ad
676 1794 759 1814 unum
776 1788 894 1816 habeant
915 1778 986 1818 rela;

205 1823 307 1851 tionem
322 1824 423 1860 (qualia
433 1835 493 1855 esse
504 1828 649 1858 didicimus
660 1840 720 1866 quae
731 1834 817 1862 divisa
829 1838 914 1871 sunt),
922 1846 987 1872 .qua:

205 1868 315 1896 coalitio
336 1874 362 1897 et
389 1872 528 1904 plenitudo
553 1874 662 1903 deitatis
674 1876 812 1912 dicuntur,
835 1868 985 1911 secundum

205 1913 389 1949 Scripturam;
404 1924 457 1944 non
473 1918 545 1952 quod
561 1920 594 1947 ad
611 1929 691 1949 unam
709 1925 788 1952 unius
805 1926 985 1955 substantiam

203 1959 368 1994 referantur,
388 1962 436 1990 sed
447 1963 479 1990 ad
496 1972 714 2002 unamquamque
730 1975 885 1999 sanctarum
901 1974 984 2001 trium

201 2013 380 2040 personarum
406 2011 546 2045 aequaliter
576 2018 733 2047 spectentur
763 2021 790 2044 et
823 2018 982 2049 doceantur.

201 2051 291 2085 Quare
304 2054 362 2088 ipse
378 2055 543 2091 unigenitus-
557 2058 627 2087 Deus
641 2061 697 2087 ait:
717 2071 727 2087 ι
745 2062 841 2091 Omnia
857 2073 984 2100 quaecun-

200 2106 252 2132 que
267 2098 347 2127 habet
371 2099 451 2130 Pater
464 2111 522 2130 mea
536 2110 599 2132 sunt
612 2107 645 2133 ε’,
667 2117 676 2133 ι
698 2107 730 2135 Et
744 2109 777 2136 ad
801 2098 908 2139 Patrem
924 2113 981 2141 ait:

202 2153 211 2169 ι
228 2144 323 2172 Omnia
338 2155 397 2175 mea
411 2151 456 2175 tua
475 2154 548 2183 sunt,
565 2155 592 2178 et
609 2156 654 2180 tua
674 2161 732 2181 mea
750 2160 823 2189 sunt,
838 2162 864 2185 et
881 2159 982 2194 gloriﬁ-

813 117 842 143 S.
862 117 1091 148 ATHANASIUS.
1112 135 1147 140 —-
1166 122 1301 150 SPURIA.

1029 185 1050 211 Α
1065 181 1130 208 Θεὸν
1144 183 1172 208 ὲν
1186 183 1279 219 Τριάδι
1296 185 1447 220 προσώπων
1461 187 1702 222 καθομολσγοῦμεν,
1717 187 1747 214 τὸ
1761 188 1845 224 ἄναρ⁴

1790 133 1845 156 9;")

1063 235 1109 262 χον
1120 229 1166 254 ’καὶ
1183 229 1294 264 ἄχρονον
1307 231 1367 257 καθ’
1379 232 1496 267 ἑκάστην
1511 233 1563 259 τῶν
1575 234 1659 267 ἁγίων
1668 233 1749 269 τριῶν
1767 233 1845 269 θεαρ-

1062 274 1145 308 χικῶν
1162 275 1334 304 ὑποστάσεων
1350 278 1500 310 τάττοντες,
1522 280 1592 306 κατὰ
1608 280 1656 314 τὴν
1672 289 1843 316 χαρακτηρι-

1063 320 1155 356 στικὴν
1171 322 1259 348 αὐτῶν
1271 323 1386 359 ἰδιότητα
1396 333 1402 339 ·
1416 326 1444 351 ἐν
1455 326 1540 361 ΙΙατρὶ
1556 327 1585 352 τὸ
1599 327 1750 362 ἀγέννητον,
1766 327 1844 363 ἐντῷ

1062 364 1118 400 Υἱῷ
1131 366 1161 392 τὸ
1183 368 1320 403 γεννητὸν,
1346 370 1374 396 ἐν
1395 370 1433 405 τῷ
1452 371 1587 406 Πνεύματι
1607 372 1636 398 τὸ
1658 373 1842 408 ὲκπορευτόν·

1059 409 1176 446 ἄναρχον
1189 413 1234 438 καὶ
1252 413 1362 448 ἄχρονον
1371 414 1415 442 τὸν
1426 416 1533 451 Πατέρα
1549 417 1712 450 δοξάζοντες,
1725 420 1845 454 ἄναρχον

1059 455 1105 480 καὶ
1127 456 1238 492 ἄχρονον
1261 457 1305 485 τὸν
1324 459 1385 486 Υἱὸν
1401 461 1636 494 καταγγέλλοντες,
1665 462 1779 498 ἄναρχον
1794 465 1843 491 καὶ

1057 498 1169 532 ἄχρονον
1188 500 1217 527 τὸ
1236 501 1347 537 Πνεῦμα
1373 502 1401 530 τὸ
1426 504 1501 537 ἅγιον
1522 504 1781 540 καθομολογοῦντες·
1808 507 1840 533 οὺ

1057 543 1188 579 πρότερον
1201 545 1246 572 τὸν
1263 547 1381 583 Πατέρα,
1398 548 1444 575 καὶ
1462 549 1573 585 ὕστερον
1589 551 1633 577 τὸν
1649 551 1723 583 Υξὸν,
1744 553 1790 578 καὶ
1809 553 1841 579 τὸ

1056 589 1176 624 Πνεῦμα,
1203 591 1261 617 ἀλλ’
1289 591 1345 627 ἃμα
1372 594 1495 629 Πατέρα,
1524 596 1569 621 καὶ
1587 590 1661 628 Υιδύ,
1688 598 1734 638 καὶ
1761 597 1840 631 ἆγιον

1055 635 1176 670 Πνεῦμα,
1192 637 1261 664 κατὰ
1281 638 1344 673 μίαν
1362 639 1478 675 ἄναρχον
1493 641 1539 667 καὶ
1554 642 1665 676 ἄχρονον
1679 635 1838 677 ὑπερούσιον

1056 682 1157 716 μονάδα
1175 683 1316 718 ὑπάρξεως
1333 685 1464 718 σέϐοντες,
1485 687 1532 713 ἕνα
1547 687 1611 714 Θεὸν
1625 689 1654 715 ὲν
1671 689 1758 724 τρισὶν
1775 689 1838 716 ἰδιό-

1052 735 1114 761 τησι
1143 730 1314 763 πιστεύοντες
1342 731 1389 758 καὶ
1415 732 1523 768 ἀληθῶς
1543 733 1706 766 δοξάζοντες,
1734 735 1782 769 οὐχ
1798 735 1836 767 ὡς

1052 773 1130 800 ἄλλον
1143 774 1209 801 Θεὸν
1220 776 1265 802 τὸν
1279 777 1387 812 Πατέρα
1398 779 1614 815 προϋπάρχοντα,
1625 780 1671 806 καὶ
1681 780 1758 807 ἄλλον
1769 781 1835 807 Θεὸν

1051 818 1097 845 τὸν
1120 819 1182 847 Υἱὸν
1207 820 1318 857 ὕστερον
1335 823 1539 859 ὲπεισαχθέντα,
1557 826 1602 852 καὶ
1621 825 1697 852 ἄλλον
1724 826 1788 853 Θεὸν
1804 827 1835 853 τὸ

1521 872 1591 899 κατὰ
1607 873 1669 904 τοὺς
1683 873 1834 909 αίρετικοὺς

1051 912 1291 948 βλασφημοῦντας·
1310 915 1368 942 ἀλλ’
1383 917 1430 943 ἕνα
1448 917 1513 944 Θεὸν
1527 920 1555 945 ὲν
1569 920 1655 955 τρισὶν
1670 921 1832 948 ὑποστάσεσι

1051 957 1250 993 θεολογοῦντες,
1269 961 1334 996 μίαν
1348 961 1443 997 ἔχοντα
1458 963 1505 999 τὴν
1519 964 1621 997 οὐσίαν,
1633 966 1679 992 καὶ
1694 966 1741 1002 τὴν
1757 967 1833 1004 δύνεις

1050 1010 1105 1037 μιν,
1122 1004 1168 1030 καὶ
1182 1005 1231 1040 τὴν
1245 1005 1394 1042 ἐνέργειαν,
1405 1009 1451 1034 καὶ
1463 1009 1513 1035 ὅσα
1526 1009 1591 1037 ἄλλα
1604 1012 1666 1046 περὶ
1680 1011 1728 1048 τὴν
1739 1013 1832 1041 οὐσίαν

1046 1047 1186 1084 Θεωρεῖται
1207 1051 1261 1086 (56)
1276 1052 1480 1091 ,θεολογούμενα
1499 1056 1545 1082 καὶ
1562 1047 1727 1092 ὑμνούμενα.

1535 1106 1562 1129 et
1577 1110 1744 1139 quacunque
1776 1106 1830 1134 alia

1079 1202 1104 1229 5.
1122 1203 1176 1230 Καὶ
1193 1204 1235 1231 ἵνα
1249 1205 1333 1233 τύπον
1349 1207 1438 1242 δῶμεν
1450 1208 1488 1243 τῷ
1497 1209 1577 1244 λόγῳ,
1596 1211 1642 1237 καὶ
1662 1211 1795 1248 ἄθροισμα
1809 1213 1826 1248 ἢ

1044 1247 1189 1284 πλήρωμα,
1214 1251 1249 1278 τὰ
1266 1253 1336 1279 κατὰ
1359 1253 1497 1288 Θεολογίαν
1518 1255 1632 1291 ἔχωμεν.
1650 1258 1682 1283 Τί
1701 1258 1728 1284 δὲ
1743 1247 1829 1286 ταῦτα

1044 1294 1116 1320 ἐστιν
1133 1295 1148 1330 ἢ
1165 1298 1228 1332 περὶ
1242 1298 1269 1324 τί
1296 1299 1393 1332 ταῦτα,
1411 1300 1527 1336 καθεξῆς
1551 1302 1707 1339 ἀκούσωμεν
1718 1313 1724 1319 ·
1737 1305 1777 1331 ὃτι
1797 1306 1828 1332 τὸ

1043 1339 1178 1373 ἄκτιστον,
1190 1343 1221 1369 τὸ
1235 1343 1388 1380 ἀσώματον,
1405 1346 1435 1372 τὸ
1459 1347 1579 1382 ἄχρονον,
1597 1348 1626 1375 τὸ
1645 1349 1770 1385 ἄναρχον,
1797 1351 1827 1378 τὸ

1044 1387 1138 1419 ἀΐδιον,
1161 1389 1192 1415 τὺ
1216 1390 1403 1427 ἀτελεύτητον,
1427 1394 1456 1420 τὸ
1477 1394 1598 1430 ἄπειρον,
1615 1395 1644 1422 τὸ
1663 1396 1779 1430 αἰώνιον,
1795 1398 1828 1426 τὸ

1044 1435 1190 1468 ἄγνωστον,
1199 1437 1229 1463 τὸ
1237 1438 1444 1474 ἀνερμήνευτον,
1453 1441 1482 1468 τὸ
1493 1442 1701 1477 ἀσχημάτιστον,
1710 1444 1740 1470 τὸ
1750 1445 1827 1477 ἀνεξ-

1034 1482 1188 1515 ,ιχνίαστον,
1212 1483 1244 1510 τὸ
1259 1484 1323 1512 Θεὸν
1335 1485 1401 1512 θεῶν
1415 1487 1538 1521 λέγεσθαι
1557 1490 1648 1520 αὐτὸν,
1672 1491 1701 1517 τὸ
1724 1491 1825 1525 Κύριον

1004 1525 1024 1552 C
1042 1526 1154 1561 κυρίων,
1171 1527 1202 1554 τὸ
1218 1528 1334 1556 Βασιλέα
1345 1530 1549 1567 βασιλευόντων,
1564 1533 1594 1560 τὸ
1608 1535 1822 1571 παντοκράτορα,

1042 1570 1072 1596 τὸ
1088 1572 1212 1608 ποιητὴν,
1226 1574 1256 1600 τὸ
1265 1574 1435 1611 δημιουργὸν,
1445 1577 1474 1604 τὸ
1485 1578 1550 1612 φῶς,
1562 1579 1592 1606 τὸ
1604 1579 1684 1616 ζωὴν,
1694 1581 1724 1607 τὸ
1735 1570 1821 1615 ἅγιον,

1041 1617 1071 1643 τὸ
1086 1618 1196 1652 ἀγαθὸν,
1212 1619 1242 1646 τὸ
1257 1620 1399 1654 ἀθάνατον,
1422 1623 1452 1650 τὸ
1473 1624 1590 1660 ίσχυρὸν,
1619 1626 1648 1652 τὸ
1661 1628 1823 1655 παντοδύνα-
1862 1644 1866 1649 ι

1042 1671 1102 1696 μον,
1124 1664 1171 1691 καὶ
1190 1665 1241 1692 ὅσα
1259 1666 1326 1693 ἄλλα
1344 1668 1415 1694 κατά
1430 1677 1460 1695 τε
1487 1670 1622 1706 ὑπεροχὴν
1643 1673 1689 1699 καὶ
1714 1674 1823 1701 αἰτιολο-

1040 1708 1112 1742 γίαν,
1128 1710 1177 1746 οὺχ
1193 1711 1307 1739 ἕκαστον
1322 1713 1400 1741 οὐσία
1413 1715 1530 1749 λέγεται,
1548 1717 1614 1745 ἀλλὰ
1636 1719 1698 1755 περὶ
1713 1719 1761 1756 τὴν
1776 1721 1823 1748 οὺ-

1041 1754 1100 1781 σίαν
1110 1764 1116 1769 ·
1129 1756 1166 1787 ὼς
1183 1758 1215 1783 ὲκ
1227 1757 1274 1784 δύο
1286 1759 1341 1794 (57)
1356 1761 1402 1787 καὶ⁸
1421 1761 1548 1788 πλειόνων
1561 1763 1607 1789 ἐπὶ
1623 1764 1651 1790 ἓν
1664 1754 1759 1800 ἔχοντα
1772 1767 1821 1802 τὴν

1039 1801 1177 1838 ἀναφορὰν
1199 1804 1269 1830 κατὰ
1282 1805 1313 1831 τὸ
1342 1806 1564 1844 ὲπιμεριζόμενον
1583 1810 1728 1846 ἐμάθομεν,
1742 1812 1760 1839 ἃ
1773 1814 1821 1840 καὶ

1038 1847 1173 1883 ἄθροισμα
1190 1850 1235 1876 καὶ
1247 1850 1383 1886 πλήρωμα
1406 1853 1530 1889 θεότητος
1553 1855 1659 1890 λέγεται
1677 1859 1747 1884 κατὰ
1770 1860 1820 1895 τὴν

1038 1893 1164 1929 Ιῖραφήν·
1182 1896 1212 1921 οὑ
1237 1897 1307 1923 κατὰ
1327 1898 1391 1932 μίαν
1414 1900 1561 1927 ὑπόστασιν
1582 1903 1661 1937 μόνου
1676 1893 1818 1939 ἀνάγοντα,

1036 1938 1104 1965 ἀλλὰ
1120 1939 1180 1966 καθ’
1191 1940 1308 1976 ἑκάστην
1324 1943 1377 1969 τῶν
1388 1944 1473 1978 ἁγίων
1485 1946 1567 1981 τριῶν
1590 1948 1687 1983 ἐπίσης
1701 1938 1818 1985 θεωρού-

1039 1992 1107 2018 μενα
1126 1986 1173 2011 καὶ
1187 1985 1388 2023 θεολογοὺμενα.
1413 1990 1457 2016 Διὸ
1477 1991 1522 2018 καὶ
1545 1993 1625 2024 αὐτὸς
1640 1993 1654 2019 6
1674 1996 1820 2031 μονογενὴς

1036 2029 1100 2061 Θεός
1114 2039 1196 2066 φησι·
1221 2041 1230 2057 t
1247 2033 1339 2060 Πάντα
1353 2035 1403 2062 ὅσα
1418 2036 1473 2071 ἔχει
1489 2038 1503 2063 6
1519 2038 1621 2074 Πατὴρ,
1638 2040 1693 2075 ἐμά
1716 2029 1815 2067 ἐστι-η»

1035 2076 1082 2102 καὶ
1096 2076 1163 2112 πρὸς
1177 2077 1221 2104 τὸν
1233 2079 1341 2115 Πατέρα
1353 2081 1439 2115 λέγων
1448 2091 1454 2097 ·
1470 2092 1479 2108 ι
1489 2083 1593 2119 Τὰὲμὰ
1604 2085 1690 2112 πάντα
1701 2087 1735 2112 σά
1746 2088 1816 2119 ἐστι,

1035 2122 1128 2149 καὶτὰ
1144 2123 1178 2150 στ³ι
1195 2124 1258 2159 ἐμὰ,
1275 2127 1321 2152 καὶ
1333 2127 1492 2163 δεδόξασμαι
1506 2130 1535 2157 ἐν
1551 2130 1650 2162 αὐτοῖς.
1669 2132 1730 2158 »Ἐν
1743 2133 1817 2160 ᾶπα-

1035 2175 1061 2193 σι
1082 2169 1135 2204 γὰρ
1165 2166 1205 2200 οἷς
1227 2170 1365 2204 δοξάζεται
1389 2174 1402 2199 6
1419 2175 1514 2210 Πατὴρ
1541 2175 1756 2213 θεολογούμενος.
1786 2181 1817 2206 ἐν

198 2195 275 2217 ratus
290 2199 350 2218 smn
367 2193 395 2220 in
407 2194 446 2222 eis
459 2195 491 2222 ³ο.
509 2206 518 2222 ι
536 2196 565 2224 ln
575 2199 702 2228 omnibus
713 2209 829 2237 namque
841 2204 866 2230 in
883 2205 981 2239 quibus

198 2235 348 2257 Ithlnoinn
368 2239 535 2257 ultu-inm“..-
550 2242 630 2257 ουρ.-
656 2245 681 2257 :_
700 2246 731 2257 ιε.
744 2247 764 2257 ιν
789 2256 792 2257 ,
830 2249 836 2257 1
873 2250 897 2257 η.

1087 2193 1092 2201 ,
1103 2193 1131 2204 ηδε
1168 2193 1204 2200 η,
1229 2193 1365 2204 -,,..,,.-....
1389 2193 1402 2199 ν
1419 2193 1514 2210 ...ιι-Ἧι
1542 2193 1756 2213 νευλυιυυμινυς,
1786 2193 1815 2206 αν

1044 2211 1126 2242 ιὺτοῖς
1139 2211 1278 2245 δοξάζεται
1291 2216 1335 2242 καὶ
1346 2218 1360 2243 6
1370 2217 1444 2250 Υἱὸς,
1459 2220 1504 2245 καὶ
1516 2219 1546 2246 τὸ
1562 2221 1674 2257 Πνεῦμα
1685 2223 1714 2249 τὸ
1727 2223 1815 2257 ἅγιον.

198 2235 348 2272 theologice
368 2239 535 2273 gloriﬁcatur
550 2242 640 2277 Pater,
656 2245 684 2272 in
700 2235 796 2275 iisdem
812 2235 979 2283 gloriﬁcatur

197 2279 284 2308 Filius
309 2286 337 2310 et
356 2283 474 2318 Spiritus
502 2292 624 2317 sanctus.
651 2290 740 2326 Atque
765 2279 828 2321 inde
843 2295 978 2329 perfectus

197 2324 268 2354 Deus
288 2326 388 2355 dicitur
403 2329 493 2363 l’ater.
516 2332 653 2367 perfectus
667 2324 738 2364 Deus
754 2324 851 2371 Filius;
877 2345 904 2367 et
920 2349 981 2375 per-

196 2370 284 2399 fectus
301 2372 372 2401 Deus
398 2374 517 2410 Spiritus
544 2385 665 2408 sanctus.
685 2381 823 2417 Siquidem
847 2370 980 2414 nihil-ulli

195 2417 287 2460 deﬁcit
301 2426 334 2446 ex
351 2420 522 2454 plenitudine
536 2424 688 2454 divinitatis
705 2436 712 2454 :
727 2428 774 2456 sed
795 2431 977 2465 mqualitatem

195 2455 286 2490 habet.
295 2466 483 2501 unusquisque
507 2470 627 2497 omnium
649 2455 855 2508 proprietatum,
878 2477 977 2510 quibus

194 2510 334 2544 :equaliter
358 2512 498 2547 plenitudo
521 2515 630 2545 deitatis
654 2520 832 2554 conspicitur.
856 2521 922 2549 Nam
945 2532 979 2552 ex

193 2555 362 2584 derivatione
378 2557 436 2585 τσου
448 2558 485 2595 [id
498 2564 540 2588 est
551 2562 674 2598 aequalis]
687 2564 740 2590 ἱσὶα
754 2564 793 2601 [id
821 2571 862 2594 est
887 2576 978 2604 aequa-

193 2600 267 2637 litas]
281 2602 392 2635 dicitur,
413 2603 529 2633 feminea
553 2608 743 2638 terminatione
756 2600 819 2647 quae
832 2618 874 2642 est
887 2600 979 2651 aequa-

195 2647 277 2674 lilatis
301 2650 449 2678 multorum
469 2654 630 2688 complexio.
653 2655 757 2689 Quibus
777 2660 848 2688 enim
864 2647 977 2699 aequalis

237 2725 259 2740 ’⁵
277 2725 357 2754 Joan.
377 2737 438 2763 xv1,
457 2729 500 2756 i5.
540 2731 562 2747 ³⁰
580 2731 660 2762 Joan.
677 2743 731 2763 xv”
746 2757 752 2769 ,
772 2737 813 2766 to.

304 2786 426 2825 _Angiic.,
440 2789 546 2825 θεωρεῖ.

238 2819 280 2854 57)
297 2821 413 2856 Anglia,
433 2824 470 2856 ὡς
483 2819 511 2851 ἐν
523 2825 579 2854 δύο.

1033 2257 1087 2283 Καὶ
1103 2259 1225 2286 ἐντεῦθεν
1237 2260 1338 2294 τέλειος
1348 2263 1413 2296 Θεὸς
1426 2266 1440 2291 6
1461 2265 1553 2302 Πατὴρ
1566 2266 1682 2301 λέγεται,
1701 2269 1748 2295 καὶ
1771 2271 1816 2296 τέ-

1031 2302 1101 2335 λειος
1118 2304 1184 2336 Θεὸς
1200 2307 1214 2332 6
1241 2306 1313 2340 Υἱὸς,
1329 2309 1375 2335 καὶ
1396 2310 1496 2342 τέλειος
1512 2311 1577 2344 Θεὸς
1600 2313 1632 2339 τὸ
1654 2314 1764 2350 Πνεῦμα
1785 2317 1816 2344 τὸ

1031 2348 1117 2383 ἅγιον.
1136 2351 1265 2388 Ἐπείπερ
1280 2354 1362 2390 μηδὲν
1375 2355 1490 2383 ἐλλείπει
1502 2357 1548 2384 τοῦ
1563 2360 1625 2395 περὶ
1639 2360 1688 2396 τὴν
1702 2348 1815 2397 Θεότητα

1031 2393 1211 2430 πληρώματος
1219 2398 1331 2426 ἕκαστον
1338 2409 1344 2414 ·
1352 2401 1410 2427 ἀλλ’
1422 2402 1490 2430 ἰσίαν
1498 2403 1554 2439 ἔχει
1566 2405 1673 2433 πάντων
1685 2407 1738 2434 τῶν
1747 2408 1816 2436 ἰδιω-

1035 2439 1137 2474 μάτων,
1165 2439 1202 2469 ὧν
1219 2444 1315 2481 ἐπίσης
1341 2448 1388 2474 καὶ
1411 2448 1441 2474 τὸ
1465 2449 1600 2486 πλήρωμα
1622 2452 1672 2487 τῆς
1690 2453 1815 2489 θεότητος

1032 2484 1182 2522 θεωρεῖται.
1193 2489 1239 2516 Ἐκ
1251 2493 1418 2529 παραγωγῆς
1429 2494 1482 2530 γὰρ
1496 2496 1542 2523 τοῦ
1558 2497 1624 2529 ἴσον,
1639 2499 1692 2525 laid
1705 2499 1814 2533 λέγεται

1031 2529 1133 2568 Θηλυκῇ
1150 2534 1254 2571 ἐκφορᾷ
1268 2538 1284 2572 ἡ
1296 2538 1345 2572 τῆς
1356 2539 1476 2576 ἰσότητος
1488 2542 1541 2569 τῶν
1551 2543 1653 2571 πολλῶν
1666 2548 1813 2584 συστατικὴ

1030 2576 1235 2613 περίληψις.⁷Ων
1242 2581 1296 2617 γὰρ
1303 2583 1356 2619 (58)
1364 2585 1406 2620 ἴση
1414 2587 1453 2618 τίς
1459 2588 1532 2615 ἐστιν
1539 2589 1626 2621 οὐσία,
1632 2576 1813 2626 διαφερόντων

1031 2622 1192 2657 ἰδιωμάτων,
1204 2627 1258 2653 tata
1268 2627 1385 2662 λέγεται,
1397 2630 1470 2659 ὥσπε
1475 2641 1491 2668 ρ
1504 2635 1550 2661 καὶ
1561 2635 1622 2662 ὁσία
1633 2622 1747 2671 καὶ-μία.
1756 2638 1812 2664 Καὶ

1028 2668 1142 2705 ἐπείπερ
1163 2671 1218 2699 tota
1232 2673 1338 2708 λέγεται
1359 2677 1418 2704 κατ’
1433 2679 1620 2716 ὲτυμολογίαν,
1637 2668 1724 2719 τροπῇ
1738 2684 1785 2710 τοῦ
1802 2694 1811 2711 ι

1066 2806 1120 2841 (58)
1136 2807 1192 2843 Γάρ
1209 2809 1284 2838 deest
1302 2811 1328 2839 in
1344 2812 1449 2849 Anglic.
