1940 3067
126 116 177 145 921

588 119 705 148 SERMO
726 120 759 148 ΙΝ
778 120 1090 151 ANNUNTlATIONEM
1106 123 1276 153 DEIPARIE.

1698 129 1752 156 922

124 177 166 208 εἰς
180 186 204 211 ο,
216 176 262 204 καὶ
275 177 437 213 πλεονασμῷ
450 179 497 205 τοῦ
515 188 530 206 υ
544 180 685 214 στοιχείου,
707 180 786 207 οὐσία
804 181 901 217 διερμη

968 186 1010 210 est
1026 183 1189 214 substantia.
1209 184 1326 213 diversis
1337 188 1428 213 tamen
1445 185 1667 221 proprietatibus,
1685 187 1750 219 ῑσία,

123 221 285 254 νεύεται.ὠς
295 220 362 250 οὖσά
373 232 413 254 τις
426 225 573 260 συστατικὴ
587 223 714 260 ὕπαρξις,
723 225 776 252 τῶν
785 227 816 253 ὲκ
825 226 914 253 πλειό-

123 276 178 294 νων
194 268 240 294 ὲπὶ
257 268 321 303 μίαν
337 269 438 304 μονάδα
460 269 578 305 ἑχόντων
589 271 620 297 τὸ
634 271 780 306 ἄθροισμα.
795 272 851 298 Καὶ
865 271 912 299 οὓ-

121 321 177 343 τως
195 314 235 344 εἰς
255 313 301 340 τὸν
316 315 378 340 κατ’
396 315 487 341 εἰκόνα
508 316 574 342 Θεοῦ
602 317 748 352 γενόμενον
770 317 912 353 ἄνθρωπον

121 358 322 391 ἀποϐλέποντες
342 359 409 395 (59),
424 361 613 396 κανονίζομεν,
632 362 672 388 ὅτι
687 363 703 398 ἡ
718 362 844 395 σύστασις
860 364 912 391 τῶν

121 404 188 440 περὶ
202 404 283 431 αὐτοῦ
299 405 461 440 ἰδιωμάτων,
476 406 548 433 κατὰ
564 407 612 440 τὴν
626 408 709 434 αὐτοῦ
725 407 852 445 ὓπαρξιν,
865 410 911 436 οὐ-

121 449 167 475 σία
185 450 425 486 προσαγορεύεται,
438 451 476 482 ὠς
487 450 556 481 οὖσα
569 453 712 489 περίληψις
728 454 775 480 καὶ
797 455 910 491 περιοχὴ

118 494 175 521 τῶν
190 495 331 527 πλειόνων,
343 496 389 523 ἐπὶ
404 496 433 525 ἒν
447 496 565 532 ἑχόντων
581 497 612 524 τὸ
642 497 747 525 ἑαυτῶν
762 499 907 534 ἄθροισμα.

119 540 177 566 Καὶ
192 541 246 576 γὰρ
263 542 294 568 τὸ
312 542 420 569 κτιστὸν
436 541 505 569 εἶναι
523 543 569 570 τὸν
586 543 738 580 ἄνθρωπον,
753 545 783 571 τὸ
804 545 907 581 νοερὸν,

118 586 152 612 τὸ
164 586 282 620 λογικὸν,
296 587 327 613 τὺ
341 587 469 623 ἔμψυχον,
479 588 509 615 τὸ
524 589 689 623 σωματικὸν,
704 590 734 616 τὸ
750 590 908 626 παθητικὸν,

117 631 150 658 τὸ
173 632 296 667 ρευστὺν,
311 633 341 658 τὸ
357 634 493 668 χρονικὺν,
506 634 536 660 τὸ
550 634 657 669 θνητὺν,
676 635 706 660 τὸ
721 636 858 671 γεννητὸν,
878 636 910 662 τὸ

116 677 246 713 φθαρτὸν,
254 678 284 704 τὺ
294 678 447 714 αὐξητικὸν,
455 680 486 706 τὸ
493 680 617 716 τρεπτὸν,
626 680 656 707 τὺ
665 680 908 717 ἀλλοιωτικὸνμϋ),

116 723 149 749 τὸ
159 723 289 759 λυπηρὸν,
301 724 347 750 καὶ
360 725 409 751 ὅσα
422 725 489 752 ἄλλα
498 725 610 753 τοιαῦτα
622 726 690 753 κατὰ
701 727 845 761 ἀναλογίαν
859 727 907 754 καὶ

116 769 281 804 ἐκλογισμὸν
301 771 398 805 ἐπίσης
425 771 470 797 ἐπὶ
486 771 530 798 τὸν
551 772 692 808 ἄνθρωπον
717 772 908 808 λαμϐανόμενα

114 816 185 842 κατὰ
203 816 233 842 τὸ
250 817 317 848 ἴσον,
328 816 384 843 ῑσία
398 817 570 851 λέγεται,καὶ
581 820 666 854 τροπῇ
684 820 731 846 καὶ
748 820 909 855 πλεονασμῷ

967 227 1076 260 dicitur,
1093 233 1122 255 ut
1138 233 1165 256 et
1176 230 1239 256 ὁσία
1254 234 1280 257 et
1295 230 1356 265 μίαί
1369 231 1402 257 Et
1416 239 1478 258 cum
1494 232 1550 258 ισία
1570 232 1751 267 etymologica

967 273 1084 306 dicatur,
1103 276 1284 303 conversione
1294 276 1340 302 τοῦ
1356 286 1364 303 ι
1380 277 1408 303 in
1421 285 1444 307 ο,
1460 284 1492 304 ac
1504 277 1601 308 deinde
1612 277 1750 305 additione

970 319 1066 347 littera
1080 329 1106 352 υ,
1122 321 1200 347 οὐσία
1210 321 1336 353 eliicitur,
1360 323 1439 357 quasi
1457 323 1504 354 sit,
1526 324 1597 350 velut
1619 328 1749 352 constans

966 364 1088 398 quaedam
1103 365 1274 398 exsistentia,
1292 374 1395 397 rerum,
1413 375 1472 402 qua:
1494 375 1525 395 ex
1541 368 1633 396 multis
1645 369 1672 395 in
1687 368 1746 395 uni-

964 413 1048 437 tatem
1061 411 1227 439 coalescunt.
1237 413 1325 446 Atque
1341 412 1376 439 ita
1391 412 1526 441 hominem
1538 414 1564 440 in
1574 414 1620 441 Dei
1630 414 1748 449 imagine

965 455 1065 482 factum
1080 460 1245 490 spectantes,
1261 457 1421 486 deﬁnimus:
1438 459 1509 494 quod
1525 460 1630 487 scilicet
1645 460 1748 487 consti-

965 500 1033 527 tutio
1054 501 1114 535 ejus
1136 502 1345 536 proprietatum,
1368 503 1518 531 secundum
1541 505 1599 539 ejus
1614 506 1748 533 exsisten-

964 545 1041 590 tjam,
1058 546 1177 574 essentia
1189 548 1351 582 appelletur,
1369 554 1460 585 utpote
1474 558 1535 585 qu:e
1549 551 1585 578 sit
1594 552 1746 586 complexio

963 595 990 618 et
1014 592 1222 626 comprehensio
1241 594 1402 626 multorum.
1424 604 1484 630 quae
1502 596 1530 623 in
1558 605 1642 624 unum
1666 597 1747 633 336

963 637 1130 665 coalescunt.
1154 638 1220 666 Nam
1237 640 1309 675 quod
1325 644 1434 668 creatus
1455 642 1490 669 sit
1508 642 1599 675 homo,
1620 643 1690 677 quod
1708 643 1746 669 in-

963 682 1098 717 telligens,
1120 683 1193 717 quod
1219 685 1372 717 rationalis,
1397 686 1469 720 quod
1498 687 1645 718 animatus,
1672 687 1744 722 quod

962 728 1124 762 corporalis,
1137 729 1210 763 quod
1226 730 1358 764 patibilis,
1375 731 1448 766 quod
1463 731 1563 764 ﬂuxus,
1584 730 1663 766 quod'
1681 738 1747 759 tem-

961 773 1076 807 poralis,
1100 773 1173 808 quod
1200 776 1335 808 mortalis,
1359 771 1430 810 quod
1447 777 1566 811 genitus,
1591 777 1664 812 quod
1685 785 1747 804 cor-

961 818 1110 853 ruptibilis,
1129 819 1201 853 quod
1217 821 1386 854 vegetabilis,
1402 821 1473 856 quod
1491 822 1646 855 mutationi,
1658 822 1743 858 varie:

114 860 169 887 τῶν
185 861 332 896 στοιχείων,
343 862 420 888 οὐσία
436 863 830 899 προσαγορεύεται,κάντεῦθεν
841 865 893 900 πλή

957 865 1007 891 tati
1029 868 1057 892 et
1080 865 1197 893 tristitiae
1230 866 1264 893 sit
1287 867 1434 899 obnoxius,
1457 872 1538 902 atque
1562 867 1604 896 his
1619 868 1743 896 similia:

114 915 196 941 ρωμα
210 907 258 942 τῆς
281 906 490 942 ἀνθρωπότητος
505 909 684 944 ἑρμηνεύεται
694 929 713 941 ,,
726 909 756 935 τὸ
779 909 905 944 συμπλη-

114 952 178 989 ροῦν
203 953 287 988 αὐτῆς
304 953 333 980 τὸ
349 953 493 989 ἄθροισμα,
517 955 588 982 κατὰ
603 955 633 982 τὸ
650 955 792 990 μοναδικὸν
820 955 904 990 αὐτῆς

114 999 252 1035 σύστημα.

958 917 1019 944 qua:
1036 909 1128 936 habita
1152 910 1259 937 ratione
1274 915 1355 946 atque
1378 913 1563 946 proportione.
1582 913 1609 939 in
1635 913 1745 941 homine

957 954 1109 982 secundum
1121 955 1312 990 (aequalitatem,
1331 956 1385 983 ἰσία
1397 957 1460 993 [hoc
1472 962 1514 986 est
1539 957 1690 994 aequalitas]
1702 958 1743 985 di-

957 1004 1075 1034 cuntur;
1100 1002 1307 1037 mutationequc
1333 1009 1366 1030 ac
1390 1004 1548 1038 pleonasmo
1576 1004 1742 1037 litterarum,

112 1047 192 1074 οὐσία
205 1051 316 1074 vocatur
334 1057 341 1075 :
364 1051 447 1083 atque
464 1047 528 1075 hinc
549 1048 691 1084 plenitudo
709 1049 835 1076 humanae
851 1053 955 1076 natura:
967 1049 1131 1084 explicatur,
1141 1049 1213 1084 quod
1224 1049 1284 1084 ejus
1297 1050 1532 1078 coacervationem
1543 1051 1671 1086 complet,
1696 1058 1741 1079 se-

111 1095 233 1122 cundum
248 1095 356 1122 unicam
373 1094 434 1129 ejus
449 1095 684 1123 constitutionem.

146 1141 173 1168 4.
193 1142 237 1168 Ἐν
252 1140 293 1173 οἷς
309 1141 505 1177 σημειούμεθα,
521 1142 561 1168 ὅτι
578 1142 654 1169 οὐδὲν
664 1142 766 1170 τούτων
783 1143 843 1169 καθ’
851 1143 900 1169 αὑ-

110 1188 141 1215 τὸ
156 1187 234 1214 οὐσία
249 1187 356 1222 λέγεται
373 1187 428 1214 τῶν
448 1187 519 1214 κατὰ
534 1188 579 1214 τὸν
594 1188 735 1224 ἄνθρωπον
752 1189 903 1224 ἰδιωμάτων

110 1233 321 1270 ἀθροιζομένων.
340 1234 376 1261 Οὐ
392 1235 445 1269 μήν
460 1243 486 1260 τι
501 1234 606 1260 τούτων
621 1234 767 1266 ὑπόστασις
778 1234 900 1269 λέγεται·

109 1281 178 1307 ἀλλὰ
192 1280 288 1312 κοινῶς
301 1280 360 1315 μὲν,
378 1278 433 1307 οἷον
448 1280 588 1312 ἁπολύτως
602 1281 647 1307 ἐπὶ
661 1281 769 1308 πάντων
786 1281 900 1316 συναγό-

112 1335 190 1361 μενα,
207 1327 284 1353 οὐσία
302 1325 410 1360 λέγεται
436 1326 490 1352 τῶν
507 1327 578 1353 κατὰ
600 1327 645 1353 τὸν
668 1327 809 1362 ἄνθρωπον
829 1328 901 1354 ἰδιω-

112 1373 204 1407 μάτων
219 1373 249 1399 το
260 1372 395 1408 ἄθροισμα
404 1381 411 1387 ·
423 1372 496 1403 ῑδίως
508 1372 536 1399 δὲ
551 1373 598 1399 καὶ
615 1373 656 1407 ἐφ’
665 1373 723 1405 ἐνὸς
737 1373 900 1404 ὑπόστασις.

112 1419 197 1445 Ὅταν
216 1419 265 1454 μὲν
278 1417 324 1446 οὖν
339 1418 435 1450 κοινῶς
458 1419 504 1445 ἐπὶ
523 1418 628 1445 πολλῶν
648 1419 734 1446 ταῦτα
755 1419 900 1454 θεωρῆται,

109 1464 187 1490 οὐσία
201 1465 433 1500 προσαγορεύεται
443 1473 450 1479 ·
464 1464 527 1491 ὅταν
538 1465 566 1490 δὲ
580 1464 626 1491 καὶ
636 1464 683 1491 ἐπὶ
692 1464 740 1491 ἕνα
754 1464 825 1496 ἰδίως
840 1472 902 1491 συν-

110 1511 221 1545 άγηται,
243 1510 391 1542 ὑπόστασις
408 1509 609 1546 ἐξονομάζεται.
634 1510 690 1536 Καὶ
705 1509 799 1545 ὥσπερ
819 1509 899 1536 πάλιν

990 1140 1018 1168 ἱ.
1032 1139 1062 1167 in
1078 1140 1178 1175 quibus
1206 1145 1371 1169 annotamus
1392 1143 1493 1169 nullam
1512 1150 1604 1170 earum
1621 1144 1745 1179 proprie--

953 1189 1041 1214 talum
1050 1194 1110 1222 quae
1120 1187 1146 1214 in
1156 1187 1265 1215 homine
1276 1189 1432 1216 coalescunt
1446 1188 1596 1216 secundum
1607 1197 1636 1217 se
1647 1190 1741 1218 οὐσίαν

954 1231 1056 1264 vocari,
1073 1239 1123 1259 nec
1138 1232 1285 1267 quidquam
1297 1233 1405 1265 horum,
1419 1233 1567 1267 ὑπόστασις
1584 1245 1589 1262 :
1606 1235 1654 1262 sed
1669 1243 1737 1263 con-

952 1277 1070 1312 junctim
1083 1281 1112 1305 et
1128 1278 1255 1305 omnibus
1268 1279 1383 1309 coactis.
1399 1281 1572 1306 coacervatio
1588 1281 1738 1316 proprieta-

955 1327 1013 1350 tum
1034 1323 1164 1355 hominis,
1181 1324 1270 1356 οὐσία,
1295 1332 1343 1352 seu
1361 1326 1480 1353 essentia
1495 1326 1614 1360 dicitur,
1631 1328 1740 1362 proprie

951 1377 1016 1396 vero
1032 1373 1114 1405 atque
1129 1371 1156 1398 in
1169 1378 1223 1398 uno
1237 1370 1394 1402 ὑπόστασις,
1410 1379 1458 1399 seu
1470 1373 1657 1400 subsistentia.
1670 1373 1739 1400 Cum

951 1415 1045 1451 itaque
1056 1420 1083 1443 et
1093 1423 1239 1443 commune
1252 1416 1285 1443 de
1300 1416 1393 1443 multis
1404 1417 1460 1444 hate
1471 1418 1635 1452 cogitantur.
1649 1419 1737 1452 οὐσία,

956 1469 1005 1490 seu
1019 1462 1139 1489 essentia
1154 1466 1349 1496 nuncupatur;
1367 1470 1428 1490 cum
1452 1467 1541 1491 autem
1558 1464 1591 1491 de
1604 1472 1658 1491 uno
1675 1472 1737 1499 pro-

951 1508 1009 1543 prie
1026 1508 1202 1543 colliguntur,
1218 1508 1377 1541 ὑπόστασις,
1396 1517 1443 1536 seu
1460 1510 1636 1538 subsistentia
1651 1511 1736 1538 nomi-

111 1557 150 1587 είς
167 1556 211 1582 τὸν
228 1557 286 1582 κατ’
297 1556 388 1583 εἰκόνα
402 1557 451 1582 καὶ
467 1555 596 1591 ὁμοίωσιν
612 1555 679 1582 Θεοῦ
695 1556 838 1591 γενόμενον
853 1556 900 1583 ἄν·

955 1557 1043 1581 natur.
1058 1553 1092 1580 Et
1107 1555 1179 1581 sicut
1206 1555 1315 1586 iterum,
1340 1555 1450 1589 quando
1465 1555 1602 1582 hominem
1621 1555 1653 1583 ad
1670 1556 1737 1583 ima-

111 1601 218 1637 θρωπον
235 1601 445 1633 ἀποϐλέποντες,
462 1601 521 1636 ἅμα
535 1601 628 1628 τοῦτον
642 1601 703 1629 νοῦν
721 1601 776 1637 (εΗ)
792 1602 839 1628 καὶ
854 1602 898 1628 λό-

109 1655 157 1681 γον
173 1647 219 1674 καὶ
244 1647 352 1681 πνεῦμα
373 1646 543 1681 καθορῶμεν,
561 1647 607 1673 καὶ
620 1647 695 1673 οὐδὲν
716 1646 818 1673 τούτων
834 1647 900 1682 πρό-

109 1702 187 1729 τερον
206 1692 267 1719 οὕτε
286 1692 410 1728 ὕστερον,
431 1691 498 1718 ἀλλὰ
521 1692 590 1718 κατὰ
609 1692 692 1718 ταύτὸ
711 1691 837 1727 συνέστη,
851 1693 900 1719 ’καὶ

109 1740 157 1766 ἕνα
170 1740 218 1774 μὲν
231 1739 389 1774 λεγόμενον,
407 1738 502 1774 τριάδα
519 1737 547 1764 δὲ
563 1738 718 1773 νοούμενον,
731 1738 769 1768 ὡς
784 1735 839 1765 οἷον
852 1739 899 1765 καὶ

109 1786 155 1813 τὸν
169 1785 214 1812 νοῦ
251 1786 299 1820 μὲν
312 1785 469 1819 ἀγέννητον,
485 1785 614 1820 γεννητὸν
631 1785 659 1811 δὲ
674 1784 719 1812 τὸν
744 1784 832 1819 λόγον,
853 1784 900 1811 καὶ

111 1833 205 1859 τοῦτον
221 1831 292 1859 κατά
310 1831 404 1866 καιρὸν
429 1830 635 1866 μελανούμενον,
658 1831 705 1857 καὶ
726 1831 899 1867 ἐγγραφόμε-

110 1888 163 1910 νον,
177 1878 224 1905 xui.
240 1878 469 1913 ἀποστελλόμενον
479 1886 486 1892 ·
500 1877 587 1909 οὕτως
600 1877 647 1904 καὶ
663 1877 710 1903 ἐπὶ
726 1877 774 1903 τοῦ
790 1878 898 1904 πάντων

111 1924 191 1955 Θεοῦ,
202 1924 247 1951 τὸν
263 1925 311 1960 μὲν
325 1924 432 1959 Πατέρα
442 1923 480 1955 ὡς
494 1923 556 1950 νοῦν
571 1923 728 1957 ἀγέννητον,
743 1923 787 1950 τὸν
795 1923 822 1949 δὲ
835 1923 899 1950 Υἰὸν

109 1971 146 2002 ὼς
167 1970 252 2005 Λόγον
267 1969 404 2004 γεννητὸν,
427 1969 475 1995 καὶ
490 1969 583 1995 τοῦτον
595 1969 835 2004 ἀποστελλόμενον,
849 1977 899 1996 κα-

110 2017 143 2043 τὰ
155 2016 248 2052 καιρὸν
264 2016 386 2047 εὐδοκίας
401 2015 446 2041 τοῦ
461 2014 596 2050 πατρικοῦ
615 2015 775 2050 θελήματος,
793 2015 843 2050 οὐχ
860 2015 898 2046 ὡς

109 2063 274 2098 προφορικὸν
290 2062 360 2089 κατὰ
375 2062 468 2098 καιρὸν
481 2062 528 2088 καὶ
539 2061 634 2097 χρόνον
646 2062 713 2097 πρὸς
729 2061 822 2096 χρείαν
832 2062 898 2088 ἁπο-

109 2110 287 2144 γεννώμενον,
312 2107 369 2134 ἀλλ’
386 2107 424 2140 ὼς
445 2107 642 2139 ὑποστατικδν,
666 2108 713 2134 καὶ
737 2107 898 2143 αὐτόχρημα

108 2155 185 2181 τοῦτο
201 2154 273 2185 ὅντα,
295 2153 385 2185 καθὼς
406 2153 453 2180 καὶ
478 2153 638 2187 γεγένναται
656 2152 722 2187 (42).
736 2152 827 2184 ’Ἄπαξ
843 2153 897 2188 γὰρ

107 2198 248 2234 γεννηθεὶς
272 2199 304 2224 ὲκ
332 2197 379 2224 τοῦ
403 2197 519 2231 Πατρὸς,
537 2197 685 2228 ὑπόστασίς
708 2198 776 2229 ἐστι,
799 2197 892 2224 στάσιν

951 1599 1041 1633 ginem
1066 1603 1092 1626 et
1117 1599 1325 1627 similitudinem
1353 1599 1400 1627 Dei
1420 1600 1521 1628 factum
1539 1601 1736 1636 conspicimus,

951 1652 1005 1672 una
1024 1649 1154 1676 mentem,
1170 1645 1284 1672 verbum
1300 1649 1326 1673 et
1343 1646 1468 1680 spiritum
1494 1647 1735 1682 apprehendimus,

951 1698 999 1718 nec
1019 1690 1116 1717 horum
1132 1691 1280 1726 quidquam
1306 1692 1349 1718 vel
1367 1692 1442 1727 prius
1458 1692 1498 1719 vel
1521 1694 1668 1727 posterius,
1688 1694 1737 1721 sed

950 1735 1053 1770 pariter
1075 1736 1241 1768 consistunt,
1263 1739 1343 1771 atque
1360 1744 1444 1763 unum
1467 1737 1574 1772 quidem
1594 1737 1735 1770 dicuntur,

950 1781 998 1808 sed
1014 1780 1165 1808 trinitatem
1179 1788 1242 1808 esse
1252 1781 1455 1816 quodammodo
1470 1782 1623 1817 cogitamus
1637 1790 1643 1808 :
1656 1787 1737 1817 atque

950 1830 1065 1854 mentem
1076 1826 1187 1862 quidem
1201 1827 1359 1862 ingenitam,
1372 1827 1486 1854 verbum
1501 1831 1590 1855 autem
1603 1829 1735 1863 genitum.

949 1872 1093 1907 ipsumque
1108 1880 1158 1908 pro
1180 1877 1300 1908 tempore
1313 1876 1466 1901 atramento
1482 1878 1635 1907 exaratum,
1668 1875 1737 1902 scri-

949 1922 1024 1952 ptum
1034 1926 1066 1945 ac
1072 1918 1186 1945 missum
1198 1927 1206 1951 ;
1219 1918 1256 1945 ita
1271 1926 1380 1953 quoque
1388 1922 1414 1946 et
1427 1919 1454 1946 in
1466 1919 1734 1957 universorumql‘eo,

948 1963 1056 1990 Patrem
1084 1963 1164 1998 quasi
1188 1967 1305 1990 mentem
1334 1964 1503 1999 ingenitam,
1532 1963 1630 1991 Filium
1656 1965 1734 2000 quasi

948 2009 1067 2037 Verbum
1088 2010 1222 2045 genitum,
1240 2009 1383 2045 ipsumque
1399 2010 1524 2042 missum.
1542 2018 1596 2046 quo
1614 2014 1736 2046 tempore

949 2055 1052 2090 placuit
1067 2060 1185 2090 paternae
1197 2055 1345 2088 voluntati;
1363 2063 1417 2083 non
1430 2048 1508 2091 qua-si
1520 2056 1666 2090 prolatum,
1683 2056 1725 2083 ali-

948 2107 1002 2135 quo
1019 2103 1142 2135 tempore
1157 2103 1184 2127 et
1200 2105 1349 2131 momento,
1366 2100 1399 2126 ad
1420 2099 1565 2133 quemdam
1589 2107 1669 2127 usum
1686 2107 1726 2134 ge-

948 2145 1034 2172 nitum
1050 2145 1096 2178 sit,
1113 2145 1159 2173 sed
1172 2146 1250 2180 quasi
1267 2145 1431 2176 subsistens,
1445 2153 1475 2172 ac
1485 2152 1533 2179 per
1545 2152 1574 2172 se
1586 2145 1732 2176 exsistens,

949 2191 1176 2225 quemadmodum
1191 2194 1218 2218 et
1236 2195 1331 2218 natum
1345 2195 1396 2218 est.
1415 2190 1504 2218 Semel
1524 2197 1641 2224 namque
1655 2191 1734 2225 geni-

108 2244 247 2272 ἀδιὰλυτον
263 2243 341 2279 ἔχων,
363 2243 408 2277 ὑφ’
427 2240 464 2269 ὧν
480 2244 527 2269 καὶ
547 2242 618 2270 εἶναι
643 2243 758 2277 πέφυκε.
790 2243 826 2269 Τὸ
840 2243 893 2279 γὰρ

959 2245 991 2264 us
1006 2245 1038 2264 ex
1056 2236 1136 2264 Patre
1163 2237 1319 2272 liypostasis
1342 2240 1395 2268 est,
1420 2236 1612 2264 indis-solutam
1630 2237 1734 2264 habens

107 2291 252 2322 ὑπόστασις
259 2291 317 2317 κατ’
324 2291 368 2316 ὲτυ
373 2289 499 2325 μολογίαν
509 2288 714 2324 διερμηνεύεται
725 2288 897 2319 ὑπό-στασις.

107 2336 162 2364 Καὶ
174 2336 228 2371 γὰρ
242 2336 280 2368 ὡς
295 2335 357 2367 νοῦς
372 2336 386 2361 6
401 2334 505 2368 Πατὴρ,
517 2334 576 2360 κατ’
587 2334 676 2360 αἰτίαν
691 2333 737 2360 τοῦ
753 2333 894 2369 γεννητοῦ,

107 2383 144 2414 ὡς
159 2382 286 2417 γεννητὸν
296 2381 342 2409 τὸν
355 2382 417 2408 Υίδν
434 2383 477 2408 ἐπ’
490 2381 571 2408 αὐτὸν
587 2380 653 2416 ἔχει.
666 2379 711 2406 Διό
722 2381 769 2407 καὶ
785 2381 799 2407 ὁ
813 2381 896 2415 εὐαγ-

108 2429 232 2464 γελιστὴς
257 2429 317 2455 ἀντὶ
344 2427 390 2454 τοῦ
412 2427 484 2453 «ὑπὸ
507 2437 515 2452 ι
531 2427 561 2453 τὸ
585 2435 594 2452 ι
616 2426 703 2462 πρὸς)
723 2426 896 2461 ἀναγέγραφε

108 2474 208 2508 λέγων’
221 2484 229 2499 ι
242 2475 285 2500 Ἐν
302 2474 371 2509 ἀρχῇ
386 2471 420 2508 ἦν
439 2474 453 2499 6
467 2472 561 2507 Λόγος,
582 2472 629 2498 καὶ
650 2473 664 2498 6
681 2471 764 2506 Λόγος
779 2470 812 2507 ἦν
827 2472 894 2507 πρὸς

107 2517 152 2546 τὸν
168 2518 243 2551 Θεὸν,
261 2519 307 2545 καὶ
330 2519 395 2550 Θεὸς
412 2515 446 2553 ἦν
464 2518 478 2544 6
500 2517 595 2551 Λόγος,
614 2527 622 2543 ι
642 2516 746 2544 Οὐκοῦν
773 2516 893 2544 ἰσοδύναι-

111 2565 158 2600 μὸν
177 2565 244 2595 ἐστι,
266 2565 312 2591 καὶ
334 2563 394 2590 καθ’
416 2563 445 2590 ἓν
465 2564 664 2599 σημαινόμενον
690 2562 893 2598 ἐπαναστρὲφον

109 2611 147 2641 τὸ,
157 2611 218 2642 ὑπὸ,
228 2611 276 2637 καὶ
289 2610 367 2646 πρὸς,
383 2609 454 2636 κατά
468 2609 597 2645 πρόθεσιν
610 2607 656 2635 τοῦ
666 2608 796 2643 ὀνόματος
810 2616 894 2643 προσ-

110 2666 230 2692 κειμενα.

143 2745 164 2761 ²¹
183 2745 260 2772 Joan.
280 2753 308 2777 ι,
327 2746 352 2773 Ι.

145 2793 198 2829 (39)
215 2794 382 2829 Anglicanus
398 2794 485 2826 solus,
501 2802 580 2828 quem
597 2794 721 2828 sequitur
739 2793 804 2821 edit.
818 2793 893 2820 Pario

112 2829 207 2863 sicns.,
223 2828 431 2861 ἀποϐλέποντες.
456 2829 525 2856 Ειιίι.
555 2831 658 2857 Comm.
686 2833 712 2857 et
738 2829 799 2860 alii,
830 2828 890 2863 βλέ-

111 2872 215 2895 τωντες.

147 2899 201 2933 (40)
222 2900 337 2934 Anglic,
355 2900 384 2926 τὸ
400 2898 542 2926 ἀλλοιωτὸν

947 2283 1148 2316 exsistentiam,
1165 2283 1216 2311 sub
1231 2283 1264 2310 iis
1279 2290 1339 2318 quae
1361 2290 1422 2310 esse
1439 2282 1527 2317 ipsius
1549 2282 1732 2309 constituunt.

948 2329 1014 2356 Nam
1041 2329 1207 2365 hypostasis,
1231 2328 1380 2356 secundum
1399 2327 1599 2363 etymologiam,
1616 2327 1734 2363 explica-

946 2381 990 2403 tur
1001 2376 1220 2403 subexsistentia.
1249 2375 1388 2410 Siquidem
1416 2374 1509 2406 Pater,
1533 2378 1625 2409 utpote
1642 2382 1731 2407 mens,

946 2426 1080 2457 quatenus
1093 2427 1134 2450 est
1146 2422 1228 2458 geniti
1246 2430 1339 2456 causa,
1355 2422 1434 2457 quasi
1450 2423 1570 2457 genitum
1588 2422 1687 2450 Filium
1702 2423 1729 2450 in

947 2477 976 2496 se
988 2469 1079 2497 habet.
1090 2470 1271 2503 Quamobrem
1290 2470 1466 2506 evangelista,
1482 2469 1564 2504 hujus
1572 2469 1648 2497 vocis
1659 2470 1730 2502 loco,

947 2515 999 2542 ὑπό
1015 2515 1054 2551 [id
1073 2521 1114 2543 est
1128 2525 1137 2542 ι
1150 2515 1230 2552 suln]
1243 2516 1309 2551 πρός
1325 2516 1363 2552 [id
1378 2520 1420 2544 est
1433 2525 1442 2541 ε
1455 2515 1554 2551 apud]:
1568 2515 1731 2550 conscripsit

946 2561 1041 2590 dicens
1055 2571 1060 2588 :
1073 2572 1082 2588 ‹
1093 2561 1122 2589 lu
1137 2563 1273 2598 principio
1284 2567 1342 2590 erat
1354 2563 1484 2594 Verbum.
1500 2567 1527 2590 et
1541 2563 1659 2591 Verbum
1673 2566 1731 2590 erat

943 2608 1014 2642 apud
1034 2608 1129 2640 Deum,
1146 2613 1173 2636 et
1189 2609 1259 2637 Deus
1273 2614 1331 2636 erat
1342 2609 1459 2637 Verbum
1472 2610 1504 2636 ".
1522 2619 1531 2636 ι
1549 2609 1621 2637 Idem
1638 2610 1731 2645 itaque

943 2654 996 2681 sibi
1011 2655 1079 2686 vult,
1107 2660 1135 2682 et
1159 2656 1191 2683 ad
1216 2663 1297 2683 unam
1317 2656 1492 2690 earudemque
1505 2656 1729 2691 signiﬁcationem

942 2700 1022 2733 redit,
1037 2701 1099 2734 ὑπό,
1114 2705 1141 2729 et
1157 2702 1236 2738 πρός,
1253 2709 1314 2729 cum
1330 2702 1434 2729 nomini
1448 2702 1597 2730 adduntur.

978 2795 1037 2835 μί)
1052 2794 1090 2822 lla
1102 2795 1219 2830 Anglic.,
1237 2799 1320 2822 rcctc.
1337 2793 1407 2823 Editi
1425 2802 1499 2828 vero,
1524 2794 1582 2830 ἅμα
1609 2793 1657 2821 τοῦ
1682 2792 1729 2822 τὸν

946 2839 1018 2857 νουν.

983 2865 1039 2901 (42)
1055 2865 1172 2901 Anglic.,
1187 2865 1355 2900 γεγέννηται.
