1940 3067
204 128 257 157 925

204 233 392 260 exsistentiam
408 232 522 262 habens,
538 238 589 258 nec
610 230 670 258 sine
683 230 772 262 Patre,
792 229 839 257 sed
855 229 925 263 apud
940 228 991 254 Pa-

205 282 273 306 trem
296 285 401 313 semper
416 278 565 308 exsistens,
584 284 673 311 neque
697 276 778 302 aliam
805 282 885 310 quam
903 274 992 301 Patris

205 324 371 351 voluntatem
394 324 509 354 habens,
532 330 623 357 neque
647 323 727 349 aliam
753 326 927 356 potestatem,
950 321 990 347 vel

206 369 404 405 operationem,
415 373 444 395 ut
455 376 543 403 neque
558 369 638 394 aliam
655 367 852 399 substantiam;
868 367 913 394 sed
929 375 991 393 cum

206 415 298 442 omnia
313 421 481 449 quzecunque
504 413 584 441 Pater
599 414 690 444 habet,
711 413 810 440 haheat
825 417 851 440 et
876 413 933 448 ipse
948 413 992 439 Fi-

207 460 270 491 lius,
284 460 526 487 eonsubstantialis
537 463 579 486 est
590 458 664 485 Patri
680 463 707 485 et
717 458 841 493 Spiritui.
857 457 905 485 Hic
916 459 991 493 juxta

206 509 348 540 paternum
362 506 518 536 consilium,
533 504 675 539 antiquum
691 510 771 538 atque
780 511 884 535 verum,
899 507 992 538 utpote

207 551 297 585 magni
308 551 414 577 consilii
426 550 516 577 Patris
528 550 651 584 angelus,
665 549 798 576 mirabilis
807 549 990 581 consiliarius,

208 597 254 631 qui
272 597 336 623 olim
355 600 385 623 ut
402 596 520 623 Verbum
542 595 633 622 Patris
651 596 829 622 multifariam
846 595 992 629 multisque

208 643 411 670 niodislocutus
424 648 466 670 cst
482 643 608 678 patribus
622 643 648 668 in
662 642 818 677 prophetis;
835 641 992 668 novissimis

208 688 304 715 diebus
319 688 372 720 his,
401 689 508 716 locutus
524 692 566 716 est
583 688 673 719 nobis,
693 688 853 714 incarnatus
867 691 894 714 et
912 687 992 713 homo

209 734 297 760 factus
314 743 319 759 :
337 734 393 767 qui,
412 737 441 759 ut
457 733 512 763 ait,
529 736 556 760 et
570 732 669 760 saecula
683 731 763 760 fecit:
781 739 835 758 non
853 731 925 766 quod
940 731 993 758 diis

209 778 370 813 quibusdam
388 778 554 814 portentosis
575 786 651 806 suam
667 778 864 812 providentiam
879 777 994 804 commi-

211 824 286 856 serit,
303 829 331 851 ut
347 825 422 851 aiunt
433 824 551 857 ethnici;
563 824 610 851 sed
626 825 683 858 ipse
696 823 781 851 Filius
795 832 828 850 ex
843 823 932 850 Patris
946 824 993 850 be-

769 125 798 152 S.
820 121 1049 151 ATHANASIUS.
1068 137 1102 143 —
1120 121 1253 149 SPUBIA.

241 186 268 215 5.
285 186 369 223 Igitur
391 175 541 217 ὑπόστασις
561 188 604 213 est
627 182 726 216 Filius,
749 184 829 219 quasi
845 184 897 211 sub
913 183 992 210 Patre
1007 185 1030 213 Α

1772 120 1834 147 926

1079 182 1104 208 5.
1125 182 1286 212 ’Υππόστασις
1299 180 1388 206 τοίνυν
1404 180 1476 206 ἐστὶν
1492 181 1505 206 6
1518 178 1590 211 Υἱὸς,
1619 180 1656 211 ὡς
1669 178 1720 205 ὑπό
1735 187 1762 205 τι
1779 179 1833 205 τὸν

1045 227 1153 262 Πατέρα
1179 227 1271 253 στάσιν
1286 226 1365 261 ἔχων,
1387 226 1434 252 καὶ
1448 225 1477 251 οὐ
1495 226 1577 260 χωρὶς
1592 224 1638 251 τοῦ
1655 224 1760 260 Πατρὸς
1777 224 1833 255 ὢν,

1044 273 1111 300 ἀλλὰ
1125 273 1192 308 πρὸς
1205 274 1249 298 τὸν
1263 272 1371 308 Πατέρα
1383 272 1426 298 ἀεὶ
1440 271 1477 298 ὢν
1487 280 1494 286 ·
1507 272 1552 298 καὶ
1567 270 1626 297 οὔτε
1642 270 1746 306 Θέλημα
1762 270 1835 296 ἄλλο

1045 318 1120 353 παρὰ
1136 318 1182 344 τοῦ
1202 317 1308 352 Harpe;
1333 317 1412 352 ἔχων,
1438 317 1499 343 οὔτε
1523 317 1574 352 μὴν
1591 317 1702 351 δύναμιν
1719 316 1834 352 ἑτέραν,

1044 363 1105 390 οὔτε
1133 365 1184 399 μὴν
1201 364 1349 399 ἐνέργειαν,
1377 364 1414 396 ὡς
1443 364 1502 390 οὐδὲ
1526 363 1607 397 ἄλλην
1634 363 1737 396 οὐσίαν,
1762 363 1840 389 ἀλλὰ

1045 410 1144 440 πάντα,
1171 411 1220 436 ὅσα
1238 410 1293 445 ἕχει
1318 411 1332 436 6
1351 410 1456 445 Πατὴρ,
1474 410 1542 444 ἔχων
1559 409 1606 435 καὶ
1632 401 1711 440 aia-16';
1726 410 1740 435 6
1755 409 1838 442 Υἱὸς,

1044 456 1184 490 ὀμοοὺσιός
1199 456 1257 482 ἐστι
1284 455 1323 490 τῷ
1349 456 1436 491 Πατρὶ
1460 456 1507 482 καὶ
1521 455 1560 490 τῷ
1581 454 1729 490 Πνεύματι.
1747 453 1838 487 Οὗτος

1046 501 1114 527 κατά
1124 501 1258 536 πατρικὴν
1274 501 1369 536 βουλὴν
1384 501 1498 536 ἀρχαίαν
1514 501 1561 527 καὶ
1574 500 1711 535 ἀληθινὴν,
1726 501 1763 531 ὡς
1775 509 1831 535 με-

1045 546 1130 580 γάλης
1153 545 1248 581 βουλῆς
1265 547 1369 581 Πατρὸς
1385 545 1506 580 ἄγγελος,
1535 545 1688 581 θαυμαστὸς
1705 546 1830 581 σύμϐου-

1044 591 1099 623 λος,
1113 593 1159 618 καὶ
1176 592 1268 624 πάλαι,
1279 593 1317 623 ὡς
1331 592 1414 626 Λόγος
1422 591 1469 618 τοῦ
1485 592 1599 627 Πατρὺς,
1609 592 1768 627 πολυμερῶς
1778 592 1829 618 καὶ

1044 638 1220 673 πολυτρόπως
1241 638 1358 673 λαλήσας
1374 639 1430 669 τοῖς
1449 638 1581 673 πατράσιν
1597 639 1625 664 ἐν
1640 640 1696 669 τοῖς
1715 638 1820 673 προφή-

1044 691 1113 714 ταις,
1130 684 1171 709 ὲπ¹
1181 684 1302 718 ἐσχάτων
1315 683 1368 709 τῶν
1384 683 1493 718 ἡμερῶν
1504 683 1605 710 τούτων
1613 683 1743 718 ἐλάλησεν
1758 684 1829 718 ἡμῖν

1046 728 1196 762 σαρκωθεὶς
1213 729 1259 754 καὶ
1269 728 1488 763 ὲνανθρωπήσας,
1499 727 1538 759 ὃς,
1556 728 1630 762 φησὶ,
1646 728 1767 758 καὶτοὺς
1786 729 1833 753 αἱ-

1046 773 1117 804 ὦνας
1133 773 1273 808 ἐποίησεν·
1291 773 1320 800 οὐ
1339 773 1408 805 θεοῖς
1422 781 1475 799 τισι
1498 772 1718 808 τερατευομένοις
1741 773 1836 809 ἐγχει-

1048 819 1133 855 ρήσας
1147 819 1194 855 τὴν
1207 820 1288 847 αὑτοῦ
1302 820 1438 855 πρόνοιαν,
1449 820 1519 846 καθά
1534 828 1613 854 φασιν
1621 819 1757 855 Ἕλληνες,
1772 818 1833 845 ἀλλ’

211 869 358 904 neplzucito,
374 873 400 895 et
418 867 536 903 Spiritus
555 869 644 896 sancti
660 869 864 904 cooperatioue,
886 876 994 895 omnem

1050 865 1125 896 ιὺτὺς
1137 866 1151 891 6
1168 865 1231 896 Υἱὸς
1257 866 1365 901 εὐδοκία
1384 865 1430 891 τοῦ
1447 865 1553 901 Πατρὸς
1570 866 1615 892 καὶ
1629 865 1770 901 συνεργείᾳ
1782 865 1833 892 τοῦ

212 921 302 941 rerum
323 914 520 949 providentiam
550 915 696 950 acceperit.
714 914 854 949 Siquidem
878 921 998 940 commu-

211 960 321 987 nionem
337 959 486 987 ostendens
498 959 622 994 ejusdem
635 964 662 987 et
676 960 758 987 unius
770 959 947 995 providentiae
957 962 998 985 at-

211 1013 265 1040 que
272 1006 440 1040 operationis
451 1006 489 1032 ait
500 1015 506 1032 :
517 1015 526 1031 (
538 1005 619 1033 Pater
629 1014 706 1033 meus
719 1013 805 1040 usque
813 1005 894 1031 modo
902 1011 998 1040 opera-

212 1056 267 1082 tur,
279 1055 305 1078 et
312 1059 361 1086 ego
375 1059 473 1086 operor
485 1051 519 1078 ".
539 1061 548 1077 ι
559 1051 617 1078 Νοιι
628 1052 700 1079 enim
713 1050 863 1078 secundum
876 1050 956 1076 aliam
971 1053 998 1077 et

213 1096 294 1123 aliain
304 1097 499 1131 providentiam
509 1096 588 1124 Pater
597 1101 623 1124 et
636 1096 722 1123 Filius
730 1101 889 1131 operantur,
899 1096 946 1123 sed
955 1104 998 1123 se-

213 1142 334 1170 cundum
350 1150 431 1169 unam
449 1146 530 1177 atque
541 1142 663 1169 eamdem
674 1142 882 1169 substantialem
899 1141 999 1168 divini-

213 1188 279 1215 tatis
291 1188 484 1222 operationem.
497 1197 506 1213 ι
519 1187 639 1220 Quicum
649 1188 684 1215 sit
700 1198 709 1214 ι
719 1189 759 1224 (ut
774 1188 811 1214 ait
820 1189 916 1214 iterum
930 1195 999 1222 prae-

213 1239 248 1260 co
260 1232 316 1268 ille)
327 1241 336 1257 ‹
347 1232 476 1267 splendor
491 1233 583 1267 gloria:
594 1237 621 1260 et
629 1233 713 1268 ﬁgura
729 1234 888 1261 substantiae
904 1233 995 1267 eius,»

215 1278 358 1316 palamque
367 1278 448 1305 etiam
458 1282 500 1305 est
508 1283 534 1305 et
545 1278 634 1306 Patris
645 1288 652 1306 :
664 1279 788 1314 feratque
801 1288 810 1304 ι
821 1279 910 1306 omnia
917 1278 997 1313 337

213 1323 298 1350 verbo
313 1323 424 1350 virtutis
438 1323 535 1358 ipsius,
551 1324 743 1360 purgationem
759 1329 935 1359 peccatorum
949 1332 999 1351 no-

215 1373 336 1396 strorum
360 1368 474 1401 faciens,
488 1370 564 1397 sedet
580 1370 608 1396 in
623 1370 736 1396 dextera
750 1370 950 1405 magnitudinis
971 1371 998 1397 in

215 1413 332 1442 excelsis
344 1413 395 1441 ³³.)
406 1414 562 1443 Conversus
577 1419 667 1442 autent
679 1422 769 1442 sermo
780 1415 808 1442 in
819 1416 941 1442 eamdem
957 1423 1000 1442 re-

214 1459 282 1486 cidit
295 1459 497 1495 cogitationem,
512 1461 713 1488 considerando
739 1461 844 1488 scilicet
875 1461 1000 1496 splendo-

215 1513 284 1538 rem,
310 1506 389 1540 quasi
417 1506 523 1533 radium
550 1514 584 1533 ex
607 1510 664 1533 toto
690 1506 747 1533 sole
775 1510 865 1533 ortum
882 1526 890 1540 ,
920 1506 998 1541 quasi

216 1552 321 1580 scilicet
336 1560 370 1580 ex
385 1552 462 1580 disco
484 1556 571 1580 totum
589 1553 673 1580 solem
690 1552 848 1580 continente
867 1553 998 1585 oriretur,

217 1597 395 1626 indiscretum
425 1597 526 1625 habere
551 1597 706 1632 fulgorem;
741 1602 768 1625 et
786 1599 912 1633 ﬁguram,
940 1606 1001 1626 esse

216 1643 402 1671 ostensionem
426 1643 587 1671 substantim
607 1644 692 1676 illius,
719 1651 767 1678 per
793 1651 875 1678 quam
899 1643 1000 1679 figura-

216 1693 271 1716 ιιιΓ.

252 1734 278 1761 ὃ.
290 1734 521 1767 Quemadmodum
532 1735 602 1761 enim
619 1735 712 1762 annuli
742 1735 881 1770 signatorii
906 1735 1002 1763 chara-

217 1783 275 1806 cter
284 1779 433 1814 impressus
453 1780 576 1807 eamdem
586 1781 666 1807 habet
674 1789 831 1816 expressam
847 1781 1000 1816 imaginem,

216 1834 278 1860 quae
291 1826 372 1852 etiam
387 1827 506 1861 sigillum
517 1833 698 1861 nuncupatur,
717 1835 830 1862 qumque
853 1828 1001 1854 secundum

218 1870 399 1898 substantiam
415 1871 442 1897 in
459 1871 532 1898 nullo
544 1871 650 1904 deficit;
666 1872 703 1898 ita
717 1880 824 1907 quoque
832 1871 916 1899 Filius
926 1880 1002 1900 eunt-

218 1915 280 1943 dem
293 1923 372 1950 quem
386 1915 466 1943 Pater
478 1916 529 1944 fert
543 1917 737 1945 characterem.
754 1917 845 1952 Neque
858 1918 930 1945 enim
938 1919 1003 1946 cha-

219 1966 307 1989 racter
330 1970 476 1997 expressus
506 1963 603 1994 variat,
630 1962 677 1990 sed
706 1963 873 1991 invariabilis
899 1969 1000 1997 manet,

217 2008 294 2042 juxta
305 2016 363 2035 eam
379 2016 438 2043 qua:
457 2009 483 2050 in
502 2009 602 2035 annulo
612 2013 653 2036 est
673 2008 796 2044 figuram,
822 2011 879 2037 sive
899 2010 926 2037 in
941 2019 1003 2038 cera

220 2053 277 2082 sive
289 2054 316 2081 in
331 2063 399 2081 auro
415 2055 593 2089 exprimatur,
609 2062 659 2090 pro
677 2055 783 2082 ratione
795 2056 863 2091 regii
877 2056 1000 2084 denarii:

219 2105 246 2128 et.
260 2101 299 2127 sic
311 2101 401 2127 divina
414 2100 474 2127 Filii
487 2101 571 2136 ﬁgura
587 2101 748 2128 substantiae
764 2101 854 2130 Patris
880 2103 1002 2130 invaria-

219 2145 273 2174 bile
285 2146 403 2181 sigillum
427 2151 486 2179 est;
519 2150 547 2173 et
575 2146 666 2174 ferens
682 2148 772 2173 omnia
793 2148 876 2175 verbo
894 2149 1002 2176 virtutis

1049 912 1126 945 ἁγίου
1143 911 1300 946 Πνεύματος
1314 912 1402 938 πᾶσαν
1412 911 1461 947 τὴν
1472 912 1526 937 τῶν
1537 911 1620 937 ὅντων
1631 911 1757 946 πρόνοιαν
1768 911 1838 937 ἁνα-

1047 957 1215 992 δεδεγμὲνος.
1231 957 1360 992 Ἐπείπερ
1375 957 1422 983 καὶ
1431 957 1464 983 τὸ
1475 957 1561 984 κοινὸν
1575 956 1776 992 ἐνδεικνύμενος
1785 957 1840 992 τῆς

1047 1003 1132 1038 αὐτῆς
1151 1003 1198 1030 καὶ
1215 1003 1278 1038 μιᾶς
1302 1003 1429 1038 προνοίας
1446 1003 1494 1030 καὶ
1507 1003 1655 1039 ἐνεργείας,
1673 1003 1769 1038 φησίν·
1784 1013 1794 1029 ι
1806 1003 1838 1030 '0

1047 1050 1141 1086 Πατήρ
1163 1058 1214 1084 μου
1242 1049 1294 1081 ἕως
1309 1049 1372 1084 ἄρτι
1388 1049 1542 1085 ἐργάζεται,
1557 1049 1635 1084 κάγὼ
1644 1049 1809 1087 ἐργάζομαι.
1824 1058 1835 1075 ι

1048 1096 1114 1122 Οὐδὲ
1127 1095 1180 1131 γὰρ
1200 1094 1271 1121 κατὰ
1286 1095 1367 1130 ἀλλην
1391 1095 1437 1122 καὶ
1461 1095 1543 1131 ἀλλην
1559 1095 1686 1130 πρόνοιαν
1701 1095 1714 1121 6
1739 1094 1839 1130 Πατὴρ

1048 1143 1094 1168 καὶ
1108 1142 1171 1173 Υἱὸς
1187 1142 1341 1177 ἐργάζεται,
1360 1141 1427 1168 ἀλλὰ
1448 1141 1518 1168 κατὰ
1538 1141 1601 1176 μίαν
1625 1141 1671 1168 καὶ
1686 1141 1735 1176 τὴν
1750 1141 1838 1176 αὐτὴν

1049 1187 1161 1223 οὐσιώδη
1170 1188 1219 1223 τῆς
1227 1188 1351 1223 Θεότητος
1362 1188 1510 1223 ἐνέργειαν.
1519 1196 1528 1213 ‹
1543 1188 1591 1219 ’ος
1601 1187 1638 1214 ὢν
1650 1197 1659 1213 ι
1671 1187 1717 1222 (ὡς
1729 1187 1776 1214 καὶ
1784 1186 1839 1216 πά-

1048 1233 1088 1260 λιν
1102 1235 1182 1269 φησιν
1195 1235 1208 1260 6
1220 1233 1316 1269 κήρυξ)
1336 1243 1346 1258 ι
1371 1233 1539 1268 ἀπαύγασμα
1557 1233 1606 1268 τῆς
1626 1233 1713 1268 δόξης,
1729 1233 1776 1258 καὶ
1787 1241 1837 1268 χα-

1050 1280 1155 1315 ρακτὴρ
1164 1280 1212 1314 τῆς
1220 1279 1393 1310 ὑποστάσεως
1400 1279 1483 1306 αὑτοῦ
1502 1289 1510 1304 ι
1527 1279 1613 1314 (δῆλον
1623 1279 1651 1305 δὲ
1665 1279 1711 1305 καὶ
1723 1278 1773 1313 τῆς
1787 1277 1836 1305 τοῦ

1049 1324 1174 1360 Πατρὸς),
1186 1325 1276 1360 φέρων
1294 1333 1325 1351 τε
1341 1334 1349 1350 ι
1360 1325 1394 1351 τὰ
1411 1324 1499 1351 πάντα
1514 1325 1552 1359 τῷ
1567 1325 1668 1360 ῥήματι
1686 1325 1735 1359 τῆς
1753 1323 1836 1350 δυνά-

1051 1379 1123 1406 μεως
1135 1369 1227 1401 αὐτοῦ,
1236 1369 1404 1406 καθαρισμὸν
1411 1369 1465 1396 τῶν
1476 1370 1616 1405 ἁμαρτιῶν
1628 1370 1705 1406 ἡμῶν
1717 1370 1834 1404 ποιησά-

1051 1424 1140 1450 μενος,
1157 1416 1280 1442 ἐκάθισεν
1301 1416 1328 1442 ὲν
1348 1415 1422 1450 δεξιᾷ
1437 1416 1487 1451 τῆς
1506 1415 1702 1451 μεγαλωσύνης
1717 1415 1745 1440 ἐν
1764 1414 1836 1450 ὑψη-

1049 1461 1114 1492 λοῖς.
1127 1470 1135 1486 ι
1147 1461 1335 1496 Ἀναστρέφων
1351 1461 1379 1487 δὲ
1392 1461 1438 1487 καὶ
1452 1459 1529 1492 αὖθις
1542 1461 1558 1487 6
1570 1460 1649 1494 λόγος
1658 1481 1665 1493 ,
1675 1461 1714 1491 εἰς
1722 1459 1770 1494 τὴν
1785 1459 1836 1486 αὐ-

1050 1506 1099 1541 τὴν
1119 1506 1222 1532 ἔννοιαν
1238 1507 1441 1540 ὲπισυνάγεται,
1457 1505 1639 1542 περιϐλέπων,
1650 1505 1691 1532 ὃτι
1705 1505 1734 1531 τὺ
1745 1505 1837 1532 ἀπαύ-

1051 1560 1155 1587 γασμα,
1167 1551 1204 1583 ὡς
1220 1552 1297 1578 at:th
1315 1551 1454 1587 πανήλιος,
1470 1551 1508 1584 ὼς
1534 1553 1566 1579 ὲκ
1588 1552 1680 1579 δίσκου
1703 1553 1836 1587 πανηλίου

1052 1598 1211 1625 ἀδιάστατον
1229 1597 1284 1633 ἔχει
1297 1598 1346 1634 τὴν
1362 1598 1502 1633 ἔλλαμψιν,
1526 1598 1573 1625 καὶ
1598 1599 1739 1634 χαρακτὴρ
1755 1598 1837 1625 ἐνδει-

1053 1643 1093 1676 ξίς
1107 1644 1148 1676 τίς
1174 1652 1232 1670 εστι
1246 1644 1295 1679 τῆς
1311 1644 1495 1676 ὑποστάσεως,
1510 1644 1543 1670 δι’
1556 1642 1589 1679 ἧς
1609 1645 1655 1670 καὶ
1671 1645 1838 1680 χαρακτηρί-

1052 1689 1136 1721 ζεται.

1087 1735 1112 1762 6.
1140 1735 1184 1766 Ὠς
1199 1733 1254 1762 οἷον
1270 1734 1325 1770 γὰρ
1346 1735 1415 1762 κατὰ
1440 1734 1581 1761 δακτυλίου
1602 1735 1744 1770 χαρακτὴρ
1758 1735 1837 1761 ὲντυ-

1053 1774 1204 1815 πούμενος,
1220 1781 1251 1807 τὸ
1271 1780 1337 1807 αὐτὸ
1355 1780 1521 1815 ἐκτὺπωμα,
1541 1780 1555 1806 6
1575 1781 1622 1806 καὶ
1644 1780 1837 1816 ὲκσφράγισμα

1053 1826 1240 1862 ἑρμηνεύεται,
1255 1827 1337 1862 μηδὲν
1348 1827 1377 1852 ἐν
1388 1827 1443 1857 τοῖς
1458 1827 1516 1852 κατ’
1529 1826 1621 1852 οὐσίαν
1636 1825 1756 1852 ἐλλεῖπον
1770 1826 1835 1861 ἔχει·

1051 1872 1136 1904 οὕτως
1146 1873 1160 1899 6
1171 1873 1233 1903 Υἱὸς
1245 1873 1289 1899 τὸν
1302 1872 1381 1899 αὑτὸν
1394 1874 1554 1908 χαρακτῆρα
1566 1873 1613 1898 τοῦ
1626 1872 1732 1907 Πατρὺς
1747 1873 1834 1908 φέρει.

1052 1918 1118 1945 Οὐδὲ
1136 1918 1190 1953 γὰρ
1209 1918 1391 1953 παραλλάσσει
1425 1918 1439 1944 6
1461 1918 1603 1953 χαρακτὴρ
1627 1918 1835 1953 ἐκτυπούμενος,

1052 1964 1108 1991 ἀλλ’
1126 1965 1333 2000 ἀπαράλλακτος
1352 1964 1436 2000 μένει,
1450 1964 1520 1991 κατὰ
1535 1964 1579 1990 τὸν
1596 1964 1682 1994 αὐτὸν¹
1692 1965 1721 1991 ἐν
1736 1964 1774 1999 τῷ
1788 1964 1836 1992 δα-

1052 2009 1152 2044 κτυλίῳ
1165 2010 1336 2045 χαρακτῆρα,
1355 2009 1383 2036 ἐν
1398 2017 1427 2035 τε
1450 2008 1526 2044 κηρῷ
1542 2009 1589 2035 καὶ
1603 2017 1694 2044 χρυσῳ
1710 2009 1836 2035 ἐκτυπού-

1055 2063 1132 2089 μενος
1147 2055 1218 2081 κατὰ
1231 2055 1260 2081 τὸ
1279 2055 1414 2090 βασιλικὸν
1429 2055 1554 2090 δηνάριον
1564 2063 1571 2070 ·
1588 2055 1634 2081 καὶ
1644 2054 1729 2086 οὓτως
1744 2056 1758 2080 6
1768 2054 1836 2087 θεῖος

1052 2100 1246 2136 χαρακτὴρτοῦ
1255 2099 1323 2127 Υἱοῦ-
1332 2101 1381 2135 τῆς
1393 2100 1440 2127 τοῦ
1453 2101 1558 2136 Ματρὸς
1568 2101 1741 2132 ὑποστάσεως
1750 2100 1836 2136 ἀπαρ-

1053 2146 1182 2178 άλλακτος
1216 2147 1332 2182 σφραγίς
1356 2148 1430 2179 ἐστι,
1456 2147 1502 2172 καὶ
1525 2146 1614 2181 φέρων
1636 2146 1671 2173 τὰ
1693 2146 1780 2172 πάντα
1798 2146 1836 2181 τῷ

220 2199 286 2224 suae,
304 2191 452 2218 secundum
465 2192 553 2227 ipsum
563 2192 703 2226 proprium
713 2200 792 2218 suum
803 2193 998 2227 characterem,

1053 2193 1154 2228 ῥήματι
1176 2193 1225 2226 τ’ἠς
1247 2193 1388 2228 δυνάμεως
1407 2192 1489 2219 αὐτοῦ
1501 2213 1509 2225 ,
1534 2193 1593 2219 κατ’
1617 2192 1695 2219 αὑτὸν
1713 2192 1758 2218 τὸν
1773 2191 1836 2218 ἴδιον

218 2243 328 2265 carnem
345 2238 422 2272 quasi
439 2245 545 2265 ceream
564 2236 592 2264 in
612 2245 642 2265 se
658 2237 788 2272 suscepit,
798 2245 911 2273 eamque
923 2239 949 2265 in
958 2247 1001 2266 se-

219 2283 333 2318 metipso
347 2283 500 2318 obsignavit
515 2283 588 2318 (quae
604 2291 648 2310 res
662 2291 727 2311 sane
743 2291 831 2318 neque
848 2284 1002 2318 impossibi-

219 2329 265 2362 lis,
281 2337 367 2364 neque
383 2330 548 2357 incredibilis
565 2329 635 2365 est);
651 2333 680 2356 ut
696 2333 817 2364 tempore
825 2333 943 2364 paterna:
955 2338 1001 2358 vo-

220 2375 345 2407 luntatis,
363 2378 393 2402 ut
416 2375 557 2403 character
577 2374 720 2410 (siquidem
741 2378 767 2402 et
784 2375 924 2402 character
949 2376 1001 2411 est)

219 2420 433 2449 lncarnatiouem
451 2422 478 2448 in
487 2429 516 2449 se
531 2422 703 2457 exprimeret,
716 2421 762 2447 illa
776 2428 841 2448 usus
852 2421 929 2456 quasi
939 2428 1001 2448 cera

219 2467 262 2495 vel
278 2475 343 2494 auro
360 2477 366 2494 :
383 2467 599 2502 quandoquidem
612 2471 697 2495 totum
706 2468 863 2503 mysterium
878 2466 1000 2504 ineﬂ‘abi-

220 2514 254 2540 lis
286 2514 359 2540 illius
372 2517 399 2540 et
414 2513 615 2548 inexplicabilis
632 2513 830 2541 lncarnationis
856 2513 1000 2540 subosten-

221 2559 271 2587 dit.
285 2559 352 2586 Nam
366 2559 432 2586 illud
445 2560 527 2586 etiam
539 2567 612 2587 nunc
627 2559 762 2587 ineffabile
775 2563 802 2587 et
819 2558 1001 2586 inenarrabile

222 2613 323 2641 manet,
336 2608 371 2635 ob
387 2608 521 2635 rationem
549 2607 701 2641 crescendi,
716 2607 850 2643 siquidem
870 2606 1002 2641 gradibus

223 2654 385 2690 quibusdam
403 2654 530 2690 dogmata
543 2653 687 2687 tradimus,
704 2661 791 2689 neque
801 2660 855 2681 uno
867 2656 1003 2680 momento

263 2745 284 2760 “
306 2744 385 2772 Joan.
402 2753 428 2778 ν,
447 2744 492 2771 Π.
529 2744 551 2760 ³³
571 2743 654 2772 Hebr.
674 2751 700 2776 ι,
719 2744 745 2771 3.

265 2822 320 2858 (45)
334 2822 452 2857 Anglia,
463 2820 534 2848 καθὰ
548 2821 594 2848 καί
605 2821 634 2847 τὸ
653 2821 722 2847 Sim.

1054 2241 1232 2274 χαρακτῆρα,
1250 2239 1297 2274 τὴν
1319 2239 1356 2271 ὡς
1370 2239 1485 2275 κηρίνην
1501 2240 1587 2275 σάρκα
1610 2240 1649 2270 εὶς
1672 2238 1766 2265 ἑαυτὸν
1793 2239 1835 2267 ﬁve

1054 2285 1161 2317 εδέξατο
1186 2286 1411 2320 ὲντυπωσάμενος
1432 2285 1516 2321 αὐτὴν
1532 2286 1560 2312 ὲν
1582 2284 1670 2319 ἐαυτῷ
1689 2284 1760 2319 (οὐδὲ
1782 2284 1834 2320 γὰρ

1054 2330 1182 2357 ἀδύνατον
1196 2331 1284 2363 τοῦτο,
1297 2332 1357 2358 οὐδὲ
1379 2332 1432 2367 μὴν
1442 2331 1564 2365 ἄπιστον)
1575 2339 1582 2346 '
1600 2331 1643 2357 ἵνα
1657 2330 1726 2356 κατὰ
1741 2330 1832 2365 καιρὸν

1055 2377 1193 2413 πατρικῆς
1209 2377 1334 2409 εὐδοκίας
1346 2397 1354 2409 ,
1371 2377 1408 2409 ὡς
1436 2376 1578 2413 χαρακτὴρ
1598 2376 1670 2411 (ἐπεὶ
1688 2376 1735 2402 καὶ
1749 2384 1832 2410 χαρα-

1054 2424 1144 2459 κτὴρ)
1167 2423 1308 2460 ὲντυπώσῃ
1334 2425 1362 2450 ἐν
1383 2423 1543 2458 ἑαυτῷτὴν
1566 2423 1716 2458 σάρκωσιν,
1731 2421 1769 2453 ὡς
1783 2422 1831 2456 κή-

1055 2478 1136 2504 ρωσιν
1156 2469 1258 2505 ταύτην
1282 2470 1387 2504 φέρων,
1414 2469 1431 2504 ἦ
1457 2469 1592 2504 χρύσωσιν
1606 2475 1613 2483 °
1637 2468 1699 2494 ἐπεὶ
1727 2467 1774 2494 καὶ
1791 2467 1831 2494 τὸ

1051 2515 1110 2542 ὃλον
1130 2515 1198 2551 (45)
1226 2517 1373 2551 μυστήριον
1399 2515 1596 2550 ὑπεμφαίνεται
1627 2515 1677 2550 τῆς
1707 2513 1831 2548 τοιαύτης

1053 2560 1191 2596 ἁφράστου
1216 2561 1263 2587 καὶ
1283 2560 1482 2596 ἀνερμηνεύτου
1507 2559 1679 2595 σαρκώσεως.
1703 2559 1763 2585 Ἔτι
1779 2558 1831 2594 γὰρ

1054 2607 1102 2633 καὶ
1118 2606 1255 2642 ἄφραστον
1276 2607 1322 2633 καὶ
1337 2607 1535 2642 ἀνερμήνευτον
1552 2605 1627 2639 μένει
1647 2604 1691 2631 διὰ
1706 2604 1736 2631 τὸ
1749 2604 1831 2639 αὐξη-

1054 2646 1129 2679 τῶιόν
1142 2661 1148 2668 '
1164 2653 1277 2688 ἐπείπερ
1299 2653 1345 2680 καὶ
1358 2653 1419 2679 κατ’
1431 2651 1543 2687 αὔξησιν
1566 2649 1773 2687 δογματίζομεν,
1788 2651 1833 2681 καλ
