1940 3067
137 143 191 171 9‘25

596 141 712 169 SERMO
732 140 765 168 IN
785 139 1093 168 ANNUNTIATIONEM
1113 139 1285 167 DEIPARIE.

1703 143 1755 165 9'20

136 201 174 227 οὔ·
194 199 265 227 κατὰ
280 200 311 226 τὸ
332 199 388 235 ἃμα
404 200 454 234 τῆς
478 199 633 235 σφραγῖδος.
655 199 716 226 Ἐπὶ
741 199 789 234 μὲν
804 199 858 234 γὰρ
872 199 916 234 τῆς

974 203 1058 226 totum
1075 198 1255 233 imprimimus
1268 196 1397 232 sigillum.
1411 196 1504 232 Sigillo
1516 195 1598 227 enim,
1612 203 1674 223 cum
1684 196 1755 222 mul-

137 245 295 281 σφραγῖδος,
307 245 365 279 ἄμα
376 253 404 270 τε
421 245 473 280 πρὸ
488 244 590 271 πολλῶν
605 245 652 271 καὶ
663 245 692 270 ὲν
707 244 813 275 πολλοῖς
829 245 923 279 κηροῖς

135 290 248 317 δύναται
264 289 447 324 ἀναφέρεσθαι
459 290 489 316 τὸ
503 288 667 325 ὲκτύπωμα·
683 289 729 315 ἐπὶ
740 289 768 315 δὲ
784 289 833 324 τῆς
848 288 922 320 θείας

136 335 302 371 σαρκώσεως
318 336 366 370 οὐχ
386 335 443 370 ἆμα
455 356 463 368 ,
479 335 547 362 ἀλλὰ
568 336 626 362 κατ’
644 334 758 370 αὖξησιν
777 334 807 361 τὸ
822 334 923 361 τέλειον

133 382 336 416 δογματίζεται.
358 382 442 408 Τοῦτο
458 382 480 407 δ’
496 381 529 408 ἂν
544 382 590 408 καὶ
605 381 768 409 διανοεῖσθαι
783 380 862 408 πάλιν
878 380 924 407 δύ-

133 435 231 461 νηται,
251 427 288 458 ὡς
309 426 335 453 εἴ
355 435 397 458 τις
422 427 478 462 ἔχοι
501 427 652 462 λεπτότητα
672 425 718 453 νοῦ
730 446 737 458 ,
751 427 798 453 καὶ
811 425 921 452 δύναται

132 472 252 499 εἰσδῦναι
273 472 343 499 κατὰ
364 472 462 508 βάθους
476 472 522 500 τοῦ
548 471 664 508 ψυχικοῦ
680 472 856 508 σπειρομένου
874 471 923 498 σώ-

134 527 231 553 ματος,
244 518 291 544 καὶ
306 519 421 545 συνιδεῖν
434 519 579 554 ἀφράστως
592 520 639 546 καὶ
652 518 851 553 ἁνεκλαλήτως,
863 517 921 550 πῶς

132 564 194 590 ἐκεῖ
211 565 393 599 ἐμπίπτοντος
408 565 454 591 τοῦ
469 565 581 600 γονίμου
594 564 761 601 σπέρματος,
775 564 854 596 εὐθὺς
873 564 921 599 μὲν

131 610 180 636 ἐπί
208 619 234 636 τι
253 611 345 645 μόριον
369 610 527 645 συντρέχει,
544 610 614 636 κατὰ
630 610 727 645 μικρὸν
747 609 776 636 δὲ
793 610 839 636 καὶ
861 609 920 635 κατ’

131 657 255 683 ἐπίδοσιν
267 657 317 692 τὴν
332 655 445 691 αὔξησιν
457 655 598 691 λαμόάνει.
615 656 681 682 Οὐδὲ
696 655 750 691 γὰρ
769 655 830 682 οὐδὲ
843 655 922 682 τοῦτο

131 702 180 728 ἐπὶ
196 702 249 728 τῶν
263 701 324 728 καθ’
337 702 411 737 ἡμᾶς
427 701 559 733 λαλεῖται,
581 701 650 736 πλὴν
664 702 704 728 ὅτι
726 701 859 737 φαντασίᾳ
883 700 921 732 ὡς

131 747 292 782 ὑπέμφασις
310 747 414 781 γίνεται
437 747 575 780 ἀλαλήτως
600 747 647 773 καὶ
668 746 830 782 ἀφράστως”
853 745 921 772 ἀλλὰ

131 794 193 820 κατ’
210 793 322 828 αῦξησιν
348 794 396 829 μὲν
415 791 461 820 οὖν
477 794 494 828 ἡ
519 793 578 820 θεία
602 792 649 819 τοῦ
672 792 760 827 Λόγου
783 792 920 828 σάρκωσις

130 839 246 872 γίνεται,
258 839 308 865 οὐκ
318 838 444 871 αΰξοντος
454 838 501 865 τοῦ
513 837 585 866 θείου
598 838 779 874 χαρακτῆρος,
793 838 853 864 οὐδὲ
866 837 920 873 μὴν

131 884 309 917 συναύξοντος
320 893 328 900 ·
345 884 402 911 ἀλλ’
419 884 588 920 ὲπαυξούσης
601 885 652 920 τῆς
670 884 793 920 ἐμψύχου
818 883 919 919 σαρκὸς

131 929 194 956 καθ’
209 930 268 956 ὅλον
286 931 317 956 τὸ
339 931 484 967 πλήρωμα,
502 930 562 957 καθ’
574 930 588 957 δ
601 930 744 966 ἄνθρωπος
757 929 918 962 ἐξιδιάζεται

130 977 179 1002 καὶ
196 978 380 1012 κωφορεῖται,
396 976 444 1003 Διὰ
460 976 538 1003 τοῦτο
552 977 716 1012 ὲννεάμηνος
727 976 801 1012 νόμῳ
818 976 920 1012 ἀνθρω-

130 1020 213 1054 πίνης
234 1021 391 1057 κυοφορίας,
412 1021 558 1049 κάντεῦθεν
576 1022 773 1054 θεοῦπόστατος
789 1021 918 1058 δογματίσ

130 1066 208 1098 ζεται
222 1067 239 1101 ἡ
254 1067 372 1102 Χριστοῦ
388 1067 524 1103 σάρκωσις
535 1087 543 1100 ,
560 1068 607 1094 καὶ
620 1067 746 1103 οὐδαμῶς
771 1067 915 1103 ἀνθρωπο-

130 1112 283 1145 ῡπόστατος
294 1121 300 1128 ·
313 1113 405 1149 ἐπειδὴ
421 1113 491 1140 κατὰ
501 1113 548 1140 τὸν
564 1114 634 1141 θεῖον
650 1115 811 1150 χαρακτῆρα
825 1114 856 1141 τὸ
870 1115 917 1141 ἀν-

130 1158 266 1194 Θρώπινον
282 1159 373 1195 σχῆμα
393 1160 442 1195 τὴν
457 1160 550 1187 στάσιν
566 1160 663 1188 ἑαυτοῦ
685 1161 838 1193 ἀνεδέξατο,
856 1160 917 1187 καθ’

130 1205 228 1231 ἕνωσιν
250 1205 298 1240 μὲν
316 1205 353 1237 ὡς
381 1206 536 1241 πνεύματος
554 1207 623 1242 πρὸς
644 1206 740 1242 ψυχήν.
764 1206 842 1234 Οὕτω
863 1206 918 1242 γὰρ

129 1250 178 1276 δύο
190 1250 220 1276 τέ
242 1251 300 1276 ἐστι
317 1251 364 1278 καὶ
376 1252 425 1286 οὐχ
442 1251 471 1278 ἓν
492 1253 506 1278 ὁ
525 1253 652 1288 Χριστὸς,
675 1253 722 1279 καὶ
737 1251 777 1284 εἷς
796 1253 842 1280 καὶ
857 1252 918 1288 οὐχὶ

129 1295 194 1321 δύοθ
212 1296 258 1321 καὶ
279 1295 326 1322 δύο
344 1296 394 1331 μὲν
409 1297 456 1324 καὶ
470 1298 518 1332 οὐχ
534 1297 563 1324 ἓν
580 1299 638 1324 ἐστι
657 1297 725 1324 κατὰ
741 1298 791 1329 τὰς
804 1298 850 1324 δύο
869 1298 918 1333 φύ-

131 1349 199 1372 σεις,
216 1341 262 1367 καὶ¹
278 1338 318 1372 εἷς
337 1343 382 1368 καὶ
398 1342 459 1378 οὐχὶ
471 1342 517 1369 δύο
530 1343 601 1370 κατὰ
613 1343 663 1379 τὴν
680 1344 744 1380 μίαν
758 1344 916 1370 ὑπόστασιν.

131 1386 178 1412 Διὸ
191 1387 237 1413 καὶ
250 1386 297 1413 δύο
309 1387 358 1422 μὲν
371 1387 511 1424 θελήματα
525 1389 652 1425 λέγομεν,
665 1390 711 1416 καὶ
724 1390 784 1425 οὐχὶ
799 1389 845 1416 δύο
855 1389 918 1422 τοὺς

131 1432 268 1465 Θέλοντας,
286 1433 332 1460 καὶ
347 1433 394 1461 δύο
407 1435 549 1470 ἐνεργείας
564 1436 612 1462 καὶ
628 1435 688 1471 οὐχὶ
702 1436 749 1462 δύο
764 1437 827 1468 τοὺς
840 1437 913 1473 ἐνερ-

129 1477 256 1511 γοῦντας.
277 1479 346 1505 Ἀλλ’
362 1479 410 1506 ἕνα
426 1480 475 1515 μὲν
495 1480 606 1507 Θέλοντα
622 1481 692 1508 κατὰ
704 1481 753 1517 τὴν
770 1481 834 1517 μίαν
849 1481 916 1509 ὑπό-

131 1533 237 1557 στασιν,
251 1525 297 1552 δύο
311 1525 339 1552 δὲ
354 1526 492 1562 θελήματα
508 1527 555 1554 καὶ
567 1526 613 1554 δύο
627 1527 775 1563 ἐνεργείας,
788 1526 858 1554 κατὰ
868 1526 918 1563 τὴν

129 1571 185 1598 τῶν
200 1572 306 1607 φύσεων
323 1572 465 1608 ἰδιολογίαν

165 1661 192 1688 7.
212 1661 255 1687 Ἑν
267 1661 369 1693 τούτοις
381 1659 427 1689 οὖν
437 1662 660 1698 διακηρύττοντες
674 1662 704 1689 τὸ
712 1662 782 1690 Θεῖον
792 1662 841 1698 τῆς
852 1671 918 1698 σαρ-

130 1707 242 1739 κώσεως
269 1708 315 1735 καὶ
339 1708 569 1744 ὲνανθρωπήσεως
591 1710 748 1745 μυστήριον,
768 1709 916 1736 ἅποῦαλλό-

132 1752 200 1787 μεθα
224 1753 274 1784 τὰς
294 1753 349 1779 τῶν
369 1754 514 1789 αἱρετικῶν
537 1754 719 1790 βλασφημίας,
743 1755 802 1781 καθ’
815 1755 849 1787 ἃς
868 1756 915 1781 καὶ¹

130 1798 340 1833 βεΰυθισμένους
350 1800 446 1831 αὐτοὺς
458 1799 716 1836 καταλιμπάνοντες,
730 1801 915 1837 μετερχόμεθα

129 1846 168 1877 εἰς
183 1844 219 1871 τὰ
236 1845 310 1880 παρὰ
325 1845 371 1872 τοῦ
388 1846 579 1880 εὐαγγελιστοῦ
602 1847 833 1884 καθιστοροὺμενα
853 1849 916 1884 περὶ

129 1891 175 1917 τοῦ
189 1891 387 1926 εὑαγγελισμοῦ
398 1892 447 1927 τῆς
458 1892 587 1919 Θεοτόκου
599 1901 645 1919 και
655 1894 765 1929 Μητρὸς
777 1893 824 1920 τοῦ
836 1893 913 1920 Θεοῦ-

129 1937 176 1963 καὶ
190 1937 228 1968 ὡς
240 1937 296 1972 ἔχει
312 1937 476 1970 συντάξεως,
494 1938 709 1974 διεξοδικώτερον
733 1939 913 1975 ἀκουσόμεθα.

130 1983 318 2018 Σημιοὺμεθα
331 1983 362 2019 δὴ
383 1982 439 2016 οὖν,
461 1985 501 2010 ὅτι
524 1984 594 2011 κατὰ
613 1985 707 2020 καιρὸν
722 1985 843 2017 εὐδοκίας
868 1985 914 2011 τοῦ

130 2028 262 2064 πατρικοῦ
280 2029 431 2065 θελήματος
453 2031 499 2056 ἐπὶ
517 2030 712 2066 συμπληρώσει
728 2031 781 2058 τῶν
798 2031 914 2067 ἐϐδομή-

130 2083 210 2100 κοντα
227 2074 381 2109 ἐόδομὰδων
393 2075 491 2111 Δανιὴλ
504 2075 550 2102 τοῦ
563 2077 711 2112 προφήτου,
728 2077 796 2112 μετὰ
805 2077 836 2103 τὸ
847 2078 915 2103 οίκο-

128 2119 276 2155 δομηθῆναι
295 2121 480 2156 Ἰερουσαλὴμ,
492 2122 520 2147 ἐν
531 2121 569 2156 τῷ
583 2121 742 2157 ἐπιστρέψαι
757 2121 804 2157 τὴν
815 2123 914 2157 αἰχμα-

128 2165 227 2192 λωσίαν
259 2166 342 2194 Ἰούδα
369 2167 422 2193 ἀπὸ
451 2167 617 2199 Βαϐυλῶνος,
639 2167 681 2194 διὰ
708 2168 839 2204 Σαλαθιὴλ
866 2169 913 2195 καὶ

134 2211 219 2247 Ἰησοῦ
232 2212 278 2238 τοῦ
291 2213 426 2249 Ἰωσεδὲκ,
437 2214 585 2250 ἀρχιερέων
601 2214 662 2240 τότε
675 2214 827 2250 γενομένων
843 2215 913 2242 κατὰ

127 2258 176 2293 τὴν
189 2258 382 2294 συμπλήρωσιν
397 2259 451 2286 τῶν
465 2260 647 2295 τετρακοσίων
663 2261 821 2295 ἐνενήκοντα
833 2260 910 2293 ἑτῶν,

128 2304 187 2331 κατ’
204 2305 354 2340 ὲφημερίαν
373 2305 511 2342 ῐεραρχίας
530 2306 622 2338 αὐτοῦ,
646 2305 751 2340 εἰσῆλθε
776 2307 912 2341 Ζαχαρίας

127 2351 166 2381 εἰς
177 2349 222 2376 τὸν
235 2350 297 2376 ναὸν
314 2350 359 2377 τοῦ
372 2351 439 2377 Θεοῦ
459 2351 588 2385 θυμιᾶσαι
600 2360 606 2366 ·
624 2353 671 2378 καὶ
685 2351 761 2387 ὤφθη
776 2351 849 2387 αὐτῷ
863 2352 912 2386 ἄγ-

127 2394 204 2428 γελος
219 2396 321 2431 Κυρίου
336 2398 368 2422 ἐκ
382 2396 476 2430 δεξιῶν
489 2397 537 2423 τοῦ
551 2398 753 2434 θυσιαστηρίου,
768 2401 814 2425 καὶ
832 2400 912 2433 εὐαγ-

127 2441 259 2474 γελίζεται
283 2442 357 2477 αὐτῷ
375 2443 439 2478 περὶ
458 2444 579 2471 Ἰωάννου
603 2445 649 2471 τοῦ
676 2445 733 2471 υἱοῦ
761 2445 852 2476 αὐτοῦ,
874 2445 912 2476 ὡς

128 2486 290 2522 συλλήψεται
315 2488 453 2515 Ἐλισάσετ
496 2489 565 2525 γυνὴ
581 2490 675 2523 αὐτοῦ,
692 2491 738 2517 καὶ
753 2490 858 2523 τέξεται
866 2491 911 2517 τὸν

127 2531 278 2569 Βαπτιστὴν
302 2534 347 2560 καὶ
365 2534 515 2570 πρόδρομον
536 2535 582 2562 τοῦ
604 2537 732 2572 Χριστοῦ.
746 2537 801 2564 Καὶ
816 2537 847 2572 δὴ
861 2538 911 2572 τῆς

128 2578 282 2614 συλλήψεως
295 2580 453 2615 γενομένης,
468 2580 507 2616 τῷ
531 2582 596 2617 μηνὶ
610 2582 648 2617 τῷ
662 2582 733 2618 ἕκτῳ
746 2583 795 2616 τῆς
816 2583 844 2610 ἐν
862 2591 911 2617 γα-

127 2624 186 2660 στρὶ
199 2624 343 2661 κυοφορίας
361 2626 508 2659 Ἐλισάὸετ,
523 2627 911 2664 ἐξαποστέλλεταιόᾶρχάγγε-

127 2669 170 2701 λος
196 2670 215 2696 Γ
217 2670 314 2707 αὸριὴλ
342 2671 422 2708 παρὰ,
440 2672 519 2705 Θεοῦ,
542 2674 583 2705 είς
607 2674 733 2711 Ναζαρὲτ
761 2675 838 2702 πόλιν
860 2669 911 2710 τῆς

126 2715 267 2749 Γαλιλαίας
279 2717 346 2753 πρὸς
359 2718 408 2754 τὴν
420 2718 557 2754 Παρθένον
569 2720 694 2756 Μαριάμ.
710 2720 910 2751 Καὶεὶσελθὼν

127 2761 192 2797 πρὸς
218 2762 301 2798 αὐτὴν
328 2765 342 2790 ὀ
367 2764 497 2798 ἄγγελος,
521 2765 659 2800 ἠσπάζετο
681 2766 783 2804 ταύτην
804 2767 906 2802 λέγων·

162 2851 181 2867 ’⁵
200 2851 265 2880 Luc.
283 2861 307 2886 ι,
324 2853 369 2881 28.

933 879 955 906 Β

929 1557 951 1587 ο

973 244 1008 271 tis
1024 248 1086 272 ante
1106 244 1286 278 temporibus,
1312 247 1368 269 tum
1387 243 1415 270 in
1434 243 1527 270 multis
1552 242 1624 269 ceris
1637 242 1755 276 exprimi

972 294 1061 326 potest
1075 290 1162 325 imago
1183 299 1190 316 :
1203 290 1231 316 in
1246 289 1335 316 divina
1349 297 1414 316 vero
1425 289 1624 320 lncarnatione,
1641 295 1696 314 non
1718 287 1756 314 si-

971 335 1037 366 mul,
1050 335 1096 362 sed
1111 335 1229 370 quodam
1246 335 1414 362 incremento
1425 342 1467 361 res
1482 333 1602 369 perfecte
1613 333 1754 361 edocetur.

971 381 1036 414 Qum
1048 388 1092 408 res
1102 381 1185 416 probe
1203 381 1313 415 intelligi
1329 384 1425 415 queat;
1444 380 1465 407 si
1479 380 1540 414 quis
1552 379 1650 406 mentis
1666 379 1755 406 subti-

971 426 1048 454 litate
1065 426 1206 461 prmditus,
1228 426 1362 461 profunde
1384 425 1470 460 possit
1489 428 1631 459 penetrare
1647 424 1681 450 ad
1695 431 1756 450 cor-

970 480 1021 507 pus
1043 473 1160 500 animale
1177 481 1264 508 nuper
1279 476 1379 504 satum,
1391 476 1471 506 atque
1483 471 1538 498 illic
1553 479 1609 498 rem
1633 470 1755 498 inell‘abi-

970 517 1024 545 lem
1040 518 1314 552 inexplicabilemque
1324 517 1514 552 contemplari,
1530 517 1667 551 quomodo
1680 516 1754 543 scili-

971 567 1015 589 cet
1026 563 1166 590 desidente
1177 563 1232 590 illic
1247 563 1356 598 genitali
1371 562 1484 595 semine,
1497 562 1588 589 statim
1602 562 1709 596 quidem
1728 562 1754 588 in

971 609 1133 644 particulam
1151 608 1296 644 quamdam
1310 608 1460 641 coalescit;
1484 608 1614 643 paulatim
1639 615 1704 634 vero
1728 611 1756 634 et

970 663 1019 690 per
1032 655 1214 682 accessionem
1231 654 1428 682 incrementum
1444 654 1553 688 accipit.
1565 653 1657 688 Neque
1682 654 1754 681 enim

971 699 1037 727 illud
1054 700 1143 734 ipsum
1156 699 1227 734 apud
1247 707 1298 727 nos
1324 699 1378 726 dici
1399 702 1506 734 potest;
1536 706 1632 725 verum
1660 698 1756 733 imagi-

970 745 1061 773 nando
1082 750 1188 772 tantum
1204 745 1306 780 aliquid
1322 744 1482 780 percipitur,
1493 743 1554 772 .sed
1584 743 1755 771 ineITabiliter

971 799 1051 830 atque
1063 795 1296 823 inenarrabiliter.
1308 794 1402 830 Itaque
1412 802 1474 821 cum
1486 794 1577 829 aliquo
1588 793 1756 821 incremento

971 841 1062 868 divina
1079 841 1161 869 Verbi
1175 841 1329 868 lncarnatio
1343 840 1467 872 edicitur.
1490 847 1545 867 non
1559 839 1632 874 quod
1647 839 1756 867 divinus

969 886 1112 914 character
1132 890 1265 922 augeatur
1279 886 1321 914 vel
1339 891 1517 919 concrescat;
1546 884 1594 912 sed
1616 889 1756 913 crescente

970 933 1080 960 animali
1097 940 1180 960 carne
1193 932 1341 960 secundum
1357 939 1463 959 omnem
1481 931 1686 966 plenitudinem,
1702 939 1755 967 qua

969 977 1052 1004 homo
1064 977 1175 1012 propria
1190 980 1287 1004 natura
1297 977 1395 1004 crescit
1407 976 1470 1003 dum
1483 977 1509 1003 in
1528 980 1605 1004 utero
1621 981 1754 1012 gestatur.
1800 976 1802 978 ⁷

969 1021 1151 1055 Quamobrem
1160 1022 1218 1056 lege
1229 1022 1379 1054 hominum,
1394 1029 1492 1049 novem
1517 1021 1652 1049 mensium
1667 1021 1756 1056 spatio

968 1072 1099 1103 gestetur.
1118 1071 1198 1103 atque
1209 1067 1306 1094 exinde
1316 1067 1418 1095 Christi
1437 1066 1589 1094 lncarnatio
1600 1066 1646 1094 Dei
1663 1067 1752 1103 hypo-

969 1115 1055 1142 stasin
1069 1114 1166 1141 habere
1179 1113 1289 1146 dicitur,
1302 1117 1329 1140 et
1344 1113 1501 1140 nullatenus
1517 1112 1634 1140 hominis
1648 1122 1654 1140 :
1666 1120 1755 1148 quan-

968 1160 1112 1195 doquidem
1121 1160 1198 1194 juxta
1205 1160 1328 1186 divinum
1340 1159 1524 1187 characterem
1539 1159 1658 1186 humana
1667 1159 1755 1187 forma

968 1205 1156 1234 exsistentiam
1184 1213 1262 1233 suam
1300 1205 1415 1240 accepit.
1443 1205 1592 1232 secundum
1624 1205 1753 1233 unionem

968 1252 1046 1287 quasi
1064 1252 1180 1287 spiritus
1195 1251 1228 1279 ad
1243 1251 1371 1278 animam.
1388 1251 1426 1278 Ea
1439 1252 1511 1279 enim
1527 1252 1632 1279 ratione
1646 1253 1700 1280 duo
1713 1257 1756 1280 est

968 1298 1095 1326 Christus
1111 1303 1138 1326 et
1161 1306 1216 1325 non
1232 1305 1327 1331 unum,
1343 1305 1374 1325 ac
1387 1298 1466 1325 simul
1483 1306 1566 1325 unum
1579 1302 1606 1326 et
1622 1306 1675 1326 non
1690 1298 1753 1327 duo.

968 1343 1026 1372 Duo
1039 1345 1147 1380 quidem
1160 1348 1203 1372 est
1212 1349 1238 1372 et
1251 1352 1305 1372 non
1323 1353 1406 1372 unum
1418 1345 1568 1372 secundum
1582 1345 1650 1373 duas
1675 1351 1755 1374 natu-

967 1397 1013 1417 ras
1025 1399 1032 1423 ;
1044 1397 1127 1417 unum
1140 1397 1204 1418 vero
1215 1393 1242 1418 et
1260 1398 1314 1417 non
1334 1390 1389 1417 duo
1403 1390 1553 1418 secundum
1570 1398 1650 1417 unam
1668 1391 1755 1427 hypo-

968 1438 1065 1464 stasin.
1080 1435 1262 1469 Quamobrem
1280 1435 1349 1463 duas
1366 1436 1483 1463 dicimus
1508 1436 1673 1467 voluntates,
1700 1443 1755 1463 non

968 1483 1037 1510 duos
1050 1483 1184 1517 volentes;
1205 1482 1274 1510 duas
1288 1482 1472 1518 operationes,
1482 1489 1536 1509 non
1553 1482 1622 1509 duos
1636 1489 1753 1517 operan-

968 1533 1019 1558 tes.
1046 1528 1098 1557 Sed
1123 1537 1208 1557 unum
1227 1529 1337 1564 quidem
1351 1529 1485 1556 volentem
1505 1528 1654 1556 secundum
1670 1536 1753 1556 unam

968 1575 1139 1611 hypostasin,
1170 1574 1238 1602 duas
1260 1579 1349 1601 autem
1369 1574 1524 1601 voluntates
1535 1577 1562 1601 et
1575 1573 1643 1600 duas
1658 1581 1754 1609 opera-

967 1622 1056 1649 tiones
1069 1621 1146 1655 juxta
1160 1625 1320 1662 naturarum
1336 1619 1540 1655 proprietatem.

1004 1668 1029 1694 7.
1044 1667 1092 1695 His
1112 1667 1194 1702 igitur
1204 1666 1326 1694 divinum
1338 1666 1518 1702 praedicantes
1531 1665 1692 1701 mysterium
1709 1664 1753 1691 ln-

967 1714 1146 1746 carnationis,
1177 1714 1322 1748 abjicimus
1353 1713 1547 1740 haereticorum
1570 1711 1753 1747 blasphemias

967 1761 1068 1796 quibus
1085 1761 1147 1788 illos
1164 1760 1304 1788 demersos
1331 1759 1527 1794 relinquentes,
1551 1759 1584 1785 ad
1612 1758 1753 1785 historiam

966 1807 1140 1841 evangelista:
1151 1805 1360 1840 pertransimus,
1379 1812 1431 1840 qua
1449 1808 1544 1832 narrat
1568 1805 1613 1832 ille
1637 1803 1752 1831 Annum

966 1853 1106 1880 tiationem
1124 1852 1246 1887 Deiparm
1257 1855 1284 1879 et
1298 1851 1345 1879 Dei
1360 1851 1464 1884 Matris,
1479 1854 1507 1878 et
1531 1854 1561 1877 ut
1587 1858 1631 1878 res
1657 1850 1752 1877 ordine

969 1907 998 1927 se
1012 1899 1096 1926 habet
1113 1898 1275 1934 explicatius
1299 1898 1451 1925 audiamus.
1486 1896 1543 1924 Hoc
1566 1896 1751 1931 significamus

966 1945 1050 1980 igitur
1065 1953 1137 1979 :quo
1166 1948 1288 1978 tempore
1311 1948 1429 1978 paternae
1459 1942 1593 1970 voluntati
1608 1942 1711 1978 placuit
1725 1942 1753 1969 in

964 1990 1200 2018 consummatione
1216 1990 1385 2024 septuaginta
1400 1988 1601 2016 hebdomadum
1627 1987 1748 2014 Daniclis

964 2036 1101 2071 prophetae
1117 2040 1177 2070 post
1199 2035 1426 2062 instaurationem
1441 2034 1627 2070 Jerosolymae,
1642 2033 1669 2060 in
1687 2033 1750 2060 red-

965 2083 1004 2110 itu
1018 2081 1094 2109 Iudae
1119 2090 1153 2109 ex
1173 2081 1331 2116 captivitate
1344 2081 1517 2117 Babylonica,
1543 2088 1590 2116 per
1617 2079 1750 2107 Salathie-

965 2128 1018 2155 lem
1039 2131 1065 2154 et
1087 2126 1180 2155 Iesum
1201 2126 1286 2153 ﬁlium
1307 2125 1422 2153 Josedec
1443 2130 1509 2152 tunc
1529 2125 1695 2156 sacerdotes,
1721 2125 1749 2150 in

964 2173 1203 2201 consummatione
1218 2172 1300 2208 338
1313 2172 1575 2207 quadringentorum
1606 2170 1752 2205 nonaginta

965 2227 1114 2251 annorum;
1127 2218 1274 2245 Zacharias
1287 2217 1437 2246 secundum
1449 2218 1536 2244 vicem
1553 2216 1696 2244 sacerdotii
1709 2216 1752 2243 sui

966 2268 1107 2302 ingressus
1122 2271 1164 2295 est
1182 2267 1208 2293 in
1226 2267 1355 2300 templum
1382 2265 1430 2292 Dei
1450 2265 1483 2292 ad
1515 2265 1658 2292 incensum
1686 2264 1752 2292 offe-

964 2314 1090 2345 rendum,
1106 2313 1286 2347 apparuitque
1302 2312 1340 2338 illi
1357 2311 1469 2346 angelus
1485 2309 1591 2337 Domini
1610 2311 1641 2337 ad
1659 2311 1751 2339 dexte-

963 2366 1021 2385 ram
1040 2359 1145 2390 altaris,
1165 2357 1392 2391 annuntiavitque
1408 2356 1446 2383 illi
1459 2356 1491 2382 de
1502 2355 1607 2383 Joanne
1624 2356 1677 2383 lilio
1689 2363 1749 2389 suo,

965 2411 1018 2439 quo
1033 2407 1197 2437 conceptura
1213 2406 1286 2430 esset
1301 2410 1369 2429 uxor
1379 2409 1427 2429 sua
1440 2401 1573 2433 Elisabct,
1587 2407 1613 2428 et
1628 2402 1751 2436 paritura

964 2450 1112 2484 Baptistam
1131 2453 1157 2477 et
1174 2456 1369 2484 praecursorem
1381 2448 1495 2475 Christi.
1515 2448 1553 2475 Ac
1575 2449 1751 2482 conceptione

965 2499 1085 2531 peracta,
1101 2503 1193 2522 mense
1211 2499 1287 2522 sexto
1302 2494 1467 2529 prmgnantis
1486 2493 1618 2527 Elisabet,
1631 2494 1750 2521 mittitur

964 2541 1143 2575 archangelus
1155 2539 1262 2567 Gabriel
1280 2547 1294 2566 a
1316 2539 1370 2566 Dco
1387 2539 1414 2566 in
1432 2540 1526 2566 urbem
1549 2539 1662 2567 Nazaret
1678 2539 1752 2567 Gali-

964 2588 1018 2614 lazaa
1030 2586 1063 2614 ad
1081 2587 1212 2622 virginem
1227 2585 1350 2613 Mariam.
1363 2585 1396 2612 Et
1419 2585 1561 2621 ingressus
1578 2587 1692 2621 angelus
1716 2585 1751 2615 ad

963 2633 1037 2660 illam
1053 2632 1181 2660 salutavit
1192 2640 1264 2662 eam,
1275 2632 1369 2659 dicens
1384 2640 1391 2659 :
1406 2641 1415 2657 ι
1426 2632 1492 2664 Ave,
1503 2632 1589 2666 gratia
1601 2633 1691 2667 plena,
1702 2632 1752 2660 Do-

963 2678 1053 2705 minus
1072 2682 1160 2705 tecum
1177 2678 1225 2704 ".r
1243 2677 1330 2704 Etiam
1345 2678 1389 2705 hic
1401 2677 1642 2706 animadvertimus
1656 2686 1751 2708 vocem

962 2722 1035 2750 illam
1057 2722 1144 2758 angeli
1172 2722 1324 2750 secundum
1343 2723 1522 2759 prolationem
1551 2723 1663 2759 spiritus
1690 2724 1752 2752 soni

962 2769 1015 2803 sui,
1035 2768 1262 2805 signiﬁcationem
1287 2769 1400 2802 habere,
1414 2777 1465 2798 nec
1482 2772 1573 2798 tamen
1589 2769 1676 2806 ipsam
1690 2776 1753 2799 esse
