1940 3067
224 148 276 176 927

798 145 827 173 S.
847 144 1080 173 ATHANASIUS.
1102 159 1134 165 —
1155 142 1289 171 SPURIL

1793 139 1848 166 928

223 203 285 231 Filii
298 194 483 240 hypostasin;
495 195 591 238 neque"
607 202 693 238 ipsam
709 209 770 230 esse
798 210 858 237 qua:
882 202 954 229 facta
968 208 1001 230 es‘

1064 210 1073 226 α
1089 201 1184 235 Χαῖρε,
1202 198 1419 234 κεχαριτωμένη,
1437 198 1451 224 6
1467 197 1567 232 Κύριος
1586 196 1654 232 μετά
1677 195 1733 223 σοῦ.
1750 204 1759 221 ι
1772 196 1848 228 Κάν-

224 257 289 276 earo
305 258 312 276 :
326 249 374 277 sed
390 248 424 276 ad
438 256 498 276 eam
513 256 619 278 vocem.
638 247 717 275 Verbi
729 251 755 276 et
778 247 825 274 Dei
843 248 1007 283 proprietas,

223 302 285 330 quae
298 295 349 321 alia
364 298 406 321 est
418 293 569 321 secundum
585 293 753 328 hypostasin,
765 294 855 320 statim
868 293 1008 320 descendit

223 340 252 366 in
272 343 379 366 uterum
388 338 508 374 Virginis
525 348 532 366 :
550 332 792 373 blasphemantque
811 339 828 365 ii
843 339 888 373 qui
919 339 1006 369 aiunt,

223 384 310 419 ipsam
342 383 499 419 archangeli
531 391 636 415 vocem,
663 383 747 411 fuisse
771 383 931 419 hypostasin
959 383 1006 410 Dei

222 428 316 457 Verbi.
335 429 451 464 Ideoque
463 430 637 464 blasphemiae
648 429 847 456 damnationem
860 428 1006 464 repudian-

222 479 274 506 les,
291 475 381 502 locum
397 476 599 503 annotavimus.

1060 246 1147 272 ταῦθα
1167 245 1247 271 πάλιν
1260 242 1424 279 θεωροῦμεν,
1439 243 1479 270 ὅτι
1492 244 1509 278 ὴ
1529 243 1576 278 μὲν
1598 242 1672 277 φωνὴ
1690 242 1736 268 τοῦ
1761 242 1849 276 ἀγγέ-

1059 289 1124 321 λου,
1147 289 1218 316 κατὰ
1240 288 1379 324 προφορὰν
1400 288 1553 322 πνεύματος
1577 288 1739 322 ἀπηχήσεως
1763 287 1850 314 αὑτοῦ

1059 334 1299 370 διερμηνευομένη,
1316 334 1365 359 οὐκ
1384 333 1451 368 αὐτὴ
1470 333 1498 359 δὲ
1510 331 1571 368 ἦνὴ
1592 331 1639 358 τοῦ
1652 331 1716 358 Υἱοῦ
1730 332 1851 358 ὑπόστα-

1061 389 1113 412 σις,
1128 380 1188 406 οὐδὲ
1213 379 1281 414 αὑτὴ
1303 379 1398 412 γέγονε
1418 379 1503 414 σάρξ·
1519 378 1586 404 ἀλλὰ
1608 379 1668 404 κατ’
1692 377 1775 413 αὐτὴν
1796 377 1850 413 τὴν

1061 426 1163 462 φωνὴν,
1180 425 1260 461 ἑτέρα
1276 423 1342 451 οὖσα
1361 424 1430 451 κατὰ
1450 424 1499 459 τὴν
1513 424 1660 451 ὑπόστασιν
1685 423 1782 459 ἰδιότης
1797 423 1849 450 τοῦ

1059 473 1146 506 Λόγου
1169 471 1217 498 καὶ
1232 470 1299 498 Θεοῦ
1321 470 1378 505 ἃμα
1396 471 1573 506 ὲπεφοίτησεν
1588 472 1617 496 ἐν
1635 471 1669 505 τῇ
1693 470 1781 504 κοιλία
1796 470 1848 505 τῆς

222 523 372 559 Παρθένου.
390 523 445 550 Καὶ
462 522 666 559 βλασφημοῦσιν
681 523 706 549 οἱ
721 523 855 557 λέγοντες,
875 522 915 549 ὅτι
938 521 1006 557 αὑτὴ
1026 521 1042 556 ἠ
1063 520 1138 555 φωνὴ
1169 519 1216 546 τοῦ
1238 518 1406 555 ἀρχαγγέλου
1429 516 1463 554 ἢν
1494 519 1510 554 ἡ
1543 518 1689 549 ὑπόστασις
1710 517 1756 544 τοῦ
1776 516 1847 544 Θεοῦ

221 571 319 604 Λόγου.
333 571 379 597 Διὸ
397 571 443 597 καὶ
457 571 684 607 ὲσημειωσάμεθα
696 571 741 598 τὸν
756 570 850 603 τόπον,
871 569 1083 605 ἀποϐαλλόμενοι
1101 568 1149 604 τῆς
1166 566 1336 602 βλασφημίας
1347 567 1396 602 τὴν
1411 566 1585 601 κατάκρισινι

257 616 283 644 8.
300 615 368 643 Cum
379 616 487 643 diversa
504 617 584 650 igitur
597 621 671 644 esset
686 624 700 644 a
713 625 778 644 voce
790 617 944 652 archangeli
956 617 1004 652 hy-

221 662 341 696 postasis
357 660 439 689 Verbi
459 665 485 688 et
503 661 566 688 Filii
592 661 650 692 Dei.
677 664 779 698 apertis
795 663 872 698 prius
894 670 943 698 per
958 670 1004 689 ar-

222 707 345 741 changeli
362 714 454 733 vaenm
469 706 588 742 Virginis
603 708 727 740 auribus,
750 709 843 735 statim
870 708 897 735 in
928 707 1003 735 illam

223 753 343 779 introivit
355 752 446 779 divina
461 752 521 780 Eilii
539 754 700 789 hyposlasis.
716 753 774 786 Qua
787 755 891 781 ratione
902 757 1003 786 autem,

222 807 255 825 ne
271 799 328 833 ipsa
342 799 452 834 quidem
468 799 553 834 Virgo
563 801 706 835 cogn0vit:
722 801 798 827 novit
822 808 888 828 vero
902 801 948 836 qui
960 800 1004 827 in-

221 852 332 879 gressus
341 848 382 872 est
399 852 451 879 qua
467 846 570 872 ratione
579 846 614 873 sit
626 846 774 880 ingressus.
786 845 876 879 Quare
888 850 917 873 ut
930 847 1006 880 ign0<

222 876 287 917 rans
314 891 434 925 mysterii
455 896 593 923 eventum,
620 892 712 918 statim
727 892 884 926 perturbata
902 896 944 920 est
971 892 1005 919 ad
1020 876 1042 903 Β

221 942 373 964 sermonem
387 936 474 971 angeli
492 937 607 964 dicentis
625 947 632 964 :
648 946 658 962 ι
674 937 740 970 Ave,
753 938 838 972 gratia
854 937 1005 972 plena,Do-

219 982 310 1008 minus
325 987 413 1010 tecum
426 991 432 1014 ;
448 986 497 1009 i-et
508 983 818 1018 eogitabatqualisesset
833 985 889 1011 hac
903 985 1005 1011 saluta-

221 1028 299 1058 tio“;
315 1038 399 1063 quare
417 1031 584 1065 respondens
599 1030 778 1065 archangelus
789 1031 857 1058 dixit
871 1031 904 1058 ad
915 1031 1003 1058 illam:

223 1080 233 1096 ι
250 1071 288 1099 Ne
309 1073 417 1106 timeas,
434 1074 529 1106 Maria,
545 1075 672 1103 invenisti
697 1075 769 1102 enim
793 1076 906 1110 gratiam
934 1076 1003 1110 apud

220 1115 319 1144 Dum.
339 1117 371 1144 Et
387 1125 450 1146 ecce
461 1119 598 1153 concipias
611 1119 637 1146 in
656 1123 745 1151 utero,
757 1123 783 1146 et
796 1120 886 1154 paries
907 1119 1003 1152 lilium,

219 1165 248 1188 et
259 1162 370 1190 vocabis
381 1172 479 1191 nomen
495 1165 555 1198 ejus
581 1163 686 1191 Jesum.
711 1164 761 1191 llic
773 1165 823 1191 erit
838 1172 963 1199 magnus,
977 1168 1004 1192 et

218 1207 305 1236 Filius
332 1209 466 1237 Altissimi
493 1210 645 1237 vocabitur.
671 1209 702 1236 Et
721 1209 795 1237 dabit
811 1210 849 1236 illi
869 1209 1003 1238 Dominus

218 1253 291 1282 Deus
305 1255 432 1282 throuutn
459 1255 543 1282 David
577 1255 665 1290 patris
694 1256 766 1290 ejus,
782 1259 809 1283 et
827 1256 951 1290 regnabit
976 1257 1003 1283 in

217 1300 299 1327 domo
316 1300 403 1327 Jacob
429 1301 456 1328 in
483 1302 594 1334 saecula,
615 1307 642 1329 et
663 1302 739 1337 regni
759 1301 820 1335 ejus
840 1302 955 1329 nouerit
970 1303 1003 1328 li-

218 1348 262 1374 nis
276 1347 309 1373 ".
330 1357 339 1372 ι
357 1347 396 1374 Ad
408 1348 464 1375 haec
479 1349 543 1376 item
564 1349 646 1376 verba
671 1349 747 1377 stetit
769 1349 897 1376 haesitans
909 1348 1001 1384 Virgo,

218 1396 312 1428 utpote
338 1393 372 1420 ad
387 1399 512 1420 naturam
539 1395 698 1429 respiciens.
719 1399 745 1422 et
766 1395 800 1423 de
817 1394 937 1430 Josepho
959 1395 1002 1422 cui

218 1439 383 1473 desponsata
398 1444 457 1467 erat
477 1442 611 1475 cogitans,
632 1441 784 1476 angeloque
809 1442 849 1468 sic
875 1441 1000 1475 reponit:

220 1493 230 1509 ε
249 1483 390 1517 Quomodo
415 1484 460 1512 ﬁet
482 1486 548 1512 mihi
570 1485 654 1517 istud,
686 1486 813 1521 quoniam
833 1486 920 1513 virum
947 1494 1001 1513 non

217 1535 353 1563 cognosco
365 1529 404 1556 '7?
417 1539 427 1555 ι
446 1529 683 1564 Quandoquidem,
698 1531 746 1563 ait,
761 1538 778 1557 ο
796 1531 901 1565 angelo,
913 1531 1000 1558 virum
1015 1545 1036 1572 ρ

216 1581 271 1600 non
285 1582 431 1610 cognosco,
447 1581 475 1602 tu
491 1584 556 1602 vero
569 1584 615 1611 per
631 1576 708 1610 illud,
720 1583 794 1608 ecce.
808 1576 880 1611 quod
895 1580 938 1604 est
954 1576 1002 1603 ad-

216 1619 574 1653 verbium‘demonstrandi.
601 1622 653 1653 ais,
681 1631 690 1647 ε
718 1621 789 1650 Ecce
813 1623 961 1657 concipies,
990 1631 1000 1648 ι

215 1666 295 1700 quasi
337 1670 444 1702 tempus
458 1667 560 1700 instet;
585 1668 682 1703 ignoro
709 1668 845 1703 quomodo
856 1668 930 1696 istud
946 1668 1000 1696 ﬁet.

218 1710 283 1742 Sed,
299 1719 315 1738 ο
333 1713 436 1747 angele,
465 1713 612 1745 tu,dicito,
635 1718 663 1740 tu
691 1714 881 1748 interpretare,
899 1723 908 1739 ‹
933 1721 1003 1748 quo-

216 1757 296 1783 modo
310 1756 353 1783 [iet
371 1757 452 1784 istud.
478 1767 487 1784 ι
505 1757 682 1793 Respondens
699 1762 787 1785 autem
799 1759 920 1794 angelus,
935 1759 1004 1785 dixit

216 1801 240 1827 ei
258 1809 266 1828 :
284 1810 294 1826 ι
315 1800 434 1836 Spiritus
445 1807 557 1829 sanctus
569 1804 741 1837 superveniet
757 1804 784 1831 iu
801 1808 839 1836 te,
863 1807 890 1831 et
915 1805 1002 1832 virtus

216 1845 349 1873 Altissimi
369 1847 542 1875 obumbrabit
563 1849 609 1876 tibi
622 1849 654 1876 ³⁸.
675 1859 684 1875 ι
701 1849 763 1876 Haec
779 1854 832 1881 est,
846 1850 895 1882 ait,
909 1850 1002 1877 concio

216 1892 308 1926 piendi
322 1893 389 1920 ratio
403 1901 409 1918 :
427 1893 464 1920 ita
475 1895 612 1929 concipies
635 1895 662 1922 in
678 1901 766 1924 utero.
787 1895 891 1930 Spiritu
907 1900 1002 1924 sancto

217 1937 245 1964 in
262 1941 288 1964 te
305 1939 525 1972 superveniente,
544 1944 570 1967 et
583 1941 683 1968 virtute
710 1941 844 1968 Altissimi
861 1946 887 1968 te
903 1941 1000 1968 obum-

216 1983 321 2011 liraute.
343 1994 352 2009 ε
373 1984 500 2020 Ideoque,
525 1985 573 2018 ait,
597 1992 624 2014 et
636 1987 708 2022 quod
723 1992 851 2014 nasot-tur
865 1991 1001 2021 sanctum,

216 2027 302 2055 Filius
312 2029 443 2057 Altissimi
459 2031 602 2058 vocabitur
614 2031 664 2059 ⁸⁸.)
681 2031 727 2058 llla
743 2039 808 2059 vero
821 2032 908 2059 adhuc
921 2032 1002 2060 haesi-

217 2078 292 2106 tans,
310 2082 403 2102 verum
434 2076 485 2103 sibi
500 2077 557 2104 haec
571 2083 680 2112 optans.
698 2078 754 2105 ait:
770 2087 779 2103 ‹
795 2078 856 2105 Fiat
869 2079 935 2105 mihi
957 2086 1001 2106 se-

215 2119 336 2146 cundum
349 2120 461 2147 verbum
476 2125 552 2148 tuum
565 2121 598 2149 “.
619 2131 629 2148 ι
653 2121 686 2148 Et
699 2122 826 2149 discessit
849 2122 883 2149 ab
903 2129 934 2149 ea
952 2129 1000 2149 an-

216 2165 304 2198 gelus.
335 2165 402 2192 Nam
427 2167 592 2202 evangelista
619 2167 754 2203 signiﬁcat
782 2168 906 2203 angelum
922 2168 956 2195 ab
967 2175 999 2195 ea

1089 615 1116 642 8.
1140 615 1236 650 Ἑτέρα
1261 614 1349 640 τοίνυν
1372 613 1448 648 παρὰ
1466 612 1515 648 τὴν
1533 610 1622 648 φωνὴν
1644 612 1690 639 τοῦ
1710 610 1849 648 ἀρχαγτέ-

1054 660 1100 687 λου
1115 658 1183 687 οὖσα
1201 660 1217 694 ὴ
1238 659 1383 690 ὑπόστασις
1397 658 1444 685 τοῦ
1459 659 1546 692 Λόγου
1562 658 1609 685 καὶ
1623 657 1686 684 Υίοῦ
1702 657 1748 684 τοῦ
1764 656 1846 689 Θεοῦ,

1055 706 1125 742 ἅμα,
1139 706 1177 737 ὡς
1195 704 1444 740 προδιανοιχθείσης
1463 704 1513 740 τῆς
1534 704 1617 739 ἀκοῆς
1634 704 1683 739 τῆς
1705 703 1846 739 Παρθένου

1054 752 1098 778 διά
1117 752 1167 787 τῆς
1183 750 1385 787 ἀρχαγγελικῆς
1406 751 1506 785 φωνῆς,
1531 750 1654 786 εἰσῆλθεν
1675 751 1714 782 εἰς
1730 750 1812 784 αὐτὴν
1827 751 1846 785 ἡ

1057 797 1116 824 θεία
1135 797 1181 824 τοῦ
1197 797 1262 823 Υίοῦ
1280 797 1437 828 ὑπόστασις.
1456 797 1500 828 Ὠς
1516 795 1583 831 αὑτὴ
1606 796 1654 831 μὲν
1675 796 1691 830 ὴ
1708 795 1846 831 Παρθένος

1057 844 1108 870 οὐκ
1122 841 1205 870 οἶδεν·
1218 841 1271 869 οἵδε
1284 843 1312 869 δὲ
1327 843 1342 869 6
1358 841 1495 874 εἰσελθὼν,
1511 843 1584 874 ὅπως
1599 842 1716 876 εἰσῆλθε.
1728 842 1772 868 Διὸ
1785 841 1844 873 καὶ,

1056 888 1094 920 ὡς
1113 888 1149 924 μὴ
1166 888 1250 914 εἰδυῖα
1271 887 1317 914 τοῦ
1336 887 1484 922 μυστηρίου
1512 887 1561 922 τὴν
1577 887 1697 918 ἔκϐασιν,
1723 887 1780 922 ἃμα
1805 886 1846 913 δι-

1055 933 1191 969 εταράχθη
1203 933 1250 960 ἐπὶ
1260 933 1298 968 τῷ
1309 934 1380 968 λόγῳ
1390 933 1436 959 τοῦ
1446 933 1560 967 ἀγγέλου
1569 933 1701 964 εἰπόντος,
1718 942 1726 958 ι
1745 934 1844 968 Χαῖρε,

1055 978 1271 1014 κεχαριτωμένη,
1290 979 1303 1005 ὁ
1319 978 1420 1013 Κύριος
1437 977 1504 1013 μετὰ
1522 977 1578 1008 σοῦ,
1590 986 1600 1003 ›
1617 978 1662 1004 καὶ
1669 977 1843 1012 διελογίζετο,

1055 1023 1175 1054 ποταπὸς
1191 1023 1234 1058 εἴη
1257 1024 1272 1049 6
1286 1023 1429 1057 ἀσπασμὸς
1441 1019 1532 1053 οὗτος·
1561 1023 1621 1049 ὅθεν
1638 1024 1685 1049 καί
1702 1021 1845 1050 ὑπολαϐὼν

1055 1070 1069 1095 ὁ
1084 1069 1262 1105 ἀρχάγγελος,
1276 1067 1334 1095 εἷπε
1344 1069 1409 1104 προς
1418 1069 1501 1104 αὑτήν
1512 1078 1517 1083 ·
1534 1078 1542 1094 ι
1556 1068 1601 1104 Μὴ
1611 1068 1703 1103 φοϐοῦ,
1715 1068 1842 1104 Μαριάμ⁶

1055 1112 1133 1150 εὗρες
1147 1115 1200 1150 γὰρ
1214 1115 1292 1151 χάριν
1306 1115 1381 1150 παρά
1397 1114 1436 1150 τῷ
1447 1114 1516 1149 Θεῷ.
1530 1115 1585 1140 Καὶ
1604 1114 1658 1141 ἰδοὺ
1681 1114 1802 1149 συλλήψῃ
1815 1115 1844 1140 ἐν

1056 1163 1166 1198 γαστρὶ,
1185 1163 1232 1189 καὶ
1247 1161 1312 1199 τέξῃ
1328 1162 1397 1194 υἱὸν,
1418 1162 1463 1189 καὶ
1478 1162 1601 1194 καλέσεις
1619 1162 1650 1188 τὺ
1662 1162 1746 1197 δνομα
1758 1161 1844 1188 αὑτοῦ

1061 1207 1173 1242 Ἰησοῦν.
1188 1204 1270 1239 Οὗτος
1283 1207 1357 1233 ἔσται
1376 1207 1472 1242 μέγας,
1486 1207 1532 1233 καὶ
1548 1207 1612 1238 Υἱὸς
1633 1206 1757 1240 Ὑψίστου
1774 1205 1843 1241 κλη-

1054 1253 1176 1289 θήσεται,
1200 1254 1246 1280 καὶ
1261 1253 1340 1279 δώσει
1358 1253 1432 1288 αὐτῷ
1454 1253 1554 1289 Κύριος
1573 1255 1586 1279 6
1598 1253 1663 1284 Θεὺς
1684 1253 1728 1279 τὸν
1747 1253 1843 1288 θρόνον

1054 1299 1135 1325 Δαεΐιδ
1146 1299 1192 1325 τοῦ
1209 1299 1311 1334 πατρὸς
1323 1298 1415 1330 αὑτοῦ,
1428 1299 1474 1326 καὶ
1488 1299 1640 1333 βασιλεύσει
1652 1299 1698 1325 ἐπὶ
1710 1299 1754 1325 τὸν
1766 1297 1843 1325 οἷκον

1060 1343 1156 1370 Ἰακὼϐ
1170 1345 1209 1375 εἰς
1219 1345 1281 1375 τοὺς
1296 1343 1409 1375 αἰῶνας,
1422 1344 1468 1370 καὶ
1481 1344 1531 1378 τῆς
1549 1344 1685 1379 βασιλείας
1699 1343 1780 1370 αὑτοῦ
1792 1345 1843 1370 οὐκ

1053 1390 1129 1416 ἔσται
1149 1391 1233 1422 τέλος.
1254 1400 1263 1416 ι
1287 1390 1366 1417 Ἀλλὰ
1386 1390 1439 1426 γὰρ
1454 1391 1501 1417 καὶ
1520 1390 1587 1427 πρὸς
1604 1390 1689 1417 ταῦτα
1705 1390 1768 1426 ἔστη
1784 1391 1844 1416 δια-

1054 1436 1173 1472 ποροῦσα
1186 1437 1202 1471 ἡ
1217 1436 1364 1471 Παρθένος,
1380 1436 1425 1462 καὶ
1439 1435 1476 1467 ὡς
1487 1435 1554 1471 πρὸς
1564 1435 1613 1471 τὴν
1628 1434 1708 1470 φύσιν
1725 1435 1843 1462 ἀποὸλέο

1053 1489 1150 1513 πουσα,
1166 1482 1213 1508 καὶ
1229 1481 1298 1507 κατά
1316 1481 1361 1506 τὸν
1384 1480 1482 1516 Ἰωσὴφ
1499 1479 1713 1514 διαλογιζομένη,
1732 1478 1789 1505 ἀνθ’
1803 1475 1842 1505 ὧν

1055 1526 1279 1562 μεμνηστευμένη
1301 1525 1374 1561 αὑτῷ
1392 1523 1443 1560 ἦν,
1463 1525 1688 1561 ἀνταποκρίνεται
1709 1524 1778 1560 πρὸς
1796 1524 1842 1552 τὸν

1052 1572 1176 1606 ἄγγελον,
1194 1571 1241 1598 καί
1255 1579 1337 1606 φησι·
1353 1581 1362 1596 ί
1382 1571 1442 1602 Πῶς
1457 1571 1529 1597 ἔσται
1550 1579 1594 1606 μοι
1615 1570 1703 1602 τοῦτο,
1721 1570 1781 1596 ἐπεὶ
1794 1571 1842 1598 ἆν-

1052 1617 1104 1652 δρα
1117 1617 1147 1643 οὐ
1165 1616 1307 1650 γινώσκω;
1331 1625 1341 1642 ι
1360 1616 1415 1642 Καὶ
1438 1615 1563 1652 ἐπείπερ,
1584 1612 1709 1651 φησὶν,ὧ
1729 1615 1850 1649 ἄγγελε,

1052 1663 1136 1697 ἄνδρα.
1153 1663 1184 1689 οὺ
1204 1661 1347 1696 γινώσκω,
1367 1662 1398 1688 σὺ
1418 1661 1447 1687 δὲ
1471 1661 1514 1688 διὰ
1539 1660 1597 1692 τοῦ,
1621 1661 1686 1693 ἰδοὺ,
1705 1660 1840 1687 δεικτικοῦ

1053 1709 1256 1744 προσρήματος,
1280 1708 1385 1742 λέγεις,
1411 1717 1420 1733 ε
1444 1708 1509 1734 ’ἰδοὺ
1530 1706 1662 1743 συλλήψῃ,
1679 1717 1688 1733 ι
1713 1708 1750 1739 ὠς
1769 1708 1841 1734 κατα

1053 1755 1146 1790 χρόνον
1168 1754 1313 1781 ἐνεστῶτα·
1335 1753 1394 1785 πῶς
1414 1753 1500 1785 ἔσται,
1510 1753 1559 1779 οὐκ
1571 1751 1638 1779 οἶδα.
1648 1753 1718 1779 Ἀλλ’
1732 1753 1803 1784 εἰπὲ,
1818 1751 1841 1780 ὧ

1051 1798 1160 1832 ἄγγελε,
1168 1799 1214 1824 καὶ
1221 1798 1422 1834 διερμήνευσον,
1434 1807 1443 1823 ι
1450 1797 1507 1829 πῶς
1515 1798 1589 1824 ἔσται
1597 1798 1673 1824 τοῦτο
1681 1807 1687 1831 ;
1694 1807 1703 1823 ι
1714 1798 1842 1834 Ἀποκρι-

1053 1843 1108 1875 Θεὶς
1121 1843 1148 1869 δὲ
1162 1845 1176 1870 6
1194 1843 1317 1877 ἄγγελος,
1336 1841 1412 1869 εἶπεν
1423 1843 1506 1878 αὐτῇ·
1526 1853 1534 1868 t
1553 1843 1664 1879 Πνεῦμα
1687 1843 1762 1877 ἆγιον
1791 1845 1842 1871 ὲπ‹

1052 1889 1191 1915 ελεύσεται
1212 1889 1258 1915 ἐπὶ
1279 1889 1318 1920 σὲ,
1338 1889 1385 1915 καὶ
1410 1888 1523 1924 δύναμις
1542 1889 1667 1924 Ὑψίστου
1681 1889 1838 1916 ἐπισκιάσει

1053 1942 1104 1960 σοι.
1127 1943 1136 1959 ι
1155 1930 1248 1966 Οὗτος,
1264 1933 1356 1969 φησιν,
1369 1933 1491 1969 ὁτρόπος
1505 1934 1554 1969 τῆς
1571 1934 1734 1969 συλλήψεως,
1752 1934 1841 1967 οὕτως

1053 1979 1175 2015 συλλήψῃ
1199 1980 1229 2006 ὲν
1246 1980 1355 2015 γαστρὶ,
1384 1979 1542 2014 Πνεῦματος
1561 1979 1638 2014 ἁγίου
1656 1980 1840 2015 ἐπερχομένου

1053 2034 1103 2057 σοι,
1114 2025 1160 2051 καὶ
1172 2025 1312 2060 δυνάμεως
1326 2025 1452 2060 Ὑψίστου
1471 2024 1681 2060 ὲπισκιαζούσης
1696 2033 1746 2051 σοι.
1761 2034 1770 2050 ‹
1783 2025 1838 2057 Διὸ,

1052 2071 1129 2106 φησι,
1155 2071 1202 2098 καὶ
1221 2071 1251 2097 τὸ
1280 2070 1447 2106 γεννώμενον
1463 2070 1539 2105 ἃγιον
1554 2071 1618 2102 Υἱὸς
1636 2070 1761 2105 Ὑψίστου
1778 2070 1841 2106 κλη-

1052 2116 1174 2152 θήσεται.
1194 2126 1203 2142 ι
1224 2117 1255 2143 Ἡ
1270 2116 1298 2143 δὲ
1314 2116 1361 2143 καὶ
1380 2116 1419 2143 ἔτι
1434 2116 1609 2152 διαποροῦσα,
1634 2117 1703 2152 πλὴν
1724 2118 1841 2152 ἐπευχο-

1053 2162 1119 2197 μένη
1132 2162 1226 2197 ἑαυτῇ,
1239 2162 1305 2197 φησί
1315 2170 1322 2176 δ
1339 2171 1347 2187 ι
1360 2162 1467 2188 Γὲνοιτό
1488 2171 1533 2197 μοι
1551 2162 1619 2188 κατὰ
1632 2162 1662 2188 τὸ
1676 2162 1750 2197 ρἦἀ
1761 2170 1817 2189 σου.
1827 2173 1836 2188 ι

215 2207 387 2240 discessisse,
407 2217 440 2237 ne
456 2211 629 2239 occasionem
652 2212 686 2239 iis
703 2212 880 2247 relinqueret,
896 2212 942 2247 qui
959 2212 1001 2239 di-

1054 2207 1107 2233 Καὶ
1126 2207 1244 2243 ἀπῆλθεν
1265 2207 1312 2234 ἀπ’
1335 2207 1420 2243 αὐτῆς
1441 2208 1454 2234 ὁ
1475 2207 1598 2242 ἄγγελος.
1616 2208 1839 2243 Ἐπισημαίνεται

215 2260 277 2280 cere
294 2254 404 2287 vellent,
420 2255 509 2289 ipsum
524 2257 649 2291 angelum
667 2257 694 2283 in
706 2256 818 2291 Virgine
830 2256 998 2284 habitantem

215 2299 385 2327 incarnatum
416 2301 511 2333 fuisse,
539 2306 586 2329 aut
616 2302 728 2330 verbum
747 2303 834 2338 angeli
850 2302 998 2330 secundum

214 2346 394 2380 prolationem
414 2347 485 2379 soni,
502 2347 720 2376 lncarnationem
740 2353 880 2383 operatum
902 2348 997 2375 fuisse.

216 2390 269 2418 Sed
283 2391 397 2426 indicat,
414 2393 576 2421 abscedente
593 2394 689 2429 angelo
715 2393 847 2428 Spiritum
873 2397 998 2420 sanetum

215 2435 243 2462 in
270 2434 407 2471 Virginem
434 2439 635 2472 supervenisse,
662 2443 690 2466 et
712 2439 839 2466 virtutem
865 2439 997 2466 Altissimi

214 2481 394 2510 obumbrasse
422 2483 461 2510 illi
477 2494 485 2511 :
500 2488 583 2519 atque
599 2485 637 2511 ita
651 2484 759 2512 demum
774 2485 937 2519 completum
957 2487 998 2511 est

216 2531 324 2551 sacrum
340 2527 525 2561 puerperium.
540 2527 645 2561 Quibus
659 2532 702 2556 est
726 2529 825 2556 iterum
842 2529 998 2556 necessario

215 2570 408 2603 insistendum,
425 2579 456 2599 ac
469 2574 698 2601 considerandum
711 2582 764 2609 qua
777 2575 881 2601 ratione
893 2574 926 2601 ad
936 2573 999 2601 Vir-

215 2615 304 2650 ginem
319 2617 421 2645 dictum
439 2619 490 2647 sit:
513 2628 522 2645 (
543 2619 660 2655 Spiritus
687 2625 798 2649 sanctus
826 2621 999 2656 superveniet

217 2662 243 2688 in
260 2668 328 2694 lc.et
340 2669 425 2692 Virtus
439 2665 570 2694 Altissimi
586 2667 760 2694 obumbrabit
772 2667 830 2694 tibi.
846 2677 855 2693 ›
870 2666 997 2701 Nunquid

216 2708 308 2735 eodem
328 2709 407 2736 modo
439 2718 493 2745 quo
517 2711 551 2738 ad
574 2713 713 2747 apostolos
740 2713 829 2739 aiebat
855 2712 995 2743 Christus,

220 2762 230 2778 ε
243 2752 296 2781 Vos
313 2760 402 2783 autem
427 2756 520 2784 sedete
540 2758 567 2785 in
590 2759 701 2786 civitate
723 2758 884 2791 Jerusalem,
910 2758 997 2786 donec

252 2813 274 2829 ³³
293 2814 358 2842 Luc.
373 2824 390 2847 r,
409 2816 458 2848 28,
472 2817 517 2844 ‘29.
555 2818 578 2834 "
596 2818 661 2846 ibid.
679 2818 772 2846 50-53.
810 2819 830 2834 ³⁷
852 2818 916 2845 ibid.
936 2818 980 2845 55.
1017 2817 1042 2834 ³³
1058 2817 1122 2844 ibid.
1141 2817 1184 2844 35.
1224 2818 1246 2834 ”
1267 2818 1331 2846 ibid.

255 2860 320 2895 (4³5⁸)
338 2861 427 2895 ναις-η
442 2862 487 2889 τόν
512 2862 589 2890 Enn.

1051 2253 1105 2288 γὰρ
1119 2252 1197 2279 τοῦτο
1209 2253 1223 2279 6
1245 2253 1450 2288 εὐαγγελιστὴς,
1472 2253 1512 2279 ὅτι
1528 2252 1647 2288 ἀπῆλθεν
1662 2254 1707 2280 ἀπ’
1721 2253 1806 2288 αὐτῆς
1823 2255 1838 2280 6

1052 2298 1176 2333 ἄγγελος,
1199 2299 1241 2325 ἵνα
1264 2299 1301 2334 μὴ
1324 2298 1473 2334 καταλείψῃ
1497 2299 1624 2335 ἀφορμὴν
1644 2300 1700 2330 τοῖς
1716 2299 1837 2325 ἐθέλουσι

1051 2344 1150 2379 λέγειν,
1165 2345 1206 2371 ὅτι
1222 2345 1303 2376 αὐτὸς
1317 2345 1331 2371 6
1346 2344 1458 2379 ἄγγελος
1472 2345 1614 2380 ὲνοικήσας
1625 2345 1653 2371 έν
1663 2345 1695 2380 τῇ
1707 2345 1838 2381 Παρθένῳ

1051 2391 1206 2427 ἐσαρκώθη,
1229 2392 1289 2418 οὐδὲ
1310 2392 1351 2419 ὅτι
1368 2393 1382 2418 6
1402 2392 1479 2427 λόγος
1502 2392 1583 2418 αὐτοῦ
1600 2393 1678 2419 κατὰ
1697 2393 1837 2428 προφορὰν

1050 2439 1214 2474 ἁπηχήσεως
1240 2439 1374 2473 ἐνήργησε
1399 2438 1448 2473 τὴν
1471 2438 1674 2474 ὲνανθρώπησιν
1686 2446 1694 2454 ν
1718 2438 1776 2465 ἀλλ’
1795 2439 1837 2465 ὃτι

1050 2484 1211 2515 ἀπελθόντος
1221 2483 1268 2510 τοῦ
1281 2483 1396 2518 ἀγγέλου
1410 2483 1526 2518 ἐπῆλθεν
1540 2485 1585 2510 ἐπὶ
1598 2484 1645 2519 τὴν
1657 2484 1793 2519 Παρθένον
1806 2484 1838 2511 τὸ

1050 2530 1126 2564 ἅγιον
1140 2530 1262 2565 Πνεῦμα,
1273 2530 1321 2556 καὶ
1337 2530 1499 2557 ἐπεσκίασεν
1512 2530 1579 2566 αὐτῇ
1598 2531 1614 2565 ἡ
1631 2530 1744 2565 δύναμις
1761 2529 1838 2565 ’Υψι-

1049 2583 1111 2602 στου
1121 2584 1128 2590 ·
1142 2576 1188 2602 καὶ
1195 2575 1280 2607 οὕτως
1289 2575 1400 2612 ὕστερον
1412 2576 1537 2612 ἐτελέσθη
1548 2576 1577 2602 τὸ
1587 2577 1718 2612 σωτήριον
1729 2576 1780 2611 κύη
1786 2585 1835 2612 μα.

1052 2622 1137 2657 ’Υπὲρ
1150 2619 1187 2649 ὧν
1201 2623 1248 2649 καὶ
1261 2621 1338 2654 αὖθις
1349 2622 1401 2658 χρὴ
1417 2622 1486 2649 κατὰ
1502 2622 1532 2649 τὺ
1546 2622 1767 2659 (45⁸),ἀναγκαῖον
1775 2623 1838 2649 ἐπι-

1047 2668 1156 2703 σΰῆσαι,
1165 2668 1212 2694 καὶ
1222 2668 1431 2703 ἐπισκέψασοαι,
1444 2669 1502 2700 πῶς
1509 2669 1614 2704 εἴρηται
1630 2668 1698 2703 πρὸς
1709 2669 1757 2704 τὴν
1765 2669 1839 2704 Παρο

1048 2713 1123 2740 θένον
1136 2723 1142 2729 ·
1163 2724 1171 2740 ε
1186 2715 1297 2750 Πνεῦμα
1314 2715 1390 2749 ἆγιον
1412 2715 1585 2742 ἐπελεύσεται
1607 2715 1652 2741 ἐπὶ
1673 2715 1713 2746 σὲ,
1731 2715 1778 2741 καὶ
1791 2714 1837 2742 δύ-

1047 2766 1127 2792 ναμις
1150 2758 1275 2793 Ὑψίστου
1299 2759 1453 2786 ἐπισκιάσει
1471 2768 1520 2786 σοι.
1546 2769 1555 2785 ι
1574 2758 1647 2796 Ἆρα
1669 2759 1722 2796 γὰρ
1740 2759 1845 2795 ὥσπερ.

1388 2819 1410 2835 “
1430 2819 1495 2846 ibid.
1513 2819 1556 2846 58.
