1940 3067
130 145 184 172 9'39

577 141 692 169 SERRIO
714 141 746 169 IN
767 141 1079 169 ANNUNTIATIONEM
1103 141 1273 169 DElI’AR/E.

1702 143 1754 172 950

129 203 176 231 καὶ
196 202 263 238 πρὸς
277 203 339 233 τοὺς
359 200 527 231 ἀποστόλους
551 200 626 234 ἔλεγε
640 200 767 236 Χριστὸς,
794 209 803 225 ι
827 199 913 235 Ὑμεῖς

972 199 1124 227 induamini
1150 199 1251 226 virtute
1265 207 1299 227 ex
1323 199 1378 226 alto
1392 200 1426 231 “,
1445 209 1455 226 ι
1474 199 1579 236 Spiritu
1607 204 1704 229 sancto
1725 200 1754 227 in

129 250 156 276 δὲ
193 248 322 275 καθίσατε
348 248 377 273 ὲν
416 247 449 282 τῇ
475 246 549 272 πόλει
574 245 767 281 Ἰερουσαλὴμ,
799 245 852 277 ἕως
889 242 920 271 οὑ

128 294 272 329 ἐνδύσησθε
292 293 404 328 δύναμιν
419 292 448 324 ἐξ
470 292 563 326 ὕψους,
583 302 591 318 ι
609 291 766 323 ὲπελθόντος
776 291 823 317 τοῦ
841 291 919 325 ἁγίου

129 340 285 375 Πνεύματος
310 339 352 373 ἐφ’
367 339 454 373 ὑμᾶ;;
469 338 566 373 ἐπίσης
587 338 641 374 γὰρ
657 339 674 373 ἠ
697 337 857 371 ἐπαγγελία,
872 338 920 364 καὶ

127 388 159 413 ἐκ
172 386 218 412 τοῦ
236 386 292 412 ἴσου
303 385 402 420 τρόπου
416 384 600 419 λαμϐάνεσθαι
612 383 734 416 δύναται,
745 383 860 418 ἐπείπερ
872 383 918 409 καὶ

127 432 242 458 ἱνταῦθα
264 432 376 466 δύναμιν
387 431 416 464 ἐξ
432 431 560 465 ’Υψίστου
580 430 772 457 ἐπελεύσεσθαι
795 430 840 456 ἐπὶ
855 430 918 461 τοὺς

127 478 292 510 ἀποστόλους
306 478 353 504 καὶ
367 477 525 512 Πνεύματος
546 477 623 511 ἁγίου
635 477 796 512 παρουσίαν.
810 476 842 502 Τί
854 474 918 507 οὖν;

970 254 1019 273 vos
1039 246 1266 282 superveniente?
1289 245 1413 280 Equalis
1429 247 1529 282 quippe
1544 251 1585 274 est
1599 246 1754 282 promissio,

971 295 998 319 et
1016 291 1073 326 pari
1096 291 1201 318 ratione
1229 291 1314 325 accipi
1342 295 1440 325 potest,
1469 292 1690 326 quandoquidem
1711 292 1756 318 hic

971 344 1079 373 quoque
1090 337 1200 367 dicitur,
1222 337 1350 364 virtutem
1365 345 1397 364 ex
1409 336 1551 365 Altissimo
1567 339 1593 365 in
1617 338 1755 373 apostolos

972 384 1159 414 adventuram,
1178 389 1228 409 nec
1244 389 1298 409 non
1317 381 1435 417 Spiritus
1459 383 1546 409 sancti
1572 385 1753 418 praesentiam.

971 428 1040 460 Quid
1057 428 1156 463 igitur?
1170 427 1251 462 339
1266 427 1334 454 Num
1352 429 1422 455 sicut
1451 430 1583 463 apostolis
1598 430 1711 464 spiritus
1728 433 1756 457 ct

971 475 1058 501 virtus
1070 474 1203 501 Altissimi
1221 474 1400 508 promittitur,
1413 474 1450 501 ita
1465 483 1574 510 quoque
1593 475 1719 510 Virgini?

126 522 142 550 ἆ
149 533 182 560 ρα
195 526 231 556 ὡς
240 524 306 560 πρὸς
315 525 378 556 τοὺς
385 524 547 555 ἀποστόλους
556 524 585 550 το
597 523 710 558 Πνεῦμα
721 523 767 550 καὶ
779 524 795 558 ἡ
804 523 916 557 δύναμις
924 520 970 547 τοῦ
985 520 1111 555 Ὑψίστου
1120 520 1297 555 ἐπήγγελται,
1306 520 1390 551 οὕτως
1404 521 1526 556 καὶπρὸς
1537 522 1585 556 τὴν
1599 521 1736 557 Παρθένον
1748 531 1755 552 ;

161 570 188 596 9.
205 571 258 596 Καὶ
275 571 300 596 εί
317 570 366 605 μὲν
382 570 467 601 οὕτως
490 570 584 605 ὥσπερ
599 570 646 596 καὶ
662 571 701 601 είς
715 570 778 601 τοὺς
796 569 912 596 ἀποστό-

127 620 199 647 λους,
215 616 262 643 καὶ
286 617 302 651 ἡ
322 617 435 651 δύναμις
451 617 496 643 τοῦ
514 616 640 650 Ὑψίστου
666 615 712 642 καὶ
734 617 750 650 ἡ
774 615 914 646 ὲπέλευσις

127 661 173 688 τοῦ
192 661 349 697 Πνεύματος
366 662 477 695 γέγονε,
506 661 553 688 καὶ
570 661 598 686 ὲν
622 661 678 692 τοῖς
702 660 860 691 ἀποστόλοις
883 659 914 686 οὗ

126 707 348 742 παρηκολούθησε
358 708 510 743 σάρκωσις·
527 706 616 742 δῆλον,
627 707 666 733 ὅτι
679 706 827 740 (45")0515
839 707 868 732 ὲν
881 707 914 740 τῇ

127 753 260 788 Παρθένῳ
271 754 288 788 ἠ
303 753 415 788 δύναμις
431 752 585 788 ὲσαρκώθη,
595 752 657 778 οὔτε
668 751 698 778 τὸ
715 752 826 787 Πνεῦμα
840 753 916 786 ἐνην-

126 797 271 834 θρώπησεν
281 819 288 831 ,
306 800 329 825 εἰ

125 844 265 877 θεολογίας
289 844 398 878 λέγεται
424 843 537 879 δύναμις
556 843 695 878 Ὑψίστου.

126 889 156 916 ἑν
169 891 225 921 τοῖς
236 889 394 920 ἀποστόλοις
408 890 424 925 ἡ
437 889 552 924 δύναμις
577 889 644 924 πρὸς
660 889 690 915 τὸ
706 888 833 915 δύνασθαι
847 889 916 915 κατὰ

126 936 216 969 πάσης
234 935 425 971 ἀντικειμένης
454 935 594 970 δυνάμεως
622 935 740 969 ἐγένετο,
762 935 808 961 καὶ
831 937 847 969 ἡ
866 936 915 960 ἒπ-

126 979 230 1012 έλευσις
237 980 284 1007 τοῦ
293 980 362 1007 Πνεύ
367 989 450 1015 ματος
462 980 522 1007 καθ’
535 981 583 1008 ὅλα
594 981 627 1007 τὰ
637 980 773 1012 οὑσιωδῶς
780 980 916 1017 προσόντα

732 843 800 870 Ἀλλ’
821 843 843 870 ὦ
848 852 896 870 σπε
901 853 916 879 ρ

126 1033 211 1067 αὐτῷ,
229 1034 375 1069 ὲνεργοῦσα
396 1035 424 1060 ὲν
443 1035 508 1061 πᾶσι
535 1035 667 1070 σημείοις,
684 1035 731 1061 καὶ
746 1034 852 1069 τέρασι,
868 1034 915 1060 καὶ

125 1079 267 1114 δυνάμεσι,
281 1079 348 1115 πρὸς
365 1079 508 1115 βεϐαίωσιν
526 1081 572 1106 καὶ
584 1080 716 1106 πίστωσιν
732 1080 781 1114 τῆς
796 1079 914 1114 Χριστοῦ

126 1124 308 1159 ὲπαγγελίας’
332 1125 403 1152 οὕτω
417 1127 464 1152 καὶ
482 1127 528 1152 ἐπὶ
543 1127 575 1161 τῇ
593 1126 723 1162 Παρθένῳ
740 1127 755 1162 ἡ
774 1126 915 1157 ὲπέλευσις

125 1170 174 1198 τοῦ
190 1171 259 1198 lived
264 1180 346 1206 ματος
357 1171 474 1206 ἐγένετο,
485 1172 513 1198 ὲν
528 1173 594 1198 πᾶσι
610 1173 666 1204 τοῖς
679 1166 817 1204 οὑσιωδῶς
830 1181 916 1208 προσ-

125 1217 201 1244 οὖσιν
215 1217 288 1252 αὐτῷ
295 1217 365 1243 κατὰ
378 1218 427 1253 τὴν
443 1218 582 1253 θεαρχίαν,
600 1218 678 1254 χάριν
693 1218 833 1254 ἐμποιοῦν,
847 1219 915 1254 πρὸς

125 1264 158 1290 τὸ
174 1264 203 1290 ὲν
227 1265 292 1290 πᾶσι
314 1265 420 1300 χαίρειν
438 1265 532 1299 αὑτήν.
555 1265 685 1299 Ἐπείπερ
709 1265 755 1291 καὶ
770 1265 813 1292 διὰ
837 1265 914 1292 τοῦτο

126 1310 334 1345 κεχαριτωμένη
351 1310 579 1346 προσωνομάσθη,
595 1310 638 1337 διὰ
653 1311 683 1337 τὸ
703 1311 731 1337 ὲν
751 1311 852 1342 πάσαις
866 1311 915 1346 χά-

125 1370 183 1397 ρισι
195 1363 255 1394 ταῖς
266 1362 309 1388 διὰ
320 1362 366 1389 τοῦ
383 1361 450 1388 Πνεύ
456 1371 537 1397 ματος
549 1362 740 1398 ἐμπεπλῆσθαι
753 1363 837 1397 αὑτήν
848 1371 854 1377 ⁸
867 1363 914 1389 καὶ

124 1407 239 1443 δύναμιν
260 1408 387 1443 Ὑψίστου
418 1408 587 1440 ἐπισκιάζειν
612 1408 698 1443 αὐτῇ,
716 1409 762 1435 καὶ
790 1408 861 1443 ἔχειν
884 1409 913 1434 ὲν

124 1454 209 1480 παντὶ
224 1453 312 1489 χρόνῳ
329 1453 368 1488 τῷ
385 1453 455 1479 κατὰ
474 1453 523 1488 τὴν
541 1453 684 1488 σύλληψιν,
703 1453 872 1479 πεπίστευκα
885 1452 913 1479 δὲ

123 1498 167 1525 ὅτι
183 1499 229 1525 καὶ
248 1498 317 1533 μετὰ
337 1499 386 1534 τὴν
411 1499 549 1533 σύλληψιν.
567 1499 634 1525 Οὐδὲ
647 1499 701 1534 γὰρ
718 1499 785 1534 πρὸς
806 1499 911 1534 καιρὸν,

123 1544 164 1576 ὡς
179 1544 320 1580 πείθομαι,
337 1545 415 1571 τοῦτο
434 1545 543 1579 ἐγένετο
566 1545 594 1571 ὲν
608 1546 641 1580 τῇ
663 1544 802 1580 Παρθένῳ,
817 1544 873 1571 ἀλλ’
885 1546 913 1571 ὲν

125 1589 209 1615 παντὶ
222 1589 320 1624 καιρῷ,
336 1590 383 1616 καὶ
399 1590 468 1621 τότε,
491 1590 536 1616 καὶ
549 1589 605 1622 νῦν,
622 1590 668 1616 καὶ
685 1590 724 1622 είς
742 1588 772 1615 τὸ
789 1589 912 1625 διηνεκὲς

125 1634 339 1667 ὲπισκιάζουσαν
351 1636 420 1670 αὐτῇ
432 1635 530 1670 ἔχουσα
542 1636 591 1671 τὴν
603 1635 717 1670 δύναμιν
727 1635 774 1662 τοῦ
786 1635 913 1669 Ὑψίστου

126 1680 144 1715 ἡ
164 1680 313 1715 Παρθένος,
329 1681 375 1707 καὶ
387 1680 434 1716 τὴν
451 1681 591 1707 ἐπέλευσιν
605 1681 650 1707 τοῦ
663 1682 741 1714 ἁγίου
758 1681 914 1716 Πνεύματος

125 1727 315 1762 ἐπερχομένην
334 1727 419 1762 αὑτῇ·
445 1728 489 1754 ἵνα
510 1728 717 1763 κεχαριτωμένη
736 1728 814 1764 μένῃ.
836 1727 914 1754 Οὕτω

125 1778 182 1813 γὰρ
209 1777 386 1813 διανοούμεθα
412 1779 476 1813 περὶ
494 1779 599 1804 τούτου·
620 1777 710 1805 Ἦσαν
735 1779 802 1814 αὑτῇ
826 1778 915 1805 πάντα

125 1823 334 1858 κεχαριτωμένα
348 1823 392 1850 διὰ
408 1823 455 1850 τοῦ
476 1824 636 1860 Πνεύματος
652 1825 699 1851 κα)⁸
712 1824 761 1859 τῆς
776 1825 823 1851 τοῦ
839 1824 915 1859 ’Υψι-

128 1876 192 1895 στου
207 1869 363 1903 δυνάμεως
379 1869 425 1896 καὶ
443 1870 501 1904 οὐχ,
520 1870 557 1901 ὡς
578 1871 603 1896 oi.
620 1870 751 1905 αἱρετικοί
765 1879 857 1904 φασιν,
872 1871 914 1898 ὃτι

125 1913 253 1950 ἐνέργειά
265 1923 306 1946 τις
317 1915 391 1950 παρά
406 1915 452 1941 τοῦ
464 1915 621 1950 Πνεύματος
633 1916 740 1950 ἐγένετο
755 1918 783 1943 ὲν
795 1918 827 1952 τῇ
839 1918 914 1952 Παρ-

128 1959 208 1996 θένῳ,
221 1960 267 1987 τοῦ
284 1961 442 1995 τελεσθῆναι
460 1961 509 1997 τὴν
533 1960 680 1997 σέρκωσιν.
698 1962 756 1989 Κᾶν
779 1963 832 1998 γὰρ
850 1963 913 1990 ἄνευ

130 2007 245 2042 σπορᾶς,
255 2006 303 2041 οὐχ
320 2006 390 2032 οὕτω
403 2006 502 2042 φαμὲν,
515 2007 554 2033 ὅτι
567 2006 638 2033 κατὰ
653 2007 702 2043 τὴν
716 2007 847 2043 διαίρεσιν
860 2008 913 2035 τῶν

127 2052 306 2088 χαρισμάτων
322 2051 369 2078 τοῦ
392 2053 549 2088 Πνεύματος
564 2053 729 2088 διαιροῦντος
746 2053 808 2089 ἰδίᾳ,
823 2053 914 2086 καθὼς

129 2097 264 2133 βούλεται,
279 2098 428 2134 διεπλάσθη
446 2098 523 2134 σὰρξ,
541 2099 616 2134 παρὰ
630 2099 679 2134 τὴν
696 2099 844 2126 ὑπόστασιν
863 2101 914 2136 τὴν

125 2149 309 2182 ὲξιδιάζουσαν
327 2150 374 2176 τοῦ
398 2150 461 2177 Υἱοῦ
476 2149 521 2176 τοῦ
546 2149 623 2183 Θεοῦ,
650 2149 687 2186 μὴ
703 2150 822 2184 γένοιτοί
838 2151 917 2178 τοῦτο

125 2195 181 2231 γὰρ
198 2196 227 2222 τὺ
242 2196 313 2223 οὓτω
331 2198 439 2232 φρονεῖν
459 2196 566 2223 Παύλου
586 2196 634 2223 τοῦ
649 2197 828 2232 Σαμοσατέως
844 2198 913 2230 ἐστὶ,

125 2242 174 2268 καὶ
187 2241 240 2268 τῶν
252 2241 353 2268 λοιπῶν
371 2241 531 2277 αίρετικῶν·
551 2242 608 2269 ἀλλ’
622 2241 693 2269 οὕτω
708 2242 822 2278 λέγομεν
840 2242 911 2270 κατὰ

124 2287 175 2323 τὴν
189 2287 245 2314 τῶν
270 2287 419 2323 ὸρθοδόξων
442 2288 584 2323 δογμάτων
598 2287 747 2323 ὀρθότητα,
769 2289 809 2315 ὄτι
830 2288 911 2315 δυνά-

126 2341 199 2369 μεως
224 2333 271 2360 καὶ
296 2333 454 2369 Πνεύματος
481 2333 602 2369 ἐπλήσθη
631 2333 648 2369 ὴ
671 2333 816 2370 Παρθένος.
839 2334 911 2370 Πρὸς

122 2379 260 2415 ἀγιασμὸν
280 2379 371 2415 μέντοι
396 2380 443 2416 τῆς
468 2380 569 2415 σαρκὸς
594 2379 698 2414 αὐτῆς,
716 2381 763 2407 καὶ
787 2380 856 2416 πρὸς
880 2381 910 2407 τὸ

121 2426 252 2453 δύνασθαι
265 2426 356 2462 φέρειν
369 2426 399 2452 τὸ
409 2427 540 2462 σωτήριον
548 2425 652 2461 κύημα,
665 2426 750 2458 οὕτως
759 2426 912 2458 ἀκολούθως

121 2473 192 2508 αὐτῇ
208 2474 224 2506 ἡ
242 2473 300 2499 θεία
316 2473 363 2499 τοῦ
378 2472 465 2506 Λόγου
485 2472 644 2504 ὑπόστασις,
667 2471 860 2508 ὲνσκηνώσασα
879 2475 908 2500 ὲν

122 2520 204 2554 αὑτῇ,
216 2519 360 2556 ἐσαρκώθη
375 2520 422 2546 καὶ
437 2519 648 2555 ὲνηνθρώπησεν
658 2529 664 2534 ·
684 2520 714 2546 οὑ
729 2519 842 2555 δυνάμει
861 2521 908 2546 καὶ

122 2565 257 2600 ἐνεργείᾳ,
270 2565 329 2592 ’ἀλλ’
348 2566 504 2598 ὑποστάσει,
521 2565 580 2592 καθ’
593 2566 653 2592 ὅλον
663 2565 694 2592 τὸ
709 2565 845 2602 πλήρωμα
859 2557 909 2601 τῆς

122 2621 258 2656 θεότητος,
274 2621 343 2656 αὑτὴ
360 2622 377 2656 ἡ
392 2621 517 2657 ἀρχίθεος
536 2620 582 2647 καὶ
595 2619 761 2656 ὑπεράρχιος
780 2619 826 2646 τοῦ
843 2619 908 2647 Υίοῦ

121 2667 170 2694 τοῦ
196 2668 262 2694 Θεοῦ
287 2668 434 2699 ὑπόστασις
461 2666 603 2708 ὲσαρκῴθη
628 2667 675 2693 καὶ
701 2666 905 2703 ὲνηνθρώπησε.

123 2712 327 2748 Προαπεδειχθη
342 2712 406 2748 γὰρ,
420 2713 461 2740 ὅτι
477 2713 525 2748 οὺχ
538 2713 695 2744 ὑπόστασις,
707 2712 763 2739 ἀλλ’
779 2713 872 2748 ὥσπερ
889 2714 906 2748 ἡ

122 2762 200 2788 οὐσία
210 2763 257 2789 καὶ
265 2763 282 2798 ὴ
296 2762 414 2796 ἐξουσία,
424 2763 470 2788 καὶ
480 2762 613 2796 βασιλεία,
626 2762 672 2789 καὶ
683 2762 717 2789 τὰ
729 2761 795 2788 ἄλλα
807 2762 905 2794 πάντα,

121 2805 141 2834 ἃ
160 2807 228 2833 κατά
249 2807 387 2841 θεολογίαν
405 2807 596 2843 προτέθειται,
613 2807 662 2842 οὐχ
676 2807 823 2839 ὑπόστασις
842 2807 906 2834 ἕκα-

142 2853 164 2868 ⁸¹
187 2852 253 2881 Luc.
273 2861 337 2880 uiv
350 2873 356 2884 ,
374 2853 420 2880 49.

160 2899 238 2934 (63⁸⁸)
257 2899 346 2934 γυιε,,
359 2898 489 2934 δηλονότι.
507 2898 585 2927 Εοιτ.

965 567 983 580 "'
996 566 1022 595 9.
1031 566 1108 599 Quod
1120 567 1154 600 si,
1164 571 1192 593 ut
1201 567 1227 593 in
1237 566 1378 601 apostolis,
1389 567 1476 594 virtus
1485 567 1615 594 Altissimi
1627 573 1652 595 et
1661 567 1757 595 adven-

968 616 1013 640 tus
1023 613 1141 648 Spiritus
1153 612 1238 639 sancti
1248 613 1305 642 l'uit.
1313 618 1337 639 el
1347 612 1374 639 in
1383 613 1512 646 apostolis
1523 621 1576 640 non
1585 618 1626 640 est
1634 613 1756 641 incarna-

969 660 1007 687 tio
1016 659 1172 690 subsecuta,
1181 666 1230 685 nec
1238 658 1264 684 in
1277 657 1385 692 Virgine
1394 658 1476 692 igitur
1484 658 1570 685 virtus
1579 663 1619 686 est
1628 660 1756 686 incarna-

971 709 1009 736 ta,
1019 712 1105 740 neque
1115 704 1233 739 Spiritus
1244 704 1324 731 homo
1336 704 1423 731 lactus
1431 708 1482 736 est,
1492 705 1599 732 etiamsi
1607 704 1690 732 Filius
1699 706 1756 739 ipse

969 751 1047 786 juxta
1055 758 1226 778 communem
1237 749 1377 785 theologia:
1383 758 1462 778 usum
1471 750 1578 778 dicatur
1584 751 1671 778 virtus
1678 751 1697 777 A
1703 751 1757 778 ltis-

357 799 404 825 καὶ
425 798 505 830 αὐτὸς
528 799 542 824 ὁ
564 798 636 829 ’Υἱὸς
652 798 722 824 κατὰ
748 797 913 832 κοινολογίαν

967 798 1039 824 simi.
1048 797 1100 824 Sed
1114 797 1185 823 sicut
1196 796 1224 823 in
1232 797 1368 830 apostolos
1377 796 1436 824 ideo
1444 796 1533 824 virtus
1542 797 1694 828 advenit,ut
1701 797 1755 824 vim

970 844 1008 870 illi
1022 843 1152 870 haberent
1160 847 1254 869 contra
1263 850 1370 869 omnem
1388 842 1572 870 adversariam
1581 847 1756 877 potestatem,

969 889 1072 924 fuitque
1085 889 1216 915 adventus
1228 887 1345 923 Spiritus
1358 889 1506 916 secundum
1517 889 1607 916 omnia
1619 897 1678 924 qua:
1691 889 1756 916 sub-

968 928 1197 962 stantialilcrineo
1203 939 1276 966 sunt,
1283 942 1399 969 operans
1408 935 1435 961 in
1442 935 1657 971 omnibussignis
1664 941 1690 963 et
1697 944 1757 972 pro-

967 981 1048 1016 digiis
1061 984 1087 1008 ct
1098 980 1244 1008 virtutibus
1255 980 1287 1007 ad
1304 981 1518 1008 continuandam
1535 986 1562 1009 et
1581 983 1754 1010 asserendam

967 1026 1068 1053 Christi
1080 1026 1306 1062 promissionem;
1320 1026 1354 1052 ita
1365 1029 1392 1053 et
1404 1025 1431 1052 in
1442 1025 1551 1061 Virgine
1562 1026 1612 1054 fuit
1623 1027 1755 1055 adventus

969 1072 1086 1107 Spiritus
1094 1072 1191 1104 sancti,
1200 1079 1260 1100 cum
1268 1072 1395 1099 omnibus
1402 1080 1463 1107 quae
1470 1072 1715 1101 substantialilerin
1721 1081 1756 1101 eo

968 1122 1032 1145 sunt
1043 1118 1148 1145 ratione
1159 1118 1242 1145 divini
1253 1118 1433 1153 principatus.
1444 1119 1560 1153 gratiam
1569 1119 1607 1146 illi
1619 1119 1753 1152 tribuens,

968 1168 999 1192 ut
1013 1164 1041 1191 in
1063 1164 1190 1191 omnibus
1217 1164 1262 1191 illa
1280 1164 1421 1200 gauderet.
1443 1154 1583 1199 Siquidem
1609 1172 1642 1193 eo
1666 1166 1754 1201 gratia

969 1212 1048 1247 plena
1061 1216 1157 1239 vocata
1169 1215 1211 1239 est
1227 1213 1298 1247 quod
1314 1212 1440 1239 omnibus
1455 1220 1503 1247 per
1514 1211 1645 1247 Spiritum
1658 1213 1754 1248 gratiis

970 1258 1074 1293 repleta
1091 1262 1174 1288 esset.
1188 1264 1215 1285 et
1230 1258 1302 1293 quod
1319 1259 1405 1286 virtus
1422 1257 1557 1286 Altissimi
1575 1258 1755 1286 obumbraret

968 1304 1038 1339 ipsi;
1051 1304 1177 1338 quodque
1188 1304 1213 1331 id
1229 1295 1339 1331 haberet
1349 1308 1407 1331 toto
1418 1303 1606 1340 conceptionis
1620 1308 1752 1340 tempore,

965 1348 1030 1381 imo,
1042 1353 1072 1376 ut
1083 1349 1175 1380 credo,
1185 1348 1268 1377 etiam
1277 1353 1337 1384 post
1349 1351 1563 1384 conceptionem.
1577 1350 1669 1385 Neque
1682 1351 1754 1378 enitn

968 1393 1086 1421 arbitror
1100 1393 1134 1420 ad
1150 1399 1258 1429 tempus
1281 1394 1308 1421 in
1325 1393 1434 1429 Virgine
1462 1394 1562 1422 factum
1589 1395 1656 1422 illud
1680 1403 1752 1425 esse.

964 1439 1011 1466 sed
1028 1440 1100 1466 omni
1115 1444 1245 1475 tempore,
1261 1443 1288 1467 et
1309 1443 1377 1473 tum,
1395 1444 1422 1467 et
1434 1440 1502 1474 jam,
1516 1441 1577 1468 etin
1595 1445 1753 1475 perpetuum

926 1480 947 1508 C
964 1483 1046 1511 habet
1063 1483 1145 1518 Virgo
1159 1484 1366 1512 obumbrantem
1387 1485 1438 1512 sibi
1458 1485 1586 1513 virtutem
1603 1485 1748 1517 Altissimi,

964 1533 991 1555 et
1016 1527 1148 1563 Spiritum
1170 1529 1196 1556 in
1226 1537 1256 1556 se
1285 1530 1538 1564 supervenientem;
1565 1531 1696 1558 nimirum
1725 1534 1754 1558 ut

963 1574 1052 1608 gratia
1081 1575 1159 1609 plena
1186 1579 1304 1602 maneat.
1337 1574 1394 1602 Hoc
1413 1575 1486 1603 enim
1515 1580 1596 1610 pacto
1617 1583 1649 1603 ea
1669 1575 1702 1603 de
1724 1583 1754 1602 re

964 1618 1118 1653 cogitamus
1135 1629 1141 1646 :
1158 1618 1243 1646 Erant
1254 1620 1279 1648 ei
1300 1621 1391 1647 omnia
1410 1621 1498 1655 gratia
1514 1621 1592 1656 plena
1621 1629 1669 1656 per
1693 1620 1753 1657 Spi-

965 1665 1048 1692 ritum
1084 1670 1223 1699 sanctum,
1246 1671 1273 1694 et
1296 1675 1345 1702 per
1374 1667 1503 1695 virtutem
1531 1667 1676 1696 Altissimi.
1701 1668 1753 1696 Ne-

965 1719 1031 1746 que,
1058 1715 1087 1738 ut
1118 1712 1196 1740 aiunt
1223 1713 1354 1745 haeretici,
1371 1714 1461 1749 aliqua
1483 1713 1631 1750 ὲνέργειαο
1650 1713 1752 1750 Spiritu

967 1761 1063 1784 sancto
1077 1757 1148 1784 facta
1163 1762 1205 1786 est
1219 1758 1246 1785 in
1262 1758 1383 1794 Virgine,
1401 1763 1432 1786 ut
1458 1760 1641 1795 compleretur
1655 1755 1753 1787 incar-

965 1803 1049 1831 natio.
1061 1802 1119 1830 Etsi
1132 1803 1204 1831 enim
1217 1804 1320 1839 absque
1329 1805 1443 1836 semine,
1455 1813 1510 1832 non
1522 1806 1638 1834 dicimus
1651 1811 1751 1837 tamen.

965 1857 1013 1884 per
1024 1849 1185 1877 divisionem
1195 1851 1340 1885 gratiarum
1357 1850 1475 1886 Spiritus
1483 1852 1629 1880 dividentis
1638 1853 1751 1887 singulis

965 1899 1046 1928 prout
1057 1894 1123 1927 vult,
1137 1894 1303 1922 eil‘ormatam
1316 1895 1400 1923 fuisse
1410 1903 1520 1923 carnem
1532 1897 1604 1924 circa
1613 1898 1751 1932 propriam

965 1938 1024 1967 Filii
1036 1939 1083 1967 Dei
1097 1940 1266 1976 hypostasin,
1276 1941 1362 1969 absit!
1376 1941 1516 1976 Ejusmodi
1526 1943 1597 1971 enim
1606 1944 1750 1976 sententia,

965 1983 1040 2012 Pauli
1058 1984 1226 2013 Samosateni
1244 1990 1271 2014 et
1294 1987 1459 2022 reliquorum
1479 1988 1666 2016 haereticorum
1692 1992 1748 2022 est;

965 2030 1012 2058 sed
1036 2031 1074 2058 ita
1096 2031 1212 2060 dicimus
1236 2033 1387 2060 secundum
1407 2034 1619 2062 orthodororum
1644 2034 1751 2070 dogma-

966 2082 1024 2105 tum
1036 2078 1180 2113 puritatem
1191 2089 1196 2106 :
1206 2079 1282 2112 Quod
1291 2080 1390 2108 virtute
1398 2084 1424 2107 et
1434 2080 1535 2116 Spiritu
1545 2086 1641 2109 sancto
1649 2082 1750 2116 repleta

970 2123 1006 2151 sit
1014 2123 1107 2159 Virgo,
1117 2132 1178 2152 cum
1188 2125 1220 2152 ad
1232 2125 1473 2154 sancttlicationem
1483 2127 1574 2154 carnis
1582 2135 1648 2159 suae,
1658 2132 1712 2155 tum
1721 2132 1750 2156 ut

968 2173 1060 2204 posset
1068 2175 1174 2205 gestare
1185 2171 1331 2199 salutarem
1343 2171 1437 2199 fetum.
1449 2171 1505 2200 Hoc
1515 2177 1594 2206 pacto
1602 2170 1682 2208 igitur
1690 2174 1749 2209 ipsa

964 2214 1056 2241 divina
1067 2214 1148 2242 Verbi
1160 2216 1324 2252 hyposlasis,
1334 2216 1473 2252 inVirgine
1485 2218 1650 2252 inhabitans,
1662 2219 1749 2247 incar-

963 2262 1026 2287 nata
1034 2264 1074 2288 est
1081 2264 1108 2288 et
1115 2261 1308 2289 humanitatem
1315 2263 1478 2297 assumpsit:
1488 2270 1542 2290 non
1549 2264 1681 2291 virtuteet
1688 2272 1749 2299 ope-

964 2306 1082 2339 ratione,
1089 2306 1136 2334 sed
1145 2306 1296 2343 hypostasi,
1303 2309 1453 2341 secundum
1461 2312 1544 2336 totam
1553 2309 1748 2344 plenitudinem

965 2351 1194 2388 Divinitatis,ipsa
1202 2361 1262 2389 qua
1268 2354 1303 2381 ab
1310 2354 1390 2381 initio
1397 2358 1424 2382 et
1434 2355 1502 2382 ultra
1512 2355 1618 2382 initium
1627 2355 1698 2384 Deus
1706 2360 1748 2384 est

965 2398 1026 2426 Filii
1036 2399 1083 2426 Dei
1091 2399 1256 2435 hypostasis,
1266 2399 1406 2427 incarnata
1418 2403 1460 2428 est
1468 2404 1495 2428 et
1503 2400 1698 2429 humanitatem
1707 2409 1747 2430 as-

966 2444 1092 2479 sumpsit.
1109 2443 1240 2480 Superius
1258 2446 1328 2473 enim
1344 2446 1487 2480 probatum
1502 2445 1562 2476 fuit,
1584 2447 1655 2481 quod
1675 2447 1746 2474 sicut

959 2490 1283 2525 substantia,potentia,et
1292 2498 1403 2526 regnum
1409 2491 1494 2518 etalia
1501 2491 1664 2527 omnia,qua:
1668 2491 1747 2527 juxta

960 2535 1123 2570 theologiam
1136 2535 1178 2563 his
1195 2536 1342 2570 adduntur,
1354 2536 1460 2572 singula
1475 2537 1542 2569 haac.
1555 2537 1677 2572 inquam,
1687 2546 1743 2566 non

960 2579 1117 2616 hypostasis
1132 2581 1272 2615 dicuntur,
1280 2583 1327 2610 sed
1336 2583 1408 2611 circa
1421 2583 1579 2619 hypostasin
1591 2584 1743 2612 secundum

961 2627 1140 2655 substantiam
1148 2628 1289 2664 speciatim
1298 2629 1523 2664 interpretantur;
1532 2630 1572 2657 sic
1583 2630 1706 2666 operatio
1717 2636 1743 2658 et

960 2672 1049 2700 virtus
1058 2674 1132 2700 circa
1142 2674 1302 2710 hypostasin
1314 2674 1530 2703 substantialiter
1540 2675 1707 2709 referuntur,
1714 2681 1743 2705 et

960 2718 988 2745 in
1007 2726 1152 2748 commune
1171 2720 1280 2756 quidem
1302 2720 1336 2748 ad
1351 2729 1572 2758 unamquamque
1586 2727 1742 2750 sanctarum

959 2764 1042 2791 trium
1052 2765 1203 2793 divinarum
1212 2766 1410 2802 hypostasium,
1423 2767 1530 2802 proprie
1542 2767 1606 2796 item
1617 2767 1652 2797 ad
1659 2775 1741 2797 unam

959 2809 1021 2838 Filii
1032 2810 1090 2846 Dei,
1100 2811 1269 2840 incarnatam
1280 2816 1307 2841 et
1319 2812 1456 2842 hominem
1468 2813 1578 2842 iactam.
