1940 3067
209 139 258 168 93!

789 132 818 161 S.
838 131 1068 160 ΑτιιΑΝΑειυε.
1087 146 1124 153 —
1141 130 1276 160 δρυκιε

1775 130 1829 156 932

209 206 270 225 στον
286 197 409 232 λέγεται,
430 195 497 223 ἀλλὰ
512 194 577 230 περὶ
598 194 647 230 τὴν
666 192 815 220 ὑπόστασιν
830 193 891 220 κατ’
909 192 1003 219 οὐσίαν
1023 191 1076 227 ἰδίᾳ
1102 190 1351 226 διερμηνευόμενα·
1374 188 1462 220 οὕτως
1495 187 1542 214 καὶ
1561 187 1578 222 ἡ
1602 187 1730 222 ἐνέργεια
1751 187 1797 214 σαὶ
1810 187 1830 218 ἡ

206 244 319 279 δύναμις
341 243 404 278 περὶ
416 242 466 277 τὴν
489 241 636 268 ὑπόστασιν
653 240 788 271 οὑσιωδῶς
807 239 987 274 ἀναφέρεται·
1007 238 1054 264 καὶ
1075 236 1171 268 κοινῶς
1190 237 1239 271 μὲν
1252 236 1293 269 ἐφ’
1305 234 1423 270 ἑκάστης
1436 233 1490 260 τῶν
1509 233 1594 266 ἁγίων
1630 232 1713 267 τριῶν
1746 233 1829 267 θεαρ-

207 290 291 326 χικῶν
302 289 487 321 ὐποστάσεων,
504 288 578 320 ἰδίως
593 288 621 315 δὲ
634 288 680 314 καὶ
696 288 738 314 ἐπ’
754 287 838 323 αὐτὴν
858 287 906 322 τὴν
926 287 989 322 μίαν
1007 285 1053 312 τοῦ
1070 284 1134 310 Υἰοῦ
1148 283 1194 310 τοῦ
1213 283 1280 310 Θεοῦ
1303 282 1490 318 σαρκωθεῖσαν
1502 281 1550 307 καὶ
1563 279 1826 315 ἐνανθρωπήσασαν.

241 339 286 366 10.
302 337 463 372 Supervenit
480 337 562 371 igitur
579 335 696 371 Spiritus
718 341 830 363 sanctus
853 335 881 362 in
895 334 986 369 Virgi-
1002 337 1024 365 Α

207 391 268 411 nem
282 388 309 410 et
323 383 504 410 sanctiﬁcavit
524 383 608 413 illam.
627 386 655 408 ut
674 383 701 409 in
729 381 844 409 Psalmis
872 382 909 408 ait
924 380 987 414 Spi-

206 431 276 456 ritus
291 438 297 455 :
317 438 326 454 ι
343 428 531 455 Sanetil‘tcavit
557 427 764 455 tabernaculum
782 435 861 454 suum
881 427 989 454 Altissi-

205 483 266 502 mus
281 476 314 507 “,
327 485 336 500 ι
347 478 374 502 et
386 475 558 502 obumbravit
568 474 655 502 virtus
667 474 796 501 Altissimi
806 473 988 501 corroborans

204 529 274 554 eam,
290 525 317 548 et
339 521 437 548 divinze
459 521 561 548 umbra:
589 521 773 548 ostensionem
796 520 937 552 inducens,
960 524 989 547 ut

204 566 268 593 hinc
286 566 410 593 instituta
425 566 517 593 videre
531 570 632 600 posset,
644 569 774 600 quantum
793 565 897 592 scilicet
911 569 988 599 pote-

203 617 245 638 rat
259 611 360 642 videre,
377 611 459 638 Deum
475 611 566 638 formae
577 617 712 646 expertem
729 611 756 638 in
771 611 828 646 ipsa
840 615 986 646 gestatum.

203 657 295 692 Neque
309 657 381 684 enim
396 657 590 692 suspicandum
606 660 648 684 est
679 656 816 692 Virginem
836 657 987 684 secundum

204 703 357 738 simplicem
379 706 485 729 natura:
505 703 697 737 proprietatem
715 702 800 731 Deum
820 703 847 728 in
865 710 894 729 se
911 702 988 729 habi-

203 753 304 776 tantem
319 748 411 775 videre
428 748 549 783 potuisse
577 750 586 783 (
599 755 660 774 cum
672 756 706 775 ne
720 749 779 782 ipsa
805 748 914 782 quidem
929 748 988 774 ani-

203 796 293 827 malis,
309 795 448 822 rationalis
465 798 492 822 et
510 794 660 829 spiritualis
680 795 833 821 incarnatio
850 794 877 821 id
894 794 987 822 videre

204 841 332 876 potuerit)
345 849 353 874 ;
366 840 412 868 sed
429 847 478 875 pro
493 840 608 872 viribus,
628 843 720 874 utpote
734 839 913 867 obumbrante
928 839 986 874 ipsa

204 888 335 918 Altissimj
352 888 461 920 virtute,
477 890 504 914 et
516 887 594 922 quasi
619 886 742 913 umbram
762 886 887 918 faciente,
901 890 931 913 ut
946 888 987 913 vi-

204 934 289 966 deret,
306 938 440 968 quatenus
465 937 580 967 poterat,
608 932 804 960 inhabitantem
831 931 926 960 Deum.
954 931 987 958 Et

205 979 431 1014 quemadmodum
451 986 502 1006 nos
518 978 649 1006 habentes
662 979 780 1005 animam
797 979 824 1005 in
841 986 922 1005 carne
937 986 986 1006 no-

204 1030 263 1054 stra
279 1026 484 1058 inhabitantem,
502 1032 561 1052 eam
573 1029 602 1052 ut
618 1025 645 1052 in
667 1033 696 1052 se
713 1029 756 1053 est
772 1033 827 1052 non
841 1033 987 1060 possumus

1039 1010 1052 1044 ἡ
1057 1009 1114 1044 μῶν
1127 1010 1243 1044 ἔχοντες,
1259 1010 1308 1044 οὐχ
1321 1009 1359 1041 ὡς

203 1073 305 1104 videre,
321 1072 367 1099 sed
380 1072 456 1107 quasi
468 1072 581 1098 umbras
593 1070 724 1106 quasdam
740 1075 766 1098 et
783 1071 885 1099 formas
899 1078 914 1097 a
926 1071 989 1098 viri-

203 1117 255 1145 bus
265 1121 293 1144 et
303 1117 508 1152 operationibus
523 1116 582 1151 ejus
595 1116 665 1148 ;taie
679 1116 807 1150 quiddam
821 1120 880 1143 tum
893 1116 986 1152 Virgo,

203 1167 261 1190 tum
279 1164 337 1198 ipsa
357 1163 498 1190 rationalis
516 1166 543 1189 et
559 1162 712 1197 intelligens
729 1163 818 1189 anima
831 1163 923 1190 videre
940 1170 988 1197 po-

204 1209 266 1240 tuit,
276 1209 385 1243 jamque
397 1211 484 1243 potest
499 1215 547 1242 per
560 1207 675 1234 traditas
688 1207 739 1234 sibi
755 1207 897 1236 facultates
907 1208 989 1244 3m

203 1258 285 1289 etque
302 1254 384 1281 vires.
400 1253 654 1288 Atque‘secundum
666 1253 736 1280 hanc
749 1253 881 1281 rationem
897 1256 987 1289 potius

202 1307 247 1327 res
265 1299 455 1334 pertractanda
468 1303 521 1330 est,
536 1299 609 1334 quod
626 1298 723 1326 fecerit
745 1298 878 1328 Dominus
901 1301 988 1329 homi.

202 1352 275 1376 nem,
291 1348 318 1372 et
341 1344 375 1371 ad
397 1344 542 1379 imaginem
562 1344 608 1371 Dei
629 1343 723 1372 fecerit
743 1345 844 1380 ipsum.
859 1344 927 1372 Nam
950 1346 986 1374 ad

202 1390 347 1425 imaginem
363 1393 391 1417 et
412 1389 616 1417 similitudinem
641 1389 797 1424 hujusmodi
820 1391 987 1419 incarnatio-

202 1436 246 1463 nis
261 1439 288 1462 et
299 1439 446 1470 assumpta:
457 1435 634 1463 humanitatis
652 1435 717 1463 fecit
732 1436 802 1464 Deus
827 1437 964 1465 hominem
977 1447 984 1472 ;

203 1486 233 1509 ut
249 1482 276 1508 in
290 1489 319 1509 se
334 1487 444 1517 gestans
460 1482 534 1509 illam
557 1482 703 1518 imaginem
728 1487 755 1510 et
768 1483 984 1515 similitudinem.

164 1549 168 1551 .
202 1535 238 1555 ne
254 1527 391 1555 dubitaret
404 1529 438 1555 de
455 1528 589 1562 ejusmodi
604 1529 791 1556 incarnatione
805 1533 832 1557 et
846 1534 985 1565 assumpta

203 1573 372 1602 humanitate
384 1583 391 1607 ;
404 1573 630 1606 lncarnationem,
643 1574 764 1609 inquam,
779 1579 805 1602 et
819 1580 986 1610 assumptam

202 1619 412 1652 humanitatem,
430 1627 491 1647 nam
505 1627 564 1647 eam
580 1628 634 1647 una
659 1621 760 1656 duplici
785 1629 852 1649 voce
871 1622 987 1657 appella-

202 1673 275 1698 mus,
300 1673 352 1693 nec
383 1666 471 1693 solum
495 1666 709 1693 incarnationem
732 1667 920 1701 praedicamus,
938 1667 985 1694 sed

201 1713 282 1740 etiam
295 1717 462 1748 assumptam
481 1712 691 1746 humanitatem;
703 1720 737 1740 ne
749 1713 837 1748 impiis
851 1713 985 1740 haereticis
999 1702 1020 1731 ο

202 1758 329 1785 videatur
343 1765 393 1785 nos
405 1761 495 1786 mente
510 1761 537 1785 et
558 1759 664 1786 ratione
679 1763 815 1786 carentem
839 1759 986 1794 praedicare

205 1803 438 1835 incarnationem;
455 1802 502 1830 sed
520 1803 636 1830 dicendo
659 1803 874 1831 incarnationem
895 1808 923 1831 et
941 1811 986 1832 as-

211 1853 346 1884 sumptam
364 1849 571 1881 humanitatem,
586 1857 637 1876 nos
652 1852 680 1876 et
693 1856 803 1877 carnem
823 1849 943 1881 credere.
959 1855 986 1878 et

205 1895 323 1922 animam
352 1893 515 1921 rationalem
539 1898 567 1921 et
592 1895 789 1930 intelligentem
821 1895 983 1931 significare.

203 1942 324 1977 Ideoque
337 1949 385 1969 eos
400 1941 446 1977 qui
472 1942 566 1969 dicunt
582 1950 664 1970 unam
692 1942 740 1970 Dei
753 1942 833 1970 Verbi
858 1947 984 1971 naturam

204 1989 383 2020 incarnatam,
397 1995 485 2023 neque
500 1988 602 2016 addunt
614 1989 771 2022 animatam,
787 1989 946 2018 rationalem
959 1995 987 2018 et

203 2034 407 2068 intelligentem,
427 2041 480 2060 non
494 2033 640 2061 admodum
659 2034 815 2069 recipimus,
831 2035 885 2063 nisi
904 2043 987 2071 expo-

203 2083 281 2111 nant.
290 2083 317 2107 et
328 2079 500 2115 dogmatibus
509 2079 638 2114 adjiciant
648 2079 713 2107 di-zti
726 2081 984 2115 interpretationem.

204 2125 272 2153 Illud
287 2126 370 2157 enim,
390 2125 466 2160 prius
483 2126 645 2160 simpliciter
659 2126 762 2154 dictum
780 2135 794 2154 a
810 2127 984 2162 quibusdam,

204 2170 376 2204 postmodum
397 2170 424 2197 in
449 2178 559 2205 pravam
583 2172 743 2199 sententiam
767 2173 912 2201 deductum
933 2178 986 2207 est,

204 2215 338 2243 haereticis
353 2224 445 2244 vocem
461 2217 534 2243 illam
548 2216 766 2252 depravantihus.

240 2272 284 2300 11.
312 2271 486 2300 Sanctiﬁcala
515 2273 598 2308 igitur
615 2273 733 2309 Spiritus
758 2276 845 2303 sancti
869 2276 986 2304 adventu

204 2317 297 2354 Virgo,
323 2323 350 2345 et
372 2319 549 2346 corroborata
580 2319 679 2347 virtute
706 2321 850 2353 Altissimi,
875 2322 987 2357 gravida

1074 332 1118 358 10.
1139 331 1255 366 Ἐπῆλθε
1275 331 1364 356 τοίνυν
1383 329 1413 355 τὸ
1426 328 1537 363 Πνεῦμα
1560 328 1591 354 τὸ
1611 327 1688 361 ἅγιον
1706 327 1752 353 ἐπὶ
1776 327 1829 362 τὴν

1038 376 1194 412 Παρθένον,
1212 375 1258 402 καὶ
1278 375 1392 410 ἡγίασεν
1414 373 1516 408 αὐτὴν,
1538 373 1576 404 ὡς
1592 372 1638 399 καὶ
1658 372 1687 398 ὲν
1702 371 1829 406 Ψαλμοῖς

1039 431 1105 458 φησι
1128 423 1159 449 τὸ
1184 421 1296 456 Πνεῦμα
1310 429 1316 436 '
1344 430 1354 446 ε
1382 419 1529 454 Ἦγιάσατο
1551 420 1682 454 σκήνωμα
1706 417 1788 444 αὑτοῦ
1811 419 1828 443 ὁ

1040 469 1181 503 ”Υψιστος,
1195 477 1204 493 ›
1218 468 1265 494 καὶ
1278 466 1440 493 ἐπεσκίασεν
1456 467 1473 500 ἡ
1487 465 1600 500 δύναμις
1617 464 1663 490 τοῦ
1685 465 1827 499 Ὑψίστου,

1037 511 1219 546 δυναμώσασα
1235 511 1336 545 αὐτὴν,
1354 504 1402 537 καὶ
1422 510 1501 541 σκιᾶς
1521 509 1596 540 θείας
1612 510 1760 544 ἐμφανείας
1774 511 1827 544 ἐμ-

1039 558 1186 592 ποιήσασα,
1208 557 1251 583 ῖνα
1268 557 1344 583 ἐνθεν
1359 556 1514 590 τυπουμένη
1534 555 1596 581 ἰδεῖν
1621 555 1747 589 δύνηταιδ
1765 554 1827 581 καθ’

1040 603 1101 629 ὅσον
1120 602 1230 628 δύναται
1251 601 1324 634 ἰδεῖν,
1336 601 1382 627 τὸν
1398 601 1427 626 ὲν
1445 601 1512 635 αὐτῇ
1527 600 1740 635 κυοφορούμενον
1754 599 1827 626 ἀνεῖ-

1038 646 1097 673 δεον
1108 647 1184 673 Θεόν.
1196 646 1272 682 Μηδέ
1286 646 1340 682 γὰρ
1356 645 1534 680 ὑποληπτέον,
1547 645 1588 671 ὅτι
1601 644 1661 671 καθ’
1675 645 1764 679 ἁπλῆν
1776 645 1827 679 τῆς

1038 693 1145 728 φύσεως
1171 693 1289 728 ἰδιότητα
1312 692 1376 719 ἰδεῖν
1392 692 1506 727 ἠδύνατο
1524 691 1568 718 τὸν
1592 693 1620 717 ἐν
1638 691 1706 726 αὐτῇ
1728 691 1828 725 smn,-

1037 739 1160 766 νώσαντα
1177 739 1242 766 Θεὸν
1263 740 1280 774 ἡ
1293 738 1430 774 Παρθένος
1455 737 1550 773 (τοῦτο
1571 737 1625 772 γὰρ
1643 737 1703 763 οὔτε
1723 737 1792 772 αὐτὴ
1807 738 1825 771 ἡ

1037 782 1168 818 ἔμψυχος,
1192 783 1288 818 λογική
1303 791 1333 809 τε
1356 783 1402 809 καὶ
1418 783 1498 818 νοερᾶ
1516 782 1651 818 σᾶρκωσις
1673 783 1739 810 ἰδεῖν.
1758 782 1824 816 ἠδύ-

1037 829 1137 864 νατο)·
1166 828 1233 855 ἀλλὰ
1253 828 1323 855 κατὰ
1346 828 1375 855 τὸ
1402 828 1532 860 δυνατὸν,
1553 828 1592 860 ὡς
1614 828 1826 863 ἐπισκιαζούσης

1037 875 1121 909 αὐτῆς
1134 874 1185 909 τῆς
1205 874 1252 901 τοῦ
1273 874 1401 909 Ὑψίστου
1423 875 1580 910 δυνάμεως,
1605 874 1651 900 καὶ
1673 871 1728 900 οἷον
1745 874 1825 905 σκιὰς

1037 919 1205 955 ἐμποιούσης
1221 919 1289 954 πρὸς
1299 919 1329 945 τὸ
1346 919 1409 946 ἰδεῖν
1422 919 1467 946 τὸν
1480 918 1662 954 ἐνσκηνοῦντα
1673 919 1749 945 Θεόν.
1768 919 1826 945 Καὶ

1037 963 1222 999 ὦσπερ.ήμεῖς
1239 964 1315 990 αὐτοὶ
1338 964 1428 999 ψυχὴν
1446 963 1626 998 ἐνσκηνοῦσαν
1644 964 1672 990 ἐν
1691 965 1723 999 τῇ
1739 963 1825 999 σαρκὶ

1381 1009 1456 1035 ἐστιν
1471 1010 1487 1044 ἡ
1502 1009 1573 1044 ψυχὴ
1597 1009 1658 1035 ἰδεῖν
1673 1009 1756 1044 αὐτὴν
1777 1009 1825 1035 δυ-

1040 1055 1154 1090 νάμεθα,
1169 1055 1225 1081 ἀλλ’
1246 1053 1300 1081 οἷον
1317 1055 1395 1086 σκιὰς
1412 1055 1497 1090 αὐτῆς
1518 1055 1565 1082 καὶ
1575 1054 1676 1086 τύπους
1698 1054 1752 1081 ἀπὸ
1768 1054 1824 1080 τῶν

1038 1100 1179 1136 δυνάμεων
1197 1101 1280 1136 αὐτῆς
1300 1101 1347 1127 καὶ
1375 1100 1430 1127 τῶν
1454 1101 1612 1136 ἐνεργειῶν’
1629 1100 1732 1127 τοιοῦτο
1751 1100 1768 1135 ἤ
1793 1109 1824 1126 τε

1038 1145 1183 1180 Παρθένος,
1201 1146 1248 1172 καὶ
1268 1146 1336 1181 αὑτὴ
1353 1147 1369 1181 ἡ
1386 1146 1481 1181 λογικὴ
1499 1146 1545 1173 καὶ
1564 1146 1644 1182 νοερὰ
1664 1145 1736 1181 ψυχὴ
1759 1145 1825 1172 ἰδεῖν

1038 1191 1162 1226 ἠδύνατο,
1174 1191 1221 1218 καὶ
1235 1191 1282 1218 νῦν
1292 1191 1320 1218 δὲ
1331 1191 1440 1218 δύναται
1458 1192 1490 1218 ὲκ
1500 1191 1553 1218 τῶν
1571 1191 1744 1227 ἐνδιδομένων
1752 1192 1823 1226 αὐτῇ

1038 1236 1176 1272 δυνάμεων
1199 1237 1246 1263 καὶ
1266 1237 1420 1272 ἐνεργειῶν.
1444 1237 1498 1264 Καὶ
1524 1238 1594 1264 κατὰ
1613 1237 1706 1264 τοῦτον
1723 1237 1823 1272 μᾶλλον

1037 1281 1163 1314 ἀναλογεῖ
1187 1281 1264 1315 λόγον
1275 1301 1282 1314 ,
1295 1281 1336 1307 ὃτι
1351 1281 1478 1316 ἐποίησεν
1494 1282 1508 1307 ὁ
1522 1281 1587 1313 Θεὸς
1604 1282 1649 1308 τὸν
1668 1281 1823 1316 ἄνθρωπον,

1038 1328 1085 1353 καὶ
1101 1327 1160 1353 κατ’
1177 1326 1269 1353 εἰκόνα
1291 1326 1359 1353 Θεοῦ
1385 1327 1510 1362 ἐποίησεν
1530 1327 1620 1353 αὐτόν.
1644 1327 1711 1353 Κατ’
1731 1326 1825 1352 εἰκόνα

1037 1371 1092 1406 γὰρ
1105 1372 1150 1397 καὶ
1163 1371 1292 1406 ὁμοίωσιν
1305 1372 1353 1405 τῆς
1367 1371 1494 1406 τοιαύτης
1512 1371 1673 1406 σαρκώσεω..
1687 1372 1733 1398 καὶ
1746 1372 1824 1398 ἐναν-

1038 1416 1205 1453 θρωπήσεως
1225 1417 1352 1452 ἐποίησεν
1369 1419 1383 1444 ὁ
1401 1417 1466 1449 Θεὸς
1486 1417 1531 1444 τὸν
1552 1417 1708 1453 ἄνθρωπον·
1723 1417 1775 1448 ἴνα,
1793 1417 1824 1443 ὲν

1037 1461 1112 1498 αὑτῷ
1130 1462 1221 1497 φέρων
1231 1461 1261 1488 τὺ
1280 1463 1340 1489 κατ’
1360 1461 1452 1488 εἰκόνα
1467 1463 1512 1489 καὶ
1534 1462 1671 1497 ὁμοίωσιν1
1687 1461 1723 1497 μὴ
1738 1462 1825 1496 ἀμφί-

1037 1507 1114 1534 ϐολον
1133 1507 1182 1544 ἔχῃ
1199 1508 1232 1534 τὰ
1245 1508 1291 1534 ἐπὶ
1304 1508 1353 1543 τῆς
1367 1507 1494 1544 τοιαύτης
1508 1508 1670 1543 σαρκώσεως
1685 1509 1731 1535 καὶ
1745 1509 1824 1534 ἐναν-

1037 1552 1206 1589 θρωπήσεως
1219 1562 1225 1568 ·
1245 1553 1407 1588 σαρκώσεως
1429 1554 1483 1589 γὰρ
1506 1554 1553 1580 καὶ
1574 1553 1822 1590 ἐνανθρωπήσεως·

1037 1599 1082 1625 καί
1102 1607 1133 1633 γε
1155 1599 1202 1626 καὶ
1230 1599 1411 1634 συνεκφράσει
1432 1600 1617 1636 προσηγορίαν
1640 1600 1822 1636 κηρύττομεν,

1036 1645 1083 1671 καὶ
1105 1645 1136 1671 οὐ
1160 1645 1239 1680 μόνον
1259 1646 1395 1681 σάρκωσιν
1421 1646 1658 1681 καταγγέλλομεν,
1683 1645 1750 1671 ἀλλὰ
1775 1646 1824 1672 καὶ

1036 1691 1254 1727 ὲνανθρώπησιν·
1279 1691 1322 1718 ἴνα
1346 1692 1382 1728 μὴ
1405 1692 1470 1728 δοκῇ
1491 1693 1547 1723 τοῖς
1566 1692 1655 1723 ἀθέοις
1676 1692 1823 1727 αἱρετικοτς

1037 1736 1140 1771 ἄψυχον
1161 1737 1208 1763 καὶ
1223 1737 1302 1764 ἄνουν
1317 1737 1364 1764 καὶ
1388 1737 1483 1772 ἄλογον
1500 1738 1636 1772 σάρκωσιν
1650 1736 1823 1772 δογματίζειν

1035 1782 1120 1817 ἡμᾶς,
1138 1782 1205 1809 ἀλλὰ
1224 1782 1268 1809 διὰ
1287 1782 1332 1809 τοῦ
1356 1782 1445 1817 λέγειν
1467 1782 1603 1818 σάρκωσιν
1624 1783 1670 1810 καὶ
1685 1782 1822 1817 ἐνανθρὼ-

1037 1836 1129 1863 πησιν,
1151 1828 1200 1863 τήν
1219 1837 1247 1854 τε
1266 1828 1354 1863 σάρκα
1372 1829 1508 1855 πιστεύειν
1525 1829 1608 1864 ἡμᾶς,
1624 1829 1674 1864 τήν
1688 1837 1718 1854 τε
1731 1828 1823 1863 ψυχὴν

1036 1872 1147 1908 λογικήν
1162 1882 1191 1900 τε
1206 1873 1251 1900 καὶ
1264 1874 1359 1909 νοερὰν
1372 1874 1608 1910 διασημαίνοντας.
1632 1874 1678 1900 Διὸ
1694 1874 1740 1901 καὶ
1758 1875 1823 1906 τοὺς

1036 1917 1164 1952 λέγοντας
1181 1918 1245 1953 μίαν
1262 1917 1342 1953 φύσιν
1353 1917 1400 1944 τοῦ
1416 1918 1483 1944 Θεοῦ
1498 1918 1585 1952 Λόγου
1598 1917 1823 1953 σεσαρκωμένην,

1037 1964 1083 1990 καὶ
1106 1964 1143 1999 μὴ
1164 1964 1341 1999 ἐπιφέροντας
1362 1963 1557 2000 ἐψυχωμένην,
1580 1964 1691 1999 λογικήν
1719 1972 1748 1989 τε.
1774 1963 1824 1989 καὶ

1036 2010 1146 2046 νοερὰν,
1166 2010 1195 2036 οὐ
1218 2011 1288 2037 πάνυ
1310 2010 1514 2045 ἀποδεχόμεθα,
1539 2010 1607 2046 πλὴν
1631 2009 1824 2044 ἐπιλυομένους

1037 2056 1085 2082 καὶ
1103 2057 1131 2082 ἐν
1145 2055 1276 2091 δόγμασιν
1293 2056 1468 2088 ἀνατιθέντας
1482 2057 1533 2091 τὴν
1548 2056 1695 2092 ἑρμηνείαν
1709 2055 1758 2091 τῆς
1773 2056 1824 2091 ῥή-

1038 2110 1116 2133 σεως·
1140 2102 1176 2128 Τὸ
1199 2101 1252 2137 γὰρ
1276 2102 1322 2129 καὶ
1351 2101 1445 2138 πρώην
1470 2101 1615 2134 ἀπλάστως
1640 2102 1741 2138 ἐρρήθη
1770 2101 1824 2128 ὑπό

1036 2154 1126 2177 τινων,
1151 2145 1208 2172 ἀλλ’
1229 2146 1421 2181 ἐκακουργὴθη
1450 2145 1574 2182 ὕστερον,
1599 2146 1824 2182 πονηρευομένων

1037 2191 1091 2218 τῶν
1104 2192 1246 2227 αἱρετικῶν
1260 2192 1330 2218 κατὰ
1347 2193 1396 2227 τὴν
1412 2193 1500 2228 ῥῆσιν.

1074 2281 1117 2308 11.
1134 2281 1306 2314 Ἀγιασθεϊσα
1317 2281 1404 2308 τοίνυν
1413 2283 1446 2317 τῇ
1455 2281 1594 2308 ὲπελεύσει
1601 2281 1647 2308 τοῦ
1657 2281 1732 2315 ἁγίου
1739 2281 1824 2308 Πνεὺ-
1834 2276 1840 2286 ¹

1041 2337 1122 2364 ματος
1137 2329 1152 2363 ἡ
1167 2327 1312 2364 Παρθένος,
1322 2329 1368 2354 καὶ
1382 2327 1570 2363 δυναμωθείσα
1586 2328 1618 2354 ἐκ
1631 2328 1679 2362 τῆς
1689 2327 1735 2353 τοῦ
1750 2327 1823 2361 Ὑψί-

205 2371 267 2392 eum
285 2368 371 2399 gestat
387 2365 433 2398 qui
448 2364 596 2392 secundum
613 2366 749 2400 propriam
763 2374 840 2394 suam
857 2363 987 2403 hypdsta-

1039 2383 1101 2400 στου
1118 2374 1267 2408 δυνάμεως,
1285 2374 1413 2408 κυοφορεί
1427 2373 1472 2399 τὸν
1492 2373 1561 2400 κατὰ
1578 2373 1626 2408 τὴν
1640 2372 1824 2405 ἐξιδιάζουσαν

207 2411 250 2438 sin
270 2409 355 2438 Filius
379 2410 426 2438 Dei
440 2415 492 2442 est,
522 2411 672 2438 secundum
696 2420 778 2439 unam
804 2413 912 2441 deitatis
931 2423 988 2442 sum

206 2461 331 2484 naturam
353 2466 360 2484 :
382 2457 507 2492 paritque
526 2465 588 2485 eum
611 2457 781 2485 incarnatum
799 2463 826 2486 et
851 2460 987 2488 hominem

205 2503 307 2530 factum
331 2503 408 2538 juxta
435 2503 551 2531 duarum
580 2507 740 2532 naturarum
761 2506 954 2540 proprietatem
979 2517 985 2534 :

204 2550 252 2584 qui
273 2557 306 2577 ex
327 2549 434 2578 duobus
450 2554 476 2577 et
501 2550 529 2578 in
555 2551 661 2579 duobus
687 2551 859 2586 praedicatur,
884 2553 987 2588 absque

205 2595 374 2628 confusione,
389 2596 538 2625 mutatione
555 2601 583 2625 et
601 2597 734 2626 divisione
756 2607 762 2625 2
786 2606 840 2626 non
854 2599 986 2627 deifcrum

206 2639 353 2672 hominem.
367 2641 414 2668 sed
435 2641 572 2669 hominem
589 2649 699 2670 carnem
715 2647 877 2679 gestantem.
894 2643 987 2680 Neque

205 2684 287 2717 enim,
301 2689 330 2712 ut
343 2686 440 2714 iterum
448 2686 583 2720 dicamus.
600 2687 652 2716 hoc
669 2693 750 2724 pacto
765 2689 920 2725 intelligunt
935 2691 988 2718 haz—

205 2732 293 2763 retici.
310 2733 356 2760 sed
373 2737 454 2767 prout
470 2733 572 2762 dictum
589 2738 641 2766 est,
667 2736 816 2763 secundum
840 2736 987 2764 efﬁcaciam

207 2775 324 2809 Spiritus
334 2780 361 2803 et
375 2777 483 2805 virtutis
497 2776 641 2813 Altissimi,
662 2772 770 2809 uterum
794 2786 916 2818 gestasse
930 2782 990 2810 Vir-

242 2854 263 2869 “
283 2852 355 2882 Psal.
373 2862 434 2889 an,
453 2855 481 2883 5.

1036 2419 1117 2446 αὑτοῦ
1129 2420 1276 2446 ὑπόστασιν
1288 2419 1352 2445 Υίδν
1366 2419 1412 2445 τοῦ
1428 2419 1506 2450 θεοῦ,
1516 2418 1584 2445 κατὰ
1598 2419 1647 2454 τὴν
1662 2419 1725 2454 μίαν
1739 2419 1823 2446 αὑτοῦ

1036 2467 1085 2500 τῆς
1095 2465 1220 2499 θεότητος
1231 2464 1310 2498 φύσιν
1318 2473 1324 2478 ·
1338 2465 1383 2490 καὶ
1393 2464 1478 2490 τίκτει
1490 2464 1582 2490 τοῦτον
1591 2465 1765 2500 σαρκωθέντα
1776 2465 1824 2491 καὶ
1835 2478 1843 2488 .

1037 2510 1114 2536 ἐνανο
1119 2511 1281 2544 ρωπήσαντα
1291 2510 1360 2536 κατὰ
1367 2510 1415 2545 τὴν
1422 2510 1475 2536 τῶν
1482 2510 1528 2536 δύο
1535 2509 1639 2544 φύσεων
1649 2510 1767 2545 ἰδιότητα
1774 2519 1780 2525 ·
1791 2512 1824 2536 ὲκ

1036 2556 1082 2583 δύο
1094 2556 1141 2582 καὶ
1150 2558 1178 2582 ἐν
1192 2555 1239 2582 δύο
1253 2555 1480 2591 δογματιζόμενον
1490 2556 1661 2591 ἀσυγχύτως,
1670 2557 1822 2592 ἀτρέπτως,

1038 2601 1212 2636 ἀδιαιρέτως·
1224 2601 1254 2627 ού
1272 2601 1400 2637 θεοφόρον
1412 2601 1563 2637 ἄνθρωπον,
1576 2601 1642 2628 ἀλλὰ
1657 2602 1824 2637 σαρκοφόρον

1038 2647 1113 2675 Θεόν.
1130 2647 1175 2681 Μὴ
1192 2647 1263 2681 γὰρ,
1284 2647 1321 2678 ὡς
1339 2646 1419 2673 πάλιν
1442 2648 1543 2679 εἰπεῖν,
1568 2647 1638 2673 οὕτω
1653 2647 1737 2674 ταῦτα
1758 2648 1822 2683 νοή-

1041 2699 1136 2724 σαντες
1150 2692 1175 2718 oi.
1191 2692 1333 2727 αἱρετικοὶ,
1346 2691 1404 2718 ἀλλ’
1416 2687 1472 2718 οἷον
1485 2693 1602 2728 εἴρηται,
1613 2693 1672 2718 κατ’
1684 2692 1824 2727 ἐνέργειαν

1040 2737 1110 2764 Πνεύ
1115 2747 1197 2773 ματος
1211 2738 1258 2765 καὶ
1274 2738 1413 2773 δυνάμεως
1428 2737 1554 2772 Ὑψίστου
1568 2737 1714 2773 γενομένην
1728 2737 1776 2773 τὴν
1793 2739 1823 2764 ἐν

1042 2783 1173 2819 Παρθένῳ
1188 2783 1347 2820 κυοφορίαν,
1364 2783 1492 2819 Θεοφόρον
1509 2783 1649 2819 ἄνθρωπον
1669 2783 1713 2810 τὸν
1729 2783 1823 2818 ὲκ-τῆς
