1940 3067
119 129 173 156 955

574 129 689 157 SERMO
710 129 742 156 ΙΝ
763 128 1072 156 ANNUNTIATIONEM
1094 128 1266 158 DEIPARAE.

1687 133 1738 161 954

120 188 259 224 Παρθένου
270 189 462 224 ὲδογμάτισαν·
483 190 674 226 πεφορημὲνην
698 190 772 217 θείαν
790 190 902 225 δύναμιν

955 190 1055 224 ginem,
1072 190 1260 225 Deiferumque
1276 190 1411 218 hominem
1423 199 1455 219 ex
1468 191 1577 227 Virgine
1587 191 1741 220 docuerunt

119 236 168 261 καὶ
185 235 323 269 ἐνέργειαν
341 235 387 261 τοῦ
404 235 570 270 Πνεῦματος,
582 237 767 271 ὲνεργήσαντα
786 237 904 263 ἐναντίον

119 280 219 316 Φαραὼ
231 281 276 307 καὶ
292 281 399 308 πάντων
414 281 467 307 τῶν
483 281 547 307 υῑῶν
562 282 668 318 Ἰσραήλ
688 282 842 317 (Μ).Ὂθεν
858 282 904 309 καὶ

118 326 357 361 προσλαμϐάνουσι
370 327 418 358 τὰς
433 328 508 362 παρὰ
525 327 570 354 τοῦ
583 328 731 364 κορυφαίου
744 328 844 362 φωνὰς,
856 328 904 363 δη-

121 372 303 407 μηγοροῦντος
312 374 340 399 ἐν
355 374 414 404 ταῖς
422 373 540 408 Πράξεσι
554 374 617 409 περὶ
626 373 752 409 Χριστοῦ,
763 375 808 400 κοιλ¹
822 373 904 401 αὐτοῦ

121 418 169 453 μὲν
184 417 270 453 ὀρθῶς
284 418 418 452 λέγοντος,
429 415 501 445 οὗτοι
520 419 548 445 δὲ
564 419 698 454 στρεϐλῶς
713 421 759 446 καὶ
780 420 904 455 πονηρῶς

119 463 347 498 ἐκλαμϐάνοντες,
359 464 416 490 ἀνθ’
430 461 467 491 ὧν
480 465 526 491 καί
542 473 623 500 φησιν
634 465 700 501 (45)·
719 475 727 491 ι
746 465 847 501 Ἰησοῦν
860 465 904 493 τὴν

119 510 173 536 ἀπὸ
196 509 331 545 Ναζαρὲτ,
347 510 376 536 ὃν
403 510 510 545 ἔχρισεν
529 512 543 537 ὁ
563 511 628 542 Θεὸς
644 511 781 546 Πνεύματι
797 511 875 545 ἁγίῳ·
891 521 900 538 ι

117 554 237 582 τοιοῦτον
252 556 384 589 λέγοντες,
400 556 439 582 ὃτι
457 558 485 582 ὲν
498 558 595 592 γαστρὶ
607 557 656 592 τῆς
672 557 809 592 Παρθένου
822 557 903 583 ἐπλα-

120 609 165 626 σεν
180 601 194 626 ὁ
217 601 283 632 Θεὸς
308 601 448 637 ἄνθρωπον
471 601 534 628 ἄνευ
563 603 685 637 σπορᾶς,
711 602 833 637 ἐνεργείᾳ
855 601 902 628 τοῦ

120 646 294 682 Πνεύματος,
320 640 367 673 ιὶαὶ
394 648 502 683 ἔχρισεν
518 648 597 674 αὐτὸν
622 648 735 683 δύναμιν
758 648 902 682 Ὑψίστου,

119 693 157 725 ὡς
182 694 229 720 καὶ
259 694 346 720 ἔλαιον
375 693 559 727 ἀγαλλιάσεως
585 694 660 728 παρὰ
686 694 749 725 τοὺς
776 694 903 729 μετόχους

119 739 213 772 αὑτοῦ,
233 740 397 775 γέγραπται.
416 740 471 766 Καὶ
493 739 586 766 τοῦτον
607 739 670 766 Υἰὸν
696 739 822 774 Ὑψίστου
839 740 904 766 ἐκά-

120 785 198 812 λεσεν
221 787 237 821 ἡ
255 786 359 821 Γραφὴ,
375 783 429 811 οἷον
451 785 497 811 καὶ
521 785 626 821 εἴρηται
649 786 677 812 ὲν
698 787 754 817 τοῖς
768 785 903 820 Ψαλμοῖς,

119 832 245 866 λέγοντος
258 831 305 858 τοῦ
319 831 386 858 Θεοῦ
404 831 473 867 πρὸς
488 831 602 863 πολλούς
612 840 620 847 ”
639 840 648 856 ι
670 831 738 866 Ἐγὼ
755 829 829 863 εἶπα,
841 831 903 857 Θεοί

120 879 192 910 ἐστε,
205 878 253 904 καὶ
264 879 318 904 υἱοὶ
335 878 461 913 Ὑψίστου
479 877 588 909 πάντες.
602 887 611 903 ι
626 877 714 914 "Amp
731 878 842 904 τοιαῦτα
859 877 904 904 τὸν

118 925 174 951 τῶν
187 924 331 960 αἱρετικῶν
346 924 488 959 δογμάτων
498 924 679 960 διελέγχοντες
701 924 774 956 νοῦν,
793 925 840 951 καὶ
854 926 903 951 ὲπ-

119 971 249 1006 ανορθοῦν
260 970 476 1006 προθυμούμενοι
492 970 535 997 διὰ
550 970 596 997 τοῦ
615 971 747 1005 παρόντος
762 970 905 1006 κηρύγμα-

118 1025 183 1048 τος,
205 1016 336 1051 λέγομεν,
352 1017 393 1042 ὅτι
417 1017 447 1042 οὺ
477 1016 605 1052 θεοφόρος
631 1016 772 1052 ἄνθρωπός
795 1017 870 1043 ἐστιν
891 1017 905 1043 ὁ

119 1062 246 1098 Χριστὸς,
259 1062 326 1088 ἀλλὰ
342 1062 508 1098 σαρκοφόρος
532 1062 613 1094 Θεὸς,
635 1063 692 1089 ἀνθ’
707 1059 744 1089 ὧν
765 1063 812 1089 καὶ
839 1063 905 1094 Θεὸς

118 1107 167 1138 ὢν,
188 1107 329 1141 ἄνθρωπον
354 1106 468 1142 ὲφόρεσε
492 1106 552 1132 καθ’
572 1106 633 1133 ὅλον
648 1106 679 1132 τὸ
696 1106 832 1142 πλήρωμα
855 1106 905 1141 τῆς

119 1153 338 1188 ἀνθρωπότητος·
354 1153 420 1184 Θεὸς
441 1153 543 1185 τέλειος
561 1153 607 1179 καὶ
636 1153 777 1188 ἄνθρωπος
792 1153 903 1184 τέλειος,

118 1197 160 1232 εἷς
176 1199 214 1226 ὢν
231 1200 302 1227 κατὰ
316 1200 383 1235 μίαν
400 1200 558 1231 ὑπόστασιν,
574 1199 620 1226 καὶ
640 1200 671 1225 ὲκ
686 1199 732 1225 δύο
744 1199 791 1226 καὶ
811 1199 839 1225 ἐν
856 1199 903 1225 δύο

117 1247 179 1277 ταῖς
195 1246 300 1280 φύσεσι.
316 1245 415 1273 Τοῦτον
431 1246 486 1282 γὰρ
509 1246 552 1272 τὸν
576 1245 729 1281 ἄνθρωπον,
745 1240 776 1272 ὃν
793 1246 839 1272 καὶ
857 1245 902 1272 λέ.

117 1300 214 1327 γομεν,
227 1292 268 1318 ὅτι
281 1292 405 1328 ὲφόρεσε,
419 1291 511 1318 τοῦτον
524 1292 538 1317 ὁ
550 1290 615 1322 Θεὸς
627 1291 673 1316 καὶ
686 1289 779 1326 Πατὴρ
794 1290 902 1325 εὐδοκία

117 1337 212 1370 αὑτοῦ,
225 1338 271 1365 καὶ
285 1337 428 1374 συνεργεία
445 1336 491 1364 τοῦ
506 1337 582 1372 ἁγίου
597 1336 754 1372 Πνεύματος
771 1336 842 1363 κατὰ
853 1336 903 1372 τὴν

119 1385 185 1420 μίαν
203 1385 366 1420 αὐτουργίαν
380 1384 425 1411 τοῦ
446 1384 520 1416 Υἱοῦ,
544 1383 635 1419 ἔχρισε
657 1383 795 1419 Πνεύματι
820 1383 901 1419 ἁγίῳ,

118 1432 209 1457 πᾶσαν
221 1430 359 1466 ἐνέργειαν
372 1429 520 1465 παρασχὼν
534 1429 617 1464 αὐτῷ,
636 1428 683 1455 καὶ
696 1428 810 1464 δύναμιν
827 1429 902 1463 ’Υψι-

117 1486 181 1504 στου
207 1477 373 1512 περιέζωσε,
398 1476 465 1510 πρὸς
488 1476 518 1502 τὸ
546 1466 674 1502 δύνασθαι
698 1474 790 1510 φέρειν
812 1475 902 1510 πάσης

115 1523 309 1558 ἀντικειμένης
340 1522 480 1557 δυνάμεως
510 1520 678 1556 προσϐολὴν,
708 1521 755 1547 καὶ
780 1521 900 1556 ἐνεργεῖν

116 1570 207 1596 πᾶσαν
224 1568 370 1604 Θεραπείαν
389 1567 469 1602 ὲντῴ
496 1566 567 1602 λαῷ·
593 1566 707 1602 ἐπείπερ
730 1566 776 1592 καὶ
803 1566 901 1601 πειρά-

118 1615 212 1648 ζεσθαι
230 1614 282 1641 ὑπὸ
307 1614 354 1640 τοῦ
370 1614 475 1640 Σατανᾶ
494 1611 664 1644 κατεδέξατο,
683 1611 729 1637 καὶ
750 1611 839 1637 πᾶσαν
856 1620 902 1637 τα-

116 1662 246 1689 πείνωσιν
269 1660 316 1686 καὶ
346 1659 482 1694 πτωχείαν
518 1658 663 1693 ὑπέμεινεν
700 1658 729 1684 ἐν
763 1657 796 1692 τῇ
820 1655 902 1692 σαρκὶ

116 1707 216 1735 αὐτοῦ·
231 1706 322 1738 καθὼς
344 1706 391 1732 καὶ
414 1705 478 1740 περὶ
499 1704 593 1730 τούτου
609 1704 623 1730 ὁ
650 1703 736 1738 μέγας
759 1702 902 1738 ίεροκήρυξ

117 1753 168 1789 βοᾷ
193 1753 294 1787 λέγων·
317 1762 325 1778 ι
350 1751 386 1778 Τὸ
404 1751 458 1787 γὰρ
483 1750 613 1777 ἀδύνατον
637 1749 684 1776 τοῦ
701 1749 798 1785 νόμου,
827 1750 855 1775 ὲν
878 1744 901 1782 ᾧ

116 1800 223 1834 ἠσθένει
246 1799 290 1826 διὰ
301 1800 349 1834 τῆς
371 1798 480 1834 σαρκὸς,
495 1799 509 1823 ό
529 1797 595 1828 Θεὸς
609 1796 654 1822 τὸν
673 1795 769 1822 ἑαυτοῦ
789 1794 900 1830 πέμψας

117 1845 180 1872 Υίὴν
211 1847 239 1871 ὲν
274 1843 426 1880 ὁμοιώματι
455 1843 555 1879 σαρκὸς
583 1842 738 1877 ἁμαρτίας,
764 1841 811 1867 καὶ
836 1840 900 1876 περὶ

117 1890 263 1926 ἁμαρτίας,
285 1890 428 1924 κατέκρινε
443 1888 492 1923 τὴν
516 1887 652 1923 ἁμαρτίαν
668 1887 696 1913 ἐν
722 1888 755 1922 τῇ
774 1886 869 1922 σαρκί.
888 1895 898 1911 ι

117 1936 221 1963 Οὐκοῦν
235 1937 249 1962 ό
263 1935 327 1967 Υἱὸς
347 1934 394 1962 τοῦ
414 1934 491 1966 Θεοῦ,
507 1935 534 1960 ἐν
550 1932 632 1968 σαρκὶ
648 1932 803 1967 γενόμενος,
821 1931 901 1962 αὐτὸς

115 1982 224 2016 λέγεται
236 1981 457 2017 ὲνανθρωπήσας,
471 1979 565 2015 ὥσπερ
582 1979 629 2005 καὶ
646 1979 674 2004 ὲν
692 1977 781 2009 ἄλλοις
801 1977 881 2012 φησίν
892 1985 899 1992 ·

118 2040 127 2055 1
142 2030 206 2054 Ὅτε
223 2029 250 2055 δὲ
261 2026 326 2063 ἦλθε
342 2027 372 2054 τὸ
388 2027 523 2062 πλήρωμα
538 2025 584 2052 τοῦ
597 2025 704 2061 χρόνου,
714 2023 902 2056 ἐξαπέστειλεν

955 243 1015 262 esse
1029 239 1161 270 gestatam
1182 234 1229 262 Dei
1251 236 1377 263 virtutem
1397 241 1423 263 et
1447 236 1592 264 eﬂicaelam
1609 236 1737 272 Spiritus.

955 282 1000 315 qui
1021 286 1148 316 operatus
1166 282 1202 308 sit
1225 289 1316 309 coram
1334 281 1475 309 Pharaone
1488 287 1515 309 et
1533 283 1660 310 omnibus
1677 282 1739 310 liliis

954 325 1046 354 Israel.
1064 326 1234 362 Quapropter
1248 328 1327 355 verba
1341 332 1474 363 usurpant
1484 327 1618 363 Principis
1630 333 1742 363 aposto-

955 370 1041 398 lorum
1062 372 1234 406 pradicantis
1252 372 1278 399 in
1299 373 1412 400 Actibus
1429 373 1462 400 de
1474 373 1592 406 Christo,
1608 374 1653 408 qui
1666 377 1740 401 recte

955 417 1062 450 quidetn
1079 418 1187 445 loeutus
1202 422 1243 444 est
1261 427 1266 444 :
1286 421 1312 444 at
1328 418 1366 445 illi
1389 422 1512 446 tortuose
1524 423 1550 446 et
1567 421 1683 455 maligne
1697 420 1739 447 in-

955 464 1106 496 terpretati.
1125 471 1186 490 cum
1207 465 1250 491 ille
1269 464 1369 491 dixerit
1389 475 1394 492 :
1413 475 1422 490 ε
1437 465 1530 493 Jesum
1555 465 1739 498 Nazarenum.

954 517 1033 544 quem
1050 510 1127 536 unxit
1142 509 1213 537 Deus
1230 511 1331 545 Spiritu
1351 516 1446 538 sancto
1463 511 1496 544 ⁸³,
1518 522 1526 538 ι
1555 513 1588 540 de
1615 514 1674 547 ipso
1701 514 1738 540 illi

955 555 1040 586 aiunt,
1063 556 1135 590 quod
1161 557 1188 582 in
1212 561 1291 584 utero
1312 556 1434 592 Virginis
1458 558 1640 586 eﬂ'ormavet'it
1668 559 1741 588 Deus

954 602 1089 630 hominem
1105 603 1164 630 sine
1179 604 1292 634 semine,
1311 604 1470 637 operatione
1493 604 1612 639 Spiritus
1640 607 1738 637 sancti,

953 652 980 675 et
993 650 1102 676 unxerit
1115 656 1177 676 eum
1189 649 1289 676 virtute
1297 649 1441 682 Altissimi,
1455 650 1494 676 uti
1509 651 1641 685 scriptum
1655 652 1738 684 est“,

953 697 1013 723 oleo
1029 686 1220 724 exsultationis
1244 705 1299 732 pra:
1321 698 1496 725 conscrtibus
1513 698 1584 732 ejus.
1607 698 1741 734 Huncque

954 743 1086 770 Altissimi
1110 742 1209 770 Filium
1227 743 1334 771 vocavit
1352 743 1505 779 Scriptura,
1521 752 1574 779 qua
1590 746 1696 774 ratione
1711 748 1739 774 in

953 788 1070 817 Psalmis
1085 789 1188 816 dictum
1204 795 1256 822 est,
1274 790 1328 818 Deo
1342 783 1441 817 multos
1459 791 1614 826 alloquente
1631 800 1637 818 :
1657 800 1667 817 ‹
1684 791 1739 827 Ego

954 835 1011 862 dixi
1026 844 1032 861 :
1049 834 1091 861 Dii
1103 835 1180 866 estis,
1198 841 1224 862 et
1240 835 1287 862 lilii
1315 835 1423 863 Excelsi
1447 843 1541 864 omnes
1556 837 1590 864 ".
1609 846 1619 863 ι
1635 837 1700 870 Quae
1712 843 1740 865 et

957 880 1066 909 similia.
1081 887 1142 912 nos,
1156 884 1185 906 ut
1201 881 1390 908 haereticorum
1402 881 1558 916 dogmatum
1573 883 1738 910 sententiam

956 926 1139 958 confutemus,
1156 931 1183 954 et
1197 926 1247 954 hae
1262 927 1454 961 praedicatione
1476 929 1657 964 corrigamus,
1671 930 1740 956 dici-

956 980 1016 999 mus
1031 971 1181 1004 Christum,
1201 980 1256 999 non
1275 972 1412 1000 Deil‘erum
1427 973 1577 1006 hominem,
1591 975 1637 1002 sed
1654 975 1739 1002 Deutn

955 1025 1064 1045 carnem
1080 1022 1230 1053 gestantem
1248 1026 1321 1052 esse,
1337 1019 1465 1054 quoniam
1487 1019 1557 1047 Deus
1575 1028 1636 1048 cum
1654 1026 1737 1051 esset.

955 1063 1091 1091 hominem
1107 1065 1222 1098 gestavit
1235 1065 1385 1092 secundum
1405 1066 1600 1099 plenitudinem
1614 1066 1738 1094 humame

954 1112 1058 1135 natum
1076 1116 1082 1135 :
1103 1108 1172 1136 Deus
1193 1109 1329 1145 perfectus
1350 1114 1377 1138 et
1400 1110 1481 1137 homo
1502 1111 1649 1145 perfectus,
1667 1120 1739 1141 unus

954 1155 1104 1182 secundum
1120 1163 1201 1182 unam
1225 1156 1397 1191 hypostasin,
1422 1160 1449 1184 et
1476 1164 1507 1184 ex
1526 1157 1633 1185 duabus
1657 1162 1739 1194 atque

954 1199 982 1226 in
998 1199 1104 1227 duabus
1122 1200 1236 1227 naturis.
1254 1199 1332 1228 Hune
1349 1201 1420 1228 enim
1439 1201 1586 1233 hominem,
1600 1210 1680 1237 quem
1698 1203 1740 1230 di-

954 1244 1041 1272 cimus
1052 1245 1123 1280 quod
1146 1245 1288 1282 (Verbum)
1309 1247 1465 1281 gestaverit,
1480 1247 1552 1274 hunc
1562 1248 1651 1282 ipsum
1667 1247 1738 1276 Deus

954 1295 981 1317 et
998 1289 1078 1318 Pater
1093 1291 1234 1319 voluntate
1249 1299 1309 1323 sua,
1330 1296 1357 1319 et
1371 1293 1527 1327 operatione
1542 1292 1659 1328 Spiritus
1675 1301 1738 1321 san-

954 1336 1002 1366 cti,
1019 1344 1073 1363 una
1089 1336 1152 1364 item
1169 1341 1300 1372 operante
1314 1337 1394 1371 Filio,
1412 1339 1489 1366 unxit
1506 1338 1608 1374 Spiritu
1632 1345 1738 1372 sancto,

953 1383 1077 1410 tribuens
1097 1384 1121 1410 ei
1149 1390 1258 1411 omnem
1287 1383 1447 1416 elﬁcaciam,
1478 1385 1576 1412 virtute
1602 1386 1738 1413 Altissi-i

953 1429 1144 1456 circumcinxit
1168 1429 1254 1461 illum,
1281 1434 1310 1457 ut
1337 1434 1429 1465 posset
1456 1431 1547 1458 omnis
1575 1430 1739 1459 adversaria

953 1475 1097 1509 potestatis
1113 1475 1243 1510 impetum
1259 1476 1405 1507 sustinere,
1431 1484 1594 1512 onmemque
1614 1478 1735 1504 curatio-

953 1528 1014 1548 nem
1030 1521 1057 1548 in
1073 1522 1172 1556 populo
1194 1523 1311 1556 operari.
1330 1521 1467 1557 Siquidem
1489 1527 1515 1550 et
1535 1524 1632 1551 tentari
1652 1531 1667 1550 a
1684 1524 1735 1551 Sa-

952 1570 1016 1594 tana
1027 1567 1121 1598 voluit,
1134 1575 1296 1602 onmemque
1305 1567 1484 1595 humilitatem
1497 1573 1738 1604 paupertatemque

953 1611 981 1639 in
1001 1619 1082 1639 carne
1102 1619 1151 1640 sua
1167 1612 1302 1644 toleravit,
1319 1613 1546 1648 quemadmodum
1564 1622 1679 1649 magnus
1692 1622 1737 1641 sa-

953 1666 1053 1693 cerque
1070 1658 1115 1685 ille
1131 1665 1219 1693 praeco
1235 1658 1333 1685 clamat
1350 1668 1356 1685 :
1375 1668 1385 1685 ι
1403 1658 1470 1686 Nam
1482 1659 1553 1694 quod
1570 1659 1738 1695 impossibile

953 1710 1011 1732 erat
1027 1704 1089 1740 legi,
1107 1704 1135 1731 in
1154 1711 1208 1740 quo
1223 1703 1412 1731 inﬁrmahatur
1432 1712 1481 1739 per
1504 1712 1616 1732 carnem
1636 1715 1644 1732 :
1666 1705 1738 1733 Deus

953 1749 1052 1777 Filium
1065 1757 1143 1777 suum
1159 1750 1269 1777 mittens
1284 1750 1311 1777 in
1324 1749 1502 1778 similitudine
1515 1751 1607 1778 carnis
1620 1752 1735 1786 peccati_

953 1799 981 1824 et
1002 1796 1036 1824 de
1061 1799 1182 1831 peccato,
1202 1795 1340 1823 damnavit
1362 1800 1502 1830 peccatum
1524 1796 1551 1823 in
1576 1804 1657 1825 carne
1675 1797 1709 1826 “.
1725 1806 1735 1823 ι

949 1839 1043 1876 Itaque
1057 1840 1143 1868 Filius
1160 1839 1206 1868 Dei
1222 1841 1269 1875 qui
1282 1840 1309 1867 in
1326 1847 1437 1868 carnem
1457 1841 1607 1873 descendit,
1624 1842 1683 1877 ipse
1696 1842 1738 1869 di-

949 1885 1022 1913 citur
1040 1884 1121 1912 homo
1139 1884 1239 1918 factus,
1269 1890 1299 1912 ut
1321 1885 1386 1912 alibi
1407 1885 1445 1912 ait
1465 1894 1472 1912 :
1491 1895 1500 1911 ‹
1523 1885 1558 1912 At
1580 1885 1628 1913 ubi
1662 1886 1738 1914 venit

950 1930 1091 1966 plenitudo
1111 1931 1252 1966 temporis,
1271 1930 1346 1958 misit
1369 1930 1442 1959 Deus
1466 1931 1565 1959 Filium
1587 1939 1678 1964 suum,
1697 1931 1738 1959 la-

952 1980 1026 2003 ctum
1046 1984 1079 2003 ex
1095 1976 1218 2007 muliere,
1234 1975 1335 2002 factum
1353 1975 1404 2003 sub
1423 1976 1491 2012 lege,
1508 1980 1539 2004 ut
1554 1984 1601 2004 eos
1622 1976 1669 2011 qui
1684 1977 1735 2004 sub

952 2023 1011 2058 lege
1024 2026 1102 2050 erant
1117 2023 1263 2050 redimeret
1278 2023 1311 2050 "’.
1327 2032 1337 2048 ι

115 2077 129 2102 ὁ
143 2076 207 2107 Θεὸς
221 2075 267 2101 τὸν
281 2075 344 2101 Υἰὺν
357 2073 448 2105 αὐτοῦ,
479 2073 624 2108 γενόμενον
646 2073 678 2099 ἐκ
697 2071 837 2106 γυναικὸς,
867 2070 1011 2106 γενόμενον
1037 2070 1089 2096 ὑπὸ
1114 2070 1212 2106 νόμον,
1239 2070 1283 2097 ἴνα
1300 2071 1364 2102 τοὺς
1383 2070 1435 2096 ὑπὸ
1454 2071 1535 2106 νόμον
1555 2070 1610 2106 (46)
1641 2069 1737 2105 ἐξαγο-

116 2122 198 2157 ράσῃ.
214 2131 222 2146 ι

152 2167 194 2194 l2.
211 2165 361 2193 Κάντεῦθεν
374 2165 546 2201 σημειωτέον,
557 2166 598 2192 ὅτι
612 2165 719 2200 πρῶτον
729 2164 743 2190 ὁ
753 2164 817 2196 Υἱὸς
828 2162 902 2199 παρὰ

989 2160 1066 2196 341
1086 2160 1128 2187 l2.
1145 2160 1234 2195 Atque
1260 2161 1323 2188 hinc
1349 2160 1500 2188 notandum
1523 2161 1594 2195 quod
1617 2161 1735 2195 primum

114 2213 162 2240 τοῦ
179 2213 283 2247 Πατρὸς
301 2213 447 2247 πέμπεται,
465 2212 511 2239 καὶ
527 2212 586 2238 τότε
601 2212 703 2246 γίνεται
722 2211 753 2237 ἐκ
765 2209 901 2244 γυναικὸς,

115 2260 147 2287 οὐ
164 2259 269 2294 πρῶτον
285 2259 396 2293 γίνεται,
412 2259 459 2284 καὶ
475 2259 506 2284 ἐκ
521 2258 580 2284 τότε
594 2257 649 2292 (47)
667 2257 816 2292 πέμπεται·
835 2255 903 2282 ἀλλὰ

116 2306 223 2341 πρῶτον
243 2306 389 2341 πέμπεται,
406 2305 453 2332 καὶ
467 2305 526 2331 τότε
538 2304 641 2338 γίνεται
655 2304 685 2330 ὲκ
695 2302 833 2337 γυναικός.
847 2301 902 2327 Καὶ

114 2353 219 2384 τούτοις
232 2354 287 2383 τοῖς
301 2351 486 2384 ἀποστολικοῖς
510 2350 697 2386 συμφωνοῦσιν
714 2350 738 2375 οἱ
752 2349 899 2384 προφῆται,

115 2398 319 2432 ἀπεσταλμένον
334 2397 413 2423 αὐτὸν
428 2396 490 2422 Υῑὺν
504 2395 637 2429 λέγοντες.
654 2394 709 2421 Καὶ
726 2393 855 2429 πρότερον
871 2393 900 2419 ὲν

121 2444 219 2478 Ἡσαΐᾳ
226 2443 307 2469 αὐτοῦ
315 2442 361 2468 τοῦ
372 2441 574 2476 ἀπεσταλμένοι)
581 2441 702 2474 λέγοντος
713 2440 818 2466 ἄκουεῚ
833 2438 901 2473 Ἐγώ

115 2491 173 2525 εἰμι
189 2490 305 2525 πρῶτος,
323 2489 370 2515 καὶ
382 2487 436 2522 ἐγώ
451 2489 508 2523 εἰμι
519 2488 558 2518 εἰς
573 2487 618 2513 τὸν
632 2486 728 2519 αἰῶνα,
749 2487 795 2512 καὶ
809 2487 826 2520 ἡ
842 2485 901 2521 χείρ

118 2545 168 2572 μου
182 2535 341 2571 ὲϐεμελίωσε
356 2534 405 2570 τὴν
420 2535 482 2569 γῆν,
497 2534 545 2560 καὶ
564 2534 580 2569 ή
598 2532 671 2565 δεξιά
687 2541 736 2568 μου
753 2531 901 2567 ὲστερέωσε

115 2583 161 2609 τὸν
174 2582 293 2618 οὐρανόν·
311 2591 319 2607 ι
333 2581 380 2608 καὶ
395 2580 568 2616 ἐξερχόμενος
590 2579 623 2605 τὰ
636 2578 706 2606 κατὰ
722 2577 815 2613 καιρὸν
829 2578 902 2612 ἐνερ-

115 2628 204 2662 γείας,
226 2627 353 2654 συνάπτει
365 2626 461 2661 λέγων’
473 2634 490 2658 ⁴ί
501 2625 557 2652 Καὶ
572 2625 620 2652 νῦν
633 2624 734 2660 Κύριος
749 2622 901 2651 ἀπέσταλκὲ

152 2707 175 2724 ⁵³
193 2706 253 2734 Act.
272 2715 304 2740 ι,
323 2705 368 2734 38.

117 2750 202 2770 uvttt
213 2763 220 2774 ,
239 2740 273 2769 η
282 2763 289 2775 ,
309 2742 352 2769 i3.

110 2794 113 2802 ’
152 2800 207 2833 (Μ)
223 2799 270 2827 llis
293 2799 349 2826 fere
364 2799 455 2834 verbis
474 2803 588 2826 utuntur
617 2798 753 2834 Ephesina
780 2795 901 2831 synodus

117 2845 144 2873 p.
155 2835 219 2873 με,
233 2839 267 2873 _et
281 2833 518 2873 gitalcedonensis.

153 2871 209 2907 (οῖς)
227 2869 343 2906 Anglic.,
359 2869 406 2896 καί
425 2877 516 2904 φασιν.

417 2705 440 2722 ⁵⁸
459 2705 532 2732 Psal.
550 2711 625 2736 xmv,
641 2703 669 2730 8.
706 2702 730 2718 “
750 2701 822 2730 Psal.
849 2707 948 2732 Lxxxt,
966 2700 993 2727 6.

951 2206 1036 2234 Filius
1051 2215 1065 2233 a
1079 2206 1159 2233 Patre
1175 2206 1308 2240 mittatur,
1317 2214 1349 2233 ae
1360 2210 1417 2234 tum
1429 2207 1551 2233 nascitur
1561 2214 1594 2234 ex
1611 2207 1735 2240 muliere,

951 2261 1006 2281 non
1023 2245 1141 2288 primum
1152 2254 1274 2280 nascitur
1285 2257 1311 2280 et
1322 2257 1388 2281 tunc
1403 2254 1536 2285 mittitur;
1554 2254 1600 2281 sed
1618 2255 1736 2288 primum

952 2299 1080 2330 mittitur,
1097 2306 1130 2325 ae
1149 2297 1246 2325 deinde
1260 2298 1384 2325 nascitur
1397 2306 1431 2326 ex
1447 2298 1571 2325 muliere.
1589 2299 1678 2334 Atque
1690 2299 1735 2326 his

953 2345 1110 2380 apostolicis
1134 2343 1214 2370 dictis
1239 2347 1391 2371 consonant
1415 2344 1561 2378 prophetae,
1577 2344 1625 2380 qui
1644 2345 1734 2379 ipsum

953 2390 1050 2418 Filium
1076 2399 1136 2419 esse
1161 2392 1276 2418 missum
1299 2390 1404 2417 dicunt.
1423 2390 1455 2416 Et
1472 2391 1589 2424 primum
1618 2390 1645 2416 in
1667 2390 1736 2417 Isaia

952 2438 1039 2473 ipsius
1060 2438 1106 2473 qui
1133 2438 1234 2464 missus
1247 2441 1289 2463 est
1304 2436 1384 2463 verba
1402 2436 1524 2463 ausculta
1543 2445 1549 2462 :
1570 2445 1579 2461 ι
1604 2435 1659 2471 Ego
1675 2444 1736 2463 sum

952 2484 1067 2518 primus,
1085 2487 1112 2510 et
1125 2491 1174 2518 ego
1189 2490 1248 2509 sum
1267 2483 1294 2509 in
1317 2482 1425 2513 saecula,
1441 2485 1468 2508 et
1486 2489 1583 2508 manus
1595 2489 1654 2509 mea
1669 2481 1732 2510 fun-

953 2529 1029 2556 davit
1044 2534 1154 2560 terr-am,
1169 2532 1196 2555 et
1209 2528 1320 2555 dextera
1330 2535 1389 2554 mea
1401 2527 1668 2560 ﬁrmavitcmlum“;
1684 2537 1692 2552 1
1705 2530 1732 2554 et

953 2580 1098 2610 postquam
1115 2574 1251 2608 percurrit
1270 2573 1354 2600 variis
1370 2573 1538 2607 temporibus
1559 2572 1647 2600 editas
1669 2580 1734 2608 ope-

952 2621 1084 2653 rationes,
1101 2620 1193 2648 subdit
1207 2629 1214 2647 :
1234 2629 1243 2645 ε
1261 2619 1293 2646 Ει
1309 2627 1383 2647 nunc
1406 2618 1535 2647 Dominus
1551 2619 1625 2647 misit
1639 2627 1692 2652 me,
1708 2623 1735 2646 et

1042 2699 1064 2715 ι·
1086 2697 1164 2726 Rom.
1183 2705 1251 2730 vttt,
1270 2698 1296 2726 5.
1347 2697 1370 2713 "
1390 2697 1479 2725 Galat.
1498 2705 1541 2731 tv,
1560 2697 1587 2726 4.
1638 2697 1661 2714 ⁸⁸
1680 2693 1733 2726 ἰδέ.

992 2793 1049 2864 (ιϐζ
1066 2792 1184 2828 Anglic,
1201 2792 1253 2818 ὑπὸ
1264 2792 1364 2827 νόμου.Ι

992 2828 1034 2864 (47
1069 2828 1186 2864 Anglia,
1207 2828 1254 2854 καὶ
1273 2827 1342 2854 τότε.

992 2827 1047 2864 (47)
1069 2827 1186 2865 Anglia,
1207 2828 1254 2854 καὶ
1273 2827 1342 2854 τότε.
