1940 3067
255 126 307 154 935

838 125 866 153 Ξ.
887 124 1115 154 ATIIANASEUS.
1137 141 1171 145 ——
1191 124 1326 153 SPURIA.

1816 126 1860 154 956

251 184 369 219 Spiritus
386 185 491 220 ejus“;
506 194 514 210 ι
532 184 575 211 his
591 183 732 211 manifeste
746 182 890 212 declarans
910 192 939 212 se
954 184 1036 212 Deum

1090 193 1134 220 με,
1153 184 1199 210 καὶ
1223 184 1252 210 τὸ
1274 184 1386 219 Πνεῦμα
1405 184 1530 211 αὑτοῦ-ἰ
1559 184 1680 221 φανερῶς
1704 185 1746 212 διὰ
1770 186 1860 214 τούτων

251 238 322 262 esse.
345 231 390 266 qui
423 231 486 258 fecit
509 230 608 257 coelum
625 233 653 257 et
673 233 784 261 terram,
802 230 862 256 ait:
882 239 892 256 ‹
911 230 943 257 Et
965 239 1038 258 nunc

252 278 383 306 Dominus
401 277 474 305 misit
491 285 533 304 me
546 281 572 304 et
589 277 707 312 Spiritus
722 277 791 312 ejus.
808 286 817 303 ι
832 276 864 304 Et
879 285 926 312 per
935 278 1039 305 Zacha-

251 325 319 351 riam
338 324 375 350 ait
390 333 396 350 :
411 332 420 348 ι
438 321 532 351 Gaude
546 327 573 350 et
590 324 690 355 lauare,
707 322 761 349 ﬁlia
779 321 856 355 Sion,
869 324 932 358 quia
947 324 1038 357 venio,

251 374 278 397 et
291 370 420 397 habitabo
434 371 461 396 in
478 369 566 396 medio
579 370 628 402 tui,
641 373 668 397 et
685 369 843 404 confugient
860 373 955 404 gentes
968 371 1038 396 mul-

251 421 285 443 ta:
300 416 333 443 ad
348 415 491 443 Dominum
509 416 537 442 in
550 415 596 442 illa
611 416 655 443 die
668 425 674 443 :
689 420 716 443 et
730 423 879 450 cognosces
903 416 966 452 quia
984 416 1037 444 Do-

249 463 341 489 minus
358 462 433 489 rnisit
453 469 496 488 me
509 461 542 488 ad
558 465 584 488 te
592 461 626 489 '°.
641 471 650 487 ι
664 461 729 488 Inde
751 462 818 496 ipse,
836 462 997 489 incarnatus
1011 465 1039 489 et

250 507 332 535 homo
357 508 458 539 factus,
478 515 538 534 sese
560 507 707 534 conﬁtetur
723 508 799 534 aiens
813 517 819 534 :
834 507 933 535 Missus
950 516 1009 535 sum
1024 515 1038 535 a

250 553 340 585 Patre,
357 557 395 585 et,
406 554 481 580 misit
501 561 542 580 me
555 552 645 586 Pater,
660 554 833 588 idipsumque
853 554 946 581 multis
962 554 1040 581 testi-

250 601 349 626 Iicatur
365 599 465 626 verbis.
481 598 575 632 Itaque
592 606 646 625 non
662 603 692 625 ut
708 599 789 626 homo
805 600 906 627 missus
921 603 973 631 est,
990 599 1039 626 sed

250 650 280 672 ut
293 645 364 672 Deus
379 651 404 672 et
420 645 562 677 Dominus,
579 645 675 679 Filius,
690 653 705 672 a
720 645 834 671 Domino
849 645 946 672 Patre:
959 645 1039 680 quale

251 692 317 718 illud
333 695 376 718 est
394 701 400 718 :
422 700 431 716 ι
460 691 532 718 Pluit
556 691 689 719 Dominus
706 699 721 718 a
739 691 894 718 Domino".
910 701 919 717 ι
941 690 964 717 Α
986 690 1040 717 Do-

251 737 325 765 mino
340 737 442 764 dictum
457 742 508 764 est.
524 737 557 764 Et
574 738 639 764 illud
652 747 658 764 ε
670 747 679 763 ι
697 737 768 764 Dixit
783 737 915 765 Dominus
925 737 1039 765 Domino

250 784 352 812 meo".
370 793 380 809 ι
397 783 503 819 Accipit
530 788 622 811 autem
649 784 676 810 in
700 783 776 810 hisce
795 783 885 810 verbis
909 783 1039 810 thronum

250 828 346 862 David.
364 830 409 864 qui
424 834 570 857 enarratur
591 838 653 858 esse
670 829 852 863 corporaliter
869 833 946 865 pater
957 819 1038 864 ejus:

253 884 263 900 ε
286 874 318 901 Ει
344 875 470 910 regnabit
497 875 525 902 in
549 875 631 902 domo
651 873 736 902 Iacob
749 874 777 901 in
795 873 906 906 saecula,
919 877 946 900 et
962 873 1038 908 regni
1054 867 1075 894 Β

249 920 309 955 ejus
327 929 381 948 non
396 922 448 948 erit
463 921 524 949 ﬁnis
534 921 567 948 ".
583 930 594 947 ι

1090 229 1254 265 παραδείξας
1276 229 1381 261 ἑαυτὸν,
1399 230 1439 256 ὅτι
1463 230 1543 262 αὐτὸς
1559 231 1573 256 ὁ
1588 230 1651 262 Θεὸς
1668 232 1682 257 ό
1703 231 1810 266 ποιήσας
1821 231 1861 259 τὸν

1089 275 1200 311 οὐρανὸν
1230 276 1276 301 καὶ
1299 275 1348 310 τὴν
1374 276 1424 311 γῆν
1443 276 1526 310 λέγει·
1544 286 1553 302 ι
1571 276 1626 303 Kal
1645 276 1691 303 νῦν
1705 276 1798 312 Κύριος
1813 277 1860 303 ἀπ-

1090 320 1203 347 έσταλκέ
1218 329 1261 355 με,
1278 321 1325 347 καὶ
1335 321 1363 346 τὺ
1372 320 1483 356 Πνεῦμα
1498 321 1606 348 αὑτοῦ.»
1624 322 1677 348 Kal
1687 321 1729 348 διὰ
1742 323 1861 358 Ζαχαρίου

1089 366 1189 400 λέγων·
1203 375 1212 391 ι
1224 366 1330 401 Τέρπου
1339 367 1385 393 καὶ
1396 367 1552 402 εὐφραίνου,
1563 367 1677 402 θύγατερ
1685 367 1760 399 Σιὼν,
1773 368 1809 394 ὅτι
1822 368 1861 403 ἔρ-

1090 421 1172 448 χομαι
1184 412 1238 448 (48)
1250 413 1297 439 καὶ
1312 414 1513 449 κατασκηνώσω
1524 415 1553 441 ὲν
1570 415 1644 450 μέσῳ
1662 423 1718 444 σου,
1732 415 1776 442 καὶ
1790 424 1862 442 κατα-

1090 459 1231 494 φεύξονται
1247 459 1308 495 ἔθνη
1327 459 1410 487 πολλὰ
1426 460 1471 486 ἐπὶ
1486 460 1587 496 Κύριον
1603 461 1630 487 ὲν
1646 461 1678 496 τῇ
1701 461 1788 496 ἡμέρᾳ
1802 460 1862 486 ὲκεί-

1089 514 1122 541 νῃ
1132 514 1138 521 ·
1154 506 1201 532 καὶ
1215 505 1362 542 ὲπιγνώσῃ,
1381 506 1421 532 ὅτι
1447 506 1548 542 Κύριος
1566 506 1746 545 ὲξαπέσταλκέ
1759 515 1789 541 με
1803 506 1862 542 πρὸς

1091 551 1130 578 σέ.
1150 561 1159 577 ι
1182 551 1319 578 Ἐντεῦθεν
1335 552 1381 578 καὶ
1396 552 1476 583 αὐτὸς
1493 553 1507 578 ό
1523 551 1673 587 σαρκωθεὶς
1687 553 1733 578 καὶ
1744 551 1861 587 ἐνανορω-

1089 598 1179 632 πήσας
1199 596 1352 632 διομολογεῖ
1379 596 1459 624 αὐτὸν
1485 597 1585 631 λέγων·
1612 597 1775 633 Ἀπεστάλην
1798 597 1861 632 παρὰ

1089 643 1136 670 τοῦ
1156 644 1261 678 Πατρός
1271 651 1278 659 ο
1297 644 1354 674 καὶ,
1368 643 1534 670 Ἀπέσταλκέ
1549 653 1582 679 με
1597 643 1611 669 ὁ
1624 643 1727 679 Πατὴρ,
1752 643 1784 670 τὰ
1804 644 1861 670 αὐτὰ

1089 689 1119 715 ὲν
1147 688 1256 720 πολλαῖς
1281 689 1393 724 ρήσεσιν
1422 689 1624 725 ἐπιμαρτυρῶν.
1648 689 1750 716 Οὐκοῦν
1770 690 1813 725 οὐχ
1830 689 1861 721 ὡς

1089 734 1230 770 ἄνθρωπος
1248 735 1397 770 ἀπεστάλη,
1415 734 1471 761 ἀλλ’
1488 735 1526 767 ὡς
1535 735 1611 768 Θεὸς,
1623 735 1669 762 καὶ
1687 736 1793 771 Κύριος,
1807 735 1861 767 Υἱὸς

1090 781 1165 817 παρὰ
1179 781 1280 816 Κυρίου
1294 781 1340 808 τοῦ
1350 782 1466 817 Πατρός,
1476 781 1513 814 ὡς
1521 782 1566 808 καὶ
1579 782 1617 814 τὸ,
1631 793 1640 808 (
1655 783 1765 818 Ἔϐρεξε
1775 783 1861 818 Κύριος

1091 827 1167 863 παρὰ
1181 828 1299 862 Κυρίου,
1321 837 1330 853 ι
1346 828 1421 864 παρὰ
1439 829 1543 864 Κυρίου
1572 831 1674 856 κεῖται·
1692 829 1786 861 καὶτὸ,
1803 839 1811 854 ι
1825 827 1862 855 Εἷ-

1090 882 1140 900 πεν
1155 875 1170 900 ό
1191 874 1292 910 Κύριος
1313 874 1352 910 τῷ
1379 875 1473 910 Κυρίῳ
1498 883 1560 910 μου.
1584 885 1593 902 ι
1613 875 1751 911 Λαμϐάνει
1770 876 1796 902 δὲ
1819 876 1861 902 κάν

1088 921 1193 952 τούτοις
1207 920 1252 947 τὸν
1268 921 1361 956 θρόνον
1374 921 1514 954 Δαϐὶδ,τοῦ
1531 922 1694 957 σωματικῶς
1706 923 1862 957 γενεαλογου-

250 969 332 1005 μένου
345 969 448 1005 πατρὸς
462 968 544 995 αὐτοῦ
554 977 562 985 ·
583 978 593 994 ε
612 969 667 995 Καὶ
685 968 838 1004 βασιλεύσει
850 968 897 995 ἐπὶ
904 968 950 995 τὸν
963 967 1038 995 οἷκον
1061 967 1160 996 Ἰακὼϐ
1171 969 1212 1000 είς
1225 969 1289 1000 τοὺς
1304 969 1413 1001 αἰῶνας,
1428 970 1475 996 καὶ
1493 970 1540 1005 τῆς
1554 970 1692 1004 βασιλείας
1719 970 1796 998 αὺτοῦ
1821 969 1862 996 οὐκ

248 1018 326 1045 ἔσται
337 1018 422 1050 τέλος.
444 1028 453 1044 ι

283 1077 326 1105 15.
342 1076 479 1113 lntelligas
493 1077 574 1104 velim
591 1084 746 1104 sermonem
761 1076 969 1112 doctrinamque
984 1076 1036 1103 hac

248 1123 276 1150 in
291 1123 446 1150 narratione
459 1124 637 1150 constitutam
655 1131 662 1149 ι
677 1121 769 1149 omnia
785 1122 858 1148 enirn
875 1122 1038 1149 concutiunt

247 1172 274 1195 et
287 1171 493 1204 perscrutantur
506 1167 675 1200 literetici,ac
691 1175 752 1194 cum
765 1167 939 1194 simulatione
953 1166 1038 1193 inter-

248 1217 345 1249 rogant
361 1224 367 1241 :
384 1213 453 1240 Num
470 1213 538 1240 illud
555 1213 770 1240 incarnationem
786 1212 888 1240 Christi
905 1212 1036 1239 subsecu-

249 1266 306 1288 tum
323 1260 422 1294 l'uerit;
446 1268 480 1287 an
504 1259 608 1287 scilicet
631 1259 769 1294 acceperit
799 1258 928 1286 thronum
950 1257 1035 1285 David

248 1306 334 1341 patris
351 1305 405 1338 sui,
427 1308 453 1332 et
466 1304 622 1341 regnaverit
635 1304 662 1331 in
676 1304 757 1331 domo
771 1302 855 1331 Iacob
872 1304 901 1330 in
922 1303 1032 1331 saecula.

249 1352 354 1385 Quibus
370 1351 407 1378 ita
423 1351 632 1386 respondemus,
642 1358 704 1377 cum
716 1350 833 1386 quadam
845 1349 1035 1377 observatione

248 1397 476 1426 considerandum
499 1405 571 1429 esse,
586 1397 712 1432 angelum
735 1396 780 1424 ubi
800 1396 849 1429 ait,
880 1405 889 1422 ι
909 1395 942 1422 Et
961 1396 1036 1424 dabit

249 1445 288 1472 illi
309 1445 440 1473 Dominus
452 1448 581 1472 thronum
600 1445 723 1477 David",
740 1455 749 1471 ι
769 1453 940 1481 nequaquam
955 1445 1035 1472 addi-

248 1492 332 1526 disse,
344 1497 374 1520 ut
390 1492 565 1520 conﬁrmaret
574 1497 600 1520 et
615 1492 807 1519 corroboraret
817 1501 824 1525 ;
836 1492 885 1519 sed
897 1492 1032 1524 absolute,

251 1547 261 1563 ι
272 1542 298 1566 et
306 1538 390 1566 dabit.
409 1549 419 1565 ›
432 1538 501 1565 Hinc
513 1542 618 1573 oportet
627 1546 661 1565 ex
674 1538 707 1566 iis
719 1545 780 1573 quae
789 1546 818 1566 re
829 1541 856 1565 et
865 1545 946 1574 opere
960 1545 1036 1565 com-

248 1585 320 1621 pleta
333 1590 407 1618 sunt,
416 1584 603 1612 ditﬁcultatem
615 1585 732 1612 solvere.
742 1584 810 1611 Nam
819 1585 896 1617 illud,
908 1594 917 1610 ι
929 1585 1033 1617 dabit,»

248 1631 350 1658 dictum
367 1635 419 1663 est,
438 1631 476 1658 ita
488 1634 518 1658 ut
530 1631 701 1659 transtulerit
713 1638 827 1666 regnum
844 1631 923 1662 illud.
935 1635 964 1658 ut
979 1631 1037 1666 ipse

248 1676 375 1705 Christus
406 1677 440 1704 ad
464 1676 572 1705 Judazos
602 1678 718 1713 loquens
750 1677 947 1713 interpretatus
971 1682 1034 1706 est:

251 1732 260 1749 α
281 1721 342 1750 ideo
357 1723 497 1751 auferetur
510 1731 526 1750 a
540 1723 620 1751 vobis
644 1731 769 1759 regnum,
787 1728 815 1751 et
835 1723 946 1751 dabitur
962 1723 1037 1759 genti

249 1767 360 1796 facienti
392 1768 499 1797 fructus
520 1769 620 1803 ejus".
641 1779 650 1796 ›
665 1769 759 1804 Itaque
782 1773 894 1804 accepto
910 1769 1036 1798 Christus

248 1821 332 1848 regno
360 1813 480 1847 Davidis,
505 1813 646 1841 transtulit
674 1813 740 1841 illud
768 1814 897 1849 deditque
931 1815 1035 1843 sanctis

248 1860 467 1888 Christianorum
492 1861 614 1896 regibus,
635 1865 665 1888 ut
684 1865 856 1889 converteret
878 1869 926 1889 eos
939 1861 972 1888 ad
987 1861 1036 1888 do-

248 1912 322 1931 mum
339 1903 434 1936 Jacob,
451 1908 478 1932 et
495 1904 615 1932 traderet
633 1905 707 1932 illam
729 1905 759 1932 in
773 1905 950 1941 opprobrium
965 1909 992 1933 et
1008 1906 1036 1933 in

248 1950 437 1984 direptionem.
459 1950 605 1986 Regnatin
625 1949 798 1978 Christianos
825 1951 853 1978 in
874 1951 984 1983 saecula,
1008 1955 1036 1978 et

248 1996 325 2031 regni
350 1996 410 2030 ejus
434 2004 489 2023 non
511 1997 562 2023 erit
585 1996 656 2024 ﬁnis.
672 1996 766 2031 Neque
783 1996 856 2024 enim
875 1997 919 2023 alii
935 1998 1035 2032 populo

247 2040 418 2075 relinquetur
435 2040 514 2075 juxta
535 2040 657 2068 visiones
677 2039 796 2068 Danielis
811 2041 967 2076 prophetat;
987 2042 1034 2069 sed

247 2087 397 2121 praedicant
411 2087 572 2123 (prophetae)
589 2087 679 2122 ipsum
693 2087 832 2115 Christum
855 2095 947 2122 regem
960 2095 1031 2121 esse,

248 2138 465 2169 perseverantem
477 2141 564 2169 usque
577 2133 611 2160 ad
623 2134 773 2161 secundum
783 2141 862 2161 suum
873 2133 1032 2162 adventum:

247 2188 302 2215 quo
315 2184 436 2215 tempore
447 2188 508 2207 cum
524 2176 639 2213 venerit,
651 2187 700 2207 rex
711 2179 832 2207 manebit
844 2180 872 2206 in
887 2179 997 2211 saecula,
1008 2183 1035 2207 et

247 2226 323 2261 regni
336 2234 396 2261 ejus
411 2234 466 2253 non
477 2225 530 2253 erit
541 2225 613 2253 ﬁnis.
626 2224 694 2253 Cum
705 2225 778 2253 enim
789 2229 870 2253 natus
880 2233 915 2252 ex
926 2224 1037 2260 Virgine

247 2272 339 2299 omnia
355 2271 531 2307 compleverit
550 2279 611 2306 quae
625 2274 749 2305 spectant
766 2270 948 2298 teconomiam
963 2277 1038 2297 mor-

249 2317 283 2345 tis
298 2321 324 2344 et
339 2317 439 2350 erucis,
453 2320 480 2344 et
493 2320 557 2352 post
572 2316 801 2344 resurrectionem
812 2316 911 2343 dixerit
927 2325 934 2343 :
946 2324 955 2341 ‹
969 2314 1038 2342 Data

247 2368 290 2391 est
306 2364 373 2391 mihi
396 2363 486 2392 omnis
502 2367 625 2399 potestas
653 2363 682 2390 in
703 2363 773 2391 cutio
793 2366 821 2390 et
837 2362 865 2389 in
885 2361 1005 2394 terra";
1026 2371 1036 2388 ι

245 2410 302 2444 jam
313 2411 376 2438 inde
384 2411 518 2445 regnavit,
529 2414 556 2438 et
568 2409 788 2437 Christianorum
799 2416 846 2436 rex
855 2407 1036 2443 praedicaturz

247 2456 476 2492 quemadmodum
491 2457 569 2483 initio
586 2462 697 2491 precum
720 2458 816 2482 mutuo
829 2453 1034 2488 compellantes,

247 2503 366 2531 clamare
381 2503 471 2530 solent
485 2512 492 2530 :
506 2501 613 2534 Venite,
632 2501 777 2545 adoremus
806 2503 834 2526 et
859 2498 1035 2534 procidamus

248 2556 340 2577 coram
365 2548 476 2577 Christo
493 2548 567 2584 Rege
581 2551 689 2576 nostro.
702 2545 735 2573 Et
749 2548 884 2573 venturus
895 2544 923 2571 in
938 2550 1036 2579 magno

248 2598 275 2622 et
287 2595 387 2623 illustri
404 2593 524 2622 secundo
543 2594 659 2620 adventu
682 2599 744 2623 suo,
766 2591 825 2625 ipse
845 2589 965 2616 manebit
987 2595 1036 2614 rex

248 2641 275 2668 in
290 2640 400 2674 sarcula.
413 2643 440 2668 et
454 2638 531 2674 regni
547 2638 607 2673 ejus
622 2645 676 2664 non
690 2636 743 2664 erit
765 2635 837 2662 ﬁnis.
856 2633 996 2669 Siquidem
1011 2633 1035 2659 is

287 2717 308 2734 "
327 2716 378 2746 lsa.
401 2724 496 2748 nvm,
528 2715 572 2743 l6.
625 2714 648 2730 ⁵ο
668 2711 887 2748 Ζίιοιικιικίο,
913 2710 957 2737 ll.

248 2753 271 2769 “
291 2743 378 2780 ibid,"
393 2743 530 2778 "iMat'th.
549 2758 613 2782 xxi,
630 2749 675 2777 45.
713 2748 736 2764 ³⁸
756 2747 852 2775 Matth.
869 2752 956 2773 xxvm
968 2764 975 2777 ,
994 2743 1037 2771 18.

249 2810 338 2874 dea?)
359 2810 513 2847 Anglican,
527 2810 568 2836 ὅτι
603 2809 656 2836 ἰδοὺ
684 2807 809 2844 ἔρχομαι.
829 2806 859 2834 ln
871 2804 946 2837 aliis,
973 2802 1028 2829 ἰδού

284 2854 312 2874 es
329 2866 335 2872 .

284 2854 335 2874 εει.

1052 2196 1073 2224 D

1010 2708 1032 2724 "
1053 2707 1121 2736 Gen.
1155 2716 1218 2740 xxx,
1250 2707 1295 2735 24.

1100 1077 1102 1079 ’
1124 1072 1168 1099 15.
1182 1072 1237 1098 Kal
1249 1072 1374 1099 κατανόει
1385 1072 1464 1106 λόγον
1480 1073 1525 1099 καὶ
1541 1072 1630 1108 δόγμα
1648 1073 1861 1109 συνυφιστάμενον

1085 1119 1119 1153 τῇ
1135 1118 1262 1153 ἐξηγήσει
1273 1118 1369 1153 ταύτῃ.
1383 1117 1497 1153 Ζητοῦσι
1509 1117 1562 1154 γὰρ
1576 1119 1805 1154 παρασαλεύοντες
1815 1119 1861 1154 (ιθ)

1087 1163 1177 1190 πάντα
1199 1164 1222 1189 οἱ
1236 1164 1378 1198 αἱρετικοὶ,
1399 1163 1446 1190 καὶ
1466 1163 1631 1200 διερωτῶσιν
1649 1165 1860 1200 ὑποκρινόμενοι·

1089 1209 1120 1235 Et
1130 1209 1208 1235 τοῦτο
1222 1208 1446 1244 παρηκολούθησε
1462 1211 1494 1244 τῇ
1511 1209 1647 1245 σαρκώσει
1670 1211 1798 1246 Χριστοῦ-
1813 1211 1862 1246 ἢτοι

1088 1255 1214 1286 λαὸόντος
1236 1255 1283 1281 τὸν
1303 1254 1396 1290 θρόνον
1419 1255 1501 1282 Δαΰὶδ
1522 1256 1569 1282 τοῦ
1592 1257 1697 1293 πατρὸς
1720 1257 1808 1290 αὐτοῦ,
1823 1256 1862 1282 καὶ

1088 1298 1297 1334 βασιλεύσαντος
1313 1300 1358 1326 ἐπὶ
1372 1300 1417 1326 τὸν
1431 1298 1505 1327 οἶκον
1523 1300 1621 1327 Ἰακὼὸ
1635 1302 1675 1333 εἰς
1689 1302 1748 1331 τοὺς
1764 1301 1860 1332 αἰῶνας.

1088 1345 1159 1382 Πρὸς
1174 1345 1220 1377 οὓς
1230 1346 1449 1381 ἀποκρινόμενοι,
1465 1346 1553 1382 φαμὲν
1568 1348 1608 1373 ὅτι
1624 1347 1683 1382 μετ’
1691 1348 1862 1383 ἐπιτηρήσεως

1087 1391 1128 1418 δεῖ
1140 1394 1292 1427 προσέχειν,
1306 1392 1357 1425 ὅτι,
1368 1393 1489 1424 εἰπόντος
1499 1393 1546 1420 τοῦ
1560 1393 1690 1428 ἀγγέλου,
1708 1403 1717 1420 r
1728 1394 1779 1420 Kal
1793 1393 1862 1420 δώσει

1087 1438 1161 1474 αὖτῷ
1180 1439 1280 1474 Κύριος
1294 1439 1339 1465 τὸν
1357 1439 1450 1474 θρόνον
1467 1439 1558 1472 Δασὶδ,
1580 1449 1590 1465 ι
1607 1441 1659 1467 οὐκ
1675 1440 1861 1475 ἐπεσημήνατο,

1087 1485 1129 1519 ἐφ’
1144 1481 1166 1518 ᾧ
1183 1485 1306 1520 στηρίξαι
1335 1485 1351 1520 ἢ
1376 1484 1538 1520 βεϐαιῶσαι’
1555 1485 1612 1512 ἀλλ’
1631 1486 1767 1517 ἀπολύτως
1787 1485 1860 1518 λέγει,

1091 1540 1100 1556 ι
1119 1531 1166 1557 καὶ
1179 1530 1270 1558 δώσει.
1289 1539 1299 1557 ι
1318 1531 1473 1558 Κὰντεῦθεν
1489 1531 1541 1567 χρὴ
1555 1532 1587 1558 ὲκ
1599 1532 1654 1558 τῶν
1666 1532 1725 1558 κατ’
1738 1531 1860 1566 ἐνέργειαν

1087 1576 1320 1604 ἀποτελεσθέντων
1333 1576 1510 1604 ἐπιλύσασθαι
1523 1577 1552 1604 τὸ
1566 1576 1668 1612 ἄπορον
1678 1586 1684 1592 ·
1698 1578 1738 1604 ὅτι
1752 1577 1780 1604 τὸ
1794 1586 1801 1601 ι
1821 1575 1861 1602 δώ-

1087 1631 1128 1650 σει
1140 1633 1149 1648 »
1158 1623 1275 1659 εἴρηται,
1297 1623 1340 1658 ἐφ’
1354 1620 1375 1657 ᾧ
1385 1624 1552 1658 μεταστῆσαι
1564 1623 1659 1650 τοῦτον
1673 1624 1717 1651 τὸν
1727 1624 1822 1658 θρόνον,
1830 1622 1860 1652 ὡς

1086 1670 1134 1696 καὶ
1156 1669 1235 1701 αὐτὸς
1255 1669 1270 1695 ὁ
1290 1669 1406 1704 Χριστὸς
1422 1669 1607 1705 διερμηνεύων
1632 1670 1707 1704 ἔλεγε
1723 1670 1787 1706 πρὸς
1803 1669 1859 1695 ’1ου-

1086 1715 1188 1747 δαίους-
1208 1725 1217 1741 ι
1236 1715 1285 1741 Διὰ
1297 1714 1374 1742 τοῦτο
1390 1715 1539 1751 ἀρθήσεται
1555 1715 1601 1750 ἀφ’
1617 1716 1694 1751 ὑμῶν
1710 1717 1726 1752 ἡ
1742 1713 1858 1750 βασιλεία,

1087 1761 1134 1787 καὶ
1149 1761 1290 1795 δοθήσεται
1309 1760 1380 1788 ἔθνει
1397 1761 1518 1788 ποιοῦντι
1534 1761 1598 1792 τοὺς
1611 1762 1733 1797 καρποὺς
1746 1760 1831 1795 αὐτῆς.
1849 1767 1857 1783 ›

1087 1806 1190 1833 Οὐκοῦν
1203 1806 1292 1834 λαϐὼν
1304 1807 1317 1833 ὁ
1327 1807 1444 1842 Χριστὸς
1456 1807 1500 1833 τὸν
1512 1806 1605 1842 θρόνον
1612 1807 1704 1838 Δαὸὶδ,
1713 1806 1858 1842 μετέστησεν

1085 1852 1166 1879 αὐτὸν
1181 1853 1227 1878 καὶ
1249 1852 1332 1879 ἔδωκε
1352 1854 1408 1883 τοῖς
1427 1851 1515 1886 ἁγίοις
1530 1852 1701 1888 Χριστιανῶν
1725 1850 1858 1887 βασιλεῦσι,

1086 1898 1286 1934 ὲπαναστρέψαι
1301 1898 1410 1929 τούτους
1427 1898 1473 1924 ἐπὶ
1485 1897 1530 1925 τὸν
1544 1896 1618 1924 οἶκον
1636 1897 1805 1925 ’1ακὼ6·.καὶ
1816 1904 1859 1922 πει-

1087 1944 1181 1979 ραδοὺς
1197 1944 1277 1970 αὑτὸν
1292 1945 1331 1976 είς
1341 1943 1492 1979 ὀνειδισμὸν
1505 1943 1552 1970 καὶ
1563 1945 1602 1975 είς
1615 1944 1774 1980 διαρπαγὴν,
1793 1943 1858 1977 βασι-

1085 1988 1157 2015 λεύει
1181 1989 1209 2014 ὲν
1232 1989 1402 2024 Χριστιανοϊς
1416 1989 1456 2019 εἰς
1471 1988 1534 2019 τοὺς
1546 1988 1659 2020 αίῶνας,
1676 1989 1718 2015 καὶ
1732 1988 1778 2022 τῆς
1792 1986 1857 2021 βασι-

1085 2034 1159 2064 λείας
1183 2033 1264 2060 αὑτοῦ
1291 2033 1340 2060 οὐκ
1365 2033 1440 2060 ἔσται
1465 2033 1635 2064 τέλος⁸ούδὲ
1658 2033 1711 2068 γὰρ
1722 2031 1774 2066 λαῷ
1786 2029 1858 2064 ἑτέρῳ

1086 2079 1399 2115 ὑπολειφθήσεται,κατὰ
1414 2079 1462 2112 τὰς
1479 2080 1586 2114 ὁράσεις
1598 2079 1697 2114 Δανιὴλ
1709 2078 1752 2105 τοῦ
1767 2076 1858 2112 προφή-

1085 2135 1141 2153 του·
1152 2126 1208 2153 ἀλλ’
1216 2125 1445 2162 ἀνακηρύττουσιν
1455 2126 1534 2152 αὐτὸν
1546 2126 1662 2161 Χριστὸν
1675 2124 1779 2160 βασιλέα
1787 2119 1856 2149 εἶναι.

1086 2172 1166 2199 αὑτὸν
1185 2172 1283 2207 διαρκῆ
1301 2171 1381 2208 μέχρι
1395 2172 1445 2208 τῆς
1466 2171 1593 2207 δευτέρας
1615 2171 1697 2199 αὐτοῦ
1712 2167 1855 2204 παρουσίας,

1087 2217 1147 2244 καθ’
1163 2218 1196 2253 ἢν
1210 2218 1394 2253 ὲλευσόμενος,
1411 2218 1486 2254 μένει
1503 2218 1629 2254 βασιλεὺς
1641 2219 1682 2250 είς
1691 2218 1750 2248 τοὺς
1759 2215 1854 2254 αιῶνᾳς-
1868 2234 1876 2251 ι

1087 2264 1134 2290 καὶ
1158 2263 1209 2298 τῆς
1233 2252 1370 2298 βασιλείας
1393 2252 1476 2290 αύτοῦ
1503 2252 1554 2290 οὐκ
1579 2263 1656 2290 ἔσται
1676 2262 1757 2293 τέλος.
1772 2252 1855 2291 Εὶὶὰρ

1087 2308 1224 2344 γεννηθεὶς
1247 2309 1280 2335 ἐκ
1300 2309 1349 2344 τῆς
1365 2308 1514 2345 Παρθένου,
1533 2309 1579 2335 καὶ
1606 2309 1694 2335 πάντα
1708 2306 1810 2335 τελέσας
1827 2302 1854 2327 τά

1088 2353 1157 2381 κατὰ
1182 2356 1229 2390 τὴν
1252 2353 1406 2390 οἰκονομίαν
1422 2354 1468 2381 τοῦ
1485 2354 1600 2381 θανάτου
1615 2355 1660 2381 καὶ
1676 2352 1722 2379 τοῦ
1742 2345 1854 2383 σταυροῧν

1086 2400 1205 2432 ἀναστάς
1218 2409 1316 2436 φησιν·
1335 2410 1344 2427 ι
1368 2400 1460 2436 Ἐδόθη
1477 2409 1521 2435 μοι
1538 2401 1612 2427 πᾶσα
1627 2399 1733 2432 ἐξουσία
1746 2397 1773 2423 ἐν
1787 2395 1855 2429 οὐρα-

1086 2447 1124 2483 νῷ
1138 2447 1183 2474 καὶ
1198 2447 1244 2474 ἐπὶ
1257 2447 1322 2483 γῆς·
1341 2457 1350 2472 ι
1367 2447 1416 2483 ἤδη
1432 2446 1536 2473 ἐκεῖθεν
1556 2446 1720 2476 ἐϐασίλευσε,
1737 2443 1784 2470 καὶ
1799 2441 1854 2467 ἀνα-

1087 2493 1249 2530 κηρύττεται
1269 2492 1440 2529 Χριστιανῶν
1460 2491 1603 2526 βασιλεύς
1623 2491 1660 2523 ὡς
1680 2490 1724 2517 καὶ
1745 2486 1799 2514 κατ’
1813 2486 1854 2519 ἀρ-

1087 2540 1137 2575 χὰς
1159 2539 1213 2566 τῶν
1236 2539 1324 2575 εὐχῶν
1354 2538 1567 2574 συγκαλούμενοι
1595 2537 1730 2572 ἀλλήλους,
1749 2531 1854 2566 ἀνακρά-

1087 2585 1161 2617 ζουσι
1179 2585 1317 2620 λέγοντες·
1336 2585 1427 2616 Δεῦτε,
1443 2586 1682 2621 προσκυνήσωμεν,
1694 2581 1738 2608 καὶ
1749 2576 1852 2615 προσπὲ-

1088 2639 1178 2666 σωμεν
1203 2630 1276 2666 αὺτῷ
1293 2630 1403 2666 Χριστῷ
1417 2631 1457 2666 τῷ
1472 2630 1577 2665 βασιλεῖ
1588 2629 1674 2665 ἡμῶν.
1691 2627 1743 2654 Kal
1754 2622 1853 2660 ἐρχόμε-

1346 2708 1369 2723 ⁵¹
1401 2707 1473 2735 Psal.
1490 2716 1545 2740 crx,
1577 2708 1602 2735 ~l.
1652 2706 1674 2721 "
1692 2704 1754 2731 Luc.
1773 2693 1850 2732 ἡδέ.

1119 2800 1174 2834 μοι
1205 2798 1612 2835 Anglican,napaxalaﬁowzg.
1634 2795 1726 2832 Quem
1754 2790 1852 2820 εοθιηιιε

1087 2836 1211 2863 Nannius
1227 2840 1278 2862 cst.
