1940 3067
91 133 141 162 937

553 135 668 164 SERMO
684 135 716 162 IN
735 135 1041 163 ANNUNTIATIONEM
1065 135 1238 164 DEIPKRE.

1653 136 1704 164 958

91 205 132 227 νος
149 206 219 225 mra
232 196 281 232 τὴν
306 197 424 232 μεγάλην
440 195 486 222 καὶ
511 195 629 230 ἐπιφανῆ
645 194 727 221 αὑτοῦ
740 195 868 230 δευτέραν

932 204 977 231 pse
1000 196 1046 231 qui
1069 204 1101 223 ex
1132 195 1244 230 Virgine
1261 198 1341 222 natus
1361 199 1414 228 est,
1445 203 1493 223 rex
1516 199 1568 228 est,
1591 199 1618 223 et
1648 195 1706 230 ipse

91 242 249 277 παρουσίαν,
263 242 342 274 αὐτὸς
356 243 430 278 μένει
443 242 566 277 βασιλεὺς
578 243 617 273 εἰς
630 243 692 273 τοὺς
703 242 814 273 αἰῶνας,
826 243 872 270 καὶ

91 288 137 321 τῆς
152 289 289 324 βασιλείας
303 289 384 315 αὐτοῦ
400 290 449 315 οὐκ
464 289 538 316 ἔσται
554 288 638 320 τέλος.
654 288 709 315 Καὶ
722 288 783 314 ἐπεὶ
793 288 872 319 αὐτὸς

92 335 215 370 βασιλεὺς
231 336 303 361 ἐστιν
315 336 329 362 ό
342 337 373 362 ἐκ
385 335 436 370 τῆς
452 334 589 370 Παρθένου
600 333 748 368 γεννηθεὶς,
764 333 811 360 καὶ
826 334 873 359 αὑ-

923 241 1054 268 Doniinus
1070 239 1151 268 Deus.
1167 239 1287 274 Ejusque
1306 241 1404 276 gratia,
1421 249 1482 276 quae
1500 241 1589 276 ipsum
1602 241 1706 277 genuit.

924 286 1036 322 Regina.
1054 286 1167 314 Domina
1187 289 1213 312 et
1230 285 1343 321 Deipara
1364 286 1473 321 proprie
1496 293 1529 314 ac
1547 294 1611 314 vere
1636 294 1707 322 pra:-

924 333 1040 360 dicatur.

91 382 134 414 τὸς
159 382 259 417 Κύριος
283 382 297 407 ὁ
325 381 400 413 Θεός.
415 383 454 408 Δι’
469 382 548 408 αὑτὸν
564 382 609 408 καὶ
624 382 640 416 ή
660 380 776 407 τεκοῦσα
793 381 872 407 αὑτὸν
892 380 1044 416 βασίλισσα,
1056 381 1103 408 καὶ
1118 381 1207 416 Κυρία
1224 381 1269 408 καὶ
1280 381 1419 413 Θεοτόκος,
1438 381 1537 417 κυρίως
1569 381 1614 408 καὶ
1642 380 1708 416 ἀλη-

92 427 144 459 θῶς
158 428 358 462 δογματίζεται.

126 486 169 513 Η.
186 486 240 512 Καὶ
261 486 441 522 ἐιραρμόζεται
458 486 603 512 κάντεῦθεν
631 486 720 520 λέγειν
745 486 782 517 ὡς
806 485 872 521 πρὸς

92 531 173 565 αὐτὴν
187 531 344 566 ἀφορῶντας
359 533 440 566 ἡμᾶς,
457 532 504 558 καὶ
517 531 584 566 πρὸς
599 532 679 557 αὑτὸν
693 531 739 558 τὸν
751 531 779 564 ἐξ
790 531 873 565 αὐτῆς

92 577 218 612 τεχθέντα
234 577 400 613 σαρκοφόρον
414 577 477 603 Υἰὸν
494 577 593 612 αὐτῆς
604 576 660 603 Νῦν
673 586 683 602 ι
703 576 825 612 παρέστη
843 577 874 602 ὲκ

91 623 183 656 δεξιῶν
203 631 248 649 σου
274 624 302 650 ὲν
327 623 466 658 ἱματισμῷ
481 623 627 658 διαχρύσῳ,
646 622 874 658 περιϐεϐλημένη,

93 669 297 704 πεποικιλμένη.
314 679 324 695 ι
345 669 398 695 Καὶ
412 670 466 704 γὰρ
484 669 555 696 καθὰ
576 668 643 704 γυνὴ
659 669 841 704 ἐχρημάτισεν
858 669 874 703 ἡ

93 715 246 750 βασίλισσα,
261 716 308 742 καὶ
322 716 421 751 Κυρία,
440 716 486 742 καὶ
500 716 598 751 Μήτηρ
612 715 658 742 τοῦ
675 714 753 746 Θεοῦ,
769 713 877 740 κατὰτὸ

92 763 243 796 γυναικεῖον
255 762 338 796 αὐτῆς
354 761 456 796 σχῆμα,
473 761 519 787 καὶ
533 760 578 787 νῦν
591 761 628 792 ὡς
649 760 789 795 βασίλισσα
804 767 877 795 παρ-

93 808 223 843 ισταμένη
238 810 269 834 ὲκ
283 807 375 840 δεξιῶν
397 807 443 834 τοῦ
462 807 654 842 παμϐασιλέως
663 806 727 833 Υἱοῦ
743 806 835 842 αὐτῆς,
846 807 874 833 ὲν

961 484 1004 511 14.
1021 483 1143 519 Hincqne
1156 483 1233 511 decet
1245 491 1294 510 nos
1307 491 1365 511 eam
1379 484 1566 519 respicientes,
1583 492 1634 512 nec
1653 492 1708 512 non

926 537 958 557 ex
984 538 1015 557 ea
1037 529 1158 565 genitum
1186 529 1353 556 carnifcrum
1375 529 1470 561 ﬁlium,
1490 529 1583 557 dicere
1601 538 1608 557 :
1626 529 1707 557 Nune

930 587 938 602 ι
953 577 1039 604 astitit
1055 584 1070 603 a
1087 576 1190 604 dextris
1206 576 1261 604 luis
1276 576 1303 602 in
1317 576 1416 603 vestitu
1431 576 1573 608 deaurato,
1587 577 1708 604 circum-

927 623 1038 653 amicta,
1052 623 1219 650 circumdata
1236 622 1367 650 varietate
1377 622 1411 650 ⁸⁷⁷.
1431 632 1440 648 ›
1458 622 1494 650 Ut
1508 623 1582 650 enim
1596 622 1707 654 femina,

926 667 1029 703 Regina
1043 671 1085 695 est
1099 671 1179 703 alque
1196 667 1311 695 Domina
1328 673 1355 695 et
1368 667 1451 696 Mater
1465 667 1512 695 Dei
1530 677 1538 696 :
1552 669 1663 703 jamque
1679 672 1709 695 ut

926 715 1016 754 regina
1031 713 1111 749 342
1128 717 1222 740 astans
1242 721 1257 740 ιι
1278 713 1382 741 dextris
1407 713 1530 740 omnium
1553 713 1624 749 regis
1645 712 1709 741 Filii

926 761 980 792 sui,
996 761 1024 787 in
1039 761 1137 788 vestitu
1148 760 1280 787 deaurato
1294 759 1509 795 incorruptionis
1523 763 1550 787 et
1568 759 1710 786 immorta-

926 806 1020 838 litatis,
1036 805 1250 837 circumamicla,
1266 806 1397 833 varietate
1417 805 1586 832 circumdata
1597 825 1604 837 ,
1622 806 1710 832 sacris

93 853 232 889 ίματισμῷ
250 853 385 888 διαχρύσῳ
403 852 453 888 τῆς
471 852 632 887 ἀφθαρσίας,
649 851 876 888 περιϐεϐλημένη,

932 851 1019 878 verbis
1041 850 1210 883 celebratur;
1229 857 1284 877 non
1305 850 1415 885 quidem
1435 850 1586 878 secundum
1607 851 1712 886 simpli-

93 898 299 934 πεποικιλμένη,
315 899 489 934 ἱερολογεῖται
499 906 505 913 ·
520 898 577 924 ἀνθ’
592 895 629 924 ὧν
645 898 712 933 μηδὲ
723 898 782 924 καθ’
797 897 879 925 ἁπλό-

92 953 161 981 τητα
181 944 376 980 πνευματικὴν,
393 945 439 971 καὶ
459 941 514 971 οἷον
535 945 654 980 ἅσαρκον
670 943 878 979 καὶ,άσώματον

93 991 265 1026 παρίσταται,
275 990 341 1016 ἀλλὰ
358 989 573 1025 περιϐεϐλημένη
593 989 641 1023 μὲν
660 988 729 1016 κατὰ
745 988 793 1023 τὴν
810 997 878 1015 παν-

93 1037 243 1071 αγεστάτην
264 1035 347 1070 αὐτῆς
369 1035 456 1070 σάρκα
471 1034 520 1069 τὴν
539 1034 692 1070 ἀφθαρσίαν
719 1034 765 1060 καὶ
784 1034 878 1060 ἀθανα-

93 1083 164 1114 σίαν,
187 1082 234 1108 καὶ
260 1081 453 1116 πεποικιλμένη
472 1080 542 1107 κατὰ
557 1080 590 1107 τὰ
606 1080 877 1117 ἐπερείδοντααύτῆς

92 1128 141 1163 τὴν
158 1127 247 1163 σάρκα
274 1126 467 1160 παναγιώτατα
484 1126 560 1152 ὀστᾶ.
581 1125 636 1152 Καὶ
653 1125 706 1160 γὰρ
718 1125 764 1152 καὶ
779 1126 810 1151 ὲκ
825 1126 877 1151 τῶν

95 1174 202 1209 σαρκῶν
234 1173 318 1208 αὐτῆς
345 1173 391 1199 καὶ
415 1173 447 1198 ὲκ
476 1172 531 1198 τῶν
552 1171 652 1198 ὀστέων
675 1171 770 1207 αὐτῆς,
793 1171 830 1203 ὡς
846 1172 878 1197 ὲκ

93 1219 142 1247 τοῦ
158 1219 241 1245 πάλαι
262 1218 356 1253 Ἀδὰμ,
371 1218 384 1244 ὁ
397 1218 456 1249 νέος
478 1217 573 1252 Ἀδὰμ,
602 1218 661 1243 κατ’
673 1217 879 1252 ἀντιπρόσωπον

95 1265 198 1296 πλάσας
212 1264 298 1299 ἑαυτῷ
311 1264 360 1300 τὴν
381 1264 418 1295 ὡς
433 1264 551 1299 πλευρὰν
576 1263 722 1298 σάρκωσιν,
739 1263 815 1298 φέρει
831 1263 879 1289 αύ-

94 1311 142 1346 τὴν
156 1311 210 1345 (50)
226 1311 265 1341 si;
285 1310 315 1336 τὸ
336 1310 468 1344 διηνεκές.
486 1310 541 1336 Καὶ
566 1309 689 1336 ἐντεῦθεν
714 1310 730 1343 ἡ
752 1309 799 1335 νέα
813 1308 879 1340 Εὔα,

94 1357 193 1392 Μήτηρ
202 1357 250 1391 τῆς
264 1356 334 1391 ζωῆς
351 1355 547 1391 ὀνομαζομένη,
563 1355 636 1390 μένει
651 1354 879 1391 περιϐεϐλημένη,

95 1402 302 1437 πεποικιλμένη,
325 1402 364 1432 εἰς
388 1401 513 1436 ἀπαρχὴν
530 1400 600 1436 ζωῆς
622 1400 753 1427 ἀθανάτου
773 1400 880 1427 πάντων

95 1447 148 1474 τῶν
165 1447 282 1479 ζώντων.
297 1447 424 1482 Εῖτοωμεν
433 1447 521 1473 τοίνυν
535 1447 581 1473 καὶ
595 1444 672 1477 αὖθις
684 1447 730 1472 καὶ
740 1445 819 1472 πάλιν
834 1446 880 1472 καὶ

96 1493 139 1519 ἀεὶ
153 1494 200 1520 καὶ
209 1493 252 1520 διὰ
267 1493 376 1524 παντὸς,
384 1493 421 1525 ὡς
431 1493 498 1528 πρὸς
509 1492 588 1519 αὐτὸν
600 1492 645 1518 τὸν
658 1491 768 1527 βασιλέα
780 1491 880 1527 Κύριον

96 1540 143 1566 καὶ
159 1540 234 1571 Θεὸν,
255 1540 302 1566 καὶ
318 1539 386 1574 πρὸς
398 1539 482 1574 αὐτὴν
500 1538 548 1572 τὴν
564 1537 721 1572 βασίλισσαν
737 1537 840 1573 Κυρίαν
850 1546 880 1563 τε
893 1531 914 1559 C

97 1587 143 1612 καὶ
151 1586 279 1611 Θεοτόκον
289 1585 498 1616 ἀπε-ϐλέποντες,
510 1585 615 1619 κινήσει
627 1583 742 1619 θεωρίας
753 1583 799 1610 τοῦ
813 1583 882 1610 κατὰ

98 1631 159 1658 νοῦν
173 1632 252 1669 ἡμῶν
267 1630 419 1667 διορατικοῦ
435 1630 590 1666 ὀφθαλμοῦ·
611 1640 620 1656 ‹
637 1630 762 1665 Παρέστη
776 1631 791 1665 ἡ
810 1630 883 1664 βασί-

98 1676 175 1703 λισσα
191 1678 223 1703 ὲ).
237 1675 329 1708 δεξιῶν
345 1685 391 1702 σου
407 1677 435 1702 ἐν
453 1675 591 1712 ἱματισμῷ
608 1675 756 1711 διαχρύσῳ,
774 1674 883 1711 ⁵ιέεριϐε-

99 1721 230 1757 ϐλημένη,
245 1721 449 1756 πεποικιλμένη.
468 1732 476 1746 ι
498 1722 551 1748 Καὶ
567 1721 600 1756 δὴ
621 1721 749 1752 ἄκουσον,
765 1720 882 1755 θύγατερ

98 1768 178 1794 Δαϐ“ιδ
198 1769 243 1794 καὶ
272 1767 405 1802 Ἀϐραὰμ,
423 1768 469 1794 καὶ
497 1766 585 1793 κλῖνον
601 1767 631 1792 τὸ
646 1764 691 1797 οὓς
705 1774 751 1792 σου
779 1767 818 1798 εἰς
834 1766 882 1801 τὴν

97 1813 187 1849 δέησιν
218 1813 304 1849 ἡμῶν,
327 1813 374 1839 καὶ
402 1813 439 1848 μὴ
464 1812 577 1848 ὲπιλάθῃ
595 1811 641 1838 τοῦ
662 1811 724 1838 λαοῦ
740 1820 800 1842 σου,
818 1811 883 1846 μηδὲ

99 1861 177 1897 ἡμῶν
191 1860 238 1887 τοῦ
249 1860 321 1886 οἴκου
338 1859 443 1895 Πατρός
459 1868 515 1886 σου.
531 1859 651 1894 Πατέρες
665 1858 719 1893 γάρ
737 1866 784 1884 σου
800 1858 882 1892 ἐσμὲν

100 1907 177 1935 κατὰ
195 1907 244 1941 τὴν
274 1905 418 1940 ἀναλογίαν
433 1905 501 1940 (5|),
518 1905 563 1931 ml.
580 1903 704 1938 θυγάτηρ
721 1903 799 1938 ἡμῶν
814 1902 884 1929 κατὰ

99 1951 148 1987 τὴν
161 1951 190 1984 ἐξ
203 1950 281 1986 ἡμῶν
299 1951 435 1986 γέννησιν,
450 1950 496 1976 καὶ
512 1949 613 1985 πρέπον
631 1949 672 1975 σοί
687 1950 758 1975 ἐστιν
773 1948 810 1979 ὡς
822 1948 883 1983 Μη-

99 1998 165 2032 τέρα
179 1997 224 2023 τοῦ
241 1996 307 2023 Θεοῦ
320 1996 477 2032 γενομένην,
494 1995 648 2031 βασίλισσαν
664 2003 693 2021 τε
708 1994 754 2020 καὶ
767 1993 881 2027 Κυρίαν,

100 2045 147 2070 καὶ
163 2043 356 2074 δέσποιναν,ὂι“
370 2043 450 2069 αὑτὸν
463 2043 508 2068 τὸν
523 2043 554 2068 ἐκ
570 2040 616 2068 σοῦ
632 2041 760 2076 τεχθέντα
773 2039 884 2074 βασιλέα

99 2091 148 2118 καὶ
166 2090 278 2126 Κύριον,
303 2090 350 2116 καὶ
372 2089 447 2120 Θεὸν,
463 2089 509 2115 καὶ
531 2088 672 2122 δεσπότην,
695 2085 883 2121 μνημονεύειν,

100 2135 279 2171 παρεστῶσαν
303 2135 349 2161 ἐπὶ
375 2133 421 2160 τοῦ
439 2135 502 2169 ἡμῖν
523 2134 570 2168 μὲν
586 2132 711 2168 φοϐεροῦ,
726 2132 766 2158 σοὶ
779 2131 807 2157 δὲ
823 2139 884 2165 τερ-

100 2181 180 2212 πνοῦ,
197 2181 243 2207 καὶ
270 2180 360 2211 πάσας
385 2179 548 2214 παρέχοντος
561 2179 690 2213 χάριταςο
711 2176 769 2203 ἀνθ’
784 2173 821 2203 ὧν
836 2176 884 2202 καὶ

99 2226 307 2262 κεχαριτωμένη
318 2225 489 2260 ὼνομάσθης,
503 2224 540 2256 ὡς
548 2224 637 2258 πάσης
648 2224 734 2258 χαρᾶς
742 2222 883 2253 ἀνάπλεως

100 2272 304 2307 άναδειχθεῖσα,
319 2272 363 2298 διὰ
377 2272 426 2306 τῆς
441 2271 486 2297 ἐπὶ
504 2271 534 2296 σὲ
554 2269 600 2296 τοῦ
623 2269 700 2303 ἁγίου
727 2269 885 2303 Πνεύματος

100 2318 279 2347 ὲπελεύσεως.
297 2316 342 2343 Διὸ
357 2316 404 2343 καὶ
424 2316 455 2342 τὸ
475 2314 618 2350 πρόσωπόν
636 2323 681 2341 σου
701 2313 885 2344 λιτανεύοντες

99 2365 125 2391 οἱ
142 2363 263 2390 πλούσιοι
278 2362 323 2389 τοῦ
341 2361 405 2388 λαοῦ
419 2360 642 2396 πεπλουτισμένοι
654 2360 780 2386 τοιούτων
794 2359 884 2386 καλῶν

101 2411 148 2437 καὶ
171 2407 362 2444 πνευματικῶν
386 2407 579 2442 θεωρημάτων,
599 2406 662 2441 περὶ
690 2405 736 2431 σοῦ
762 2405 883 2440 βοῶμεν·

99 2455 243 2491 Μνὴσθητι
260 2453 349 2489 ἡμῶν,
359 2453 476 2487 παναγία
487 2452 617 2488 Παρθένε,
633 2452 679 2478 καλ¹
701 2451 769 2486 μετὰ
781 2451 811 2477 τὸ
823 2459 884 2485 γεν-

99 2503 182 2538 νῆσαι
198 2501 328 2537 παρθένος
341 2500 465 2536 μείνασα,
479 2500 526 2526 καὶ
539 2499 644 2530 ἀντίδος
668 2499 733 2533 ἡμῖν
751 2498 810 2524 ἀντὶ
830 2497 884 2523 τῶν

101 2547 208 2583 μικρῶν
224 2547 325 2573 τούτων
339 2546 437 2581 λογίων
453 2545 572 2581 μεγάλας
586 2544 636 2576 τὰς
649 2543 751 2580 δωρεὰς
767 2543 820 2569 ἀπὸ
837 2543 884 2569 τοῦ

99 2594 217 2623 πλούτου
238 2593 292 2620 τῶν
307 2593 483 2629 χαρισμάτων
500 2600 557 2622 σου,
575 2590 797 2626 κεχαριτωμένη·
816 2589 884 2624 ὑπὲρ

97 2638 148 2674 ὧν,
166 2641 214 2668 καὶ⁸
227 2640 264 2671 ὼς
281 2639 466 2673 ὑποκειμένων
479 2638 524 2664 καὶ
542 2636 709 2664 συστατικῶν
734 2635 884 2670 διαφωνῶν,

133 2746 158 2763 ⁸⁷
177 2745 251 2773 Psal.
269 2753 342 2778 xciv,
360 2744 405 2772 10.
441 2744 463 2760 ⁵⁸
480 2743 544 2770 ibid.
563 2742 606 2769 II.

134 2842 193 2879 (50)
210 2842 249 2870 Ita
265 2842 372 2877 Anglic.
387 2840 458 2868 Editi
473 2846 536 2867 vero
551 2842 577 2865 et
588 2837 645 2870 alii,
657 2837 756 2872 αὑτόν.,

258 2887 394 2917 Ρλτιιοι.
418 2887 477 2917 Gn.
500 2883 648 2915 XXVIII.

929 898 1037 924 citatem
1055 897 1223 931 spiritualem
1237 901 1264 923 et
1283 897 1361 932 quasi
1380 896 1438 924 sine
1458 904 1542 924 carne
1556 901 1583 924 et
1596 904 1711 932 corpore

928 947 1008 975 astat,
1033 943 1080 970 sed
1103 943 1319 974 circumamicta,
1336 942 1485 970 secundum
1499 950 1576 971 suam
1591 944 1711 971 sanctis-

928 989 1023 1015 simam
1039 995 1160 1021 carnem,
1179 988 1384 1023 incorruptione
1406 993 1434 1016 et
1455 989 1668 1021 immortalitate.
1684 995 1712 1017 et

927 1032 1095 1061 circumdata
1111 1034 1252 1065 varietate,
1265 1033 1415 1061 secundum
1432 1041 1494 1061 ossa
1511 1034 1571 1069 ejus
1591 1035 1711 1062 sanctis~

927 1080 995 1106 sima
1010 1087 1069 1115 quae
1085 1087 1195 1107 carnem
1212 1080 1298 1114 ipsius
1314 1079 1438 1107 fulciunt.
1451 1080 1557 1108 Etenim
1573 1089 1605 1108 ex
1622 1081 1712 1108 carni-

927 1126 978 1153 bus
993 1130 1019 1153 et
1042 1126 1152 1153 ossibus
1166 1126 1236 1160 ejus,
1250 1126 1329 1161 quasi
1343 1134 1376 1153 ex
1391 1127 1474 1154 veteri
1495 1127 1610 1160 Adamo,
1624 1135 1712 1155 novus

927 1171 1011 1198 Adam
1038 1171 1257 1199 Incarnationem
1273 1173 1323 1199 sibi
1335 1172 1413 1207 quasi
1429 1177 1532 1201 costam
1548 1173 1712 1207 eﬁormavit,

928 1223 1068 1253 gestatque
1089 1218 1162 1245 illam
1177 1218 1204 1245 in
1220 1221 1389 1253 perpetuum.
1406 1218 1494 1255 Atque
1509 1219 1572 1247 hinc
1585 1220 1712 1256 estquod

929 1272 998 1291 nova
1021 1265 1088 1297 Eva,
1115 1263 1199 1303 Illatcr
1216 1265 1278 1291 vita:
1299 1268 1466 1300 nuncupata,
1485 1270 1576 1293 manet
1599 1266 1713 1294 circum-

930 1309 1028 1336 aniicta
1044 1314 1071 1336 et
1095 1309 1263 1336 circumdata
1289 1309 1430 1342 varietate,
1448 1309 1482 1336 ad
1502 1310 1636 1345 primitias
1653 1312 1714 1338 vita:

931 1355 1092 1382 immortalis
1109 1354 1230 1382 omnium
1247 1354 1407 1382 viventium.
1419 1355 1546 1384 Dicamus
1561 1356 1643 1391 igitur
1660 1357 1714 1384 ite-

930 1408 990 1427 rum
1006 1404 1086 1435 atque
1101 1400 1198 1427 iterum
1213 1408 1320 1435 semper
1332 1406 1359 1428 et
1376 1401 1402 1428 in
1418 1405 1589 1436 perpetuum,
1602 1410 1663 1429 cum
1679 1402 1714 1430 ad

930 1447 1020 1482 ipsum
1045 1446 1144 1481 Regem
1160 1445 1304 1473 Dominum
1329 1450 1357 1474 et
1378 1446 1472 1480 Deum,
1489 1452 1546 1474 tum
1570 1447 1604 1475 ad
1625 1449 1714 1484 ipsam

931 1493 1071 1528 Reginam,
1088 1492 1231 1519 Dominam
1256 1498 1283 1520 et
1311 1493 1452 1528 Deiparam
1476 1494 1665 1529 respicientes,
1680 1502 1715 1522 ex

932 1544 1006 1566 motu
1021 1538 1137 1573 quodam
1148 1538 1384 1574 contemplationis
1393 1539 1542 1574 spiritualis
1559 1547 1591 1567 ac
1608 1540 1715 1575 perspi-

932 1585 1004 1611 cacis
1017 1584 1087 1611 oculi
1102 1584 1205 1611 nostri:
1218 1596 1227 1608 ι
1240 1584 1332 1611 Aslitil
1344 1584 1446 1620 Regina
1462 1592 1477 1612 a
1494 1584 1597 1614 dextris
1611 1587 1667 1615 tuis
1686 1587 1716 1615 in

932 1631 1028 1658 vestitu
1047 1631 1178 1658 deaurato
1190 1651 1196 1662 ,
1218 1631 1431 1663 circumamicta,
1454 1631 1582 1659 varietate
1596 1633 1716 1660 circum-

933 1676 1005 1704 data.
1019 1687 1028 1703 ι
1038 1676 1130 1712 Etjam
1139 1677 1214 1708 audi,
1224 1676 1277 1704 ﬁlia
1287 1675 1371 1703 David
1382 1681 1408 1704 et
1416 1676 1564 1710 Abraham,
1576 1681 1603 1705 et
1614 1677 1715 1706 inclina

933 1729 1026 1749 aurem
1053 1727 1125 1749 tuam
1149 1723 1182 1749 ad
1204 1722 1430 1757 supplicationem
1445 1726 1578 1755 nostram,
1598 1731 1632 1751 ne
1645 1724 1716 1751 obli—

933 1767 1048 1795 viscaris
1062 1768 1153 1803 populi
1168 1768 1217 1799 tui,
1227 1775 1315 1803 neque
1327 1771 1449 1795 nostrum
1461 1767 1614 1803 quidomus
1626 1768 1715 1797 Patris

935 1821 1030 1842 sumus
1047 1814 1086 1841 tui
1097 1814 1130 1842 ⁵⁸,
1147 1813 1241 1841 Patres
1254 1821 1372 1848 namque
1382 1814 1421 1840 tui
1434 1821 1529 1841 sumus
1540 1814 1658 1848 quadam
1671 1823 1716 1842 ra-

935 1861 1019 1892 tione,
1033 1864 1060 1888 et
1080 1860 1134 1887 ﬁlia
1149 1864 1243 1887 nostra
1258 1864 1288 1886 tu
1309 1867 1340 1887 es
1358 1867 1406 1895 per
1421 1860 1623 1894 generationem
1641 1865 1715 1888 tuam

934 1914 966 1934 ex
982 1906 1061 1933 nobis
1072 1905 1218 1940 :decetque
1229 1910 1265 1936 te,
1277 1909 1370 1940 utpote
1381 1905 1428 1932 Dei
1440 1905 1563 1939 Matrem,
1572 1905 1714 1941 Reginam,

933 1951 1076 1979 Dominam
1101 1956 1128 1979 et
1153 1952 1256 1982 heram.
1281 1955 1391 1986 propter
1421 1951 1533 1987 Regem,
1561 1951 1714 1984 Dominum,

934 1997 1019 2025 Deum
1044 2001 1072 2024 et
1089 1997 1186 2024 herum
1205 2005 1237 2024 ex
1254 2001 1280 2024 te
1302 2001 1407 2028 natum,
1424 2001 1550 2024 nostrum
1566 1997 1718 2031 recordari,

934 2047 1068 2071 astantem
1084 2043 1122 2070 illi
1149 2043 1195 2078 qui
1208 2043 1339 2070 terribilis
1353 2043 1444 2075 nobis,
1456 2043 1503 2070 tibi
1513 2043 1652 2078 jucundus
1662 2047 1715 2075 est,

935 2097 1084 2124 omnesque
1098 2089 1147 2116 tibi
1167 2089 1281 2124 largitur
1300 2089 1417 2124 gratias;
1435 2089 1507 2116 unde
1529 2089 1615 2124 gratia
1637 2089 1716 2124 plena

934 2140 1090 2172 nuncupata
1113 2143 1153 2166 es,
1179 2136 1258 2170 quasi
1285 2135 1360 2162 omni
1387 2134 1479 2162 hctitia
1504 2134 1593 2169 plena,
1608 2138 1718 2170 propter

935 2182 1079 2210 adventum
1090 2181 1208 2216 Spiritus
1222 2181 1310 2208 sancti
1325 2181 1352 2207 in
1367 2186 1402 2208 te.
1417 2179 1598 2213 Quamobrem
1612 2181 1717 2208 vultum

936 2232 1010 2255 tuum
1039 2228 1218 2262 deprecamur
1245 2234 1341 2254 omnes
1367 2226 1465 2254 divites
1492 2225 1592 2260 plebis,
1616 2226 1718 2253 talibus

935 2273 1011 2300 ditati
1030 2273 1109 2300 bonis
1124 2280 1156 2300 ac
1169 2272 1357 2307 spiritualibus
1370 2271 1645 2306 contemplationibas
1662 2280 1668 2297 :
1683 2271 1718 2297 ad

935 2323 962 2346 te
977 2319 1126 2346 clamamus
1140 2328 1147 2346 :
1163 2318 1315 2346 Recordare
1329 2317 1608 2351 nostri,sanctissima
1624 2316 1718 2352 Virgo,

935 2373 996 2400 qua:
1012 2369 1072 2400 post
1087 2369 1192 2400 partum
1209 2366 1285 2400 virgo
1298 2363 1516 2399 permansisti,et
1533 2362 1623 2390 tribue
1639 2363 1719 2390 nobis

935 2418 985 2446 pro
1000 2410 1106 2446 exiguis
1120 2410 1162 2438 his
1175 2410 1357 2440 sermonibus,
1371 2416 1468 2444 magna
1484 2408 1556 2435 dona
1569 2415 1601 2435 ex
1614 2407 1719 2434 divitiis

935 2456 1083 2491 gratiarum
1111 2460 1228 2486 tuarum,
1254 2463 1270 2482 ο
1294 2455 1382 2489 gratia
1406 2454 1484 2488 plena
1503 2463 1509 2480 :
1528 2460 1579 2488 pro
1606 2453 1717 2487 quibus,

935 2502 1014 2538 quasi
1025 2503 1097 2530 veris
1116 2506 1143 2529 et
1160 2500 1331 2528 celebrandis
1350 2500 1487 2532 laudibus,
1506 2499 1555 2527 tibi
1578 2499 1612 2526 ad
1636 2505 1719 2525 enco-

936 2551 1030 2580 inium.
1049 2549 1072 2576 si
1092 2556 1144 2583 qua
1157 2549 1256 2581 virtus,
1273 2547 1295 2575 si
1310 2555 1363 2582 qua
1380 2547 1450 2579 laus,
1468 2554 1483 2573 a
1497 2546 1588 2577 nobis,
1600 2553 1651 2572 nec
1663 2553 1719 2572 non

920 2596 970 2623 .ab
995 2595 1069 2622 omni
1089 2599 1213 2622 creatura
1234 2594 1352 2629 hymnus
1365 2593 1488 2623 olTertur,
1506 2591 1593 2626 gratia
1620 2592 1718 2626 plenai.

936 2642 1066 2675 Dominae,
1083 2641 1130 2668 Dei
1146 2640 1225 2668 Matri
1244 2645 1271 2668 et
1288 2647 1359 2668 arcae
1374 2638 1611 2667 sanctiﬁcationis.

971 2831 1026 2868 (5t)
1043 2830 1072 2858 In
1087 2829 1320 2867 marginoAnglic.
1336 2828 1446 2865 legitur,
1459 2824 1720 2863 [οηεγενεαλογιαν.

1561 2874 1602 2904 30
