1940 3067
237 156 288 182 939

789 155 816 182 S.
839 153 1069 181 ATIIANASZUSA
1092 154 1250 182 ——DUBIA.

1799 153 1851 180 940

236 213 415 247 διαφερόντως
428 219 467 237 σοι
485 211 551 246 πρὸς
563 210 709 246 ἐγκώμιον,
725 212 750 237 εί
767 219 809 242 τις
824 212 920 247 ἁρετὴ,
939 212 985 237 καὶ
998 212 1023 237 ei
1039 219 1080 242 τις
1101 211 1219 244 ἔπαινος,
1235 211 1401 246 προσαγεταί
1430 219 1469 237 σοι
1495 211 1558 246 παρ’
1577 210 1652 246 ἡμῶν
1689 211 1733 237 καὶ
1764 212 1851 246 πάσης

236 259 284 294 τῆς
299 258 412 289 κτίσεως
424 257 517 292 ὕμνος,
528 258 561 292 τῇ
578 257 793 293 κεχαριτωμένῃ,
805 259 838 293 τῇ
854 258 944 293 Κυρίᾳ
956 258 1022 292 (52),
1041 259 1073 293 τῇ
1092 258 1182 293 Μητρὶ
1195 258 1241 284 τοῦ
1257 258 1335 289 Θεοῦ,
1356 258 1403 284 καὶ
1419 257 1528 292 κιϐωτῷ
1543 257 1589 283 τοῦ
1607 256 1784 291 ἁγιὰσματος.

274 306 316 333 l5.
337 304 406 332 Ecce
420 305 475 339 jam
491 311 506 331 a
524 305 648 339 pmsenti
668 309 790 339 tempore
813 309 838 332 et
861 306 941 332 initio
957 306 1019 336 diei.

1109 306 1151 333 15.
1175 306 1239 333 Ἰδοὺ
1266 306 1298 341 δὴ
1320 306 1365 333 καὶ
1387 306 1440 333 ἀπὸ
1458 305 1504 332 τοῦ
1520 304 1566 332 νῦν
1585 305 1630 332 καὶ
1647 305 1732 340 ἀρχῆς
1746 306 1852 341 ἡμέρας

237 351 314 386 quasi
331 350 466 386 primitias
477 350 593 378 encotnii
611 351 660 378 tibi
682 351 862 386 arelmngelus
878 352 1018 379 contexuit

236 396 395 424 clamando:
408 405 417 422 ‹
436 397 502 428 Ave,
518 397 606 431 gratia
622 396 710 431 plena,
722 397 851 425 Dominus
863 401 950 424 tecum
959 398 992 423 ιν.
1007 409 1015 423 ›

236 443 346 470 Beatam
365 447 390 470 te
408 442 502 470 dicunt
518 450 613 470 omnes
633 443 831 478 generationes.
850 444 887 470 Ac
902 444 1018 478 primum

235 489 465 530 omnes‘ct‘elestes
477 489 633 523 angelorum
650 489 820 521 hicrarcliize,
831 494 857 517 et
867 497 927 524 qum
937 497 1019 524 super

235 539 335 562 terram
349 538 423 565 sunt,
431 533 615 562 hierarcliicas
624 542 722 561 manus
734 534 931 566 attollentes,te
941 535 1020 562 bcue«

235 580 330 607 dicunt
345 588 405 615 qua:
423 581 450 607 in
469 580 546 607 ccelis
559 588 588 607 es
599 580 750 612 benedicta,
765 585 791 608 et
811 581 838 607 in
853 585 925 608 terra
940 581 1018 608 beata

235 627 402 661 praedicaris.
420 635 429 651 ι
455 625 599 653 Benedicta
615 630 644 652 tu
662 626 688 652 in
705 626 865 654 mulieribus
884 631 910 654 et
936 627 1019 654 benc-

235 673 324 699 dictus
350 673 456 699 l'ructus
474 671 578 699 ventris
595 672 675 699 tui".
693 683 701 697 ι
715 670 855 706 Ejusmodi
869 677 896 699 te
909 672 1019 700 benedi-

235 719 380 751 ctionibus,
397 718 482 753 prima
501 718 655 745 trierarchia
675 718 846 750 thronorum,
866 718 1017 751 cherubim,

235 767 261 791 et
272 764 421 799 seraphim,
437 764 483 798 qui
500 763 659 790 inﬂammati
676 764 859 799 appellantur,
873 763 1019 791 dicuntur-

235 818 288 846 que
310 817 371 838 esse
394 810 534 845 plenitudo
554 810 718 845 cognitionis
740 810 786 838 Dei
803 814 830 838 et
844 810 1020 846 Regis.cele-

236 858 296 884 brat
311 856 405 884 dicens
421 866 427 883 :
443 855 590 883 Benedicta
607 861 635 883 tu
654 856 681 883 in
698 857 878 887 mulieribus,
896 861 923 883 et
939 857 1021 884 bene-

235 901 325 928 dictus
350 906 445 928 venter
469 906 542 932 tuus,
563 901 608 936 qui
626 901 709 928 Deum
735 903 863 937 gestavit,
879 906 906 929 ct
926 902 1019 932 ubera,

236 955 295 981 qua:
309 947 399 974 infans
417 947 474 983 ipse
492 947 574 974 suxit.
590 947 717 975 Secunda
729 947 883 975 bierarcbia
897 948 1021 975 domina-

236 994 351 1025 tionum,
369 993 549 1025 virtutum,et
565 997 743 1028 potestatum,
755 993 789 1020 ad
815 998 842 1021 te
868 994 1020 1028 respiciens

236 1040 345 1072 clamat,
358 1043 437 1075 prout
455 1040 559 1067 scilicet
574 1039 669 1067 didicit
690 1048 705 1066 a
720 1040 879 1068 sublimiore
899 1044 926 1068 et
945 1041 1021 1075 prius

236 1085 344 1113 initiata
363 1085 516 1113 hierarchia
533 1095 539 1113 :
554 1085 699 1113 Benedicta
713 1091 742 1113 tu
755 1086 782 1113 in
807 1086 978 1120 mulieribus,
994 1090 1021 1114 et

237 1131 395 1159 benedictus
406 1135 501 1159 venter
511 1131 638 1166 tuus,qui
651 1131 734 1158 Deum
746 1131 891 1163 continuit.
901 1136 926 1158 et
938 1132 1020 1158 ubera

237 1185 297 1212 qua:
320 1177 475 1204 nutrierunt
500 1176 583 1204 Deum
610 1177 742 1205 infantem
773 1177 885 1204 factum.
916 1177 1022 1205 Similia

237 1230 354 1258 quoque,
372 1222 451 1249 tertia
466 1222 680 1258 principatuum,
693 1223 850 1258 angelorum
865 1227 892 1251 et
906 1224 1022 1251 archan-

237 1268 359 1303 gelorum
386 1268 551 1301 bierarchia,
575 1269 652 1303 jussa
676 1277 691 1295 a
712 1269 837 1308 mittente
858 1269 913 1296 Deo
929 1275 958 1297 ut
976 1278 1022 1306 per

237 1321 322 1341 unum
353 1313 546 1348 archangelum
578 1313 742 1348 Gabrielem,
782 1315 1021 1350 magniﬁcentissi-

238 1367 322 1392 mum,
340 1363 366 1387 et
391 1360 475 1387 multa
499 1360 723 1395 complectentem
743 1362 873 1397 hymnum
889 1362 1022 1389 concele—

236 1404 307 1436 bret,
324 1412 431 1439 semper
444 1405 545 1432 clamat
562 1415 568 1432 :
589 1414 597 1430 ι
615 1406 681 1437 Ave,
691 1407 777 1441 gratia
790 1407 879 1442 plena,
893 1407 1022 1434 Dominus

237 1456 336 1478 tecum.
353 1461 362 1477 ι
378 1451 418 1478 Ab
435 1451 469 1479 iis
483 1451 582 1484 edocti,
597 1459 647 1480 nos
663 1453 710 1487 qui
725 1457 840 1480 terrena:
855 1461 951 1481 sumus
963 1454 1022 1481 hie-

237 1498 361 1530 rarchize,
378 1498 557 1526 exultationes
582 1498 629 1526 Dei
656 1499 683 1526 in
706 1503 815 1534 gutture
839 1500 967 1532 ferentes,
979 1500 1022 1526 vel

236 1543 346 1572 easdem
362 1544 475 1571 mutuati
495 1552 587 1577 voces,
609 1549 636 1572 te
660 1545 812 1573 exaltamus
829 1545 909 1581 3&3
924 1553 1021 1581 magna

236 1593 264 1615 et
289 1589 342 1616 alta
372 1596 438 1617 voce
467 1594 599 1617 canentes
615 1600 622 1617 :
650 1599 660 1616 ι
677 1590 743 1623 Ave,
757 1593 845 1626 gratia
864 1593 954 1627 plena,
970 1591 1022 1619 Do-

236 1635 327 1662 minus
340 1639 440 1662 tecum.
454 1645 462 1661 ι
474 1636 612 1664 lntercede
627 1645 675 1672 pro
691 1637 770 1665 nobis
782 1637 894 1664 Domina
907 1642 934 1665 et
946 1638 1020 1669 hera,
1035 1653 1057 1680 α

237 1680 341 1716 Regina
363 1685 390 1708 et
416 1680 502 1708 Mater
525 1681 583 1714 Dci,
597 1683 660 1717 quia
675 1690 708 1710 ex
725 1683 804 1710 nobis
819 1687 878 1710 orta
894 1691 922 1710 es
937 1689 976 1714 tu,
994 1687 1022 1710 et

237 1726 282 1760 qui
308 1734 341 1753 ex
367 1730 393 1754 te
421 1727 529 1761 genitus
555 1735 664 1755 carnem
691 1733 780 1763 gestat
811 1728 882 1756 Deus
904 1733 1019 1756 noster:

237 1779 317 1806 quem
333 1771 411 1799 decet
428 1772 514 1807 gloria
533 1777 560 1800 et
577 1774 790 1809 magniﬁcentia,
808 1774 953 1808 omnisque
973 1774 1022 1801 bo-

237 1825 299 1850 nor,
316 1817 438 1844 adoratio
453 1822 480 1845 et
497 1819 646 1853 gratiarum
673 1820 756 1852 actio,
769 1827 831 1847 cum
859 1819 940 1847 Patre
960 1820 1021 1854 ejus

238 1863 317 1890 initio
332 1867 451 1895 carente,
470 1868 497 1890 et
518 1868 624 1897 sancto,
642 1865 714 1893 bono
729 1865 892 1901 viviﬁcoque
918 1864 1020 1900 Spiritu

239 1916 311 1935 nunc
321 1913 348 1935 et
361 1916 467 1944 semper
482 1914 508 1936 et
523 1910 551 1936 in
563 1911 663 1937 saecula
681 1911 854 1938 stt-culorum.
871 1911 966 1938 Amen.

1069 352 1105 383 ὡς
1122 352 1247 387 ἀπαρχὴν
1269 352 1416 386 ἐγκωμίου,
1433 351 1632 387 προσεπλέξατό
1656 359 1695 377 σοι
1722 351 1782 377 κατ’
1804 353 1852 377 ἐπ-

1069 396 1175 432 ώνυμον
1189 396 1324 432 ἐγκώμιον
1342 398 1356 423 6
1367 396 1532 432 ἀρχάγγελος
1547 396 1626 431 βοῶν’
1641 405 1650 420 ι
1663 396 1759 431 Χαῖρε,
1774 405 1853 431 κεχα-

1071 443 1215 478 ριτωμένη,
1243 443 1256 469 6
1285 443 1386 478 Κύριος
1414 442 1482 477 μετὰ
1502 442 1560 468 σοῦ.
1584 452 1592 467 ι
1618 442 1803 477 Μακαρίζουσί
1822 451 1852 469 σε

1069 488 1152 514 πᾶσαι
1169 489 1196 514 αἱ
1213 487 1313 521 γενεαὶ,
1327 488 1372 513 καὶ
1385 488 1514 522 πρότερον
1527 488 1554 513 αἱ
1571 487 1630 513 κατ’
1641 487 1754 524 οὐρανὸν
1767 489 1851 514 πᾶσαι

1068 534 1120 560 τῶν
1131 533 1251 567 ἀγγέλων
1266 533 1420 569 τετραρχίαι
1431 533 1497 568 (55),
1510 534 1556 560 καὶ
1567 533 1620 559 τῶν
1633 533 1679 559 ἐπὶ
1692 532 1751 568 γῆς,
1763 535 1855 569 ίεραρ-

1069 579 1147 615 χικὰς
1167 581 1260 615 χεῖρας
1275 579 1446 614 ἐπαίρονται,
1461 579 1600 613 εὐλογοῦσί
1618 588 1646 606 σε
1662 580 1711 615 τὴν
1728 581 1756 606 ὲν
1771 581 1852 616 οὐρα-

1068 627 1122 658 νοῖς
1138 626 1330 661 εὐλογημένην,
1341 625 1386 652 καὶ
1400 626 1445 652 ἐπὶ
1460 625 1510 660 γῆς
1527 625 1755 661 μακαριζομένην,
1775 636 1783 651 ι
1804 627 1855 652 Εὖ-

1069 671 1203 707 λογημένη
1225 673 1257 698 σὺ
1272 672 1299 698 ἐν
1320 672 1437 706 γυναιξὶ.
1456 672 1502 697 καὶ
1521 671 1701 706 εὐλογημένος
1720 673 1733 698 6
1750 672 1854 707 καρπὸς

1068 719 1117 754 τῆς
1138 718 1239 749 κοιλίας
1254 727 1310 745 σου.
1329 728 1338 743 ι
1355 718 1601 753 Τοιαῦταὴπρὼτη
1621 718 1674 744 τῶν
1691 718 1791 753 Θρόνιον
1808 727 1854 753 χε-

1070 764 1168 800 ρουϐίμ
1185 773 1213 790 τε
1231 764 1278 791 καὶ
1301 765 1421 799 σεραφὶμ
1439 765 1560 801 ἱεραρχία
1575 765 1739 800 ὲμπρηστῶν
1755 764 1856 792 ἀνακα-

1069 811 1216 846 λουμένων,
1235 810 1251 846 ἦ
1266 810 1366 845 πλῆθος
1382 809 1508 844 γνώσεως
1525 810 1650 844 γενέσθαι
1664 810 1711 837 τοῦ
1728 810 1795 837 Θεοῦ
1808 812 1855 837 καὶ

1071 856 1211 891 βασιλέως,
1219 856 1374 890 εὐλογοῦσαι
1383 856 1504 890 λέγουσι·
1518 857 1648 891 Μακαρία
1660 857 1691 883 σὺ
1702 857 1730 883 ὲν
1738 856 1855 890 γυναιξὶ,

1071 903 1116 930 χαὶ
1135 903 1256 938 μακαρία
1280 903 1296 938 ή
1323 902 1410 928 κοιλία
1428 911 1473 928 σου
1491 902 1556 928 Θεὸν
1569 902 1735 937 βαστάσασα,
1748 903 1793 929 καὶ
1806 911 1857 937 μα-

1072 949 1148 981 σθοὶ,
1177 949 1224 980 οὒς
1252 949 1332 980 αὺτὺς
1356 949 1491 984 νηπιάσας
1516 948 1657 984 ἐθήλασεν.
1684 949 1717 975 Ἡ
1744 948 1857 984 δευτέρα

1037 983 1056 1010 Β
1072 995 1196 1031 ίεραρχία
1219 995 1273 1021 τῶν
1300 983 1465 1030 κυριοτήτων
1484 995 1530 1021 καὶ
1544 983 1692 1029 διινάμεων,
1713 995 1760 1021 καὶ
1778 994 1856 1026 ἐξου-

1072 1041 1135 1067 σιῶν
1146 1041 1211 1076 πρὺς
1222 1042 1250 1068 σὲ
1261 1041 1458 1067 ἀναδλέπουσαι
1471 1041 1620 1076 βοῶσιν,ώς
1634 1040 1767 1076 μαθοῦσαι
1779 1041 1856 1076 παρὰ

1071 1088 1119 1123 τῆς
1135 1087 1301 1123 ὑψηλοτέρας
1317 1086 1405 1114 αὐτῶν
1416 1087 1462 1114 καὶ
1470 1087 1686 1122 προτελουμένης
1703 1086 1852 1121 ἱεραρχίας·

1071 1133 1246 1169 Εὐλογημένη
1261 1134 1292 1160 σὺ
1310 1134 1339 1159 ὲν
1352 1132 1458 1167 γυναιξὶ
1468 1153 1475 1165 ,
1491 1133 1538 1159 καὶ
1552 1133 1720 1168 εὐλογημένη
1735 1133 1751 1167 ὴ
1772 1132 1859 1159 κοιλία

1073 1180 1166 1214 σου,ἠ
1198 1179 1263 1205 Θεὸν
1289 1180 1446 1214 χωρήσασα,
1465 1179 1511 1205 καὶ
1539 1178 1635 1214 μασθοὶ
1659 1178 1683 1204 οἳ
1710 1177 1857 1213 ἐξέθρεψαν

1071 1225 1136 1259 Θεὸν
1153 1225 1257 1251 παιδίον
1284 1225 1437 1260 γενόμενον.
1454 1224 1570 1251 Τοιαῦτα
1600 1225 1646 1251 καὶ
1669 1225 1684 1260 ἡ
1705 1225 1783 1260 τρίτη
1804 1225 1858 1251 τῶν

1072 1271 1173 1306 ἀρχῶν,
1194 1270 1316 1305 ἀγγέλων
1327 1279 1355 1296 τε
1372 1271 1418 1296 καὶ
1435 1269 1611 1305 ἁρχαγγέλων
1631 1269 1766 1305 ἱεραρχία,
1779 1279 1859 1296 κεκε-

1072 1317 1207 1352 λευσμένη
1222 1317 1268 1343 καὶ
1285 1316 1508 1351 ὲπιτετραμμὲνη
1529 1315 1603 1351 παρὰ
1622 1315 1668 1342 τοῦ
1683 1316 1861 1342 ἀποστείλαν-

1072 1371 1116 1394 τος
1145 1362 1223 1393 Θεοῦ,
1251 1363 1289 1394 ὡς
1316 1362 1349 1389 δι’
1374 1362 1432 1393 ἑνὸς
1460 1361 1627 1397 ἀρχαγγέλου
1667 1361 1714 1388 τοῦ
1743 1361 1863 1396 Γαϐριὴλ

1072 1408 1169 1444 ὲκὸοᾷν
1191 1408 1246 1442 (54)
1263 1408 1308 1434 τὸν
1330 1407 1598 1443 ὲκφαντοριχώτατον
1623 1408 1670 1434 καὶ
1697 1407 1863 1442 περιληπτι-

1073 1453 1503 1488 κώτατονῦμνον,ὰεὶᾰνακράζειι
1516 1461 1525 1478 ι
1535 1453 1630 1488 Χαῖρε,
1643 1454 1861 1489 κεχαριτωμένη,

1072 1501 1085 1526 6
1099 1499 1201 1534 Κύριος
1224 1498 1293 1534 μετὰ
1314 1499 1370 1525 σοῦ.
1397 1509 1406 1524 ι
1426 1499 1492 1525 Ἀπὸ
1504 1498 1606 1525 τούτων
1622 1499 1669 1525 καὶ
1684 1500 1707 1525 οἱ
1725 1498 1796 1525 κατὰ
1813 1498 1862 1533 τὴν

1072 1546 1118 1572 ἐπὶ
1132 1545 1182 1580 γῆς
1197 1545 1337 1581 ἱεραρχίαν
1354 1545 1402 1576 τὰς
1416 1544 1533 1580 ὑψώσεις
1553 1544 1600 1571 τοῦ
1623 1544 1690 1571 Θεοῦ
1710 1545 1738 1570 ὲν
1755 1544 1795 1579 τῷ
1814 1544 1863 1570 λά-

1074 1598 1154 1625 ρυγγι
1167 1590 1303 1626 φέροντες,
1322 1589 1451 1624 μαθόντες
1465 1589 1481 1624 ἢ
1497 1589 1679 1624 δανειζόμενοι
1693 1588 1742 1620 τὰς
1756 1588 1860 1622 φωνὰς,

1072 1636 1225 1671 ἀννψοῦμεν
1241 1636 1344 1671 μεγάλῃ
1360 1636 1405 1663 καὶ
1417 1634 1568 1670 διαπρυσίῳ
1580 1635 1612 1669 τῇ
1629 1635 1702 1669 φωνῇ
1724 1633 1862 1667 λέγοντες·

1075 1691 1084 1708 ι
1102 1683 1205 1717 Χαῖρε,
1237 1682 1451 1716 κεχαριτωμένη.
1479 1682 1494 1707 6
1523 1680 1623 1716 Κύριος
1658 1679 1725 1715 μετὰ
1759 1679 1825 1707 σοῦ.
1849 1690 1858 1706 ι

1073 1728 1221 1763 Πρέςόευε,
1237 1727 1333 1762 Κυρία,
1358 1727 1405 1754 καὶ
1431 1727 1567 1757 δέσποινα,
1586 1727 1728 1762 βασίλισσα
1756 1735 1786 1752 τε
1815 1728 1862 1753 καὶ

1072 1774 1171 1809 Μήτηρ
1191 1773 1269 1805 Θεοῦ,
1288 1774 1357 1808 ὑπὲρ
1377 1773 1471 1808 ἡμῶν·
1490 1773 1530 1800 ὅτι
1552 1774 1580 1806 ἐξ
1603 1772 1680 1808 ἡμῶν
1694 1773 1724 1799 σύ
1742 1781 1771 1799 τε
1785 1773 1834 1800 καὶ
1849 1775 1863 1800 ὁ

1071 1821 1103 1846 ὲκ
1118 1816 1164 1846 ἐιοῦ
1180 1819 1283 1855 τεχθεὶς
1297 1819 1463 1855 σαρκοιρόρος
1482 1819 1546 1850 Θεὸς
1559 1819 1637 1854 ἡμῶν
1647 1828 1654 1835 ’
1670 1815 1691 1852 ᾧ
1718 1818 1820 1854 πρέπει.
1845 1819 1862 1854 ἡ

1072 1865 1135 1898 δόξα
1152 1865 1199 1892 καὶ
1219 1867 1235 1900 ὴ
1253 1865 1481 1901 μεγαλοπρέπεια,
1497 1865 1571 1891 πᾶσά
1587 1873 1616 1891 τε
1631 1865 1696 1900 τιμὴ
1713 1864 1760 1890 καὶ
1775 1873 1861 1900 προσ-

1073 1910 1185 1946 κύνησις
1202 1911 1248 1937 καὶ
1263 1909 1431 1946 εὐχαριστία,
1449 1910 1497 1937 σὺν
1517 1910 1555 1945 τῷ
1572 1909 1681 1944 ἀνάρχῳ
1707 1909 1789 1936 αὐτοῦ
1807 1910 1865 1936 Πα-

237 1957 292 1993 τρὶ,
302 1958 349 1984 καὶ
362 1957 400 1993 τῷ
413 1959 492 1994 ἁγίῳ,
505 1957 552 1985 καὶ
565 1956 669 1992 ἀγαθῷ,
684 1958 730 1984 καὶ
741 1957 865 1993 ζωοποιῷ
876 1957 1024 1992 Πνεῦματι,
1041 1957 1089 1984 νῦν
1101 1957 1146 1983 καὶ
1159 1958 1211 1989 ἀεὶ,
1220 1957 1272 1991 καὶ
1286 1958 1326 1989 είς
1342 1957 1405 1989 τοὺς
1422 1956 1522 1988 αἰῶνας
1537 1956 1590 1983 τῶν
1606 1955 1721 1983 αἰώνων.
1737 1956 1838 1991 Ἀμήν.

274 2015 296 2031 ⁸⁸
318 2015 385 2043 Luc.
405 2025 431 2048 I,
444 2017 489 2043 ‘28.

262 2061 431 2107 ld2)'AEgli‘c,
450 2065 482 2099 τῇ
492 2065 590 2107 Κρρία,
600 2065 635 2107 τῇ.
643 2063 795 2107 βαςιλίσσῃ,
803 2063 980 2107 τῇκδεησποίνίῃ,
990 2064 1022 2098 τῇ

349 2093 491 2141 Basilicus.
501 2104 528 2126 et
537 2093 609 2126 Ϊῖὲιε.
619 2093 647 2130 '6;
661 2100 694 2134 τῇ
709 2093 808 2134 Κυρίᾲ,
819 2093 852 2134 τῇ
866 2093 1021 2133 βασιλίὸσῃῖ

237 2141 262 2167 τι
315 2142 388 2169 ητρι.
409 2154 418 2169 μ.

1113 2061 1167 2097 (55)
1182 2061 1212 2088 F.
1227 2062 1373 2097 ἱεραρχίαι.

1113 2098 1167 2132 (54)
1187 2098 1292 2132 Anglic.
1307 2097 1372 2132 βοᾷν
1386 2097 1566 2132 simpliciter.‘

431 2231 478 2257 ἸΝ
492 2229 679 2257 SERMONEM
699 2230 742 2257 DE
761 2229 885 2262 CENSU,
907 2229 971 2256 SEU
991 2228 1244 2257 DESClllPTIONE
1267 2228 1427 2256 DElPAll/E
1448 2228 1648 2257 ADMONITIO.

273 2287 350 2314 dune
369 2288 509 2314 Athanasii
530 2296 584 2314 esse
606 2289 708 2322 putavit
732 2288 819 2315 Lucas
842 2287 1017 2319 Holstenius,
1045 2288 1089 2323 qui
1116 2287 1310 2322 ineptissimum
1329 2288 1407 2314 illum
1419 2287 1562 2322 Dialogum
1575 2308 1582 2321 ,
1595 2287 1737 2321 Josephum
1752 2287 1823 2314 inter
1837 2292 1863 2314 et

238 2333 341 2359 beatam
365 2333 506 2368 Virginem,
527 2333 658 2368 quinum.
677 2334 692 2360 6
709 2334 821 2368 legitur,
848 2333 1047 2367 interpolatoris
1071 2333 1184 2367 alicujus
1209 2332 1325 2360 audacia
1340 2333 1461 2359 additum
1485 2333 1567 2367 fuisse
1588 2333 1758 2366 suspicatur,
1783 2333 1862 2366 cujus

237 2379 354 2412 opinioni
369 2381 514 2416 suffragari
539 2381 606 2415 forte
629 2380 768 2407 vidcantur
786 2380 950 2415 Lipomanus
962 2385 988 2407 et
1009 2380 1116 2413 Surius,
1133 2380 1176 2415 qui
1193 2380 1260 2406 hunc
1285 2385 1427 2406 tractatum
1444 2381 1472 2406 in
1501 2380 1565 2407 Vilis
1582 2384 1745 2410 sanctorum,
1762 2379 1863 2406 omisso

237 2424 349 2460 Dialogo
367 2425 478 2453 edidere.
496 2425 547 2453 Sed
562 2435 620 2452 cum
636 2425 764 2461 Dialogus
778 2426 823 2453 ille
838 2427 863 2453 in
888 2426 1075 2460 manuscriptis
1097 2425 1217 2452 omnibus
1232 2433 1290 2460 quw
1313 2426 1440 2460 inspicere
1456 2425 1531 2452 licuit
1555 2428 1721 2459 compareat.
1746 2432 1864 2459 quorum

236 2470 343 2504 quidam
359 2476 420 2498 sunt
434 2479 482 2499 occ
499 2472 603 2499 circiter
617 2481 758 2503 annorum,
775 2472 941 2499 arbitramur
958 2472 990 2498 ab
1008 2472 1065 2506 ipso
1082 2471 1163 2498 Suria
1191 2477 1215 2498 et
1241 2471 1387 2506 Lipomano
1402 2491 1410 2503 ,
1436 2476 1524 2503 utpote
1550 2472 1690 2498 ridiculum
1704 2491 1711 2501 ,
1730 2475 1863 2496 resectum

235 2516 327 2549 fuisse.
345 2516 457 2544 Etiamsi
470 2525 548 2551 porro
565 2517 605 2544 hic
624 2517 751 2553 Dialogus
777 2518 910 2544 ascititius
927 2522 1006 2548 esset,
1028 2517 1113 2543 multa
1140 2517 1195 2543 alia
1212 2521 1376 2550 superessent
1402 2516 1507 2548 νοθείας
1535 2517 1622 2551 signa.
1649 2516 1768 2542 Primum
1791 2516 1865 2542 enim

237 2562 348 2589 multum
363 2563 482 2590 abhorret
495 2563 542 2590 hoc
558 2562 720 2597 Opusculum
739 2563 771 2590 ab
789 2563 930 2590 Athanasii
945 2563 994 2589 illa
1005 2564 1137 2597 gravitate
1161 2568 1186 2590 et
1205 2563 1269 2598 styli
1288 2562 1422 2598 ἐνεργείᾳ.
1443 2562 1471 2588 2°
1487 2561 1586 2593 Multa,
1600 2569 1646 2595 pro
1660 2560 1789 2596 Opusculi
1803 2561 1867 2587 bre-

236 2610 326 2640 vitate,
342 2609 444 2635 insueta
459 2608 584 2635 vocabula
597 2608 638 2635 hic
654 2613 769 2640 exstant,
788 2613 816 2635 ut
833 2614 871 2635 est
886 2608 954 2635 illud
969 2617 1019 2635 κυν

1071 2608 1236 2640 ωσσοῦντας,
1250 2609 1318 2635 illud
1337 2609 1400 2635 item
1418 2608 1502 2644 μαζὸς
1522 2608 1670 2644 ἁγιόριζος,
1684 2607 1754 2641 γάλα
1768 2607 1866 2643 ξενορ-

237 2653 310 2689 ῥυές,
326 2659 350 2680 et
363 2653 535 2688 φλεὸοσυλία.
557 2653 624 2681 Item
640 2662 712 2681 num.
732 2654 757 2686 7,
773 2660 914 2689 postquam
926 2655 1020 2681 dictum

1072 2654 1092 2680 it
1105 2653 1240 2680 stabulum
1257 2654 1497 2681 Bethleltemiticum
1514 2659 1602 2689 typum
1616 2661 1703 2689 gerere
1717 2652 1866 2685 Ecclesiw,

235 2700 327 2733 paucis
342 2700 485 2734 interjectis
497 2700 552 2727 Itazc
578 2699 700 2734 leguntur
712 2708 721 2726 :
737 2700 837 2735 Θρόνος
857 2701 873 2735 ἡ
888 2699 1020 2735 Παρθένος

1071 2700 1206 2735 κρατῆρες
1225 2700 1248 2726 οἱ
1268 2700 1347 2735 μαζοὶ
1364 2720 1371 2732 ,
1402 2699 1562 2726 ἀναϐόλαιον
1588 2700 1604 2734 ἠ
1630 2699 1842 2735 ὲνανθρώπησις
1856 2719 1865 2731 ,

237 2747 395 2782 ριπιστῆρες
406 2746 439 2773 τὰ
451 2746 591 2782 χερουΰὶμ,
604 2747 695 2778 δίςκος
709 2747 741 2773 τὺ
767 2746 844 2782 ἅγιον
865 2745 986 2782 Πνεῦμα,
1002 2746 1016 2771 ὁ

1071 2746 1122 2781 τὴρ
1133 2746 1351 2781 δισκοκάλυμμα.
1378 2746 1444 2779 Qum
1468 2746 1609 2781 nugatoria
1631 2754 1688 2773 esse
1704 2753 1781 2772 nemo
1808 2754 1866 2774 non

234 2792 367 2823 fateatur;
380 2793 437 2826 quis
455 2793 523 2818 enim
544 2792 611 2825 {erat
626 2792 755 2826 Spiritum
771 2792 856 2823 disco,
873 2791 982 2819 Patrem
998 2792 1065 2820 disci
1081 2792 1203 2826 operculo
1223 2792 1355 2826 conferri,
1371 2792 1416 2818 ubi
1433 2792 1519 2827 angeli
1536 2791 1720 2822 sacerdotum,
1736 2796 1866 2825 pastores

235 2837 406 2862 diuturnorum
421 2837 502 2871 ofﬁcio
516 2837 661 2871 funguntur
673 2858 680 2870 ,
701 2844 729 2864 ut
745 2837 840 2864 ibidem
853 2838 960 2865 dicitur.
978 2837 1026 2864 llis
1039 2837 1071 2864 de
1090 2839 1178 2865 (ausis
1194 2838 1330 2865 Itanu'liam
1345 2838 1424 2865 istam
1439 2846 1573 2866 censemus
1592 2837 1736 2864 Athanasio
1752 2837 1866 2872 abjudi-

235 2888 320 2907 catam
338 2887 462 2914 oportere.
484 2881 670 2915 l’rmfutionem
696 2890 774 2916 porro
793 2882 925 2910 llolstenii
945 2883 1112 2918 subjicimus.
