1940 3067
77 153 121 182 941
539 150 653 178 SERMO
673 149 706 177 IN
726 147 1037 177 ANNUNTIATIONEM
1059 147 1233 175 DEIPARE.
1629 146 1681 175 9H

78 220 212 252 Praefatio
228 222 403 252 HOLSTENH
426 221 458 250 in
481 223 600 259 septem
618 218 766 259 homilias
781 227 852 257 qum
876 226 938 247 non
956 215 1275 259 consequen_ter,_s_ed
1294 216 1384 259 justi)
1401 224 1507 259 rerum
1532 217 1562 246 et
1584 224 1680 255 argu-

254 261 354 292 menti
369 255 668 292 ordinem'inferius
686 255 799 296 positae
815 260 901 288 sunt.
920 259 999 287 Sunt
1013 260 1120 287 autem
1137 255 1277 286 hom‘iliae
1294 255 1480 295 huiusmodi
1500 265 1509 286 :

109 381 128 408 l.
146 381 178 408 In
193 380 391 415 descriptionem
405 380 457 406 sive
477 386 581 405 censum
597 377 679 404 beata
703 376 828 411 Virginis.

108 426 138 454 ll.
158 428 186 454 in
202 427 267 454 illud
284 426 378 453 Matth.
397 433 452 457 ut,
468 424 495 455 ΕΞ,
514 423 553 450 Ite
566 424 593 450 in
607 423 754 454 castellani,
769 420 836 457 quod
849 426 939 448 contra
954 429 997 447 vos
1014 424 1062 447 est.

108 473 148 499 lll.
168 472 197 499 In
215 473 279 500 illud
295 473 373 499 Luca:
386 479 441 504 χιχ,
458 471 501 502 36,
525 470 609 497 Eunte
623 474 709 495 autem
720 469 776 500 illo,
792 467 989 495 substernelmnl
1005 468 1165 493 vestimenta.

108 517 149 546 IV.
169 518 200 545 In
221 517 249 545 S.
269 518 386 553 quintam
405 517 508 551 feriam,
524 521 548 542 et
562 515 733 549 proditionem
747 513 833 540 Judw.

108 564 140 591 ν.
161 564 194 592 In
211 565 242 592 S.
262 565 376 593 Pascha.
393 568 416 590 et
429 564 455 590 in
469 571 555 589 recens
572 561 746 592 illuminatos,
759 559 873 587 Sabbato
887 560 914 586 in
931 559 1015 586 Albis.

109 609 150 637 Vl.
173 609 206 637 In
221 617 317 637 meum
330 618 346 636 a
363 609 510 639 nativitate,
523 607 601 634 Joan.
618 615 646 634 ix

108 655 162 683 VII.
183 655 217 682 In
228 654 280 683 SS.
299 655 392 682 Patres
406 658 430 681 et
444 653 594 688 prop/tetas,
613 656 638 679 et
659 650 836 679 venerandam
851 647 1006 680 Ecclesium,
1024 648 1206 684 psalmumquc
1218 649 1375 676 tricesimum
1396 653 1529 683 quartum.

602 762 716 790 LUCAS
736 762 881 790 HOLSTE
890 761 980 789 NIUS
1005 760 1174 789 LECTORI.

109 822 175 850 Cum
190 823 245 850 divi
258 822 399 850 Athanasii
416 829 497 857 opera
514 820 608 849 recudi
633 829 648 848 a
669 821 846 856 typograpbis
866 819 999 852 audirem,
1018 827 1074 847 rem
1093 827 1135 846 me
1152 818 1287 846 facturum
1305 818 1456 846 existimavi
1467 822 1494 845 et
1508 817 1617 853 publico
1632 823 1687 845 ull-

86 875 136 900 cm,
153 876 205 895 nec
219 868 298 895 bonis
311 867 453 902 doctisque
470 867 622 901 ingratam,
638 866 661 894 si
676 869 774 893 caetera
792 865 958 894 sanctissimi
979 864 1070 891 Patris
1084 864 1213 891 ἀνέκδοτα
1227 864 1426 900 conquirerent,
1440 869 1466 891 et
1482 865 1509 892 in
1526 865 1613 892 lucem
1632 865 1684 892 hac

75 914 216 941 occasione
232 914 426 948 producerem.‘
443 911 545 947 Collegi
571 919 635 947 ergo
662 919 744 946 opera
767 911 943 938 tumultuaria
967 919 998 938 ex
1017 910 1245 938 Christianissimi
1271 910 1351 945 Regis
1373 910 1545 944 bibliotheca,
1560 915 1641 946 atque
1654 918 1686 937 ex

74 958 114 985 CI.
137 962 163 985 et
178 957 211 984 ﬂ.
228 956 258 984 P.
283 957 432 990 Sirmondi,
450 956 574 991 meisque
599 955 708 983 schedis
735 955 863 982 homilias
891 954 1151 991 septem-Athanasii
1171 954 1280 982 nomine
1304 959 1487 990 praenotatas:
1505 963 1592 990 neque
1615 956 1688 983 enim

75 1003 214 1031 Athanasii
230 1010 324 1037 omnes
337 1010 396 1030 esse
415 1002 525 1034 credat,
545 1001 589 1029 cui
603 1001 646 1029 vel
660 1001 804 1028 minimum
821 1002 849 1028 in
866 1001 944 1028 hisce
964 1001 1061 1029 studiis
1074 1000 1182 1034 judieii,
1196 1001 1298 1036 quique
1312 1001 1352 1029 vel
1366 1001 1454 1029 obiter
1469 1005 1574 1029 tantum
1591 1006 1690 1029 caztera

74 1051 132 1084 ejus
145 1049 246 1084 scripta
260 1050 421 1084 inspexerit.
441 1049 577 1082 Quocirca
594 1056 627 1076 ne
640 1048 776 1075 carbones
793 1048 915 1075 thesauri
931 1048 992 1075 loco
1009 1047 1151 1075 venditare
1166 1048 1271 1080 videar,
1290 1049 1465 1076 indicandum
1480 1049 1575 1084 paucis
1591 1048 1689 1075 existi-

76 1096 156 1129 mavi,
168 1096 239 1124 unde
254 1096 375 1131 singulas
386 1095 619 1131 deprompserim;
639 1099 695 1122 tum
708 1101 797 1121 meam
815 1094 848 1122 de
863 1095 897 1123 iis
914 1093 1088 1127 sententiam,
1103 1094 1180 1122 nullo
1189 1099 1278 1123 tamen
1296 1096 1420 1123 veritatis
1428 1101 1475 1123 aut
1488 1097 1689 1132 κριτικωτὲρων

76 1142 241 1178 prmjudicio,
259 1141 382 1176 proferre
399 1141 480 1168 volui.
505 1140 597 1167 Primo
610 1147 675 1175 ergo
691 1140 752 1167 loco
766 1143 908 1175 comparet
926 1139 1047 1167 Hornilia
1059 1140 1086 1167 in
1106 1140 1306 1174 descriptionem
1323 1140 1357 1168 Β.
1379 1141 1505 1176 Virginis,
1524 1145 1587 1170 ante
1600 1142 1689 1169 trien-

76 1189 148 1216 nium
163 1197 178 1216 a
193 1197 236 1216 me
253 1188 350 1216 Oxonii
372 1188 399 1215 in
415 1188 515 1215 celebri
536 1188 581 1214 illa
596 1187 742 1214 Bodleiana
768 1187 931 1215 bibliotheca
948 1195 981 1215 ex
996 1187 1034 1216 ill.
1053 1188 1153 1223 equitis
1168 1187 1277 1215 Henrici
1302 1187 1396 1215 Savilii
1411 1187 1590 1217 membranis
1613 1194 1690 1217 tran-

74 1234 186 1269 scripta.
202 1233 298 1269 Reperi
319 1233 440 1261 eamdem
460 1233 486 1260 in
511 1233 630 1268 quinque
645 1239 691 1260 aut
708 1241 754 1261 sex
779 1233 862 1267 regiis
886 1233 1038 1265 codicibus,
1054 1234 1220 1261 assumentis
1235 1234 1400 1269 quibusdam
1422 1236 1572 1263 auctiorem
1590 1246 1596 1263 2
1627 1244 1688 1264 cum

75 1280 172 1314 quibus
186 1284 213 1307 et
225 1279 258 1307 Β.
277 1279 308 1306 Ρ.
322 1278 461 1306 Sirmondi
479 1279 617 1313 exemplar
631 1278 724 1306 Romae
736 1279 903 1314 descriptum
927 1279 1075 1307 consentit.
1091 1279 1186 1307 Latine
1200 1280 1358 1315 iampridem
1371 1288 1432 1317 eam
1445 1281 1590 1310 ediderunt
1604 1282 1690 1318 Lipo~

76 1334 171 1353 manus
185 1329 212 1354 et
227 1325 324 1353 Surius
340 1326 368 1352 in
382 1324 452 1351 Vitis
468 1329 635 1358 sanctorum,
651 1325 697 1352 sed
714 1325 883 1360 paraphrasi,
897 1329 927 1352 ut
943 1326 1041 1358 solent,
1054 1326 1176 1353 liberiori
1191 1335 1196 1353 :
1226 1326 1254 1352 in
1270 1334 1323 1361 qua
1341 1326 1470 1362 Dialogus
1495 1328 1555 1361 ille,
1578 1336 1611 1356 ne
1624 1330 1690 1364 quid

75 1373 184 1407 gravius
195 1372 294 1403 dicam.
307 1371 388 1406 plane
404 1371 611 1404 intempestivus
628 1370 699 1397 inter
714 1369 861 1404 Josephum
878 1376 905 1397 et
922 1370 1028 1397 beatam
1045 1367 1196 1406 Virginem,
1210 1371 1302 1398 nescio
1319 1376 1410 1398 utrum
1423 1371 1508 1400 Graeci
1529 1374 1692 1408 exemplaris

75 1418 143 1449 lide,
156 1425 189 1444 an
201 1417 308 1444 illorum
322 1415 437 1451 judicio.
450 1415 569 1442 omissus
584 1419 637 1442 est.
652 1415 706 1449 Ego
719 1417 748 1441 ut
765 1415 792 1441 in
810 1414 1004 1449 manuscriptis
1026 1414 1167 1442 codicibus
1181 1415 1268 1450 reperi
1279 1435 1285 1446 ,
1310 1416 1346 1442 ita
1362 1416 1432 1443 bona
1448 1416 1499 1444 ﬁde
1516 1423 1691 1452 repraasento,

76 1464 144 1490 bona
161 1463 249 1496 malis,
264 1468 292 1490 et
306 1461 408 1498 χρύσεα
422 1461 559 1496 χαλκείοις
577 1460 717 1499 permista.
735 1459 828 1494 Neque
852 1460 937 1488 solius
960 1460 1103 1487 Athanasii
1125 1467 1157 1488 ea
1173 1459 1292 1492 fortuna,
1309 1465 1339 1487 ut
1358 1460 1593 1496 ineptissimorum
1609 1464 1694 1490 inter-

75 1510 225 1545 polatornm
244 1517 340 1536 manus
354 1509 468 1541 subiret,
484 1516 546 1535 cum
560 1507 760 1542 Clirysostomi,
778 1506 885 1539 Procli,
900 1507 1070 1541 aliorumque
1085 1507 1211 1534 liomilias
1223 1527 1230 1537 ,
1248 1507 1383 1535 similibus
1398 1508 1556 1543 sequiorum
1580 1509 1693 1536 saeculo-

75 1562 137 1582 rum
152 1555 260 1589 ineptiis
274 1555 389 1582 fmdatas
408 1554 434 1580 in
447 1553 541 1581 iisdem
555 1553 638 1587 regiis
653 1552 795 1578 codicibus
812 1551 973 1579 invenerim.
992 1551 1025 1578 Et
1039 1551 1130 1578 fucum
1145 1551 1288 1579 manifeste
1299 1557 1417 1587 arguunt
1431 1553 1572 1587 Lipomani
1584 1559 1611 1581 et
1621 1553 1694 1581 Οχο-

74 1599 180 1627 niensis
194 1599 339 1627 academia:
353 1598 519 1633 exemplaria
536 1607 543 1625 :
558 1605 620 1624 cum
637 1596 671 1624 ab
687 1597 741 1623 illis
758 1596 878 1631 penitus,
892 1597 926 1624 ab
938 1597 991 1624 hoc
1008 1601 1098 1624 autem
1111 1604 1236 1632 magnam
1250 1602 1354 1632 partem
1366 1603 1522 1627 assumenta
1535 1600 1579 1627 illa
1591 1601 1691 1629 absint.

74 1645 249 1680 Gomparatio
271 1646 406 1680 spelunca:
435 1643 662 1671 Bethlehemitica:
686 1647 713 1670 et
730 1642 858 1671 Ecclesia
876 1643 981 1678 prolixe
996 1650 1010 1669 a
1024 1649 1119 1670 sancto
1138 1643 1273 1671 Germano
1288 1645 1316 1671 ἐν
1330 1646 1363 1680 τῇ
1378 1648 1496 1682 μυστικῇ
1515 1646 1615 1683 θεωρίᾳ
1632 1633 1695 1683 per-

76 1694 229 1717 tractatur:
247 1690 275 1718 in
290 1697 320 1718 ea
333 1694 422 1717 tamen
437 1689 463 1716 id
476 1689 615 1724 proprium
622 1688 764 1716 Athanasii
774 1693 825 1721 est,
838 1689 911 1723 quod
925 1687 1073 1724 Josephum
1089 1689 1276 1726 ὲφημερευτήν
1293 1691 1420 1725 appellat,
1433 1699 1500 1720 voce
1519 1693 1584 1720 mihi
1600 1695 1695 1722 bactr-

75 1745 128 1765 nus
142 1738 238 1765 nullibi
255 1738 332 1766 lecta.
358 1738 492 1767 Vicarium
509 1741 595 1772 verti,
612 1748 674 1768 cum
687 1739 857 1767 commodius
878 1739 946 1766 nihil
967 1743 1133 1766 occurreret.
1152 1738 1255 1766 Alludit
1271 1743 1363 1767 autem
1386 1740 1420 1767 ad
1445 1742 1616 1778 ἐφημερίας,
1637 1743 1695 1771 sive

75 1784 151 1811 vices
168 1785 339 1814 sacerdotum
354 1784 548 1820 Leviticorum,
567 1793 682 1821 quarum
694 1789 720 1813 et
741 1785 769 1811 Β.
788 1785 876 1812 Lucas
893 1792 953 1820 cap.
973 1793 981 1812 ι
1000 1785 1133 1812 meminit.
1154 1784 1224 1818 Quid
1245 1785 1422 1819 φλεϐοσυλίας
1436 1795 1486 1814 vox
1499 1788 1551 1815 sibi
1567 1789 1630 1816 velit
1643 1790 1695 1818 sub

77 1829 132 1855 line
146 1828 206 1863 ejus
222 1829 303 1865 344
320 1829 449 1864 Ιιοιηὶιὶίιξ,
463 1831 579 1866 ingenue
596 1831 683 1858 fateor
698 1838 742 1857 me
754 1830 862 1857 nescire
877 1838 946 1857 :nec
963 1829 1140 1858 eruditissimi
1155 1830 1217 1862 viri,
1231 1838 1300 1865 quos
1309 1839 1340 1858 ea
1357 1839 1438 1866 super
1450 1840 1478 1860 re
1494 1834 1695 1867 consului,.no-

76 1875 142 1902 dum
167 1876 243 1903 illum
259 1877 386 1912 expedire
411 1882 568 1913 potuerunt.
594 1877 725 1906 Versione
742 1877 790 1908 ita,
808 1878 847 1904 uti
873 1877 1007 1904 sententia
1023 1884 1168 1912 exposcere
1190 1877 1304 1910 videtur,
1323 1883 1460 1914 utcunque
1487 1882 1623 1916 expressi,
1645 1890 1695 1910 nec

78 1922 158 1956 longe
174 1929 217 1949 me
227 1922 261 1949 ab
275 1923 417 1951 Athanasii
431 1928 521 1951 mente
534 1925 676 1952 aberrasse
688 1926 763 1958 puto.
780 1921 920 1956 Sequente:
933 1921 1000 1948 duas
1016 1921 1138 1949 humilia:
1153 1930 1187 1949 ex
1200 1924 1281 1950 unico
1294 1922 1380 1959 Regio
1396 1926 1544 1960 exemplari
1561 1929 1694 1956 transcri-

79 1968 120 2002 psi
134 1977 140 1994 :
158 1967 299 1997 Athanasii
313 1977 360 1997 eas
376 1978 437 1997 esse
452 1978 518 1998 sane
538 1970 716 2002 crediderim,
728 1976 816 2004 neque
836 1968 985 2004 quidquam
1008 1967 1097 2000 video,
1114 1976 1163 1995 cur
1179 1969 1259 1995 aliter
1272 1969 1402 2004 judicem.
1417 1970 1547 2003 Quartam
1571 1972 1645 2000 illam
1667 1974 1694 2002 in

79 2019 108 2046 S.
126 2025 249 2053 magnam
263 2018 382 2052 quintam
396 2018 490 2052 feriam
501 2038 508 2050 ,
528 2025 562 2045 ex
576 2017 671 2045 eodem
687 2017 772 2052 Regio
785 2017 880 2045 codice
900 2021 926 2044 et
942 2017 975 2044 R.
989 2016 1019 2044 Ρ.
1037 2016 1175 2043 Sirmondi
1192 2017 1340 2051 exemplari
1356 2024 1530 2052 repraesento.
1559 2019 1646 2048 Habet
1663 2030 1694 2048 ea

78 2065 252 2091 characteres
266 2063 323 2090 sive
343 2068 421 2091 notas
437 2071 582 2098 expressas
605 2063 667 2098 styli
688 2061 844 2090 Athanasiai

928 2062 1011 2088 ’hotio
1027 2061 1197 2095 observatas,
1210 2060 1242 2087 τὸ
1255 2061 1399 2097 ἀπέριττον
1411 2063 1458 2089 καὶ
1472 2062 1502 2089 τὸ
1517 2063 1609 2099 δριμύ,
1623 2070 1653 2092 ut
1667 2071 1694 2093 et

77 2111 175 2146 quinta
187 2111 232 2137 illa
243 2111 270 2136 in
282 2109 311 2137 S.
327 2108 440 2142 Pascha,
455 2118 514 2137 meo
526 2109 630 2144 judicio
649 2109 769 2136 omnium
786 2109 887 2144 optima
902 2112 929 2135 et
942 2107 1155 2143 elegantissima,
1168 2115 1249 2142 quam
1267 2108 1314 2134 uni
1334 2107 1364 2134 P.
1382 2107 1528 2136 Sirmondo
1545 2110 1676 2139 debemus
1687 2132 1694 2143 ,

78 2157 128 2192 qui
142 2157 235 2183 Roma
251 2156 299 2184 abs
315 2163 344 2183 se
358 2156 523 2190 descriptam
539 2155 704 2190 perbenigne
728 2162 835 2182 mecum
852 2154 1073 2182 communicavit.
1098 2152 1246 2180 Sabbatum
1261 2153 1310 2188 τῆς
1325 2153 1506 2190 ἀπολυσὶμου,
1531 2163 1585 2190 quo
1604 2157 1637 2183 ad
1653 2164 1696 2184 rc-

77 2209 146 2230 cens
160 2201 312 2236 baptizatos
327 2207 386 2227 eam
401 2200 521 2227 habitam
549 2200 692 2234 inscriptio
717 2203 834 2226 testatur
845 2219 852 2230 ,
880 2198 1017 2233 appellant
1031 2197 1136 2231 Graeci,
1159 2198 1232 2232 quod
1255 2198 1423 2226 Dominieam
1442 2200 1468 2226 in
1484 2200 1570 2232 Albis,
1585 2202 1652 2236 sive,
1665 2208 1695 2230 ut

78 2250 163 2278 iidem
176 2252 284 2281 vocant,
295 2247 436 2283 Κυριακὴν
444 2246 490 2273 τοῦ
506 2246 670 2281 Ἀντιπάσχα
679 2245 817 2281 praecedit,
825 2253 842 2279 q

928 2245 1046 2272 asclialis
1055 2244 1197 2277 festivitas,
1208 2247 1266 2272 toto
1276 2245 1386 2271 octiduo
1400 2245 1463 2273 olim
1480 2247 1614 2275 celebrata
1627 2249 1694 2282 (δια-

78 2293 244 2328 καινήσιμον
259 2299 317 2319 eam
331 2291 508 2325 septimanam
524 2289 680 2318 (Ηίθεοι-11η]
697 2290 810 2316 rituales
824 2289 886 2316 libri
899 2293 1008 2321 vocant,
1022 2290 1056 2316 ob
1068 2289 1197 2320 ﬁdelium,
1213 2288 1241 2315 ni
1252 2289 1339 2322 fallor,
1355 2298 1403 2324 per
1416 2291 1587 2326 baptismatis
1605 2302 1697 2322 sacra-

78 2343 204 2367 mentum
218 2337 440 2373 revoeationem),
456 2345 488 2364 eo
503 2336 548 2364 die
565 2336 698 2368 ﬁniretur,
709 2338 850 2370 castusque
865 2335 937 2363 sacri
952 2335 1139 2366 solverentur,
1164 2334 1192 2362 id
1209 2335 1281 2361 enim
1299 2335 1372 2362 λύειν
1391 2337 1447 2364 sive
1459 2338 1586 2366 ἀπολύειν
1612 2341 1695 2369 iidem

77 2389 193 2416 vocant,
208 2383 281 2411 unde
295 2388 450 2418 postremus
465 2382 629 2409 solemnium
646 2381 780 2409 festorum
798 2382 856 2409 dies
867 2381 999 2413 ἀπόλυσις
1017 2381 1154 2415 quondam
1170 2382 1329 2414 vocabatur,
1345 2383 1418 2417 quod
1434 2391 1467 2410 ex
1484 2384 1584 2413 Basilio
1601 2386 1696 2414 Seleu-

77 2431 168 2458 ciensi
186 2430 301 2464 aliisque
313 2429 474 2464 jampridem
489 2427 522 2455 ν.
538 2427 579 2454 Cl.
605 2431 632 2455 et
654 2427 841 2455 amicissimus
863 2426 984 2454 Joannes
1001 2426 1136 2454 Meursius
1148 2427 1176 2454 in
1191 2426 1332 2455 Glossario
1350 2436 1399 2456 suo
1414 2429 1518 2457 docuit;
1543 2431 1582 2459 Eo
1604 2437 1694 2461 autem

79 2477 204 2503 Sabbato
219 2475 382 2502 Christianae
395 2474 498 2502 militia:
519 2473 633 2506 tirones,
656 2481 753 2509 magno
767 2473 887 2501 Sabbato
901 2473 1063 2508 baptizatos,
1073 2473 1149 2501 albas
1165 2478 1256 2502 vestes
1270 2474 1430 2510 deposuisse
1446 2478 1538 2506 notius
1553 2483 1604 2509 est.
1614 2488 1695 2515 quam

79 2527 109 2548 ut
126 2521 242 2549 indicari
257 2521 365 2549 debeat.

118 2567 212 2602 Rejeci
229 2567 336 2594 tandem
348 2567 376 2594 in
394 2566 473 2594 tinem
486 2566 553 2593 duas
566 2566 703 2599 liomilias,
721 2573 781 2601 quae
795 2570 893 2601 praeter
910 2565 1019 2592 titulum
1035 2566 1102 2592 nihil
1119 2567 1209 2602 πιεεηί
1228 2567 1300 2595 illius
1317 2567 1460 2596 Athanasii
1473 2570 1573 2599 habent
1587 2582 1594 2600 :
1614 2578 1661 2601 aut
1675 2576 1698 2602 si

79 2622 203 2648 unquam
219 2622 280 2641 eum
297 2619 399 2649 patrem
420 2617 606 2648 agnoverunt,
625 2614 662 2639 ita
686 2620 761 2640 nunc
775 2612 946 2647 interpolata:
960 2616 1034 2644 sunt,
1052 2616 1082 2639 ut
1092 2613 1258 2641 Athanasius
1274 2614 1342 2649 ipse,
1359 2615 1381 2642 si
1399 2623 1446 2644 eas
1460 2616 1581 2652 legeret,
1602 2627 1698 2648 earum

77 2660 273 2687 auctoritatem
288 2659 438 2695 defugeret,
451 2659 477 2686 in
497 2659 597 2694 quibus
611 2666 662 2686 nec
679 2659 753 2690 vola,
772 2657 845 2693 quod
860 2658 949 2691 aiunt,
964 2665 1014 2685 nec
1026 2658 1168 2693 vestigium
1188 2659 1290 2693 ingenii
1308 2661 1423 2696 stylique
1440 2662 1514 2690 illius
1529 2665 1696 2699 agnoscitur.

76 2707 161 2734 Prior
175 2710 265 2733 tamen
283 2707 334 2734 ista
350 2707 374 2733 in
391 2715 487 2733 circum
502 2711 604 2738 natum,
621 2706 712 2734 minus
729 2707 913 2734 contaminata
927 2709 969 2734 est
984 2713 999 2732 a
1013 2705 1178 2732 rhetorculis
1193 2705 1265 2738 istis,
1281 2707 1328 2741 qui
1348 2715 1381 2735 ex
1397 2709 1508 2744 optimis
1520 2709 1569 2737 SS.
1583 2710 1696 2739 Patrum

77 2755 203 2782 homiliis
219 2754 341 2789 dialogos
357 2755 492 2790 pessimos
509 2754 588 2782 nobis
603 2754 814 2782 concinnarunt.
840 2753 936 2786 Prodit
950 2760 982 2781 ea
1002 2761 1035 2780 ex
1049 2751 1133 2788 Regio
1146 2754 1334 2789 manuscripto
1346 2775 1354 2788 ,
1376 2756 1519 2784 emendata
1543 2761 1634 2786 tamen
1649 2759 1699 2786 ali—

76 2804 149 2836 quot
165 2801 233 2828 locis
248 2809 281 2828 ex
293 2800 323 2828 P.
339 2801 476 2828 Sirmondi
493 2802 651 2837 exemplari,
669 2801 748 2836 cujus
764 2810 814 2837 ope
831 2801 939 2837 egregie
953 2801 1056 2835 aliquot
1073 2801 1131 2827 loca
1145 2801 1264 2829 restitui.

115 2846 260 2874 Postrema
275 2847 320 2874 illa
346 2848 372 2874 in
392 2847 441 2875 SS.
463 2847 555 2874 Panes
581 2853 605 2874 et
631 2849 813 2883 patriarchas,
837 2847 1007 2884 ineptissima
1024 2851 1074 2880 est,
1091 2851 1117 2874 et
1143 2847 1201 2883 ipso
1224 2855 1288 2876 rure
1308 2849 1451 2878 inﬁcetior.
1470 2851 1566 2887 Reperi
1582 2860 1640 2880 eam
1668 2853 1696 2880 in
