1940 3067
249 141 302 170 945
806 146 836 174 s.
854 141 1080 170 ATHANASIUS.
1098 157 1134 163 —
1152 141 1264 170 DUBIA.
1804 141 1857 168 9M

251 203 331 229 unico
346 201 429 238 Regio
441 202 544 233 codice,
556 209 611 237 quo
624 201 692 228 nihil
708 208 751 228 me
767 201 854 235 magis
868 200 1015 228 barbarum
1033 200 1134 228 vidisse
1150 200 1272 231 memini,
1288 199 1355 227 adeo
1367 199 1441 226 nulla
1453 199 1653 235 orthographia:
1668 203 1713 226 aut
1727 205 1857 227 constru-

250 248 348 275 ctionis
366 248 435 274 ratio
451 247 531 275 isthic
544 251 663 278 servata,
677 251 704 274 et
719 251 773 273 tuta
787 246 860 273 vitiis
873 246 1006 277 scatebat,
1022 253 1140 281 quorum
1161 246 1305 272 maximam
1323 251 1424 280 partem
1445 246 1558 277 sustuli,
1586 246 1622 272 ita
1639 251 1669 273 ut
1682 245 1732 281 legi
1755 246 1857 273 intelli-

249 292 329 326 gique
338 292 394 326 jam
409 296 499 327 queat.
520 291 657 320 Potuisset
681 292 740 319 sine
755 291 858 319 scelere
870 291 969 324 omitti,
984 290 1036 317 nisi
1051 291 1203 318 doctissimi
1221 291 1271 317 viri
1285 291 1345 324 ejus
1357 291 1520 318 auctoritate
1544 291 1706 326 jampridem
1722 291 1750 318 in
1765 292 1858 319 crucis

250 345 301 364 usu
314 338 451 372 probando
462 338 660 373 asserendoque
675 337 790 365 fuissent
805 337 856 364 usi.
883 336 1004 369 Quorum
1019 343 1069 370 ego
1085 335 1219 370 judicium
1237 337 1409 363 vehementer
1430 336 1480 363 hac
1495 336 1522 363 in
1544 340 1620 371 parte
1633 336 1768 364 desidero.
1787 336 1857 364 Nam

249 390 309 418 quae
326 384 359 410 de
372 383 535 419 imaginibus
552 383 602 411 sub
619 383 698 411 tinem
720 382 855 418 leguntur,
872 381 1102 409 Iconoclastarum
1123 386 1242 416 tempora
1257 382 1381 417 sapiunt,
1409 382 1496 416 iisque
1523 383 1672 417 impostor,
1698 384 1855 418 quicunque

251 429 360 456 demum
376 428 400 455 is
417 428 507 463 fuerit,
521 429 605 456 veluti
621 436 701 456 sorex
717 436 767 455 suo
783 427 887 462 judicio
901 426 1044 454 manifeste
1059 435 1088 454 se
1102 427 1202 462 prodit.
1217 427 1288 456 Loca
1303 427 1458 462 Scriptura},
1471 436 1531 463 quae
1554 428 1699 464 imaginum
1715 430 1774 456 usui
1795 437 1859 464 pro-

249 475 337 504 bando
364 476 522 510 atl‘eruntur,
538 475 682 503 admodum
701 475 897 511 ἀπροσδιόνυσσ
919 479 982 502 sunt
999 484 1006 502 :

1075 475 1093 501 it
1108 475 1180 502 enim
1198 475 1225 502 in
1243 476 1325 502 verbo
1341 475 1466 511 γράφειν,
1480 484 1535 511 quo
1551 475 1636 503 Graeci
1651 481 1677 504 et
1693 478 1857 512 scripturam

249 526 277 549 et
305 522 436 557 picturam
456 522 609 558 promiscue
636 522 799 558 significant.
825 520 901 558 Quqd
921 520 954 548 de
974 520 1112 547 Zacharize
1121 522 1252 556 sanguine
1269 522 1382 555 seribit,
1409 526 1486 550 notas
1501 523 1560 558 ejus
1572 527 1599 550 ct
1612 524 1723 556 vestigia
1739 525 1766 553 in
1784 528 1859 555 saxis

249 529 277 549 et
305 529 436 557 picturam
456 529 609 558 promiscue
636 529 799 558 sugmncant.
825 529 865 553 uu
885 529 901 548 α
921 529 954 548 oe
975 529 1112 547 LnCIIanIE
1121 529 1252 556 sanguine
1269 529 1382 555 senuit,
1409 529 1486 550 notas
1501 530 1560 558 eius
1572 529 1599 550 ct
1612 529 1723 556 vestigia
1739 529 1766 553 in
1784 529 1857 555 saxis

248 571 425 605 apparuisse,
441 570 466 597 id
477 574 504 598 et
519 569 677 598 Tertulliani
694 569 855 596 auctoritate
867 529 1044 596 gontirmatur
1059 575 1119 604 cap.
1137 568 1153 596 8
1178 569 1312 604 Scorpiaci
1328 571 1473 606 :quamvis
1488 570 1518 598 Β.
1545 570 1727 608 Hieronymus
1748 575 1774 601 in
1790 582 1857 602 mn

249 615 345 644 Matth.
367 621 396 644 ut
418 617 490 652 pium
501 622 681 644 commentum
697 615 723 642 id
737 616 832 643 elevet.
1595 651 1596 654 η

284 662 357 689 Ilanc
367 662 492 697 editionis
506 666 604 690 nostrze
620 662 752 690 rationem
765 661 857 696 paucis
869 660 1057 695 exponendam
1073 661 1165 696 putavi
1182 671 1189 689 :
1210 666 1237 688 et
1251 667 1325 689 certa
1348 670 1390 690 me
1405 670 1471 698 spes
1489 667 1563 691 tenet
1586 664 1672 692 bonos
1686 668 1713 692 et
1734 665 1858 694 eruditos

249 709 333 742 viros,
349 708 371 735 si
387 715 441 735 non
455 715 576 742 operam,
591 712 664 736 certe
677 712 804 735 conatum
825 713 852 735 et
870 708 1037 734 voluntatem
1064 710 1185 734 nostram
1200 708 1372 742 probaturos.
1398 709 1500 737 Cetera
1524 718 1583 744 quae
1616 710 1704 738 adhuc
1726 711 1809 738 latent
1827 712 1856 738 in

248 754 330 782 Italia:
343 758 369 782 et
383 754 518 790 Hispaniae
530 755 700 782 bibliothecis
714 755 759 782 alii
771 755 884 787 dabunt,
901 754 1049 789 praesertim
1061 753 1283 781 Commentarium
1298 760 1448 790 perpetuum
1457 757 1484 783 in
1496 756 1627 789 Psalmos,
1637 756 1710 791 quod
1724 764 1773 791 ego
1795 757 1856 791 pal-

248 800 363 826 marium
380 800 521 828 Athanasii
535 807 603 835 opus
624 801 761 828 existimo.
775 800 841 834 Quae
856 800 883 828 in
901 800 930 827 S.
947 800 1056 827 Antonii
1078 799 1136 826 Vita
1157 808 1190 827 ex
1207 802 1392 836 manuscripto
1407 802 1500 830 codice
1524 802 1743 831 reverendissimi
1755 807 1782 830 et
1795 804 1853 830 cla-

249 846 350 873 rissimi
367 846 469 874 domini
484 847 572 875 Caroli
588 847 621 874 de
639 847 784 880 Montcbal,
795 848 901 875 abbatis
923 847 1015 875 Sancti
1028 846 1146 874 Amantii
1169 848 1293 883 supplevi
1313 853 1340 876 et
1355 850 1515 883 emendavi,
1537 851 1650 878 seorsim
1673 851 1857 886 typographus

247 894 332 925 dabit,
347 899 393 921 aut
409 894 604 923 Hmscbelianis
623 897 695 924 notis
715 897 830 929 inseret;
852 895 917 922 mibi
930 895 1001 923 enim
1016 903 1088 922 nunc
1100 903 1193 923 eorum
1211 896 1288 931 copia
1313 903 1368 924 non
1390 901 1441 929 est.
1461 905 1512 926 nec
1534 899 1571 926 ita
1587 899 1626 926 uti
1647 899 1741 926 vellem
1761 906 1857 926 recen-

248 941 390 969 serelicet.
410 941 486 971 Vale.
501 946 527 970 et
545 942 597 970 hoc
617 943 800 978 qualicunque
825 949 921 971 nostro
942 942 1034 970 labore
1049 941 1139 970 fruere
1160 942 1284 971 feliciter.
1304 943 1514 979 Antissiodoro,
1540 945 1703 974 clolocxxvt.
1723 945 1860 974 Postridie

249 985 312 1014 ldus
322 986 457 1016 Octobris.

783 1113 850 1141 ΤΟΥ
869 1114 914 1140 ΕΝ
933 1113 1045 1141 ΑΙἸΟΙΣ
1062 1114 1196 1142 ΠΑΤΡΟΣ
1215 1116 1314 1145 ΗΜΩΝ

895 1186 1211 1234 ΑΘΑΝΑΣΙΟΥ

382 1263 444 1291 E1:
459 1264 743 1300 ΑΠΟΓΡΑΦΗΝ(55)
765 1267 833 1293 ΤΗΣ
848 1268 962 1295 arms
971 1269 1019 1295 MA

1075 1270 1117 1301 l2,
1133 1271 1200 1298 ΚΑΙ
1211 1269 1271 1297 ΕΙΣ
1290 1271 1358 1298 ΤυΝ
1372 1271 1494 1303 ΙΩΣΗΦ,
1509 1272 1630 1299 ΛΟΓΟΣ
1646 1271 1713 1308 (56).

745 1388 792 1432 S.
831 1389 884 1433 P.
925 1390 984 1435 N.
1020 1390 1341 1436 ATHANASII

301 1484 341 1513 IN
358 1484 508 1514 CENSUM
527 1485 616 1513 SIVE
629 1485 936 1516 DESCRIPTIONEM
959 1486 1019 1516 SAI

1075 1487 1121 1515 ἈΕ
1137 1487 1279 1522 Manus,
1300 1487 1345 1516 ET
1365 1487 1408 1516 IN
1423 1485 1638 1521 JOSEPHUII,
1650 1481 1798 1518 'SERMO.

286 1617 313 1644 l.
327 1614 555 1648 Quemadmodum
580 1617 697 1652 operarii
723 1617 850 1646 auriferze
873 1623 953 1646 teme
969 1627 1019 1647 me-

1110 1620 1136 1647 1.
1150 1620 1254 1656 Ὥσπερ
1271 1619 1296 1646 οἱ
1310 1619 1358 1655 τὴν
1374 1620 1495 1655 χρυσῖτιν
1514 1618 1566 1653 γῆν
1580 1617 1751 1654 μεταλλεὺΕιν
1764 1616 1857 1652 λαχόνς

244 1661 308 1688 tal‘a
329 1660 480 1689 clfodienda
497 1662 580 1694 nacti,
609 1670 671 1690 cum
702 1662 730 1690 in
757 1671 852 1691 venam
881 1664 1019 1697 incidunt,

1075 1674 1120 1697 τες
1135 1666 1258 1701 ἐργάται,
1275 1664 1342 1691 ἐπὰν
1363 1665 1462 1700 εὕρωσι
1485 1664 1569 1698 φλέὸα
1588 1664 1720 1699 ψήγματα
1739 1663 1787 1690 τοῦ
1808 1664 1857 1700 ζη-

244 1706 351 1741 quazsiti
364 1707 424 1734 auri
437 1712 558 1734 ramenta
574 1708 758 1741 exhibentem,
774 1709 830 1737 illic
851 1716 960 1744 operam
975 1717 1024 1745 po-

244 1754 312 1778 nunt
326 1758 414 1783 suam,
428 1751 482 1778 illic
493 1752 633 1786 elI‘odiunt,
652 1757 745 1788 utpote
761 1754 803 1781 via
821 1754 857 1781 ibi
872 1755 905 1781 ad
918 1755 1023 1782 lucrum

244 1801 466 1829 commonstrato,
483 1806 537 1825 non
558 1804 630 1825 retro
644 1799 765 1832 cedunt,
789 1808 839 1828 nec
855 1805 917 1828 ante
931 1801 1022 1828 sedem

244 1847 421 1873 commutant.
441 1851 523 1878 quam
547 1846 693 1879 propositae
713 1845 752 1873 rei
771 1846 912 1874 latibulum
929 1847 1024 1882 depre-

243 1888 375 1922 bendant;
397 1889 491 1916 eadem
514 1898 626 1926 prorsus
642 1892 746 1919 ratione
763 1900 813 1920 nos
839 1893 1022 1921 ecclesiastici

242 1934 333 1968 operis
348 1934 550 1968 distributores,
565 1935 665 1963 Lucam
680 1937 872 1972 evangelistam
890 1946 945 1973 pra:
966 1946 1023 1966 ma-

243 1979 323 2006 nibus
335 1979 474 2011 habentes,
488 1985 517 2007 ut
529 1980 697 2008 Dominicum
717 1982 831 2017 virginei
848 1987 946 2018 partus
961 1984 1022 2011 the-

242 2032 352 2052 saurum
367 2027 590 2061 contemplemur,
608 2035 663 2054 non
678 2032 740 2055 ante
752 2027 833 2056 finem
848 2030 1022 2064 perquirendi

243 2070 384 2103 faciamus,
399 2079 479 2106 quam
505 2073 658 2108 propositas
684 2074 830 2109 diligenter
860 2076 1022 2111 colligamus

241 2111 359 2144 divitias.
385 2116 565 2150 Quamobrem
592 2120 688 2147 ordine
713 2121 885 2156 evangelista
909 2122 1022 2156 vestigia

242 2162 438 2199 indagabiuius,
458 2172 491 2192 ne
511 2165 649 2200 quidpiam
666 2166 742 2193 lucro
753 2165 878 2193 faciendo
894 2166 1020 2194 idoneum

241 2201 408 2239 omittamus.
419 2210 609 2239 Etiamsienim
626 2212 706 2239 verba
719 2212 853 2247 principio
869 2212 964 2247 exigua
981 2212 1023 2239 vi-

240 2255 366 2287 deantur,
376 2261 403 2283 at
414 2264 510 2291 magna
519 2258 612 2291 gratiae
624 2257 764 2292 mysteria.
775 2255 859 2284 Nemo
868 2265 1020 2285 sermonem

242 2301 378 2334 fastidiat,
398 2302 477 2337 quasi
495 2303 571 2337 parvi
594 2303 722 2330 momenti
735 2303 878 2330 lectionem
894 2303 1019 2331 audierit.

240 2347 305 2374 Nam
317 2348 339 2374 si
351 2351 487 2382 spectetur
496 2349 552 2374 nati
564 2347 669 2375 Domini
681 2351 812 2383 potestas,
819 2348 916 2383 exigua
924 2353 951 2375 et
960 2356 1020 2383 per-

239 2400 319 2428 quam
333 2392 413 2428 345
432 2392 529 2428 exigua
560 2398 624 2420 sunt
647 2401 707 2428 qua:
728 2392 808 2420 modo
842 2392 910 2419 lecta
939 2397 1019 2427 sunt,

239 2439 320 2473 panni
333 2439 445 2470 scilicet,
457 2446 592 2474 praesepe.
605 2439 792 2467 incommodus
809 2439 894 2466 locus.
908 2437 940 2465 Et
955 2439 1012 2466 haec

237 2484 347 2519 quidem
362 2485 458 2519 exigua
472 2490 552 2518 sunt,
571 2492 631 2520 quae
659 2489 749 2512 autem
768 2484 795 2511 in
821 2485 897 2512 hisce
915 2491 1016 2520 propo-

238 2533 341 2556 ntmtur
355 2529 468 2564 mystica
491 2533 570 2561 sunt,
592 2536 687 2563 nempe
703 2533 796 2556 uterus
811 2527 1015 2561 inenarrabilis,

236 2575 314 2602 sinus
335 2574 633 2609 incomprehensibilis,
657 2574 741 2601 ubera
762 2578 856 2602 sancte
872 2573 994 2601 radicata
1007 2593 1015 2606 ,

273 2664 327 2699 (55)
344 2664 463 2692 Colbert.
485 2665 516 2695 I,
540 2664 589 2698 τῆς
615 2664 766 2699 ὑπεραγίας
791 2665 942 2699 γεννήσεως
967 2662 1014 2690 τοῦ

236 2699 338 2738 Κυρίου
357 2701 403 2726 καὶ
426 2699 492 2727 Θεοῦ
520 2700 567 2726 καὶ
587 2699 711 2734 Σωτῆρος
736 2699 814 2734 ἡμῶν
837 2699 925 2734 Ἰησοῦ
947 2699 1017 2734 Χρι-

237 2742 326 2805 ῗτῗὲθ)
340 2768 378 2796 Ex
393 2777 459 2797 mss.
475 2768 543 2804 Reg.
558 2768 646 2796 Oxon.
660 2768 694 2795 Β.
706 2768 737 2796 P.
751 2767 900 2800 Sirmondi,
914 2772 939 2796 et
953 2767 1015 2795 Col-

236 2802 325 2874 begi)
338 2838 415 2867 Colb.
429 2839 454 2873 I,
468 2843 533 2880 post
549 2839 660 2875 τρόπον,
683 2839 762 2866 habet
780 2839 823 2875 δή.
837 2838 938 2866 Ibidem
953 2837 1014 2873 qui-

1074 1710 1203 1745 τουμὲνου
1216 1709 1426 1744 προῦάλλουσαν,
1438 1709 1496 1735 ἐκεῖ
1509 1706 1691 1742 σχολάζουσιν,
1710 1708 1769 1734 ἐκεῖ
1789 1715 1859 1742 παρ-

1074 1755 1239 1792 ορύττουσιν,
1257 1754 1293 1786 ὡς
1317 1753 1405 1789 ὁδηγῷ
1420 1752 1466 1780 τοῦ
1480 1753 1589 1789 κέρδους
1599 1762 1606 1768 ·
1630 1753 1676 1780 καὶ
1690 1753 1719 1779 οὐ
1741 1752 1858 1780 κατόπιν

1073 1800 1202 1831 ὁδεύουσι,
1229 1799 1266 1834 μὴ
1291 1798 1421 1833 πρότερον
1441 1798 1486 1824 τὸν
1505 1798 1585 1824 τόπον
1607 1797 1775 1832 ἀμείϐοντες,
1805 1797 1858 1828 ἓως

1073 1843 1103 1874 οὗ
1118 1847 1163 1873 τὸν
1177 1845 1278 1880 φωλεὸν
1293 1844 1339 1871 τοῦ
1352 1844 1529 1880 προκειμένου
1543 1843 1714 1871 καταλάϐωσι
1724 1852 1730 1858 ·
1748 1844 1794 1870 τὸν
1809 1844 1859 1870 αὐ-

1072 1892 1118 1919 τὸν
1139 1891 1237 1927 τρόπον
1261 1889 1317 1924 (57)
1339 1890 1385 1916 καὶ
1407 1890 1485 1924 ἡμεῖς
1507 1889 1531 1915 οἱ
1555 1889 1604 1923 τῆς
1628 1888 1858 1922 ὲκκλησιαστικῆς

1073 1935 1202 1970 ἐργασίας
1217 1933 1366 1968 ὲργοδόται,
1383 1932 1429 1959 τὸν
1450 1930 1641 1966 εὑαγγελιστὴν
1656 1931 1762 1957 Λουκᾱν
1787 1930 1858 1964 μετὰ

1073 1982 1166 2016 χεῖρας
1186 1979 1301 2014 ἔχοντες,
1321 1979 1388 2014 πρὸς
1402 1977 1563 2012 κατανόησιν
1575 1976 1621 2002 τοῦ
1637 1974 1795 2002 δεσποτικοῦ
1808 1975 1858 2010 τῆς

1072 2027 1104 2052 ὲκ
1129 2025 1265 2061 Παρθένου
1288 2025 1466 2060 ἀποκυήσεως
1494 2022 1640 2058 θησαυροῦ,
1667 2022 1697 2048 οὺ
1725 2021 1858 2056 πρότερον

1072 2073 1121 2107 τῆς
1144 2071 1256 2107 ἐρεύνης
1278 2070 1454 2105 παυσώμεθα,
1479 2070 1532 2100 ἕως
1556 2066 1586 2095 οὗ
1612 2068 1658 2094 τὸν
1678 2067 1857 2103 προκείμενον

1073 2117 1185 2144 πλοῦτον
1201 2117 1319 2152 γνησίως
1334 2114 1536 2150 ἀναλεξώμεθα.
1552 2113 1602 2140 Διὰ
1617 2113 1695 2140 τοῦτο
1718 2113 1764 2139 καὶ
1786 2112 1858 2139 κατὰ

1072 2164 1146 2197 τάξιν
1160 2164 1204 2190 τὸν
1221 2161 1415 2197 εὐαγγελιστὴν
1431 2160 1624 2197 ὰνιχνεύσομεν
1639 2159 1705 2197 (58),
1716 2160 1759 2185 ἴνα
1773 2159 1858 2194 μηδὲν

1071 2210 1125 2236 τῶν
1140 2209 1289 2245 ὲπικερδῶν
1306 2208 1526 2242 καταλείπωμεν.
1544 2208 1576 2234 Εἰ
1590 2206 1644 2241 γὰρ
1660 2205 1708 2232 καὶ
1725 2206 1810 2241 μικρὰ
1828 2207 1858 2232 ὲν

1072 2257 1224 2291 προοιμίοις
1240 2255 1273 2281 τὰ
1290 2255 1409 2290 ῥήματα,
1424 2253 1480 2280 ἀλλ’
1499 2254 1572 2288 ὅμως
1586 2253 1691 2288 μεγάλα
1708 2251 1757 2286 τῆς
1768 2252 1858 2287 χαρᾶς

1036 2293 1057 2320 Β
1071 2301 1104 2327 τὰ
1117 2300 1370 2336 μυσταγωγὴματα.
1388 2300 1443 2326 Καὶ
1464 2299 1558 2334 μηδεὶς
1573 2298 1707 2333 ἁκηδιάσῃ
1720 2297 1759 2332 τῷ
1771 2296 1858 2332 λόγῳ,

1072 2347 1159 2381 μικρὰ
1176 2345 1210 2372 τὰ
1225 2344 1489 2381 παραναγνωσθέντα
1504 2345 1537 2379 τῇ
1550 2344 1616 2379 ἀκοῇ
1632 2344 1776 2379 δεξάμενος
1789 2342 1857 2377 (59).

1077 2392 1119 2424 Ὠς
1135 2392 1189 2427 γὰρ
1205 2392 1274 2427 πρὸς
1287 2391 1336 2426 τὴν
1349 2391 1462 2426 δύναμιν
1476 2390 1521 2416 τοῦ
1538 2389 1710 2425 γεννηθέντος
1721 2389 1859 2416 Δεσπότου

1072 2437 1157 2473 μικρὰ
1171 2438 1216 2463 καὶ
1227 2437 1330 2472 σφόδρα
1342 2437 1426 2472 μικρὰ
1438 2436 1472 2463 τὰ
1483 2435 1756 2472 παραναγνωσθέντα,
1769 2435 1861 2471 σπάρ-

1069 2492 1148 2518 γανα,
1161 2483 1207 2509 καὶ
1223 2483 1321 2517 φάτνη,
1335 2483 1382 2508 καὶ
1394 2482 1476 2514 τόπος
1490 2482 1683 2517 ἀνεπιτήδειος.
1699 2481 1754 2507 Καὶ
1768 2481 1859 2508 ταῦτα

1072 2527 1120 2562 μὲν
1135 2526 1229 2562 μικρὰ,
1245 2526 1279 2553 τὰ
1291 2527 1317 2552 δὲ
1332 2527 1499 2562 προκείμενα
1515 2527 1645 2561 μυστικά’
1659 2526 1764 2561 γαστὴρ
1777 2527 1861 2562 ἀνερ-

1072 2573 1214 2608 μήνευτος,
1238 2572 1338 2604 κόλπος
1352 2572 1542 2607 ἀκατάληπτος
1558 2572 1625 2607 (60),
1649 2570 1734 2608 pace;
1749 2571 1860 2608 ἁγιόρι-

1067 2663 1129 2690 dam
1146 2670 1212 2690 mss.
1227 2663 1264 2694 ὼς
1276 2663 1325 2697 τῆς
1338 2663 1398 2690 ὲκκ.

1103 2698 1158 2732 (58)
1174 2697 1252 2725 Colb.
1268 2698 1293 2729 I,
1307 2699 1335 2728 ‘2.
1348 2698 1558 2733 ἀνιχνεύο-αμεν,

1102 2732 1158 2769 (59)
1174 2733 1251 2769 Colb.
1264 2733 1290 2763 1,
1314 2733 1341 2769 2,
1363 2731 1588 2769 προσδεξάμενος.
1602 2731 1703 2769 Ibidem
1720 2732 1788 2761 edit.
1811 2733 1859 2765 Ὦς

1102 2738 1162 2793 (ea;
1174 2738 1251 2760 Lolb.
1264 2738 1290 2763 1,
1314 2738 1341 2764 2,
1363 2738 1588 2774 προσδεξαμενος.
1602 2738 1675 2760 Ibide

1066 2767 1120 2802 γὰρ
1133 2777 1147 2794 τ
1175 2767 1253 2803 πρός,
1275 2768 1321 2794 sed
1339 2768 1369 2794 τό
1385 2769 1460 2795 deest
1477 2776 1504 2795 ιη
1515 2768 1592 2795 Colb.
1608 2769 1633 2798 I,
1651 2767 1676 2794 2.

1102 2801 1369 2838 (60)ϐῥι[1,ῗτόκος
1386 2803 1467 2838 ᾁκατ.
1485 2803 1545 2831 Mox
1570 2803 1689 2831 Colbert.
1719 2802 1746 2835 Ι,
1767 2801 1860 2838 tum

1066 2837 1169 2873 ἄριξος.
1188 2837 1266 2866 Colb.
1281 2837 1308 2871 2,
1323 2836 1446 2875 ἄρριζος.
