1940 3067
88 165 143 194 945

603 163 721 192 SERMO
737 163 782 191 DE
799 159 1049 190 DESCRIPTIONE
1066 159 1237 188 DEIPABIE.

1647 163 1699 192 946

85 226 142 259 ξος,
155 224 227 260 γάλα
243 225 394 262 ξενορρυὲς.
411 225 479 262 θήλη
496 225 545 262 τῆς
561 227 677 262 φυσικῆς
691 227 776 262 νομῆς
794 226 869 253 ano.

921 223 962 250 lae
979 222 1089 250 insolito
1104 221 1191 249 ﬂuens
1210 221 1307 252 modo.
1330 221 1451 248 mamilla
1477 229 1493 249 a
1515 220 1630 248 naturali
1656 228 1701 248 or-

84 272 160 307 τρία,
177 272 193 307 ἡ
213 272 312 307 Μήτηρ
331 271 377 298 τοῦ
398 271 499 307 Κυρίου
516 272 703 307 ὲναπόγραφος
719 272 774 308 (61)
797 281 871 306 γενο-

86 316 163 352 μένη,
183 317 197 342 ὸ
219 316 341 352 μνηστὴρ
358 316 454 352 Ἰωσὴφ
468 317 607 352 ὀνόματος,
629 318 676 344 καὶ
695 317 726 344 οὺ
743 318 872 353 πράγμαο

83 371 129 395 τος
146 362 287 389 κοινωνίαν
304 361 500 397 ἀσπαζόμενος.

119 407 146 434 2.
152 408 266 438 Ἥκουες
276 407 376 442 ἀρτίως
382 407 428 433 τοῦ
436 408 626 443 εὐαγγελιστοῦ
636 408 725 435 Λουκᾶ
733 408 855 443 λέγοντος
862 417 868 424 ·

85 462 96 478 ι
123 453 168 479 Ἑν
189 453 247 484 ταῖς
278 452 395 488 ἡμέραις
418 453 535 485 ἐκείναις
561 453 654 489 ἐξῆλθε
681 454 769 489 δόγμα
796 454 872 490 παρὰ

84 498 223 534 Καίσαρος
239 497 406 532 Αὐγούστου,
424 499 629 535 ἀπογράφεσθαι
654 501 744 526 πᾶσαν
767 500 816 536 τὴν
832 501 871 527 οἰ-

83 544 230 580 κουμένην.
248 544 321 580 Αὕτη
338 546 354 580 ὴ
368 546 513 581 ἀπογραφὴ
531 545 624 582 πρώτη
642 545 759 580 ἐγένετο,
772 547 872 581 ἠγεμο-

83 590 207 622 νεύοντος
220 592 268 626 τῆς
282 591 380 626 Συρίας
396 586 543 627 Κυρηνίου.
558 592 613 619 Καὶ
627 592 786 628 ἐπορεύοντο
803 593 870 619 πάν-

82 643 130 666 τες
151 635 368 671 ἀπογράφεσθαι,
393 636 506 669 ἕκαστος
531 638 570 668 είς
596 637 644 672 τὴν
669 637 765 664 ἑαυτοῦ
785 638 870 664 πόλιν.

90 681 238 716 Ἐπορεύθη
262 681 290 707 δὲ
311 682 358 708 καὶ
379 682 478 717 Ἰωσὴφ
499 682 531 708 ἑκ
554 682 604 717 τῆς
621 682 763 715 Γαλιλαίας
778 684 809 709 ὲκ
825 683 873 709 πό-

83 725 153 761 λεως
173 725 315 762 Ναζαρὲθ,
342 727 382 758 είς
406 727 455 763 τὴν
478 727 605 755 Ἰουδαίαν
632 728 705 763 (62),
728 730 767 761 εἰς
795 729 874 757 πόλιν

83 772 177 803 Δαὸὶδ,
190 773 252 807 ἥτις
262 772 383 799 καλεῖται
404 773 538 809 Βηθλεὲμ,
554 773 598 800 διὰ
613 774 643 801 τὶ
657 772 726 801 εἶναι
742 775 822 801 αὐτὸν
842 774 872 807 ἐξ

83 817 158 844 οίκου
169 818 216 845 καὶ
232 820 346 854 πατριᾶς
361 818 452 850 Δαϐὶδ,
469 819 676 855 ἀπογράφεσθαι
693 820 741 847 σὺν
756 820 870 855 Μαριὰμ

82 863 117 897 τῇ
136 864 360 899 μεμνηπευμένῃ
380 863 453 899 αὐτῷ
465 865 584 897 γυναικὶ,
601 864 666 900 οὔσῃ
685 864 784 899 ὲγκύῳ.
802 875 811 890 ι
826 863 871 892 Εἴ-

83 906 128 939 δες
143 907 201 939 πῶς
216 908 301 943 μικρὰ
317 909 349 935 τὰ
367 910 485 944 ῥήματα.
503 910 549 936 καὶ
569 910 672 945 μεγάλα
685 911 718 937 τὰ
734 919 872 945 μυσταγω-

81 953 212 988 γήματα;
235 953 263 980 ’0
285 954 386 989 Κύριος
407 956 597 992 ὲκυοφορεῐτο,
624 957 670 983 καὶ
693 956 786 992 πρώτη
803 958 871 983 ἀπο-

83 998 176 1033 γραφὴ
189 998 372 1033 ἐνομοθετεῖτο
385 1000 399 1026 ὁ
413 1001 502 1027 πᾶσαν
516 1001 565 1036 τὴν
580 1001 666 1028 κτίσιν
684 1002 871 1037 ὲναπόγραφον

83 1043 165 1078 ἔχων,
179 1043 225 1070 καὶ
241 1044 309 1080 πρὸς
325 1045 388 1077 τοὺς
412 1047 508 1073 ἑαυτοῦ
522 1047 645 1083 μαθητὰς
661 1049 748 1084 φήσας
758 1058 764 1064 ·
780 1059 789 1074 ι
806 1050 872 1077 Χαί-

84 1097 145 1121 ρετε
160 1089 206 1115 καὶ
225 1089 400 1124 ἀγαλλιᾶσθε,
419 1091 458 1118 ὅτι
479 1092 512 1118 τὰ
532 1093 651 1128 ὀνόματα
670 1094 745 1129 ὑμῶν
765 1095 870 1130 ἐγράφη

83 1134 113 1161 ἑν
128 1135 184 1166 τοῖς
202 1135 323 1170 οὐρανοῖς
339 1136 403 1172 (65).
424 1146 433 1162 ι
456 1137 500 1164 Ἐν
516 1140 572 1170 τοῖς
588 1140 693 1175 μικροῖς
712 1139 871 1176 Ῥωμαϊκοῖς

83 1179 178 1213 κώδιξι
203 1180 252 1216 τὴν
276 1181 371 1208 ἑαυτοῦ
397 1182 502 1218 μητέρα
526 1184 716 1219 ἑναπόγραφον
746 1186 871 1220 γενέσθαι

83 1224 241 1261 συνεχώρει.
266 1227 313 1258 Τίς
339 1227 376 1263 μὴ
405 1227 526 1264 λαλήσῃ;
549 1229 596 1261 Τίς
623 1230 659 1266 μὴ
683 1230 808 1267 θαυμάσῃ
822 1232 871 1267 τὴν

82 1270 131 1298 τοῦ
148 1271 250 1307 Κυρίου
262 1273 480 1307 συγκατάῦασιν;
493 1275 566 1301 Ἀνω
577 1275 727 1312 ἐλεύθερος,
741 1277 788 1304 καὶ
798 1278 871 1304 κάτω

83 1317 272 1352 ὲναπόγραφος
281 1325 288 1333 ·
303 1318 358 1345 ἄνω
375 1319 447 1351 Υἱὸς,
462 1320 509 1347 καὶ
522 1321 595 1347 κάτω
607 1321 712 1353 δοῦλος·
726 1323 781 1349 ἄνω
794 1323 870 1358 βασι-

83 1361 156 1401 λεὺς,
169 1363 216 1390 καὶ
228 1365 302 1390 κάτω
314 1365 446 1400 μισθωτός
454 1374 460 1380 ·
473 1366 528 1393 ἄνω
541 1366 675 1399 πλούσιος,
688 1367 734 1394 καὶ
747 1368 820 1394 κάτω
832 1370 871 1395 ὲν-

82 1408 145 1443 δεής
153 1418 160 1424 -
171 1409 226 1436 ἅνω
239 1410 481 1446 προσκυνούμενος,
491 1412 538 1438 καὶ
548 1412 622 1439 κάτω
631 1413 868 1449 φορολογούμενος·

82 1455 138 1482 ἄνω
149 1455 237 1487 θεῖκὺς
248 1455 348 1491 θρόνος,
358 1457 404 1483 καὶ
416 1456 490 1483 κάτω
500 1457 656 1492 ἅγροικικὺν
666 1459 806 1493 σπήλαιον·
816 1459 871 1486 ἄνω

81 1501 96 1526 ὁ
107 1501 231 1536 πατρῷος
241 1502 287 1528 καὶ
303 1502 492 1537 ἀκατάληπτος
509 1503 618 1535 κόλπος,
630 1504 675 1530 καὶ
688 1503 762 1530 κάτω
775 1505 870 1539 ἁλογο-

82 1547 206 1581 τροφείον
218 1546 324 1582 μικρὸν,
333 1547 380 1573 καὶ
388 1547 496 1582 φάτνιον
508 1547 627 1582 (64).Τίς
640 1548 676 1583 μὴ
686 1548 810 1584 θαυμάσῃ
824 1558 871 1584 με-

81 1590 152 1623 γάλα
165 1591 220 1618 ἄνω
234 1591 391 1627 πράγματα,
413 1592 459 1618 καὶ
481 1593 566 1627 μικρὰ
581 1593 655 1619 κάτω
666 1593 825 1629 animum;
841 1594 870 1621 '0

82 1630 154 1663 λύων
162 1637 276 1663 ἐδέδετο·
288 1639 301 1664 ό
309 1637 415 1673 τρέφων
428 1638 556 1674 ἐτρέφετο
567 1647 573 1653 ·
586 1639 600 1665 ὁ
613 1639 801 1674 ἀκατάληπτος
812 1649 871 1666 παι-

81 1681 136 1708 δίον
145 1682 268 1717 ἐφαίνετο
275 1691 281 1697 ·
291 1683 305 1709 ὁ
315 1682 406 1718 πηγὰς
416 1683 540 1710 ἀπολύων
550 1683 604 1719 (65)
613 1684 695 1720 μαζὸν
706 1685 853 1716 ἐδανείζετο
861 1695 867 1701 -

81 1728 96 1754 ό
111 1727 200 1754 πάντα
216 1727 315 1763 φέρων,
330 1728 538 1764 ἀνερμηνεύτως
563 1729 675 1765 ἐφέρετο
686 1737 693 1745 ’
710 1730 724 1755 ὁ
745 1730 868 1765 μηδαμοῦ

81 1772 335 1808 ἀπολιμπανόμενος
347 1775 375 1800 ἐν
390 1774 467 1809 μέρει
481 1775 692 1810 ἀπεριγράπτως
704 1776 868 1812 περιγραφό-

84 1826 175 1853 μενος.
189 1819 220 1844 Ὢ
233 1818 286 1845 τῶν
303 1819 460 1854 παραδόξων
481 1820 665 1855 πραγμάτωνί
684 1821 715 1847 'H
730 1821 868 1848 Ἐλισάϐετ

82 1865 112 1890 ὲν
127 1864 240 1899 οἰκίσκῳ
257 1864 359 1901 φαιδρῷ
376 1866 526 1901 ἀπεκύησε,
541 1866 588 1893 καὶ⁴
604 1867 620 1901 ἡ
637 1866 773 1902 Παρθένος
789 1867 817 1893 ἐν
830 1867 869 1902 τῷ

84 1910 177 1946 μικρῷ
201 1911 323 1946 σπηλαίῳ
354 1912 515 1947 ἐγέννησεν·
545 1913 670 1948 Ἰωάννης
690 1913 735 1939 ἐπὶ
757 1912 867 1948 κλίνης,

83 1955 132 1982 καὶ
145 1957 159 1982 ὁ
176 1956 278 1992 Κύριος
290 1957 317 1983 ὲν
329 1957 426 1993 φάτνῃ.
444 1959 499 1993 Οὐχ
518 1958 610 1989 ἁπλῶς
624 1959 640 1993 ὴ
653 1957 700 1984 τοῦ
719 1958 822 1994 Κυρίου
837 1959 868 1986 ἐκ

82 2001 223 2036 Παρθένου
241 2002 380 2038 γέννησις·
401 2004 449 2038 οὺχ
470 2003 564 2035 ἁπλῶς
585 2004 614 2030 τὺ
631 2005 687 2035 τοῖς
701 1997 868 2039 σέαργάνοις

82 2047 165 2072 αὑτὸν
180 2047 386 2083 κατειληθῆναι·
405 2049 454 2084 οὐχ
471 2049 563 2080 ἁπλῶς
577 2049 606 2075 τὸ
633 2048 717 2084 μαζὸν
738 2048 865 2076 ἑλκῦσαι·

83 2091 134 2127 οὐχ
149 2091 242 2122 ἁπλῶς
255 2092 286 2119 τὸ
298 2094 327 2119 ὲν
340 2093 427 2130 φάτνῃ
443 2094 619 2129 ἀνακλιθῆναι
631 2094 686 2130 (66)
696 2103 702 2110 ·
714 2095 762 2130 οὐχ
774 2094 868 2126 ἁπλῶς

83 2138 113 2164 τὸ
122 2138 156 2172 τῇ
169 2137 215 2164 τοῦ
224 2138 376 2173 Αὐγούστου
389 2139 534 2175 ἀπογραφῇ
550 2139 751 2175 προηληθῆναι
760 2147 767 2154 ·
780 2140 868 2167 πάντα

83 2182 128 2209 διὰ
143 2182 180 2214 τὶ,
197 2175 327 2218 καὶ⁶πρὸς
343 2183 379 2215 τὶ,
393 2184 440 2210 καὶ
457 2183 651 2219 αἰνιγματώδη.
670 2184 716 2210 Ἐκ
729 2184 866 2220 Παρθένου

83 2228 216 2260 τίκτεται,
234 2229 277 2255 ίνα
299 2229 344 2256 τὸν
364 2230 396 2256 ὲκ
412 2229 549 2265 Παρθένου
568 2230 619 2265 γῆς
633 2229 866 2265 χοοπλαστηθέντα

83 2272 296 2308 πρωτόπλαστον
316 2273 400 2309 Ἀδὰμ.
416 2273 603 2309 διορθώσηται.
621 2275 789 2310 Σπαργάνοις
804 2284 868 2301 κατ-

83 2316 200 2351 είληται,
220 2316 263 2343 ἴνα
277 2316 325 2348 τὰς
336 2317 429 2356 σειρὰς
439 2317 492 2344 τῶν
511 2318 651 2353 ἁμαρτιῶν
664 2319 741 2354 ἡμῶν
755 2319 865 2356 ὲκλύσῃ,

83 2361 173 2396 δεσμὰ
186 2361 293 2397 δεσμοῖς
304 2362 384 2395 λύων,
393 2363 463 2390 κατὰ
475 2363 504 2389 τὸ
516 2364 619 2397 φάσκον
629 2364 709 2400 ῥητόν
719 2373 725 2379 ⁵
738 2374 748 2390 ι
761 2365 868 2400 Σειραῐς

83 2406 138 2440 γὰρ
157 2406 210 2432 τῶν
224 2407 319 2433 ἑαυτοῦ
336 2408 476 2443 ἁμαρτιῶν
490 2408 603 2440 ἕκαστος
615 2409 768 2444 σφίγγεται.
781 2419 790 2436 ι
806 2411 866 2437 Μα-

83 2450 130 2483 ζὸν
149 2451 287 2483 εἵλκυσεν,
304 2453 348 2479 ’ίνα
363 2453 393 2479 τὸ
414 2453 482 2488 γάλα
498 2455 547 2490 τῆς
561 2455 670 2490 χάριτος
684 2455 780 2491 βρὺσῃ,
800 2456 868 2491 ὅπερ

82 2498 116 2523 ἐκ
142 2497 191 2532 τῆς
216 2498 319 2530 οἰκείας
345 2498 464 2536 πλευρᾶς
482 2500 612 2528 ἀνέϐλυσε
634 2501 706 2537 (67)·
722 2501 792 2536 γάλα
813 2501 867 2538 γὰρ

120 2574 143 2589 ⁸⁸
163 2572 229 2601 Luc.
249 2582 282 2607 ιι,
299 2574 356 2603 1-5.
396 2576 418 2593 οι
434 2576 500 2605 Luc.
517 2585 552 2611 χ,
569 2577 613 2606 20.
653 2578 674 2594 ⁸¹
694 2577 774 2606 Prov.
792 2587 816 2609 ν,
833 2578 869 2605 22

196 2653 274 2691 ροιι).
291 2655 317 2691 'l,
331 2655 359 2681 ὲν
368 2655 553 2691 ᾁπογραφαῖςι

123 2687 180 2725 ((52)
197 2687 270 2725 Hinc,
288 2690 328 2725 εἰς
349 2687 549 2725 maestam.
572 2691 670 2718 desunt
683 2691 711 2718 in
734 2691 865 2719 Colberti-

85 2722 239 2761 ηοξ-σιμῇ.
254 2722 430 2761 lnfrajidem,
449 2726 669 2761 ἀπογράψασθαι.

122 2757 180 2800 (ῥό)
194 2757 239 2786 Sic
249 2767 317 2787 mss.
330 2759 402 2787 Editi
416 2768 489 2793 vero,
505 2757 533 2788 ἐν
551 2757 589 2796 τῷ
599 2760 716 2797 οὐρανῷ,
738 2762 794 2792 τοῖς
819 2770 869 2796 μα-

84 2799 179 2863 uagi.)
195 2827 272 2867 (ﬁgi).
286 2829 311 2862 l,
326 2828 356 2867 2,
366 2829 429 2867 Δτῶν
446 2829 578 2867 ᾀλόγωνὴ
599 2831 685 2867 φάτνη
705 2830 791 2867 τούτῳ
805 2830 869 2867 ἀνά-

87 2871 198 2896 ςαυσις.
225 2864 274 2898 Τίς
303 2864 340 2901 μὴ
363 2864 509 2902 θαυμάσει,
530 2864 578 2898 τίς
595 2864 632 2904 μὴ
653 2864 802 2902 ἐκπλαγείη
827 2866 868 2892 ὅτι

922 268 984 296 dine
998 268 1096 301 aliena.
1113 267 1198 295 Mater
1214 266 1326 294 Domini‘
1335 275 1419 295 censu
1436 266 1582 302 descripta,
1602 265 1701 301 Joseplt

922 321 1039 349 sponsus
1055 314 1174 346 nomine,
1190 321 1240 340 nec
1253 320 1282 340 re
1292 314 1429 341 consortio
1443 313 1551 340 fruitur.

959 418 985 442 ι.
1001 414 1107 441 Audisti
1119 414 1198 442 modo
1214 414 1315 442 Lucam
1330 415 1523 451 evangelistam
1543 416 1675 443 dicentem
1692 425 1698 442 :

923 469 935 486 ‹
964 459 994 488 ln
1006 461 1101 488 diebus
1113 461 1167 489 illis
1180 470 1186 487 :
1201 462 1266 489 exiit
1278 462 1397 490 edictum
1412 470 1428 489 a
1444 462 1550 496 carsare
1567 463 1699 497 Augusto,

921 509 951 532 ut
966 505 1166 534 describeretur
1193 505 1337 534 universus
1352 506 1436 534 orbis.
1462 505 1524 533 Haec
1552 506 1700 541 descriptio

921 549 1008 583 prima
1035 549 1105 576 facta
1131 552 1174 577 est
1199 550 1251 576 sub
1277 550 1393 584 praeside
1418 550 1502 586 Syria:
1517 549 1643 585 Cyrenio.
1668 550 1701 578 Et

921 594 997 621 ibant
1009 602 1105 621 omnes
1115 597 1145 621 ut
1156 593 1360 629 profiterentur,
1381 595 1480 630 singuli
1495 595 1522 622 in
1534 602 1610 622 suam
1633 595 1701 622 civi-

922 643 1016 668 tatem.
1031 639 1174 668 Profectus
1192 644 1235 668 est
1254 644 1345 668 autem
1365 644 1391 668 et
1405 640 1503 676 Joscph
1515 648 1530 668 a
1543 640 1650 668 Galilzea
1666 641 1701 668 de

921 686 1031 712 civitate
1040 685 1173 713 Nazareth
1185 686 1212 713 in
1219 685 1349 718 Iudaeam,
1362 685 1389 713 in
1401 685 1535 713 civitatem
1548 685 1630 712 David
1641 693 1701 720 quae

921 735 1034 758 vocatur
1056 731 1210 765 Bethleem,
1230 739 1263 759 eo
1274 732 1346 767 quod
1370 736 1443 760 esset
1469 732 1503 760 de
1524 732 1604 759 domo
1620 736 1647 760 et
1661 732 1701 759 fa-

922 776 995 803 nn'lia
1011 775 1106 808 David,
1120 779 1149 803 ut
1169 776 1346 810 profiteretur
1359 784 1420 804 cum
1443 775 1526 804 Maria
1538 777 1701 811 desponsata

921 821 973 848 sibi
990 828 1075 848 uxore
1101 824 1255 856 praegnante
1281 822 1314 848 σο.
1335 831 1345 847 ι
1368 821 1474 853 Viden',
1498 829 1579 857 quam
1605 821 1701 857 exigua

921 866 1014 898 verba,
1034 873 1114 901 quam
1143 873 1239 901 magna
1265 867 1410 901 mysteria?
1430 866 1561 895 Dominus
1583 867 1609 894 in
1624 870 1702 895 utero

922 915 1054 947 gestatur,
1071 915 1098 939 et
1113 912 1201 946 prima
1212 911 1360 947 descriptio
1374 912 1500 940 edicitur.
1520 912 1572 945 Qui
1593 913 1701 941 univer-

922 964 980 984 sam
993 962 1145 984 creaturam
1160 956 1324 992 descriptam
1339 957 1430 988 habet,
1446 957 1547 992 quique
1560 957 1701 992 discipulis

921 1002 989 1033 suis.
1003 1001 1041 1028 ait
1058 1010 1064 1028 :
1081 1010 1090 1027 ε
1109 1001 1229 1029 Gaudete
1237 1006 1263 1028 et
1279 1001 1424 1035 exsultate,
1444 1003 1508 1036 quia
1533 1002 1644 1030 nomina
1655 1010 1702 1029 ve-

921 1053 976 1074 stra
992 1047 1093 1082 scripta
1122 1050 1185 1074 sunt
1208 1047 1236 1073 in
1263 1047 1340 1074 ccelis
1355 1047 1388 1080 ⁶¹,
1408 1057 1417 1072 ι
1438 1047 1465 1073 in
1485 1048 1576 1082 parvis
1597 1046 1701 1075 Latinis

921 1091 1060 1119 codicibus
1077 1090 1188 1118 Matrem
1213 1099 1291 1119 suam
1318 1091 1436 1119 describi
1462 1091 1608 1119 concessit.
1634 1091 1701 1125 Quis

920 1144 974 1163 non
990 1135 1212 1171 loquatur?Quis
1221 1143 1277 1163 non
1298 1136 1412 1163 miretur
1440 1136 1568 1163 humilem
1593 1135 1702 1163 Domini

920 1182 1187 1218 attemperationem?
1215 1181 1333 1210 Sursum
1356 1182 1442 1215 liber,
1472 1182 1600 1210 deorsum
1617 1189 1702 1210 censu

920 1228 1075 1263 descriptus
1092 1236 1098 1254 :
1116 1236 1225 1256 sursum
1240 1227 1336 1260 Filius,
1352 1229 1478 1256 deorsum
1505 1236 1600 1256 servus
1615 1237 1622 1256 :
1638 1236 1701 1255 sur-

920 1282 981 1302 sum
1007 1281 1066 1306 rcx,
1094 1273 1222 1301 deorsum
1248 1274 1458 1301 mercenarius:
1479 1281 1587 1301 sursum
1615 1273 1701 1305 dives.

920 1320 1047 1348 deorsum
1062 1328 1164 1355 egenus
1180 1329 1187 1347 ε
1201 1327 1310 1347 sursum
1325 1319 1463 1353 adoratur,
1476 1319 1602 1348 deorsum
1613 1319 1702 1347 tribu-

921 1369 978 1392 tum
1006 1365 1088 1392 solvit
1110 1375 1117 1392 :
1137 1372 1247 1392 sursum
1274 1364 1384 1392 divinus
1410 1365 1538 1397 thronus,
1574 1364 1702 1393 deorsum

921 1411 1048 1445 spelunca
1072 1410 1175 1438 rustica
1194 1420 1201 1438 :
1218 1418 1327 1438 sursum
1355 1415 1485 1445 paternus
1508 1414 1535 1436 et
1551 1409 1702 1446 incompre-

920 1456 1061 1484 hensibilis
1078 1456 1166 1488 sinus,
1176 1456 1303 1484 deorsum
1315 1455 1451 1483 stabulum
1465 1462 1577 1490 parvum
1591 1459 1618 1482 et
1634 1463 1703 1490 pm-

921 1510 994 1535 sepc.
1008 1501 1075 1535 Quis
1085 1510 1139 1529 non
1148 1501 1291 1529 mirabitur
1304 1509 1415 1536 magnas
1432 1508 1540 1528 sursum
1550 1508 1605 1533 res,
1620 1504 1646 1528 et
1661 1501 1702 1527 vi-

923 1547 962 1574 les
977 1547 1104 1574 dcorsum
1115 1546 1238 1581 pannos?
1252 1545 1303 1578 Qui
1313 1546 1402 1578 solvit,
1417 1545 1515 1580 ligatur
1527 1545 1590 1579 :qui
1604 1545 1700 1575 nutrit,

920 1591 1056 1618 enutritur
1074 1600 1080 1617 :
1096 1590 1393 1625 incomprehensibilis,
1411 1596 1479 1624 puer
1501 1591 1612 1623 apparet
1632 1597 1638 1615 :
1654 1589 1701 1623 qui

920 1636 1007 1663 fontes
1023 1636 1157 1663 scaturire
1175 1636 1249 1668 facit,
1262 1636 1347 1662 ubera
1361 1638 1499 1661 mutuatur
1520 1641 1527 1661 :
1550 1634 1596 1668 qui
1609 1634 1701 1662 omnia

919 1686 1015 1717 gestat,
1033 1682 1215 1716 inexplicabili
1231 1681 1311 1709 modo
1333 1684 1454 1717 gestatur
1470 1690 1476 1708 :
1500 1681 1546 1715 qui
1565 1688 1699 1716 nusquam

918 1736 971 1755 non
985 1734 1037 1761 est,
1051 1728 1078 1755 in
1092 1732 1166 1756 certo
1178 1728 1238 1755 loco
1253 1727 1488 1763 incircumscripte
1495 1727 1699 1755 circumscribi-

919 1779 972 1802 tur.
987 1774 1063 1803 Ores
1080 1775 1244 1810 stupendas!
1265 1774 1382 1802 Elisabet
1398 1773 1425 1801 in
1443 1774 1576 1800 concinna
1587 1773 1700 1800 aedicula

919 1822 998 1856 parit,
1014 1826 1040 1849 et
1054 1821 1136 1856 Virgo
1150 1821 1178 1848 in
1203 1829 1284 1856 parva
1302 1820 1387 1856 gignit
1416 1820 1545 1855 spelunca
1562 1829 1568 1846 :
1583 1817 1701 1847 Joannes

919 1867 946 1894 in
961 1866 1040 1898 lecto,
1059 1866 1189 1894 Dominus
1204 1866 1231 1893 in
1247 1866 1389 1901 praesepio.
1407 1865 1466 1893 Non
1481 1865 1540 1893 sine
1554 1872 1637 1893 causa
1646 1864 1701 1891 Do-

918 1913 1009 1940 minus
1025 1920 1059 1940 ex
1069 1912 1180 1948 Virgine
1190 1915 1271 1940 natus
1285 1921 1292 1940 :
1305 1920 1359 1939 non
1376 1911 1435 1939 sine
1447 1918 1529 1938 causa
1553 1911 1701 1946 pannisin-

918 1958 1025 1986 volutus
1038 1962 1080 1986 est
1095 1968 1102 1985 :
1118 1966 1168 1986 nec
1184 1959 1243 1986 sine
1260 1965 1342 1985 causa
1361 1957 1508 1984 mamillam
1528 1957 1601 1985 surit
1622 1966 1629 1984 :
1646 1965 1700 1984 non

918 2004 977 2031 sine
1009 2011 1092 2031 causa
1121 2003 1148 2030 in
1175 2003 1307 2038 praesepio
1330 2002 1478 2030 reclinatus
1504 2005 1629 2030 estznec
1641 2002 1701 2029 sine

918 2057 1001 2077 causa
1019 2049 1134 2085 Augusti
1144 2049 1327 2084 descriptione
1347 2048 1450 2076 accitus
1473 2051 1532 2080 est;
1553 2048 1643 2074 omnia
1666 2055 1701 2075 ex

917 2097 992 2121 certa
1006 2100 1088 2121 causa
1102 2096 1129 2120 et
1139 2094 1254 2125 ratione,
1270 2093 1320 2120 etsi
1331 2092 1448 2123 occulta,
1459 2097 1566 2127 peracta
1579 2095 1651 2119 sunt.
1662 2091 1702 2120 Ex

918 2138 1030 2174 Virgine
1043 2139 1176 2170 nascitur,
1205 2142 1234 2166 ut
1250 2139 1367 2173 primum
1398 2138 1534 2165 hominem
1554 2137 1640 2164 Adam
1666 2145 1701 2164 ex

917 2184 982 2212 limo
997 2184 1111 2220 virginis
1130 2189 1208 2212 terra:
1225 2183 1369 2211 formatum
1381 2183 1519 2211 reformet.
1544 2182 1647 2210 Pannis
1659 2183 1713 2210 in-.

917 2231 1044 2264 volvitur,
1060 2234 1090 2258 ut
1115 2235 1288 2266 peccatorum
1315 2233 1471 2265 nostrorum
1495 2237 1581 2257 nexus
1601 2229 1698 2260 solvat,

918 2277 1026 2305 vincula
1054 2277 1171 2305 vinculis
1202 2277 1326 2308 solvens,
1357 2276 1435 2310 juxta
1466 2275 1569 2303 dictum
1601 2274 1699 2302 illud-:

922 2332 932 2349 ι
952 2322 1145 2358 Unusquisque
1175 2323 1248 2350 enim
1269 2322 1385 2350 vinculis
1398 2325 1568 2357 peccatorum
1587 2328 1699 2348 suorum
1715 2348 1718 2351 ,

919 2369 1115 2405 constringitur
1134 2370 1166 2396 ⁸³.
1185 2379 1194 2395 ι
1217 2368 1361 2396 Mamiliam
1386 2368 1475 2399 snxit,
1492 2371 1522 2395 ut
1536 2368 1629 2403 graliae
1647 2367 1698 2398 lac,

919 2413 992 2448 quod
1003 2421 1035 2441 ex
1046 2414 1129 2441 latere
1145 2413 1205 2448 ejus
1217 2413 1330 2444 ellluxit,
1355 2412 1499 2440 scaturiret
1515 2422 1521 2440 :
1538 2412 1606 2439 nihil
1626 2412 1699 2440 enim

920 2457 992 2485 aliud
1008 2458 1048 2485 lac
1063 2462 1115 2490 est,
1133 2458 1186 2485 nisi
1202 2459 1313 2493 sanguis
1331 2458 1492 2485 albescens:
1520 2457 1547 2484 in
1567 2457 1698 2493 przescpio

920 2503 1070 2531 reclinatus
1083 2507 1136 2536 est,
1153 2507 1182 2531 ut
1197 2504 1347 2535 humanum
1368 2511 1453 2541 genus
1467 2503 1608 2531 bruterum
1624 2510 1699 2530 more

918 2657 1011 2726 ἄνῖὲὅ)
1028 2691 1105 2719 Col‘b.
1136 2690 1162 2724 1:,
1188 2690 1215 2723 2,
1237 2690 1329 2726 πηγὰς
1345 2690 1444 2726 βρύων.
1473 2690 1548 2717 lnl'ra
1565 2690 1649 2720 Colb“
1669 2689 1699 2723 ‘2,

1137 2781 1144 2788 .
1157 2762 1185 2788 Ξ.
1201 2760 1313 2788 ἀνατεθί

954 2759 1012 2796 (tibi
1023 2759 1103 2789 Colb.
1118 2762 1144 2795 Ι,
1157 2762 1185 2794 2,
1201 2760 1371 2797 ἀνατεθῆναι.
1396 2760 1468 2788 Infra
1484 2760 1561 2787 Colb.
1584 2759 1610 2791 Ι,
1632 2760 1702 2791 alu-

918 2797 1077 2832 γματωδῶς-
1285 2831 1322 2832 ί.
1466 2830 1471 2832 .
1501 2828 1525 2832 _-

955 2813 1273 2867 manuscripti.
1285 2831 1356 2862 Editi
1369 2838 1443 2865 vero,
1460 2828 1622 2866 ἀνέϐρυσενι.
