1940 3067
233 142 284 171 951

797 141 826 168 s.
848 139 1078 168 ATllANASlUS.
1090 154 1124 159 —
1137 126 1258 166 DUBIA.‘

1802 134 1860 162 952

232 209 350 230 mmrore
364 201 480 229 affectus
493 204 535 229 est
551 221 558 232 .
585 204 703 228 attamen
732 201 851 229 mundus
873 201 1017 228 universus

1079 198 1120 235 ’ὰρ
1143 198 1190 225 καὶ
1215 199 1229 225 ὁ
1251 197 1373 233 μνηστὴρ
1394 196 1443 231 τῆς
1467 195 1615 230 Παρθένου,
1637 191 1727 224 καθὼς
1750 193 1861 228 ἀρτίως

232 247 430 282 ρηρςιίιηιίοι-ίε
454 246 559 274 ordinis
580 247 687 273 initium
705 246 820 280 aecepit.
850 245 921 278 Quid
951 245 1017 272 illud

233 298 286 325 est,
305 293 431 327 Sponsus
448 291 569 327 Virginis
584 299 701 318 muarore
719 291 832 319 aﬂ‘ectus
848 291 909 318 est?
923 291 1017 325 paucis

233 340 368 366 ausculta.
396 338 462 366 Cum
483 337 582 373 Ioseph
603 337 724 372 Virginis
738 345 855 372 sponsus
868 358 875 370 ,
892 341 922 363 ιιι
937 335 1018 363 modo

234 384 346 417 audisti,
359 389 469 420 propter
485 384 598 420 Augusti
616 391 728 411 censum
749 383 777 410 in
802 382 937 409 Bethleem
952 389 1018 408 con—

233 432 317 459 cessit
351 437 413 458 cum
441 430 525 457 Maria
553 429 717 464 desponsata
755 429 806 456 sibi
839 435 925 455 uxore
949 434 1018 462 pm-

237 479 356 511 gnante,
384 475 526 511 ignorabat
547 474 646 510 Ioseph
669 474 828 510 mysterium
854 474 882 500 in
910 472 1019 508 Virgine

236 522 374 554 abditum,
391 522 506 549 necdum
534 521 622 556 angeli
645 520 785 547 oraculum
808 524 969 554 acceperat:
992 523 1018 545 at

235 567 329 603 Virgo,
342 571 399 595 tum
413 575 446 595 ex
459 567 550 594 verbis
561 587 568 598 ,
591 570 648 593 tum
668 574 702 593 ex
717 565 785 592 uteri
799 570 904 592 tumore
914 586 922 598 ,
943 569 1018 592 certo

235 613 339 642 sciebat
358 613 424 649 quid
450 617 554 648 gestum
579 615 669 643 esset;
701 615 804 645 quanto
832 611 904 637 enim
933 610 1019 645 magis

236 664 332 688 uterus
345 659 554 689 intumescebat,
569 662 644 684 tanto
661 658 827 684 securiorem
839 656 922 691 Virgo
937 656 1018 683 vitam

236 706 362 742 degebat,
383 713 437 732 una
469 704 651 740 virginitatem
676 710 790 730 servans
815 702 1018 733 intemeratam,

237 750 376 786 fetumque
398 754 507 785 gestans
529 749 597 776 citra
617 748 660 776 vel
682 747 822 774 minimam
848 746 1018 778 molestiam;

237 804 287 824 nec
303 800 407 824 tantum
428 796 474 823 illo
488 799 599 831 gravata
610 816 616 828 ,
632 798 764 830 quantum
783 793 879 820 levata.

1068 245 1175 280 ἢκουες,
1191 244 1365 278 ὲστύγνασεν,
1382 242 1438 269 ἀλλ’
1456 243 1531 277 ὅμως
1541 243 1555 268 ὁ
1570 241 1678 276 σύμπας
1692 239 1794 274 κόσμος
1811 239 1863 273 ἀρ-

1068 291 1117 326 χὴν
1128 290 1252 323 εὐταξίας
1265 289 1382 322 ἐδέξατο.
1391 289 1424 315 Τί
1443 289 1526 319 ἔστιν,
1543 287 1573 313 Ὁ
1588 285 1709 321 μνηστὴρ
1721 286 1770 319 τῆς
1778 284 1862 318 Παρ-

1069 337 1144 363 θένου
1167 336 1340 370 ἐστὺγνασεν,
1358 334 1438 361 ἄκουε
1460 333 1503 360 διὰ
1526 331 1658 368 βραχέων.
1680 330 1775 357 Ἠνίκα
1797 329 1862 355 Ἰω-

1070 382 1123 417 σὴφ
1137 383 1151 408 ὁ
1169 380 1292 416 μνηστὴρ
1308 380 1355 415 τῆς
1371 378 1519 414 Παρθένου,
1532 376 1621 407 καθὼς
1634 375 1733 410 ἀρτίως
1745 375 1861 409 ἤκουες,

1068 427 1112 454 διὰ
1124 426 1172 462 τὴν
1186 425 1346 462 ἀπογραφὴν
1356 424 1402 450 τοῦ
1415 423 1566 458 Αὐγούστου
1580 422 1627 457 τὴν
1648 420 1770 455 Βηθλεὲμ
1791 426 1863 445 κατ-

1069 473 1204 508 ελάμϐανε
1220 472 1267 498 σὺν
1289 470 1403 507 Μαριὰμ
1417 471 1450 504 τῇ
1475 467 1699 504 μεμνηστευμένῃ
1715 464 1791 500 αὐτῷ
1809 473 1863 498 γυ-

1070 519 1156 548 ναικὶ.
1176 518 1244 553 οὔσῃ
1269 516 1370 551 ὲγκύῳ.
1387 516 1477 550 ἠγνόει
1495 516 1508 541 ὁ
1529 514 1626 548 Ἰωσὴφ
1643 513 1672 539 τὸ
1696 513 1724 538 ἐν
1746 512 1779 546 τῇ
1801 510 1862 545 (8‘2)

1071 563 1200 598 Παρθένῳ
1218 561 1492 598 μυσταγυ)γοὺμενον’
1506 560 1556 586 οὐκ
1567 557 1600 594 ἦν
1611 557 1716 584 οὐδέπω
1731 556 1862 592 χρησμὸν

1069 609 1185 644 ἀγγέλου
1215 608 1368 643 δεξάμενος.
1402 607 1433 633 Ἦ
1452 607 1480 632 δὲ
1508 604 1644 640 Παρθένος
1677 603 1707 629 τὸ
1735 601 1863 635 ἀσφαλὲς

1069 655 1211 689 ἐκέκτητο,
1221 653 1268 679 καὶ
1279 652 1318 687 τῷ
1328 652 1400 687 λόγῳ
1410 651 1456 678 καὶ
1467 651 1504 685 τῷ
1517 650 1591 685 ὄγκῳ
1601 658 1607 664 ·
1620 649 1681 675 ὅσον
1688 647 1741 683 γὰρ
1749 648 1801 682 τῆς
1809 655 1863 680 γα-

1072 698 1151 734 στρὸς
1166 700 1181 733 ἡ
1198 697 1311 732 αὔξησις
1331 697 1445 730 ἐγίνετο,
1460 695 1585 722 τοσοῦτον
1603 695 1620 729 ἡ
1634 692 1771 729 Ῑῐαρθένος
1790 692 1863 726 ἀμε-

1072 743 1228 781 ριμνότερον
1249 742 1304 777 βίον
1321 741 1468 777 διέτριϐεν·
1487 739 1554 775 ὁμοῦ
1575 739 1622 766 καὶ
1642 738 1690 773 τὴν
1708 737 1862 772 παρθενίαν

1071 790 1219 825 ὰμόλυντον
1248 787 1436 823 φυλάττουσα,
1465 786 1511 812 καὶ
1542 785 1588 811 τὸν
1614 784 1692 810 τόκον
1722 781 1862 809 ἄσκυλτον

1072 836 1185 870 ἄγουσα,
1205 834 1235 861 οὐ
1251 833 1375 859 τοσοῦτον
1396 830 1560 866 κοπουμένη,
1583 830 1644 856 ὅσον
1662 827 1862 862 κουφιζομένη.

272 886 299 914 6.
320 886 423 913 Horum
438 892 519 913 causa
535 884 635 911 anxius
649 883 760 918 Joseph,
774 890 835 910 cum
844 881 947 909 videret
962 889 1021 909 eam

1108 881 1134 908 6.
1150 879 1222 916 Πρὸς
1238 878 1342 909 τούτοις
1364 876 1486 911 ἀγωνιῶν
1503 875 1557 910 (83)
1576 875 1590 901 ὁ
1609 873 1717 909 Ἰωσὴφ,
1736 873 1774 904 ὡς
1791 871 1863 898 εἶδεν

237 936 345 960 uterum
369 935 495 967 gestare,
527 930 719 965 ignoraretque
747 929 822 956 intus
850 927 1021 955 reconditum

238 979 408 1009 thesaurum,
432 983 549 1004 mcerore
571 975 692 1006 allectus.
707 974 845 1014 Virginem
866 975 894 1000 in
909 973 952 1000 via
974 973 1024 1000 ob-

235 1021 356 1057 jurgavit
376 1021 451 1048 hisce
465 1020 573 1047 verbis:
591 1018 661 1052 Quid
677 1018 726 1045 tibi
746 1017 852 1044 videtur
863 1037 869 1049 ,
885 1025 901 1044 ο
920 1016 1024 1043 Maria?

239 1068 333 1094 Nonne
347 1072 376 1094 tu
394 1074 423 1094 es
435 1073 495 1102 quae
510 1070 539 1092 ut
553 1065 706 1093 verecunda
722 1063 806 1099 Virgo
830 1063 858 1090 in
873 1063 965 1097 templi
980 1069 1024 1090 se-

240 1118 286 1149 pto
301 1121 331 1141 es
355 1112 492 1140 educata?
512 1111 607 1139 Nonne
627 1115 656 1138 tu
671 1119 712 1143 es,
728 1118 745 1137 o
770 1110 870 1140 Maria,
900 1116 960 1144 quae
973 1109 1024 1135 viri

239 1164 381 1195 aspectum
399 1167 453 1186 non
473 1157 649 1186 sustinebas?
666 1157 761 1185 Nonne
784 1161 812 1183 tu
827 1164 867 1187 es,
881 1163 898 1182 ο
921 1154 1003 1181 Maria
1016 1175 1024 1187 ,

240 1212 301 1240 qua:
324 1208 419 1231 contra
435 1203 605 1239 propositum
620 1205 696 1229 tuum
713 1209 756 1228 me
778 1202 805 1228 in
828 1208 959 1236 sponsum
976 1200 1024 1226 ad-

241 1250 359 1278 misisti?
373 1248 468 1277 Nonne
480 1253 509 1276 tu
530 1257 571 1280 es,
585 1256 602 1276 ο
615 1247 710 1279 Maria,
726 1255 786 1282 quae
799 1246 964 1281 virginitatis
979 1253 1026 1273 ro-

241 1304 299 1323 sam
318 1295 571 1323 immarcessibilem
589 1301 699 1322 servare
725 1291 907 1328 peroptabas?
931 1291 1025 1318 Nonne

242 1348 271 1370 tu
292 1351 338 1376 es,
364 1350 381 1369 ο
400 1341 496 1372 Maria.
512 1348 572 1376 quae
592 1339 745 1367 Susannam
774 1338 920 1374 diligebas.
946 1336 1026 1372 Egy_

242 1390 326 1425 ptiam
340 1388 454 1417 oderas?
468 1387 563 1415 Nonne
581 1391 609 1414 tu
627 1394 668 1417 es,
691 1393 708 1413 ο
723 1384 807 1412 Maria
819 1405 826 1417 ,
842 1392 902 1419 qua:
916 1384 941 1411 vi
966 1387 1026 1410 stu—

241 1439 346 1471 pratam
363 1434 482 1461 Thamar
510 1440 581 1468 saepe
611 1431 719 1467 legebas
739 1431 761 1447 ⁸⁷
774 1451 782 1463 ,
815 1435 841 1458 et
861 1430 1026 1465 impudicum

242 1483 394 1508 Amnonem
407 1472 603 1508 exsecrabare?
617 1478 753 1512 Quorsum
781 1478 847 1505 abiit
871 1478 915 1505 ille
937 1477 1026 1504 conti—

1074 927 1157 963 αὑτὴν
1173 926 1242 953 κατὰ
1263 925 1379 961 γαστρὸς
1398 925 1522 959 ἔχουσαν,
1545 923 1589 949 τὸν
1605 921 1708 948 ἔνδοθεν
1723 919 1864 955 θησαυρὸν

1073 973 1187 1007 ἀγνοῶν,
1214 971 1374 1006 στυγνάσας,
1396 969 1466 997 κατὰ
1487 969 1536 1004 τὴν
1558 968 1616 994 ὁδὸν
1628 965 1770 993 ἀντέϐαλλε
1792 965 1864 999 πρὸς

1073 1020 1122 1056 τὴν
1144 1019 1290 1054 Παρθένον,
1307 1017 1393 1051 λέγων
1404 1024 1411 1031 ”
1431 1015 1463 1042 Τί
1487 1024 1528 1041 σοι
1544 1014 1574 1040 τὸ
1590 1014 1678 1045 δόξαν,
1697 1011 1809 1047 Μαρία;
1825 1011 1863 1037 Οὐ

1076 1067 1107 1092 σὺ
1122 1063 1146 1092 εἴ
1160 1066 1176 1100 ὴ
1193 1065 1230 1096 ὡς
1243 1063 1379 1098 αἰδέσιμος
1396 1061 1532 1097 Παρθένος
1545 1061 1574 1086 ἐν
1586 1061 1642 1090 τοῖς
1654 1060 1735 1094 ἱεροῖς
1752 1056 1866 1092 περιϐό-

1074 1111 1130 1142 λοις
1150 1111 1354 1146 ἀνατραῳεῖσίκ
1379 1108 1416 1135 Οὐ
1441 1108 1474 1134 σὺ
1490 1105 1516 1132 εἴ
1538 1104 1665 1140 Μαριὰμ,
1683 1104 1699 1138 ή
1719 1103 1866 1138 πρόσωπον

1075 1157 1170 1193 ἀνδρδς
1192 1156 1328 1191 θεωρῆσαι
1351 1154 1388 1190 μὴ
1411 1151 1630 1187 καταδεχομένης
1644 1151 1681 1176 Οὐ
1704 1149 1735 1175 σὺ
1753 1146 1778 1174 εἴ
1801 1148 1866 1174 Μα-

1076 1204 1154 1240 ριὰμ,
1179 1203 1196 1238 ἠ
1227 1202 1302 1238 παρὰ
1328 1200 1455 1235 πρόθεσιν
1486 1196 1703 1232 κατεγγυηθῆναί
1730 1204 1773 1230 μοι
1803 1202 1867 1220 πει-

1077 1250 1169 1276 σθεῖσα
1185 1248 1257 1284 ι84);
1277 1248 1315 1274 Οὐ
1331 1247 1362 1274 σὺ
1380 1244 1405 1273 εἴ
1419 1244 1544 1282 Μαριὰμ,
1561 1245 1577 1279 ἡ
1595 1243 1626 1269 τὸ
1645 1242 1694 1276 τῆς
1713 1240 1866 1284 παρθενίας

1077 1296 1152 1331 ῥόδον
1175 1282 1329 1330 ἀμάραντον
1354 1292 1468 1328 φυλάξαι
1485 1288 1704 1327 προσευξαμένης
1721 1286 1758 1312 Οὐ
1784 1286 1818 1311 σὺ
1842 1282 1869 1310 εἴ

1075 1341 1202 1378 Μαριὰμ,
1216 1342 1232 1376 ἡ
1247 1340 1295 1376 τὴν
1309 1339 1451 1366 Σωσάνναν
1466 1337 1639 1379 ἀγαπήσασα,
1658 1333 1704 1360 καὶ
1718 1332 1766 1367 τὴν
1783 1332 1868 1364 Δίγυ-

1077 1388 1157 1415 πτίαν
1173 1387 1329 1422 μισήσασα;
1351 1385 1387 1411 Οὐ
1413 1385 1444 1410 σὺ
1461 1381 1487 1409 εἴ
1504 1381 1630 1416 Μαριὰμ,
1649 1381 1665 1415 ὴ
1683 1379 1732 1414 τὴν
1747 1378 1869 1413 βιασθεῖ-

1078 1442 1127 1460 σαν
1145 1433 1242 1467 Θάμαρ
1265 1429 1460 1464 ἁναλεγομὲνη,
1485 1427 1532 1454 καὶ
1554 1426 1599 1452 τὸν
1626 1426 1743 1453 ἄτακτον
1767 1423 1868 1458 Ἀμνὸν

1079 1477 1290 1514 βδελυττομένη;
1308 1475 1362 1502 Ποῦ
1379 1483 1425 1501 σου
1445 1473 1494 1508 τῆς
1508 1471 1682 1508 σωφροσύνης
1695 1471 1710 1497 ὁ
1727 1469 1868 1504 Galatiae;

243 1526 343 1555 nentiaa
360 1530 412 1554 tua:
423 1525 579 1552 thalamus?
603 1524 738 1558 Quorsum
766 1524 811 1551 ille
825 1523 959 1551 castitatis
974 1523 1026 1549 im-

1079 1524 1134 1551 Ποῦ
1153 1532 1199 1550 σου
1216 1523 1265 1558 τῆς
1281 1521 1392 1556 ἁγνείας
1407 1521 1423 1556 ἡ
1438 1519 1549 1549 ἂσπιλος
1567 1518 1688 1550 παστάς;
1706 1516 1761 1543 Ποῦ
1776 1524 1824 1542 σου
1837 1514 1869 1541 τὸ

244 1573 396 1601 maculatus
412 1572 526 1600 thorus?
554 1571 690 1605 Quorsum
707 1570 876 1599 verecundus
900 1570 944 1597 ille
965 1569 1026 1596 vul-

245 1619 311 1647 tus?
329 1618 384 1654 Ego
399 1618 503 1653 pudore
516 1617 629 1649 allicior,
645 1621 674 1643 tu
689 1616 856 1644 conﬁdenter
869 1615 944 1650 agis?
959 1614 1028 1647 Quia

244 1669 386 1702 peccatum
397 1664 465 1692 sileo
475 1667 563 1697 tuum,
575 1667 603 1690 tu
624 1662 737 1698 propius
756 1662 885 1690 accedere
896 1660 1029 1688 festinas?

244 1711 304 1740 Non
314 1712 391 1739 vides
407 1711 458 1738 alvi
475 1714 528 1738 tua:
543 1709 699 1737 tumorem?
712 1707 787 1735 Intus
802 1706 892 1734 infans
905 1707 1027 1742 palpitat,

245 1763 272 1786 et
284 1764 311 1785 tu
327 1756 406 1793 quasi
428 1756 496 1784 nihil
518 1759 629 1790 experta
645 1755 741 1782 hilaris
756 1754 805 1781 es?
825 1753 875 1780 Abi
889 1773 896 1783 ,
924 1752 1009 1779 Maria
1020 1771 1028 1782 .

245 1804 362 1839 remigra
379 1803 405 1829 in
419 1802 529 1830 domum
550 1805 624 1828 tuam
643 1811 650 1828 :
669 1808 759 1836 qnmre
769 1799 905 1835 pudicitia:
920 1803 973 1825 tua:
989 1798 1030 1825 l'u-

245 1859 314 1883 rem.
331 1858 394 1878 cum
417 1849 464 1877 illo
486 1848 651 1876 deseribare.
668 1847 723 1882 Ego
743 1845 936 1874 contumeliam
957 1845 1029 1871 illam

246 1902 302 1922 non
317 1893 442 1925 admitto,
458 1893 561 1919 nullam
574 1892 607 1919 ad
620 1899 727 1926 pmnam
740 1889 939 1925 deprecandam
960 1890 1032 1916 inve—

247 1943 306 1970 nies
316 1941 531 1969 excusationem.
545 1939 615 1966 Tum
630 1939 712 1974 Virgo
730 1939 763 1966 ad
777 1937 941 1972 Josephum:
961 1936 1031 1969 Quid

247 1986 409 2022 indignaris,
419 1986 455 2012 mi
466 1985 584 2021 sponse?
599 1984 669 2019 Quid
693 1992 736 2012 me
759 1988 788 2010 ut
811 1983 973 2018 impudicam
984 1982 1032 2009 da-

247 2032 344 2062 mnas?
359 2031 429 2064 Quid
442 2030 648 2058 contumeliosis
659 2029 746 2057 oculis
754 2029 824 2056 uteri
834 2029 885 2056 mei
899 2033 1032 2056 tumorem

248 2077 404 2113 conspicis?
417 2076 487 2111 Quid
501 2084 543 2104 me
556 2076 589 2103 ad
604 2075 821 2103 erubescendum
835 2074 927 2110 cogis?
941 2073 1033 2101 Gloria

248 2132 309 2152 sum
325 2124 480 2155 mulierum,
493 2129 508 2149 a
533 2122 624 2157 priore
640 2121 700 2149 illas
713 2120 882 2156 turpitudine
897 2127 1034 2155 emergere

250 2170 301 2198 l'eci
315 2179 322 2196 :
339 2169 421 2196 Evam
433 2168 576 2195 revocavi:
596 2167 704 2202 igneum
721 2166 847 2193 transtuli
864 2165 993 2201 gladium,
1007 2167 1034 2190 et

249 2221 279 2242 tu
288 2214 417 2249 mejubes
427 2213 581 2240 occultari?
595 2211 681 2240 Nemo
694 2219 789 2247 pmnas
804 2219 818 2237 a
836 2219 878 2239 me
892 2218 1035 2245 reposcere
1049 2213 1072 2240 D

249 2262 359 2298 poterit,
377 2267 437 2295 quae
449 2266 621 2287 communem
637 2258 758 2285 omnium
776 2261 853 2294 gesto
878 2257 1032 2284 Dominum.

251 2306 278 2332 Si
292 2303 326 2331 de
341 2311 383 2331 me
403 2304 461 2338 ipsa
476 2303 661 2331 testimonium
690 2302 791 2334 l‘eram,
824 2302 913 2329 inanis
942 2301 1035 2337 gloriae

249 2350 348 2385 cupida
368 2349 571 2384 deprehendar.’
595 2348 738 2376 Paululum
764 2352 902 2384 exspecta,
919 2347 1034 2382 Joseph,

250 2397 354 2432 tibique
375 2401 498 2432 pastores
510 2403 574 2423 vera
593 2395 796 2431 persuadebunt
808 2415 815 2426 ,
843 2398 870 2422 te
887 2394 958 2430 magi
975 2402 1035 2422 cer-

250 2445 348 2472 tiorem
373 2443 493 2470 facient:
512 2443 590 2470 stella
618 2443 722 2478 pudore
737 2441 859 2468 adiciet:
888 2442 976 2477 angeli
1001 2441 1034 2468 ad

252 2489 493 2524 compunctionem
504 2489 672 2517 excitabunt.
684 2487 743 2515 Jarn
757 2488 877 2518 dubitas.
888 2488 968 2522 paulo
975 2488 1037 2521 post

251 2536 364 2571 gloriam
381 2535 469 2568 dabis,
483 2535 531 2562 ubi
546 2535 683 2563 caelestem
699 2534 849 2561 exercitum
865 2534 958 2560 audies
972 2540 1034 2559 cum

251 2587 385 2610 concentu
403 2582 566 2610 clamantem
583 2591 591 2610 :
612 2591 621 2607 ι
639 2581 731 2609 Gloria
748 2581 776 2608 in
792 2581 908 2608 excelsis
925 2580 990 2612 Deo,
1008 2583 1036 2606 et

288 2661 310 2678 "
329 2660 434 2691 Genes:
447 2669 561 2689 xxxvnl.

289 2738 344 2771 (82)
361 2738 439 2766 Colb.
458 2738 485 2771 Ι,
495 2737 632 2774 gemet
645 2738 660 2764 ὁ
670 2738 770 2773 Ἰωσὴφ
784 2737 818 2772 τῇ
835 2735 896 2774 ξένῃ
911 2743 1040 2774 ¹ξτραγμα-

255 2773 399 2812 τεεί-τὸμὲν
424 2770 481 2812 τεῇς
495 2770 571 2812 Infra;
591 2773 684 2812 iidem,
704 2770 896 2812 χρήματισμὸν
911 2770 1037 2804 ἀγγέλου.

291 2807 347 2839 (85)
361 2808 407 2835 Sic
422 2807 500 2836 con).
515 2809 540 2838 1,
556 2809 582 2836 2.
600 2807 670 2834 Editi
684 2815 759 2837 vero.
775 2807 891 2840 ἀγνοῶν.

291 2842 348 2877 (84)
360 2843 405 2870 Sic
420 2851 486 2870 mss.
504 2843 582 2871 Colb.
599 2842 669 2870 Editi
687 2849 760 2873 vero,
778 2843 794 2877 ὴ
820 2840 891 2868 κατὰ
911 2839 1038 2876 πρόθεσιν

1081 1570 1231 1598 αἱδεστικδν
1245 1569 1402 1604 πρόσωπον;
1426 1566 1495 1600 Ἐγὼ
1510 1564 1679 1600 αἰσχύνομαι,
1693 1563 1739 1589 καὶ
1756 1562 1788 1588 σὺ
1800 1563 1869 1598 παῤ-

1082 1615 1221 1652 ρησιάζεις
1233 1623 1240 1647 ;
1254 1615 1313 1640 ’Ὁτι
1326 1611 1419 1638 σιωπῶ
1432 1611 1480 1645 τὴν
1498 1609 1634 1644 ἁμαρτίαν
1646 1616 1702 1637 σου,
1716 1605 1787 1632 οὕτω
1799 1605 1869 1639 πλη-

1082 1651 1219 1696 σιέστερον
1232 1660 1328 1695 χωρεῖν
1341 1657 1480 1690 ὲπείγεσαι
1495 1654 1566 1690 (85);
1582 1654 1637 1688 Οὐχ
1649 1653 1714 1688 ὁρᾷς
1725 1652 1770 1677 τὸν
1785 1651 1868 1684 ὄγκον

1081 1708 1131 1743 τῆς
1147 1707 1250 1738 κοιλίας
1268 1713 1331 1737 σονς
1350 1704 1443 1730 Ἔνδον
1465 1702 1495 1728 τὸ
1511 1701 1607 1736 βρέῃος
1634 1698 1752 1734 σπαίρει,
1770 1697 1817 1724 καὶ
1835 1697 1867 1723 σὺ

1072 1750 1120 1786 ⁴ὡς
1145 1753 1309 1786 ἀπείραστος
1335 1747 1495 1784 πειρασμῶν
1517 1745 1664 1782 φαιδρύνῃ;
1693 1743 1868 1775 Ἀπιθι,Μα-

1084 1799 1166 1835 ριάμ·
1180 1796 1348 1832 ὑπὸστρεψεν
1361 1797 1400 1827 εἰς
1416 1795 1461 1820 τὸν
1475 1791 1548 1820 οἶκόν
1563 1800 1609 1818 σου
1619 1799 1625 1805 ·
1645 1789 1810 1824 ἐπιζήτησον
1823 1788 1868 1814 τὴν

1083 1834 1249 1880 κλεψίγαμον
1259 1853 1266 1858 ·
1280 1844 1376 1877 ἐκείνῳ
1391 1838 1605 1876 ὲναπογρὰερηθι.
1623 1835 1776 1871 Ἀλλοτρίαν
1790 1834 1869 1869 ῠὸριν

1083 1891 1114 1917 οὐ
1127 1879 1306 1924 καταδεχομαι
1319 1896 1326 1902 ·
1350 1888 1399 1922 οὐχ
1414 1886 1549 1921 εὑρίσκεις
1571 1882 1717 1916 ἀπολογίαν
1737 1879 1804 1915 πρὸς
1818 1880 1868 1914 τὴν

1083 1937 1227 1973 τιμωρίαν.
1241 1936 1271 1961 Ἡ
1284 1934 1312 1961 δὲ
1327 1933 1460 1969 Παρθένος
1475 1931 1542 1967 πρὸς
1559 1930 1606 1957 τὸν
1624 1929 1721 1964 Ἰωσήφ
1733 1936 1741 1944 ο
1755 1926 1792 1973 ¹’Τί
1807 1925 1870 1952 δυσ-

1085 1982 1229 2018 χεραίνεις.
1249 1980 1366 2016 μνῆστερ
1382 1977 1464 2013 ὲμοῦ;
1479 1977 1511 2002 Τί
1525 1976 1562 2007 ὼς
1586 1974 1703 2001 ἀτάκτου
1721 1980 1771 2007 μου
1785 1979 1870 1997 κατα-

1084 2015 1229 2062 ᾇῆφίζειῃ
1243 2026 1276 2051 Τί
1300 2023 1472 2059 ἐφυϐρίστως
1494 2019 1641 2055 ὀφθαλμοῖς
1657 2018 1702 2044 τὸν
1724 2017 1805 2050 ὄγκον
1819 2015 1869 2049 τῆς

1085 2073 1202 2108 γαστρός
1221 2080 1270 2107 μου
1288 2069 1476 2105 περιϐλέπεις
1495 2066 1528 2092 Τί
1544 2064 1671 2100 ὲρυθριᾷν
1686 2071 1719 2098 με
1734 2068 1869 2094 καταναγ-

1086 2120 1196 2151 κάζεις;
1221 2118 1288 2151 Δόξα
1304 2117 1357 2144 τῶν
1379 2114 1516 2150 γυναικῶν
1532 2113 1648 2147 γέγονα·
1671 2112 1719 2143 τῆς
1735 2108 1868 2145 προτέρας

1087 2165 1172 2196 αὑτὰς
1185 2163 1315 2198 αἰσχύνης
1330 2161 1467 2188 ἁπέδυσα¹
1487 2159 1536 2194 τὴν
1557 2158 1629 2184 Εὕαν
1646 2154 1867 2189 ἁνεκαλεσὰμηνθ

1086 2212 1134 2247 τὴν
1152 2209 1279 2246 φλογίνην
1295 2207 1429 2243 ῥομφαίαν
1446 2205 1613 2242 μετέστησα·
1628 2201 1719 2229 καὶσὺ
1738 2200 1869 2227 καλύπτε-

1088 2245 1149 2284 σόαί
1165 2264 1197 2291 με
1213 2252 1430 2289 παρασκευάζεις
1446 2251 1518 2286 (86);
1535 2249 1627 2280 Οὐδεὶς
1643 2248 1718 2278 δίκας
1732 2246 1779 2280 ἐμὲ
1793 2245 1869 2291 δυνή-

1089 2311 1163 2329 σεται
1179 2299 1374 2336 εἰσπράξασθαι
1388 2307 1394 2313 '
1413 2297 1499 2324 κοινὸν
1518 2296 1571 2331 γὰρ
1587 2293 1724 2328 Δεσπότην
1736 2290 1866 2326 βαστάζω.

1095 2347 1156 2374 Ἐὰν
1172 2345 1227 2380 ἐγὼ
1250 2345 1313 2380 περὶ
1335 2343 1453 2378 ἐμαυτῆς
1479 2342 1654 2377 μαρτυρήσω,
1677 2339 1714 2369 ὼς
1737 2335 1868 2368 κενόδυξός

1089 2401 1130 2424 τις
1142 2391 1336 2427 εὐρεϐἡσομαι.
1354 2389 1458 2424 Μικρὸν
1472 2388 1650 2423 καρτέρησον,
1665 2382 1688 2410 ὦ
1705 2384 1813 2418 Ἰωσὴφ,
1824 2383 1869 2409 καὶ

1089 2438 1216 2473 ποιμένες
1240 2445 1269 2463 σε
1285 2436 1421 2463 πείσουσιν
1432 2443 1438 2450 ·
1458 2434 1539 2470 μάγοι
1559 2441 1588 2459 σε
1605 2430 1868 2466 πληροφορήσουσιν·

1089 2485 1177 2520 ἀστήρ
1193 2493 1222 2510 σε
1238 2483 1408 2518 δυσωπήσειν
1426 2479 1535 2514 ἄγγελοί
1553 2487 1582 2505 σε
1605 2476 1792 2508 κατανύξουσι.
1815 2475 1871 2501 Νῦν

1089 2530 1277 2566 ἀμφιϐάλλεις,
1293 2528 1350 2564 μετ’
1365 2528 1395 2554 οὐ
1408 2527 1475 2553 πολὺ
1488 2526 1516 2552 δὲ
1529 2524 1659 2556 δοξάσεις,
1675 2523 1720 2550 ὅτε
1733 2522 1781 2557 τῆς
1794 2522 1872 2547 ἐπου-

1092 2577 1183 2613 ρανίου
1200 2577 1327 2611 στρατιᾶς
1338 2574 1462 2604 ἀκούσεις
1476 2571 1627 2607 συμφώνως
1641 2569 1744 2605 βοώσης
1754 2577 1760 2582 ·
1782 2577 1790 2592 ι
1807 2567 1872 2599 Δόξα

1093 2731 1312 2773 tumcuius}
1325 2729 1362 2773 μὴ
1378 2727 1529 2773 τὲεεὲεἱῖέ

1128 2756 1190 2802 (ἔὲϊ
1200 2756 1244 2794 ιιι
1251 2756 1331 2794 C611):
1334 2756 1457 2802 deum
1469 2768 1543 2802 vero.
1556 2760 1701 2802 ὲτξήγεσας.
1718 2756 1789 2784 Idem
1801 2760 1869 2784 mox.

1094 2796 1320 2843 βρέερρὲεπείρξιο
1331 2799 1417 2843 Edim
1433 2797 1512 2828 πη³¹επ
1531 2796 1647 2843 9333?:-

1129 2837 1184 2873 (86)
1198 2835 1276 2864 (Ζοιὺέ
1291 2836 1317 2869 1,
1331 2835 1357 2867 2,
1378 2842 1411 2870 με
1427 2835 1650 2865 καταναγκάζεις.
