1940 3067
95 145 150 174 953

589 141 706 169 SERMO
723 140 768 167 DE-
786 139 1036 168 DESCRIPTIONE
1055 138 1228 167 DEIPARE.

1661 136 1714 164 954

95 205 126 232 ὲν
144 203 265 237 ὑψίστοις
279 200 348 236 Θεῷ,
371 201 417 228 καὶ
431 201 477 227 ἐπὶ
493 200 542 235 γῆς
559 200 664 236 εἰρήνη.
680 200 709 226 ἐν
734 198 884 234 ἀνθρώποις

938 198 964 225 in
983 201 1056 226 terra
1071 206 1133 232 pax,
1149 198 1177 224 in
1194 196 1349 225 hominibus
1361 194 1600 230 beneplacitum°!.
1620 203 1629 220 ι
1643 194 1712 221 Τυιιι

94 249 215 276 εὐδοκία.
231 258 240 273 ι
258 248 323 273 Τότε
344 246 547 281 γονυπετήσεις,
563 245 610 272 καὶ
626 245 655 271 οὐ
676 244 882 279 καταςητὴσεις.

95 294 152 329 Οὐχ
166 293 231 328 ὁρᾷς
245 292 295 327 τῆς
307 291 366 318 ὁδοῦ
378 291 427 326 τὴν
444 290 577 321 διάϐασιν,
596 289 704 324 Ἰωσὴφ,
717 288 762 315 καὶ
774 289 814 314 ὅτι
825 287 884 314 οὑδ-

96 341 137 372 ε¹ις
152 339 256 376 ἀνδρῶν
278 337 459 372 συνοδοιπορεῖ
476 338 562 371 ἡμῖν,
582 335 637 370 Οὐχ
651 334 718 370 ὁρᾷς
745 334 790 360 τὸν
811 329 884 368 ἣλιον

96 385 290 420 λαμπροτέραν
310 382 406 418 στολὴν
420 381 634 417 ἀναϐαλλόμενον
651 380 723 414 (87);
741 380 796 414 Οὐχ
818 379 885 414 ὁρᾷς

98 432 189 458 πᾶσαν
204 431 254 465 τὴν
273 430 361 456 κτίσιν
379 428 532 463 σκιρτῶσαν
546 435 553 459 ;
569 427 624 461 Ούχ
637 426 702 461 ὁρᾷς
723 425 755 451 τὰ
770 425 819 460 ὅρη
833 432 885 459 πη-

98 477 204 508 δῶντα;
231 477 287 510 Οὐχ
313 476 378 510 ὁρᾷς
412 474 474 504 τοὺς
505 472 614 507 βουνοὺς
641 471 883 505 εὑφραινομένουςς

98 523 155 558 οὐχ
177 523 243 558 ὁρᾷς
256 521 305 552 τὰς
321 520 432 555 ἀφέσεις
451 519 504 545 τῶν
521 518 624 544 ὑδάτων
647 515 883 552 ὑπερϐλυζούσας;

97 571 155 604 Οὺχ
178 569 244 604 ὁρᾷς
268 568 312 594 τὸν
337 566 473 602 Ἰορδάνην
500 564 551 596 ἔξω
579 562 791 598 περιτρέχοντα;
820 561 884 586 Ἀπὸ

97 614 152 641 τῶν
177 613 298 648 σημείων
321 611 450 646 στόχασαι
474 610 504 636 τὸ
527 609 685 643 τεκμήριον,
703 607 750 633 καὶ
775 605 822 641 μὴ,
844 605 884 630 ὅτι

97 660 197 694 ἕγκυός
212 661 280 694 εἰμι,
297 658 416 689 δίσταζε,
434 657 543 691 Ἰωσήφ.
563 648 744 688 Ἐδανέίσθην,
758 653 806 678 οὐκ
823 652 885 686 ἐμο-

97 706 212 740 λύνθην·
229 705 333 741 ἔχρησα
349 704 398 739 τὴν
417 702 531 734 κοιλίαν,
551 703 601 729 οὐκ
617 700 734 735 ἐμόλυνα
753 698 802 732 τὴν
816 705 885 732 παρ-

98 753 200 780 θενίαν.
216 753 262 788 Μὴ
279 751 432 786 ἀπιστήσῃς
450 751 505 779 τοῖς
521 747 719 784 προκειμένοις,
735 742 756 771 ὧ
776 744 882 778 Ἰωσήφ.

99 800 164 825 Ὅτε
183 797 371 834 μαιωθήσομαι
394 795 460 830 (88),
484 794 543 820 τότε
566 793 608 824 τίς
630 793 686 827 ειμι
704 788 886 826 γνωρισθήσο-

99 855 149 882 μαι
162 854 168 860 ·
187 845 234 872 νῦν
248 843 419 877 ὁνειόίζομαι,
436 841 496 867 τότε
512 838 749 876 μακαρισθήσομαι
762 846 769 852 ·
788 835 835 862 νῦν
848 834 885 865 ὡς

97 875 184 917 αἴτιον
203 888 373 918 ἀπελαύνεις,
390 886 450 913 τότε
462 885 499 916 ὡς
519 885 598 918 ἁγίαν
614 884 696 917 ἐγγὺς
709 880 777 908 εἶναι
794 889 883 916 παρα·
898 875 919 902 Β

97 936 234 967 καλέσεις.
249 933 306 969 Μὴ,
319 933 360 959 ὅτι
376 932 462 963 δοκεῖς
478 930 619 965 φυλάττειν
635 928 700 963 (89),
716 926 881 962 μεγαλύνου-

98 982 153 1016 ὲγὼ
168 981 222 1016 γάρ
237 988 266 1006 σε
281 979 419 1013 φυλάττω·
436 979 450 1003 ὁ
463 976 516 1012 γὰρ
528 976 576 1011 τὴν
588 974 656 1010 ἐμὴν
669 973 770 999 κοιλίαν
783 973 883 1008 σκηνὴν

97 1029 210 1064 ποιῆσαι
237 1025 464 1060 καταδεξάμενος,
489 1020 565 1054 οὗτος
592 1021 682 1056 πάσης
704 1021 753 1055 τῆς
777 1019 883 1053 φύσεως

98 1074 195 1110 φύλαξ.
215 1071 393 1109 Πορευθῶμεν
413 1071 511 1102 τοίνυν,
529 1068 576 1095 καὶ
595 1066 778 1101 ὲναπόγραφοι
801 1064 884 1098 γενώ-

98 1119 180 1155 μεθα,
195 1119 268 1150 ὅπως
286 1117 416 1153 πληρωθῇ
431 1115 478 1142 καὶ
498 1116 514 1149 ὴ
530 1112 710 1148 στρατιωτικὴ
729 1110 881 1146 νομοθεσία,

96 1166 146 1192 καὶ
159 1166 175 1200 ἡ
189 1163 313 1199 βασιλικὴ
326 1160 532 1197 δογματοθεσία.

134 1211 158 1237 7.
181 1210 225 1236 Ἐν
239 1209 343 1240 τούτοις
358 1209 372 1234 6
391 1206 489 1241 Ἰωσὴφ
506 1203 673 1239 εὐλαϐηθεὶς.
690 1201 779 1237 διττὴν
793 1201 883 1228 λοιπὸν

96 1257 155 1284 ὸδδν
169 1255 273 1288 ἐϐάδιζε
285 1263 292 1270 δ
311 1255 367 1285 τοῖς
383 1254 431 1289 μὲν
448 1251 510 1278 ποσὶ
524 1251 573 1286 τὴν
590 1250 640 1284 γῆν
665 1247 804 1284 ίχνοποιῶν
816 1246 882 1282 (90),

98 1303 155 1334 τοῖς
169 1301 197 1328 δὲ
212 1301 349 1334 λογισμοῖς
373 1298 422 1330 τὰς
443 1295 556 1331 νεξὲλας
579 1294 752 1329 ύπερπηδών.
777 1292 808 1318 Τί
830 1291 883 1327 γὰρ

96 1349 190 1383 ἕτερον
201 1346 271 1382 εἶχεν
285 1347 298 1372 ὁ
319 1345 415 1380 Ἰωσὴφ
431 1340 651 1378 διαπράττεσθαι,
666 1340 681 1375 ἢ
698 1340 753 1366 ἄνω
768 1339 812 1365 τὸν
824 1337 884 1364 νοῦν

99 1394 258 1429 σχολάζειν,
289 1391 384 1425 ἐπειδὴ
403 1390 476 1415 πᾶσα
502 1388 573 1418 δόσις
599 1385 687 1420 ἀγαθὴ
710 1384 810 1410 ἄνωθέν
827 1384 884 1409 ἐστι

96 1441 235 1476 δεδομένη.
252 1439 301 1466 Διὰ
316 1439 393 1465 τοῦτο
407 1436 498 1463 λοιπὸν
509 1437 523 1462 6
541 1435 640 1469 Ἰωσὴφ
653 1432 885 1468 συμπεριεφέρετο

97 1490 130 1524 τῇ
152 1487 292 1523 Παρθένῳ,
309 1485 376 1521 ὁμοῦ
391 1486 438 1511 καὶ
455 1483 549 1519 βοηθὸς
564 1482 611 1508 καὶ
633 1482 732 1513 σκότιος
747 1481 801 1507 τῶν
822 1480 885 1515 μελ-

97 1535 198 1561 λόντων
213 1533 356 1567 γενόμενος
369 1538 375 1545 ·
392 1531 441 1565 οὐχ
455 1531 495 1556 ὅτι
510 1529 624 1564 ἔχρῃζεν
641 1527 738 1562 βοηθοῦ
752 1528 768 1562 ἡ
782 1525 885 1572 Παρθεο
899 1544 919 1572 C

98 1589 154 1612 νος,
170 1579 270 1614 μᾶλλον
286 1577 315 1603 δὲ
333 1578 347 1603 6
363 1577 392 1601 ἐν
412 1574 541 1610 Παρθένῳ
557 1573 788 1608 κυοφορούμενος·
805 1571 885 1602 αὐτὸς

101 1625 157 1660 γὰρ
169 1624 182 1650 6
200 1623 306 1650 πάντων
317 1620 410 1655 βοηθὸς
418 1618 451 1655 ἦν
466 1619 512 1645 καὶ
523 1617 580 1643 ἐστι
595 1617 663 1652 (91),
674 1616 795 1651 καὶπρὸς
806 1615 885 1642 αὑτὸν

103 1670 254 1705 ὲκέκραγεν
265 1669 279 1694 6
294 1666 401 1702 κράζων
411 1674 417 1681 ”
435 1675 443 1690 ι
459 1665 491 1690 'H
510 1662 620 1698 βοήθειά
634 1671 683 1698 μου
697 1662 770 1697 παρὰ
784 1661 886 1696 Κυρίου

100 1717 148 1743 τοῦ
165 1716 324 1750 ποιήσαντος
338 1713 383 1739 τὸν
398 1711 511 1746 οὐρανὸν
524 1709 570 1736 καὶ
583 1709 632 1744 τὴν
652 1709 713 1742 γῆν.
735 1717 744 1732 ι
763 1707 830 1733 Ἀλλ’
846 1707 886 1732 ὅτι

100 1763 248 1796 ἀναγκαῖον
261 1758 295 1795 ἦν
317 1759 355 1790 ὡς
377 1756 568 1793 πραγματείαν
584 1756 633 1790 τῆς
654 1753 819 1788 οἰκονομίας,
839 1752 886 1778 τοῦ

99 1806 169 1835 εἶναι
185 1807 230 1833 τὸν
244 1805 342 1840 Ἰωσὴφ
365 1803 471 1838 βοηθὸν,
493 1801 560 1837 πρὸς
577 1801 608 1826 τὸ
630 1800 679 1834 τὴν
693 1798 828 1833 Παρθένον
850 1797 886 1829 ὡς

100 1854 235 1889 ὖπανδρον
244 1850 418 1887 φημίζεσθαι,
430 1849 497 1884 πρὸς
510 1848 540 1873 τὸ
556 1845 647 1872 λαθεῖν
660 1846 704 1871 τὸν
718 1843 839 1871 διάϐολον
857 1843 888 1869 τδ

100 1897 380 1932 κατασκευαζόμενον,
400 1895 473 1925 ὅπως
484 1893 520 1928 μὴ
531 1892 603 1928 μάθῃ
617 1891 647 1918 τὸ
660 1891 802 1925 γενόμενον
812 1889 866 1925 (92)
879 1897 885 1904 ·

101 1946 160 1976 πῶς
187 1945 201 1971 ὁ
224 1943 289 1974 Θεὸς
313 1942 382 1977 μετὰ
405 1940 458 1966 τῶν
481 1938 631 1974 ἀνθρώπων
665 1936 888 1971 συναναστραφῆ-

100 2000 146 2018 ναι
169 1988 337 2021 κατεδέξατο.
356 1986 388 2013 Τί
409 1983 455 2012 οὖν
474 1986 488 2010 6
502 1983 695 2018 εὐαγγελιστὴς
703 1982 888 2013 ΛουκᾶςςΚα-

100 2038 147 2064 λδν
159 2037 213 2071 γὰρ
227 2034 318 2061 λοιπὸν
336 2033 449 2059 συνιδεῖν
465 2032 512 2058 καὶ
529 2031 572 2057 τὸν
589 2029 687 2064 Ἰωσὴφ
703 2028 888 2064 πληροφορού-

103 2089 183 2119 μενον
197 2081 263 2116 (95),
284 2079 330 2106 ml.
347 2078 391 2104 τὸν
407 2077 537 2108 οἰκίσκον,
561 2075 624 2101 ἔνθα
647 2076 663 2108 ἡ
686 2073 821 2109 Παρθένος
841 2073 889 2099 ἀπ-

102 2128 203 2163 εκύησε
213 2146 220 2158 ,
234 2126 283 2162 τῆς
299 2123 461 2158 Ἐκκλησίας
480 2122 525 2149 τὸν
542 2121 627 2148 τύπον
642 2120 798 2154 δεχόμενον·
821 2119 887 2144 ὅπου

102 2173 294 2208 θυσιαστήριον
310 2170 358 2206 μὲν
380 2170 397 2204 ἡ
421 2169 519 2203 φάτνη,
540 2166 727 2203 ὲφημερευτὴς
747 2165 775 2191 δὲ
796 2165 810 2191 6
831 2164 887 2190 ἰω-

935 250 1021 278 genua
1042 242 1147 274 ﬂectes,
1169 249 1218 269 nec
1237 241 1388 276 perquirl-s.
1416 242 1459 266 Au
1488 247 1541 266 non
1567 239 1712 265 transilqu

934 291 1056 315 nostrum
1067 287 1234 317 consideras,
1244 295 1260 314 ο
1269 286 1378 321 Joseph.
1389 285 1460 320 quod
1475 285 1578 312 scilicet
1586 283 1666 320 348
1674 283 1716 310 vir

933 334 1026 360 nullus
1041 333 1119 360 nobis
1136 334 1170 360 sit
1187 341 1278 361 comes
1301 333 1424 360 itineris?
1444 331 1503 358 Non
1529 331 1605 358 vides
1630 330 1714 358 solem

934 379 1117 414 splendidiore
1133 379 1262 406 amictum
1283 379 1371 406 veste?
1393 378 1452 405 Non
1469 378 1544 405 vides
1560 378 1714 404 universam

934 429 1085 452 creaturam
1098 425 1295 452 exsultantem?
1312 424 1372 451 Non
1388 423 1464 451 vides
1481 429 1585 450 montes
1596 423 1716 450 saltare?

933 469 992 498 Non
1009 471 1085 498 vides
1097 472 1180 498 colles
1195 471 1295 498 laetari?
1310 469 1368 497 Non
1387 470 1462 497 vides
1476 477 1609 504 aquarum
1624 469 1715 495 alveos

933 517 1088 544 exundare?
1114 516 1174 543 Non
1194 517 1269 543 vides
1287 515 1431 543 Iordanem
1455 519 1530 542 extra
1558 515 1644 549 ripam
1675 513 1716 541 ef-

934 561 1079 589 ﬂuentem?
1098 561 1136 588 Ex
1151 562 1236 596 signis
1252 569 1307 588 rem
1327 561 1431 595 conjice
1449 561 1644 595 signiﬁcatam,
1665 566 1716 586 nec

934 607 1066 642 ambigas,
1085 615 1101 634 ο
1117 606 1227 641 Ioseph,
1244 607 1315 641 quod
1337 614 1379 633 me
1407 610 1588 640 praegnantem
1608 613 1714 632 cernas.

935 652 975 678 Me
994 652 1080 686 ipsam
1097 656 1191 678 mutuo
1206 651 1279 682 dcdi,
1303 659 1353 678 nec
1369 651 1470 685 polluta
1491 659 1551 678 sum
1575 661 1582 678 ι
1608 655 1714 677 uterum

934 697 1114 729 commodavi,
1135 705 1185 723 nec
1200 696 1381 730 virginitatem
1398 697 1536 723 temeravi.
1561 695 1599 723 Ne
1616 703 1715 730 propo-

934 743 994 770 sitis
1009 743 1090 770 rebus
1101 743 1181 770 lidem
1193 743 1320 777 abneges,
1333 750 1350 769 ο
1359 742 1460 777 Joscph
1474 752 1480 769 :
1496 750 1557 769 cum
1570 742 1716 769 obstetriee

934 798 983 817 usa
999 789 1086 821 fuero,
1100 795 1155 816 tttm
1169 796 1230 824 quae
1244 789 1294 815 sim
1311 788 1482 823 exploratum
1496 787 1548 815 erit
1560 796 1567 820 ;
1579 788 1635 822 jam
1655 796 1718 819 pro-

934 836 991 862 bris
1007 834 1117 868 alliciar,
1134 839 1189 861 tum
1211 835 1288 861 beata
1309 834 1495 868 praedicahor;
1509 842 1580 861 nunc
1593 839 1622 861 ut
1644 842 1716 861 ream

933 882 1028 916 abigis,
1045 886 1109 908 tunc
1124 885 1152 907 ut
1168 884 1288 907 sanctam
1308 887 1391 914 prope
1418 879 1514 907 adesse
1540 880 1658 915 rogabis.
1677 879 1716 906 Ne

932 928 1056 963 glorieris
1083 926 1156 962 quod
1183 934 1226 954 me
1243 927 1382 954 custodire
1405 926 1547 954 videaris:
1567 934 1618 960 ego
1640 934 1716 957 nam-

932 981 984 1008 que
995 977 1021 1000 te
1039 973 1173 1000 custodio.
1191 972 1258 999 Nam
1282 972 1327 1007 qui
1344 977 1448 999 uterum
1467 979 1556 999 meum
1573 971 1600 998 in
1623 971 1716 998 Iaber-

933 1019 1058 1046 naculum
1080 1020 1132 1047 sibi
1151 1027 1282 1054 apparare
1302 1019 1427 1054 dignatus
1444 1023 1486 1045 est
1499 1038 1506 1049 ,
1529 1018 1551 1045 is
1576 1023 1616 1045 est
1634 1017 1716 1044 totius

932 1069 1035 1093 naturae
1048 1070 1151 1093 custos.
1170 1065 1316 1100 Pergamus
1331 1073 1396 1100 ergo
1418 1068 1445 1092 ct
1467 1065 1670 1095 describamur,
1687 1069 1716 1090 ut

932 1115 959 1138 et
970 1111 1096 1138 militaris
1111 1111 1163 1143 lex,
1175 1115 1200 1138 et
1216 1111 1420 1146 imperatorium
1432 1111 1548 1138 edictum
1563 1110 1714 1144 impleatur.

970 1199 994 1226 7.
1017 1199 1065 1227 llis
1080 1199 1240 1235 pudefactus
1259 1199 1374 1235 Joseph,
1397 1201 1498 1235 duplici
1526 1200 1654 1235 deinceps
1673 1202 1716 1227 via
1747 1212 1752 1219 ι

933 1245 1084 1277 incedebat,
1102 1246 1215 1280 pedibus
1231 1246 1340 1281 quidem
1355 1250 1455 1273 terram
1473 1246 1584 1281 vestigio
1595 1247 1715 1278 calcans,

933 1291 1143 1326 cogitationibus
1153 1296 1242 1318 autem
1254 1293 1339 1319 nubes
1352 1300 1555 1327 supergressus.
1567 1292 1636 1324 Quid
1643 1293 1715 1319 enim

934 1336 1005 1362 aliud
1022 1336 1154 1371 agendum
1168 1336 1285 1372 Josepho
1307 1339 1426 1364 restabat
1440 1358 1447 1369 ,
1469 1345 1549 1373 quam
1565 1343 1594 1364 ut
1607 1345 1717 1365 sursum

935 1385 1023 1408 mente
1038 1382 1156 1417 degeret.
1177 1383 1401 1418 Quandoquidem
1428 1392 1508 1410 omne
1531 1384 1632 1410 donum
1657 1391 1719 1418 per-

935 1427 1034 1454 lectum
1057 1428 1174 1462 desuper
1189 1428 1283 1454 datum
1304 1433 1355 1455 est.
1381 1428 1561 1461 Quamobrem
1590 1429 1718 1462 deinceps

934 1477 1034 1513 Josepli
1049 1484 1102 1503 una
1114 1475 1217 1509 Virgini
1233 1482 1325 1502 comes
1338 1495 1344 1507 ,
1370 1480 1396 1502 et
1419 1475 1526 1509 adjutor
1544 1479 1602 1501 erat
1613 1494 1619 1505 ,
1637 1478 1718 1509 atque

936 1524 1088 1551 futurarum
1103 1524 1242 1556 spectator
1262 1528 1364 1548 rerum.
1389 1520 1448 1546 Non
1461 1520 1534 1554 quod
1551 1519 1654 1554 Virgilii
1669 1520 1718 1546 ad-

934 1570 1025 1604 jutore
1039 1572 1112 1596 esset
1125 1575 1203 1602 opus,
1220 1566 1319 1593 nedum
1335 1566 1359 1593 ei
1382 1566 1428 1600 qui
1458 1566 1484 1592 in
1503 1565 1611 1600 Virgine
1628 1556 1718 1600 gesta-

936 1616 1026 1645 batur.
1044 1614 1145 1648 quique
1157 1611 1277 1639 onmium
1294 1611 1438 1638 auxiliator
1457 1616 1515 1638 erat
1532 1616 1558 1638 et
1573 1615 1626 1641 est,
1643 1614 1669 1638 et
1684 1610 1718 1636 ad

936 1668 1016 1696 quem
1033 1660 1166 1687 exclamat
1180 1657 1225 1684 ille
1241 1657 1286 1691 qui
1301 1657 1336 1683 ita
1352 1657 1537 1684 vociferatur:
1555 1665 1564 1681 ι
1581 1656 1718 1682 Auxilium

937 1713 1025 1733 meum
1043 1713 1057 1731 a
1074 1697 1187 1732 Domino
1201 1704 1249 1739 qui
1269 1703 1333 1730 fecit
1357 1702 1457 1729 cadum
1481 1706 1508 1729 et
1525 1707 1625 1728 terrain
1640 1703 1682 1735 6°;
1707 1711 1716 1726 ι

937 1752 983 1778 sed
997 1751 1068 1786 quod
1085 1758 1195 1777 necesse
1209 1753 1292 1780 esset,
1308 1748 1341 1775 ad
1364 1748 1524 1776 meonomire
1539 1748 1612 1775 illius
1634 1755 1718 1782 nego-

937 1798 1013 1830 tium,
1031 1797 1182 1831 adjutoreni
1200 1795 1299 1829 Joseph
1315 1802 1391 1827 esse,
1413 1798 1441 1821 ut
1458 1793 1540 1829 Virgo
1559 1793 1660 1828 conjux
1675 1802 1719 1821 re-

938 1849 1086 1879 putaretur,
1099 1847 1128 1869 ut
1142 1842 1250 1869 diabolo
1268 1842 1364 1869 lateret
1380 1840 1452 1875 quod
1477 1841 1615 1875 agebatur,
1633 1847 1720 1874 neque

937 1898 993 1917 rem
1007 1893 1110 1925 gestam
1125 1889 1170 1916 ille
1181 1889 1315 1916 edisceret
1327 1898 1332 1914 :
1346 1894 1400 1922 qua
1413 1887 1518 1913 ratione
1530 1886 1634 1913 scilicet
1650 1885 1720 1912 Deus

938 1944 999 1963 cum
1011 1935 1164 1962 hominibus
1177 1933 1335 1963 conversari
1350 1933 1479 1968 dignatus
1494 1933 1539 1960 sit.
1555 1931 1624 1965 Quid
1638 1931 1721 1966 igitur

938 1981 1025 2009 Lucas
1045 1981 1228 2016 evangelista?
1244 1988 1307 2007 nam
1335 1987 1424 2014 operte
1441 1979 1556 2013 pretium
1573 1982 1615 2005 est
1629 1978 1721 2005 videre

938 2033 965 2056 et
979 2027 1078 2062 Ioseph
1094 2027 1237 2055 certiorem
1253 2026 1365 2057 factum,
1379 2029 1406 2052 et
1422 2024 1589 2051 domicilimn
1618 2024 1644 2050 in
1668 2031 1720 2053 quo

938 2074 1041 2109 peperit
1054 2073 1144 2109 Virgo,
1164 2073 1236 2108 quod
1262 2072 1389 2100 Ecclesia:
1400 2075 1492 2106 typum
1511 2070 1601 2104 gerit:
1624 2069 1668 2096 ubi
1685 2069 1721 2094 al-

939 2124 998 2147 tare
1023 2124 1066 2151 est
1082 2127 1202 2154 praesepe
1214 2127 1222 2152 ;
1235 2119 1282 2153 qui
1297 2118 1357 2144 vice
1372 2125 1420 2144 sua
1441 2117 1589 2147 ministrat,
1604 2114 1719 2148 Joseph;

938 2166 1063 2196 diaconi,
1087 2170 1226 2200 pastores;
1259 2163 1438 2195 sacerdotes,
1463 2162 1570 2197 angeli;
1598 2167 1721 2187 summus

102 2220 169 2256 σὴφ,
184 2218 301 2245 διάκονοι
320 2216 349 2242 δὲ
370 2215 394 2241 οἱ
408 2213 546 2249 ποιμένες,
563 2213 645 2248 ἱερεῖς
663 2212 687 2237 οἱ
708 2209 826 2244 ἄγγελοι,
841 2209 886 2244 ἀρ-

942 2212 1084 2242 sacerdos,
1118 2211 1265 2243 Dominus;
1291 2210 1423 2241 thronus,
1457 2208 1555 2243 Virgo;
1584 2210 1721 2237 crateres,

102 2266 212 2304 χιερεὺς
233 2265 247 2291 6
269 2263 380 2298 Κύριος,
398 2260 492 2296 θρόνος
510 2261 526 2294 ἡ
549 2258 695 2294 Παρθὲνος,
716 2255 852 2292 κρατῆρες
865 2256 889 2304 ot

105 2300 196 2348 μαζοὶ,
217 2309 376 2337 ἁναῦόλαιον
393 2307 410 2342 ή
436 2304 650 2340 ὲνανθρώπησις,
676 2303 833 2338 ριπιστῆρες
857 2300 891 2327 τὰ

103 2357 244 2395 χερουῦὶμ,
267 2355 356 2386 δίσκος
370 2354 400 2380 τὸ
422 2353 497 2387 ἅγιον
520 2350 641 2384 Πνεῦμα,
658 2350 672 2375 6
695 2348 789 2383 Πατὴρ
805 2347 892 2374 δισκο-

103 2393 234 2438 κάλυμμα
249 2401 313 2437 (94).
325 2400 386 2426 ’Ὁτι
406 2398 434 2425 δὲ
449 2397 499 2432 τῆς
527 2395 688 2430 Ἐκκλησίας
708 2393 792 2420 τύπον
811 2401 893 2428 προσ-

140 2482 162 2498 ⁸⁸
179 2480 244 2508 Luc.
263 2487 300 2512 ιι,
318 2478 362 2505 14.
402 2477 423 2492 ⁶⁹
438 2475 511 2503 Psal.
528 2482 598 2507 cxx,
617 2472 634 2499 2

142 2558 198 2591 (87)
215 2557 292 2583 Colb.
306 2556 332 2586 1,
350 2555 378 2591 2,
394 2551 635 2591 περιϐεϐλημένον.

143 2588 198 2626 (88)
213 2592 291 2618 Colb.
308 2591 333 2621 1,
394 2589 485 2626 μυίαις
502 2588 664 2626 ὀφθήσομαι.

144 2617 295 2671 (ἐθίζοιί).
314 2617 340 2671 1;,
353 2625 383 2667 fl,
394 2617 555 2666 lqu7:d%75t:\J',
566 2617 770 2671 ’Ὶιξέρῂιρλ
783 2617 891 2671 ·

106 2653 167 2698 tydi—
177 2653 231 2698 ’y'ap
244 2670 276 2698 gs
292 2653 427 2698 φυλάττώ,
445 2659 525 2698 ὀιῖὴν
542 2659 587 2698 ἐμ.
610 2653 694 2698 E’aulo
709 2657 779 2698 post,
800 2653 891 2698 iidem,

291 2687 426 2732 ξκτίσεως
440 2687 526 2728 φύλαξ
555 2687 591 2723 ὧς
610 2688 782 2725 δημιουργός.
811 2687 891 2719 Editi,

108 2730 311 2770 ἀμπέλοὶύλᾳξ-

146 2768 203 2801 (90)
219 2761 300 2793 Colb.
315 2766 340 2796 Ι,
357 2763 386 2801 2,
406 2761 588 2801 ἱζνοᾷατῶνέω

147 2768 192 2801 (91)
219 2768 297 2793 Colb.
315 2768 340 2796 Ι,
357 2768 386 2795 2,
407 2768 561 2798 ἰχνοοατων.

147 2768 203 2837 (91)
215 2801 265 2837 δὶα
280 2800 357 2827 Colb.
375 2799 401 2829 1,
419 2799 448 2837 ,2.
473 2797 509 2837 lnr
526 2795 700 2837 editi§__vero,
718 2792 751 2828 ἦν
763 2793 814 2837 καὶ

112 2828 200 2865 ιιοῖθειί
213 2836 272 2863 Mox
289 2843 354 2862 mss.
374 2837 402 2859 ut
419 2833 445 2859 in
458 2836 543 2859 textu.
561 2830 631 2857 Editi
644 2837 719 2861 vero,
730 2828 776 2854 τοῦ
792 2828 894 2862 Κυρίου

113 2872 160 2900 τοῦ
182 2869 307 2904 Ὑψίστου
327 2868 396 2897 Ἀλλ’
409 2869 459 2894 ὅτι.
475 2866 633 2897 Moxiidem,
659 2865 804 2898 ἀναγκαῖον
825 2870 886 2899 πραι

943 2265 1082 2288 mammae;
1097 2257 1181 2284 vestis
1200 2256 1379 2284 sacerdotalis
1391 2276 1397 2287 ,
1416 2254 1584 2286 incarnatio;
1600 2252 1721 2283 llalvella.

943 2304 1100 2337 cherubim;
1122 2303 1215 2330 discus
1227 2323 1234 2335 ,
1258 2301 1376 2337 Spiritus
1392 2305 1517 2333 sanctus;
1534 2299 1614 2326 Pater
1634 2302 1722 2325 autem

945 2347 1011 2374 disci
1024 2347 1190 2381 operculum.
1206 2346 1282 2379 Quod
1298 2351 1387 2374 autem
1400 2346 1527 2373 ECclcsiae
1548 2349 1639 2380 typum
1660 2351 1724 2378 pra-

947 2392 1079 2428 ﬁguraret
1100 2393 1177 2419 locus
1200 2393 1227 2419 in
1243 2399 1296 2427 quo
1317 2391 1459 2420 Dominum
1485 2392 1602 2426 peperit,
1624 2390 1723 2417 audisti

943 2545 1075 2580 γματεὶαν
1099 2545 1148 2579 τῆς
1171 2543 1340 2578 οἰκονομίας,
1366 2542 1539 2577 πιστευθῆναι
1561 2541 1606 2568 τὸν
1629 2540 1726 2576 Ἰωσὴφ

942 2579 1020 2616 δῆλον
1034 2580 1156 2616 ἐντεῦθεν
1173 2580 1225 2616 ἔδει
1238 2579 1286 2614 τὴν
1301 2587 1326 2605 κ.

979 2616 1033 2650 (92)
1052 2616 1128 2643 Colb.
1148 2615 1172 2645 1,
1189 2615 1216 2646 2,
1236 2610 1483 2650 κάτασκιαζνόμενον
1508 2611 1628 2650 ρροςρμὴ
1654 2610 1727 2646 μάοῃ

942 2647 1315 2703 ἔξραννος
1333 2647 1468 2682 Colb.1,)
1487 2647 1545 2696 πεῦς
1567 2647 1633 2678 Θεὸς
1659 2654 1728 2680 μετα

943 2686 1002 2712 ἀνθ.
1019 2686 1233 2721 ἀναστραφῆναι.
1506 2686 1520 2696 ⁷

979 2721 1035 2756 (95)
1050 2721 1125 2747 Colb.
1142 2722 1167 2752 1,
1188 2721 1214 2751 2,
1239 2720 1301 2746 ἰδεῖν
1322 2719 1367 2745 τὸν
1386 2719 1483 2753 Ἰωσὴφ
1500 2717 1587 2753 χαρᾶς
1607 2715 1726 2752 πληρού-

1057 2790 1133 2817 Colb.
1149 2790 1174 2821 Ι,
1187 2790 1214 2820 2,
1229 2789 1437 2823 δισκοκάλυμμα
1451 2786 1660 2824 ἐπισκιάζων-τῇ
1673 2786 1726 2824 ίδίᾳ

946 2821 1068 2861 δυνάμει.
1092 2825 1185 2856 Iidem,
1197 2821 1389 2861 προεχάραξεν.
1400 2821 1496 2861 :Editi,
1511 2821 1724 2861 προσεχᾴραξεν.

948 2858 1058 2894 Ibidem,
1074 2863 1087 2888 6
1098 2861 1178 2893 τόπος
1193 2858 1286 2889 deerat
1301 2861 1328 2887 in
1341 2859 1432 2894 editis,
1450 2859 1496 2886 sed
1513 2862 1601 2886 exstat
1612 2858 1640 2884 in
1658 2864 1725 2890 mss,
