1940 3067
242 120 297 148 955

241 179 564 216 {aii-jamevangelistam
590 178 690 206 Lucam
709 179 862 206 dicentem:
883 189 892 204 ε
915 178 1024 206 Factum
1041 182 1062 209 Α

243 229 284 251 est
297 229 385 251 autem
401 233 462 251 cum
476 231 567 252 essent
585 225 632 256 ibi,
656 225 757 260 itnpleli
773 229 837 252 sunt
861 225 919 253 dies
935 229 963 252 ut
981 234 1028 260 pa-

243 275 314 297 reret
333 271 417 297 tilium
447 278 525 297 suum
543 271 770 305 primogenitum,
795 275 822 298 et
847 272 944 306 pannis
963 279 1026 298 eum

243 317 374 348 involvit,
391 323 417 344 et
443 317 584 344 reclinavit
599 325 660 344 eum
681 318 706 344 in
735 318 876 353 prmsepio,
894 317 958 353 quia
972 325 1025 344 non

238 363 352 395 εισι-εἰς
373 363 449 391 locus
466 364 492 390 in
510 364 664 391 diversorio
681 365 714 391 ⁷⁸.
737 374 746 389 ο

840 120 868 147 S.
890 120 1121 149 ATHANASIUS.
1138 134 1171 140 -—
1191 119 1312 147 ΒΗΜΛ.-

1813 121 1874 149 956

1077 178 1208 214 εχάραξεν
1221 179 1236 205 ὁ
1251 178 1342 210 τόπος,
1370 177 1432 204 ἔνθα
1453 177 1470 212 ή
1496 176 1632 212 Παρθένος
1663 177 1803 212 ἀπεκύησε
1822 178 1876 204 τὸν

1080 223 1191 258 Κύριον,
1209 223 1306 258 ἤκουες
1323 221 1422 257 ἀρτίως
1440 221 1487 248 τοῦ
1505 221 1695 255 εὐαγγελιστοῦ
1713 223 1806 248 Λουκᾶ
1823 222 1874 248 λέ-

1080 275 1188 302 γοντος⁶
1207 277 1215 293 ι
1232 268 1286 294 Καὶ
1296 267 1403 301 ἐγένετο
1412 267 1441 293 ἐν
1456 266 1494 301 τῷ
1508 264 1574 292 εἶναι
1587 267 1684 298 αὐτοὺς
1699 268 1764 299 ἐκεῖ,
1783 267 1877 302 ἐπλή-

1081 315 1184 349 σθησαν
1205 315 1232 340 αἰ
1253 314 1354 348 ἡμέραι
1375 313 1421 340 τοῦ
1439 314 1527 339 τεκεῖν
1542 313 1626 348 αὐτὴν
1641 314 1686 340 τὸν
1701 313 1757 340 υἱὸν
1779 315 1877 348 αὐτῆς

1082 360 1125 386 τὸν
1143 360 1198 394 (95)
1222 359 1408 395 πρωτότοκον·
1426 360 1471 386 καί
1485 359 1696 395 ἐσπαργάνωσεν
1710 360 1803 392 αὑτὸν,
1822 361 1875 386 καὶ

243 407 382 434 ἀνέκλινεν
399 409 477 435 αὑτὸν
494 410 522 435 ἐν
537 411 569 445 τῇ
590 410 686 445 φάτνῃ,
702 410 743 435 ὅτι
756 409 805 436 οὐκ
824 407 858 444 ἦν
878 409 967 440 αὐτοῖς
988 408 1068 446 τόπος
1085 407 1114 432 ὲν
1130 406 1169 440 τῷ
1183 405 1361 440 καταλύματι.
1384 414 1392 430 ι

279 454 305 480 8.
319 453 341 481 0
356 462 399 481 res
414 455 605 483 admirabiles!
625 463 711 490 pnpze,
725 463 806 490 quam
823 456 920 493 exigua
935 455 1028 485 verba,

243 507 324 533 quam
340 508 436 535 magna
458 501 601 536 mysteria!
620 512 629 527 ι
648 501 759 528 Factum
777 506 920 536 estrscum
937 505 1030 535 essent

244 545 292 577 ibi,
310 546 411 580 impleti
428 552 490 573 sunt
505 547 564 575 dies
581 551 610 574 ut.
633 551 749 582 pareret.
776 557 785 573 ι
803 547 825 574 0
846 555 901 575 rem
917 552 1028 582 stupen-

243 591 316 622 dum,
331 592 462 619 Conditor
475 598 625 628 temporqu
645 594 786 620 deﬁnitum
811 599 916 628 tempus
930 601 1026 628 exspe-

243 638 314 663 ctat!
336 637 386 670 Qui
410 638 555 665 terminum
576 639 690 673 tempori
718 639 869 670 constituit,
893 643 1024 665 statutum

244 681 378 707 mensium
403 683 519 716 spatium
544 683 727 718 exspectavit;
753 687 783 710 ut
811 690 890 710 nctno
915 683 1028 718 phanta-

245 725 313 752 siam
338 730 383 752 aut
407 727 523 761 speciem
540 731 644 754 tantum
675 728 741 755 illud
765 736 826 756 esse
847 729 1024 756 existimaret.

246 780 255 796 ε
276 770 385 798 Factum
400 777 451 803 est,
468 781 530 799 cum
543 779 635 801 essent
647 774 696 804 ibi.
715 774 818 809 impleti
835 778 898 802 sunt
913 775 982 806 dies,
997 778 1026 801 ut

245 821 354 852 pareret
377 818 460 844 lilium
488 827 567 846 suum
603 820 840 855 primogenitum:
873 825 900 848 et
930 821 1026 856 pannis
1044 819 1064 846 B

244 871 306 890 eum
328 864 440 891 involvit
455 871 480 892 et
496 866 639 892 reclinavit
657 874 719 893 eum
737 867 763 893 in
779 867 919 902 praesepio.
941 877 951 892 ι
965 865 1028 893 Per-

244 909 332 944 pende
349 910 493 944 mysticum
514 909 632 946 Virginis
652 915 759 946 partum
777 921 783 938 :
814 912 871 946 ipsa
901 911 1024 946 peperit,

243 954 302 989 ipsa
320 957 416 990 pannis
433 957 554 984 involvit.
581 957 654 984 Inter
671 957 786 985 feminas
813 958 894 992 hujus
916 958 1026 989 sazculi.

243 1001 296 1027 alia
309 1002 390 1036 parit,
402 1003 452 1029 alia
471 1003 567 1037 pannis
584 1003 697 1030 involvit
711 1013 717 1030 :
737 1003 808 1038 apud
822 1003 957 1038 Virginem
972 1011 1027 1030 non

243 1047 323 1080 item;
342 1048 398 1082 ipsa
416 1049 527 1083 peperit,
542 1049 600 1083 ipsa
616 1050 715 1084 pannis
733 1049 862 1076 involvit:
881 1050 939 1084 ipsa
957 1049 1029 1076 infa-

243 1093 363 1127 tigabilis
378 1098 464 1121 mater
475 1114 482 1126 ,
505 1094 564 1128 ipsa
587 1095 716 1122 obstetrix
732 1095 791 1122 sine
816 1096 956 1129 magistra,
972 1103 1027 1122 non

243 1139 326 1175 349
336 1139 459 1174 permisit
475 1148 638 1175 quemquam
651 1141 764 1175 impuris
780 1141 904 1167 manibus
920 1145 1026 1175 partum

243 1186 432 1213 intemeratum
463 1186 637 1221 contingere;
666 1186 724 1221 ipsa
758 1195 806 1221 per
833 1195 894 1214 sese
922 1188 1028 1215 curavit

243 1238 317 1262 etin),
329 1231 375 1265 qui
387 1239 418 1258 ex
434 1239 473 1262 se,
489 1235 515 1258 et
529 1236 591 1258 ante
601 1239 641 1263 se,
656 1235 683 1258 et
695 1236 805 1266 propter
818 1240 847 1259 se
859 1237 939 1260 natus
950 1238 1025 1260 erat:

246 1285 256 1301 ι
275 1277 305 1303 l'lt
318 1277 413 1311 pannis
428 1284 489 1304 eum
502 1277 615 1303 involvit
628 1287 634 1304 :
646 1281 674 1304 et
685 1278 826 1304 reclinavit
839 1286 901 1305 eum
919 1278 946 1305 in
959 1287 1027 1313 pra:-

244 1323 328 1356 sepio,
341 1322 405 1357 quia
417 1330 470 1350 non
483 1327 541 1350 erat
551 1324 591 1350 eis
607 1323 684 1350 locus
695 1323 722 1350 in
733 1323 895 1351 diversorio.
908 1333 917 1350 ι
931 1324 1026 1355 \‘ides,

243 1377 260 1395 ο
273 1369 381 1399 dilecte,
392 1370 530 1403 quomodo
546 1369 674 1397 Ecclesia:
689 1374 782 1405 typum
801 1369 880 1396 nobis
891 1370 947 1404 jam
964 1375 1027 1398 ante

243 1414 397 1449 depinxerit
409 1415 460 1443 vile
473 1416 538 1442 illud
550 1416 744 1448 diversorium,
760 1416 808 1443 ubi
823 1415 905 1451 Virgo
920 1417 964 1443 illa
978 1424 1026 1451 pe-

243 1461 312 1495 perit
326 1469 387 1495 quze
401 1462 484 1488 semel
496 1467 603 1489 uterum
623 1462 749 1498 gestavit,
766 1469 817 1489 nec
833 1461 953 1490 secunda
967 1463 1026 1490 vice

244 1507 347 1540 genuit,
364 1515 414 1534 nec
438 1508 609 1535 contumelia:
628 1513 719 1535 notam
735 1508 884 1536 sustinuit:
903 1508 966 1535 licet
983 1508 1027 1535 in-

243 1553 303 1580 sani
321 1553 445 1587 quidam,
461 1554 534 1588 quod
552 1554 688 1582 audierint
705 1554 805 1582 Lucam
831 1555 1027 1589 evangelistam

243 1599 284 1627 sic
304 1599 457 1634 loquentem
472 1609 478 1626 :
493 1609 502 1624 ι
520 1599 552 1626 Ει
570 1601 674 1635 peperit
689 1600 772 1628 lilium
793 1609 873 1628 suum
892 1602 1028 1636 primoge-

243 1646 363 1677 nitum,»
388 1646 535 1673 secundam
562 1646 647 1674 fuisse
679 1646 798 1681 Virginis
822 1647 1027 1681 conceptionem

244 1691 398 1724 docuerint,
420 1692 652 1726 incorruptionem
671 1692 698 1718 in
716 1692 919 1726 corruptionem
935 1695 1024 1718 trans-

244 1743 382 1765 mutantes
399 1747 404 1765 :
419 1739 446 1765 in
471 1738 530 1766 suis
551 1738 724 1773 dogmatibus
740 1739 777 1765 ita
798 1739 939 1773 loquentes
953 1749 960 1765 ι
977 1739 1028 1765 Ne-

243 1790 378 1817 quaquam
392 1783 589 1818 primogenitus
600 1783 691 1810 dictus
704 1783 795 1814 fuerit,
810 1783 863 1810 nisi
876 1783 1028 1817 subsequa-

243 1832 289 1854 tur
304 1828 381 1854 alter.
398 1828 553 1855 Adversarii
575 1832 664 1854 autem
682 1829 777 1859 nostri,
795 1836 848 1855 non
873 1828 952 1855 modo
973 1828 1028 1854 Lu-

244 1881 303 1900 cam
327 1881 383 1901 suae
403 1874 545 1908 pravitatis
564 1874 718 1908 producunt
736 1878 848 1906 testem;
876 1874 923 1901 sed
944 1874 1026 1901 etiam

243 1920 437 1953 evangelistam
463 1919 617 1946 Matihaaum
643 1920 689 1953 qni
718 1927 750 1946 ea
777 1920 836 1954 ipsa
859 1924 979 1953 enarret,
1000 1925 1028 1947 et

244 1964 366 1999 apertius
382 1964 470 1990 adhuc
489 1964 612 1996 allirmet,
631 1968 712 1999 atque
726 1964 786 1999 ejus
801 1972 881 1992 voces
896 1964 972 2000 impii
989 1965 1027 1992 illi

244 2009 396 2044 proferunt,
412 2010 440 2036 in
456 2010 566 2044 scriptis
582 2011 640 2037 suis
656 2018 687 2037 ea
703 2002 843 2044 loquentes
853 2019 913 2046 quae
926 2011 1025 2047 Joseph

243 2055 271 2082 in
288 2055 394 2083 visione
413 2057 551 2091 accepisse
568 2057 708 2088 scribitur,
725 2057 851 2084 Mattbazo
859 2058 1026 2093 evangelista

243 2101 350 2129 dicente
366 2111 372 2128 :
388 2111 397 2127 ‹
414 2102 546 2136 Apparuit
557 2105 647 2128 autent
659 2103 772 2136 angelus
787 2102 892 2129 Domini
908 2102 934 2129 in
951 2110 1025 2129 som-

243 2147 287 2174 nis
300 2146 411 2181 Joseph,
436 2147 531 2174 dicens
547 2156 553 2174 :
567 2146 666 2182 Joseph
686 2147 721 2173 tili
739 2146 834 2178 David,
852 2147 907 2174 noli
929 2148 1025 2174 timere
1041 2160 1062 2187 Β

243 2193 367 2227 accipere
383 2193 493 2219 Mariam
509 2193 652 2228 coniugem
669 2197 754 2223 tuam.
773 2193 844 2228 quod
858 2193 930 2220 enim
947 2193 973 2220 in
991 2201 1022 2220 ea

244 2241 338 2264 natum
355 2241 407 2267 est.
426 2245 457 2265 ex
482 2236 584 2272 Spiritu
605 2243 701 2265 sancto
721 2242 774 2266 est.
796 2237 914 2273 Surgens
932 2242 1022 2265 autem

242 2282 352 2317 Josepb,
381 2284 429 2313 ait,
453 2284 556 2318 accepit.
580 2284 689 2310 Mariam
715 2284 858 2318 eonjugem
881 2291 977 2317 Suam;
997 2287 1024 2311 et

242 2336 298 2355 non
321 2329 448 2363 cognovit
472 2336 531 2356 eam
549 2329 635 2356 donec
652 2330 755 2364 peperit
770 2329 854 2356 ﬁlium
876 2337 954 2357 suum
969 2330 1024 2364 pri-

243 2374 450 2408 mogenitum“.
467 2383 476 2400 ›
495 2373 583 2401 Simili
605 2374 686 2401 modo
708 2375 856 2402 adversarii
872 2375 921 2402 has
942 2383 1023 2402 voces

242 2424 413 2453 mutuantur,
436 2424 465 2447 ut
488 2420 632 2455 gloriosam
647 2419 784 2455 Virginem
803 2421 923 2449 secundo
943 2428 1024 2455 pepe-

242 2466 313 2493 risse
327 2466 452 2493 doceant.
469 2466 522 2493 Sed
536 2473 620 2501 apage
633 2466 828 2494 absurditatem
845 2475 853 2492 2
865 2466 1024 2492 immacula-

242 2517 299 2540 tum
318 2519 431 2546 prorsus
447 2513 596 2547 permansit
612 2512 664 2539 hoc
677 2511 818 2547 virginale,
833 2515 860 2538 et
874 2511 1021 2547 gloriosum

275 2571 298 2586 ⁷⁰
318 2569 383 2597 Luc.
402 2578 438 2600 ιι.
455 2570 488 2602 6,
507 2570 532 2597 7.
570 2570 591 2585 "
614 2569 707 2596 Matth.
724 2577 747 2601 ι,
763 2569 863 2596 20-25.

277 2616 332 2651 (95)
347 2617 423 2644 Cnlb.
452 2616 477 2646 i,
495 2616 522 2647 2,
544 2616 628 2651 αὐτὴν
644 2617 691 2643 καὶ
714 2616 805 2643 ἔτεκεν
836 2616 881 2642 τὸν
899 2625 928 2644 π.
940 2615 1024 2643 Paulo

241 2656 313 2688 post,
327 2652 492 2688 ιὶιίοηιμδιότε
504 2653 553 2678 οὐκ
563 2650 611 2688 ἦνί
708 2654 717 2667 ¹

278 2687 335 2723 (96),
349 2687 523 2715 Colbertinus
537 2685 642 2722 primus
661 2690 688 2714 et
704 2685 1026 2723 secundusivppisnjrﬁv

243 2723 372 2758 ἐνσαρκον
389 2721 551 2758 οἰκονομίαν.
567 2723 673 2753 Ἐτεκε,
692 2722 768 2758 φησὶ,
783 2722 828 2748 τὸν
842 2721 1009 2758 Υἰὸνᾲαὺτῆς.

280 2756 335 2791 (97)
354 2757 428 2785 Colb.
448 2756 599 2792 1,ἐὺαγέσι
613 2757 699 2792 χερσί.
718 2756 800 2787 Infra,
815 2760 874 2791 post
886 2756 916 2788 ἐξ
929 2757 1022 2791 αὐτῆς.

245 2794 343 2855 Iepitur
359 2794 406 2820 καὶ
424 2793 476 2828 πρὸ
491 2793 575 2828 αὐτῆς
594 2793 620 2820 in
643 2793 784 2820 codicibus
805 2800 883 2825 mss,
897 2801 976 2820 secus
995 2793 1021 2819 in

246 2836 268 2855 cu
282 2833 335 2855 ttts.

246 2829 335 2856 editis.

1113 452 1140 479 8.
1157 452 1188 478 Ὢ
1202 451 1256 478 τῶν
1271 451 1429 486 παραδόξων
1440 451 1624 487 πραγμάτωνί
1642 451 1732 486 βαϐαὶ,
1749 451 1811 483 πῶς
1824 460 1873 486 μι-

1080 498 1135 534 κρὰ
1148 498 1181 524 τὰ
1203 498 1322 533 ῥήματα.
1348 497 1395 523 καὶ
1419 498 1523 533 μεγάλα
1545 498 1579 524 τὰ
1604 498 1871 534 μυπαγωγὴματαξ

1084 554 1093 568 ι
1116 544 1238 576 Ἐγένετο
1253 545 1282 570 ἐν
1297 543 1337 578 τῷ
1356 541 1425 570 εἶναι
1446 544 1544 575 αὐτοὺς
1560 545 1626 576 ἐκεῖ,
1648 544 1824 580 ἐπλήσθησαν
1842 546 1871 572 αὶ

1081 590 1183 624 ἡμέραι
1197 589 1244 615 τοῦ
1261 589 1349 615 τεκεῖν
1365 589 1458 623 αὐτὴν.
1479 598 1488 614 ι
1509 589 1540 614 "tl
1553 589 1605 615 τῶν
1620 589 1778 624 παραδόξων
1796 599 1870 626 πραι

1081 635 1205 669 γμάτων,
1225 635 1239 660 ὁ
1259 627 1313 660 τῶν
1333 634 1437 670 χρόνων
1462 634 1577 670 ποιητὴς
1597 635 1748 671 ὡρισμένον
1769 636 1870 670 χρόνον

1081 681 1255 716 περιέμενενί
1284 681 1313 708 '0
1343 681 1470 716 ὁροθέτης
1491 681 1545 708 τῶν
1571 681 1672 716 χρόνων
1697 682 1870 717 προθεσμίαν

1082 726 1173 760 μηνῶν
1190 726 1327 761 ἀνέμενεν,
1344 726 1388 752 ἵνα
1402 725 1496 760 μηδεὶς
1512 726 1659 760 φαντασίαν
1671 725 1687 761 ἢ
1701 726 1813 762 δόκησιν
1827 736 1870 753 νο-

1081 772 1146 807 μίσῃ
1164 772 1228 806 (96).
1247 782 1255 797 ι
1268 772 1389 806 Ἐγένετο
1409 773 1437 798 ὲν
1451 771 1489 806 τῷ
1503 769 1572 798 εἶναι
1586 772 1683 804 αὐτοὺς
1698 773 1765 804 ἐκεῖ,
1784 773 1871 808 ἐπλή-

1078 817 1127 852 σθη
1133 826 1180 844 σαν
1199 818 1226 844 al
1243 818 1344 853 ἡμέραι
1360 817 1406 844 τοῦ
1421 819 1508 844 τεκεῖν
1517 818 1601 853 αὐτὴν
1610 818 1654 844 τὸν
1661 818 1717 845 υἱὸν
1726 819 1811 853 αὐτῆς
1823 819 1870 844 τὸν

1079 863 1262 899 πρωτότοκον·
1278 864 1324 891 καὶ
1340 865 1551 900 ἐσπαργάνωσεν
1566 864 1656 895 αὑτὸν,
1671 865 1717 891 καὶ
1728 865 1869 891 ἀνέκλινεν

1078 909 1158 936 αὐτὸν
1171 910 1199 936 ὲν
1211 911 1244 945 τῇ
1260 909 1356 945 φάτνῃ.
1377 920 1385 935 ι
1402 910 1487 937 Βλέπε
1500 911 1549 946 τὴν
1566 911 1698 946 μυστικὴν
1713 911 1868 946 ἀποκύησιν

1077 955 1126 990 τῆς
1149 956 1304 990 Παρθένον
1331 956 1399 991 αὕτη
1423 956 1533 986 ἔτεκεν,
1556 957 1623 992 αὕτη
1641 957 1867 992 ἐσπαργάνωσεν.

1085 1000 1146 1026 Ἐπὶ
1163 1001 1215 1026 τῶν
1237 1002 1375 1036 κοσμικῶν
1392 1002 1527 1036 γυναικῶν
1543 1002 1609 1038 ἄλλη
1625 1003 1722 1033 τίκτει,
1736 1003 1783 1029 καὶ
1799 1003 1869 1037 ἄλλη

1078 1048 1243 1082 σπαργα·ιοῖ’
1265 1049 1310 1074 ἐπὶ
1326 1048 1353 1074 δὲ
1373 1048 1423 1083 τῆς
1446 1049 1583 1084 Παρθένου
1607 1049 1655 1084 οὐχ
1671 1049 1757 1081 οὕτως
1769 1058 1776 1064 θ
1795 1049 1868 1084 αὕτη

1077 1093 1179 1124 ἔτεκεν,
1195 1093 1241 1119 καὶ
1257 1093 1326 1128 αὕτη
1348 1094 1575 1129 ἐσπαργάνωσεν·
1594 1095 1640 1121 καὶ
1667 1094 1734 1130 αὕτη
1764 1095 1869 1127 ἅκοπος

1079 1139 1169 1174 μήτηρ
1198 1139 1244 1165 καὶ
1271 1139 1410 1171 ἀδίδακτος
1441 1141 1517 1174 μαῖα,
1546 1141 1576 1166 οὐ
1603 1140 1791 1175 συνεχώρησεν
1820 1143 1868 1168 αν-

1077 1184 1170 1218 άγνοις
1187 1185 1279 1220 χερσὶν
1295 1186 1350 1220 (97)
1368 1185 1487 1220 ἅψασθαί
1503 1194 1562 1212 τινα
1592 1186 1638 1212 τοῦ
1663 1187 1798 1222 ἁχράντου
1822 1188 1868 1213 τό·

1077 1239 1141 1257 κου’
1169 1231 1238 1266 αὕτη
1264 1231 1308 1257 διὰ
1330 1232 1428 1266 ἑαυτῆς
1447 1231 1492 1258 τὸν
1521 1231 1550 1264 ἐξ
1580 1232 1683 1267 αὐτῆς,
1705 1232 1757 1268 πρὸ
1780 1233 1868 1267 αὐτῆς

1077 1276 1124 1302 καὶ
1149 1276 1218 1311 ὑπὲρ
1239 1277 1322 1312 αὐτῆς
1348 1277 1528 1312 ἐθεράπευσεν
1543 1285 1551 1292 ·
1572 1286 1582 1302 ε
1600 1278 1654 1304 Καὶ
1686 1278 1867 1313 ἐσπαργάνω-

1078 1330 1124 1347 σεν
1158 1322 1256 1355 αὐτὸν,
1289 1323 1336 1349 καὶ
1369 1323 1506 1350 ἀνέκλινεν
1530 1323 1609 1351 αὑτὸν
1637 1324 1665 1349 ἐν
1696 1325 1728 1360 τῇ
1759 1324 1865 1360 φάτνῃ,

1077 1366 1143 1393 διότι
1155 1368 1204 1394 οὐκ
1220 1366 1253 1403 ἧν
1266 1369 1357 1400 αὐτοῖς
1373 1369 1453 1400 τόπος
1470 1369 1499 1395 ὲν
1510 1369 1547 1404 τῷ
1560 1369 1738 1404 καταλύματι.
1754 1379 1763 1395 ι
1778 1367 1866 1402 Εἶδες,

1077 1409 1100 1439 ὦ
1120 1412 1190 1446 φίλε,
1213 1412 1271 1444 πῶς
1288 1413 1337 1448 τῆς
1361 1413 1521 1449 Ἐκκλησίας
1539 1414 1584 1441 τὸν
1605 1414 1688 1440 τύπον
1709 1415 1867 1450 προανεξω-

1078 1459 1202 1494 γρὰλςησε
1221 1459 1275 1494 (98)
1296 1459 1327 1485 τὸ
1353 1459 1458 1491 εὐτελὲς
1473 1459 1655 1494 καταγώγιον,
1671 1459 1734 1486 ἔνθα
1753 1461 1866 1495 ὴἨαρ-

1079 1505 1153 1536 Θένος
1177 1505 1280 1536 ἔτεκεν,
1307 1505 1324 1540 ὴ
1353 1504 1425 1537 ἅπαξ
1449 1499 1651 1540 κυοφορῆσασα,
1673 1505 1719 1531 καὶ
1741 1505 1865 1540 δεύτεροι

1080 1552 1116 1586 μὴ
1129 1551 1289 1586 γεννήσασα,
1310 1550 1356 1577 καὶ
1373 1550 1475 1586 ὕϐρεως
1490 1551 1607 1586 ἔμφασιν
1626 1551 1661 1586 μὴ
1679 1551 1862 1586 ὑπομείνασα·

1078 1598 1102 1623 εἰ
1116 1597 1163 1623 καί
1183 1605 1254 1627 τινες
1268 1597 1406 1631 μανέντες,
1424 1596 1468 1622 διὰ
1481 1597 1510 1622 τὸ
1531 1597 1645 1623 ἀκοῦσαι
1660 1597 1757 1628 αὐτοὺς
1770 1597 1864 1631 λέγονυ-

1077 1652 1122 1674 τος
1139 1643 1184 1670 τοῦ
1208 1643 1399 1677 εὐαγγελιστοῦ
1415 1643 1522 1669 Λουκᾶ·
1544 1653 1553 1668 ‹
1574 1643 1627 1670 Καὶ
1647 1643 1723 1670 ἔτεκε
1745 1643 1790 1670 τὸν
1807 1644 1863 1670 υἱὸν

1078 1688 1160 1724 αὐτῆς
1175 1688 1220 1714 τὸν
1238 1688 1418 1724 πρωτότοκον,
1439 1697 1449 1713 ι
1466 1687 1512 1714 καὶ
1526 1687 1653 1723 δευτέραν
1671 1687 1798 1722 σύλληψιν
1814 1687 1863 1722 τῆς

1079 1735 1216 1770 Παρθένου
1232 1735 1410 1769 ὲδογμὰτισαν
1429 1734 1494 1769 (99),
1513 1734 1561 1770 τὴν
1575 1734 1728 1770 ἀφθαρσίαν
1744 1735 1784 1765 εἰς
1799 1734 1862 1769 φθο-

1079 1781 1129 1816 ρὲιγ
1151 1781 1374 1816 μεταϐάλλοντες·
1389 1780 1539 1816 φάσκοντες
1561 1782 1590 1807 ὲν
1615 1782 1670 1812 τοῖς
1686 1781 1795 1812 οἰκείοις
1819 1781 1861 1807 δός

1077 1822 1195 1861 γμασιν⁸
1217 1827 1273 1853 Οὐκ
1295 1827 1326 1853 ἂν
1347 1826 1454 1862 λεχθείη
1475 1827 1656 1861 πρωτότοκος,
1675 1826 1801 1862 δευτέρου
1825 1827 1861 1863 μὴ

1078 1873 1376 1908 παρακολουθήσαντος.
1395 1873 1431 1899 Οὐ
1452 1873 1531 1908 μόνον
1546 1872 1575 1899 δὲ
1593 1873 1616 1899 οἱ
1634 1871 1664 1904 ἐξ
1678 1872 1802 1903 ἐναντίας
1818 1872 1861 1898 τὸν

1077 1918 1182 1944 Λουκᾶν
1199 1917 1248 1952 τῆς
1270 1918 1372 1949 οἰκείας
1394 1917 1557 1953 ἀϐελτηρίας
1581 1917 1775 1952 προϐάλλονται
1793 1917 1862 1952 μάρ-

1076 1971 1156 1999 τυρα,
1170 1962 1236 1989 ἀλλὰ
1250 1963 1358 1989 καὶ-τὸν
1378 1963 1570 1998 εὐαγγελιστὴν
1586 1962 1724 1990 Ματθαῐον
1738 1963 1773 1988 τὰ
1793 1963 1861 1989 αὐτὰ

1078 2009 1224 2043 μηνὲοντα,
1245 2009 1291 2034 καὶ
1316 2008 1355 2034 ἔτι
1378 2008 1542 2044 σαφέστερον
1562 2008 1774 2044 παρεγγυῶντα·
1800 2008 1860 2035 ὃθεν

1077 2055 1124 2081 καὶ
1144 2055 1192 2085 τὰς
1217 2054 1320 2081 ἐκείνου
1338 2054 1424 2086 λέξεις
1448 2054 1670 2090 φανεροποιοῦσιν
1691 2057 1715 2081 οἱ
1732 2055 1815 2086 ἄθεοι,
1832 2055 1859 2080 ὲν

1075 2100 1131 2130 τοῖς
1157 2099 1259 2126 ἑαυτῶν
1286 2100 1481 2135 συγγράμμασι
1507 2099 1631 2133 λέγοντες
1663 2101 1733 2136 ᾶτιερ
1763 2101 1858 2136 Ἰωσὴερ

1077 2146 1105 2170 ἐν
1119 2145 1234 2180 ὀπτασίᾳ
1251 2145 1288 2179 (1)
1304 2145 1446 2180 δεξάμενος
1460 2145 1676 2182 ἀναγέγραπται,
1687 2146 1733 2172 τοῦ
1748 2146 1859 2180 εὐαγγε-

1076 2190 1166 2217 λιστοῦ
1182 2191 1321 2218 Ματθαίου
1337 2191 1475 2225 λέγοντος·
1495 2201 1504 2217 ‹
1525 2192 1612 2227 Ὠφθη
1629 2191 1656 2218 δὲ
1669 2192 1780 2226 ἅγγελος
1805 2193 1858 2219 Κυ-

1075 2236 1132 2271 ρίου
1149 2237 1208 2262 κατ’
1226 2237 1291 2272 ὄναρ
1304 2237 1343 2272 τῷ
1365 2237 1473 2272 Ἰωσὴφ,
1497 2237 1599 2272 λέγων·
1623 2238 1721 2272 Ἰωσὴφ
1740 2238 1796 2270 υίὸς
1808 2239 1857 2264 Δα-

1073 2282 1126 2315 διδ,
1140 2282 1178 2318 μὴ
1196 2283 1317 2318 ῳοὸηθῇς
1340 2282 1507 2318 παραλαϐεῖν
1531 2283 1647 2319 Μαριὰμ
1666 2284 1715 2318 τὴν
1743 2285 1856 2318 γυναῖκὰ

1074 2337 1140 2356 σου·
1167 2330 1198 2356 τὸ
1224 2330 1278 2364 γὰρ
1295 2330 1323 2356 ὲν
1348 2330 1415 2364 αὐτῇ
1435 2329 1471 2364 (2)
1497 2330 1635 2366 γεννηθὲν,
1648 2330 1680 2356 ἐκ
1704 2330 1856 2364 Πνεὺματός

1072 2376 1145 2401 ἐστιν
1179 2375 1265 2409 ἁγίου.
1302 2374 1431 2405 Ἀναστὰς
1458 2374 1495 2406 δὲ,
1523 2376 1619 2410 φησὶν,
1659 2375 1766 2410 Ἰωσὴφ,
1790 2384 1855 2411 παρ-

1073 2419 1152 2445 έλαϐε
1167 2420 1283 2454 Μαριαμ
1299 2419 1348 2454 τὴν
1368 2420 1483 2453 γυναῖκα
1494 2419 1587 2452 αὑτοῦ,
1606 2419 1651 2446 καὶ
1673 2419 1854 2455 επορεύθησαν

1076 2466 1116 2496 εὶς
1139 2465 1290 2498 Αἴγυπτον·
1321 2466 1367 2492 καὶ
1393 2466 1442 2492 οὐκ
1470 2466 1616 2499 ἐγίνωσκεν
1643 2467 1736 2502 αὐτὴν,
1755 2468 1805 2499 ἕως
1826 2477 1855 2495 ου

1075 2511 1152 2538 ἔτεκε
1168 2511 1213 2538 τὸν
1229 2512 1285 2538 υἱὸν
1298 2512 1381 2547 αὐτῆς
1399 2512 1443 2538 τὸν
1459 2513 1637 2548 πρωτότοκον.
1658 2523 1668 2538 ι
1683 2513 1797 2548 Ὁμοίως
1811 2515 1853 2541 χαὶ

1113 2615 1169 2648 (98)
1187 2615 1263 2642 Colb.
1279 2616 1302 2647 Ι,
1313 2615 1342 2646 ‘2.
1358 2615 1616 2651 προεζωγράφησεν.

1114 2651 1170 2684 (99)
1187 2650 1320 2685 Σύλληψιν
1337 2650 1516 2686 ἐδογμάτισαν
1530 2650 1580 2686 τὴν
1592 2651 1728 2686 Παρθένον
1747 2651 1853 2686 ὑπομεῖ-

1080 2695 1132 2713 ναι.
1147 2686 1192 2712 Sic
1205 2686 1282 2712 Colb.
1299 2687 1324 2716 1,
1339 2686 1365 2713 2.

1116 2721 1152 2755 (Ι)
1170 2721 1205 2746 Ita
1224 2721 1302 2748 Colb.
1317 2721 1344 2750 ‘2,
1360 2725 1444 2749 recte.
1463 2720 1534 2748 Editi
1557 2729 1630 2753 vero,
1653 2721 1741 2756 φαμὲν
1760 2722 1851 2756 Ἰωσὴφ

1100 2757 1136 2783 st‘
1151 2756 1291 2783 ὀπτασίαν.

1111 2792 1148 2827 (2)
1168 2791 1212 2818 Sic
1236 2791 1312 2818 Colb.
1338 2791 1362 2822 Ι,
1376 2791 1403 2818 2.
1421 2791 1492 2817 Editi
1515 2799 1589 2821 vero,
1605 2791 1705 2824 λέγων’
1729 2792 1851 2822 Ἀναστὰς

1075 2827 1213 2862 παράλαῆε
1224 2827 1338 2862 Μαριὰμ
1356 2827 1404 2861 τὴν
1419 2828 1532 2860 γυναῖκα
1548 2835 1604 2859 σου,
1617 2827 1681 2853 διότι
1696 2827 1726 2853 τὸ
1738 2827 1766 2852 ἐν
1781 2827 1849 2861 αᾷτῇ.
