1940 3067
799 127 827 156 S.
848 127 1078 155 ATHANASIUS.
1097 141 1132 147 —
1151 126 1266 155 DUBIA.
1793 127 1845 155 960

573 281 607 308 ΙΝ
628 279 817 308 SERMONEM
836 279 878 306 DE
897 279 1107 307 NATIVITATE
1126 278 1263 307 CHRISTI
1284 278 1443 307 MONITUM

262 349 341 377 Haud
353 351 392 376 ita
406 349 506 384 pridem
522 357 665 376 sermonem
679 349 711 376 de
731 347 876 375 Nativitate
891 347 990 375 Christi
1011 356 1044 375 ea:
1059 347 1206 374 Barociano
1226 347 1323 379 codice,
1343 355 1392 373 sua
1407 355 1487 373 manu
1505 347 1676 380 ascriptum,
1695 348 1847 374 transmisit

227 397 300 424 nobis
327 398 366 424 τὶν
382 396 550 424 doctissimus
565 395 680 422 Iacobus
705 395 775 426 Mill.
792 395 949 430 principalis
967 395 1070 429 collegii
1085 394 1252 428 Oxoniensis,
1272 394 1348 429 cujus
1366 394 1498 428 prolixam
1515 403 1577 430 erga
1602 403 1648 421 nos
1670 396 1845 428 voluntatem,

227 445 302 480 inque
317 445 412 471 studiis
433 445 529 471 nostris
545 444 725 478 promovendis
740 443 900 470 desiderium
918 451 969 469 non
983 442 1061 469 semel
1079 442 1177 476 experti
1192 450 1293 468 sumus.
1313 441 1451 468 Indicarat
1466 442 1520 476 ipse
1534 441 1608 468 nobis
1626 443 1652 468 in
1670 441 1789 477 quodam
1806 450 1847 469 εο-

225 492 281 518 dice
299 491 460 518 Barocciano
477 496 526 517 tres
535 496 638 517 exstare
649 490 770 517 homitias
783 490 928 516 Athanasio
937 489 1087 516 attributas.
1097 489 1306 524 Rogantibusque
1322 493 1350 516 ut
1364 497 1454 516 earum
1467 489 1541 516 nobis
1550 490 1650 523 copiam
1667 489 1780 524 faceret,
1791 489 1846 517 hac

227 538 272 564 ille
293 539 423 568 rescripsit
444 545 454 563 :
470 537 600 565 llomilias
612 538 646 564 de
661 537 804 564 Nativitate
819 536 918 563 Christi
931 536 1003 571 quod
1017 540 1132 571 spectat,
1150 540 1260 564 exstant
1273 536 1332 563 ista?
1343 543 1438 563 omnes
1453 536 1480 563 in
1495 536 1643 571 exemplari
1662 536 1711 562 illo
1734 543 1788 562 ms.
1803 537 1846 562 cui

227 589 353 618 acceptas
371 583 477 618 pridem
495 583 569 610 dedit
593 583 628 610 cl.
647 582 804 610 llolstenius
818 582 946 610 liomilias
959 590 1028 616 quas
1051 582 1079 608 in
1097 585 1199 608 tomum
1213 581 1232 608 ll
1256 581 1373 616 Operum
1396 581 1538 608 Athanasii
1558 581 1591 607 ad
1607 581 1688 607 tinem
1706 580 1846 614 conjectas

226 631 314 659 vides.
330 630 437 662 Prinne,
453 631 532 665 cujus
554 630 738 665 apographum
757 630 858 665 petitis,
875 637 937 664 pars
952 630 1007 664 prio

1060 637 1126 664 sque
1147 629 1180 656 ad
1194 629 1276 656 verba
1296 629 1357 660 ista,
1369 629 1415 655 καὶ
1428 630 1452 655 ει
1464 629 1554 665 βούλῃ,
1567 629 1719 664 ἐρώτησον,
1736 632 1801 659 etc.,
1815 636 1846 655 ex

227 677 337 705 bomilia
348 678 464 712 quadam
478 681 607 712 excerpta
624 681 665 705 est
680 677 799 713 (rejectis
816 677 879 704 hinc
897 677 960 704 inde
975 677 1099 712 plurimis
1109 684 1158 711 pro
1171 674 1284 713 arbitrijo
1297 676 1478 710 deﬂoratoris)
1489 684 1571 712 quam
1587 677 1637 704 sub
1652 676 1845 712 Chrysostomi

227 722 336 749 nomine
351 722 420 748 inter
435 721 681 756 ἀμῳιπϐητούμενα
696 729 710 748 a
734 721 836 748 Savilio
851 722 1004 756 evulgatam
1028 722 1111 749 habes
1127 726 1202 749 tomo
1216 721 1249 754 V,
1262 721 1378 757 'quaaque
1393 722 1498 757 jamdiu
1519 722 1719 750 Chrvsostomo
1740 722 1846 756 adjudi-

226 771 286 795 cata
312 772 354 795 est
375 775 390 794 a
405 767 508 803 Cyrillo
533 768 728 799 Alexandrino.
755 768 824 795 libro
838 769 879 794 Ad
900 768 1023 803 Reginus.
1049 767 1163 803 Reliqua
1183 769 1284 800 omnia,
1306 769 1366 796 luce
1389 773 1520 804 quantum
1539 768 1618 796 video
1640 776 1698 795 non
1726 769 1844 803 indigna,

227 813 336 841 aliunde
360 813 503 848 desumpta
519 818 591 841 sunt.
611 813 754 841 Homiliam
770 814 902 849 integram
926 814 998 842 dedi.
1015 814 1139 842 Secunda
1154 815 1265 842 homilia
1281 815 1314 842 de
1330 814 1475 842 Nativilate
1487 814 1600 846 Christi,
1622 814 1733 848 integra
1748 813 1800 840 sub
1815 813 1846 840 ti-

227 859 285 888 tulo
301 859 490 896 Chrysostouii
514 864 605 887 exstat
628 860 655 886 in
673 865 746 887 tomo
762 859 794 890 V,
814 868 846 887 ex
871 860 989 887 editione
1011 859 1158 888 Frontonis
1174 860 1261 888 Ducmi
1279 861 1351 888 hom.
1367 861 1411 892 5|,
1431 864 1460 887 ut
1477 864 1503 887 et
1519 860 1598 887 tertia
1620 865 1688 887 tom.
1708 859 1731 886 V
1747 859 1840 890 Savil..

227 908 344 943 prtelixis
359 907 490 934 duntaxat
504 907 564 935 istis
581 907 669 935 verbis
685 917 692 934 :
706 907 731 933 τί
759 907 837 934 τοῦτο
854 909 964 943 σημεῖον
985 908 1007 934 ὰ·

1061 909 1206 943 εγόμενονς
1222 908 1286 935 ch
1300 909 1341 935 vir
1356 908 1529 934 clarissimus.
1546 906 1638 934 Prima
1654 908 1747 942 itaque
1765 905 1845 933 Itami-

227 954 274 985 lia,
289 962 358 988 quae,
372 959 400 980 ut
412 954 490 986 probe
505 955 605 980 monuit
617 954 681 988 ipse,
692 953 775 980 multa
785 954 863 989 refert
878 955 951 981 initio
965 963 997 982 ea:
1009 964 1125 982 sermone
1139 956 1165 982 in
1182 955 1354 982 Nativitatem
1370 954 1480 985 Christi,
1495 962 1557 981 cusa
1571 954 1598 980 in
1614 953 1635 979 V
1647 958 1714 980 tom.
1735 952 1843 988 Operum

227 1002 406 1036 Chrysostomi
421 1010 453 1028 ea:
468 1002 581 1028 editione
597 1001 689 1029 Savilii
704 1011 729 1036 p.
750 1002 812 1033 846.
831 1004 899 1029 inter
913 1003 1147 1039 ἁμφιὸαλλόμενα,
1165 1003 1230 1033 hmo,
1246 1003 1365 1038 inquam,
1378 1002 1496 1034 homilia,
1514 1002 1575 1036 quia
1591 1001 1707 1035 exceptis
1718 999 1843 1026 clausulis

226 1048 359 1074 nonnullis
372 1048 419 1074 sub
436 1049 540 1075 initium
558 1048 619 1075 hinc
634 1049 693 1075 inde
713 1048 854 1082 dispersis,
874 1049 928 1075 alia
949 1050 1054 1076 omnino
1076 1054 1114 1076 est
1129 1049 1161 1075 ab
1179 1049 1227 1075 illa
1243 1048 1390 1078 Saviliana,
1406 1048 1505 1075 idcirco
1529 1047 1571 1074 hic
1591 1047 1663 1073 inter
1679 1045 1843 1080 supposititia

227 1095 312 1121 locum
325 1095 399 1122 habet
414 1104 422 1121 :
436 1104 497 1122 nam
512 1104 543 1123 ne
559 1097 690 1130 suspicari
702 1096 804 1131 quidem
818 1096 877 1122 licet
893 1105 951 1122 eam
964 1105 1019 1123 esse
1034 1097 1171 1124 Athanasii
1185 1105 1193 1123 :
1207 1105 1267 1123 cum
1281 1096 1378 1131 liquido
1394 1100 1492 1122 constet
1509 1095 1590 1130 {uisse
1600 1095 1677 1121 illam
1690 1102 1723 1121 ea:
1737 1093 1844 1120 laudata

226 1140 407 1174 Chrysostomi
421 1141 531 1167 homilia
547 1142 578 1168 de
592 1141 738 1169 Nativitate
752 1146 918 1175 excerptum:
937 1151 1027 1177 quam,
1045 1147 1073 1169 ut
1091 1143 1192 1169 erudite
1209 1142 1320 1169 advertit
1340 1142 1378 1168 vir
1395 1141 1570 1173 clarissimus,
1591 1141 1783 1176 Chrysostcnno
1796 1138 1842 1165 ad-

223 1185 396 1219 judicandam
417 1188 509 1214 suadet
533 1187 660 1222 Cyrillns,
684 1189 729 1223 qui
744 1197 801 1216 eam
827 1196 855 1216 ut
877 1189 1056 1224 Cltrysostotni
1072 1190 1152 1224 fotum
1173 1194 1299 1217 memorat
1320 1190 1347 1216 in
1363 1189 1429 1216 libro
1442 1191 1501 1220 ταῖς
1516 1187 1692 1219 Βασιλισσαις
1706 1186 1839 1220 inscripto,

226 1239 252 1265 p.
264 1231 308 1263 50,
326 1233 369 1258 ubi
383 1233 439 1267 ejus
453 1234 628 1269 fragmentum
643 1244 694 1262 non
716 1236 845 1262 modicum
858 1236 944 1270 o/fert.
963 1237 1081 1264 Secunda
1097 1246 1154 1272 qnw
1168 1238 1235 1264 inter
1259 1237 1440 1272 Chrysostomi
1456 1236 1541 1270 Opera
1557 1235 1668 1262 habetur
1683 1235 1711 1261 in
1732 1233 1843 1261 editione

227 1276 370 1305 Frontonis
385 1279 476 1307 Ducwi
497 1289 604 1308 numero
625 1282 669 1312 51,
687 1290 715 1316 ρ.
727 1283 789 1313 417,
803 1287 827 1309 et
848 1284 925 1309 tertia
937 1292 995 1318 qua:
1016 1285 1084 1310 inter
1097 1284 1214 1318 ejusdem
1230 1283 1411 1319 Chrysostomi
1427 1282 1513 1317 Opera
1533 1286 1667 1315 comparet
1686 1281 1714 1306 in
1735 1278 1842 1306 editione

227 1325 336 1360 Sarilii,
354 1331 417 1354 tom.
439 1328 469 1361 V,
481 1337 507 1362 p.
524 1329 585 1358 851.
602 1338 660 1356 cum
672 1331 698 1356 in
709 1331 764 1357 solo
780 1331 928 1358 Barociano
946 1332 1033 1358 codice
1047 1333 1168 1367 legantur
1183 1333 1286 1358 nomine
1307 1331 1457 1362 Athanasii,
1474 1338 1507 1357 e1:
1530 1329 1621 1356 mendo
1640 1333 1706 1362 puta
1720 1326 1840 1362 quodam.

228 1372 346 1407 aliasque
361 1374 388 1399 in
403 1374 480 1401 editis
500 1379 525 1401 et
539 1375 672 1402 codicibus
686 1378 748 1402 bene
771 1377 861 1403 multis
876 1380 977 1404 exstent
992 1377 1174 1412 Cltrysostomi
1188 1379 1300 1408 nomine.
1317 1378 1347 1404 in.
1366 1377 1478 1404 editione
1498 1376 1615 1411 ejusdem
1630 1373 1811 1410 Chrysostomi
1827 1381 1842 1398 a

229 1420 303 1447 nobis
318 1421 472 1449 adornanda
488 1428 643 1457 reportentur
657 1432 666 1450 :
679 1424 773 1458 ibique.
788 1425 841 1451 Deo
856 1425 971 1457 iuuante,
987 1425 1049 1460 quid
1062 1425 1093 1452 de
1111 1426 1165 1452 illis
1181 1425 1345 1453 sentiendum
1360 1425 1539 1459 indagabitnr.

263 1467 406 1502 Propalum
423 1474 509 1496 autem
521 1475 560 1497 est
574 1471 641 1498 hanc
652 1480 730 1507 quam
742 1471 854 1503 edimus,
867 1478 924 1506 post
938 1472 1056 1500 Nestorii
1069 1482 1151 1501 (eoum
1164 1474 1349 1508 conscriptam,
1363 1482 1408 1500 seu
1419 1474 1504 1507 potius
1519 1472 1732 1498 consarcinatum
1743 1468 1839 1503 fuisse:

227 1520 260 1539 ea:
279 1513 310 1539 iis
325 1514 424 1541 scilicet
447 1523 504 1550 quae
526 1523 573 1550 pro
597 1517 739 1543 asserenda
764 1525 822 1544 voce
840 1518 969 1549 Θεοτόκος
989 1517 1122 1545 dicuntur.
1144 1517 1373 1545 Commonstratur
1394 1519 1464 1544 enim
1484 1517 1516 1544 Β.
1533 1516 1667 1550 Virginem
1693 1523 1745 1542 non
1767 1511 1838 1539 πιοάο

227 1559 366 1595 Θεοὸόχον,
382 1570 468 1588 verum
483 1563 563 1589 etiam
579 1563 708 1590 Θεοτόκον
722 1572 785 1591 esse.
802 1564 836 1590 At
852 1565 925 1590 nulla
940 1570 995 1591 erat

1072 1565 1211 1592 Athanasii
1220 1566 1251 1591 de
1264 1573 1321 1592 uoce
1331 1565 1458 1596 Θεοτόκος
1474 1562 1659 1593 controversia,
1671 1569 1729 1597 quae
1744 1560 1840 1587 demum

228 1603 347 1633 Nectarii
372 1612 483 1642 tempore
505 1614 575 1636 mota
588 1610 647 1644 fuit.
667 1610 843 1643 Quamobrem
857 1619 902 1638 nec
917 1611 1058 1638 Athanasii
1072 1620 1137 1644 esse,
1154 1620 1198 1638 nec
1213 1616 1272 1638 ante
1287 1610 1439 1638 Nestorium
1452 1610 1579 1645 prodiisse
1593 1609 1704 1636 videtur.

762 1770 829 1797 ΤΟΥ
847 1771 892 1797 ΕΝ
911 1771 1020 1797 ΑΓΙΟΙΣ
1038 1771 1172 1798 ΠΑΤΡΟΣ
1189 1772 1288 1799 ΗΜΩΝ

889 1852 1205 1896 ΑΘΑΝΑΣΙΟΥ

717 1942 780 1969 ΕΙΣ
805 1943 876 1970 ΤΗΝ
893 1943 1077 1970 ΓΕΝΝΗΣΙΝ
1103 1942 1178 1970 ΤΟΥ
1203 1943 1365 1970 ΧΡΙΣΤΟΥ.

725 2082 773 2128 S.
810 2083 862 2126 P.
904 2084 962 2128 N.
1010 2083 1330 2129 ATHANASII

800 2188 844 2216 IN
865 2188 955 2216 NATl
963 2188 1309 2225 VlTATEM_ClIRISTl.

1007 2260 1044 2268 —

264 2296 290 2323 1.
310 2295 467 2331 Mysterium
479 2295 558 2324 video
568 2304 678 2328 novum.
687 2297 754 2326 solis
766 2298 826 2326 loco
836 2299 920 2326 solem
926 2300 1007 2334 justi-

1095 2301 1120 2327 1.
1133 2301 1229 2336 Morzi;
1235 2309 1289 2336 ρων
1300 2299 1373 2333 ξένον
1386 2299 1486 2335 βλέπω,
1495 2300 1553 2326 ἀντὶ
1565 2299 1640 2335 ἡλίου
1653 2299 1696 2326 τὸν
1706 2298 1777 2333 ἥλιον
1787 2293 1829 2328 τῆς

229 2342 273 2368 tia:
284 2341 311 2368 in
332 2341 469 2376 Virginem
490 2343 593 2374 venire,
607 2343 844 2379 incircumscripto
862 2345 952 2373 modo.
969 2345 1007 2374 Ne

1060 2346 1232 2381 δικαιοσύνης
1255 2346 1468 2381 ἀπεριγράπτως
1484 2346 1645 2381 χωρήσαντα
1660 2347 1688 2371 ἐν
1710 2344 1741 2378 τῇ
1764 2340 1829 2373 Παρ-

228 2394 319 2422 qmere
329 2387 475 2422 quomodo,
489 2387 535 2414 ubi
548 2387 602 2415 Deo
617 2389 652 2415 ita
665 2390 765 2423 placet.
782 2395 927 2424 superatur
940 2393 1007 2419 ordo

1060 2392 1138 2427 θένῳ.
1161 2393 1216 2419 Καὶ
1231 2391 1268 2427 μὴ
1286 2391 1361 2427 ζήτει
1378 2392 1451 2423 πῶς·
1469 2392 1535 2418 ὅπου
1549 2391 1603 2427 γὰρ
1619 2391 1683 2422 Θεὸς
1707 2387 1827 2424 βούλεται,

228 2435 344 2458 naturae.
358 2431 479 2467 Namque
490 2433 585 2464 voluit,
604 2434 702 2467 potuit,
714 2434 864 2466 descendit,
881 2436 1006 2464 redemit.

231 2476 288 2504 Una
304 2478 458 2504 concurrite
469 2479 575 2505 omnia:
585 2477 656 2506 Deus
664 2480 710 2514 qui
723 2481 832 2507 exsistit
841 2484 868 2508 et
879 2481 1008 2516 praeexsi-

229 2524 286 2556 stit,
299 2523 379 2551 hodie
389 2524 415 2551 id
425 2524 539 2551 elﬁcitur
546 2525 617 2559 quod
627 2533 680 2552 non
692 2530 751 2552 erat
762 2536 767 2553 :
778 2534 839 2553 cum
855 2528 926 2554 enim
937 2527 1008 2555 Deus

227 2573 311 2599 esset.
322 2569 403 2596 homo
412 2569 534 2601 efﬁcitur,
545 2577 594 2597 nec
606 2574 694 2598 cessat
702 2578 764 2598 esse
773 2571 854 2599 Deus.
863 2571 918 2599 Nec
928 2580 1007 2600 exce-

228 2614 296 2642 dens
304 2615 404 2642 deitalc
411 2615 491 2642 homo
499 2615 588 2643 factus
595 2621 636 2643 est
643 2625 650 2649 ;
660 2624 748 2651 neque
758 2625 853 2644 rursus
860 2625 892 2645 ex
902 2618 1008 2646 homine

230 2659 365 2693 proiectus
385 2664 411 2687 et
438 2665 534 2687 auctus
558 2659 629 2688 Deus
655 2665 697 2688 est
712 2661 840 2695 ell‘ectus;
866 2663 913 2690 sed
939 2662 1006 2690 Ver-

230 2703 293 2730 bum
316 2712 378 2731 cum
402 2708 490 2738 esset,
515 2705 630 2740 ideoque
654 2706 831 2740 impatibilis,
856 2706 942 2734 iactus
966 2710 1009 2734 est

231 2748 312 2776 homo
323 2769 329 2781 ,
351 2754 449 2777 natura
464 2754 639 2785 permanente
655 2751 807 2778 immutata.
831 2751 920 2787 Atque
940 2760 1010 2779 novo

230 2799 259 2823 ct
278 2795 350 2822 invio
369 2803 528 2832 progressus
553 2796 666 2830 itinere,
695 2805 727 2825 ex
755 2797 815 2825 alvo
840 2797 939 2833 prodiit
966 2798 1009 2825 in-

1062 2439 1165 2465 νικᾶται
1179 2438 1285 2472 φύσεως
1299 2437 1384 2469 τάξις.
1398 2437 1548 2472 Ἦϐουλήθη
1563 2437 1626 2472 γὰρ,
1638 2434 1827 2471 tamenm-

1059 2483 1149 2517 ἦλθεν,
1180 2482 1276 2508 ἔσωσε.
1293 2481 1462 2517 Σωνδράμετε
1483 2482 1586 2509 πάντα’
1602 2482 1667 2512 Θεὸς
1688 2480 1797 2514 σήμερον
1815 2474 1828 2499 ό

1059 2528 1097 2554 ὢν
1110 2529 1156 2555 καὶ
1170 2527 1260 2564 προὼν
1273 2528 1376 2562 γίνεται
1390 2528 1458 2563 ὅπερ
1467 2528 1516 2555 οὐκ
1530 2526 1563 2563 ἦν
1573 2536 1579 2542 ·
1596 2527 1632 2555 ὢν
1646 2527 1696 2562 γὰρ
1710 2524 1781 2554 Θεὸς,
1794 2519 1827 2553 τί·

1061 2581 1136 2599 vacat
1155 2572 1306 2608 ἄνθρωπος,
1331 2573 1380 2599 οὐκ
1404 2572 1501 2604 ἐκστὰς
1524 2573 1570 2599 τοῦ
1587 2571 1656 2599 εἶναι
1673 2570 1742 2600 Θεός-
1766 2564 1826 2593 οὔτε

1062 2619 1115 2653 γὰρ
1135 2620 1194 2645 κατ’
1210 2619 1335 2645 ἔκστασιν
1352 2618 1479 2654 θεότητος
1491 2618 1599 2652 γέγονεν
1613 2618 1756 2652 ἄνθρωπος,
1771 2609 1826 2637 οὗτε

1061 2664 1142 2690 πάλιν
1159 2664 1188 2697 ἐξ
1219 2663 1368 2699 ἀνθρώπων
1390 2663 1461 2690 κατὰ
1485 2664 1625 2699 προκοπὴν
1645 2663 1734 2697 γέγονε
1752 2655 1824 2686 Θεόϐ¹

1060 2708 1126 2735 ἀλλὰ
1137 2709 1221 2742 Λόγος
1240 2708 1289 2740 ὢν,
1301 2709 1344 2735 διὰ
1357 2708 1435 2735 τοῦτο
1449 2708 1555 2744 ἀπαθὴς
1575 2708 1681 2742 γέγονεν
1689 2703 1825 2744 ἄνθρωποςξ

1059 2753 1245 2789 ἀμεταϐλήτου
1271 2754 1404 2789 μενούσης
1421 2754 1470 2788 τῆς
1494 2742 1609 2793 satio-2mg.
1625 2752 1678 2779 Καὶ
1699 2742 1825 2793 ξένην-ξίῗὶ

1062 2798 1159 2834 ἀτριϐῆ
1195 2799 1304 2833 βαδίσας
1336 2799 1414 2832 ὁδὸν,
1450 2799 1478 2833 ἐξ
1511 2788 1681 2834 ἀγειίιργήτου
1719 2788 1823 2830 προῆλθε
