1940 3067
121 110 178 137 961

645 108 762 136 SERMO
778 108 811 135 IN
830 107 1065 136 NATlVlTATEM
1086 107 1230 145 CHRISTI.

1690 105 1742 134 962

118 167 260 203 γαστρὸς,
284 167 344 194 οὔτε
375 167 437 198 τοὺς
461 167 592 201 ἀγγέλους
614 167 696 193 αὑτοῦ
718 167 835 202 ἐρήμους
862 166 907 201 τῆς

960 170 1051 196 taeta.
1077 165 1228 192 illaborata.
1263 163 1356 198 Neque
1389 164 1500 199 angelos
1527 164 1599 191 Deus
1630 164 1741 199 reliquit

119 213 288 245 ἐπιστασίας
305 213 458 244 κατέλιπεν,
472 213 533 240 οὒτε
549 215 582 249 τῇ
602 213 669 248 πρὸς
689 213 763 247 ἡμᾶς
781 212 910 248 ὲνανθρω-

121 260 221 295 πήσει,
239 259 289 293 τῆς
315 259 415 291 οίκείας
431 258 555 294 θεὰτητος
568 258 676 289 ἐκστάς.
698 257 778 284 Ἀλλὰ
793 257 911 292 βασιλεῖς

121 305 176 339 μὲν
193 305 237 330 τὸν
253 304 409 340 ἐπουράνιον
427 304 537 340 βασιλέα
553 302 632 339 ἦλθον
656 304 850 339 προσκυνῆσαι,
865 304 910 330 τὸν

120 350 290 384 γεννηθέντα
305 350 430 385 ἀρρήτως
452 352 484 376 ὲκ
503 350 616 385 Πατρὸς,
632 350 749 385 σήμερον
773 350 801 376 δὲ
817 351 849 376 ὲκ
862 351 910 385 τῆς

122 395 266 430 Παρθένου
291 396 446 430 τικτόμενον
460 396 492 422 δι’
507 396 572 430 ἐμέ·
588 396 655 421 ἀλλὰ
674 396 733 422 τότε
752 395 800 431 μὲν
815 404 910 431 γεννη-

120 440 183 472 θεὶς
200 441 270 467 κατᾶ
283 441 331 476 τὴν
348 441 438 475 φύσιν,
456 442 573 476 σήμερον
587 441 615 468 δὲ
631 441 674 468 διὰ
690 442 739 477 τὴν
753 441 848 468 ἑαυτοῦ
861 442 910 476 φῦ-

121 495 180 513 σιν.
199 487 255 522 Πρὸ
270 486 374 514 αἰώνων
391 486 445 522 γὰρ
459 486 596 521 γεννηθεὶς
613 487 644 512 ὲκ
658 486 704 513 τοῦ
721 487 826 522 Πατρὺς
841 487 879 518 ὼς
895 488 909 513 6

119 527 259 567 γεννήσας
272 530 337 563 οἶδε,
358 533 477 568 σήμερον
493 533 524 558 ὲκ
543 533 593 567 τῆς
616 533 753 568 Παρθένου
770 533 841 568 ὑπὲρ
858 532 909 567 φῦ-

121 587 168 604 σιν
184 577 290 613 ἐτέχθη,
305 577 395 609 καθὼς
416 579 432 612 ἡ
458 578 503 604 τοῦ
526 578 682 614 Πνεῦμα-τος
703 578 845 605 ἐπίσταται
860 579 909 613 χά-

121 632 178 659 ρις.
197 624 226 650 '0
241 624 356 655 Παλαιὸς
370 623 423 650 τῶν
436 623 547 659 ἡμερῶν
564 624 668 651 παιδίον
685 623 813 658 γέγονεν’
831 625 844 650 6
863 624 908 650 ἐπὶ

121 669 221 704 θρόνου
248 669 350 704 ὑψήλου
369 668 522 704 καθήμενος
540 671 569 695 ἐν
592 670 678 706 φάτνῃ
693 670 812 696 τίθεται·
832 671 846 696 6
860 670 908 696 ἀν-

120 715 198 749 αφὴς
213 714 260 741 καὶ
275 714 420 749 ἀσώματος
440 714 532 749 χερσὶν
546 714 727 748 ἀνθρωπίναις
744 715 887 741 εἱλίσσεται
898 723 905 730 ο

120 760 136 785 ὁ
153 760 188 786 τὰ
211 760 260 794 τῆς
280 759 415 795 ἁμαρτίας
435 759 554 786 διασπῶν
576 760 662 794 δεσμὰ
687 762 715 788 ὲν
741 762 907 797 σπαργάνοις

120 804 289 839 ἐμπλέκεται
301 812 307 818 ·
325 805 372 831 καὶ
388 804 481 839 ἐπειδὴ
494 804 571 831 τοῦτο
587 805 667 833 θέλει.
682 806 747 833 Τίνα
757 804 803 833 οὖν
815 806 905 833 ἔτεκεν

120 850 139 885 ἡ
157 850 310 885 Παρθένος;
336 850 387 876 Τὸν
406 849 542 885 Δεσπότην
558 850 607 886 τῆς
635 851 752 885 φύσεως.
777 851 835 878 Κᾶν
852 852 905 888 γὰρ

121 897 156 921 σὺ
178 896 292 931 σιωπᾷς,
317 897 333 931 ή
361 896 440 930 φύσις
456 896 514 932 βοᾷ.
534 897 629 923 Ἔτεκε
654 897 708 932 γὰρ
733 898 749 932 ἡ
770 898 907 932 Παρθένος

120 940 228 976 Μαρία,
245 941 282 972 ὼς
295 942 309 967 6
321 941 424 976 τεχθεὶς
437 941 563 976 τεχθῆναι
575 941 715 978 ἠθέλησεν.
732 943 768 968 Ob
783 943 837 978 γὰρ
853 942 907 970 ἀπὸ

120 986 173 1021 τῆς
187 985 292 1021 φύσεως
308 986 448 1021 ἔστρεπτο,
463 986 518 1013 ἀλλ’
529 986 567 1018 ὡς
589 987 725 1021 Δεσπότης
738 987 788 1021 τῆς
801 988 907 1022 φύσεως

122 1031 198 1064 ξένον
218 1033 369 1068 γεννήσεως
392 1033 522 1067 εἰσήγαγε
536 1032 650 1067 ξτρόπον.
675 1033 778 1068 Ὅμως,
796 1034 843 1060 καὶ
859 1034 905 1061 ἆν-

121 1077 232 1113 Θρωπος
246 1078 399 1113 γενόμενος,
422 1078 471 1112 οὐχ
493 1077 532 1109 ὡς
559 1077 700 1113 ἅνθρωπος
714 1079 843 1106 τίκτεται.
875 1079 907 1105 Εἰ

121 1122 178 1157 γὰρ
193 1124 224 1148 ὲκ
243 1122 331 1148 κοινοῦ
345 1122 433 1157 γάμου
454 1121 581 1157 προῆλθε,
597 1122 720 1158 καθάπερ
736 1123 823 1157 κάγὼ,
840 1123 906 1158 ψεῦ-

121 1168 167 1200 δος
189 1169 244 1199 τοῖς
263 1168 368 1199 πολλοῖς
389 1167 536 1202 ἐνομίζετο.
555 1167 610 1194 Νῦν
626 1168 670 1194 διὰ
688 1168 765 1195 τοῦτο
786 1169 818 1195 ἐκ
834 1170 907 1205 Παρ-

123 1214 200 1240 θένου
219 1213 337 1240 τίκτεται
357 1214 371 1239 ὁ
384 1213 550 1248 τικτόμενος,
563 1214 610 1240 καὶ
623 1214 671 1248 τὴν
688 1214 793 1249 μητέρα
816 1214 906 1242 λοιπὸν

123 1259 257 1294 διατηρεῖ,
277 1259 324 1285 καὶ
339 1259 389 1293 τὴν
404 1258 551 1294 παρθενίαν
563 1258 657 1285 ἄλυτον
668 1259 850 1294 διαφυλάττει,
865 1261 907 1287 ἵνα

123 1305 138 1330 ὁ
158 1304 231 1336 ξένος
245 1304 294 1338 τῆς
309 1304 432 1337 κυήσεως
456 1302 556 1338 τρόπος
580 1301 696 1334 πίστεώς
722 1311 765 1337 μοι
788 1303 907 1338 μεγάλης

123 1349 252 1384 πρόξενος
264 1348 384 1383 γένηται.
403 1347 483 1374 Ὅθεν
508 1347 559 1374 κᾶν
584 1347 692 1382 Ἕλλην,
712 1347 763 1374 κᾶν
783 1348 906 1380 Ἰουδαῖός

125 1401 158 1428 με
172 1393 269 1428 ἐρωτᾷ,
287 1393 311 1418 εἰ
325 1391 440 1426 Χριστὸς
451 1391 521 1418 κατὰ
535 1391 614 1426 φύσιν
631 1391 739 1425 γέγονεν
754 1391 905 1427 ἄνθρωπος,

122 1438 140 1473 ἢ
153 1437 229 1473 παρὰ
244 1437 294 1473 τὴν
307 1437 401 1463 ἑαυτοῦ
418 1436 508 1470 φύσιν,
525 1436 639 1472 ὲροῦμαι
657 1436 782 1472 μάρτυρα
796 1437 842 1463 τοῦ
865 1437 907 1463 λό-

123 1492 172 1517 γου
195 1484 244 1519 τὴν
267 1482 378 1510 ἄσπιλον
399 1481 449 1516 τῆς
473 1481 620 1517 παρθενίας
637 1481 771 1518 σφραγῖδα
799 1481 904 1509 καλῶν·

121 1529 208 1561 οὕτως
224 1528 277 1563 γὰρ
292 1527 358 1559 Θεὸς
372 1527 454 1553 νικῶν
471 1526 520 1562 τῆς
539 1527 645 1561 φύσεως
662 1526 747 1558 τάξιν.

157 1574 184 1601 2.
198 1574 252 1600 Καὶ
267 1574 292 1599 εί
307 1572 398 1608 βούλῃ,
415 1571 552 1607 ἐρώτησον
576 1572 622 1599 τὸν
640 1572 773 1607 μακάριον
799 1572 906 1599 Λουκᾶν

123 1621 168 1645 τὶν
181 1618 384 1654 εῦαγγελιστὴν,
400 1618 446 1644 καὶ
468 1617 642 1652 ἀποκρίνεταί
662 1626 702 1643 σοι
717 1618 781 1653 περὶ
801 1617 849 1652 τῆς
863 1618 906 1643 εν-

125 1665 225 1700 σάρκου
243 1662 324 1690 αὑτοῦ
345 1663 510 1698 οἰκονομίας,
530 1663 689 1698 Ἀρχόμενος
703 1662 756 1698 γὰρ
766 1661 851 1693 οὕτως
865 1662 908 1688 λέ-

123 1719 184 1744 γει·
200 1710 263 1736 (Ἐν
276 1710 304 1736 δὲ
323 1708 362 1744 τῷ
379 1709 444 1744 μηνὶ
457 1708 494 1743 τῷ
509 1708 579 1743 ἕκτῳ
596 1709 644 1744 τῆς
667 1707 822 1742 συλλήψεως
840 1707 908 1733 Ἐλι-

124 1754 206 1781 σᾶιϐετ
221 1753 358 1788 ἀπεστάλη
374 1754 388 1779 6
400 1753 513 1787 ἄγγελος
529 1752 647 1788 Γαϐριὴλ
664 1752 715 1778 ὑπὸ
727 1751 773 1778 τοῦ
786 1751 851 1778 Θεοῦ
868 1752 907 1783 εἰς

125 1799 199 1826 πόλιν
214 1799 262 1834 τῆς
275 1799 428 1831 Γαλιλαίας,
451 1795 468 1836 ᾖ
489 1798 572 1834 ὄνομα
591 1797 728 1833 Ναζαρὲτ,
752 1798 820 1833 πρὸς
838 1806 907 1832 παρ-

125 1844 199 1871 θένον
212 1844 452 1879 μεμνηστευμένην
468 1843 544 1878 ἀνδρὶ
556 1840 578 1877 ᾧ
591 1843 676 1878 ὅνομσ,
693 1843 799 1882 νξωσὴιρ,
820 1843 865 1869 καὶ
878 1842 908 1868 τὸ

124 1891 207 1924 ὄνομα
216 1890 265 1924 τῆς
277 1889 409 1925 παρθένου
426 1888 551 1924 Μαριάμ.
563 1889 617 1915 Καὶ
631 1887 755 1914 εἰσελθὼν
767 1889 781 1914 6
795 1887 907 1921 ἄγγελος

125 1935 192 1972 πρὸς
205 1936 288 1971 αὐτὴν
304 1933 364 1961 εἷπε
377 1944 383 1950 ·
417 1935 512 1971 Χαῖρε,
535 1934 751 1969 κεχαριτωμένη,
775 1933 789 1958 ὁ
808 1933 907 1967 Κύριος

126 1980 194 2014 μετὰ
207 1979 265 2006 σοῦ.
281 1979 455 2014 Εὐλογημένη
469 1979 502 2004 σὺ
516 1979 545 2004 ὲν
557 1978 685 2012 γυναιξίν.
707 1978 738 2004 Ἠ
752 1977 791 2008 δὲ,
807 1977 906 2008 ἰδοῦσα,

125 2024 286 2060 διεταράχθη
302 2025 347 2050 ἐπὶ
363 2024 400 2059 τῷ
419 2024 489 2059 λόγῳ
504 2023 596 2055 αὑτοῦ,
612 2024 659 2049 καὶ
680 2023 841 2056 διελογίζετο
858 2031 907 2048 πο-

126 2070 208 2101 ταπὸς
221 2070 264 2104 εἴη
275 2071 289 2095 6
306 2070 449 2104 ἀσπασμὸς
468 2066 553 2100 οὗτος.
576 2069 630 2095 Καὶ
645 2066 720 2095 εἶπεν
733 2069 801 2103 αὐτῇ
825 2070 839 2095 6
860 2068 909 2103 ἄγ-

125 2115 211 2148 γελος·
226 2116 270 2151 Μὴ
284 2115 377 2150 φοϐοῦ,
392 2116 516 2150 Μαριάμ·
526 2112 603 2150 εὗρες
617 2115 671 2150 γὰρ
682 2114 760 2150 χάριν
774 2114 848 2149 παρὰ
862 2114 907 2141 τοῦ

125 2161 202 2195 Θεοῦ.
223 2162 279 2188 Καὶ
301 2161 354 2187 ἰδοὺ
374 2161 494 2197 συλλήψῃ
516 2162 545 2187 ὲν
567 2161 675 2196 γαστρὶ,
697 2161 743 2188 καὶ
756 2161 819 2198 τέξῃ
839 2162 906 2194 υἱὸν,

126 2207 172 2233 καὶ
195 2207 319 2238 καλέσεις
341 2207 371 2233 τὸ
389 2207 473 2241 ὄνομα
495 2206 576 2233 αὑτοῦ
598 2207 710 2242 Ἰησοῦν.
725 2203 808 2238 Οὗτος
831 2207 906 2233 ἔσται

127 2255 210 2290 μέγας
222 2253 267 2280 καὶ
288 2253 350 2284 Υἱὸς
370 2252 498 2287 Ὑψίστου
514 2252 687 2288 κληθήσεται,
702 2253 749 2279 καὶ
763 2252 843 2279 δώσει
857 2253 906 2280 αὺ-

125 2300 163 2335 τῷ
174 2300 273 2336 Κύριος
294 2299 308 2324 6
322 2298 387 2329 Θεὸς
401 2298 446 2324 τὸν
466 2297 558 2333 θρόνον
575 2297 655 2324 Δαυῒδ
675 2298 722 2324 τοῦ
744 2298 846 2334 πατρὸς
860 2298 908 2324 αὑ-

126 2346 181 2373 τοῦ.
190 2346 244 2372 Καὶ
257 2344 407 2379 βασιλεύσει
421 2344 467 2370 ἐπὶ
477 2344 521 2370 τὸν
535 2341 607 2370 οἷκον
622 2342 717 2370 Ἰακὼϐ
732 2345 770 2375 είς
786 2344 848 2375 τοὺς
864 2345 907 2370 αἰ-

127 2392 206 2424 ῶνας,
218 2391 265 2418 καὶ
277 2390 327 2425 τῆς
346 2389 482 2424 βασιλείας
495 2388 576 2415 αὑτοῦ
595 2389 645 2415 οὐκ
658 2389 733 2415 ἔσται
748 2389 831 2421 τέλος.
841 2384 907 2416 Eine

126 2438 152 2464 δὲ
170 2437 283 2472 Μαριὰμ
302 2435 369 2471 πρὸς
381 2436 427 2461 τὴν
440 2434 569 2468 ἄγγελον·
589 2434 650 2465 Πῶς
667 2433 742 2461 ἔσται
759 2443 804 2469 μοι
816 2435 904 2468 τοῦτο,

128 2484 185 2510 ἐπεὶ
199 2483 283 2519 ἄνδρα
299 2483 329 2508 οὐ
355 2482 498 2516 γινώσκω;
519 2481 573 2507 Καὶ
592 2481 749 2516 ἀποκριθεὶς
764 2481 778 2506 ὁ
794 2481 907 2515 ἄγγελος

128 2529 198 2556 εἶπεν
212 2529 279 2563 αὐτῇ
290 2537 296 2544 ’
313 2528 423 2563 Πνεῦμα
438 2527 513 2561 ἆγιον
538 2526 712 2553 ἐπελεύσεται
735 2526 780 2553 ἐπὶ
797 2527 836 2559 σὲ,
859 2527 907 2553 καὶ

128 2574 236 2609 δύναμις
245 2573 370 2608 Ὑψίστου
387 2572 539 2599 ἐπισκιάσει
548 2580 598 2599 σοι.
614 2581 624 2597 ›
635 2572 724 2598 ...Καὶ
737 2572 907 2607 δυσχεραίνε-

128 2629 177 2647 ται.
196 2619 326 2654 Εἰσῆλθεν
346 2619 477 2654 ᾶσαρκος,
508 2617 678 2653 ὲκυοιρορήθη
704 2618 906 2653 ὲννεαμηνιαῖον

129 2666 217 2701 χρόνον
229 2666 257 2692 ὲν
272 2667 303 2701 τῇ
320 2665 410 2700 μήτρᾳ
426 2664 475 2699 τῆς
491 2663 638 2698 Παρθένου.
652 2664 781 2699 Εἰσῆλθεν
795 2664 831 2695 ὡς
845 2664 908 2698 ἠθέ-

129 2711 214 2747 λησεν,
230 2711 400 2746 ὲκυοφορήθη
414 2710 452 2741 ὡς
468 2709 610 2745 ηὐδόκησε.
624 2709 760 2745 Προῆλθεν
776 2710 812 2742 ὡς
830 2710 907 2736 ἐϐου-

162 2801 183 2817 "
202 2801 268 2828 Luc.
285 2808 304 2834 ι,
319 2799 412 2826 26-55.

962 219 1011 238 sua
1034 210 1230 245 gubernatione
1250 210 1371 240 orbatos,
1393 217 1480 244 neque
1501 210 1582 237 homo
1602 209 1673 244 apud
1693 218 1743 238 nos

960 254 1151 289 351factus,
1173 253 1283 288 propria
1308 254 1426 281 excessit
1457 253 1568 281 deitate.
1589 253 1641 281 Sed
1667 263 1744 289 reges

960 299 1068 333 quidem
1081 299 1220 326 caelestem
1241 307 1329 333 regem
1343 300 1483 326 adoratum
1496 303 1637 331 venerunt,
1650 299 1743 326 ineffa-

959 343 1006 371 hili
1021 343 1100 371 modo
1118 351 1150 370 ex
1167 343 1248 371 Patre
1265 345 1402 378 genitum;
1421 348 1448 370 et
1460 343 1540 370 hodie
1564 347 1674 378 propter
1699 351 1742 370 me

959 397 990 415 ex
1006 388 1117 424 Virgine
1134 394 1244 422 natum;
1259 389 1305 416 sed
1315 394 1371 416 tum
1383 390 1491 424 quidem
1503 390 1633 424 genitum,
1645 397 1742 417 secun-

958 433 1022 460 dum
1038 438 1163 460 naturam
1181 443 1187 460 :
1205 434 1256 460 hac
1287 434 1330 461 die
1351 441 1416 460 vero
1434 439 1545 469 propter
1561 442 1636 461 suam
1657 435 1742 470 ipsius

958 482 1093 504 naturam.
1109 479 1179 505 Ante
1195 479 1293 506 smeula
1310 486 1427 513 namque
1441 480 1548 514 genitus
1559 487 1591 506 ex
1603 479 1694 512 Patre,
1712 484 1742 507 ut

958 524 1033 550 novit
1045 525 1090 558 qui
1105 524 1192 558 ipsum
1209 525 1310 558 genuit,
1322 524 1403 552 hodie
1414 532 1447 551 ex
1463 524 1572 560 Virgine
1589 533 1671 560 supra
1690 534 1740 553 na-

958 572 1046 595 turam
1063 569 1171 603 genitus
1182 573 1272 601 est,ut
1286 569 1360 596 novit
1375 570 1486 604 spiritus
1497 571 1592 605 gratia.
1605 571 1740 606 Antiquus

957 614 1061 641 dierum
1081 614 1170 642 factus
1193 620 1235 642 est
1258 615 1348 642 infans
1374 616 1444 650 :qui
1467 616 1492 642 in
1509 617 1607 643 throno
1630 618 1741 645 sedebat

960 661 1079 693 excelso,
1091 661 1117 687 in
1131 662 1261 696 prcsepio
1277 661 1416 696 reponitur
1432 669 1439 688 :
1454 662 1501 696 qui
1513 662 1643 690 intactilis
1655 667 1681 690 et
1698 663 1741 690 in-

959 713 1108 741 corporeus
1132 710 1190 741 est,
1211 706 1336 735 manibus
1362 707 1509 735 involvitur
1531 707 1657 735 humanis
1673 709 1738 743 :qui

959 752 1066 786 peccati
1091 753 1199 780 vincula
1224 753 1363 788 discerpit,
1381 753 1407 780 in
1434 754 1532 788 pannis
1549 754 1738 789 complicatur.

957 799 1013 826 lmo
1027 808 1100 832 vero,
1115 800 1179 834 quia
1190 800 1217 827 id
1232 800 1270 826 illi
1281 800 1377 834 placet.
1391 800 1541 832 Quemnam
1558 801 1640 835 igitur
1656 800 1738 835 Virgo

922 841 943 880 Β
958 845 1078 878 peperit?
1093 846 1236 872 Dominum
1251 850 1366 872 natura.
1383 845 1495 873 Etiamsi
1511 846 1583 873 enim
1600 851 1626 873 tu
1644 847 1737 879 sileas,

957 889 1015 924 ipsa
1034 890 1133 917 clamat
1161 895 1269 918 natura.
1293 890 1402 925 Peperit
1424 891 1523 925 quippe
1547 892 1624 926 virgo
1643 891 1738 927 Maria,

956 943 1040 969 quare
1053 936 1099 970 qui
1114 939 1194 963 natus
1205 941 1246 964 est
1259 937 1336 963 nasci
1353 937 1448 963 voluit.
1461 936 1520 963 Non
1539 937 1610 964 enim
1635 942 1738 964 natura:

957 979 1040 1015 legem
1058 981 1236 1016 sequebatur;
1253 981 1302 1009 sed
1317 988 1446 1016 tanquam
1469 986 1574 1010 natura;
1595 982 1737 1012 Dominus,

957 1034 1054 1054 novum
1069 1027 1216 1054 nativitatis
1241 1027 1346 1055 induxit
1375 1028 1495 1055 modum.
1516 1028 1642 1056 Attamen
1657 1029 1738 1056 homo

956 1072 1019 1099 licet
1030 1072 1117 1100 factus
1128 1074 1175 1105 sit,
1193 1081 1246 1100 non
1265 1077 1393 1108 tanquam
1406 1073 1485 1100 homo
1511 1074 1641 1101 nascitur.
1670 1073 1737 1100 Nam

957 1117 979 1145 si
990 1125 1024 1145 ex
1036 1118 1139 1153 vulgari
1153 1119 1278 1153 conjugio
1292 1119 1362 1146 sicut
1376 1123 1403 1146 et
1413 1127 1463 1154 ego
1471 1119 1613 1153 prodiisset
1625 1140 1631 1151 ,
1645 1119 1671 1145 id
1681 1127 1736 1146 rem

956 1171 1016 1191 esse
1039 1164 1181 1191 conficiant
1205 1165 1282 1191 multi
1310 1164 1522 1192 existimassem.
1546 1165 1623 1192 Nunc
1647 1170 1736 1193 autem

957 1209 1017 1237 ideo
1029 1217 1061 1237 ex
1077 1209 1332 1245 Virgine-nascitur,
1350 1214 1519 1245 matremque
1533 1215 1676 1239 conservat
1703 1211 1738 1238 il-

957 1255 1076 1286 libatam,
1087 1263 1118 1282 ac
1131 1256 1191 1290 ejus
1201 1255 1384 1291 virginitatem
1399 1256 1587 1283 intemeratum
1599 1256 1736 1288 custodit;

957 1304 985 1326 ut
1000 1300 1120 1328 insolens
1133 1305 1227 1334 partus
1239 1300 1347 1331 modus,
1364 1308 1467 1335 magnae
1494 1301 1558 1327 mihi
1588 1301 1646 1328 ﬁdei
1659 1301 1737 1329 foret.

957 1345 1033 1373 Unde
1048 1345 1070 1372 si
1085 1345 1124 1372 vel
1135 1346 1255 1380 gentilis,
1271 1345 1313 1372 vel
1326 1344 1436 1372 Judaaus
1450 1353 1493 1372 me
1505 1345 1660 1380 interroget,
1673 1353 1738 1373 num

956 1391 1082 1419 Christus
1099 1391 1248 1418 secundum
1264 1395 1391 1418 naturam
1419 1391 1500 1418 homo
1515 1391 1604 1419 factus
1624 1392 1668 1424 sit,
1693 1399 1740 1419 aut

957 1441 1051 1465 contra
1066 1444 1142 1464 suam
1159 1442 1295 1468 naturam,
1310 1444 1359 1472 pro
1370 1437 1547 1471 responsione
1566 1441 1664 1464 testem
1687 1436 1740 1463 hu-

955 1483 1033 1518 jusce
1046 1483 1085 1510 rei
1101 1483 1240 1510 advocabo
1255 1481 1632 1516 immaculatumvirginitatis
1646 1483 1739 1517 signa-

958 1529 1048 1556 culum
1063 1539 1069 1556 :
1088 1529 1125 1555 ita
1136 1535 1232 1562 nempe
1249 1526 1321 1554 Deus
1335 1531 1440 1554 naturae
1457 1527 1542 1554 vincit
1551 1526 1686 1554 ordinem.

991 1574 1018 1601 Ξ.
1049 1573 1161 1606 Quodsi
1192 1573 1290 1605 libeat,
1328 1572 1465 1607 interroga
1497 1571 1606 1599 beatum
1637 1571 1738 1598 Lucam

957 1619 1150 1653 evangelistam
1164 1638 1171 1650 ,
1197 1619 1300 1652 tibique
1328 1619 1372 1646 ille
1399 1619 1572 1654 respondebit
1588 1619 1622 1647 de
1637 1619 1697 1654 ejus
1711 1619 1739 1646 in

957 1671 1038 1690 carne
1051 1663 1212 1690 meonomia.
1233 1663 1279 1690 llis
1292 1663 1363 1690 enim
1376 1664 1433 1698 ipse
1449 1665 1539 1691 verbis
1552 1664 1672 1691 orditur:
1688 1674 1697 1690 ‹
1711 1663 1739 1691 ln

958 1716 1050 1736 mense
1064 1713 1153 1735 autem
1181 1711 1256 1735 sexto
1272 1709 1458 1744 conceptionis
1485 1708 1614 1740 Elisabet,
1639 1709 1740 1736 missus

957 1757 998 1780 est
1008 1754 1120 1789 angelus
1137 1753 1245 1781 Gabriel
1257 1761 1271 1780 a
1287 1753 1342 1780 Deo
1355 1756 1383 1781 in
1400 1754 1536 1781 civitatem
1551 1753 1677 1787 Galilmae,
1695 1755 1740 1782 cui

957 1806 1055 1825 nomen
1071 1797 1196 1830 Nazaret,
1214 1798 1248 1825 ad
1264 1798 1396 1834 virginem
1413 1798 1605 1833 desponsatam
1614 1799 1683 1831 viro,
1694 1799 1739 1826 cui

957 1851 1056 1871 nomen
1073 1849 1131 1870 erat
1142 1843 1252 1878 Joseph,
1283 1850 1309 1872 et
1331 1851 1430 1871 nomen
1445 1844 1570 1879 virginis,
1593 1843 1689 1872 Maria.
1707 1844 1741 1872 Et

957 1889 1096 1922 ingressus
1112 1889 1225 1923 angelus
1239 1889 1272 1916 ad
1285 1896 1345 1915 eam
1357 1889 1426 1916 dixit
1443 1899 1450 1916 :
1467 1890 1534 1921 Ave,
1544 1889 1632 1924 gratia
1647 1891 1739 1924 plena.

957 1933 1089 1960 Dominus
1103 1937 1203 1960 tecum.
1218 1933 1365 1961 Benedicta
1381 1938 1409 1960 tu
1424 1934 1452 1961 iu
1463 1934 1633 1962 mulieribus.
1653 1934 1740 1967 Quem

958 1987 1019 2006 cum
1034 1979 1148 2007 vidisset
1161 1979 1217 2011 illa,
1235 1979 1343 2006 turbata
1358 1984 1399 2006 cst
1414 1979 1442 2006 in
1464 1987 1588 2007 sermone
1616 1980 1686 2014 ejus,
1714 1984 1741 2007 et

958 2025 1105 2060 cogitabat,
1121 2025 1209 2060 qualis
1225 2030 1298 2052 esset
1313 2025 1362 2052 isla
1374 2025 1511 2052 salutatio.
1530 2024 1563 2052 Et
1575 2025 1612 2052 ait
1627 2026 1741 2061 angelus

958 2071 981 2096 ei
999 2078 1005 2096 :
1024 2069 1063 2097 Ne
1083 2071 1188 2102 timeas,
1201 2070 1302 2104 Maria;
1317 2070 1442 2097 invenisti
1455 2069 1527 2097 enim
1542 2069 1656 2105 gratiam
1669 2071 1742 2105 apud

959 2117 1053 2145 Deum.
1068 2117 1101 2144 Et
1114 2125 1177 2145 ecce
1192 2118 1330 2152 concipies
1355 2117 1383 2144 in
1397 2121 1475 2144 utero
1489 2121 1516 2144 et
1537 2118 1627 2151 paries
1643 2117 1739 2148 ﬁliuni,

959 2169 985 2189 el.
1004 2163 1115 2190 vocabis
1130 2171 1228 2190 nomen
1243 2163 1302 2197 ejus
1327 2161 1430 2190 Iesum.
1452 2162 1502 2189 Hic
1516 2162 1569 2189 erit
1589 2169 1704 2196 magnus
1715 2165 1742 2189 et

958 2207 1044 2236 Filius
1073 2208 1207 2236 Altissimi
1236 2208 1388 2239 vocabitur,
1405 2211 1432 2235 et
1446 2207 1521 2234 dabit
1545 2207 1584 2234 illi
1609 2206 1741 2235 Dominus

959 2254 1030 2281 Deus
1044 2253 1171 2280 thronum
1191 2252 1275 2280 David
1300 2252 1391 2280 Patris
1417 2252 1488 2287 ejus,
1508 2255 1536 2279 et
1564 2252 1687 2287 regnabit
1712 2253 1739 2279 in

958 2300 1040 2327 domo
1050 2299 1135 2326 Jacob
1143 2299 1170 2326 in
1182 2304 1324 2331 mternum,
1336 2302 1364 2326 et
1376 2299 1451 2333 regni
1461 2298 1520 2333 ejus
1533 2306 1587 2325 non
1598 2298 1650 2325 erit
1667 2297 1740 2325 ﬁnis.

959 2345 1032 2372 Dixit
1045 2349 1134 2372 autem
1146 2344 1229 2371 Maria
1249 2344 1283 2371 ad
1298 2344 1423 2379 angelum
1445 2353 1452 2371 :
1468 2343 1610 2376 Quomodo
1621 2343 1664 2370 ﬁet
1675 2343 1741 2370 mihi

959 2391 1183 2424 istud,quoniam
1215 2391 1303 2417 virum
1333 2397 1386 2417 non
1406 2389 1564 2424 cognosco?
1578 2389 1610 2415 Et
1628 2396 1742 2423 respon-

960 2435 1027 2462 dens
1036 2435 1146 2469 angelus
1162 2434 1231 2461 dixit
1245 2435 1270 2461 ei
1288 2443 1294 2460 :
1314 2433 1432 2469 Spiritus
1443 2439 1553 2461 sanctus
1570 2434 1741 2468 superveniet

961 2482 1032 2512 inte,
1045 2485 1071 2508 et
1084 2481 1169 2508 virtus
1181 2480 1312 2507 Altissimi
1325 2480 1498 2507 obumbrabit
1510 2480 1557 2506 tibi
1566 2480 1598 2507 ".
1607 2478 1741 2514 i...A'Igre

960 2527 1064 2554 scilicet
1082 2527 1148 2553 illud
1164 2527 1277 2554 ferebat.
1291 2526 1435 2561 Ingressus
1460 2531 1548 2553 autem
1566 2525 1667 2560 (Jesus)
1692 2525 1740 2560 qui

960 2574 1051 2600 carnis
1061 2578 1120 2600 erat
1135 2580 1242 2607 expers,
1255 2578 1375 2608 gestatus
1390 2577 1431 2601 est
1448 2580 1544 2600 novem
1560 2571 1701 2598 mensibus
1714 2571 1741 2598 in

961 2623 1037 2645 utero
1052 2618 1181 2654 Virginis.
1199 2619 1340 2653 Ingressus
1359 2623 1401 2646 est
1416 2622 1496 2653 prout
1509 2618 1603 2649 voluit,
1619 2621 1742 2652 gestatus

960 2663 1011 2690 fuit
1030 2668 1058 2690 ut
1072 2664 1123 2692 Slbl
1139 2664 1252 2699 placuit.
1275 2664 1379 2691 Prodiit
1402 2669 1431 2692 ut
1455 2667 1512 2700 ipse
1535 2663 1669 2699 cupiebat.
1699 2662 1750 2690 ln-I

961 2714 1124 2746 gressusest
1133 2711 1226 2738 carnis
1242 2718 1357 2746 expers;
1378 2710 1470 2739 iactus
1492 2714 1536 2738 est
1551 2709 1642 2742 homo,
1660 2710 1742 2737 unita
