1940 3067
210 116 264 146 963

766 111 794 138 S.
816 107 1044 137 ATIIANASIUS.
1064 123 1100 130 —
1117 108 1229 136 DUBIA.

1771 111 1829 140 964

210 174 321 202 ale-italis
331 173 492 200 oeconomia.
507 171 600 206 Neque
616 171 685 199 duos
697 171 814 198 dicimus
841 169 922 198 ﬁlios.
939 169 986 196 sed

1050 168 1114 203 .1391].
1129 167 1256 203 Εἰσῆλθεν
1266 167 1394 204 ἄσαρκος,
1403 168 1512 202 ἐγένετο
1520 168 1670 204 ἄνθρωπος.
1681 169 1830 206 ἡνωμένης

211 228 306 250 unum.
326 221 467 254 ipsumque
482 226 514 244 ac
525 217 649 244 eumdem
674 216 849 251 intelligimus
863 215 909 242 Dei
922 214 989 242 Ver-

211 260 280 292 buni
289 269 316 291 ct
335 264 476 290 Dominum
488 266 612 289 nostrum
627 261 720 289 Jesum
733 261 882 288 Christum.
892 259 991 287 Factus

210 315 253 338 est
270 310 350 336 homo
364 319 370 336 :
385 309 488 343 fuitque
499 313 596 334 natura
623 308 717 334 homo.
745 306 846 333 Factus
862 305 991 340 estquod

211 363 265 383 non
280 360 348 385 erat,
360 358 386 381 et
402 354 532 381 remansit
548 352 619 387 quod
633 356 700 380 erat.
716 351 837 386 Namque
853 360 863 376 ι
882 349 910 377 1η
918 350 992 385 prin-

210 402 282 436 cipio
291 405 349 428 erat
380 400 493 428 Verbum
508 403 534 426 et
550 398 668 425 Verbum
693 402 752 425 erat
766 397 836 432 apud
852 396 945 428 Deum,
965 399 992 423 et

212 447 282 474 Deus
296 445 478 473 cratVerbum
491 446 515 461 ⁷⁸
526 455 559 480 ..1
580 444 678 472 Factus
693 448 734 471 est
748 451 824 474 caro,
838 451 888 470 nec
903 442 993 469 amisit

212 492 282 526 quod
295 496 363 518 erat.
378 501 387 516 ‹
406 491 436 518 Et
453 491 582 518 habitavit
597 491 624 517 in
651 490 728 516 nobis
740 490 773 516 ".
797 498 806 514 ι
824 488 903 520 illud,
918 497 927 513 ί
947 488 994 514 ha-

212 537 306 562 bitarit
324 537 350 563 in
369 537 464 568 nobis;
482 546 491 561 ι
506 536 530 562 id
544 539 596 566 cst,
609 535 750 562 nobiscum
764 538 939 560 conversatus
951 537 994 560 est

211 581 286 617 juxta
302 587 424 609 sanctum
451 581 606 612 Jeremiam,
626 582 680 607 iulo
701 580 790 614 potius
821 579 881 613 ejus
911 579 991 605 mini-

213 633 298 655 strum
315 628 418 653 Baruch
438 637 443 653 :
462 636 470 652 ε
493 626 541 653 llic
559 626 628 654 Deus
644 631 807 657 noster,nec
817 625 995 652 aestimabitur

213 673 282 699 alius
295 673 424 699 adversus
435 679 508 698 cum.
524 671 575 704 Qui
588 671 726 698 adiuvenit
741 677 849 697 omnem
868 670 938 696 viam
954 669 995 695 di-

213 719 343 753 sciplinze,
371 723 398 744 et
425 717 536 744 tradidit
565 717 638 744 illam
670 716 754 744 Jacob
787 723 871 751 puero
897 723 948 743 suo
969 719 996 742 et

215 764 294 791 Israel
308 764 408 790 dilecto
432 771 491 790 suo.
519 762 584 790 Post
598 763 656 790 haec
671 762 698 789 in
712 763 793 789 terris
805 763 881 790 visus
899 766 951 794 est,
969 765 996 789 et

213 818 275 837 cum
291 809 446 836 hominibus
463 813 641 836 conversatus
649 813 690 837 est
711 809 743 836 ὀ.
763 817 773 834 ι

250 898 276 925 5.
292 897 360 924 Audi
377 897 459 931 igitur
475 897 612 932 Evangelii
636 905 729 925 vocem
745 905 751 923 :
767 905 897 933 magnum
921 899 994 925 enim

215 943 293 969 nobis
304 942 442 977 quidpiam
472 942 607 976 signiﬁcat
621 941 678 969 haec
697 942 784 977 angeli
806 951 857 969 vox
879 942 912 969 ad
931 950 995 969 san-

213 993 284 1014 ctam
298 987 433 1022 Virginem
448 995 455 1013 :
471 996 480 1012 α
497 987 576 1015 Ecce.
589 987 686 1021 inquit.
710 987 848 1022 concipies
871 988 899 1014 in
914 988 994 1023 352

215 1037 302 1064 uti-ro,
317 1037 344 1059 et
361 1033 449 1068 paries
461 1032 556 1065 lilium,
571 1036 598 1059 et
615 1033 724 1059 vocabis
741 1040 838 1059 nomen
856 1033 915 1066 ejus
931 1033 997 1060 Eni--

215 1078 336 1111 Inanuel,
349 1077 422 1112 quod
442 1082 483 1104 est
499 1078 718 1111 interpretatum,
736 1076 882 1104 Nobiscum
895 1077 993 1105 Deus.»

215 1123 376 1158 Priusquam
392 1124 418 1150 in
436 1128 512 1150 utero
535 1130 602 1157 puer
615 1123 814 1156 conciperetur,
830 1127 942 1151 vocatus
955 1127 997 1150 est

216 1171 296 1199 Deus.
311 1170 425 1199 scilicet.
439 1168 584 1195 Nobiscum
601 1167 682 1194 Deus.
696 1167 836 1202 Propheta:
850 1168 931 1203 igitur
944 1176 998 1196 ser-

215 1216 289 1242 moni
303 1214 424 1242 concinit
444 1213 520 1245 illud,
540 1222 549 1238 (
565 1221 627 1241 cum
644 1213 801 1241 hominibus
820 1218 997 1242 conversatus

215 1265 268 1292 est,
286 1269 295 1285 ι
314 1264 340 1287 et
359 1260 445 1287 illud:
468 1269 478 1285 ‹
498 1260 630 1287 habitavit
650 1260 678 1287 in
699 1259 789 1287 nobis.
804 1269 814 1285 ›
836 1260 905 1287 Ante
932 1268 998 1287 con-

216 1307 367 1341 eeptionem
383 1314 448 1342 ergo
462 1314 540 1341 puer,
557 1311 671 1334 vocatus
685 1311 727 1334 est
749 1306 831 1334 Deus.
846 1306 905 1339 Quo
918 1311 998 1341 pacto

217 1353 299 1388 igitur
317 1353 428 1387 Dcipara
444 1360 497 1379 non
517 1351 596 1379 fuerit
613 1355 708 1380 sancta
723 1353 799 1387 virgo
816 1351 998 1379 Maria?Cum

218 1400 308 1434 itaque
323 1406 420 1425 nomen
431 1398 496 1425 illud
509 1399 610 1425 nullam
626 1399 744 1426 hominis
756 1398 852 1425 habent
864 1398 999 1433 signiﬁca-

218 1446 329 1477 tionem.
347 1445 418 1472 Deus
432 1450 473 1472 est
484 1453 550 1480 puer
565 1445 610 1472 ille
620 1449 711 1476 natus,
726 1445 772 1480 qui
787 1443 906 1480 Virginis
917 1448 996 1471 natu-

1039 215 1088 249 τῆς
1105 214 1229 249 θεότητος
1238 215 1271 249 τῇ
1285 214 1434 249 οἰκονομίᾳ.
1446 214 1500 240 Καὶ
1513 215 1543 240 οὐ
1556 214 1669 249 λέγομεν
1685 215 1730 242 δύο
1739 217 1829 248 υἱοὺς,

1040 259 1097 285 ἀλλ’
1113 259 1161 285 ἕνα
1174 259 1222 285 καὶ
1237 258 1282 285 τὸν
1299 259 1378 285 αὑτὸν
1391 259 1504 294 νοοῦμεν
1525 260 1570 286 ⁴τὸν
1595 260 1642 286 τοῦ
1659 261 1725 287 Θεοῦ
1738 262 1831 295 Λόγον

1041 305 1087 330 καὶ
1101 304 1146 330 τὸν
1164 304 1265 340 Κύριον
1277 304 1355 339 ἡμῶν
1368 305 1470 339 Ἰησοῦν
1488 306 1614 340 Χριστὸν.
1644 306 1766 340 Ἐγένετο
1781 307 1833 333 ἀνα

1042 350 1148 385 θρωπος
1172 351 1219 377 καὶ
1231 348 1275 385 ἦν,
1289 350 1327 376 ῶν
1337 352 1369 385 τῇ
1395 350 1484 385 φύσει.
1501 351 1622 384 Ἐγένετο
1635 352 1649 378 ὃ
1660 353 1709 379 οὐκ
1722 351 1766 388 ἦν,
1780 354 1832 379 καὶ

1041 397 1145 431 ἔμεινεν
1154 396 1168 422 ὂ
1178 394 1220 431 ἧν.
1231 405 1240 422 ε
1252 396 1295 422 Ἐν
1307 397 1376 430 ἀρχῇ
1389 405 1397 421 ι
1410 396 1463 431 γὰρ
1473 406 1481 421 ε
1493 394 1526 432 ἦν
1536 397 1550 422 ὁ
1562 397 1655 431 Λόγος,
1667 398 1730 424 καὶέ
1741 399 1833 432 Λόγος

1041 441 1073 477 ἦν
1088 443 1154 476 πρὸς
1164 442 1208 468 τὸν
1219 442 1295 473 Θεὸν,
1311 442 1358 468 καὶ
1369 442 1434 473 Θεὸς
1446 440 1479 477 ἦν
1495 442 1509 467 ὁ
1522 443 1617 476 Λόγος.
1631 453 1640 468 ι
1656 442 1727 478 Σὰρξ
1737 443 1834 477 ἐγένε-

1041 497 1082 519 το,
1093 489 1142 515 οὐκ
1157 488 1322 523 ἀποθέμενος
1337 488 1350 514 ὃ
1361 486 1404 523 ἦν.
1419 497 1429 513 ι
1443 489 1497 514 Καὶ
1513 489 1667 524 ἐσκήνωσεν
1682 490 1710 515 ἐν
1727 491 1806 524 ἡμῖν.
1821 499 1830 515 ι

1043 535 1088 565 Τὸ,
1101 544 1110 559 ι
1124 535 1290 569 Ἐσκήνωσεν
1301 535 1329 560 ἐν
1344 535 1408 568 ἡμῖν
1418 553 1425 566 ,
1440 544 1449 559 ι
1466 534 1536 560 τοῦτ’
1547 535 1604 561 ἐστι
1622 536 1833 571 συνανεστράᾳη

1043 581 1118 614 ἡμῖν,
1129 580 1198 606 κατὰ
1211 580 1257 606 τὸν
1269 580 1346 613 ἅγιον
1365 579 1508 614 Ἱερεμίαν,
1523 579 1621 614 μᾶλλον
1633 580 1661 606 δὲ
1674 580 1718 606 τὸν
1731 581 1831 606 τούτου

1044 625 1177 660 ὑπουργὸν
1192 625 1296 661 Βάρουχ
1308 633 1314 640 ·
1335 634 1343 650 ι
1356 623 1438 657 οὗτος
1453 626 1468 651 ὁ
1481 625 1546 656 Θεὸς
1565 626 1580 660 ή
1586 625 1643 660 μῶν
1659 626 1688 651 οὑ
1704 625 1833 661 λογισθή-

1045 679 1119 697 σεται
1140 671 1232 706 ’ἑτερος
1247 671 1314 706 πρὸς
1328 671 1418 704 αὑτὸν,
1438 671 1467 702 ὃς
1484 671 1576 706 ἐξεῦρε
1591 673 1678 698 πᾶσαν
1692 672 1750 698 ὀίὸν
1769 673 1833 698 ἐπι-

1045 719 1160 753 στήμης,
1185 718 1232 744 καὶ
1254 718 1352 744 ἔδωκεν
1367 718 1450 754 αὐτὴν
1467 717 1562 744 Ἰακὼϐ
1586 718 1624 753 τῷ
1645 719 1720 744 παιδὶ
1734 718 1833 749 αὐτοῦ,

1044 764 1091 790 καὶ
1110 763 1216 799 Ἰσραὴλ
1229 762 1269 798 τῷ
1282 764 1451 798 ἠγαπημένῳ
1473 763 1518 790 ὑπ’
1533 763 1624 790 αὐτοῦ.
1656 764 1731 790 Μετὰ
1743 763 1833 790 ταῦτα

1046 809 1092 836 ἐπὶ
1107 809 1160 844 τῆς
1173 808 1225 844 γῆς
1241 808 1329 844 ὤφθη,
1346 810 1391 836 καί
1409 811 1464 840 τοῖς
1480 809 1633 845 ἀνθρώποις
1647 810 1832 845 συνανεστρὰ-

1047 863 1094 890 φη⁹
1115 864 1124 880 ι

1079 901 1104 927 5.
1117 900 1214 926 Ἄκουε
1227 897 1272 926 οὖν
1286 900 1332 927 καὶ
1351 900 1397 927 τοῦ
1412 900 1575 935 Εὑαγγελίου
1590 901 1640 936 τῆς
1653 901 1760 936 φωνῆς·
1780 909 1833 936 με-

1045 946 1130 982 γάλην
1145 946 1198 982 γὰρ
1213 948 1278 982 ἡμῖν
1291 947 1408 982 ἔμφασιν
1423 949 1499 983 φέρει
1516 948 1532 982 ἡ
1548 947 1595 974 τοῦ
1620 947 1735 982 ἀγγέλου
1753 948 1834 984 φωνὴ

1046 992 1114 1027 πρὸς
1145 993 1193 1028 τὴν
1220 993 1300 1027 ἁγίαν
1325 993 1462 1028 Παρθένον
1490 993 1610 1029 ῥηθεῖσα.
1633 994 1729 1025 (Ἰδοὺ,
1753 995 1832 1030 φησὶ,

1047 1037 1165 1072 συλλήψῃ
1190 1038 1218 1064 ἐν
1240 1037 1349 1073 γαστρὶ,
1372 1038 1418 1064 καὶ
1433 1038 1496 1073 τέξῃ
1517 1038 1584 1069 υἱὸν,
1601 1038 1648 1065 καὶ
1663 1038 1785 1070 καλέσεις
1802 1039 1834 1065 τὸ

1045 1084 1128 1118 ὄνομα
1145 1084 1227 1111 αὑτοῦ
1250 1084 1432 1120 Ἐμμανουὴλ.
1449 1085 1570 1111 τουτέστι
1596 1085 1835 1120 μεθερμηνευόμε-

1047 1137 1101 1160 νον,
1119 1129 1186 1156 Μεθ’
1203 1130 1280 1164 ἡμῶν
1302 1131 1316 1156 ὁ
1332 1129 1407 1160 Θεὸς.
1424 1139 1432 1154 ι
1457 1130 1513 1165 Πρὸ
1537 1130 1584 1156 τοῦ
1605 1130 1788 1166 συλληφθῆναι
1804 1131 1834 1157 ὲν

1049 1175 1139 1210 μήτρα
1156 1175 1219 1207 Θεὸς
1246 1175 1347 1210 ἐκλήθη
1363 1175 1393 1202 τὸ
1408 1175 1512 1202 παιδίον
1534 1176 1565 1202 τὸ
1580 1175 1646 1202 Μεθ’
1661 1177 1739 1211 ἡμῶν
1755 1176 1833 1207 Θεὸς.

1047 1221 1156 1256 Συνᾲδει
1170 1219 1215 1247 οὖν
1230 1221 1268 1256 τῷ
1277 1221 1323 1247 τοῦ
1341 1222 1479 1256 προφήτου
1495 1221 1566 1256 λόγῳ
1579 1222 1619 1251 τὸ.
1631 1231 1640 1247 ‹
1654 1224 1710 1254 τοῖς
1728 1221 1834 1257 ἀνθρώ-

1047 1275 1108 1297 ποις
1126 1267 1354 1302 συνανεστρὰφη,»
1365 1267 1411 1293 κα)⁵
1421 1267 1452 1293 τὸ
1463 1287 1470 1298 ,
1494 1276 1502 1292 ι
1522 1267 1674 1302 ἐσκήνωσεν
1689 1267 1717 1294 ἐν
1732 1268 1806 1302 ἡμῖν.
1822 1277 1832 1293 ι

1049 1313 1104 1347 Πρὸ
1122 1313 1171 1346 τῆς
1187 1311 1232 1339 οὖν
1249 1313 1405 1348 συλλήψεως
1431 1313 1497 1345 Θεὸς
1523 1313 1650 1348 κέκληται
1670 1314 1700 1340 τὸ
1716 1314 1833 1340 παιδίον.

1049 1358 1109 1389 Πῶς
1117 1356 1162 1384 οὖν
1174 1358 1204 1384 οὺ
1226 1358 1378 1393 Θεοτόκοςὴ
1389 1359 1452 1392 ἁγία
1466 1359 1602 1394 Παρθένος
1612 1360 1720 1395 Μαρίας
1745 1360 1835 1386 Ἐπει-

1048 1403 1079 1438 δὴ
1094 1401 1139 1429 οὖν
1152 1403 1212 1429 οὔτε
1229 1404 1296 1435 ὅλως
1310 1404 1452 1439 ἀνθρώπου
1468 1405 1522 1439 ἔχει
1537 1405 1586 1440 τὴν
1603 1405 1749 1440 ἑρμηνείαν
1769 1405 1836 1431 αὐτὸ

1049 1449 1142 1484 ὄνομα,
1158 1449 1223 1482 Θεὸς
1243 1450 1273 1476 τὸ
1291 1451 1395 1477 παιδίον
1411 1451 1441 1476 τὸ
1458 1451 1552 1486 τεχθὲν
1571 1452 1601 1478 τὸ
1628 1451 1664 1486 μὴ
1688 1451 1770 1477 λῦσαν
1785 1451 1836 1485 τῆς

217 1491 300 1517 ralem
315 1491 387 1517 illam
399 1491 578 1526 virginitatem
595 1499 650 1518 non
667 1492 761 1523 solvit;
775 1491 823 1518 sed
843 1491 880 1517 ita
893 1491 998 1525 genitus

1050 1497 1187 1533 Παρθένου
1202 1497 1252 1532 τὴν
1267 1497 1337 1523 κατὰ
1358 1496 1437 1531 φύσιν
1452 1497 1613 1533 παρθενίαν
1630 1497 1687 1524 ἀλλ’
1703 1497 1789 1528 οὕτως
1802 1497 1836 1522 ὲκ

217 1545 249 1563 ex
264 1536 388 1571 Deipara,
399 1536 469 1564 Deus
483 1541 525 1563 est
539 1541 565 1564 et
579 1537 677 1570 homo;
691 1536 760 1564 Deus
784 1536 933 1564 secundum
951 1544 1000 1564 na-

218 1587 316 1612 turam.
329 1583 410 1609 homo
429 1583 492 1617 quia
513 1583 549 1609 ita
572 1583 673 1617 placuit
696 1583 757 1617 ipsi.
782 1582 882 1610 Factus
911 1587 1000 1610 autem

219 1628 309 1659 homo,
325 1633 367 1656 est
387 1629 468 1655 etiam
486 1629 567 1659 Deus.
596 1629 753 1663 conjunctis
769 1629 877 1656 scilicet
895 1629 1001 1656 duabus

219 1673 335 1700 naturis.
356 1674 390 1699 At
406 1673 522 1700 fortasse
537 1674 608 1700 dicet
633 1675 806 1702 adversarius
821 1683 827 1700 :
844 1673 871 1701 Si
889 1674 1002 1710 Deipara

220 1719 311 1755 Virgo,
328 1719 381 1746 Deo
395 1718 484 1746 Verbo
499 1727 530 1746 ex
547 1719 656 1754 Virgine
676 1720 783 1746 initium
814 1720 922 1746 tribuis.
950 1719 1002 1746 Ne-

219 1774 355 1800 quaquam
371 1765 528 1799 dicoipsum
542 1773 575 1792 ex
587 1772 679 1792 sancta
694 1764 805 1800 Virgine
821 1766 929 1793 initium
957 1772 1003 1793 ac-

219 1811 333 1845 cepisse.
349 1810 435 1837 absit!
452 1812 520 1838 Ante
543 1813 642 1838 saecula
656 1813 727 1838 cnim
746 1816 814 1843 erat,
828 1812 886 1846 ipse
902 1811 1002 1846 quippe

220 1856 319 1883 saecula
334 1855 409 1887 fecit,
438 1856 495 1890 ipse
513 1861 555 1884 est
571 1858 704 1884 universae
718 1858 756 1884 rei
772 1861 869 1884 creatae
895 1857 999 1891 opifex,

221 1907 250 1928 ut
263 1902 301 1928 ait
316 1903 485 1937 Evangelista
503 1910 509 1928 :
529 1912 538 1928 ι
555 1902 651 1929 Omnia
666 1911 713 1938 per
730 1904 817 1938 ipsum
838 1904 907 1930 facta
928 1907 1001 1936 sunt,

221 1951 247 1974 et
259 1949 317 1975 sine
332 1948 390 1982 ipso
408 1948 508 1975 factum
525 1953 567 1975 est
584 1949 651 1975 nihil
678 1949 750 1983 quod
768 1949 869 1975 factum
881 1954 923 1976 est
936 1950 969 1976 τ’.
991 1958 1000 1975 ι

221 1992 271 2019 llic
284 1993 341 2028 ipse
356 2001 403 2028 per
414 2002 493 2028 queui
503 1994 594 2022 omnia
613 1994 683 2021 facta
699 1999 774 2025 sunt,
787 2002 881 2022 novem
897 2002 1004 2022 menses

223 2040 249 2066 in
266 2044 344 2067 utero
366 2040 447 2076 degit,
465 2049 515 2069 nec
542 2041 633 2070 sinum
664 2046 805 2077 paternum
826 2042 956 2070 deseruit.
975 2042 1004 2069 In

223 2088 299 2113 utéro
315 2085 432 2121 Virginis
446 2094 507 2113 cum
523 2091 605 2120 esset,
623 2095 638 2114 a
658 2095 838 2122 supernarum
872 2088 1004 2115 virtutum

223 2132 321 2166 populo
334 2132 459 2160 laudibus
470 2132 658 2160 celebrabatur
669 2137 695 2160 et
703 2133 878 2160 adorabatur.
888 2133 916 2160 ln
927 2138 1004 2160 utero

1051 1543 1098 1578 τῆς
1114 1543 1246 1570 Θεοτόκου
1265 1544 1379 1578 τεχθεὶς,
1395 1544 1460 1575 Θεὸς
1473 1544 1519 1569 καὶ
1534 1543 1688 1578 ἄνθρωπος·
1706 1543 1771 1574 Θεὸς
1786 1543 1836 1578 μὲν

1050 1589 1121 1616 κατὰ
1138 1589 1228 1624 φύσιν,
1242 1589 1382 1625 ἄνθρωπος
1393 1589 1421 1615 δὲ
1437 1590 1471 1616 δι’
1489 1589 1591 1616 οἰκείαν
1608 1589 1739 1615 εὐδοκίαν.
1758 1589 1836 1615 Γενό-

1053 1643 1130 1670 μενος
1147 1635 1175 1661 δὲ
1189 1635 1340 1670 ἄνθρωπος,
1354 1635 1410 1661 ἔστι
1423 1636 1469 1662 καὶ
1485 1635 1561 1666 Θεὸς,
1583 1635 1729 1671 ἡνωμένων
1746 1635 1836 1670 μέντοι

1051 1680 1104 1706 τῶν
1127 1680 1172 1706 δύο
1187 1680 1303 1714 φύσεων.
1325 1679 1393 1706 Ἀλλ’
1413 1681 1476 1711 ἴσως
1499 1681 1556 1716 ἐρεῖ
1573 1682 1587 1706 ὁ
1605 1680 1633 1713 ἐξ
1650 1680 1773 1711 ἐναντίας
1784 1689 1790 1695 ·
1804 1681 1836 1706 Εἰ

1052 1725 1180 1757 Θεοτόκος
1200 1725 1216 1760 ή
1231 1724 1376 1760 Παρθένος,
1393 1725 1479 1761 ἀρχὴν
1495 1725 1573 1757 δίδως
1587 1725 1626 1760 τῷ
1639 1725 1699 1760 Θεῷ
1714 1726 1792 1761 Λόγῳ
1805 1728 1836 1753 ὲκ

1052 1770 1100 1805 τῆς
1116 1770 1264 1804 Παρθένου.
1288 1770 1325 1796 υὺ
1352 1769 1423 1804 λέγω
1446 1770 1526 1796 αὐτὸν
1544 1771 1630 1805 ἀρχὴν
1650 1770 1787 1806 εἰληφέναι
1804 1772 1836 1798 ἐκ

1052 1815 1100 1850 τῆς
1116 1816 1195 1849 ἁγίας
1212 1815 1367 1850 Παρθένου·
1390 1815 1496 1849 ἆπαγεί
1519 1817 1575 1851 Πρὸ
1589 1817 1644 1852 γὰρ
1658 1817 1711 1843 τῶν
1732 1817 1837 1844 αἰώνων

1053 1861 1172 1896 ὑπῆρχεν
1184 1869 1190 1875 ·
1210 1862 1289 1892 αὐτὸς
1312 1861 1366 1897 γὰρ
1385 1862 1431 1887 καὶ
1446 1862 1508 1893 τοὺς
1522 1863 1620 1894 αἰῶνας
1635 1862 1771 1898 ἐποίησεν,
1788 1865 1837 1890 αὺ-

1052 1903 1097 1934 τδς
1110 1905 1156 1930 καὶ
1170 1904 1259 1939 πάσης
1274 1904 1387 1936 κτίσεώς
1399 1906 1457 1931 ἐστι
1468 1905 1640 1941 δημιουργὸς,
1653 1906 1742 1939 καθώς
1757 1916 1838 1943 φησιν

1053 1950 1292 1986 όΕὑαγγελιο-τής·
1305 1960 1314 1976 ι
1333 1951 1423 1977 Πάντα
1439 1951 1472 1977 δι’
1489 1952 1570 1977 αὑτοῦ
1586 1953 1701 1986 ἐγένετο,
1721 1954 1767 1979 καὶ
1781 1963 1836 1988 χω-

1055 1996 1097 2031 ρὶς
1112 1996 1193 2022 αὑτοῦ
1210 1997 1318 2030 ἐγένετο
1333 1997 1392 2023 οὐδὲ
1408 1997 1437 2023 ἓν
1451 1997 1465 2023 ὃ
1478 1997 1596 2030 γέγονεν.
1609 2007 1617 2022 ι
1639 1996 1732 2030 Οὗτος,
1757 1999 1791 2025 δι’
1807 1997 1838 2026 οὗ

1053 2042 1087 2069 τὰ
1107 2043 1196 2070 πάντα
1216 2043 1323 2077 ἐγένετο
1344 2045 1546 2079 ὲννεαμηνιαῖον
1568 2045 1662 2080 καιρὸν
1684 2046 1712 2072 ἐν
1739 2047 1838 2080 γαστρὶ

1055 2088 1172 2122 ἐγένετο,
1189 2089 1236 2115 καὶ
1249 2089 1304 2116 τῶν
1315 2090 1422 2116 κόλπων
1432 2090 1485 2116 τῶν
1506 2091 1645 2125 πατρικῶν
1661 2091 1710 2117 οὐκ
1722 2091 1840 2127 ἀπηλλο-

1054 2134 1169 2170 τριώθη.
1185 2135 1228 2161 Ἐν
1238 2136 1270 2170 τῇ
1288 2136 1380 2171 μήτρα
1395 2137 1445 2170 τῆς
1459 2137 1596 2172 Παρθένου
1608 2137 1656 2169 ὢν,
1670 2137 1721 2164 ὑπὸ
1732 2138 1779 2164 τοῦ
1790 2138 1837 2174 δήο

222 2177 342 2212 Virginis
358 2186 418 2204 cum
430 2181 511 2211 esset,
524 2179 622 2206 cmlum
647 2183 673 2206 et
692 2183 792 2206 terram
808 2179 946 2214 implebat,
958 2180 999 2213 qui

1059 2190 1109 2216 μου
1134 2181 1187 2207 τῶν
1204 2182 1259 2208 ἄνω
1279 2182 1417 2217 δυνάμεων
1436 2182 1615 2216 ὲδοξολογεῖτο
1636 2184 1683 2209 καὶ
1703 2192 1838 2218 προσεκυ-

222 2226 322 2252 cmlum
338 2229 364 2252 et
379 2231 477 2252 terram
492 2229 591 2260 gestat.
603 2233 657 2252 non
674 2225 782 2256 robore,
795 2225 842 2252 sed
861 2229 927 2252 nutu
943 2233 1002 2253 suo.

222 2271 273 2298 llic
290 2276 367 2300 utero
380 2272 537 2307 gestabatur
554 2277 583 2299 ut
593 2273 685 2304 homo,
704 2272 868 2306 operabatur
879 2275 908 2298 ut
922 2271 1004 2303 Deus,

224 2325 279 2344 non
301 2318 514 2353 circumquaque
533 2317 639 2346 delatus
654 2318 682 2345 in
709 2318 830 2353 Virginis
857 2321 945 2350 utero,
958 2319 1005 2346 sed

223 2371 314 2390 omnia
323 2364 516 2398 complectens,
529 2365 619 2391 omnia
632 2364 787 2399 gubernans
795 2368 824 2391 ut
838 2364 919 2396 Deus,
929 2365 1006 2399 juxta

223 2409 278 2436 vim
292 2409 410 2436 nominis
425 2409 497 2436 illius
513 2419 540 2437 ει
553 2409 700 2437 Nobiscum
712 2409 793 2441 Deus.
809 2420 818 2436 ι
835 2410 882 2445 qui
899 2411 1005 2438 scilicet

224 2462 257 2482 ex
268 2454 376 2490 Virgine
389 2460 468 2483 natus
482 2459 534 2483 est.
551 2455 628 2488 Quod
640 2456 662 2483 si
682 2456 784 2483 dixeris
803 2464 865 2483 eum
891 2457 937 2491 qui
954 2464 1005 2483 na-

225 2507 270 2529 tus
284 2507 325 2529 est
341 2502 503 2536 simpliciter
516 2510 629 2537 puerum
651 2510 722 2533 esse,
749 2510 803 2529 non
819 2502 903 2529 Deum
914 2522 921 2534 ,
942 2502 1004 2529 audi

224 2554 351 2581 magnum
366 2555 516 2581 praeconem
545 2548 640 2575 Isaiam
653 2548 813 2575 clamantem
831 2553 857 2575 et
870 2549 1005 2576 dicentem

225 2592 335 2627 ingratae
347 2593 505 2628 Synagogm.
523 2601 570 2622 seu
587 2595 678 2629 potius
694 2602 831 2629 exagogae,
844 2594 870 2620 id
885 2598 938 2626 est,
961 2595 1005 2622 io-

225 2645 269 2665 ras
284 2638 371 2673 ejecto
386 2639 469 2666 ccetui
487 2638 643 2666 Iudaeorum
657 2649 663 2666 :
680 2648 689 2664 ί
708 2639 778 2666 Puer
797 2643 877 2666 natus
892 2640 944 2674 est!
955 2647 1006 2666 no-

225 2683 278 2715 bis.
296 2684 366 2711 Illius
377 2685 457 2712 datus
472 2690 515 2712 est
530 2685 625 2718 nobis;
647 2685 727 2720 cujus
742 2685 910 2720 principatus
926 2693 1008 2720 super

225 2729 368 2757 humerum
386 2731 456 2766 ejus.
472 2730 504 2759 Et
519 2735 631 2759 vocatur
645 2739 744 2759 nomen
759 2732 830 2767 ejus,
840 2732 930 2767 magni
942 2739 1007 2758 con-

260 2819 284 2835 "
300 2819 379 2848 Joan.
397 2828 423 2854 ῐ,
444 2821 470 2850 Ι.
507 2822 529 2838 ⁷⁷
549 2821 614 2849 ibid.
633 2822 674 2849 Η.

1055 2228 1136 2254 νεῖτο.
1153 2227 1197 2253 Ἐν
1212 2228 1310 2262 γαστρὶ
1327 2228 1375 2262 τῆς
1395 2227 1532 2264 Παρθένου
1545 2228 1592 2260 ὢν,
1611 2230 1656 2256 τὸν
1669 2230 1780 2265 οὐρανὸν
1794 2231 1839 2256 καὶ

1056 2272 1104 2306 τὴν
1127 2273 1178 2308 γῆν
1192 2273 1322 2308 ἐπλήρου,
1337 2273 1351 2299 ὁ
1367 2273 1413 2300 τὸν
1426 2274 1541 2309 οὐρανὸν
1558 2275 1603 2301 καὶ
1618 2275 1665 2310 τὴν
1681 2275 1732 2310 γῆν
1750 2275 1838 2311 φέρων

1056 2319 1086 2344 οὐ
1097 2319 1219 2354 δυνάμει,
1232 2319 1298 2346 ἀλλὰ
1311 2319 1434 2354 νεύματι.
1449 2317 1532 2351 Οὗτος
1545 2321 1597 2347 ὑπὸ
1610 2322 1715 2356 μήτρας
1725 2321 1836 2355 ἐφέρετο

1059 2365 1108 2400 μὲν
1133 2365 1170 2396 ὡς
1188 2364 1340 2400 ἄνθρωπος,
1358 2365 1499 2401 εἰργάζετο
1515 2365 1544 2391 δὲ
1565 2365 1603 2395 ὡς
1617 2366 1682 2397 Θεός
1693 2374 1700 2380 '
1718 2366 1748 2392 οὺ
1764 2374 1840 2401 περι-

1057 2411 1205 2446 φερόμενος
1226 2411 1254 2437 ἐν
1267 2412 1299 2446 τῇ
1316 2412 1407 2447 μήτρα
1422 2411 1472 2446 τῆς
1498 2411 1646 2446 Παρθένου,
1665 2410 1732 2438 ἀλλὰ
1749 2411 1838 2437 πάντα

1058 2456 1229 2491 περικρατῶν
1243 2457 1289 2482 καὶ
1299 2457 1400 2483 διέπων
1413 2457 1450 2488 ὡς
1462 2456 1528 2488 Θεὸς
1542 2456 1611 2483 κατὰ
1625 2456 1674 2491 τὴν
1687 2456 1781 2491 κλῆσιν
1793 2456 1837 2482 τοῦ

1057 2502 1198 2537 ὀνόματος,
1210 2511 1219 2527 ι
1229 2503 1295 2534 Θεὸς
1309 2502 1367 2537 μεθ“
1377 2503 1465 2538 ἡμῶν,
1478 2512 1486 2527 ι
1500 2503 1513 2529 ὁ
1526 2503 1558 2528 ἐκ
1572 2501 1708 2537 Παρθένου
1724 2501 1836 2536 τεχθείς.

1059 2547 1090 2572 Εἰ
1106 2546 1134 2572 δὲ
1154 2546 1242 2581 λέγεις
1258 2547 1361 2573 παιδίον
1385 2547 1461 2582 ψιλὸν
1478 2546 1508 2572 τὸ
1530 2546 1633 2581 τεχθὲν,
1651 2546 1697 2577 καὶ
1713 2546 1742 2572 οὺ
1762 2545 1838 2577 Θεὸς,

1057 2592 1137 2619 ἄκουε
1153 2593 1199 2619 τοῦ
1217 2593 1333 2627 μεγάλου
1347 2594 1466 2628 κήρυκος
1480 2592 1589 2619 Ἡσαΐου
1607 2592 1721 2627 βοῶντος
1735 2592 1781 2618 καὶ
1795 2591 1838 2618 λέ-

1057 2647 1151 2671 γοντος
1173 2640 1240 2675 πρὸς
1259 2639 1308 2674 τὴν
1330 2640 1476 2675 ἀχάριστον
1499 2639 1666 2674 συναγωγὴν,
1695 2637 1794 2673 μᾶλλον
1812 2638 1839 2664 δὲ

1059 2684 1200 2720 ἐξαγωγὴν
1224 2685 1279 2711 τῶν
1304 2685 1455 2712 Ἰουδαίων·
1473 2685 1514 2711 ὅτι
1539 2693 1548 2710 ι
1569 2684 1677 2711 Παιδίον
1699 2683 1838 2719 ἐγεννήθη,

1059 2732 1115 2763 υἱὸς
1128 2732 1175 2758 καὶ
1190 2731 1267 2767 ἐδόθη
1282 2732 1347 2767 ἡμῖν
1357 2740 1363 2747 ’
1378 2729 1408 2758 οὗ
1421 2732 1437 2767 ἡ
1452 2730 1522 2767 ἀρχὴ
1537 2731 1583 2757 ἐπὶ
1595 2730 1641 2757 τοῦ
1659 2730 1733 2766 ὤμου
1747 2729 1839 2762 αὐτοῦ,

728 2822 751 2838 ⁷⁸
770 2821 875 2850 Baruch
891 2829 940 2856 in,
957 2821 1053 2850 56-38.
1089 2821 1112 2837 "'
1130 2819 1208 2848 Joan.
1227 2828 1254 2853 ι,
1270 2821 1296 2848 5.
