1940 3067
135 133 187 160 953

661 131 776 160 SERMO
797 132 829 159 IN
849 131 1080 160 NATIVITATEM
1100 131 1248 160 CHRISTI.

1700 135 1753 164 9613

135 189 182 215 καὶ
200 188 320 215 καλεῖται
334 187 365 214 τὸ
385 187 469 223 ονομα
493 187 584 219 αὑτοῦ,
609 188 738 222 Μεγάλης
759 187 854 223 βουλῆς
873 187 915 223 ἆγ-

972 188 1026 215 silii
1039 189 1167 223 angelus,
1187 188 1364 221 admirabilis,
1381 189 1564 222 consiliarius.
1573 190 1645 219 Deus
1661 191 1749 224 fortis.

133 235 224 268 γελος,
235 233 403 268 θαυμαστὸς,
418 232 578 268 σύμϐουλος,
589 233 654 264 Θεος
667 233 785 268 ίσχυρὸς,
801 233 923 266 ἐξουσια-

136 280 212 314 στὴς,
233 279 324 315 ἄρχων
347 279 467 315 εἰρήνης,
494 279 585 315 πατὴρ
598 279 644 305 τοῦ
660 279 800 314 μέλλοντος
816 279 921 311 αἰῶνος.

140 326 239 360 Ἀμήν.
256 335 265 351 ι
298 325 407 351 Παιδίον
431 325 501 352 κατὰ
531 325 610 359 φύσιν
633 325 696 350 πότε
726 325 832 358 ἐγένετο
857 325 923 356 Θεὸς

134 370 322 405 ἐξοπιαστὴς,
337 370 374 402 ὠς
388 371 418 396 τὸ
434 370 535 397 παιδίον
552 370 639 402 τοῦτο,
660 370 805 404 ἐπικληθὲν
827 380 835 395 ι
855 370 922 397 Μεθ’

135 417 215 452 ἡμῶν
232 415 327 448 όῸεός
345 425 352 450 ;

174 463 201 489 ι.
216 463 247 488 Et
258 463 286 489 δὲ
297 463 362 494 θεὸς
373 462 490 498 ἰσχυρὸς,
500 461 682 498 ὲξουσιαστὴς,
692 462 738 488 καὶ
748 461 839 496 ἄρχων
848 462 923 496 εἰρή-

134 517 195 544 νης,
205 510 252 535 καὶ
266 509 356 544 πατὴρ
369 508 414 536 τοῦ
433 509 574 544 μέλλοντος
583 508 678 539 αἰῶνος
688 509 718 534 τὸ
733 508 836 534 παιδίον
852 508 882 534 τὸ
890 509 922 534 ὲκ

134 555 185 590 τῆς
206 555 342 591 Παρθένου
361 555 466 590 ταχθὲν,
486 554 544 586 πῶς
557 555 586 581 οὐ
603 554 730 585 Θεοτόκος
743 555 758 589 ἡ
773 553 919 589 Παρθένος,

134 601 203 627 ἀλλὰ
218 601 352 637 Θεοδόχος,
370 602 393 627 εἰ
407 602 454 627 και
472 601 610 633 συνέλαϐε,
627 601 673 628 καί
696 601 783 632 ἔτεκε,
798 601 845 627 καὶ
855 601 922 632 Θεὸς

134 647 166 674 τὸ
179 648 292 683 τεχθέν;
316 649 370 674 Καὶ
385 648 465 674 πάλιν
481 647 554 682 αὐτῷ
569 647 650 681 λέγω,
666 648 703 678 ὡς
723 647 854 682 ἠθέλησεν
867 648 922 673 εισ-

136 694 230 729 ἦλθεν,
262 695 299 726 ὡς
326 694 476 730 ηὐδόκησεν
501 693 690 728 ὲκυοξρορήθη,
710 693 748 724 ὡς
785 692 919 727 ἠϐουλήθη

135 739 268 774 προῆλθεν
285 741 299 765 ό
315 739 429 774 τεχθείς.
448 739 479 764 Τί
502 739 612 774 ἐρευνᾷς
627 737 773 775 αὐτοϋ-τὴν
795 737 918 772 θέλησιν;

135 785 169 812 Τί
181 785 347 822 ἐξακριϐάζῃ
361 784 441 811 αὐτοῦ
458 785 506 820 τὴν
520 784 660 816 εὐδοχίαν;
679 784 710 810 Τί
723 783 861 820 ὲξιχνιάζῃ
876 784 921 810 αὺ-

135 830 182 858 τοῦ
199 831 247 867 τὴν
266 831 406 866 βούλησιν;
422 831 519 857 Ἀκουε
539 830 613 866 ποιρά
639 830 755 861 Παύλου,
779 829 876 864 μᾶλλον
890 829 918 855 δὲ

135 878 340 912 καταγινώσκου
355 876 489 904 ὑπἀὐτοῦ
500 885 506 891 ·
527 885 536 902 ι
550 876 594 911 Τῷ
606 876 659 912 γάρ
676 876 823 911 βουλήματι
837 874 917 901 αὑτοῦ

133 923 177 955 τίς
190 923 355 959 ἀνθέστηκες
376 933 384 949 ι
401 922 504 949 Μενοῦν
517 931 560 956 γε,
585 920 606 948 ὢ
618 922 755 957 ἄνθρωπε,
770 921 801 947 σὺ
814 921 855 952 τίς
869 918 893 946 εἴ
905 921 919 946 ό

134 969 251 1005 ἐρευνῶν
262 970 308 996 καὶ
322 969 478 1004 ὲξιχνιάζων
487 969 568 996 αὑτοῦ
584 969 632 1003 τὴν
648 969 783 1004 γέννησιν,
795 967 841 994 τοῦ
855 976 920 1003 προ-

134 1016 220 1052 φήτου
229 1015 352 1050 λέγοντος
359 1016 439 1050 ἰΤὴν
447 1014 543 1050 γενεὰν
551 1014 631 1041 αὐτοῦ
642 1015 683 1046 τίς
692 1014 850 1050 διηγήσεται
857 1022 864 1046 ;
872 1024 880 1038 ι
891 1014 919 1040 '0

134 1062 276 1097 προφήτης
283 1061 376 1096 φεύγει
385 1062 433 1097 τὴν
443 1061 538 1095 γενεὰν
546 1060 628 1087 αὑτοῦ
636 1060 824 1096 διηγήσασθαι,
832 1060 878 1087 και
887 1061 918 1087 σὺ

133 1107 182 1142 τὴν
205 1107 283 1141 φύσιν
310 1106 473 1143 miserim
497 1107 544 1132 καὶ
570 1106 825 1142 πολυπραγμονεῖςί
847 1107 875 1131 ὀ
890 1106 918 1133 δὲ

133 1152 328 1188 εὐαγγελιστὴς
345 1153 451 1184 Λουκᾶς
474 1153 523 1188 τὴν
544 1153 618 1179 κάτω
635 1153 759 1188 γέννησιν
780 1152 862 1180 αὐτοῦ
877 1153 917 1179 δι-

133 1199 283 1234 ηγούμενος
299 1199 369 1225 οὕτω
379 1199 472 1233 λέγει·
492 1208 500 1224 ι
515 1199 644 1233 Ποιμένες
664 1196 733 1234 ἦσαν
753 1200 782 1225 ὲν
793 1200 826 1233 τῇ
843 1197 918 1234 χώρᾳ

132 1246 167 1279 τῇ
186 1245 253 1280 αὐτῇ
266 1245 474 1280 ἀγραυλοῦντες,
487 1245 533 1271 καὶ
546 1244 726 1279 φυλάσσοντες
740 1245 860 1278 φυλακὰς
872 1245 917 1271 ἐπὶ

134 1291 183 1326 τὴν
194 1291 309 1326 ποίμνην
323 1291 411 1317 αὐτῶν
427 1300 433 1306 ”
447 1291 492 1317 καὶ
510 1291 562 1317 ίδοὺ
577 1290 690 1325 ἅγγελος
700 1291 801 1326 Κυρίου
816 1292 915 1326 ἐπέστη

133 1337 235 1369 αὐτοῖς,
258 1338 305 1363 καὶ
327 1336 389 1369 δόξα
415 1337 517 1373 Κυρίου
541 1337 724 1372 περιέλαμψεν
746 1337 853 1368 αὐτοὺς,
871 1337 917 1363 καὶ

133 1382 305 1417 ἔφοὸήθησαν
322 1382 403 1416 φόϐον
419 1383 515 1418 μέγα-ι.
534 1383 587 1409 Καὶ
606 1380 680 1408 εἶπεν
700 1382 790 1414 αὐτοῖς
808 1383 822 1409 ὁ
833 1383 915 1416 ἀγγε-

131 1428 188 1460 λος·
203 1429 248 1464 Μὴ
263 1428 386 1464 φοϐεῖσθε
396 1437 402 1444 ³
420 1429 473 1455 ἰδοὺ
488 1430 541 1464 γὰρ
562 1428 777 1465 εὐαγγελίζομαι
787 1429 850 1463 ὑμῖν
865 1437 915 1463 χα-

134 1474 185 1509 ρὰν
205 1475 335 1510 μεγάλην,
357 1475 417 1510 ἥτις
437 1474 511 1501 ἔσται
527 1475 605 1501 παντὶ
625 1474 662 1509 τῷ
674 1473 744 1509 tmp-
763 1475 803 1500 ὅτι
818 1474 913 1509 ὲτέχθη

133 1520 198 1555 ὑμῖν
215 1521 332 1557 σήμερον
344 1522 448 1556 Σωτὴρ,
464 1522 492 1553 ὃς
506 1523 561 1547 ἐστι
575 1521 690 1556 Χριστὸς
707 1520 806 1555 Κύριος
823 1521 849 1546 ὲν
865 1520 914 1546 πό·
928 1534 948 1562 c

132 1566 172 1593 λει
189 1567 279 1593 Δαυῖδ.
294 1577 302 1593 ι
320 1568 348 1593 '0
369 1567 483 1601 ἄγγελος
504 1567 620 1601 Χριστὸν
638 1566 684 1593 καὶ
712 1566 811 1601 Κύριον
830 1565 914 1600 λέγει,

132 1612 374 1648 εὐαγγελιζόμενος
389 1614 452 1644 τοὺς
465 1613 607 1648 ποιμένας,
619 1612 663 1638 τὸν
676 1611 804 1647 τεχθέντα
821 1612 852 1637 ἐκ
867 1612 915 1647 τῆς

131 1658 281 1694 Παρθένου.
292 1659 322 1685 Εἰ
336 1657 382 1685 οὖν
397 1659 497 1694 Κύριος
517 1660 530 1685 ό
543 1658 658 1693 τεχθεὶς,
672 1657 727 1688 πῶς
739 1658 768 1683 οὺ
784 1657 914 1692 Κυριοτό-

130 1712 178 1735 χος
191 1705 207 1739 ἡ
223 1703 375 1739 Παρθένοςς
399 1703 468 1738 Ἐγὼ
482 1703 510 1730 δὲ
526 1703 595 1737 λέγω
611 1704 657 1730 καὶ
669 1703 856 1738 Χριστοτόκον,
870 1703 915 1729 καὶ

130 1748 306 1784 Κυριοτόκον,
336 1749 383 1775 καὶ
410 1749 619 1784 Σωτηριοτόκον,
651 1748 698 1774 καὶ
721 1748 850 1774 Θεοτόκον
866 1747 913 1783 τὴν

129 1793 211 1827 ἁγίαν
224 1793 359 1829 Παρθένον
377 1793 446 1819 κατά
462 1793 510 1828 τὴν
525 1792 614 1828 φωνὴν
624 1792 670 1818 τοῦ
682 1791 798 1825 ἀγγέλου
811 1791 857 1818 τοῦ
870 1791 914 1817 εὐ-

129 1839 345 1874 αγγελισαμένου
366 1840 429 1871 τους
442 1839 572 1874 ποιμένας
591 1839 638 1866 καὶ
654 1838 702 1874 τὴν
719 1837 864 1874 Παρθένον.
882 1839 913 1864 Εἰ

128 1886 239 1920 ἄγγελοι
251 1886 373 1921 Σωτῆρα,
386 1886 433 1912 καὶ
451 1885 576 1921 Χριστὸν,
593 1885 640 1911 καὶ
655 1884 765 1920 Κύριον,
786 1884 832 1910 καὶ
847 1884 912 1910 Θεὸν

129 1931 318 1967 κηρύττουσιν,
330 1933 410 1967 ἡμεῖς
427 1932 452 1957 τί
465 1931 671 1966 ἁποκρουόμεθα
685 1930 773 1957 αὐτῶν
782 1929 830 1965 τὴν
844 1939 914 1965 μαρ-

127 1978 239 2013 τυρίαν;
251 1977 372 2013 εἰσῆλθεν
384 1978 412 2003 ἑν
428 1979 460 2012 τῇ
475 1977 603 2012 Παρθένῳ
621 1977 747 2012 ἄσαρκος,
767 1977 913 2012 ἑκυοφορή-

128 2023 162 2059 θη
176 2024 337 2058 σωματικῶς
347 2024 395 2049 καὶ
410 2023 500 2054 καθὼς
513 2023 670 2058 ηὐδόκησεν.
687 2022 794 2058 Ἐξῆλθε
806 2022 850 2048 διὰ
863 2022 913 2057 τῆς

130 2069 265 2104 μητρικῆς
289 2068 394 2103 φύσεως
421 2068 609 2104 οἰκονομικῶς,
636 2068 665 2094 οὐ
692 2068 781 2103 μέντοι
798 2067 866 2103 μετά
882 2067 912 2094 τὸ

127 2115 254 2150 τεχθῆναι
271 2114 361 2150 ήνώθη
376 2116 389 2142 ὁ
403 2115 469 2146 Θεὸς
488 2114 572 2149 Λόγος
588 2115 620 2149 τῇ
635 2114 782 2149 οἰκονομίᾳ.
805 2113 910 2149 Προῆλ-

127 2160 174 2188 οεν
188 2161 330 2196 ἀτρέπτως
343 2163 375 2196 τῇ
389 2160 467 2196 φύσει
480 2160 623 2196 γενόμενος
638 2160 652 2186 ὃ
668 2160 717 2186 οὐκ
731 2158 774 2195 ἦν,
793 2159 885 2195 μείνας
896 2159 911 2186 ό

975 238 1090 269 potens,
1122 234 1249 270 princeps
1285 235 1377 269 pacis,
1407 240 1483 270 pater
1523 237 1606 264 futuri
1647 240 1749 266 steculi.

972 280 1057 307 Amen
1072 280 1106 307 ⁸ο.
1125 289 1134 306 ι
1152 279 1223 308 Puer
1239 281 1389 308 secundum
1422 286 1548 308 naturam
1577 284 1750 317 quandonaxn

973 325 1063 352 faetus
1075 329 1118 353 est
1138 325 1209 353 Deus
1224 330 1332 361 potens.
1353 327 1583 361 quemadmodum
1606 337 1673 363 puer
1691 330 1751 362 iste,

972 372 1019 406 qui
1033 371 1240 405 cognominatur
1253 382 1261 397 ι
1280 371 1427 400 Nobiscum
1444 372 1531 400 Deus?
1551 384 1560 399 ι

1007 463 1033 490 4.
1046 462 1127 495 Quod
1141 463 1164 490 si
1175 463 1245 490 Iilius
1257 463 1302 490 ille
1317 471 1350 490 ex
1364 463 1476 499 Virgine
1506 468 1598 496 natus,
1624 471 1665 492 est
1681 465 1752 494 Dens

972 509 1061 541 tortis,
1078 514 1184 543 potens.
1209 510 1335 544 princeps
1355 511 1429 544 pacis
1441 529 1448 541 ,
1465 515 1491 537 et
1507 515 1583 545 pater
1599 512 1681 538 ftnuri
1703 521 1753 539 sau-

971 554 1036 586 culi,
1047 562 1132 589 quare
1146 554 1227 589 Virgo
1260 563 1313 581 non
1329 556 1381 582 erit
1399 555 1531 591 Dcipara:
1548 557 1594 583 sed
1609 557 1654 584 Dei
1673 566 1753 585 exce-

971 601 1054 635 ptrix,
1075 600 1208 635 siquidem
1224 601 1348 635 concepit
1371 605 1398 628 et
1411 602 1525 636 peperit,
1543 602 1666 638 Deusque
1686 603 1750 630 illud

971 651 1012 674 est
1024 647 1095 680 quod
1107 651 1199 672 natum
1213 646 1273 673 est?
1287 646 1405 674 Rursum
1426 641 1485 682 ipsi
1496 649 1599 675 diram:
1618 648 1652 675 Ut
1665 650 1750 676 voluit

971 692 1110 725 ingressus
1123 695 1175 722 est,
1190 696 1218 718 ut
1230 692 1281 718 sibi
1297 693 1396 726 placuit
1412 697 1532 728 gestatus
1550 694 1576 720 in
1600 699 1676 721 utero
1689 695 1750 725 fuit.

971 741 1000 764 ut
1015 737 1092 764 libuit
1107 737 1214 772 genitus
1228 737 1335 772 prodiit.
1355 738 1410 764 Cur
1422 739 1481 772 ejus
1506 740 1669 767 voluntatem
1687 748 1752 767 exa-

970 783 1078 810 minas?
1091 783 1147 810 Cur
1162 783 1222 818 ejus
1234 783 1432 818 beneplacitnm
1461 785 1616 821 perquiris?
1634 785 1689 812 Cur
1701 787 1750 813 de—

970 833 1073 855 cretum
1091 829 1258 865 investigas?
1272 829 1385 858 Paulum
1401 832 1476 864 audi,
1503 833 1557 859 imo
1569 833 1658 868 potius
1673 832 1706 859 ab
1719 839 1752 858 eo

970 875 1142 902 convincare.
1161 885 1170 901 ι
1187 875 1324 903 Voluntati
1336 878 1407 904 enim
1421 878 1480 912 ejus
1492 879 1554 913 quis
1570 879 1667 905 restitit
1681 878 1722 905 “‘3
1739 887 1748 904 ι

970 919 1002 946 Ει
1017 928 1082 948 sane
1093 922 1154 956 quis
1165 926 1193 948 tu
1208 930 1248 954 es,
1267 930 1283 949 o
1299 923 1388 954 homo,
1406 925 1451 958 qui
1464 924 1585 959 inquiras
1600 929 1626 952 et
1641 925 1749 952 investi-

969 973 1016 1000 ges
1038 967 1098 1001 ejus
1114 968 1301 995 nativitatem?
1325 969 1393 996 Cum
1410 970 1483 996 dicat
1499 970 1630 1004 propheta
1646 979 1652 996 :
1673 979 1682 995 ι
1699 969 1753 997 Ge‘

969 1012 1136 1039 perationem
1154 1012 1213 1047 ejus
1240 1013 1302 1048 quis
1329 1014 1468 1041 cnarrabit
1478 1015 1522 1041 5'?
1540 1025 1548 1040 ι
1570 1014 1672 1041 [ienuit
1687 1022 1751 1049 pro-

969 1058 1048 1092 pheta
1061 1059 1262 1093 generationem
1289 1059 1349 1094 ejus
1377 1067 1515 1092 enarrare,
1539 1065 1567 1087 et
1581 1064 1609 1087 tu
1625 1065 1749 1088 naturam

968 1103 1029 1138 ejus
1053 1105 1164 1132 curiose
1188 1105 1324 1139 perquiris
1341 1109 1368 1133 et
1385 1106 1552 1141 investigas?
1575 1106 1747 1142 Evangeiista

968 1157 1050 1184 porro
1061 1149 1148 1177 Lucas
1162 1151 1221 1185 ejus
1235 1151 1262 1177 in
1275 1151 1375 1178 infimis
1391 1153 1591 1186 generationem
1615 1161 1747 1180 enarrans

968 1196 1005 1222 ait
1022 1203 1028 1221 :
1044 1206 1052 1221 ι
1072 1195 1200 1224 Pastores
1222 1201 1301 1224 erant
1315 1197 1342 1223 in
1358 1198 1469 1232 regione
1484 1198 1577 1225 eadem
1605 1198 1749 1233 vigilantes

967 1245 994 1267 et
1008 1241 1194 1268 custodientes
1227 1243 1334 1276 vigilias
1366 1250 1449 1277 super
1473 1251 1580 1278 gregem
1607 1252 1698 1272 suum.
1718 1244 1750 1272 Et

967 1295 1029 1314 ecce
1043 1288 1155 1322 angelus
1170 1287 1276 1330 Domini
1295 1289 1369 1316 stetit
1385 1289 1457 1323 juxta
1470 1289 1540 1322 illos,
1558 1294 1584 1317 et
1598 1291 1683 1326 gloria
1697 1290 1750 1318 Do-

967 1334 1032 1360 mini
1046 1334 1226 1362 eircumiulsit
1243 1335 1313 1366 illos,
1324 1340 1350 1363 et
1363 1336 1512 1363 timuerunt
1528 1337 1747 1372 timoremagno.

966 1379 1092 1415 Dixitque
1123 1381 1176 1408 illis
1199 1381 1431 1416 angelus:Nolitc
1451 1383 1547 1409 timere
1569 1390 1653 1410 :ecce
1676 1383 1748 1410 enim

965 1427 1120 1461 evangelizo
1137 1427 1213 1454 vobis
1227 1427 1354 1462 gaudium
1367 1435 1504 1462 magnum,
1521 1427 1593 1463 quod
1611 1428 1662 1455 erit
1674 1428 1748 1455 omni

966 1474 1065 1508 populo
1082 1483 1088 1499 ε
1106 1473 1168 1508 quia
1183 1477 1263 1501 natus
1275 1477 1317 1500 est
1333 1473 1410 1500 vobis
1436 1473 1517 1500 hodie
1541 1474 1676 1506 Salvator,
1701 1474 1747 1508 qui

965 1523 1006 1545 est
1023 1518 1148 1545 Christus
1178 1517 1307 1546 Dominus
1323 1519 1348 1545 in
1366 1519 1475 1545 civitate
1487 1518 1572 1546 David
1581 1519 1613 1546 ⁸⁸.
1634 1529 1642 1544 ι
1657 1520 1748 1555 Ange-

966 1564 1007 1591 lus
1024 1565 1213 1599 evangelizans
1228 1565 1385 1599 pastoribus
1400 1573 1460 1592 eum
1477 1566 1522 1600 qui
1539 1569 1619 1593 natus
1641 1570 1700 1593 erat
1714 1574 1748 1594 ex

965 1609 1238 1645 Virginc,Cliristnm
1265 1614 1292 1638 et
1317 1610 1458 1637 Dominum
1488 1612 1576 1646 ipsum
1599 1616 1686 1639 vocat.
1717 1612 1747 1640 Si

964 1663 1028 1690 ergo
1046 1655 1176 1682 Dominus
1201 1660 1242 1683 est
1259 1656 1305 1690 qui
1322 1662 1402 1684 natus
1420 1661 1474 1689 est.
1491 1657 1536 1691 qui
1553 1665 1606 1684 non
1626 1657 1747 1684 Domini-

964 1708 1028 1734 para
1044 1699 1126 1735 Virgo
1150 1700 1251 1727 fuerit?
1274 1700 1329 1736 Ego
1344 1709 1409 1728 vero
1440 1706 1467 1728 et
1497 1697 1694 1736 Chrisiiparam
1719 1706 1746 1729 et

964 1746 1211 1782 Dominiparam,et
1227 1746 1468 1782 Salvatoriparam,
1484 1753 1511 1775 et
1527 1748 1667 1783 Deiparam
1683 1749 1745 1776 dico

963 1798 1085 1820 sanctam
1102 1793 1241 1828 Virginem
1252 1801 1324 1825 esse,
1335 1793 1416 1828 'jnxta
1429 1802 1523 1821 vocem
1542 1795 1641 1830 angeli,
1656 1795 1703 1830 qui
1717 1799 1745 1822 et

963 1840 1118 1874 pastoribus
1139 1843 1166 1867 et
1180 1839 1285 1875 Virgini
1318 1841 1444 1867 nuntium
1471 1841 1570 1868 attulit.
1596 1841 1625 1868 Si
1655 1842 1744 1876 angeli

963 1885 1130 1912 Salvatorem
1144 1884 1319 1913 et'Christum
1332 1889 1358 1913 et
1370 1885 1512 1913 Domintnn
1528 1890 1554 1913 et
1570 1885 1652 1913 Deum
1664 1886 1744 1922 353

962 1931 1119 1966 przedicant,
1134 1939 1185 1958 nos
1201 1938 1286 1966 quare
1303 1932 1488 1959 testimonium
1509 1932 1617 1958 illorum
1632 1940 1745 1967 respue-

961 1977 1040 2005 mus'i
1055 1977 1198 2012 Ingressus
1214 1982 1256 2005 est
1270 1979 1297 2006 in
1314 1978 1451 2014 Virginem
1460 1979 1553 2007 carnis
1565 1988 1672 2014 expers,
1685 1987 1745 2006 cor—

961 2023 1090 2057 poraliter
1106 2028 1135 2050 nt
1149 2024 1200 2051 sibi
1215 2024 1317 2058 placuit
1333 2029 1456 2060 gestatus
1476 2029 1518 2053 est
1538 2033 1587 2052 τοι(
1603 2025 1744 2060 dispensa-

960 2069 1034 2096 tione
1054 2077 1102 2104 per
1129 2074 1280 2097 maternam
1304 2078 1431 2105 egressus
1446 2074 1488 2098 (ξεῖ
1503 2076 1639 2103 naturam,
1657 2079 1744 2106 neque

960 2119 1049 2142 tamen
1061 2120 1121 2149 post
1138 2119 1244 2150 partum
1263 2116 1356 2142 unitus
1371 2120 1413 2143 est
1430 2115 1500 2143 Deus
1523 2115 1640 2143 Verbum
1666 2116 1743 2143 carni

960 2168 1008 2195 per
1024 2161 1255 2196 dispensationem
1271 2167 1426 2196 assumptzc.
1444 2161 1547 2189 Prodiit
1562 2163 1606 2196 qui
1617 2163 1743 2188 immuta-

126 2205 171 2244 ἦν.
188 2208 245 2234 Οὐκ
259 2207 414 2238 ἀλλοιωθεὶς
431 2208 464 2242 τῇ
485 2207 574 2242 οὐσίᾳ,
590 2206 683 2232 ἑαυτὸν
699 2206 824 2238 ὲκένωσε,
836 2214 912 2232 τουτ-

966 2206 1026 2234 bilis
1042 2211 1139 2233 natura
1166 2211 1234 2239 erat,
1263 2206 1352 2234 factus
1365 2207 1436 2242 quod
1460 2215 1515 2234 non
1538 2212 1608 2239 erat,
1629 2215 1742 2235 manens

127 2252 186 2278 ἑστι
213 2252 304 2283 καθὼς
331 2251 485 2286 ἠϐουλήθη·
507 2251 557 2286 οὑχ
586 2251 630 2284 ὑφ’
658 2250 748 2285 ἑτέρου
772 2250 908 2282 κενωθεὶς,

128 2298 234 2333 μορφὴν
257 2298 349 2324 δούλου
367 2297 478 2323 ἐλαϐεν
495 2297 524 2323 οὐ
550 2296 677 2327 κενωθεὶς
701 2296 749 2332 τῆς
775 2296 908 2331 θεότητος,

127 2344 198 2370 κατὰ
212 2344 256 2370 τὸν
273 2344 405 2379 μακάριον
433 2342 537 2369 Παῦλον
560 2342 606 2369 τὸν
629 2343 758 2378 λέγοντα·
779 2343 854 2373 «Ὃς,
879 2342 908 2368 ὲν

128 2391 218 2425 μορφῇ
236 2389 302 2415 θεοῦ
319 2389 458 2424 ὑπάρχων,
474 2389 523 2424 οὐχ
537 2389 680 2425 ἁρπαγμὸν
694 2389 815 2424 ἡγήσατο
829 2388 858 2414 τὸ
873 2385 910 2413 εἷ-

125 2444 169 2462 ναι
187 2435 230 2462 ἴσα
246 2435 316 2470 Θεῷ,
337 2435 404 2462 ἀλλὰ
429 2435 524 2462 ἑαυτὸν
550 2435 667 2461 ἐκένωσε
693 2434 797 2470 μορφὴν
819 2433 911 2460 δούλου

125 2480 224 2508 λαϐών.
238 2491 246 2507 ι
258 2481 405 2508 Ἐκένωσεν
418 2481 524 2513 ἑαυτὸν,
542 2481 686 2516 γενόμενος
702 2480 716 2506 ὃ
727 2480 776 2506 οὐκ
796 2477 829 2514 ἦν
840 2487 846 2494 ·
866 2479 912 2505 καὶ

125 2528 205 2555 πάλιν
220 2528 285 2554 αὐτὸ
299 2527 379 2562 λέγω,
402 2527 496 2562 μείνας
519 2527 533 2554 ὃ
563 2525 607 2562 ἦν,
623 2526 689 2558 Θεὸς
710 2526 764 2560 γὰρ
779 2523 812 2560 ἦν
829 2525 843 2550 ὁ
860 2524 911 2550 Λό-

125 2582 172 2608 γος
184 2571 260 2604 οὗτος
270 2581 277 2588 θ
294 2573 331 2604 ὡς
349 2573 454 2599 παιδίον
470 2572 623 2608 γενόμενος,
639 2572 676 2603 ὠς
691 2571 748 2602 υἱὸς
760 2569 910 2602 δοξάζεται.

124 2619 254 2654 Εἰσῆλθεν
266 2619 418 2654 ἀσώματος,
428 2619 569 2646 ἐνεδύσατο
587 2619 665 2653 σῶμα
679 2616 768 2648 καθὼς
782 2616 907 2652 ἠθέλησε,

123 2665 171 2692 καὶ
183 2664 319 2699 κατεπόθη
333 2665 363 2691 τὸ
375 2665 471 2699 θνητὸν
486 2665 537 2691 ὑπὸ
549 2664 598 2699 τῆς
610 2664 692 2699 ζωῆς.

962 2251 1033 2285 quod
1049 2256 1117 2278 erat.
1140 2251 1200 2279 Non
1228 2252 1381 2279 substantia
1410 2257 1541 2283 mutatus,
1568 2253 1742 2287 semetipsum

961 2298 1128 2331 exinanivit;
1147 2298 1194 2325 sed
1210 2303 1240 2325 ut
1252 2298 1304 2326 sibi
1318 2299 1419 2333 placuit
1432 2306 1438 2324 :
1453 2306 1506 2325 nec
1521 2299 1554 2325 ab
1579 2298 1632 2324 alio
1648 2298 1743 2324 exina-

962 2343 1139 2374 nitionem,e.t
1151 2343 1347 2370 formamiliam
1362 2344 1431 2371 servi
1446 2343 1566 2378 accepit;
1585 2350 1634 2369 nec
1643 2343 1742 2369 amissa

961 2389 1149 2423 deitatejuxta
1164 2390 1273 2417 beatum
1294 2388 1419 2421 Paulum,
1447 2391 1493 2424 qui
1510 2391 1547 2416 ait
1560 2399 1566 2416 :
1579 2400 1587 2414 ι
1604 2389 1654 2423 Qui
1680 2397 1742 2416 cum

959 2436 986 2462 in
1007 2436 1094 2462 forma
1109 2435 1155 2463 Dei
1171 2440 1255 2467 esset,
1268 2444 1322 2464 non
1332 2436 1455 2471 rapinam
1468 2437 1668 2463 arbitratusesi
1682 2443 1742 2463 esse

958 2490 988 2510 se
1001 2483 1133 2517 aequalem
1150 2482 1220 2516 Deo;
1238 2484 1285 2510 sed
1315 2483 1492 2518 semetipsum
1516 2483 1667 2510 exinanirit
1691 2482 1743 2508 for-

958 2536 1028 2555 mam
1046 2529 1117 2556 servi
1132 2529 1268 2564 aceipiens
1278 2530 1328 2556 ⁸⁸.»
1347 2529 1527 2564 Semetipsum
1539 2529 1700 2560 exinaniril,
1714 2529 1740 2555 id

957 2572 1069 2599 cIIectus
1084 2571 1218 2606 quodnon
1229 2577 1298 2605 erat,
1311 2577 1337 2600 et
1348 2577 1378 2600 ut
1392 2573 1490 2600 iterum
1515 2573 1614 2603 dicant.
1629 2579 1740 2600 manens

961 2617 1034 2650 quod
1064 2621 1134 2644 erat.
1170 2617 1242 2644 Deus
1272 2619 1345 2645 enim
1376 2623 1435 2645 erat
1464 2619 1516 2645 hoc
1548 2618 1675 2647 Verbum.
1692 2617 1740 2652 qui

961 2661 1040 2696 quasi
1068 2662 1198 2696 parvulus
1215 2663 1302 2690 fartus
1325 2667 1378 2695 est,
1400 2664 1478 2697 quasi
1504 2663 1575 2690 lilius
1601 2663 1738 2699 gloriﬁca-

124 2715 178 2738 tus.
198 2710 339 2745 Ingressus
352 2715 394 2738 est
408 2711 595 2745 incorporeus,
607 2716 707 2744 corpus
721 2707 808 2736 induit
823 2711 903 2743 prout
923 2707 1020 2740 voluit,
1048 2711 1131 2743 atque
1160 2709 1319 2744 absorptum
1336 2713 1378 2736 est
1399 2710 1472 2744 quod
1488 2710 1601 2738 mortale
1632 2713 1690 2737 erat
1722 2715 1741 2737 a

123 2759 188 2785 vita.

157 2835 180 2851 ⁸ο
200 2835 250 2863 lsa.
270 2843 311 2867 ις,
332 2834 358 2862 6.
395 2835 416 2850 ⁸⁸
440 2834 516 2862 Rom.
537 2842 581 2867 ις,
600 2835 640 2861 ιθ.
679 2835 701 2850 δ’
719 2833 771 2862 Isa.
790 2840 854 2867 LIII,
873 2832 900 2860 8.

981 2832 1048 2859 Luc.
1068 2840 1101 2865 ιι,
1119 2831 1197 2860 8-Η.
1235 2832 1258 2848 ⁸⁸
1279 2831 1394 2869 Philipp.
1415 2841 1450 2865 ιι,
1467 2834 1484 2862 6
