1940 3067
219 123 272 152 967

784 117 816 145 s.
836 116 1066 144 ATHANASIL'S.
1087 131 1122 136 —-
1140 103 1254 142 nanis.

1791 113 1852 142 968

255 180 281 208 5.
302 179 389 207 Dicito
408 179 500 214 itaque
526 178 667 213 Deiparam
687 176 835 213 Virginem.
862 186 915 205 non
950 177 996 205 Dei

1083 176 1108 203 5.
1125 176 1191 202 Εἰπὲ
1207 172 1252 201 οὗν
1266 173 1396 201 Θεοτόκον
1412 174 1462 210 τὴν
1479 175 1627 211 Παρθένον,
1643 176 1692 203 καὶ
1716 176 1754 212 μὴ
1773 176 1846 211 λέγε

219 225 417 260 exceptricem;
436 225 490 250 imo
509 223 599 258 potius
615 223 699 250 dicito
716 222 763 250 Dcl
779 224 957 257 exceptricein
974 227 1001 250 et

220 270 286 305 Deip
305 277 372 296 ram.
395 269 422 295 Si
442 268 489 295 Dei
506 269 645 303 exceptrix
663 272 705 295 est
719 273 745 295 et
763 267 888 302 Deipara,
909 276 1000 296 annon

219 324 328 343 carnem
341 321 374 342 cx
390 315 434 341 illa
450 316 554 349 accepit
571 314 641 342 Deus
656 314 788 342 verbum?
811 314 864 341 Sed
886 315 930 342 hic
946 316 1001 342 vim

219 359 283 385 mihi
296 359 373 385 amart
385 358 565 393 Ei-angeiista,
577 366 674 393 magna
683 366 746 386 voce
756 359 893 386 clamans:
910 369 919 385 ι
934 359 1002 387 Ver-

219 406 282 432 bum
298 413 362 431 caro
376 405 476 432 factum
487 409 528 431 est
538 405 576 432 ⁸⁵.
589 414 598 431 ι
612 404 640 431 lii
660 405 713 431 alio
732 410 822 432 aulem
836 406 1001 441 evangelista

220 449 260 474 sic
275 448 376 475 dicitur
394 457 400 474 ε
421 458 430 474 ‹
448 448 634 484 interrogabat
658 448 738 476 Jesus
763 449 912 484 discipulos
936 458 1001 478 suos

219 493 314 532 dicens
328 503 334 520 :
351 493 437 526 Quem
455 502 497 521 me
511 494 606 521 dicunt
631 495 755 522 homines
769 503 839 527 esse,
854 496 937 523 [lliuni
953 497 1002 523 ho-

219 540 318 566 minis?
333 540 538 575 liespondeiites
552 545 642 567 autem
656 541 772 575 apostoli
787 541 915 569 dixerunt
931 542 1001 569 :Alii

219 585 316 618 Eliam,
333 586 378 612 alii
401 594 462 613 vero
479 585 690 618 Jeremiam,-aut
710 595 792 613 unum
809 595 840 614 cx
853 589 1000 623 prophetis.

219 631 290 659 Dixit
305 640 368 659 vero
381 631 462 659 Jesus
475 641 481 658 :
496 631 550 659 Vos
567 637 657 659 autem
673 641 754 667 quem
770 641 814 660 me
827 633 935 660 dicitis?
948 634 1001 661 Re-

219 678 356 712 spondens
366 682 455 705 autem
473 677 571 705 Petrus
585 678 654 704 dixit
667 686 673 704 :
690 677 729 705 Tu
739 687 769 706 es
781 679 906 707 Christus
918 679 1002 708 Filius

219 723 266 750 Dei
283 725 335 751 vivi
347 723 380 750 ⁸⁸.
399 734 408 750 ι
423 723 482 750 Non
498 725 566 752 dixit
582 734 588 751 ε
605 724 645 751 Tu
657 732 686 752 es
704 727 750 760 qui
769 733 818 761 per
832 727 945 760 gratiam
958 727 1002 754 Fi-

219 770 272 796 iius
283 769 328 797 Dei
341 770 454 798 effectus
467 779 506 801 es.
523 771 570 798 sed
582 771 655 798 clara
670 779 735 798 voce
756 779 762 797 :
784 780 793 796 ‹
813 771 853 798 Tu
869 780 898 799 es
924 773 1002 800 Chri-

220 820 280 842 stus
299 815 385 843 Filius
400 815 447 842 Dei
464 816 528 842 vivi.
549 825 558 841 ι
577 815 685 843 Marcus
696 824 763 844 sane
783 818 949 852 evangelista
970 826 1002 846 ea

1050 221 1176 256 Osoédxov
1186 229 1192 236 '
1211 220 1309 255 μᾶλλον
1320 221 1348 246 δὲ
1364 220 1428 254 λέγε
1441 221 1568 256 Θεοδὸχον
1583 222 1629 248 καὶ
1649 218 1790 248 Θεοτόκον.
1810 223 1846 249 Εἰ

1050 268 1177 303 Θεοδόχος
1191 268 1249 294 ἐστὶ
1263 268 1310 294 καὶ
1326 267 1470 299 Θεοτὸκος·
1488 268 1576 303 σάρκα
1589 269 1638 295 οὐκ
1652 268 1685 295 ἂν
1701 268 1798 310 Eia.va

1050 315 1136 350 αὐτῆς
1150 315 1164 340 6
1178 315 1243 346 θεὸς
1256 315 1356 348 Λόγος;
1367 314 1433 342 ἀλλὰ
1443 316 1500 341 ἐκεῖ
1512 315 1633 350 βιάζεταί
1646 325 1679 351 με
1690 317 1704 342 6
1717 315 1848 349 ωαγγε-

1050 361 1143 396 λιστὴς
1159 361 1228 396 βοῶν
1247 361 1351 396 μεγάλῃ
1366 362 1398 396 τῇ
1416 363 1506 396 φωνῇ’
1525 371 1535 387 ‹
1557 362 1586 388 '0
1597 362 1682 396 Λόγος
1696 361 1763 397 σάρξ
1776 361 1847 396 ἐγέ-

1051 415 1120 433 νετο.
1139 416 1148 431 ›
1170 406 1214 432 Ἐν
1237 405 1265 432 δὲ
1285 405 1323 440 τῷ
1348 406 1420 441 ἄλλῳ
1445 407 1622 442 εὐαγγελιστῇ
1648 407 1719 433 οὕτω
1742 407 1842 441 λέγει·

1053 465 1062 480 ι
1075 453 1182 489 Ὴρώτα
1198 454 1212 479 6
1231 453 1333 489 Ἰησοῦς
1347 455 1410 485 τοὺς
1425 454 1547 490 μαθητὰς
1558 455 1651 487 αὑτοῦ,
1665 455 1760 489 λέγων·
1773 455 1846 481 Τίνα

1053 510 1086 536 με
1110 500 1233 534 λέγουσιν
1248 501 1271 526 οἱ
1293 499 1430 535 ἄνθρωποι
1450 498 1519 526 εἶναι
1533 500 1579 527 τὸν
1594 501 1656 527 Υἰὸν
1670 500 1716 527 τοῦ
1734 500 1846 536 ἀνθρώ-

1052 554 1118 578 πους
1140 545 1344 580 ’Δποκριθέντες
1361 545 1389 572 δὲ
1413 546 1437 572 οἱ
1465 546 1607 573 ἀπόστολοι
1625 545 1717 573 εἶπαν·
1738 547 1769 573 οἱ
1791 547 1847 582 μὲν

1058 591 1158 623 Ἠλίαν,
1172 591 1196 616 οἱ
1214 591 1241 616 δὲ
1261 591 1405 626 Ἰερεμίαν,
1423 591 1439 626 ἢ
1457 591 1505 618 ἕνα
1520 591 1573 617 τῶν
1594 591 1751 627 προφητῶν.
1771 589 1846 618 Eia:

1051 636 1078 663 δὲ
1092 637 1107 663 ὀ
1123 636 1239 672 Ἰησοῦς·
1261 637 1353 671 Ὑμεῖς
1371 637 1399 663 δὲ
1418 638 1478 664 τίνα
1492 647 1524 672 με
1539 638 1646 672 λέγετε;
1668 639 1846 674 Ἀποκριθεὶς

1051 682 1079 709 δὲ
1089 684 1103 709 6
1114 683 1213 719 Πέτρος
1225 680 1285 709 alta
1294 691 1300 698 ·
1316 683 1352 717 Σὺ
1364 682 1389 709 εἴ
1400 685 1413 709 ὁ
1425 684 1541 719 Χριστὸς
1553 685 1567 710 6
1581 684 1642 716 Υἱὸς
1657 684 1703 710 τοῦ
1716 684 1784 710 Θεοῦ
1794 681 1845 711 τοῦ

1052 727 1160 760 ζῶντος.
1185 739 1194 754 ι
1220 729 1276 755 Καὶ
1290 729 1341 755 οὐκ
1360 727 1434 755 εἶπε·
1452 730 1487 756 Σὺ
1503 727 1528 755 εἷ
1546 730 1560 755 6
1586 730 1731 765 γενόμενος
1749 730 1846 765 χάριτι

1052 774 1114 806 Υἱὸς
1130 774 1208 806 Θεοῦ,
1227 774 1304 807 ἀλλὰ,
1319 784 1328 800 t
1351 775 1386 801 Σὺ
1399 775 1413 801 ὁ
1433 775 1559 810 Χριστὸς,
1579 786 1587 800 ι
1602 777 1686 811 τρανῇ
1701 777 1734 811 τῇ
1751 778 1842 811 φωνῇ,

1056 831 1064 846 ι
1082 822 1096 847 ὁ
1113 821 1176 852 Υἱὸς
1192 821 1238 847 τοῦ
1260 821 1327 847 Θεοῦ
1353 821 1400 847 τοῦ
1424 820 1533 852 ζῶντος.
1552 831 1561 847 ›
1580 822 1634 848 Καὶ
1657 823 1769 858 Μάρκος
1782 823 1813 850 δὲ
1830 824 1845 849 6

218 861 277 896 ipsa
294 869 360 888 usus
375 866 417 889 est
431 869 506 894 voce,
526 862 597 889 beati
620 862 693 889 Petri
714 864 855 890 sententiae
881 872 1000 891 consona

1052 866 1244 902 εὐαγγελιστὴς
1259 867 1339 893 πάλιν
1352 868 1384 902 τῇ
1403 867 1471 902 αὐτῇ
1488 867 1619 903 κέχρηται
1634 869 1719 904 φωνῇ,
1735 868 1845 903 συνῳδὰ

219 907 330 934 locutus
348 917 354 934 :
374 917 383 932 ί
408 908 518 935 Initium
544 907 683 943 Evangelii
710 908 775 936 Jcsu
802 909 915 942 Christi,
940 910 1001 938 Filii

218 953 266 981 Dei
278 954 311 980 ³⁷.
327 965 336 980 ι
350 954 378 980 In
397 954 541 989 Evangelia
562 958 652 982 autem
669 955 820 982 secundum
834 957 1001 990 Mattbacuni,

219 1000 266 1026 ubi
295 1004 424 1027 narratur
446 1002 612 1028 resurrectio
643 1001 793 1029 Salvatoris
821 1003 909 1030 nostri
937 1002 1002 1030 Jesu

219 1046 333 1078 Christi,
352 1047 390 1074 ait
411 1048 537 1075 centurio
550 1052 578 1075 et
595 1048 641 1083 qui
656 1056 718 1075 cum
742 1049 789 1075 illo
802 1047 900 1082 ,Jesum
915 1055 1004 1077 custo-

219 1092 340 1124 diebant.
362 1093 420 1120 viso
442 1097 522 1120 terra:
538 1097 624 1125 motu,
645 1094 781 1129 editisque
799 1094 896 1129 signis,
910 1096 1004 1123 admo-

219 1139 284 1165 dum
306 1139 452 1173 perterriti,
472 1140 529 1166 haec
549 1140 628 1166 verba
655 1141 791 1175 protulere
817 1150 848 1167 τι
866 1141 935 1169 Vere
960 1142 1004 1169 Fi—

220 1183 274 1211 lius
297 1183 343 1210 Dei
369 1189 428 1211 erat
453 1185 504 1211 iste
519 1185 552 1211 ⁸⁸.
573 1195 582 1210 ι
598 1185 717 1220 Angelus
733 1193 798 1213 vero
819 1187 974 1220 pastoribus
993 1197 1000 1215 :

223 1239 232 1254 ι
250 1229 320 1257 Ecce
335 1230 493 1265 evangelizo
518 1230 599 1258 vobis
625 1233 753 1266 gaudium
777 1241 916 1268 magnum,
931 1235 1002 1269 quod

220 1277 271 1303 erit
286 1276 360 1303 omni
376 1277 486 1311 populo,
499 1278 562 1312 quia
575 1283 657 1306 natus
670 1283 712 1306 cst
723 1279 800 1307 vobis
815 1280 894 1307 hodie
907 1280 1003 1307 Salva-

219 1327 272 1354 tor,
289 1322 333 1356 qui
348 1327 389 1349 cst
403 1322 530 1349 Christus
542 1322 673 1350 Dominus
688 1324 715 1350 in
728 1325 838 1351 civitate
849 1325 932 1352 David
949 1327 1000 1354 δ’.»

220 1367 248 1394 Si
262 1375 326 1402 ergo
341 1368 412 1402 quod
429 1373 524 1396 natum
550 1374 592 1397 est
612 1370 744 1399 Dominus
763 1375 814 1403 est,
830 1371 1003 1406 Dominipara

219 1419 261 1442 est
281 1414 372 1450 Virgo.
396 1415 447 1443 Ubi
471 1420 560 1443 autem
583 1416 723 1448 Dominus,
742 1417 777 1444 ibi
802 1422 829 1444 et
843 1417 925 1446 Deus.
949 1419 1004 1446 Nec

219 1460 425 1495 distinguuntur
441 1461 572 1489 Dominus
587 1469 601 1488 a
619 1461 683 1494 Deo,
704 1471 754 1490 nec
771 1463 842 1491 Deus
854 1472 867 1490 a
879 1464 1003 1498 Domino;

219 1507 287 1534 utin
305 1506 395 1534 Veteri
410 1507 586 1535 Testamento
599 1507 699 1535 dicitur
715 1516 721 1534 ;
742 1518 751 1534 ι
771 1508 804 1535 Et
825 1510 894 1545 pluit
911 1510 1002 1537 Domi-

219 1562 273 1580 nus
289 1554 376 1588 ignem
395 1561 410 1580 a
424 1553 538 1581 Domino
552 1554 586 1581 “.
606 1564 616 1580 ι
633 1554 664 1581 Et
680 1555 778 1582 iterum
795 1565 801 1582 :
815 1565 824 1580 ι
838 1554 937 1590 Diliges
948 1555 1003 1582 Ι)οο

219 1600 322 1626 milium
333 1599 416 1627 Deum
431 1604 507 1626 tuum
519 1601 552 1626 ⁹¹.
572 1610 582 1626 ι
593 1600 631 1627 Ac
647 1608 772 1628 rursum:
785 1610 794 1626 ι
811 1601 892 1633 Audi.
909 1601 1002 1634 Israel,

219 1644 351 1673 Dominus
366 1645 437 1673 Dens
453 1650 533 1677 tuus,
546 1646 677 1674 Dominus
693 1655 764 1674 unus
777 1651 819 1674 est
832 1648 866 1674 ".
884 1657 892 1673 ι
907 1647 939 1674 Et
952 1648 1003 1675 ite-

219 1700 279 1719 rum
297 1692 464 1721 Psalmista:
484 1703 493 1718 ‹
521 1692 634 1720 Domine
658 1694 730 1721 Deus
749 1695 889 1726 virtutum,
905 1695 1004 1722 exaudi

219 1739 371 1766 oralionem
400 1747 486 1766 meam
498 1739 530 1766 ".
559 1749 568 1765 ι
596 1738 708 1774 Ipseque
738 1748 848 1767 rursum
869 1748 876 1765 :
895 1749 904 1765 ι
932 1740 1002 1768 Deus

219 1783 352 1811 Dominus
363 1788 390 1810 ιιι
406 1785 493 1811 illuxit
505 1785 584 1812 nobis
598 1785 630 1812 ⁸⁸.
654 1795 662 1810 i
676 1785 741 1812 Item
755 1786 812 1821 ipse
826 1795 832 1813 :
845 1796 853 1811 ‹
873 1786 1004 1814 Dominus

221 1828 292 1856 Deus
305 1830 445 1861 virtutum,
461 1830 522 1864 quis
537 1830 635 1857 similis
661 1831 710 1857 tibi
729 1832 762 1857 θ’.
779 1841 788 1856 ι
806 1831 839 1857 Et
858 1831 960 1859 Paulus
976 1832 1003 1859 in

220 1883 269 1902 sua
284 1875 316 1902 ad
328 1874 419 1902 Titum
431 1875 550 1910 Epistola
561 1877 596 1903 ita
606 1876 719 1903 scribit:
734 1886 743 1902 ι
755 1877 888 1912 Apparuit
903 1877 1004 1905 saluta-

220 1921 258 1948 ris
279 1921 365 1956 gratia
389 1920 435 1948 Dei
456 1921 584 1948 omnibus
603 1922 769 1955 hominibus,
791 1923 920 1950 erudiens
931 1931 1000 1957 nos;

220 1972 250 1994 ul
265 1968 431 2003 abnegantes
450 1968 615 2003 impietatem
630 1973 658 1996 et
685 1969 827 1996 szecularia
853 1970 1001 2001 desideria,

220 2012 353 2040 sobrie‘et
374 2013 449 2048 juste
464 2017 491 2040 ct
514 2014 557 2048 pie
573 2014 698 2041 vivamus
717 2014 743 2040 in
761 2014 813 2041 hoc
828 2015 939 2047 saeculo,
955 2023 1003 2042 ex-

220 2063 375 2094 spectantes
389 2059 496 2086 beatam
512 2067 586 2093 spem
602 2065 629 2087 et
639 2061 783 2087 adventum
803 2061 896 2095 gloriae
911 2061 1001 2095 magni

220 2105 278 2136 Dei,
293 2111 319 2133 et
335 2105 485 2133 Salvatoris
502 2107 588 2134 nostri
604 2106 668 2135 Jesu
684 2107 789 2134 Christi
805 2107 838 2134 ".
861 2117 870 2133 ›
891 2107 939 2134 Hic
960 2112 1002 2134 est

219 2153 265 2188 qui
280 2157 361 2180 natus
377 2157 420 2181 est
434 2161 466 2181 ex
491 2158 586 2181 sancta
607 2153 728 2188 Virgine,
747 2154 792 2188 qui
814 2158 856 2182 est
875 2153 1002 2181 Christus

1053 912 1237 946 φθεγγόμενος
1252 912 1291 947 τῷ
1308 913 1436 948 μακαρίῳ
1451 913 1561 949 Πέτρῳ*
1573 923 1582 939 ι
1595 913 1677 950 Ἀρχὴ
1693 914 1738 940 τοῦ
1753 915 1846 948 Εὐαγ-

1051 958 1140 992 γελίου
1162 958 1247 992 Ἰησοῦ
1270 959 1387 993 Χριστοῦ
1407 959 1454 986 τοῦ
1475 959 1539 986 Υξοῦ
1557 959 1603 986 τοῦ
1620 960 1697 987 Θεοῦ.
1720 971 1730 987 ι
1753 961 1798 988 Ἐν
1815 961 1845 989 δὲ

1051 1001 1090 1035 τῷ
1106 1002 1175 1028 κατὰ
1191 1002 1327 1028 Ματθαῖον
1341 1003 1507 1038 Εὐαγγελίῳ,
1522 1006 1562 1036 εἰς
1573 1005 1622 1040 τὴν
1634 1006 1780 1033 ἀνάστασιν
1795 1006 1844 1033 τοῦ

1053 1047 1176 1081 Σωτῆρος
1193 1047 1270 1081 ἡμῶν
1292 1047 1378 1080 Ἰησοῦ
1399 1048 1529 1083 Χριστοῦ,
1545 1049 1627 1084 φησὶν
1644 1050 1658 1075 ὁ
1678 1050 1846 1086 ἑκατόνταρσ

1052 1101 1097 1127 χος
1113 1093 1158 1119 καὶ
1174 1093 1198 1118 οἱ
1219 1092 1277 1127 μετ’
1294 1093 1375 1119 αὐτοῦ
1393 1093 1538 1128 τηροῦντες
1549 1095 1595 1121 τὸν
1615 1094 1729 1129 Ἰησοῦν,
1743 1095 1844 1126 [δόντες

1052 1139 1096 1164 τὸν
1113 1139 1223 1173 σεισμὸν
1249 1139 1295 1164 καὶ
1319 1138 1353 1165 τὰ
1378 1139 1511 1174 γενόμενα
1533 1141 1643 1175 σημεῖα,
1669 1141 1845 1176 ἐφοϐήθησαν

1053 1185 1153 1220 σφόδρα
1178 1184 1313 1218 λέγοντες,
1333 1194 1342 1210 ι
1366 1185 1484 1220 Ἀληθῶς
1505 1185 1572 1212 Θεοῦ
1591 1186 1654 1217 Υἱὸς
1672 1184 1705 1221 ἦν
1721 1183 1812 1218 οὗτος·
1832 1195 1842 1211 ι

1051 1231 1066 1257 ὁ
1081 1231 1110 1257 δὲ
1132 1230 1247 1265 ἄγγελος
1269 1232 1324 1262 τοῖς
1352 1231 1493 1266 ποιμέσιν·
1512 1241 1522 1257 ‹
1542 1231 1606 1258 Ἰδοὺ
1633 1231 1845 1267 εὐαγγελίζομαι

1053 1277 1116 1312 ὑμῖν
1142 1276 1228 1312 χαρὰν
1253 1276 1384 1311 μεγάλην,
1397 1277 1458 1311 ἥτις
1480 1276 1555 1303 ἔσται
1571 1279 1650 1303 παντὶ
1667 1277 1705 1312 τῷ
1720 1277 1786 1311 λαῷ,
1801 1277 1844 1304 ὅτι

1053 1322 1148 1358 ἐτέχθη
1162 1322 1225 1357 ὑμῖν
1241 1322 1360 1357 σήμερον
1373 1323 1478 1358 Σωτὴρ,
1490 1324 1520 1354 ὃς
1532 1324 1589 1349 ἐστι
1604 1323 1719 1358 Χριστὸς
1729 1323 1844 1359 Κύριος,

1053 1370 1081 1395 ὲν
1099 1369 1173 1395 πόλει
1186 1368 1277 1394 mare.
1301 1377 1311 1394 ι
1331 1369 1362 1394 Εἰ
1377 1367 1424 1394 οῦν
1439 1369 1468 1395 τὸ
1485 1369 1578 1404 τεχθὲν
1599 1370 1710 1404 Κύριος,
1724 1371 1771 1396 καὶ
1786 1370 1846 1396 Ku-

1054 1415 1173 1451 ριοτὸκος
1187 1416 1203 1450 ή
1220 1414 1367 1450 Παρθένος-
1383 1416 1448 1442 ὅπου
1462 1416 1490 1442 δὲ
1506 1416 1616 1451 Κύριος,
1628 1417 1686 1442 ἐκεῖ
1699 1416 1745 1442 καὶ
1755 1415 1824 1447 Θεός
1834 1424 1842 1430 ·

1053 1462 1084 1488 οὐ
1100 1461 1261 1497 κεχώρισται
1275 1462 1378 1498 Κύριος
1392 1461 1459 1488 Θεοῦ
1479 1461 1496 1497 ἦ
1526 1461 1591 1493 Θεὸς
1609 1461 1721 1496 Κυρίου,
1738 1461 1776 1492 ὡς
1787 1461 1844 1488 λέει

1054 1508 1082 1533 ἐν
1098 1510 1131 1544 τῇ
1160 1509 1279 1545 Παλαιᾷ·
1299 1518 1308 1534 ι
1334 1509 1387 1536 Καὶ
1404 1507 1496 1542 ἔϐρεξε
1510 1507 1610 1543 Κύριος
1625 1507 1679 1542 πῦρ
1698 1506 1772 1542 παρὰ
1787 1507 1844 1533 Κυ-

1056 1554 1112 1588 ρίου
1125 1562 1132 1568 ·
1155 1564 1164 1580 ι
1183 1556 1230 1581 καὶ
1249 1555 1346 1581 πάλιν·
1367 1563 1377 1579 ι
1405 1553 1570 1588 Ἀγαπήσεις
1596 1554 1697 1588 Κύριον
1709 1553 1754 1578 τὸν
1776 1552 1843 1578 Θεόν

1055 1610 1118 1628 σου·
1138 1611 1146 1627 ι
1164 1603 1211 1629 καὶ
1227 1602 1323 1629 πάλιν·
1346 1611 1354 1627 ι
1372 1602 1481 1633 Ἄκουε,
1500 1599 1615 1635 Ἰσραὴλ,
1636 1599 1736 1635 Κύριος
1750 1600 1764 1625 ὁ
1776 1599 1843 1630 Θεὸς

1054 1655 1100 1673 σου
1115 1647 1216 1683 Κύριος
1229 1646 1268 1679 εἷς
1285 1648 1341 1674 ἐστι
1354 1655 1360 1662 ·
1372 1657 1382 1672 ι
1398 1647 1446 1673 καὶ
1460 1646 1539 1673 πάλιν
1553 1647 1567 1672 6
1583 1646 1742 1681 Ψαλμῳόόςο
1762 1654 1772 1670 ‹
1786 1645 1842 1671 Κύ-

1054 1700 1111 1727 ριος
1124 1693 1137 1718 6
1149 1692 1214 1723 Θεὸς
1227 1692 1280 1718 τῶν
1293 1692 1442 1727 δυνάμεων,
1457 1692 1614 1717 εἰσάκουσον
1627 1691 1674 1726 τῆς
1689 1690 1842 1726 προσευχῆς

1055 1746 1104 1773 μου
1115 1746 1122 1753 ·
1144 1748 1153 1763 ι
1171 1739 1186 1764 6
1200 1739 1280 1770 αὐτὸς
1299 1738 1379 1765 πάλιν
1390 1747 1396 1753 ·
1411 1748 1420 1763 ι
1435 1737 1500 1769 Θεὸς
1517 1737 1628 1772 Κύριος,
1644 1737 1691 1762 καὶ
1707 1736 1842 1769 ἐπέφανεν

1054 1786 1127 1820 ἡμῖν·
1141 1795 1150 1810 ι
1170 1785 1215 1811 καὶ
1228 1785 1308 1811 πάλιν
1324 1787 1338 1812 6
1354 1785 1443 1815 αὑτός·
1464 1794 1472 1810 ι
1483 1783 1585 1819 Κύριος
1595 1785 1609 1809 ὁ
1619 1783 1684 1814 Θεὸς
1697 1783 1750 1809 τῶν
1765 1783 1842 1810 δυνά-

1055 1839 1136 1865 μεων,
1152 1830 1193 1862 τίς
1207 1831 1297 1866 ὅμοιός
1309 1839 1367 1862 σοις
1387 1840 1395 1856 ι
1408 1831 1461 1857 Καὶ
1476 1829 1580 1860 Παῦλος
1595 1830 1623 1855 ἐν
1635 1830 1666 1864 τῇ
1684 1829 1751 1864 πρὸς
1763 1829 1842 1855 Τίτον

1060 1877 1201 1912 Ἐπιστολῇ
1214 1877 1299 1908 οὕτως
1314 1876 1425 1912 γράφει·
1436 1887 1445 1901 ι
1457 1876 1594 1910 Ἐπεφάνη
1603 1876 1618 1909 ἡ
1627 1875 1706 1911 χάρις
1716 1875 1762 1901 τοῦ
1775 1875 1844 1902 Θεοῦ

1053 1923 1069 1958 ἡ
1087 1923 1218 1958 σωτήριος
1232 1924 1314 1949 πᾶσιν
1329 1922 1491 1958 ἀνθρώποις,
1505 1921 1669 1948 παιδεύουσα
1687 1922 1770 1956 ἡμᾶς·
1787 1921 1842 1952 ἵνα,

1053 1969 1235 2005 ἀρνησάμενοι
1250 1969 1299 2005 τὴν
1312 1969 1439 1995 ἀσέϐειαν
1465 1969 1512 1995 καὶ
1534 1968 1582 1999 τὰς
1599 1967 1732 2002 κοσμικὰς
1745 1967 1840 1993 ἐπιου-

1055 2016 1128 2050 μίας,
1135 2016 1279 2053 σωφρόνως
1285 2016 1330 2042 καὶ
1338 2015 1448 2046 δικαίως
1457 2015 1504 2042 καὶ
1512 2014 1629 2045 εὐσεϐῶς
1637 2013 1762 2049 ζήσωμεν
1768 2015 1796 2039 ἐν
1806 2014 1845 2049 τῷ

1053 2061 1100 2088 νῦν
1109 2061 1196 2094 αἰῶνι,
1206 2061 1413 2097 προσδεχόμενοι
1421 2061 1470 2096 τὴν
1480 2060 1617 2096 μακαρίαν
1629 2059 1722 2086 ἐλπίδα
1731 2060 1776 2085 καὶ
1785 2061 1845 2086 ἐπι-

1053 2107 1163 2142 φάνειαν
1188 2107 1238 2142 τῆς
1260 2107 1347 2143 δόξης
1359 2107 1406 2134 τοῦ
1434 2106 1552 2142 μεγάλου
1571 2105 1637 2132 Θεοῦ
1654 2106 1701 2132 καὶ
1719 2105 1845 2141 Σωτῆρος

1053 2153 1130 2188 ἡμῶν
1144 2152 1228 2188 Ἰησοῦ
1241 2152 1368 2188 Χριστοῦ.
1388 2163 1397 2179 ›
1413 2151 1496 2184 Οὗτος
1513 2152 1642 2187 ὀτεχθεὶς
1658 2153 1690 2178 ἐκ
1703 2152 1753 2186 τῆς
1763 2152 1844 2186 ἁγίας

218 2199 360 2228 Domitius.
377 2199 456 2227 Hunc
472 2199 611 2227 Christum
625 2204 653 2226 ct
666 2199 808 2226 Dominum
824 2199 919 2227 beatus
930 2199 1001 2226 Pau-

1053 2200 1202 2235 Παρθένου,
1213 2201 1241 2232 ὃς
1257 2201 1314 2227 ἐστι
1330 2201 1448 2236 Χριστὸς
1466 2200 1578 2234 Κύριος,
1596 2198 1695 2225 Τοῦτον
1709 2198 1754 2225 τὸν
1773 2199 1843 2234 Χριο

219 2247 263 2273 lus
290 2254 419 2281 magnum
448 2245 531 2273 Deum
545 2249 623 2272 vocat
636 2245 731 2272 dicens
749 2252 756 2270 :
777 2254 787 2269 ί
806 2244 895 2280 Magni
916 2244 962 2272 Dei
977 2249 1003 2272 et

219 2292 370 2320 Salvatoris
399 2292 486 2319 nostri
504 2290 567 2318 Jesn
601 2291 715 2318 Christi.
733 2300 742 2317 ι
760 2289 879 2317 Rursum
901 2289 928 2317 in
953 2298 1001 2317 sua

218 2338 253 2366 ad
277 2338 414 2366 Romanos
432 2337 552 2373 Epistola
567 2337 603 2364 ita
619 2337 732 2365 scribit:
752 2346 761 2362 ι
784 2336 915 2372 Optabam
929 2337 1001 2363 enim

217 2393 268 2420 ego
291 2385 349 2420 ipse
380 2385 525 2412 anathema
550 2392 612 2412 esse
638 2392 653 2411 a
668 2383 779 2411 Christo
790 2391 841 2419 pro
867 2383 1000 2410 fratribus

217 2433 297 2464 meis.
311 2433 431 2466 qiiisunt
446 2432 555 2467 cognati
570 2432 622 2459 mei
652 2432 802 2460 secundum
817 2439 940 2463 carnem,
953 2432 1000 2466 qui

217 2482 282 2505 sunt
297 2477 436 2508 lsraelitm,
454 2485 569 2512 quorum
586 2478 694 2513 adoptio
709 2484 749 2506 est
763 2478 891 2510 filiorum,
903 2482 929 2506 et
940 2479 999 2512 glo-

217 2524 258 2551 ria
278 2527 305 2551 et
328 2527 521 2551 testamentum
534 2528 560 2551 et
578 2524 714 2559 legislatio
738 2528 765 2551 et
789 2524 952 2559 obsequium
975 2529 1002 2551 et

217 2570 350 2605 promissa
368 2580 374 2597 :
389 2578 506 2606 quorum
515 2570 610 2598 Patres
624 2575 651 2598 et
664 2579 696 2597 ex
708 2571 808 2605 quibus
823 2574 866 2597 est
876 2570 1002 2597 Christus

216 2617 367 2644 secundum
384 2624 505 2648 carnem,
520 2616 566 2652 qui
583 2621 625 2644 est
640 2625 723 2652 super
739 2616 830 2644 omnia
853 2616 924 2644 Dens
937 2617 969 2642 '7.
989 2626 997 2641 ι

214 2664 254 2690 Ac
274 2671 384 2691 rursum
410 2664 468 2699 ipse
486 2663 607 2691 Paulus:
627 2672 636 2688 α
657 2662 751 2690 Omnis
775 2663 934 2695 fornicator,
952 2666 999 2688 aut

214 2717 324 2743 avarus,
339 2714 386 2737 aut
407 2711 543 2742 ebriosus,
560 2714 606 2737 aut
620 2709 777 2736 immundus
788 2728 795 2740 ,
811 2712 858 2735 aut
885 2708 998 2735 idolola-

250 2788 273 2803 “
292 2786 371 2816 Joan.
389 2795 413 2819 ι,
433 2788 476 2814 ιι.
514 2787 537 2803 ⁸⁸
553 2787 646 2815 Matth.
676 2795 737 2817 xvr,
756 2786 849 2814 15-16.

215 2822 238 2839 ’⁸
257 2821 355 2850 Cenes.
375 2831 437 2855 nx,
453 2823 499 2850 24.
550 2823 572 2838 ’³
592 2824 668 2849 Deut.
688 2830 729 2854 vi,
747 2822 773 2849 5.
824 2822 847 2838 ⁹¹
866 2820 932 2848 ibid.
950 2821 976 2848 4.

215 2865 351 2891 uuvni,
370 2858 396 2885 9.
435 2859 457 2874 "
477 2857 531 2886 Tit.
549 2865 588 2892 ii,
604 2858 696 2885 41-13.
735 2858 756 2873 "’
779 2856 857 2884 Rom.
875 2865 920 2889 ix,
939 2856 997 2883 3-5.

900 2786 922 2802 ⁸⁷
943 2784 1026 2813 Marc.
1045 2793 1069 2816 ι,
1086 2785 1112 2812 1.

1032 2821 1055 2837 ⁹³
1074 2820 1147 2850 Psal.
1166 2828 1284 2853 Lxxxni,
1303 2820 1329 2848 9.

1052 2247 1113 2274 στὸν
1129 2247 1176 2274 καὶ
1189 2247 1289 2282 Κύριον
1304 2248 1439 2282 μακάριος
1454 2246 1559 2277 Παῦλος
1575 2246 1662 2281 μέγαν
1681 2245 1746 2271 Θεὸν
1762 2245 1843 2271 αὐτὸν

1050 2292 1180 2329 κηρύττει
1205 2293 1308 2326 λέγων·
1331 2302 1339 2317 ι
1359 2292 1411 2318 Τοῦ
1433 2291 1552 2327 μεγάλου
1567 2291 1634 2318 Θεοῦ
1651 2290 1699 2317 καὶ
1720 2290 1844 2324 Σωτῆρος

1048 2339 1126 2374 ἡμῶν
1137 2338 1224 2374 Ἰησοῦ
1241 2339 1368 2373 Χριστοῦ.
1383 2348 1392 2364 ›
1408 2338 1492 2365 Πάλιν
1505 2338 1533 2363 ἐν
1548 2338 1582 2373 τῇ
1598 2337 1665 2372 πρὸς
1686 2335 1838 2371 Ῥωμαίους

1047 2382 1123 2417 οὗτος
1148 2386 1264 2421 γράφει·
1282 2394 1292 2410 ι
1307 2385 1435 2420 Ηὺχόμην
1453 2385 1508 2420 γὰρ
1527 2384 1607 2415 αὐτὸς
1630 2382 1685 2417 ἐγὼ
1713 2381 1836 2417 ἀνάθεμα

1047 2430 1116 2459 εἶναι
1131 2432 1184 2458 ἀπὸ
1197 2432 1244 2458 τοῦ
1265 2432 1393 2468 Χριστοῦ,
1412 2432 1481 2467 ὑπὲρ
1495 2431 1550 2457 τῶν
1569 2429 1691 2464 ἀδελφῶν
1713 2438 1775 2465 μου,
1785 2429 1838 2455 τῶν

1055 2478 1192 2512 συγγενῶν
1211 2485 1261 2512 μου
1277 2478 1348 2505 κατὰ
1363 2478 1461 2513 σάρκα,
1470 2476 1567 2507 οἵτινές
1578 2477 1645 2502 εἰσιν
1659 2474 1822 2510 Ἰσραηλῖται
1833 2490 1840 2501 ι

1054 2521 1090 2552 ὧν
1104 2525 1120 2560 ἡ
1142 2523 1262 2550 υἱοθεσία
1272 2545 1279 2556 ,
1296 2524 1343 2550 καὶ
1357 2524 1373 2559 ἡ
1387 2523 1460 2555 δόξα,
1478 2522 1526 2549 καὶ
1541 2523 1557 2558 ὴ
1576 2521 1701 2556 διαθήκη,
1715 2519 1761 2546 καὶ
1772 2519 1788 2554 ἡ
1800 2527 1842 2545 νο‹

1057 2570 1179 2605 μοθεσία,
1206 2569 1253 2596 καὶ
1271 2570 1288 2604 ἡ
1308 2568 1430 2604 λατρεία,
1450 2568 1497 2595 καὶ
1516 2569 1544 2595 αἱ
1569 2565 1745 2600 ἐπαγγελίαι·
1765 2561 1801 2591 ὧν
1817 2566 1840 2590 οἱ

1054 2615 1180 2651 πατέρες,
1201 2615 1247 2641 καὶ
1262 2614 1291 2647 ἐξ
1307 2611 1344 2641 ὧν
1358 2615 1372 2639 6
1391 2613 1508 2650 Χριστὸς
1524 2612 1554 2639 τὸ
1575 2611 1645 2638 κατὰ
1662 2610 1761 2646 σάρκα,
1776 2610 1791 2635 6
1803 2608 1839 2635 ὢν

1053 2662 1098 2688 ἐπὶ
1112 2661 1219 2688 πάντων
1232 2660 1297 2692 Θεός
1306 2681 1312 2688 .
1330 2669 1338 2686 ι
1351 2660 1407 2687 Καὶ
1419 2659 1499 2686 πάλιν
1512 2659 1526 2685 6
1538 2657 1618 2689 αὐτὸς
1628 2656 1743 2687 Παῦλος·
1759 2665 1768 2680 ι
1784 2655 1840 2686 Πᾶς

1053 2707 1160 2743 πόρνος,
1171 2707 1218 2734 καὶ
1230 2705 1405 2742 πλεονέκτης,
1417 2706 1465 2732 καὶ
1480 2704 1606 2741 μέθυσος,
1616 2703 1662 2729 καὶ
1675 2701 1838 2737 ἀκάθαρτος,

1546 2783 1568 2800 ⁸⁸
1587 2782 1653 2810 Luc.
1672 2781 1837 2816 ιι,10,Η.

1156 2785 1178 2801 ⁸⁸
1198 2784 1291 2811 Matth.
1325 2793 1418 2816 nvn.
1449 2784 1494 2812 54.
1546 2784 1568 2800 ¹⁹
1587 2784 1653 2810 Luc.
1672 2790 1709 2816 ii,
1727 2784 1780 2814 10,
1796 2784 1834 2808 Η.

1166 2828 1284 2845 Lxxxiii.
1303 2820 1329 2845 9.
1385 2820 1408 2836 ’⁸
1427 2819 1500 2845 Psal.
1515 2826 1588 2845 σπι]
1601 2837 1609 2845 .
1625 2818 1670 2845 27.
1722 2818 1746 2834 "
1765 2816 1834 2845 Psai.

1385 2820 1408 2836 ”
1427 2819 1500 2849 Psal.
1515 2826 1588 2847 cxvu
1601 2837 1609 2852 ι
1625 2818 1670 2846 27.
