1940 3067
117 179 171 208 9’59

627 180 744 209 SERMO
760 180 793 207 IN
813 176 1050 208 NA’l‘lV'lTATEM
1071 177 1220 207 ClllllSTl.

1688 177 1741 204 970

119 238 166 263 καὶ
188 237 392 272 εἰδωλολάτρης,
407 238 456 264 οὐκ
470 237 526 273 ἔχει
543 237 723 273 κληρονομίαν
737 238 766 264 ὲν
782 238 815 272 τῇ
828 237 902 272 βασι-

956 241 1008 268 tra,
1024 244 1077 262 non
1107 235 1187 263 habet
1216 233 1399 261 luereditatem
1423 233 1452 261 in
1474 240 1560 268 regno
1585 233 1691 261 Domini
1714 239 1742 263 et

119 283 179 318 λείᾳ
193 283 295 318 Κυρίου
311 284 358 310 καὶ
373 283 452 311 Θεοῦ.
472 293 481 309 ι

154 319 275 356 ϐίὪστε
296 329 480 355 ἀποδέδεικται
496 329 541 355 τὸν
555 329 656 364 Κύριον
678 329 724 355 καὶ
743 328 808 354 Θεὸν
825 325 905 359 εἶναι,

119 375 168 402 καὶ
179 373 245 400 Θεὸν
261 375 306 400 τὸν
322 374 432 409 Κύριον.
449 375 480 400 Ei
499 375 528 401 δὲ
545 375 590 401 καὶ
607 375 709 401 τούτων
727 375 777 400 οὐκ
791 374 905 409 ἀνάσχῃ,

120 420 235 447 πείσωσί
246 428 275 445 σε
285 420 310 445 οἱ
321 419 445 454 δαίμονες
457 420 481 446 οἱ
494 421 522 445 ὲν
533 420 566 455 τῇ
580 418 655 454 χώρᾳ
669 419 722 445 τῶν
729 418 907 453 Τεργεσηνῶν

120 466 283 502 κράζοντες·
307 475 316 491 ε
337 466 397 496 Ἔα,
426 466 452 492 τί
474 466 537 500 ἡμῖν
559 466 605 492 καὶ
625 465 676 495 σοὶ.
692 465 739 490 Υἱὲ
752 465 798 490 τοῦ
823 463 905 495 Θεοῦ;

121 509 201 546 ἦλθες
216 508 267 545 ᾧδε
289 511 342 546 πρὸ
367 511 463 545 καιροῦ
480 511 622 546 βασανίσαι
643 511 725 545 ἡμᾶς.
746 520 755 536 ι
775 509 908 536 Πειθὲτω-

121 557 172 584 σάν
192 566 221 584 σε
235 559 259 584 οί
273 557 407 592 δαίμονες.
420 558 451 583 Et
464 557 513 592 τὴν
529 557 679 592 μαρτυρίαν
697 557 801 592 Πέτρου
820 565 908 591 παρα-

120 605 226 639 γράφῃ,
236 605 282 631 καὶ
293 606 331 635 εἰς
342 605 390 639 τὴν
401 603 447 630 τοῦ
457 603 621 637 Εὑαγγελίου
631 604 722 638 φωνὴν
732 602 904 638 ἀποστρέφῃ·

119 651 171 686 τὴν
195 650 263 676 κατὰ
279 650 390 684 Μάρκον
409 648 555 684 αἰδέσθητι.
573 648 706 684 Φοὸήθητι
729 648 774 674 τὸν
794 648 907 682 ἄγγελον

119 696 167 722 τὸν
192 696 331 732 εἰρηκότα,
354 695 467 730 Σωτῆρα
484 695 530 721 καὶ
549 695 665 729 Χριστὸν
686 694 731 721 καὶ
746 694 846 729 Κύριον
862 694 908 720 τὸν

119 741 249 777 τεχθέντα
266 743 298 767 ὲκ
313 741 361 776 τῆς
386 740 535 776 Παρθένου.
551 740 613 766 Ἐπὶ
637 739 742 771 τούτοις
765 740 905 772 ἀπιστείς;

120 788 276 814 Χαλίνωσον
290 787 337 822 τὴν
353 785 440 822 ὁρμὴν
453 786 503 821 τῆς
520 785 693 821 βλασφημίας
707 794 764 817 σου,
781 785 829 812 καὶ.
842 785 907 820 ὁμο-

118 834 232 868 λόγησον
252 832 299 868 τὴν
315 833 362 859 τοῦ
383 831 497 866 ἀγγέλου
521 832 611 868 φωνὴν
623 833 672 867 τὴν
688 834 716 858 ὲν
734 831 772 866 τῷ
786 831 908 865 Εὑαγγε-

119 877 168 912 λιῳ
192 877 343 912 λεχθεῖσαν,
374 876 554 912 Ἐμμανουήλ,
577 877 698 903 τουτέστι
720 877 788 903 Μεθ’
822 876 907 910 ἡμῶν

959 281 1005 309 Dei
1021 282 1054 308 ⁸⁸.
1076 291 1085 308 ι

993 327 1075 364 354
1099 328 1125 354 6.
1155 327 1376 354 Demonstratum
1407 326 1499 361 itaque
1521 330 1562 354 est
1586 325 1741 358 Dominum.

961 372 1062 404 Deum;
1075 376 1101 400 et
1117 372 1211 404 Deum,
1228 371 1371 399 Dominum
1395 379 1465 400 esse.
1483 371 1559 405 Quod
1575 372 1597 399 si
1617 372 1674 399 haec
1690 379 1743 399 non

960 418 1089 449 admittis,
1105 419 1130 445 id
1139 419 1186 446 tibi
1197 419 1236 445 vel
1247 421 1381 445 daemones
1395 419 1574 452 persuadeant
1589 418 1616 445 in
1635 419 1744 453 regione

959 463 1173 498 Gergesenorum
1189 464 1337 491 clamantes
1351 471 1357 489 :
1373 473 1382 489 ι
1396 463 1545 498 Sine,quid
1556 464 1604 490 tibi
1613 468 1640 490 et
1653 465 1743 496 nobis,

960 507 1010 535 Fili
1019 508 1083 536 Dei?
1096 509 1148 536 huc
1160 510 1258 536 venisti
1276 514 1338 536 ante
1349 515 1454 544 tempus
1467 513 1593 544 torquere
1611 517 1660 537 nos
1677 510 1710 537 ⁸³.
1731 519 1740 536 ι

960 554 988 581 ld
1000 555 1059 586 tibi,
1070 555 1191 590 inquam,
1203 556 1337 582 daemones
1347 555 1537 589 persuadeant.
1546 555 1573 582 Si
1581 555 1653 582 Petri
1668 557 1743 583 testi-

960 600 1080 627 monium
1095 607 1216 632 recusas,
1229 604 1256 627 et
1269 600 1408 635 Evangelii
1427 608 1520 628 vocem
1534 601 1656 635 respuis;
1670 601 1742 628 illam

960 646 1044 673 Marci
1063 653 1156 673 vocem
1172 654 1323 673 revereare.
1341 646 1472 681 Auge-lum
1493 653 1597 678 verere,
1623 646 1668 681 qui
1693 647 1742 678 ait,

961 691 1140 723 Salvatorem,
1156 692 1294 719 Christum
1315 695 1341 718 et
1365 691 1509 718 Dominum
1528 684 1589 719 eSse
1610 692 1684 718 illum
1696 693 1743 727 qui

960 743 1040 766 natus
1055 747 1087 765 ex
1106 738 1216 773 Virgine
1230 739 1330 766 cst.An
1343 738 1417 766 hisce
1431 746 1485 766 non
1501 738 1612 766 credis?
1626 738 1742 766 Refrena

960 785 1088 819 impetum
1104 785 1277 819 blasphemiae
1289 791 1352 816 tute,
1362 789 1389 811 et
1399 785 1528 812 confitere
1540 785 1626 819 angeli
1637 792 1742 817 vocem,

959 837 1019 864 quae
1044 830 1072 856 in
1099 829 1243 865 Evangelia
1258 829 1370 862 dicitur,
1389 829 1558 862 Emmanuel,
1577 829 1603 856 id
1621 834 1673 862 est,
1696 838 1744 857 no-

960 875 1059 901 biscum
1075 874 1155 901 Deus.
1173 874 1244 902 Ante
1254 874 1458 909 conceptionem
1475 874 1547 903 Deus
1562 879 1697 902 vocatur:
1715 881 1743 904 et

118 926 136 950 ὀ
156 925 239 956 Θεός.
259 923 315 959 Πρὸ
329 924 378 958 τῆς
401 923 556 958 συλλήψεως
573 923 640 954 Θεὸς
661 922 799 949 καλεῖται·
814 923 860 948 καὶ
879 922 902 948 ἐι

959 920 1023 947 dum
1053 921 1207 955 concipitur
1233 929 1280 956 per
1308 921 1506 953 oeconomiam,
1523 929 1573 948 nec
1592 922 1742 949 secundum

118 970 157 1004 τῷ
173 969 356 1004 συλληφθῆναι
373 969 453 995 αὐτὸν
467 969 645 1004 οἰκονομικῶς
656 969 686 995 οὒ
705 969 774 996 κατά
786 969 865 1003 φύσιν
877 970 906 995 ὲν

117 1016 151 1050 τῇ
175 1015 275 1050 γαστρὶ
294 1015 344 1049 τῆς
359 1014 496 1050 Παρθένου
513 1015 581 1050 ἀρνῇ
596 1015 676 1041 αὑτὸν
692 1014 757 1041 Θεὸν
772 1012 859 1046 εἷναι;
875 1014 906 1039 Et

119 1059 148 1085 δὲ
164 1059 298 1095 ὁμολογῇς
315 1060 394 1086 αὑτὸν
408 1059 475 1086 θεὸν
492 1057 560 1086 εἶναι
573 1061 601 1085 ἐν
614 1060 646 1094 τῇ
659 1060 757 1094 γαστρὶ
773 1059 822 1094 τῆς
835 1059 908 1094 Παρ-

119 1103 207 1135 θένου,
228 1105 296 1139 ὅπερ
324 1105 370 1131 καὶ
395 1104 479 1136 ἐστιν,
493 1105 540 1131 καὶ
553 1104 671 1140 ἡνῶσθαι
687 1105 768 1131 αὑτὸν
784 1105 828 1131 τὸν
841 1104 906 1131 Θεὸν

119 1148 205 1181 Λόγον
229 1151 261 1184 τῇ
279 1150 404 1185 ὲνσάρκῳ
429 1150 580 1185 οἰκονομίᾳ,
607 1150 633 1176 τί
657 1150 767 1184 φεύγεις
778 1150 907 1177 Θεοτόκον

118 1195 207 1228 λέγειν
231 1195 280 1231 τὴν
300 1195 450 1231 Παρθένονῖ
475 1196 506 1222 Εἰ
530 1195 660 1227 Θεοτόκος
680 1196 730 1222 οὐκ
755 1196 823 1228 ἔστι,
846 1195 907 1223 οὐδὲ

119 1241 256 1276 Παρθένος
268 1242 335 1277 μετὰ
351 1242 440 1269 τόκον.
464 1241 534 1276 Ἐγὼ
549 1241 577 1268 δὲ
590 1241 672 1276 λέγω,
684 1243 712 1268 ὲν
728 1243 761 1278 τῇ
778 1242 906 1278 συλλήψει

118 1286 168 1321 τῆς
188 1286 356 1322 παρθενικῆς
370 1288 476 1322 μήτρας
491 1287 539 1318 ὢν,
551 1288 580 1313 ὲν
592 1288 648 1318 τοῖς
661 1287 707 1313 τοῦ
722 1288 827 1323 Πατρὸς
842 1287 907 1314 κόλ-

118 1339 181 1363 ποις
206 1332 322 1367 ἐκάθητο
348 1331 385 1367 μὴ
412 1332 657 1368 περιγραᾩόμενος.
679 1333 762 1368 Ἀπλῆ
780 1333 834 1369 γὰρ
859 1334 906 1360 καὶ

117 1378 263 1410 ὰσύνθετος
273 1380 289 1413 ἡ
308 1378 388 1412 φύσις
403 1379 418 1414 ἡ
434 1379 492 1406 θεία
511 1379 547 1414 μὴ
561 1380 795 1415 περιγραφομένη.
809 1380 906 1414 Ἀτρε-

117 1432 183 1455 πτος
205 1425 221 1459 ἡ
244 1424 332 1459 φύσις,
348 1425 393 1451 καὶ
418 1424 594 1456 ἀναλλοίωτος
607 1426 623 1459 ὴ
637 1425 725 1452 οὐσία.
742 1425 796 1451 Καὶ
810 1425 905 1452 τοῦτον

114 1470 162 1496 τὸν
177 1470 205 1496 ὲν
219 1471 274 1502 τοῖς
291 1471 401 1502 κόλποις
421 1471 468 1497 τοῦ
493 1471 598 1506 Πατρδς
614 1471 688 1502 ὅντα,
704 1471 796 1497 τοῦτον
826 1471 904 1498 ἔτεκε

115 1515 164 1542 νῦν
175 1517 207 1550 τῇ
223 1517 388 1552 οἰκονομίᾳὴ
405 1516 550 1552 Παρθένος.
560 1517 603 1548 Ὠς
618 1517 749 1552 ἠθέλησεν
765 1517 901 1552 εἰσῆλθεν·

115 1561 154 1592 ὡς
165 1561 308 1597 ηὑδόκησε,
321 1562 472 1598 συνελήφθη
487 1563 515 1589 ὲν
525 1564 558 1598 τῇ
573 1563 671 1598 γαστρὶ
684 1563 732 1598 τῆς
746 1562 884 1598 Παρθένου
895 1571 901 1578 ·

958 970 1094 997 naturam,
1109 966 1137 993 in
1154 970 1232 993 utero
1251 964 1468 1002 Virginis,negas
1484 967 1567 994 Deum
1581 967 1656 994 illum
1670 969 1744 996 esse?

958 1012 1035 1045 Quod
1054 1013 1077 1040 si
1090 1013 1237 1040 confiteare
1254 1013 1342 1048 ipsum
1364 1021 1425 1040 esse
1441 1013 1522 1040 Deum
1538 1013 1565 1040 in
1583 1017 1659 1041 utero
1680 1013 1741 1041 Vit-

957 1058 1037 1091 ginis,
1051 1057 1123 1093 quod
1146 1058 1226 1085 etiam
1254 1058 1294 1086 sic
1314 1067 1344 1086 se
1363 1059 1460 1092 habet;
1485 1063 1512 1086 et
1540 1059 1628 1093 ipsum
1656 1059 1741 1087 Deum

958 1102 1075 1130 Verbum
1089 1104 1193 1130 unitum
1214 1103 1298 1130 fuisse
1322 1105 1398 1131 carni
1421 1111 1470 1139 per
1495 1104 1739 1140 dispensationem,

957 1156 1007 1177 cur
1024 1149 1117 1176 renuis
1132 1148 1271 1184 Virginem
1287 1156 1384 1177 vocare
1398 1149 1561 1185 Deiparam?
1576 1149 1605 1177 Si
1624 1149 1740 1186 Deipara

957 1203 1012 1223 non
1027 1199 1080 1228 est,
1106 1203 1194 1230 neque
1210 1194 1292 1230 Virgo
1307 1198 1369 1230 post
1392 1199 1511 1230 partum.
1543 1196 1577 1222 At
1598 1204 1647 1231 ego
1666 1196 1741 1228 dico,

956 1249 1030 1274 eum,
1045 1242 1109 1269 dum
1130 1245 1283 1276 gestaretur
1305 1246 1426 1268 materno
1442 1242 1469 1269 in
1495 1245 1583 1274 utero,
1600 1242 1627 1269 in
1651 1242 1742 1271 Patris

957 1287 1018 1315 sinu
1032 1287 1300 1323 incircumscriptum
1317 1287 1430 1315 sedisse.
1451 1287 1569 1323 Simplex
1587 1296 1705 1324 namque
1716 1294 1743 1317 et

955 1333 1138 1367 incomposita
1160 1338 1203 1360 est
1227 1337 1324 1360 natura
1335 1332 1439 1363 divina,
1453 1341 1502 1361 nec
1521 1334 1741 1370 circumscripta.

956 1378 1133 1406 [inmutabilis
1147 1382 1245 1406 natura
1259 1382 1285 1406 et
1298 1379 1467 1406 invariabilis
1484 1379 1649 1408 substantia.
1663 1381 1742 1409 Hunc

956 1427 1046 1451 autem
1062 1424 1151 1458 ipsum
1167 1424 1212 1459 qui
1228 1424 1255 1450 in
1270 1424 1331 1451 sinu
1349 1423 1437 1451 Patris
1448 1428 1500 1456 est,
1513 1433 1587 1452 nunc
1599 1433 1647 1460 per
1665 1434 1742 1454 (nco-

956 1470 1075 1496 nomiam
1092 1468 1174 1504 Virgo
1191 1469 1296 1504 genuit.
1314 1469 1349 1497 Ut
1371 1470 1465 1501 voluit,
1483 1469 1623 1504 introivit;
1641 1475 1671 1497 ut
1689 1471 1742 1499 sibi

954 1516 1067 1551 placuit,
1087 1522 1235 1551 conceptus
1255 1520 1297 1543 est
1312 1515 1339 1543 in
1362 1521 1440 1543 utero
1453 1515 1582 1550 Virginis.
1598 1516 1633 1544 Ut
1643 1517 1741 1550 voluit,

955 1566 1036 1589 natus
1051 1562 1193 1596 processit.
1210 1560 1280 1594 Quid
1294 1564 1322 1588 tu
1340 1562 1448 1588 curiose
1463 1561 1579 1596 inquiris
1589 1563 1648 1598 ejus
1660 1571 1742 1598 gone-

115 1607 154 1638 ὼς
162 1606 303 1642 ὲόουλὴθη,
313 1607 430 1643 προῆλθε
440 1607 554 1643 τεχθεὶς.
564 1608 599 1634 Σὺ
610 1608 636 1634 τί
646 1609 812 1645 περιεργάζῃ
821 1609 902 1636 αὑτοῦ

956 1607 1085 1634 rationem
1095 1607 1167 1634 ?Aut
1179 1611 1208 1634 ut
1222 1606 1306 1634 Deum
1317 1607 1382 1634 time
1396 1618 1402 1634 :
1416 1611 1462 1634 aut
1478 1612 1508 1634 ut
1518 1608 1613 1635 herum
1631 1617 1739 1637 verere:

115 1653 166 1688 τὴν
178 1653 321 1687 γέννησιν;
341 1654 376 1680 Ἢ
391 1653 428 1684 ὡς
447 1653 512 1680 Θεὸν
531 1653 674 1689 φοῦήθητι,
691 1653 708 1689 ἢ
722 1653 759 1685 ὡς
772 1653 903 1690 δεσπότην

115 1697 291 1734 αἰδέσθητι,ῆ
308 1699 345 1730 ὡς
360 1699 471 1735 κτιστὴν
487 1699 534 1725 καὶ
548 1699 711 1734 δημιουργὸν
727 1698 901 1734 εὐλαὸήθητι,

114 1744 131 1780 ῆ
150 1744 186 1775 ὡς
203 1745 304 1780 Κύριον
320 1744 467 1780 τρὸμησον,
484 1744 500 1780 ἢ
515 1745 552 1776 ὡς
565 1745 660 1780 κριτὴν
674 1744 776 1779 φρίξον.
798 1745 903 1780 Ἐντρέ-

113 1789 196 1823 ψουσί
222 1798 250 1815 σε
272 1789 296 1815 οἱ
320 1789 445 1825 δαίμονες
461 1790 484 1816 οἰ
507 1790 570 1821 τοὺς
584 1790 692 1826 χοίρους
706 1789 901 1822 ἀπελάσαντες,

113 1837 162 1862 καὶ
186 1836 235 1870 τὴν
261 1836 362 1872 ἀγέλην
385 1835 425 1871 τῷ
454 1835 538 1871 βυθίῳ
564 1836 669 1871 θανάτῳ
694 1835 901 1868 ἀποπνίξαντες.

119 1882 232 1908 Ἐκεῖνοι
247 1881 403 1916 ἐπιγνόντες
416 1881 461 1908 τὸν
474 1881 606 1917 δεσπότην
619 1882 727 1916 λέγουσι
740 1890 747 1897 ο
764 1891 773 1908 ‹
794 1882 825 1908 Τί
838 1882 903 1917 ἡμῖν

114 1928 162 1954 καὶ
181 1927 232 1959 σοὶ,
247 1927 294 1954 Υἰὲ
313 1927 359 1954 τοῦ
374 1927 455 1959 Θεοῦ;
473 1925 554 1964 ἦλθες
574 1927 626 1963 πρὸ
644 1928 739 1964 καιροῦ
760 1927 903 1963 βασανίσαι

113 1973 198 2008 ἡμᾶς.
221 1982 230 1998 ι
252 1973 364 2000 Ἐκεῖνοι
381 1973 426 2000 τὸν
443 1973 563 2000 κίνδυνον
589 1974 635 2000 καὶ
659 1975 707 2010 τὴν
724 1975 837 2009 ἀπειλὴν
852 1974 902 2009 τῆς

113 2019 231 2053 βασάνου
264 2019 408 2054 φεύγουσι,
426 2019 473 2045 καὶ
497 2019 529 2045 σὺ
551 2019 612 2046 καθ’
633 2019 729 2046 ἑαυτοῦ
744 2020 793 2055 τὴν
812 2019 901 2055 κρίσιν

111 2066 162 2100 τῆς
173 2065 289 2100 βασάνου
304 2066 415 2102 ὲψέλκῃ.
436 2066 549 2093 Ἐκεῖνοι
558 2066 678 2100 ἔγνωσαν
694 2066 740 2092 τὸν
751 2068 782 2093 ὲκ
793 2067 901 2102 Μαρίας

110 2111 240 2146 τεχθέντα
253 2111 353 2146 Κύριον
369 2113 415 2138 καὶ
434 2112 530 2147 κριτὴν
545 2111 591 2138 τοῦ
605 2112 703 2144 παντὸς
722 2113 836 2148 κόσμου,
853 2112 901 2138 καὶ

111 2157 212 2188 ἰδόντες
235 2157 315 2184 αὑτὸν
342 2157 394 2192 πρὸ
407 2157 457 2192 τῆς
472 2158 588 2192 κρίσεως
613 2159 767 2194 ἐτρόμησαν
778 2167 784 2173 ·
802 2159 850 2185 καὶ
867 2159 899 2185 σὺ

109 2203 214 2238 ταύτην
226 2203 273 2238 τὴν
290 2203 379 2238 κρίσιν
393 2203 444 2238 πρὸ
462 2203 608 2238 ὀφθαλμῶν
618 2204 687 2239 ἔχων
708 2206 898 2240 καταφρονεῖς,

110 2249 158 2274 καὶ
172 2248 222 2274 οὐκ
232 2248 385 2284 ὲκπλήττῃ;
401 2249 454 2275 Καὶ
468 2248 547 2275 πάλιν
561 2249 647 2276 ταῦτα
656 2250 737 2284 λέγω,
750 2251 796 2277 καὶ
812 2251 898 2285 λέγων

955 1657 1001 1680 aut
1013 1653 1205 1680 utCreatorem
1223 1657 1250 1680 ct
1259 1653 1381 1688 opificem
1394 1655 1453 1681 cole
1469 1658 1533 1681 :aut
1550 1658 1580 1682 ut
1596 1654 1740 1683 Dominum

955 1698 1071 1726 formida
1089 1708 1095 1726 :
1110 1705 1156 1726 aut
1176 1703 1205 1726 ut
1219 1699 1338 1734 judicem
1355 1699 1444 1727 liorre.
1460 1699 1568 1728 Pudore
1581 1704 1609 1728 te
1624 1700 1741 1729 atlicient

954 1746 1091 1772 daemones
1105 1746 1150 1780 qui
1166 1753 1264 1780 porcos
1281 1745 1453 1780 pepulerunt,
1470 1750 1497 1773 ct
1520 1750 1606 1773 totum
1630 1755 1739 1782 gregem

954 1791 1120 1826 praecipitem
1147 1795 1238 1818 actum
1261 1790 1439 1818 sullocarunt.
1459 1791 1498 1819 llli
1516 1799 1578 1819 cum
1595 1791 1739 1820 Dominum

954 1841 1068 1863 nossent
1093 1837 1170 1863 aiunt
1187 1844 1193 1862 :
1211 1845 1220 1862 ι
1237 1835 1306 1870 Quid
1323 1837 1402 1864 nobis
1416 1841 1443 1864 et
1460 1837 1526 1869 tibi,
1544 1837 1594 1864 Fili
1612 1838 1678 1866 Dei?
1693 1847 1741 1866 ve-

954 1883 1018 1910 nisti
1030 1888 1091 1909 anle
1105 1887 1211 1917 tempus
1222 1887 1349 1918 torquere
1363 1890 1439 1910 nos.)
1453 1883 1490 1910 illi
1502 1884 1651 1918 periculum
1664 1893 1741 1912 com-

953 1930 1185 1963 minationemque
1203 1930 1328 1964 supplicii
1345 1929 1501 1964 refugiunt;
1516 1934 1543 1957 et
1557 1936 1584 1958 tu
1600 1932 1648 1959 tibi
1665 1932 1740 1966 judi-

953 1975 1025 2002 cium
1042 1975 1166 2010 supplicii
1179 1976 1303 2002 altrahis.
1320 1975 1359 2002 llli
1376 1980 1476 2002 norunt
1494 1976 1639 2004 hominum
1656 1981 1682 2004 et
1694 1978 1740 2012 ju-

953 2020 1040 2048 dicem
1058 2021 1152 2048 mundi
1170 2021 1263 2053 totius,
1280 2029 1312 2049 ex
1328 2021 1411 2048 Maria
1425 2023 1557 2057 genitum,
1573 2031 1653 2058 quem
1676 2032 1738 2051 etim

952 2067 993 2093 vel
1006 2073 1069 2094 ante
1080 2066 1214 2101 judicium
1228 2067 1367 2099 viderent,
1381 2072 1571 2097 contremuere
1587 2079 1593 2097 :
1610 2074 1637 2097 et
1649 2075 1675 2097 tu
1691 2071 1736 2105 qui

952 2112 1003 2139 hoc
1015 2120 1071 2147 pne
1084 2113 1171 2140 oculis
1183 2113 1317 2147 judicium
1333 2114 1427 2146 habes,
1441 2115 1507 2141 nihil
1521 2123 1602 2143 curas
1617 2124 1667 2143 nec
1680 2125 1738 2144 me»

951 2158 1026 2186 tuis?
1037 2158 1155 2186 Rursum
1170 2159 1225 2186 haec
1234 2159 1321 2186 dicam
1341 2168 1390 2187 nec
1405 2160 1485 2188 finem
1502 2161 1611 2188 dicendi
1627 2161 1736 2192 faciam.

951 2209 980 2231 ut
998 2205 1079 2239 plane
1095 2205 1173 2232 vobis
1189 2205 1254 2231 dicti
1268 2205 1342 2232 illius
1368 2211 1558 2241 argumentum
1575 2207 1694 2241 aperiam
1711 2214 1738 2235 et

950 2249 1084 2277 declarem
1097 2259 1103 2282 ;
1120 2255 1149 2277 ut
1163 2258 1196 2278 ex
1210 2255 1284 2277 certa
1295 2251 1451 2285 cognitione
1469 2251 1571 2278 firmam
1584 2257 1667 2287 atque
1681 2258 1737 2280 sta-

108 2294 140 2320 οὒ
168 2293 318 2329 παύσομαι,
339 2295 461 2330 καθαρὰν
482 2295 662 2322 ἐκλευκαίνων
678 2297 741 2331 ὑμῖν
757 2296 803 2322 τοῦ
817 2297 896 2331 λόγου

956 2296 1031 2323 bilem
1054 2296 1133 2323 fidem
1147 2296 1305 2328 habeamus,
1315 2301 1349 2337 ¹ει.
1365 2297 1426 2324 lidei
1453 2297 1660 2326 fundamentum
1676 2307 1737 2327 cer-

107 2339 158 2374 τὴν
185 2339 310 2366 ὑπόθεσιν
321 2348 327 2354 ·
342 2340 412 2367 ὥστε
430 2342 458 2367 ὲν
472 2341 570 2375 γνώσει
585 2341 733 2376 ἀσφαλείας
752 2343 897 2369 ἀσάλευτον

107 2385 181 2420 ἔχειν
208 2387 257 2422 τὴν
273 2387 363 2414 πίστιν
380 2388 426 2414 καὶ
438 2388 487 2423 τὴν
504 2388 624 2423 κρηπῖδα
643 2389 692 2424 τῆς
715 2388 832 2420 πίστεως
847 2389 898 2424 τὴν

106 2431 254 2465 ὁμολογίαν
266 2432 377 2466 βεϐαίαν
391 2433 523 2468 κατέχειν.

144 2477 169 2503 7.
186 2477 269 2503 Πάλιν
284 2478 329 2504 ἐπὶ
344 2478 374 2504 τὸ
392 2479 568 2514 προκείμενον
584 2478 735 2514 βαδιοῦμεν,
752 2479 834 2515 ὀρθὴν
850 2479 898 2506 καὶ

103 2521 203 2557 ἀκλινῆ
218 2522 266 2557 τὴν
288 2522 348 2549 ὁδὸν
373 2523 423 2558 τῆς
447 2524 565 2556 πίστεως
582 2524 796 2556 ἀναδεικνύντες.
819 2523 896 2558 Ἐμοὶ

105 2568 157 2602 μὲν
178 2567 231 2602 γὰρ
256 2567 286 2593 τὸ
311 2567 399 2601 λέγειν
422 2568 472 2594 οὐκ
495 2569 622 2604 ὀκνηρὸν,
641 2569 704 2602 ὑμῖν
720 2567 747 2593 δὲ
763 2567 893 2602 ἀσφαλές.

103 2610 189 2644 Οὗτος
204 2613 219 2639 ὀ
231 2613 298 2644 Θεὸς
311 2613 417 2648 εἰσῆλθε
429 2614 473 2640 διὰ
489 2614 539 2648 τῆς
550 2614 635 2649 ἀκοῆς
650 2614 699 2649 τῆς
711 2613 848 2649 Παρθένου
857 2613 894 2645 ὡς

102 2658 247 2695 ἠθέλησεν.
262 2660 430 2695 ἐκυοφορήθη
444 2660 481 2691 ὼς
493 2659 636 2694 ηὑδόκησε,
658 2659 773 2695 προῆλθε
790 2658 894 2693 τεχθεὶς

101 2705 141 2736 ὡς
156 2704 436 2740 ἠϐουλήθη-εἰσῆλθεν
451 2704 596 2740 ἀσώματος
609 2704 646 2736 ὡς
659 2703 799 2739 ἠθέλησεν·
816 2705 893 2730 ἐκνο-

101 2751 208 2786 φορήοη
222 2753 235 2778 ὁ
248 2750 387 2786 ἀχώρητος
401 2751 430 2776 ὲν
440 2750 584 2786 χωρητικῷ
598 2750 698 2784 σκεύει,
711 2752 739 2777 ἐν
753 2751 786 2785 τῇ
804 2751 894 2786 μήτρα

98 2797 152 2832 τῆς
176 2796 314 2832 Παρθένου
337 2796 524 2831 οἰκονομικῶς,
548 2795 586 2828 ὡς
608 2796 750 2832 ηὐδόκησε.
771 2795 892 2832 Προῆλθε

139 2874 163 2891 ’⁸
179 2873 278 2909 Ephes.
291 2882 318 2907 ν,
330 2874 356 2901 5.
397 2874 420 2890 "
440 2873 506 2900 Luc.
525 2882 562 2904 Iv,
577 2873 621 2901 5t.

264 2921 399 2951 Pnnou.
413 2920 472 2952 Gn.
491 2921 637 2951 XXVI".

949 2345 1003 2368 tam
1017 2342 1119 2370 scilicet
1133 2343 1332 2371 confessionem
1346 2343 1523 2372 retineamus.

985 2473 1010 2501 'l.
1029 2473 1068 2500 Ad
1083 2481 1140 2501 rem
1166 2473 1264 2500 iterum
1289 2473 1445 2506 redeamus,
1462 2477 1564 2502 rectam
1580 2479 1608 2503 et
1622 2476 1734 2505 minimc

947 2519 1078 2546 deflexam
1094 2520 1164 2545 vium
1182 2519 1242 2546 ﬁdei
1261 2520 1409 2547 ostensuri.
1427 2520 1490 2548 Haec
1514 2528 1557 2548 me
1571 2521 1664 2549 dicere
1679 2530 1734 2550 non

948 2565 1031 2600 piget,
1059 2565 1191 2599 vobisque
1217 2569 1305 2592 tutum
1330 2570 1382 2593 est.
1411 2565 1461 2593 Hic
1491 2566 1564 2594 Deus
1592 2567 1734 2603 ingressus

946 2615 988 2638 est
1019 2618 1067 2646 per
1097 2611 1218 2637 auditum
1234 2610 1364 2646 Virginis,
1380 2616 1462 2647 prout
1481 2612 1582 2645 voluit;
1611 2618 1734 2648 gestatus

947 2662 1024 2684 utero
1041 2661 1091 2688 est,
1109 2661 1138 2684 ut
1149 2657 1199 2684 sibi
1217 2657 1295 2684 libuit
1311 2666 1318 2684 :
1332 2662 1413 2685 natus
1428 2658 1539 2693 prodiit,
1556 2664 1585 2685 ut
1601 2660 1653 2687 sibi
1675 2661 1733 2695 pla-

945 2705 1002 2730 cuit
1016 2713 1022 2730 :
1037 2703 1214 2738 incorporeus
1230 2705 1370 2740 ingressus
1387 2711 1439 2738 est,
1458 2710 1488 2733 ut
1513 2706 1600 2733 voluit
1618 2714 1625 2733 :
1643 2712 1735 2742 gesta-

946 2752 991 2777 tus
1005 2753 1047 2776 est
1060 2750 1105 2784 qui
1119 2750 1194 2777 nullo
1205 2751 1339 2778 contineri
1359 2755 1458 2787 potest,
1475 2752 1503 2780 in
1517 2760 1583 2779 vase
1600 2755 1646 2788 qui
1666 2762 1733 2781 con-

946 2795 1033 2822 tinere
1046 2799 1146 2830 potest,
1157 2795 1316 2832 in_V.irginia
1331 2798 1412 2826 vulva
1425 2805 1474 2833 per
1487 2797 1732 2833 dispensationem,

1555 2917 1589 2951 31
