1940 3067
246 166 295 194 971

808 168 838 196 S.
858 168 1091 196 ATHANASIUS.
1104 182 1137 188 —
1155 168 1292 196 SPURIA.

1809 170 1870 197 972

244 230 274 252 ut
286 224 337 252 sibi
355 224 465 259 placuit.
480 223 584 250 Prodiit
599 227 679 251 natus
697 223 768 251 Deus
785 229 811 251 et
825 224 918 256 homo,
935 230 964 252 ut
979 233 1023 251 vo-

1075 225 1180 259 τεχθεὶς
1193 225 1260 256 Θεὸς
1275 225 1322 251 καὶ
1336 225 1486 261 ἄνθρωπος,
1496 225 1533 257 ὡς
1548 225 1692 261 ὲὸουλήθη.
1713 225 1840 260 Ἐγένετο
1855 226 1872 252 ὃ

245 271 304 298 luit.
317 270 416 297 Factus
429 269 555 304 estquod
572 277 624 296 non
649 275 719 301 erat.
737 271 838 298 habens
856 271 1025 298 invariabilis

243 312 404 340 substantia:
415 312 487 346 quod
505 315 573 338 erat.
602 311 672 339 Deus
686 313 758 340 enim
774 317 832 339 erat
852 313 980 345 Verbum.
999 318 1026 340 et

243 356 362 383 Verbum
377 360 436 383 erat
452 357 523 389 apud
542 355 635 383 Deum.
648 356 764 383 Proinde
776 357 922 391 Apostolus
939 357 1023 384 dicit:

246 411 254 426 ι
272 401 345 428 Misit
364 402 433 428 Deus
460 400 558 427 Filium
576 408 655 427 suum
672 400 771 426 factum
790 408 823 427 ex
847 401 960 427 muliere
977 402 996 427 ¹.
1014 411 1022 426 ι

243 447 320 475 Hune
346 447 443 474 Filium
472 447 545 474 misit
563 447 643 479 Deus,
669 446 770 473 factum
791 454 824 472 cx
849 447 970 476 muliere.
992 454 1024 473 ex

243 494 417 521 immaculata
434 497 531 520 natura
543 493 672 527 genitum,
685 500 716 518 ex
733 492 861 518 iueiiabili
872 493 1025 520 substantia

242 540 444 575 procedentem,
459 539 506 574 qui
521 547 552 566 ex
577 544 689 573 paterno
713 538 775 565 sinu
805 545 858 564 non
878 537 1023 569 abscessit,

241 588 288 621 qui
305 593 337 614 ex
354 587 427 621 regio
443 586 542 612 throno
567 593 621 612 non
639 589 745 612 amotus
768 588 827 617 est;
843 583 889 610 sed
915 583 1025 618 proprie

242 640 326 659 unum
342 639 404 658 cum
420 631 500 658 Putre
516 631 643 658 thronum
663 634 789 665 occupat,
803 637 856 657 una
872 630 948 657 sedet
962 637 1023 656 cum

241 678 307 710 illo;
320 685 374 704 non
392 677 489 711 gratia,
503 676 551 703 sed
563 676 654 703 divina
668 680 775 708 natura,
791 681 817 702 et
838 679 950 710 paterna
963 675 1025 702 sub-

242 725 352 752 stantia.
369 723 511 756 Quomodo
534 730 651 758 namque
672 723 773 750 isthinc
796 727 917 750 semotus
940 725 1023 753 esset,

241 769 286 796 dic
303 769 385 801 mihi;
399 776 461 795 cum
475 769 532 803 ipse
545 769 636 795 dicat:
657 777 666 793 (
686 768 740 803 Ego
758 768 784 795 in
800 767 890 800 Patre,
903 772 929 794 et
945 767 1024 794 Pater

241 815 268 842 in
282 823 325 842 me
337 815 366 841 "2
382 825 390 840 ι
405 813 437 840 Ει
449 821 558 841 ruisum
575 823 582 841 :
601 823 610 839 ε
622 814 700 841 Pater
711 817 801 840 autem
814 814 841 841 in
857 822 899 841 me
911 821 1024 841 manens

241 860 299 894 ipse
311 860 375 886 facit
389 867 470 894 opera
487 859 506 886 ³.
523 868 532 885 ›
547 857 637 893 Ipsum
651 858 789 894 (dicimus)
807 862 900 885 natum
924 866 955 886 ex
969 858 1024 885 Ma-

241 906 281 933 ria
295 905 416 940 Virgine.
433 904 511 932 Hunc
526 909 590 932 ante
604 904 808 939 conceptionem
824 904 935 939 angelus
961 903 1023 930 Em-
1038 910 1058 936 Β

241 951 349 978 manuel
362 950 481 981 vocavit,
495 950 521 977 id
536 954 588 982 est,
604 959 613 975 ‹
633 949 781 977 Nobiscum
800 949 881 981 Deus,
898 958 907 974 ι
926 948 959 975 de
968 955 1023 984 quo

240 997 348 1025 locutus
368 1001 409 1024 cst
435 997 520 1024 Isaias
538 995 669 1031 propheta
683 995 704 1021 ⁸.
721 994 808 1028 Hunc,
822 995 941 1029 inquam,
958 1002 1023 1029 pue-

239 1050 300 1070 rum
319 1042 366 1078 qui
385 1049 418 1069 ex
435 1040 547 1076 Virgine
559 1040 702 1075 processit,
718 1040 800 1067 Deum
814 1039 920 1070 fortem,
933 1046 1023 1074 polen-

240 1094 305 1121 tem,
321 1088 471 1124 principem
488 1087 578 1122 pacis.
603 1091 706 1122 patrem
730 1085 815 1113 futuri
832 1085 935 1113 saeculi.
957 1084 1023 1118 Qui-

240 1143 302 1162 nam
321 1134 462 1170 puerulus,
479 1132 628 1161 secundum
656 1138 780 1160 naturam
809 1131 916 1165 genitus
927 1150 935 1163 ,
951 1130 1022 1158 Deus

241 1180 319 1207 fortis
333 1184 482 1214 potensque
500 1178 571 1205 fuit?
583 1177 650 1210 Quis
663 1184 729 1212 puer
739 1181 818 1203 natus
826 1175 906 1210 355
917 1176 1022 1202 stellam

239 1225 350 1252 attraxit
361 1232 422 1259 quae
435 1223 616 1258 perquisitnm
633 1223 762 1249 infantem
775 1222 956 1256 signiﬁcaret;
969 1222 1023 1248 imo

240 1271 331 1304 potius
357 1273 502 1304 angustum
525 1267 631 1294 Domini
654 1266 855 1294 diversorium?
871 1266 939 1298 Quis
955 1273 1022 1300 puer

241 1323 333 1350 magos
348 1323 380 1341 ex
397 1314 507 1342 Oriente
530 1313 646 1344 vocavit,
662 1316 691 1339 ut
715 1320 744 1339 se
769 1312 932 1339 adorarent?
954 1311 1022 1344 Quis

240 1369 307 1397 puer
321 1364 424 1388 natura:
436 1359 592 1387 conditione
605 1359 711 1394 genitus
723 1358 794 1384 dona
807 1365 822 1384 a
838 1357 924 1392 magis
943 1364 1023 1384 acce-

240 1409 298 1444 pit?
313 1407 442 1442 Donaque
452 1407 498 1434 illa
507 1406 795 1436 consideremus,num
809 1404 858 1437 illi,
871 1409 900 1431 ut
915 1403 1023 1430 intirmo

240 1454 344 1482 homini
365 1453 457 1481 oblata
481 1453 552 1485 sint;
570 1459 660 1478 annon
678 1451 767 1486 potius
793 1455 822 1477 ut
845 1450 910 1481 Deo.
927 1450 984 1485 regi
997 1453 1024 1477 et

237 1499 354 1526 homini.
379 1497 482 1525 Aurum
501 1500 530 1524 ut
552 1497 627 1531 regi;
643 1496 707 1524 thus
727 1499 758 1522 ut
780 1494 852 1528 Deo;
870 1495 980 1530 myrrha
994 1499 1023 1522 ut

234 1545 343 1573 .homini
373 1544 407 1571 ad
432 1544 608 1579 sepulturam.
626 1543 729 1570 Aurum
753 1542 863 1577 quidem
890 1546 919 1569 ut
943 1542 1022 1577 regi:

1075 272 1125 298 οὐκ
1140 269 1185 306 ἧν,
1202 270 1270 305 ἔχων
1287 270 1463 297 ἀναλλοιώτου
1484 271 1577 302 οὐσίας
1593 271 1607 297 ὃ
1620 269 1664 306 ἦν.
1682 271 1747 302 Θεὸς
1762 271 1819 306 γὰρ
1832 270 1872 306 ἦν

1075 317 1089 342 ό
1112 316 1206 350 Λόγος,
1231 316 1279 342 καὶ
1300 317 1315 342 ὁ
1336 315 1420 349 Λόγος
1435 313 1469 351 ἦν
1489 316 1556 352 πρὸς
1567 316 1612 342 τὸν
1626 315 1693 342 Θεόν
1705 323 1712 329 ’
1729 317 1822 342 καίτοι
1834 324 1871 350 γε

1075 361 1121 388 τοῦ
1143 361 1302 388 ’Λποστόλου
1314 361 1438 395 λέγοντος
1448 369 1454 375 ·
1468 371 1477 386 ‹
1498 362 1700 393 Ὲξαπὲστειλεν
1715 362 1729 388 ὁ
1741 362 1808 393 Θεὸς
1819 363 1870 388 τὸν

1076 406 1139 432 Υίὸν
1157 406 1250 437 αὐτοῦ,
1274 406 1419 442 γενόμενον
1444 407 1476 433 ὲκ
1501 407 1639 440 γυναικός.
1658 416 1668 432 ›
1692 407 1791 433 Τοῦτον
1820 408 1870 433 τὸν

1076 452 1139 478 Υίὸν
1149 452 1336 485 ἐξαπέστειλεν
1353 454 1367 478 ὁ
1379 452 1443 484 Θεὸς
1455 453 1598 487 γενόμενον
1616 453 1648 479 ἐκ
1661 454 1800 486 γυναικὸς,
1820 454 1869 479 τὸν

1075 498 1107 524 ὲκ
1130 497 1180 532 τῆς
1208 498 1342 532 ἁχράντου
1369 497 1476 532 φύσεως
1498 497 1672 532 γεννηθέντα,
1692 498 1736 524 τὸν
1758 499 1789 524 ἐκ
1813 498 1868 531 τῆς

1074 544 1213 579 ἀφράστου
1247 543 1340 574 οὐσίας
1366 542 1548 578 προελθόντα,
1574 543 1620 569 τὸν
1648 544 1701 569 τῶν
1722 544 1867 579 πατρικῶν

1074 589 1181 616 κόλπων
1205 589 1255 615 οὐκ
1278 588 1546 624 ἀπαλλοτριωθέντα,
1578 589 1623 615 τὸν
1648 588 1696 614 τοῦ
1722 588 1866 623 βασιλικοῦ

1075 635 1169 670 θρόνου
1197 634 1234 670 μὴ
1267 634 1443 670 χωρισθέντα,
1458 634 1525 660 ἀλλὰ
1543 634 1614 666 ἰδίως
1638 634 1677 669 τῷ
1696 635 1782 670 Πατρὶ
1801 644 1867 661 συν-

1074 679 1232 716 θρονεύοντα
1245 681 1292 706 καὶ
1308 679 1550 715 συγκαθεζόμενον,
1570 681 1620 706 οὺκ
1641 681 1671 706 ὲν
1687 681 1788 716 χάριτι,
1804 681 1864 707 ἀλλ’

1074 727 1102 752 ὲν
1125 726 1201 761 θεῖκῇ
1226 726 1305 760 φύσει
1330 726 1376 752 καὶ
1395 727 1514 761 πατρικῇ
1526 726 1613 760 οὐσίᾳ.
1631 727 1693 758 Πῶς
1705 726 1759 762 γὰρ
1775 727 1865 762 κεχώ-

1076 781 1174 808 ρισται,
1202 773 1304 807 φράσον
1330 781 1385 807 μοι,
1401 772 1481 798 αὑτοῦ
1501 772 1635 806 λέγοντος,
1654 783 1663 798 ι
1689 773 1760 807 Ἐγὼ
1773 774 1802 799 ὲν
1825 774 1863 808 τῷ

1074 817 1226 852 Πατρὶ,καὶ
1241 818 1254 843 ὁ
1269 817 1362 852 Πατὴρ
1379 818 1407 843 ὲν
1424 817 1494 852 ἐμοί’
1511 827 1519 843 ι
1531 817 1577 844 καὶ
1590 817 1686 844 πάλιν·
1702 827 1710 843 ε
1726 819 1755 845 '0
1767 819 1864 854 Πατήρ

1075 870 1126 896 μου
1141 863 1155 888 ὁ
1176 863 1205 888 ἐν
1219 863 1280 897 ἐμοὶ
1296 863 1394 897 μενων,
1411 863 1492 894 αὐτὸς
1509 865 1581 889 ποιεῖ
1593 863 1626 890 τὰ
1641 864 1728 898 ἕργα;
1746 873 1755 890 t
1774 865 1863 890 Αὐτὸν

1072 908 1118 934 τὸν
1131 908 1262 943 τεχθέντα
1276 909 1307 934 ὲκ
1319 909 1368 943 τῆς
1383 909 1463 942 ἁγίας
1480 908 1627 944 Παρθένου,
1642 909 1734 935 τοῦτον
1747 910 1799 945 πρὸ
1812 911 1864 946 τῆς

1073 954 1228 988 συλλήψεως
1241 954 1255 979 ὀ
1273 954 1386 988 ἄγγελος
1399 954 1571 990 Ἐμμανουὴλ
1587 954 1714 987 κέκληκε,
1727 955 1862 988 τουτέστι,

1075 1008 1085 1024 ‹
1105 998 1171 1025 Μεθ’
1182 998 1260 1034 ἡμῶν
1272 1001 1286 1025 ὁ
1299 999 1374 1031 Θεὸς,
1393 1008 1402 1024 ι
1422 999 1452 1025 ὂν
1466 997 1541 1026 εἶπεν
1557 999 1669 1031 Ἡσαΐας
1681 1001 1695 1025 ὁ
1709 1001 1862 1036 προφήτης,

1071 1044 1102 1070 τὸ
1119 1045 1223 1071 παιδίον
1239 1045 1317 1071 τοῦτο
1339 1045 1369 1071 τὸ
1387 1046 1420 1071 ἐκ
1433 1045 1482 1079 τῆς
1495 1045 1632 1080 Παρθένου
1648 1046 1787 1081 προελθὸν,
1795 1046 1862 1072 Θεὸν

1074 1091 1193 1126 ἰσχυρὸν,
1209 1091 1396 1126 ὲξουσιαστὴν,
1414 1091 1531 1127 ἄρχοντα
1556 1093 1677 1127 εἰρήνης,
1694 1093 1800 1128 πατέρα
1814 1092 1862 1119 τοῦ

1074 1137 1214 1173 μέλλοντος
1237 1138 1344 1169 αἰῶνος,
1360 1138 1438 1164 Ποῖον
1456 1137 1559 1164 παιδίον
1577 1138 1647 1164 κατὰ
1664 1138 1743 1172 φύσιν
1766 1138 1862 1172 τεχθὲν

1072 1182 1137 1214 Θεὸς
1151 1183 1269 1218 ἰσχυρὸς,
1282 1182 1456 1217 ἐξουσιαστὴς
1473 1183 1596 1216 ὲγένετο;
1610 1183 1688 1209 Ποῖον
1702 1183 1807 1208 παιδίον
1819 1191 1864 1208 τε-

1072 1227 1135 1261 χθὲν
1150 1227 1251 1262 ἀστέρα
1278 1227 1385 1253 saxosa
1404 1227 1539 1262 μηνύοντα
1554 1226 1600 1253 τοῦ
1614 1226 1778 1262 ζητουμένου
1798 1227 1862 1262 βρέ-

1073 1281 1149 1307 φους,
1171 1273 1269 1308 μᾶλλον
1283 1273 1311 1299 δὲ
1327 1273 1473 1304 Δεσπότου,
1485 1273 1515 1299 τὸ
1526 1274 1659 1300 στενωπὸν
1673 1273 1862 1307 καταγώγιονς

1073 1319 1151 1344 Ποῖον
1175 1318 1280 1344 παιδίον
1312 1318 1415 1353 μάγους
1438 1318 1467 1351 ἐξ
1492 1318 1626 1345 ἀνατολῶν
1643 1318 1863 1354 προσεκαλέσατο

1073 1364 1257 1400 προσκυνῆσαι
1277 1363 1367 1399 dimi);
1384 1365 1462 1391 Ποῖον
1476 1364 1580 1390 παιδίον
1592 1365 1661 1391 κατὰ
1674 1364 1753 1398 φύσιν
1764 1365 1863 1399 τεχθὲν

1072 1409 1146 1445 δῶρά
1167 1418 1231 1436 ποτε
1250 1408 1422 1444 προσηνέχθη
1437 1408 1512 1443 παρὰ
1534 1408 1713 1444 μάγωνςΚαὶ
1734 1408 1766 1435 τὰ
1786 1409 1862 1444 δῶρα

1073 1455 1196 1490 εἴδωμεν,
1207 1456 1230 1481 εἰ
1239 1455 1276 1486 ὡς
1286 1454 1394 1481 ἀσθενεῖ
1406 1454 1540 1490 ἀνθρώπῳ
1548 1455 1730 1490 προσηνέχθη,
1745 1456 1792 1482 καὶ
1802 1456 1864 1490 οὐχὶ

1073 1499 1143 1534 Θεῷ,
1160 1499 1263 1534 βασιλεῖ
1274 1500 1319 1526 καὶ
1333 1499 1482 1534 ἀνθρώπῳ⁹
1504 1499 1603 1534 χρυσὸν
1622 1501 1670 1534 μὲν
1692 1500 1729 1532 ὠς
1745 1500 1861 1535 βασιλεῖ,

1074 1543 1180 1570 λίϐανον
1190 1545 1218 1570 δὲ
1229 1545 1266 1575 ὡς
1280 1544 1350 1579 Θεῷ,
1365 1544 1410 1570 καὶ
1423 1543 1545 1580 σμύρναν
1557 1544 1594 1576 ὡς
1606 1544 1740 1580 ἀνθρώπῳ
1759 1546 1799 1576 εἰς
1820 1547 1863 1572 ὲν-

235 1600 251 1616 ηι
270 1591 350 1622 Deus,
362 1589 495 1625 judicium
519 1593 595 1617 tuum
612 1591 666 1624 regi
681 1589 726 1621 da,
743 1592 770 1616 et
791 1588 927 1622 justitiam
946 1592 1019 1615 tuam

1074 1591 1230 1625 ταφιασμόν.
1248 1590 1352 1626 Χρυσὺν
1369 1591 1417 1625 μὲν
1429 1590 1466 1622 ὼς
1482 1590 1587 1625 βασιλεῖ
1596 1600 1602 1606 ·
1617 1600 1626 1616 ε
1639 1590 1667 1617 ’0
1677 1590 1751 1622 Θεὸς,
1761 1591 1790 1617 τὸ
1801 1593 1863 1626 κρί-

241 1637 296 1665 tilio
308 1638 379 1672 regis
392 1637 413 1664 '.
432 1646 441 1662 ι
462 1636 518 1663 Hoc
533 1636 635 1663 dictum
650 1635 761 1670 protulit
785 1634 881 1662 David.
900 1634 1023 1662 Posthaec

240 1682 351 1718 angelus
362 1690 422 1710 cum
439 1683 570 1709 salutaret
585 1681 696 1708 Mariam
714 1689 719 1706 :
737 1689 746 1705 ι
769 1679 800 1706 Ει
816 1679 890 1706 dabit
912 1680 950 1706 illi
971 1679 1023 1705 Do-

240 1728 331 1755 minus
346 1727 416 1755 Deus
434 1727 524 1754 sedem
551 1726 633 1753 David
649 1725 733 1760 patris
761 1725 830 1759 ejus.
846 1730 874 1752 et
899 1724 1023 1759 regnabit

241 1775 267 1800 in
282 1774 391 1801 domum
404 1773 487 1800 Jacob
503 1773 529 1799 in
544 1772 654 1803 saecula.
676 1776 703 1798 et
727 1771 802 1805 regni
815 1770 875 1804 ejus
895 1778 948 1797 non
970 1770 1024 1797 erit

242 1819 303 1856 tinis
317 1820 336 1845 ⁸.
358 1829 366 1846 ι
380 1819 433 1854 Ipsi
449 1820 534 1854 gloria
546 1822 573 1845 ct
589 1817 732 1852 imperium
752 1818 780 1844 in
794 1817 894 1844 saecula
908 1816 1024 1843 saeculo-

240 1873 311 1892 rum.
322 1865 416 1892 Amen.

1077 1636 1116 1671 μά
1139 1645 1184 1662 σου
1207 1636 1246 1670 τῷ
1271 1636 1373 1670 βασιλεῖ
1389 1636 1441 1667 δὺς.
1454 1636 1500 1662 καὶ
1515 1637 1563 1671 τὴν
1578 1636 1750 1672 δικαιοσύνην
1763 1645 1809 1663 σου
1823 1637 1863 1672 τῷ

1074 1681 1125 1717 υἱῷ
1138 1682 1184 1708 τοῦ
1199 1681 1336 1717 βασιλέως.
1350 1691 1359 1707 ›
1372 1681 1478 1717 Ταύτην
1488 1681 1536 1716 τὴν
1550 1682 1641 1716 φωνὴν
1654 1679 1729 1707 εἶπεν
1741 1682 1755 1707 ὁ
1769 1681 1860 1708 Δαϐίδ.

1076 1726 1153 1754 Μετὰ
1176 1727 1261 1753 ταῦτα
1289 1728 1303 1752 ὁ
1323 1726 1436 1760 ἄγγελος
1459 1727 1498 1757 εὶς
1515 1726 1560 1752 τὸν
1575 1725 1717 1760 ἁσπασμὶιν
1735 1726 1784 1760 τῆς
1801 1726 1862 1753 Μα-

1077 1773 1151 1808 ρίας·
1178 1782 1187 1798 ‹
1213 1773 1267 1799 Καὶ
1292 1772 1371 1798 δώσει
1395 1771 1469 1807 αὐτῷ
1492 1772 1618 1808 Κύριοςὸ
1634 1771 1699 1803 Θεὸς
1711 1771 1755 1799 τὸν
1770 1772 1862 1807 θρόνον

1078 1817 1159 1843 Δαϐὶδ
1171 1816 1215 1843 τοῦ
1232 1817 1332 1853 πατρὸς
1346 1817 1493 1849 αὐτοῦ,καὶ
1507 1817 1658 1851 βασιλεύσει
1673 1817 1718 1843 ἐπὶ
1732 1817 1778 1844 τὸν
1789 1815 1862 1844 οἶκον

1085 1863 1181 1889 Ἰαχὼὸ
1193 1863 1232 1894 είς
1243 1864 1305 1894 τοὺς
1322 1863 1432 1895 αἰῶνας,
1448 1864 1553 1899 καὶτῆς
1567 1863 1703 1898 βασιλείας
1716 1864 1798 1891 αὐτοῦ
1813 1865 1862 1891 οὐκ

241 1911 315 1938 ἔσται
334 1911 417 1942 τέλος.
436 1920 445 1937 ι
458 1911 519 1936 Ὅτι
537 1909 611 1945 αὑτῷ
631 1911 648 1945 ἡ
666 1909 729 1944 δόξα
753 1909 798 1936 καὶ
815 1909 846 1936 τὸ
864 1909 966 1945 κράτος
984 1909 1024 1939 εἰς
1040 1908 1102 1940 τοὺς
1119 1908 1220 1940 αἰῶνας
1231 1908 1285 1935 τῶν
1301 1908 1416 1936 αἰώνων.
1437 1909 1534 1944 Ἀμήν.

254 2009 1848 2023 ~——_————-———————-———_—h—a

651 2089 684 2117 IN
704 2088 872 2117 IIOMILIAM
892 2088 936 2116 DE
954 2087 1092 2116 CHRISTI
1109 2087 1269 2116 OCCURSU
1285 2088 1456 2116 MONITUM.

277 2186 353 2214 Hanc
375 2186 488 2221 primum
511 2184 591 2212 edidit
606 2183 791 2219 Combe/ishis,
810 2185 850 2212 vir
863 2184 894 2211 de
909 2193 936 2211 re
956 2184 1098 2214 litterario,
1115 2185 1281 2218 potissimum
1296 2184 1476 2211 ecclesiastica
1493 2183 1557 2210 bene
1584 2184 1706 2215 meritus,
1726 2184 1771 2218 qui
1787 2183 1862 2210 illam

241 2234 385 2261 Athanasio
400 2241 516 2260 asserere
533 2240 580 2267 pro
596 2232 666 2259 virili
692 2238 803 2260 conatus
819 2237 858 2259 est
872 2233 919 2267 (8).
938 2231 1020 2267 thue
1040 2237 1194 2266 argumento
1209 2237 1330 2259 occurrat
1350 2232 1486 2266 desumpta
1506 2239 1539 2258 ea;
1562 2237 1714 2259 memoratis
1733 2240 1804 2259 num.
1829 2232 1862 2259 15

241 2281 364 2308 Nestorio
380 2289 410 2307 ac
428 2279 560 2315 Eutyche,
573 2279 609 2305 ait
622 2287 712 2305 eorum
725 2279 831 2305 nomina
849 2286 864 2304 α
879 2277 989 2304 librario
1005 2279 1117 2313 quatiant
1136 2283 1194 2312 post
1209 2277 1328 2304 Nestorii
1346 2282 1371 2304 et
1390 2277 1515 2312 Eutychis
1533 2282 1638 2304 wtatem
1659 2277 1759 2303 inserta
1781 2277 1862 2311 fuisse

239 2329 393 2364 adjectaque
423 2327 551 2358 Simonis,
569 2324 724 2357 Marcionis,
739 2325 850 2352 Sabellii
871 2328 895 2351 et
917 2325 974 2350 Arii
991 2324 1140 2350 nominibus
1155 2333 1164 2350 :
1180 2323 1249 2358 quod
1264 2324 1302 2350 ita
1318 2329 1417 2358 gestum
1431 2323 1513 2358 fuisse
1527 2323 1585 2350 ideo
1601 2329 1708 2358 pugnat,
1724 2323 1793 2358 quod
1809 2332 1862 2350 me-

239 2376 349 2402 moratis
367 2375 463 2402 ibidem
478 2374 610 2409 prtedictis
626 2373 767 2403 haereticis,
780 2380 870 2399 eorum
885 2379 946 2398 mox
960 2379 1062 2399 errores
1077 2377 1220 2402 recenseat.
1235 2371 1267 2398 de
1282 2370 1401 2398 Nestorii
1418 2380 1476 2398 rero
1494 2375 1519 2398 et
1537 2371 1663 2406 Eutycliis
1678 2371 1821 2398 hwresibus
1831 2379 1862 2398 ne

239 2422 345 2448 uerbum
367 2422 471 2457 quidem
495 2421 587 2456 faciat.
608 2420 701 2447 Verum
717 2419 842 2454 fatemur,
858 2418 932 2445 nobis
953 2418 1031 2452 plane
1051 2425 1103 2444 non
1121 2417 1228 2452 liquere,
1244 2424 1300 2443 esse
1314 2417 1430 2443 [Vestorii
1445 2421 1470 2443 et
1485 2409 1609 2451 Eutycbis
1622 2416 1728 2442 nomina
1743 2416 1790 2441 hoc
1805 2415 1861 2442 loco

240 2470 377 2505 adjectitia
394 2477 403 2496 :
421 2477 493 2501 nam,
509 2473 684 2504 pra-terquem
709 2466 777 2501 quod
800 2471 907 2493 exstant
921 2466 948 2492 in
963 2465 1064 2492 duobus
1085 2465 1217 2492 codicibus
1230 2465 1320 2499 regiis,
1335 2464 1370 2490 ad
1380 2473 1492 2499 quorum
1503 2464 1579 2499 ﬁdem
1596 2464 1651 2490 [nec
1663 2463 1773 2490 homilia
1791 2464 1861 2490 edita

240 2517 306 2552 fuit:
320 2525 379 2543 cum
392 2517 505 2550 scriptor
524 2516 571 2542 iste
585 2519 644 2549 post
666 2514 751 2541 allata
766 2521 812 2540 sea:
826 2513 1062 2540 Itmresiarcharum
1079 2513 1186 2539 nomina
1202 2513 1300 2539 multas
1315 2512 1424 2539 ha’reses
1437 2516 1570 2543 memoret,
1583 2512 1665 2537 tacito
1680 2510 1862 2536 hwreticorum

240 2565 353 2596 nomine,
365 2571 390 2590 υ.
412 2571 437 2597 θ.
464 2562 629 2592 Docitarum,
644 2559 897 2594 Apollinaristarum
917 2558 1098 2592 aliorumque;
1114 2565 1177 2584 sane
1200 2557 1307 2584 innuero:
1327 2557 1439 2587 videtur.
1456 2563 1619 2591 nequaquam
1638 2555 1690 2582 sibi
1710 2555 1735 2581 id
1757 2555 1861 2581 consilii

240 2612 333 2646 fuisse,
347 2615 375 2637 ut
394 2609 538 2645 prwmissis
557 2607 706 2635 nominibus
720 2606 850 2637 Simonis,
871 2604 1030 2635 Marcionis,
1049 2603 1169 2635 Sabellii,
1184 2604 1254 2636 Arii,
1273 2603 1404 2635 Nestorii,
1423 2603 1561 2638 Eutychis,
1580 2602 1730 2629 earumdem
1744 2603 1860 2628 omnium

239 2657 349 2684 haereses
370 2656 460 2683 ordine
482 2660 573 2688 postea
595 2658 763 2683 memoraret,
777 2653 821 2679 sed
835 2652 927 2678 allatis
947 2657 1061 2686 quatuor
1079 2652 1197 2684 priorum
1220 2651 1364 2682 erroribus,
1377 2650 1492 2686 reliquas
1503 2649 1621 2683 deinceps
1643 2649 1753 2676 haereses
1764 2654 1793 2675 ut
1808 2657 1861 2675 sese

240 2705 372 2731 memoria:
386 2703 528 2738 offerebant
546 2702 714 2729 recensuisse.
732 2700 806 2733 Quod
821 2700 909 2734 utique
924 2699 1060 2734 prudentis
1075 2698 1179 2725 lectoris
1191 2698 1295 2733 judicio
1313 2699 1491 2732 permittatur.
1518 2696 1559 2724 Ad
1584 2697 1650 2729 lucc,
1675 2697 1731 2724 alia
1756 2701 1859 2724 exstant

277 2794 284 2809 '
304 2792 391 2820 Galat.
410 2799 447 2824 iv,
466 2792 493 2819 5.
530 2792 540 2806 ³
560 2789 639 2817 Joan.
656 2797 713 2820 xuv,
733 2789 777 2816 10.
815 2787 826 2803 ³
845 2787 910 2815 ibid.
950 2787 960 2802 ‘
980 2786 1030 2815 lsa.
1051 2795 1096 2820 ix,
1114 2787 1140 2814 6.
1179 2787 1189 2802 ⁸
1209 2786 1282 2814 Psal.
1300 2795 1380 2820 uxr,
1399 2787 1427 2815 ‘2.
1467 2788 1476 2804 ‘
1495 2787 1563 2814 Luc.
1584 2795 1610 2819 i,
1627 2786 1673 2814 32.

275 2881 312 2916 (8)
328 2880 356 2908 In
369 2879 535 2908 Bibliotheca
551 2878 601 2906 PP.
615 2882 682 2905 tom.
696 2878 717 2910 I,
731 2885 757 2912 p.
770 2876 832 2903 496.
