1940 3067
103 135 156 163 9ἲ7

638 131 778 160 ιιιιιιιιιιι
796 131 832 158 IN
851 129 1037 159 OCCURSUM
1057 128 1184 156 DOMINL

1675 124 1727 150 978

105 192 169 219 ὲ)εοῦ
187 193 386 228 ταπεινότερος,
403 191 521 227 τοσοῦτῳ
538 192 585 218 καὶ
599 192 647 227 τῆς
670 192 718 226 σῆς
739 192 891 226 γεννήσεως

949 189 1056 217 Γθιιάιιηι
1080 193 1122 215 est
1141 197 1147 215 :
1165 190 1269 222 quanto
1294 186 1365 213 enim
1385 189 1413 212 tu
1436 183 1490 212 Deo
1508 182 1630 213 inferior,
1650 185 1727 208 tanto

102 238 321 273 ἁπορῤητοτέρα,
338 238 384 264 xui.
395 237 435 264 ἔτι
449 237 586 273 μᾶλλον,ὴ
601 236 646 264 τοῦ
656 237 733 263 Θεοῦ.
753 246 761 262 ι
783 237 894 272 ’Λνήγα-

102 293 149 318 γον
169 295 178 311 ι
199 286 222 311 οἱ
238 286 326 318 γονεῖς
339 284 370 310 τὸ
382 284 486 310 παιδίον
507 283 609 319 Ἰησοῦν
624 283 678 318 (Π)
698 293 706 308 ι
724 284 763 315 εἰς
782 283 895 318 Ἰεροσό-

103 331 186 366 λυμα.
202 340 210 356 ι
242 330 274 356 Τί
298 338 363 356 ποτε
391 330 445 364 ἄρα
469 329 631 365 δράσοντες;
648 329 752 363 Μήτιγε
768 328 817 363 τὴν
847 326 893 354 τοῦ

111 376 219 411 Ἰσραὴλ
238 375 374 411 βασιλείαν
397 375 633 410 παραληψόμενοι;
653 375 669 410 ἢ
689 366 895 409 ὃπλα’χαλκεύ-

107 430 210 453 σοντες,
231 422 247 457 ἢ
267 421 380 457 στρατὸν
396 422 613 456 συγκινήσοντες,
627 421 643 456 ἢ
661 420 723 447 ἄλλο
737 429 763 446 τι
781 419 835 446 τῶν
846 427 895 454 χα-

107 467 248 503 μαιπετῶν
280 468 327 495 καί
357 468 532 504 προσκαίρων
559 466 832 502 συνεπικερδήσοντες
855 465 894 500 τῷ

106 514 197 546 παιδί;
211 513 259 545 Οὓ,
273 514 353 549 φησίν
361 522 368 529 ·
384 513 451 540 ἀλλὰ
462 523 470 539 ι
481 512 654 549 παραστῆσαι
666 511 704 547 τῷ
715 511 818 546 Κυρίῳ,
829 510 896 537 καθ-

104 559 144 592 ὼς
160 560 314 596 γέγραπται
337 561 365 586 ὲν
386 559 459 595 νόμῳ
474 559 586 595 Κυρίου.
604 568 613 584 ι
627 558 659 584 Τί
674 558 737 592 φῂς,
751 556 893 592 ἄνθρωπε;

106 608 156 635 καὶ
176 608 233 634 ἔστι
253 607 301 634 τοῦ
317 607 425 642 ἀληθῶς
443 606 510 632 Θεοῦ
533 605 615 637 θεός·
629 605 646 640 ἢ
661 604 707 630 τοῦ
722 604 822 639 κυρίως
839 603 894 638 (18)

105 653 210 688 Κυρίου
228 652 330 688 Κύριος
345 652 459 688 ἔτερος
478 652 565 682 Ἔστι,
581 649 657 684 φησὶ,
675 650 722 676 καί⁸
740 649 777 684 μὴ
789 649 892 685 δείσῃς·

105 697 137 723 οὐ
148 696 204 732 γὰρ
220 696 291 722 κατὰ
305 696 386 731 φύσιν
400 696 489 727 τοῦτο,
505 695 575 722 κατὰ
589 695 667 730 χάριν
681 694 710 720 δὲ
729 695 776 721 καὶ
794 695 896 721 οἰκονο-

108 742 173 777 μίιν
185 742 234 777 τὴν
251 742 390 768 ἀνωτάτω.
407 742 513 777 ’Ὠσπερ
530 741 583 777 γάρ
596 741 649 767 τῶν
669 741 698 767 οὺ
714 741 816 776 κυρίως
830 739 895 767 υἱῶν

106 788 200 823 Πατὴρ
221 788 235 813 6
258 787 323 819 Θεὸς
342 787 466 821 λέγεται·
484 797 493 813 ι
514 786 583 821 Ἐγὼ
596 787 649 823 γὰρ
663 807 670 818 ,
691 787 772 822 φησιν
785 807 792 818 ,
819 784 894 819 εἶπα,

105 833 169 860 Θεοί
192 835 264 866 ἐστε,
282 833 329 860 καὶ
347 833 401 860 υἱοὶ
419 833 545 868 Ὑψίστου
571 833 690 864 πάντες·
717 842 726 857 ι
752 832 823 858 οὕτω
850 832 896 858 καὶ

105 879 154 906 τοῦ
172 880 275 915 κυρίως
294 879 360 906 Υἱοῦ
373 879 444 906 κατὰ
460 879 540 913 φύσιν
563 878 714 914 (ὁμοούσιος
733 878 786 914 γὰρ
805 879 818 904 6
833 878 894 909 Υἱὸς

105 924 145 960 τῷ
161 925 268 960 Πατρὶ),
285 925 355 952 κατὰ
367 926 446 960 χάριν
458 925 486 952 δὲ
499 925 546 952 καὶ
563 925 718 960 οἰκονομίαν
734 925 800 956 Θεὸς
816 924 894 958 λέγε-

105 979 152 997 ται
170 979 177 986 ·
207 980 217 997 ‹
253 971 402 998 ’Λναεαίνω
434 971 497 1007 γὰρτ
518 972 594 1006 φησι,
624 971 691 1007 πρὸς
711 971 755 998 τὸν
786 971 895 1005 Πατέρα

107 1024 160 1050 μου
176 1016 222 1042 καὶ
234 1016 341 1052 Πατέρα
352 1016 438 1051 ὑμῶν,
452 1016 499 1043 καὶ
511 1016 576 1043 Θεόν
593 1025 643 1052 μου
654 1017 699 1043 καὶ
710 1016 775 1043 Θεὸν
790 1016 865 1051 ὑμῶν
883 1026 892 1042 ι

108 1061 190 1087 Ὂτου
204 1061 283 1097 χάριν
302 1071 310 1087 ι
328 1061 388 1087 οὐδὲ
417 1061 548 1096 ἀδελφοὺς
574 1062 647 1097 ἡμᾶς
677 1063 691 1088 6
712 1061 775 1093 Υἱὸς
804 1061 895 1088 καλεῖν

106 1107 315 1142 ἐπαισχύνεται·
339 1107 498 1142 Ἀπαγγελῶ
521 1107 585 1143 γὰρ,
612 1108 689 1143 φησι,
704 1107 734 1133 τὺ
747 1107 832 1142 ὄνομά
849 1115 895 1133 σου

106 1153 163 1184 τοῖς
175 1152 296 1186 ἀδελφοῖς
311 1161 371 1187 μου,
388 1153 417 1178 ὲν
433 1152 507 1187 μέσῳ
521 1151 681 1187 Ἐκκλησίας
695 1151 806 1186 ὑμνήσω
823 1159 862 1177 σε.
883 1159 892 1176 ι

109 1210 119 1225 ε
132 1199 230 1232 Καθὼς
245 1201 398 1235 γέγραπται
414 1200 443 1225 ὲν
457 1199 532 1234 νόμῳ
544 1199 656 1234 Κυρίου.
673 1208 681 1224 ι
692 1199 723 1225 Ὢ
734 1198 782 1234 τῆς
796 1199 898 1225 οἰκονο-

109 1246 191 1281 μίαςί
209 1245 231 1272 ῶ
248 1246 297 1280 τῆς
312 1245 515 1280 ἀνεξιχνιάστου
531 1245 677 1280 περὶήμᾶς
691 1244 738 1271 τοῦ
754 1244 840 1278 Λόγου
858 1245 897 1271 οἰ-

107 1291 237 1326 κονομίας
251 1291 299 1318 καὶ
317 1291 496 1326 ἀγαθότητοςί
519 1291 547 1318 '0
559 1290 707 1326 νομοθέτης
723 1289 775 1316 ὑπὸ
794 1290 839 1316 τὸν
853 1289 896 1317 νό-

109 1344 175 1372 μον·
199 1337 212 1363 6
238 1336 293 1362 τῶν
318 1336 473 1363 Μωσαῖκῶν
498 1336 716 1372 προσταγμάτων
737 1334 816 1371 δοτὴρ
839 1336 896 1367 τοῖς

109 1382 355 1417 προσταττομένοις
384 1381 549 1408 ὑποκύπτειν
574 1382 624 1408 οὐκ
651 1382 838 1408 ἀπαναίνεται.
867 1381 896 1408 ὐ

107 1427 158 1462 τῆς
181 1427 228 1452 τοῦ
245 1426 326 1462 νόμου
349 1427 469 1462 κατάρας
490 1426 673 1462 ἐλευθερώσας
685 1426 730 1452 τὸν
744 1426 894 1461 ἄνθρωπον,

107 1472 148 1503 ὠς
161 1471 303 1507 ἄνθρωπος
317 1471 356 1507 τῷ
370 1472 444 1507 νόμῳ
462 1471 597 1498 δουλεύειν
610 1472 659 1498 οὐκ
672 1471 859 1498 ἀναϐάλλεται.

145 1518 172 1545 4.
193 1527 202 1542 ‹
219 1517 316 1549 Καθὼς
332 1518 390 1543 ἑστι
404 1517 594 1553 γεγραμμένον
615 1518 644 1544 ἐν
665 1517 739 1561 νύμῳ
753 1517 866 1552 Κυρίου.
883 1526 893 1542 ι
909 1532 930 1561 c

109 1563 159 1594 Τις
179 1563 192 1588 ὁ
211 1562 329 1597 γράψας,
344 1562 403 1594 τίς;
424 1563 452 1589 '0
472 1562 582 1598 Κύριος.
598 1562 654 1598 Οὐχ
671 1559 712 1594 εἷς
728 1563 775 1588 καὶ
789 1563 802 1588 6
815 1562 896 1594 αὑτός

108 1609 185 1635 ἐστιν
197 1605 285 1640 οὗτος,
302 1609 316 1634 ό
331 1609 378 1634 σὺν
394 1608 482 1644 Πατρὶ
497 1608 544 1635 καὶ
557 1607 895 1642 Πνεύματιδοξαζόμενος;

108 1653 175 1684 Ναὶ,
194 1653 291 1687 φησίν·
308 1651 376 1679 ἀλλὰ
391 1652 439 1686 τῆς
458 1652 613 1687 οἰκονομίας
627 1652 715 1684 τοῦτο,
733 1652 780 1678 καὶ
796 1651 843 1678 τοῦ
860 1651 896 1687 μὴ

110 1699 271 1734 νομισθῆναι
297 1699 353 1729 τοῖς
377 1698 569 1733 χριστομάχοις
593 1697 724 1730 ἀντίθεος.
754 1707 765 1724 ι
788 1698 834 1734 Μὴ
852 1707 895 1724 νο-

111 1742 210 1777 μίσητε
236 1741 300 1777 γὰρ,
330 1742 421 1776 φησιν,
448 1742 487 1768 ὅτι
516 1740 598 1777 ἦλθον
625 1741 774 1769 καταλῦσαι
794 1742 839 1770 τὸν
855 1742 898 1769 νό-

110 1797 163 1824 μον
184 1788 200 1823 ἦ
221 1788 285 1819 τοὺς
308 1789 462 1824 προφήτας·
485 1787 535 1814 οὐκ
555 1786 636 1824 ἦλθον
653 1788 814 1820 καταλῦσαι,
830 1789 897 1816 ἀλλὰ

110 1834 266 1870 πληρῶσαι.
283 1844 292 1860 ι
311 1835 366 1861 Καὶ
378 1834 405 1860 τί
424 1834 498 1866 ξένον
517 1835 542 1860 εἰ
555 1835 570 1860 ὁ
585 1834 710 1870 γέννησιν
727 1835 774 1862 καὶ
794 1835 896 1870 φάτνην

110 1881 160 1907 καὶ
178 1881 332 1916 σπάργανα,
348 1881 394 1907 καὶ
412 1879 562 1916 περιτομὴν
581 1880 795 1916 καταδεξάμενος
813 1881 896 1907 ὀκτα-

110 1927 226 1962 ήμερον,
242 1927 288 1952 καί¹
304 1927 477 1962 παραστῆναι
493 1925 582 1953 ἔναντι
596 1926 699 1961 Κυρίου
714 1926 784 1953 κατά
799 1927 844 1954 τὸν
855 1927 897 1953 νό-

113 1981 164 2008 μον
177 1972 280 2000 ἄνεισιν
294 1973 333 2005 εἰς
351 1973 533 2008 Ἰεροσόλυμα·
549 1972 578 2004 ὅς
593 1981 623 2007 γε
636 1972 762 2000 τοσοῦτον
774 1973 824 1999 οὐκ
836 1974 896 2000 ἐπι-

111 2018 279 2045 καλύπτεται
292 2019 407 2050 τούτοις,
421 2019 462 2045 δτι
473 2018 520 2045 καὶ
530 2018 569 2053 τῷ
580 2019 707 2054 Στεφάνῳ
719 2018 898 2045 λιθολευστου-

113 2063 187 2099 μένῳ
203 2064 270 2100 πρὸς
293 2064 427 2091 Ἰουδαίων
449 2065 482 2090 ἐκ
499 2064 594 2097 δεξιῶν
612 2064 717 2091 ἑστῶτα
733 2064 778 2090 τοῦ
793 2064 897 2100 [ἰατρὸς

111 2109 257 2144 ἐμφανίζει
271 2109 376 2142 ἑαυτὸν,
390 2109 478 2136 καίτοι
494 2110 610 2145 μονίμην
623 2109 691 2145 ἔχων
701 2110 749 2145 τὴν
762 2111 793 2136 ἐκ
806 2109 898 2143 δεξιῶν

110 2155 208 2182 τούτου
225 2155 359 2192 καθέδραν
372 2157 418 2183 καὶ
433 2156 609 2183 ἀδιάπτωτον.
627 2165 636 2181 ι
654 2153 720 2182 Eine
730 2156 793 2192 γὰρ,
806 2157 897 2192 φησιν,

944 235 1078 262 occultior
1096 234 1141 261 Dei
1160 232 1298 268 generatio
1314 237 1355 259 est
1369 238 1450 266 quam
1467 234 1523 256 tua.
1542 238 1551 254 ‹
1566 227 1699 255 Tulerunt
1715 237 1724 252 ι

944 286 1069 317 parentes
1084 287 1196 315 puerutn
1212 278 1303 306 Jesum
1318 287 1327 303 ι
1347 278 1373 304 in
1390 276 1550 304 Jerusalem.
1568 284 1578 300 ι
1592 274 1660 307 Quid
1686 274 1728 300 fa-

944 327 1033 353 cturi?
1049 325 1129 361 357
1144 324 1212 351 Num
1233 327 1261 350 ut
1276 323 1384 350 Israelis
1409 328 1522 355 regnum
1545 317 1728 353 occuparent?

944 380 979 399 an
1005 376 1034 398 ut
1051 378 1126 398 arma
1154 368 1335 397 iabricarent'!
1353 371 1399 394 aut
1413 366 1561 399 exercitum
1584 363 1728 399 cogerem?

945 425 978 445 an
995 423 1022 444 ut
1037 418 1174 452 quidpiam
1197 415 1268 442 aliud
1283 423 1317 441 ex
1334 414 1432 441 intimis
1448 416 1475 440 et
1487 411 1668 446 temporaueis
1684 410 1727 436 lu-

945 464 984 491 cri
1003 471 1088 499 puero
1106 461 1314 496 compararent?
1329 459 1449 490 Minime.
1470 459 1574 493 inquit;
1599 457 1658 487 sed,
1677 466 1685 481 ι
1699 459 1728 482 ιιι

945 510 1073 538 sisterent
1086 516 1147 536 eum
1163 507 1288 537 Domino,
1305 506 1375 532 sicut
1402 504 1534 538 scriptum
1552 505 1595 529 est
1618 502 1644 528 in
1670 502 1728 536 lege

946 555 1064 583 Domini.
1084 564 1093 580 ι
1111 554 1180 586 Quid
1198 553 1249 584 ais,
1273 561 1290 579 0
1313 550 1416 578 homo?
1430 554 1507 577 estne
1523 549 1583 583 ejus
1600 549 1646 583 qui
1666 555 1728 575 vere

946 600 1018 627 Deus
1041 603 1093 631 est,
1118 598 1204 630 Deus;
1233 600 1279 624 aut
1304 596 1365 630 ejus
1390 595 1435 630 qui
1461 594 1570 629 proprie
1596 593 1728 620 Dominus

945 650 997 679 est,
1018 645 1149 672 Dominus
1179 643 1264 670 alter?
1284 641 1331 669 Est
1350 641 1439 676 plane,
1453 648 1502 667 nec
1523 640 1583 666 ideo
1599 643 1726 666 metuas:

946 699 1001 718 nou
1019 693 1060 718 est
1076 690 1174 725 quippe
1188 697 1235 723 per
1254 691 1378 714 naturam
1394 686 1469 717 illud.
1489 685 1536 712 sed
1552 692 1600 719 per
1613 685 1728 719 gratiam

945 740 972 764 et
996 743 1141 771 supernam
1167 733 1358 762 ωεοιιοιιιὶιιιιι.
1390 731 1624 764 Quemadmodum
1657 730 1728 756 cnim

945 790 1039 810 eorum
1067 781 1114 816 qui
1138 789 1192 808 non
1222 784 1285 808 sunt
1312 778 1419 813 proprie
1451 777 1497 804 lilii
1521 776 1602 804 Pater
1617 776 1730 814 _dicilur

947 828 1018 855 Deus
1045 837 1052 854 :
1077 827 1143 854 Nam
1165 835 1174 851 ι
1200 825 1269 860 Ego,
1293 825 1346 856 ait,
1370 823 1426 851 dixi
1448 823 1514 850 :Dii
1539 823 1624 853 estis,
1640 826 1666 850 et
1681 821 1729 848 lilii

913 865 932 892 Β
947 874 1054 902 Excelsi
1068 873 1202 904 omnes”;
1217 881 1225 897 ι
1241 872 1278 898 ita
1293 878 1402 906 quoque
1427 870 1500 896 illius
1516 868 1562 904 qui
1579 867 1729 896 secundum

947 925 1072 948 naturam
1085 919 1170 947 Filius
1183 923 1224 946 est
1240 917 1492 951 (consubstantialis
1508 916 1580 943 enim
1591 919 1631 943 est
1655 914 1729 942 Patri

946 966 1052 1001 Filius).
1069 974 1117 1002 per
1126 965 1239 1001 gratiam
1257 968 1344 991 autem
1360 967 1387 990 et
1402 962 1591 993 oeconomiam,
1607 961 1677 989 Deus
1690 961 1730 988 di-

945 1013 1017 1040 citur
1031 1021 1038 1039 :
1056 1021 1065 1037 ι
1081 1011 1206 1039 Ascendo
1225 1011 1308 1042 enim.
1324 1009 1423 1044 inquit,
1435 1009 1470 1037 ad
1481 1008 1590 1036 Patrem
1605 1015 1695 1036 meum
1704 1012 1731 1035 et

946 1056 1052 1084 Patrem
1063 1059 1194 1086 vestrum,
1209 1054 1292 1082 Deum
1304 1061 1392 1081 meum
1405 1057 1432 1081 et
1448 1053 1530 1081 Deum
1539 1057 1660 1080 vestrum
1673 1053 1704 1079 '°.
1719 1062 1727 1078 ι

946 1102 1115 1137 Quapropter
1125 1111 1134 1127 ι
1149 1109 1203 1128 non
1214 1100 1391 1127 confunditur
1402 1098 1486 1126 Filius
1501 1107 1551 1127 nos
1566 1106 1665 1127 vocare
1677 1098 1728 1125 ira-

945 1151 1011 1180 tres,
1020 1148 1057 1174 ait
1069 1147 1155 1174 enim:
1165 1145 1301 1173 Nuntiabo
1312 1153 1412 1172 nomen
1424 1149 1500 1173 tuum
1511 1145 1641 1179 fratribus
1653 1144 1729 1176 meis,

946 1193 973 1221 in
982 1194 1070 1221 medio
1079 1192 1207 1220 Ecclesiae
1219 1191 1334 1219 laudabo
1346 1196 1382 1219 te.
1403 1200 1412 1217 ι
1427 1207 1463 1212 --
1481 1200 1490 1216 ι
1509 1191 1585 1218 Sicut
1600 1190 1731 1225 scriptum

944 1243 987 1266 est
1001 1238 1028 1265 in
1054 1238 1111 1273 lege
1131 1237 1235 1265 Domini
1256 1238 1286 1263 “.
1305 1246 1313 1262 ι
1330 1236 1352 1264 0
1377 1236 1573 1264 mconomiam!
1597 1243 1613 1262 ο
1631 1236 1732 1270 imper-

944 1285 1119 1313 scrutabilem
1136 1284 1218 1311 Verbi
1238 1291 1302 1319 erga
1319 1291 1369 1311 nos
1388 1283 1563 1311 clementiam
1586 1290 1619 1310 ac
1645 1282 1734 1310 boni—

944 1330 1044 1358 tateml
1061 1329 1211 1365 Legislator
1222 1329 1273 1356 sub
1286 1330 1343 1364 lege
1357 1339 1363 1356 :
1379 1329 1560 1356 Mosaicorum
1578 1328 1648 1356 lator
1664 1335 1733 1362 prae-

945 1380 1098 1411 ceptorum.
1113 1384 1167 1402 non
1190 1378 1300 1403 recusat
1322 1375 1390 1410 ipsis
1413 1374 1557 1408 subiacere
1575 1374 1729 1409 praeceptis.

946 1422 998 1456 Qui
1011 1429 1026 1448 a
1042 1421 1109 1456 legis
1129 1421 1276 1448 maledicto
1290 1420 1428 1448 hominem
1442 1419 1578 1451 liberavit,
1592 1427 1646 1446 non
1664 1427 1732 1446 cun-

946 1470 1038 1494 ctatur
1057 1466 1109 1501 ipsi
1133 1466 1184 1501 legi
1203 1470 1231 1493 ut
1251 1467 1332 1493 horno
1354 1465 1466 1493 servire.

981 1513 1008 1541 «ι.
1031 1522 1040 1539 ι
1064 1512 1140 1540 Sicut
1163 1513 1292 1548 scriptum
1306 1515 1349 1539 est
1366 1512 1392 1538 in
1411 1511 1469 1547 lege
1486 1510 1601 1538 Domini.
1623 1521 1633 1538 ι
1649 1510 1732 1544 Quis-

949 1566 1012 1587 nam
1025 1559 1123 1594 estqui
1139 1559 1268 1594 scripsit?
1284 1558 1355 1593 quis,
1370 1557 1491 1592 inquam.
1504 1558 1567 1585 est?
1590 1557 1730 1584 Dominus.

949 1603 1044 1632 Nonne
1063 1611 1133 1630 unus
1154 1608 1234 1638 atque
1254 1603 1276 1630 is
1293 1602 1350 1637 ipse
1373 1605 1426 1633 est,
1452 1602 1498 1636 qui
1519 1609 1581 1628 cum
1604 1600 1684 1628 Patre
1705 1604 1735 1628 et

951 1649 1054 1685 Spiritu
1074 1649 1256 1684 gloriﬁcatur?
1271 1649 1368 1681 Etiam,
1385 1649 1472 1684 inquit
1486 1657 1493 1681 ;
1507 1647 1554 1675 sed
1572 1647 1637 1675 illud
1660 1655 1734 1676 asco-

949 1697 1048 1724 nomiae
1058 1701 1112 1729 est,
1129 1702 1157 1724 et
1170 1703 1205 1723 ne
1219 1695 1346 1722 Christus
1361 1690 1479 1722 inimicis
1496 1694 1554 1722 suis
1567 1701 1628 1722 esse
1640 1693 1733 1721 videa-

949 1748 995 1771 tur
1023 1743 1154 1776 ἀντίθεος,
1181 1743 1208 1770 id
1233 1745 1285 1775 est,
1314 1741 1370 1769 Deo
1395 1741 1578 1769 adversarius.
1604 1750 1616 1768 ι
1644 1740 1734 1769 Nolite

948 1790 1022 1818 enim
1046 1793 1159 1824 putare,
1191 1788 1294 1823 inquit.
1318 1787 1383 1822 quia
1409 1787 1529 1814 venerim
1557 1787 1663 1815 solvere
1694 1786 1735 1815 le-

949 1842 1010 1870 gem
1031 1839 1078 1862 aut
1099 1833 1244 1869 prophetas
1266 1843 1272 1860 :
1289 1841 1344 1860 non
1366 1833 1426 1860 veni
1451 1833 1566 1865 solvere,
1586 1833 1632 1860 sed
1651 1832 1736 1860 adiui-

950 1881 1023 1917 plere
1036 1882 1067 1908 ".
1084 1891 1093 1907 ι
1120 1880 1191 1914 Quid
1212 1887 1295 1916 porro
1317 1880 1426 1912 mirum,
1443 1879 1466 1907 si
1493 1879 1517 1906 is
1539 1879 1585 1914 qui
1606 1879 1734 1906 nativita-

950 1931 1015 1959 tem,
1039 1935 1169 1962 praesepe,
1195 1934 1311 1962 pannos,
1328 1925 1565 1954 circumcisionem
1591 1929 1654 1961 post
1675 1926 1739 1954 dies

949 1977 1012 2001 octo
1025 1973 1144 2004 admisit.
1163 1972 1187 2000 is
1208 1972 1266 2007 ipse
1280 1973 1340 2001 sisti
1354 1971 1468 1999 Domino
1483 1972 1632 2000 secundum
1649 1972 1739 2006 legem

950 2018 1065 2046 voluerit
1086 2019 1114 2046 in
1134 2018 1285 2046 Jerusalem
1303 2028 1310 2046 ι
1327 2019 1373 2054 qui
1395 2023 1502 2046 tantum
1524 2018 1601 2045 abest
1622 2022 1652 2045 ut
1668 2018 1735 2052 ipsis

950 2065 1035 2092 latere
1050 2065 1125 2096 velit,
1142 2069 1172 2092 ut
1186 2063 1324 2100 Stephano
1338 2073 1353 2092 a
1367 2065 1469 2093 ludatis
1484 2064 1612 2099 lapidato,
1627 2067 1704 2092 stans
1719 2071 1734 2090 a

950 2110 1054 2138 dextris
1069 2110 1157 2139 Patris
1182 2111 1224 2139 sui
1243 2112 1418 2147 apparuerit;
1435 2118 1589 2146 quanquam
1610 2110 1734 2140 stabilem

950 2161 1162 2192 perpetuamque
1176 2165 1191 2184 a
1205 2156 1308 2184 dextris
1321 2158 1379 2191 ejus
1400 2157 1480 2184 habet
1492 2149 1583 2184 sedem
1601 2164 1607 2181 :
1631 2165 1640 2182 ι
1663 2155 1735 2182 Dixit

111 2203 126 2228 ὸ
150 2201 252 2237 Κύριος
275 2201 314 2237 τῷ
335 2202 430 2237 Κυρίῳ
463 2210 526 2237 μου,
549 2201 640 2229 Κάθου
663 2202 695 2228 ἐκ
717 2201 811 2234 δεξιῶν
836 2210 896 2236 μευ.

951 2202 1034 2233 enim,
1062 2201 1165 2236 inquit,
1191 2201 1319 2230 Dominus
1336 2201 1450 2229 Domino
1463 2209 1536 2233 meo,
1554 2200 1618 2229 sede
1635 2209 1650 2228 a
1666 2200 1734 2228 dex-

111 2247 166 2278 ἒως
187 2247 220 2274 ἂν
237 2246 276 2273 θῶ
291 2247 353 2278 τοὺς
370 2247 484 2282 ἐχθρούς
507 2256 554 2273 σου
572 2246 716 2273 ὑποπόδιον
739 2246 792 2273 τῶν
816 2247 902 2274 ποδῶν

113 2301 172 2319 σου.
194 2302 203 2317 ι
230 2292 300 2318 Ἀλλ’
316 2293 403 2319 ἐκεῖνο
429 2292 477 2328 μὲν
499 2293 555 2319 ἄνω
576 2292 623 2319 καὶ
646 2292 755 2325 θεῖκῶς,
775 2292 854 2320 τοῦτο
873 2293 901 2319 δὲ

112 2337 189 2364 κάτω
205 2337 251 2364 καὶ
263 2336 441 2372 οἰκονομικῶς
458 2337 502 2364 διὰ
516 2336 564 2372 τὴν
578 2337 739 2372 πρόσληψιν,
754 2338 802 2364 καὶ
814 2337 858 2364 διὰ
872 2338 901 2364 τὸ

112 2383 280 2418 χρηματίσαι
292 2382 384 2409 τοῦτον
396 2382 462 2409 Θεὸν
473 2383 519 2409 καὶ
529 2382 682 2418 ἄνθρωπον,
698 2383 762 2418 μίαν
774 2382 803 2415 ἐξ
814 2383 901 2418 ἀμφο-

111 2429 200 2463 τέρων
214 2429 372 2456 ὑπόστασιν·
387 2428 432 2455 καὶ
447 2428 491 2455 διὰ
508 2429 572 2464 μιᾶς
584 2429 686 2464 ταύτης
703 2429 786 2464 ἄμφω
802 2429 899 2461 ταῦτα,

112 2473 162 2500 καὶ
176 2472 240 2499 ὄντα
253 2473 299 2500 καὶ
314 2473 523 2508 γνωριζόμενον·
538 2473 580 2499 ἵνα
596 2475 628 2508 τῇ
643 2473 769 2510 κοινωνίᾳ
782 2473 836 2500 τῶν
851 2474 900 2508 φύ-

114 2527 185 2545 σεων
209 2518 255 2544 καὶ
276 2518 330 2544 τῶν
352 2519 460 2545 οἰκείων
482 2518 594 2550 ταύταις
620 2519 773 2554 ἰδιωμάτων
799 2520 901 2555 ῥᾴστην

114 2565 239 2600 ἡμῖνκαὶ
250 2565 458 2600 συντομωτάτην
476 2565 526 2600 τὴν
556 2565 691 2601 σωτηρίαν
722 2566 902 2602 περιποιήση-

113 2619 170 2637 ται.

153 2656 180 2684 5.
202 2665 212 2682 ¢
235 2657 295 2684 Ὅτι
316 2657 370 2684 πᾶν
386 2657 469 2693 ἄρσεν
489 2656 621 2691 διανοῖγον
644 2658 750 2694 μήτραν
770 2657 846 2691 ἅγιον
861 2656 901 2693 τῷ

151 2736 162 2751 ⁹
181 2735 253 2763 Psal.
273 2743 352 2762 Lxx‘n
364 2755 372 2768 ,
389 2735 417 2762 ε.

153 2813 209 2847 (i7)
229 2813 265 2839 Ita
284 2812 350 2848 Reg.
375 2812 402 2840 Ξ.
427 2811 765 2848 ‘lneoivideestrinniieg.
792 2811 815 2838 ί.
838 2811 897 2839 Μοκ

116 2849 185 2883 Reg.
203 2848 230 2882 2,
246 2848 362 2883 Μήτιγε.
380 2847 447 2882 Reg.
466 2847 475 2873 ί
491 2852 517 2875 et
531 2847 666 2880 COmbei.,
679 2847 806 2882 Μήτοιγε.

954 2247 1004 2274 tris
1026 2247 1094 2274 meis
1110 2256 1116 2273 :
1133 2247 1221 2274 donec
1236 2255 1334 2282 ponam
1356 2247 1482 2274 inimicos
1505 2251 1567 2275 tuos
1586 2246 1734 2274 scabellum

953 2293 1051 2328 pedum
1075 2298 1183 2320 tuorum
1211 2293 1242 2319 ι’.
1265 2303 1274 2319 ι
1304 2292 1356 2320 Sed
1377 2294 1444 2320 illud
1462 2293 1582 2329 quidem.
1606 2301 1734 2328 superne.

951 2343 979 2366 et
998 2343 1091 2373 utpote
1112 2338 1183 2366 Deus
1198 2348 1206 2371 ;
1225 2338 1276 2366 hoc
1293 2343 1382 2366 autem
1400 2339 1505 2366 inferne
1519 2343 1546 2366 ct
1562 2346 1610 2373 per
1629 2346 1736 2366 (econo-

954 2384 1036 2410 miam
1066 2388 1213 2418 assumpta:
1234 2388 1349 2415 naturae,
1372 2388 1399 2412 et
1426 2384 1497 2419 quod
1523 2385 1559 2411 sit
1586 2392 1640 2411 una
1664 2383 1736 2411 Deus

953 2433 1035 2464 atque
1059 2430 1140 2458 homo
1162 2434 1212 2457 :et
1235 2439 1289 2458 una
1311 2439 1345 2458 ex
1370 2435 1487 2465 utroque
1510 2431 1664 2466 hypostasis
1682 2440 1688 2458 :
1703 2437 1736 2458 ac

953 2484 1001 2511 per
1016 2484 1096 2504 unam
1112 2476 1186 2503 illam
1202 2476 1386 2512 (hypostasin)
1403 2481 1550 2511 utrumque
1567 2484 1628 2504 esse
1641 2477 1736 2511 digno-

953 2522 1039 2549 scitur
1055 2531 1062 2555 ;
1080 2526 1109 2548 ut
1127 2527 1286 2549 naturarum
1298 2522 1500 2554 communione,
1516 2525 1597 2555 atque
1611 2521 1736 2556 proprie-

953 2571 1038 2594 tatum
1060 2568 1094 2594 iis
1117 2568 1340 2603 compelentium,
1359 2566 1514 2594 facillimam
1530 2567 1609 2594 nobis
1625 2575 1656 2594 ac
1672 2567 1736 2594 bre-

954 2613 1067 2640 vissimo
1081 2613 1243 2648 compendio
1257 2613 1371 2640 salutem
1388 2613 1558 2640 conciliaret.

989 2657 1015 2685 5.
1039 2667 1049 2683 c
1072 2657 1140 2691 Quia
1154 2665 1234 2685 omne
1248 2658 1428 2685 masculinum
1442 2657 1602 2693 adaperiens
1619 2658 1736 2690 vulvam,

457 2734 478 2750 “'
497 2733 575 2762 Joan.
595 2743 646 2766 xx,
668 2734 710 2761 i7.
751 2734 770 2749 “
792 2733 873 2762 Hebr.
893 2741 896 2761 ι

949 2734 984 2766 li,
1003 2733 1045 2761 ιε.
1085 2734 1106 2750 ¹¹
1127 2733 1220 2761 Matth.
1240 2742 1267 2768 ν,
1286 2735 1328 2761 17.
1369 2735 1390 2750 ’³
1409 2734 1481 2762 Psal.
1501 2743 1556 2767 cu,
1574 2735 1598 2762 ἰ.

988 2811 1044 2847 (i8)
1063 2811 1164 2847 Κύριος
1178 2812 1254 2840 deest
1266 2812 1294 2840 in
1309 2811 1374 2848 Reg.
1387 2811 1414 2840 Ξ.
