1940 3067
231 129 285 160 9'19

796 125 826 154 s.
847 124 1079 153 ATHANASIUS.
1099 139 1132 146 -
1153 111 1289 152 sanata.

1792 126 1838 153 980

235 191 361 217 sanctum
379 185 494 214 Domino
508 185 648 213 vocabitur
664 185 695 212 “.
709 193 718 211 ι
732 184 803 218 Quid
815 192 891 220 ergo,
902 192 936 212 an
953 191 1016 212 san-

1072 183 1164 219 Κυρίῳ
1177 183 1349 219 κληθήσεται.
1371 192 1380 208 ι
1392 182 1424 208 Τί
1438 179 1495 214 οὖν,
1507 183 1560 214 πᾶς
1575 182 1742 218 πρωτότοκος
1753 181 1838 216 ἇγιος;

234 239 296 262 ctus
311 233 402 262 omnis
415 232 633 268 primogenitus?
648 231 741 260 Restat
756 232 848 266 igitur.
864 235 894 258 ut
909 231 1017 263 lsmael,

235 281 318 312 Esau.
335 284 362 308 et
378 283 441 306 ante
453 279 515 306 illos
530 277 609 311 Cain,
622 279 753 313 multique
767 278 813 304 alii
825 277 878 305 Deo
895 277 974 305 invisi
987 284 1020 304 ac

235 324 374 353 maledicti
393 324 527 356 homines,
540 323 613 359 quod
634 323 714 358 primi
726 324 832 350 vulvam
850 323 1018 358 aperuerint,

236 371 322 398 sancti
340 369 454 397 Domino
465 373 608 397 vocentur.
622 369 711 403 Ecqua
723 369 757 396 de
771 376 853 396 causa
866 368 899 395 de
909 367 1021 395 lsmaele

236 415 338 442 dicitur
359 424 365 442 :
387 424 397 441 ι
415 414 490 450 Ejice
505 415 630 442 ancillam
652 419 678 441 et
698 415 781 442 filium
798 415 858 449 ejus
879 415 918 441 ”?
935 424 944 440 ι
963 414 1020 440 Cur

235 461 268 487 de
280 460 351 488 Esau
364 469 371 486 :
384 469 393 486 ι
406 460 490 488 Iacob
502 460 596 490 dilexi,
605 459 673 487 Esau
689 463 777 486 autem
790 460 853 486 odio
863 459 944 486 habui
957 458 997 484 “‘l
1008 468 1017 485 ι

236 507 302 539 Qua:
316 513 398 534 causa
414 506 473 538 fuit.
487 506 510 534 si
523 510 635 533 sanctus
648 506 714 532 Cain
728 505 841 532 Domino
855 509 923 536 erat,
947 504 1018 539 quod

237 557 286 584 pro
301 551 375 577 caede
394 550 498 581 fratris,
514 551 614 585 septies
628 551 694 577 ultio
708 551 742 577 ab
763 558 795 577 eo
815 551 1020 584 reposceretur?

239 595 267 622 Si
285 603 365 623 omne
382 597 563 623 masculinum
583 595 744 630 adaperiens
760 596 877 628 vulvam,
894 600 1018 622 sant-tum

239 641 353 669 Domino
362 641 521 675 vocabitur;
537 641 600 676 quid
616 641 677 676 plus
697 640 778 668 habet
791 641 925 670 Christus.
937 649 1019 676 quam

239 686 353 713 Ruben?
368 686 438 719 Quid
458 687 573 721 amplius
595 687 633 714 illi
653 695 735 722 quam
755 687 893 714 Amnoni?
910 686 975 713 Nam
992 690 1019 714 et

239 733 291 767 ipsi
310 740 419 767 quoque
441 733 529 767 primo
554 737 633 768 partu
659 733 736 764 editi,
759 733 867 760 vulvam
893 732 1020 759 videntur

239 777 390 811 aperuisse.
412 775 464 804 Sed
484 784 549 804 eave
564 785 598 804 ne
613 776 760 804 ferventius
776 777 847 804 circa
863 776 1020 811 Scripturas

240 821 355 853 insilias,
380 829 413 848 ac
438 821 545 857 longius
568 829 583 848 a
606 825 678 849 meta
699 829 840 849 excurras.
855 821 914 849 Non
936 822 1018 854 enim,

1070 229 1125 265 (19)
1145 230 1213 265 Ὥρα
1232 237 1272 255 σοι
1292 228 1394 261 λοιπὸν,
1417 228 1464 254 καὶ
1484 227 1604 263 Ἰσμαὴλ,
1620 228 1665 254 καὶ
1689 228 1781 258 Ἠσαῦ,
1797 228 1839 254 καὶ

1069 275 1122 310 πρὸ
1137 274 1238 301 τούτων
1257 274 1301 300 τὸν
1320 274 1400 306 Κάῖν,
1418 274 1464 300 καὶ
1487 273 1600 304 πολλοὺς
1616 273 1708 304 ἄλλους
1722 273 1773 298 τῶν
1788 272 1839 298 θεο-

1069 320 1176 354 στυγῶν
1189 329 1218 346 τε
1231 321 1275 346 καὶ
1285 319 1480 355 κατηραμένων
1492 319 1605 354 ἀνδρῶν,
1617 318 1655 351 τῷ
1665 318 1782 352 πρώτους
1790 316 1830 351 (20

1069 369 1166 400 αὐτοὺς
1182 367 1310 399 διανοῖξαι
1332 367 1446 402 μήτραν,
1466 366 1557 400 ἁγίους
1580 365 1619 401 τῷ
1640 365 1732 401 Κυρίῳ
1745 364 1839 391 καλεῖν.

1069 414 1123 440 Καὶ
1136 414 1208 444 τίνος
1221 413 1300 448 χάριν
1314 413 1421 446 λέγεται
1436 412 1499 446 περὶ
1516 411 1636 447 Ἰσμαὴλ,
1653 411 1692 437 ὅτι
1707 421 1715 435 ι
1734 410 1841 436 Ἔκϐαλε

1068 458 1117 494 τὴν
1133 458 1276 492 παιδίσκην
1292 457 1339 484 καὶ
1355 457 1399 484 τὸν
1416 457 1472 484 υἱὸν
1486 457 1585 491 αὐτῆςο
1606 466 1615 482 ι
1635 456 1698 491 περὶ
1707 455 1734 481 δὲ
1753 454 1840 486 Ἠσαῦ,

1069 503 1109 530 ὅτι
1127 514 1134 528 ι
1150 503 1200 529 Τὸν
1209 503 1304 529 Ἰακὼϐ
1318 503 1457 537 ἠγάπησα,
1477 502 1521 528 τὸν
1537 501 1565 527 δὲ
1589 501 1672 527 Ἡσαῦ
1687 500 1816 535 ἐμίσησας
1832 508 1840 524 ι

1069 549 1146 580 Τίνος
1161 548 1188 574 δὲ
1203 549 1291 583 χάριν,
1307 549 1330 574 εἰ
1345 548 1420 582 ἅγιος
1435 545 1468 582 ἦν
1482 546 1520 582 τῷ
1532 548 1624 582 Κυρίῳ
1636 547 1649 572 ό
1662 546 1741 577 Κάῖν,
1756 546 1799 572 ἐπὶ
1809 545 1842 580 τῷ

1068 594 1162 621 τούτου
1182 595 1254 630 φόνῳ
1271 594 1340 620 ἑπτὰ
1364 593 1541 628 ἐκδικούμενα
1565 592 1727 627 παρελύετος
1748 592 1778 618 Ei
1795 592 1841 618 πᾶν

1069 642 1151 678 ἄρσεν
1166 642 1297 676 διανοῖγον
1311 643 1416 677 μήτραν
1427 641 1502 675 ἅγιον
1518 641 1555 676 τῷ
1569 641 1661 676 Κυρίῳ
1678 640 1842 675 κληθήσεται,

1068 689 1096 715 τί
1111 688 1190 714 πλέον
1206 688 1262 723 ἔχει
1277 688 1394 724 Χριστὸς
1410 688 1456 714 τοῦ
1476 687 1602 722 Ῥουϐίμ;
1621 687 1652 713 Τί
1670 687 1697 713 δὲ
1713 687 1743 712 τὸ
1759 695 1843 721 περισ-

1070 735 1115 761 σὸν
1128 735 1222 761 τούτου
1237 735 1304 770 πρὸς
1320 734 1366 760 τὸν
1388 733 1493 769 Ἀμνών
1507 734 1577 768 (21);
1593 733 1639 760 καὶ
1654 733 1710 768 γὰρ
1723 733 1768 759 καὶ
1780 729 1843 758 οὗτοι

1069 780 1173 812 δόξαιεν
1195 780 1237 811 ἂν,
1260 779 1299 814 τῷ
1323 780 1438 816 πρώτως
1465 779 1655 815 ἀποτεχθῆναι,
1678 780 1844 814 μήτραντῠως

1070 826 1208 858 διανοῖξαι.
1232 826 1299 852 Ἀλλ’
1315 826 1375 861 δρα,
1393 825 1429 861 μὴ
1444 825 1550 862 θερμῶς
1565 825 1627 861 ᾄττε
1642 825 1706 861 περὶ
1718 825 1750 851 τὰ
1761 825 1843 860 Γραμ-

240 869 337 904 inquit,
355 869 392 896 ita
404 869 482 896 dixi:
500 868 586 896 Omne
600 869 807 904 primogenitum
825 873 949 896 sanctum
970 868 1021 895 Do-

1073 880 1155 906 ματα,
1175 872 1221 898 καὶ
1240 871 1278 907 μὴ
1294 858 1453 907 πόρρωῆτῆς
1467 858 1727 906 νάπης-ἀπότρεχε.
1745 858 1788 897 Οὖ-
1799 858 1845 904 γαρ

243 914 317 941 ιιιίηο
332 915 474 942 vocabitur
491 924 498 941 ε
513 915 634 949 alioquin
653 914 686 942 ad
708 915 815 942 brutam
838 922 924 950 usque
939 918 1020 941 natu-

239 967 298 987 ram
321 961 452 987 sanctitas
472 964 643 995 permearet:
663 961 710 988 sed
729 971 735 988 :
755 970 764 987 ι
784 960 870 987 Omne
893 960 1021 987 masculi-

240 1013 305 1032 num
322 1006 449 1041 aperiens
467 1007 575 1034 vulvam
596 1016 604 1033 :
629 1015 638 1032 ι
660 1006 775 1040 Quando
796 1007 900 1034 scilicet
918 1006 1021 1040 absque

239 1051 386 1078 concubitu
404 1056 498 1086 partus
515 1052 636 1079 evenerit
658 1061 663 1078 :
683 1059 744 1079 cum
764 1059 818 1078 non
833 1059 866 1078 ex
881 1051 1020 1086 sanguini-

239 1097 301 1128 bns,
325 1104 413 1132 neque
436 1104 467 1124 ex
494 1097 577 1132 358
599 1098 737 1124 voluntate
762 1098 814 1124 viri
839 1097 881 1129 ¹⁷;
913 1097 961 1124 sed
988 1105 1021 1124 ex

240 1143 343 1178 Spiritu
358 1147 455 1170 sancto
474 1142 544 1170 fetus
562 1144 698 1178 susceptio
714 1142 794 1169 fuerit
809 1153 815 1169 :
832 1151 893 1170 cum
914 1142 1022 1170 nemine

241 1188 307 1216 foris
332 1189 468 1223 pulsante,
491 1188 582 1216 infans
602 1189 661 1224 ipse
680 1188 754 1215 intus
774 1189 910 1222 aperuerit
932 1197 938 1214 :
960 1195 1020 1215 cum

240 1235 404 1270 virginitatis
423 1236 571 1271 signaculis
590 1240 671 1270 atque
691 1235 786 1269 septis,
804 1234 927 1262 infractis
947 1235 1021 1262 intus

239 1282 421 1314 conservatis,
432 1282 504 1310 foras
516 1281 585 1310 fetus
591 1282 722 1309 exsilierit
732 1290 738 1307 ε
748 1282 787 1309 sic
795 1281 886 1315 utique
897 1290 903 1308 ς
916 1291 925 1306 ‹
937 1280 1022 1308 Omne

239 1328 421 1356 masculinum
452 1327 611 1362 adaperiens
633 1327 739 1353 vulvam
759 1331 882 1354 sanctqu
910 1326 1022 1353 Domino

240 1373 391 1401 vocabitur.
410 1383 419 1400 ι
434 1373 501 1400 Nam
522 1373 577 1400 illic
594 1372 703 1408 quidem
716 1380 770 1400 non
791 1372 909 1400 infantes
929 1373 1022 1400 vulvas

241 1420 416 1455 adaperuere,
428 1421 474 1448 sed
490 1420 541 1447 viri
555 1428 617 1447 cum
631 1419 744 1447 muliere
755 1427 928 1454 congressus.
943 1418 1021 1452 Nam,

243 1474 253 1491 ι
269 1466 412 1501 cognovit,
431 1466 529 1501 inquit.
560 1466 645 1493 Adam
671 1465 753 1493 Evam
782 1473 892 1493 uxorem
923 1473 1021 1498 suam,

241 1519 300 1547 quae
316 1514 441 1547 concepit
463 1517 489 1540 et
510 1512 613 1547 peperit
626 1511 692 1538 Cain
710 1511 743 1537 ⁸⁸.
767 1520 776 1536 ι
797 1510 846 1538 Hic
863 1515 951 1538 autem
967 1519 1020 1538 non

241 1559 314 1591 item,
338 1558 385 1586 sed
410 1559 469 1593 ipse
493 1557 574 1590 fetus,
598 1558 685 1585 vulva}
708 1557 780 1585 fores
806 1558 922 1592 aperuit,
947 1557 1022 1585 nullo

239 1611 322 1639 egens
337 1604 459 1632 exterius
472 1605 575 1631 carnali
594 1604 753 1631 concubitu.
779 1603 886 1630 Etenim
898 1624 905 1635 ,
929 1612 939 1628 ι
966 1603 1022 1630 Λιι-

241 1655 348 1685 tequam
364 1669 373 1682 .
397 1650 507 1685 inquit,
543 1650 739 1682 convenirent,
781 1650 891 1677 inventa
916 1653 958 1677 est
995 1650 1022 1677 in

241 1699 319 1724 utero
340 1695 444 1722 habens
462 1695 496 1722 de
517 1695 619 1730 Spiritu
638 1699 733 1722 sancio
747 1694 779 1721 η.
799 1703 809 1720 ι
825 1693 901 1721 Licet
916 1701 1023 1729 quoque

241 1739 349 1766 brevius
367 1746 461 1766 vocem
479 1739 606 1774 excipere
627 1744 707 1774 atque
726 1738 909 1774 interpretari.
929 1739 1023 1766 subin-

243 1783 390 1818 telligendo
413 1783 586 1811 extrinsecus
607 1793 616 1808 Ι
634 1783 754 1819 Virginis
776 1793 785 1810 ι
807 1792 911 1815 vocem,
936 1788 965 1810 ut
984 1784 1024 1811 sic

241 1833 442 1863 consequenter
471 1829 638 1863 intelligatur
659 1839 665 1857 :
689 1839 698 1855 ι
729 1830 814 1858 Omne
841 1831 1022 1857 masculinum

242 1875 401 1909 adaperiens
415 1876 521 1902 vulvam
538 1876 679 1910 virginem,
696 1880 822 1903 sanctum
843 1876 956 1904 Domino
977 1884 1023 1903 vo-

242 1921 356 1947 cabitur.
389 1931 398 1947 ι
424 1920 501 1954 Quod
526 1922 552 1948 in
580 1921 690 1949 Christo
717 1922 804 1949 solum
831 1922 940 1954 accidit,
961 1929 1023 1949 cum

242 1967 344 1994 nemini
361 1967 406 1994 alii
422 1968 447 1994 id
461 1975 604 1996 commune
620 1967 711 1995 fuerit.
728 1967 787 2003 Ipse
808 1975 926 2003 namque
949 1969 1023 1996 solus

242 2012 380 2048 Virginem
393 2014 501 2040 vulvam
519 2014 546 2041 in
561 2022 644 2042 carne
659 2015 797 2042 nascendo
810 2015 916 2050 aperuit
934 2024 941 2042 :
954 2022 1025 2042 eam-

241 2067 295 2095 que
313 2060 377 2087 item
397 2059 547 2095 Virginem,
566 2065 597 2088 ut
615 2064 678 2088 ante
693 2065 801 2096 partum
821 2064 890 2094 erat,
910 2068 1023 2089 conser-

241 2105 324 2133 vavit.

1070 918 1157 950 τοῦτο,
1179 919 1270 954 φησὶν,
1290 916 1375 951 εἶπον,
1401 919 1441 945 δτι
1460 919 1517 944 Πᾶν
1538 917 1710 953 πρωτότοκον
1727 917 1800 951 ἆγιον
1813 915 1846 951 τῷ

1069 965 1165 1000 Κυρίῳ
1188 965 1364 1000 κληθήσεται·
1390 964 1406 999 ἢ
1430 965 1489 1000 γὰρ·
1505 964 1538 991 ἂν
1561 963 1632 990 οὓτω
1655 963 1704 989 καὶ
1725 962 1790 997 πρὸς
1805 961 1846 996 τὴν

1069 1009 1164 1043 ἄλογον
1180 1010 1259 1044 φύσιν
1272 1011 1288 1045 ἡ
1302 1010 1412 1045 ἀγιότης
1424 1010 1564 1036 διέϐαινεν·
1580 1009 1636 1036 ἀλλ’
1650 1009 1693 1035 ὅτι
1705 1009 1761 1035 Πᾶν
1774 1008 1846 1043 ἄρσεν

1069 1054 1202 1089 διανοῖγον
1223 1056 1337 1090 μήτρανν
1356 1055 1504 1086 τουτέστιν,
1529 1055 1610 1081 Ὅταν
1629 1053 1819 1089 ἀπειρογάμως
1836 1053 1848 1078 ό

1069 1100 1148 1132 τόκος
1163 1100 1259 1136 προϐῇ
1275 1101 1338 1126 ὅταν
1351 1100 1400 1126 οὐκ
1417 1100 1445 1132 ἐξ
1463 1100 1595 1135 αἱμάτων,
1615 1099 1676 1125 οὐδὲ
1694 1101 1725 1125 ἐκ
1741 1099 1848 1133 θελήμα-

1070 1154 1115 1177 τος
1133 1146 1242 1180 σαρκὸς,
1256 1146 1315 1172 οὐδὲ
1330 1147 1362 1171 ἐκ
1377 1145 1527 1179 θελήματος
1541 1144 1646 1180 ἀνδρὸς,
1662 1144 1719 1170 ἀλλ’
1735 1144 1763 1175 ἐξ
1779 1143 1848 1177 ἁγίου

1071 1189 1227 1225 Ιῐνεύματος
1241 1191 1257 1226 ἡ
1272 1189 1318 1216 τοῦ
1329 1190 1488 1225 τικτομένου
1499 1189 1611 1224 γένηται
1624 1189 1768 1224 σύλληψις·
1783 1188 1848 1217 ὅταν,

1073 1236 1185 1271 μηδενὸς
1204 1235 1302 1268 ἔξωθεν
1319 1234 1493 1270 κρούσαντος,
1514 1234 1579 1261 αὐτὸ
1594 1235 1625 1261 τὸ
1645 1235 1745 1270 βρέφος
1759 1233 1849 1259 ἔσωθεν

1071 1281 1199 1316 διανοίξῃ*
1220 1281 1294 1312 ὅταν,
1311 1280 1360 1315 τῆς
1378 1279 1526 1316 παρθενίας
1546 1281 1704 1316 σφραγίδων
1722 1279 1768 1306 καὶ
1786 1277 1850 1304 κλεί-

1072 1327 1143 1363 θρων
1155 1327 1311 1354 ἁσαλεύτων
1324 1326 1531 1362 φυλαττομένων
1542 1326 1656 1359 ἔνδοθεν,
1670 1327 1722 1360 ἕξω
1733 1326 1761 1352 τὸ
1771 1323 1851 1350 τικτό-

1073 1382 1153 1409 μενον
1166 1373 1318 1409 ὲκπηδήσῃ·
1333 1373 1404 1400 οὕτω
1418 1383 1427 1399 ι
1445 1373 1502 1399 Πᾶν
1514 1373 1597 1408 ἄρσεν
1606 1372 1740 1406 διανοῖγον
1754 1371 1850 1406 μήτραν

1072 1420 1148 1454 ἆγιον
1163 1419 1200 1454 τῷ
1213 1419 1306 1454 Κυρίῳ
1319 1419 1493 1455 κληθήσεται.
1508 1429 1517 1445 ι
1534 1418 1607 1446 Ἐκεῖ
1623 1418 1673 1454 μὲν
1687 1418 1741 1454 γὰρ
1753 1417 1809 1444 οὐᾶ
1821 1415 1851 1441 τὰ

1073 1466 1159 1501 βρέφη
1176 1466 1226 1497 τὰς
1244 1466 1347 1501 μήτρας
1362 1464 1503 1501 διήνοιξεν,
1517 1465 1574 1492 ἀλλ’
1589 1466 1606 1500 ὴ
1621 1465 1669 1491 τοῦ
1688 1463 1781 1500 ἀνδρὸς
1791 1461 1851 1496 πρὸς

1071 1512 1120 1547 τὴν
1143 1513 1260 1546 γυναῖκα
1287 1511 1439 1544 συνέλευσις
1456 1521 1462 1527 ·
1491 1521 1501 1537 ‹
1530 1512 1621 1545 Ἔγνω
1662 1511 1734 1546 γὰρ,
1766 1508 1850 1544 φησὶν.

1079 1557 1162 1592 Ἀδὰμ
1183 1556 1254 1583 Εὕαν
1276 1557 1325 1592 τὴν
1349 1559 1465 1591 γυναῖκα
1489 1557 1587 1589 αὐτοῦ,
1616 1556 1665 1583 καὶ
1694 1553 1852 1582 συλλαϐοῦσα

1072 1601 1149 1628 ἔτεκε
1162 1602 1208 1628 τὸν
1221 1602 1301 1629 Κάῖν.
1320 1612 1329 1628 ι
1354 1602 1486 1629 Ἐνταῦθα
1500 1602 1528 1628 δὲ
1545 1602 1592 1637 οὐχ
1609 1601 1707 1632 οὕτως,
1722 1600 1777 1627 ἀλλ’
1794 1598 1852 1626 αὐτὸ

1071 1648 1102 1674 τὸ
1114 1648 1209 1683 τεχθὲν
1221 1648 1270 1680 τὰς
1281 1648 1332 1683 τῆς
1348 1649 1455 1684 μήτρας
1469 1648 1582 1683 διήνοιξε
1598 1647 1697 1679 πύλας,
1717 1646 1782 1682 μηδὲ
1796 1646 1852 1681 μιᾶς

1073 1692 1236 1728 προσδεηθὲν
1259 1693 1392 1728 σαρκικῆς
1417 1692 1574 1727 συμφωνίας
1598 1691 1652 1718 ἀπὸ
1677 1691 1731 1718 τῶν
1752 1691 1850 1723 ἔξωθεν.

1076 1747 1086 1763 ‹
1112 1738 1179 1774 Πρὶν
1204 1738 1220 1774 ἢ
1242 1738 1306 1774 γὰρ,
1331 1738 1407 1773 φησὶ,
1432 1738 1565 1764 συνελθεῖν
1590 1738 1700 1770 αὐτοὺς,
1715 1737 1810 1773 εὑρέθη
1827 1736 1851 1761 ἐν

1073 1784 1172 1818 γαστρὶ
1195 1783 1293 1818 ἔχουσα
1318 1784 1349 1810 ἐκ
1373 1783 1530 1819 Πνεὺματος
1553 1783 1641 1818 ἁγίου.
1665 1794 1675 1810 ι
1698 1783 1811 1810 Δύνασαι
1827 1781 1851 1808 δὲ

1073 1830 1119 1856 καὶ
1136 1829 1190 1864 (22)
1210 1829 1466 1864 συνεκδοχικώτερον
1487 1830 1535 1864 τὴν
1556 1829 1647 1865 φωνὴν
1668 1830 1791 1856 ἐκλαϐεῖν
1808 1827 1852 1861 τῆς

1074 1875 1223 1911 Παρθένου,
1234 1875 1332 1907 ἔξωθεν
1343 1875 1571 1910 συνακουομένης,
1584 1876 1617 1902 ἵν’
1628 1875 1685 1912 ᾑτὺ
1696 1876 1757 1911 ἑξῆς
1765 1875 1850 1904 οὕτως·

1076 1930 1086 1946 ‹
1102 1922 1159 1948 Πᾶν
1179 1921 1261 1956 ἄρσεν
1281 1921 1414 1956 διανοῖγον
1436 1922 1542 1958 μήτραν
1564 1921 1709 1956 παρθένον,
1727 1921 1800 1954 ἅγιον
1818 1917 1852 1952 τῷ

1074 1967 1168 2003 Κυρίῳ
1183 1967 1357 2004 κληθήσεται.
1377 1977 1387 1994 ι
1404 1968 1491 2004 Ὅπερ
1510 1969 1589 2004 μόνον
1607 1969 1663 2004 (25)
1681 1969 1726 1995 ἐπὶ
1744 1965 1852 2003 Χριστοῦ

1075 2014 1240 2048 πέπρακται,
1255 2014 1366 2049 μηδενὸς
1379 2014 1457 2041 ἄλλου
1473 2015 1526 2041 τῶν
1543 2015 1650 2041 πάντων
1669 2011 1853 2047 κεκοινωνηκό-

1074 2068 1121 2091 τος
1136 2059 1175 2094 τῷ
1190 2061 1320 2096 χρήματι,
1338 2060 1426 2092 Μόνος
1441 2062 1495 2096 γὰρ
1513 2059 1588 2092 οὗτος
1605 2061 1739 2095 παρθένον
1757 2061 1852 2095 μήτραν

1077 2105 1159 2140 σαρκὶ
1175 2104 1281 2139 τεχθεὶς
1294 2104 1434 2139 ἐξανὲῳξε”
1448 2105 1494 2131 καὶ
1509 2105 1589 2132 πάλιν
1603 2105 1707 2141 ταύτην
1720 2104 1852 2140 παρθένον,

1075 2149 1112 2181 ὡς
1121 2150 1173 2186 πρὸ
1186 2150 1232 2176 τοῦ
1245 2150 1336 2182 τόκου,
1352 2151 1510 2186 τετήρηκεν.

277 2195 304 2223 6.
333 2205 342 2221 ι
371 2195 403 2223 Et
430 2200 459 2223 ut
487 2195 585 2223 darent
614 2196 743 2229 hostiam,
772 2196 923 2224 secundum
952 2197 1021 2232 quod

1112 2196 1139 2223 6.
1163 2206 1172 2222 ι
1188 2196 1242 2223 Καὶ
1255 2197 1302 2223 τοῦ
1320 2197 1411 2223 δοῦναι
1427 2198 1523 2224 Ουσίαν
1537 2197 1607 2224 κατὰ
1628 2197 1659 2224 τὸ
1676 2197 1814 2233 εἰρημένον
1827 2197 1852 2221 ἐν

241 2240 345 2268 dictum
370 2244 412 2268 est
438 2241 465 2268 in
492 2241 550 2276 lege
572 2240 706 2269 Domini:
730 2249 779 2277 par
802 2245 950 2275 turturum,
977 2247 1024 2270 aut

241 2286 312 2314 duos
327 2286 416 2321 pullos
430 2287 617 2314 columbarum
633 2287 667 2315 ".
686 2297 695 2314 ι
711 2287 781 2320 Quid
800 2288 883 2315 vero?
901 2287 1025 2319 Etiamne

243 2333 347 2359 hostias
379 2333 529 2360 secundum
564 2333 650 2368 legem
689 2334 810 2361 obtulit?
839 2333 930 2369 Ecqua
958 2342 1024 2369 ergo

242 2379 348 2406 ratione
365 2378 466 2406 Paulus
485 2380 521 2406 ait
538 2388 545 2406 :
567 2389 576 2404 ι
594 2379 668 2407 Talis
684 2379 798 2407 decebat
813 2383 842 2406 ut
857 2380 936 2408 nobis
951 2384 1025 2408 esset

244 2423 364 2458 pontifex
391 2424 438 2458 qui
467 2432 520 2452 non
541 2424 653 2452 haberet
672 2425 863 2453 necessitatem
883 2426 1004 2461 quotidie
1017 2446 1024 2458 ,

242 2470 473 2505 quemadmodum
490 2471 643 2506 pontifices,
663 2471 740 2506 prius
759 2479 808 2506 pro
835 2472 892 2499 suis
918 2472 1026 2500 delictis

242 2516 346 2543 hostias
361 2516 469 2548 offerre,
486 2516 583 2544 deinde
607 2524 655 2550 pro
672 2517 775 2552 populi.
793 2516 851 2544 Hoc
869 2517 941 2545 enim
963 2517 1027 2546 fecit

242 2561 326 2588 semel
345 2561 522 2596 semetipsum
543 2561 682 2590 offerendo
709 2562 731 2578 "
745 2583 753 2595 ,
780 2571 790 2588 ι
818 2562 870 2590 hoc
891 2567 951 2596 est,
977 2571 1028 2598 per

278 2639 300 2654 "
319 2638 404 2666 Exod.
422 2647 490 2671 xui,
507 2639 524 2666 2
539 2647 548 2672 ;
568 2638 634 2666 Luc.
655 2647 691 2672 ιι,
709 2639 754 2667 23.

1077 2242 1153 2278 νόμῳ
1170 2243 1281 2278 Κυρίου·
1299 2242 1395 2278 ζεῦγος
1409 2244 1557 2280 τρυγόνων,
1573 2244 1589 2278 ἢ
1609 2243 1655 2270 δύο
1672 2244 1795 2273 νεοσσοὺς
1811 2249 1852 2267 πε-

1080 2288 1221 2324 ριστερῶν.
1245 2298 1255 2315 ι
1280 2290 1312 2316 Τί
1336 2289 1381 2323 δὲ;
1415 2291 1470 2316 Καὶ
1501 2289 1595 2321 θυσίας
1618 2289 1690 2315 κατὰ
1712 2289 1756 2315 τὸν
1781 2287 1852 2322 νόμον

1077 2335 1225 2370 ἀνήνεγκες
1240 2335 1294 2362 Καὶ
1317 2335 1374 2368 πῶς
1391 2345 1472 2371 φησιν
1486 2336 1500 2362 ὁ
1515 2335 1628 2367 Παῦλος,
1648 2336 1690 2361 ὅτι
1709 2345 1719 2360 ι
1739 2333 1853 2362 Τοιοῦτος

1080 2382 1146 2416 ἡμῖν
1169 2380 1287 2416 ἔπρεπεν
1311 2382 1465 2417 ἀρχιερεὺς,
1489 2382 1517 2413 ὃς
1534 2382 1583 2408 οὐκ
1601 2381 1656 2416 ἔχει
1679 2380 1738 2407 καθ’
1760 2379 1853 2414 ἡμέραν

1079 2426 1214 2462 ἀνάγκην,
1236 2425 1329 2461 ὥσπερ
1352 2427 1376 2453 οἱ
1398 2428 1544 2463 ἀρχιερεῖς,
1566 2427 1697 2462 πρότερον
1721 2425 1789 2459 ὑπὲρ
1807 2422 1854 2448 τῶν

1081 2472 1153 2499 ἰδίων
1179 2473 1320 2508 ἁμαρτιῶν
1344 2473 1436 2505 θυσίας
1454 2473 1609 2508 ἀναφέρειν,
1634 2472 1728 2498 ἔπειτα
1748 2471 1798 2497 τῶν
1813 2467 1854 2494 τοῦ

1079 2518 1153 2545 λαοῦ.
1167 2519 1252 2545 Τοῦτο
1261 2519 1314 2554 γὰρ
1326 2519 1451 2554 ἐποίησεν
1463 2518 1572 2553 ἐφάπαξ
1582 2518 1676 2545 ἑαυτὸν
1689 2517 1852 2550 ἀνενέγκας.ι

1078 2564 1201 2591 τουτέστι
1215 2564 1258 2591 διὰ
1276 2564 1323 2591 τοῦ
1338 2564 1456 2600 σταυροῦ
1470 2565 1617 2597 Boetius;
1635 2564 1666 2591 Et
1680 2564 1708 2590 δὲ
1723 2563 1769 2589 xui.
1783 2559 1856 2591 αὐτὸς

792 2640 814 2656 ¹¹
833 2639 932 2668 Genes.
951 2648 998 2667 ut
1009 2661 1016 2672 ,

1072 2663 1079 2669 .
1120 2642 1142 2657 ¹⁶
1161 2641 1278 2669 Malach.
1295 2651 1323 2675 ι,
1338 2642 1365 2669 2.
1405 2642 1426 2658 ¹⁷
1442 2641 1520 2671 Joan.
1540 2650 1566 2675 ι,
1585 2643 1629 2671 15.
1667 2644 1690 2660 ⁸³
1709 2642 1804 2671 Genes.
1821 2647 1855 2670 ιι,

244 2674 267 2700 l.
307 2674 328 2690 ¹⁹
348 2674 443 2702 Matth.
463 2683 488 2708 ι,
507 2675 550 2702 18.
589 2676 611 2691 ¹⁰
631 2674 696 2702 Luc.
715 2683 753 2708 ιι,
771 2675 817 2704 24.
856 2675 982 2721 “Mliebr.
1001 2685 1017 2704 v

1072 2677 1108 2705 26
1117 2697 1124 2708 ,
1140 2677 1185 2703 27.

280 2731 334 2766 (t9)
352 2732 503 2769 Esplicatio
522 2734 616 2762 isthaec
633 2734 748 2762 habetur
767 2734 838 2768 apud
884 2734 1025 2769 Amphilo-

244 2767 346 2805 chium,
365 2767 481 2795 Humilia
504 2769 538 2796 de
555 2777 683 2802 occursu,
700 2778 760 2805 pag.
779 2767 830 2803 25;
847 2767 1026 2805 itaque-simi-

245 2778 346 2797 ιἰιιιιιιι,
365 2778 481 2795 nonulla
504 2778 538 2796 ue
555 2778 683 2802 occursu,
700 2778 760 2805 pag.
779 2778 830 2803 2:);
847 2778 892 2797 Ital
906 2778 938 2797 ue
949 2778 1026 2797 811111-

245 2802 354 2842 lishuic
367 2808 420 2832 est.
437 2807 465 2829 ut
478 2804 601 2832 videatur
617 2806 734 2840 scriptor
755 2806 807 2833 iste
833 2806 866 2833 ab
886 2778 1026 2840 Amphilo-

245 2837 308 2863 chio
320 2845 380 2864 eam
399 2842 551 2867 mutuatus.

1114 2735 1170 2773 (29)
1187 2734 1231 2773 _l_ta
1246 2735 1312 2773 Reg.
1332 2735 1360 2773 2.
1378 2736 1411 2773 At
1426 2737 1492 2772 Reg.
1514 2737 1539 2769 Ι,
1555 2736 1679 2773 πρώτως.

1127 2771 1172 2806 ξι)
1187 2769 1253 2806 Beg.
1270 2769 1299 2803 2,
1315 2771 1438 2806 Ἀμμών.

1126 2804 1172 2843 g2)
1189 2804 1255 2843 ﬁet.
1271 2806 1298 2843 2_.
1316 2804 1427 2843 δύνασαι
1440 2808 1494 2843 γὰρ
1510 2815 1598 2834 συνεκ.

1117 2840 1172 2876 (25)
1191 2841 1258 2876 Reg.
1275 2841 1302 2876 2,
1321 2841 1409 2876 μόνος.
