1940 3067
129 106 180 133 98l

658 105 800 133 nonum
821 106 853 133 ΙΝ
873 106 1062 134 OCCURSL'M
1079 106 1197 135 DOMINI

1700 109 1751 137 983

129 163 268 190 Θυσιάσων
283 163 436 199 ἀνέρχεται,
458 165 563 200 πρῶτον
577 165 626 200 μὲν
639 166 814 202 εὑρεθήσεται
829 167 918 202 κυρῶν

973 175 1077 194 erucem
1092 175 1152 195 sese
1165 167 1350 195 immolando?
1360 167 1438 201 Quod
1454 167 1476 195 si
1494 168 1682 196 immolaturus
1693 168 1751 203 ipse

129 218 159 236 τε
175 210 222 236 καὶ
243 209 375 236 συνιστῶν
397 209 484 236 ταῦτα
505 211 576 246 ἅπερ
600 211 680 242 αὐτὸς
703 210 790 243 οὗτος,
805 212 873 246 πρὸς
888 212 918 238 τὸ

129 257 254 290 κρεῖττον
275 255 389 290 ἀμεῖψαι
413 255 585 290 παρεγένετο·
605 256 699 283 ἔπειτα
723 257 751 284 δὲ
772 258 818 284 καὶ
838 258 918 290 αὐτὸς

131 301 207 327 ἔσται
222 300 275 327 τῶν
290 300 392 327 πολλῶν
402 297 452 333 εἷς,
463 301 594 328 δουλεύων
607 304 637 338 τῇ
651 303 697 330 τοῦ
706 303 788 339 νόμου
799 304 916 340 κατάρα.

134 348 190 374 Καὶ
206 347 278 379 τινος
293 348 371 383 χάριν
385 349 399 374 ὁ
414 348 519 379 Παῦλος
530 357 620 384 φησιν,
636 350 675 375 ὅτι
693 359 701 375 ι
717 350 834 385 Χριστὸς
845 351 918 385 ἡμᾶς

130 394 296 429 ἐξηγόρασεν
311 395 343 419 ὲκ
353 394 403 429 τῆς
416 393 537 430 κατάρας
547 394 593 420 τοῦ
604 394 702 429 νόμου;
718 405 726 420 ι
745 395 779 421 Ἣ
791 395 838 430 οὺχ
849 395 919 431 ὑπὲρ

130 439 180 466 τοῦ
199 439 316 475 βρέφους
330 439 431 472 ταῦτα;
446 438 494 471 Οὒ,
508 440 617 474 φήσειεν
637 440 678 471 ἂν,
699 441 745 466 καὶ
768 440 840 476 μάλα
859 449 920 473 γεν-

130 485 233 516 ναίωςό
242 485 445 520 εὐαγγελιστὴς,
453 484 509 511 ἀλλ’
517 485 675 520 ὑπὲρτῆςτὸ
682 485 780 520 βρέφος
787 486 918 521 τεκούσης

130 531 252 566 Μητρός.
267 531 321 557 Καὶ
335 530 414 557 τοῦτο
427 531 504 566 δῆλον
519 531 574 566 (Et)
589 532 620 557 ἐκ
632 531 685 557 τῶν
700 531 920 567 ἄνωθενεῐρημέ-

131 584 185 602 νων
199 584 206 590 ·
222 585 231 600 ι
248 576 311 602 Ὅτε
328 575 390 612 γὰρ,
410 576 501 610 φησιν,
524 576 696 611 ἐπλήσθησαν
716 577 743 602 αί
757 576 857 611 ἡμέραι
872 576 919 602 τοῦ

131 620 302 656 καθαρισμοῦ
320 621 412 655 αὐτῆς,
430 621 566 656 ἀνήγαγον
583 620 612 646 τὸ
626 620 729 647 παιδίον
748 622 787 652 είς
810 621 918 656 Ἰεροσό-

130 666 206 701 λυμα
228 667 401 701 παραστῆσαι
423 666 462 701 τῷ
485 665 587 700 Κυρίῳ,
612 665 702 696 καθὼς
718 667 870 701 γέγραπται
892 667 921 691 ὲν

131 713 209 748 νόμῳ
225 712 337 747 Κυρίου·
359 721 367 737 ι
386 711 464 738 τοῦτο
484 711 548 747 περὶ
570 711 616 738 τοῦ
638 711 762 748 βρέφους·
785 721 794 737 ι
814 712 861 738 καὶ
873 711 920 738 τοῦ

130 757 224 784 δοῦναι
240 757 335 783 θυσίαν
357 757 425 784 κατὰ
444 757 474 783 τὸ
490 757 633 793 εἰρημένον
656 758 684 783 ὲν
707 758 782 793 νόμῳ
805 758 919 793 Κυρίου,

132 803 231 837 ζεῦγος
245 803 392 839 τρυγόνων,
408 803 480 838 ἢδὺο
491 804 618 835 ιδεοσσοὶς
630 804 806 839 περιστερῶψ
820 814 829 830 ›
843 804 922 831 τοῦτο

132 849 200 884 περὶ
218 849 267 884 τῆς
285 849 422 884 Παρθένου
443 850 489 875 καὶ
502 848 548 876 τοῦ
566 850 667 885 ταύτης
686 851 838 887 μνηστῆρος
852 852 918 887 (25).

132 895 165 921 Εἰ
179 895 208 920 δὲ
229 895 275 921 καὶ
293 895 356 929 περὶ
376 894 423 921 τοῦ
439 895 555 930 βρέφους
575 895 671 928 ταῦτα,
694 896 767 930 ξένον
784 897 868 924 οὐδέν.
891 898 920 924 'U

133 941 189 976 γὰρ
202 940 400 976 περιτμηθῆναι
411 942 479 968 κατὰ
492 942 538 968 τὸν
549 943 629 978 νόμον
639 943 675 978 μὴ
687 943 853 976 ἀπαξιώσας,
864 944 921 976 πῶς

134 986 170 1012 ἂν
188 985 237 1016 τὰς
252 985 322 1012 κατὰ
335 986 416 1020 νόμον
434 986 527 1018 θυσίας
544 987 697 1020 ἀπείπατο;
749 996 780 1022 γε
795 988 921 1015 τοσοῦτον

135 1032 211 1066 ἀπῆν
229 1032 259 1058 τὸ
275 1032 474 1059 ἁναῦάλλεσθαι
490 1032 575 1059 ταῦτα
594 1034 642 1060 καὶ
662 1034 865 1069 ὑπερτίθεσθαι,
881 1035 921 1061 ὅτι

133 1077 183 1103 καὶ
199 1076 229 1103 τὸ
248 1077 369 1103 Ἰωάννου
387 1077 527 1112 βάπτισμα
545 1077 726 1113 βαπτισθῆναι
743 1079 773 1105 οὐ
795 1081 921 1116 παρῃτή-

134 1131 210 1149 σατο·
226 1123 313 1149 καίτοι
325 1123 371 1149 τοῦ
393 1123 539 1157 βαπτιστοῦ
555 1125 649 1159 χρείαν
662 1125 769 1160 ἔχοντος
781 1126 826 1152 ὑπ’
839 1127 920 1153 αὑτοῦ

135 1168 329 1204 βαπτισθῆναι.
356 1168 426 1195 Ἀλλ’
444 1169 518 1204 ὅμως
534 1170 659 1197 τοσοῦτον
676 1172 740 1207 ἡμῖν
755 1172 920 1208 συγκατέόη,

134 1217 183 1242 καὶ
200 1215 284 1246 οὕτως
297 1215 348 1242 ὑπὸ
362 1215 412 1250 τῆς
426 1216 493 1248 ἰδίας
507 1216 710 1253 φιλανθρωπίας
722 1218 874 1254 κεκίνηται,
884 1218 922 1250 ὡς

139 1261 176 1296 μὴ
192 1261 226 1287 τὰ
241 1260 312 1287 κατά
326 1261 406 1296 νόμον
424 1261 513 1296 μόνον,
530 1261 597 1288 ἀλλὰ
611 1263 658 1289 καὶ
673 1264 788 1299 σταυρὸν
808 1265 854 1290 καὶ
873 1264 921 1292 θά-

135 1316 214 1334 νατον
228 1307 434 1339 καταδέξασθαι,
451 1307 494 1334 ἵνα
509 1309 575 1343 πρὸς
586 1309 681 1336 ἑαυτὸν
693 1310 765 1345 ἡμᾶς
775 1310 920 1346 ἀνελκύσῃ,

134 1353 211 1380 κάτω
228 1352 370 1387 κειμένους
385 1353 414 1378 ὲν
429 1353 467 1388 τῷ
486 1354 535 1388 τῆς
548 1354 729 1389 παραϐάσεως
744 1355 880 1390 πτώματι.

171 1398 198 1425 7.
228 1408 236 1424 I
256 1399 310 1425 Καὶ
332 1398 385 1425 ἰδοὺ
412 1397 456 1434 ἦν,
484 1399 575 1435 φησὶν,
601 1400 742 1436 ἄνθρωπος
773 1403 801 1428 ὲν
820 1402 922 1437 Ἰερου-

134 1443 237 1479 σαλὴμ,
256 1440 278 1478 ᾧ
297 1444 381 1479 ονομα
401 1444 523 1479 Συμεών·
543 1445 589 1471 καὶ
603 1446 617 1471 ὁ
630 1445 771 1481 ἄνθρωπος
789 1445 866 1480 οὗτος
884 1447 918 1473 δί-

969 213 1108 246 ascendat,
1128 214 1245 248 primum
1263 213 1372 249 quidem
1393 213 1560 247 comperitur
1579 221 1610 241 ea
1630 213 1749 245 ﬁrmare,

968 258 1003 286 iis
1020 258 1209 286 auctoritatem
1229 259 1359 294 praebere,
1376 266 1437 294 qua:
1451 259 1509 294 ipse
1523 259 1550 286 in
1566 259 1662 286 melius
1676 267 1751 287 com-

969 307 1124 330 mutaturus
1139 303 1265 330 accessit.
1283 302 1394 335 Deinde,
1411 303 1469 338 ipse
1485 311 1591 338 quoque
1609 311 1681 331 unus
1699 303 1752 330 erit

968 356 1001 375 ex
1026 349 1119 375 multis
1139 349 1185 383 qui
1207 348 1274 383 legis
1296 348 1440 376 maledicto
1469 349 1635 378 serviebant.
1660 349 1750 384 Ecqua

969 402 1033 430 ergo
1061 395 1166 422 ratione
1187 394 1289 422 Paulus
1308 395 1346 422 ait
1367 403 1374 422 :
1395 404 1404 420 ι
1425 394 1551 423 Christus
1567 403 1617 422 nos
1637 395 1752 422 redemit

969 448 1002 467 ex
1028 440 1173 467 maledicto
1201 440 1268 475 legis
1287 441 1333 467 “‘2
1354 450 1363 466 ι
1383 440 1481 468 Annon
1510 447 1560 475 pro
1586 447 1670 475 puero
1694 440 1752 467 hinc

969 485 1040 512 dicta
1056 486 1137 512 sunt?
1151 485 1220 516 Non,
1234 485 1304 513 dicet
1319 486 1434 520 ingenue
1448 486 1623 520 evangelista,
1639 485 1686 513 sed
1702 493 1752 520 pro

970 535 1057 558 matre
1075 532 1150 566 pueri
1171 532 1313 567 genitrice.
1332 532 1409 564 Quod
1424 539 1455 558 ex
1472 539 1554 566 supra
1568 532 1649 559 dictis
1663 532 1751 567 palam

969 577 1112 610 cst.Nam,
1132 587 1141 603 ‹
1160 583 1302 612 postquam
1327 577 1428 612 impleti
1455 581 1539 609 sunt,
1565 577 1671 612 inquit,
1694 577 1752 604 dies

970 624 1138 659 purgationis
1164 624 1241 658 ejus,
1268 624 1386 650 tulerunt
1406 631 1519 658 puerum
1539 623 1565 650 in
1584 622 1751 654 Jerusalem,

971 673 1000 695 ut
1018 670 1145 696 sisterent
1169 677 1229 695 eum
1254 668 1379 700 Domino,
1408 668 1479 695 sicut
1503 668 1635 702 scriptum
1656 673 1697 695 est
1723 669 1750 694 in

972 714 1028 748 lege
1041 713 1148 740 Domini
1166 723 1172 740 :
1194 723 1203 738 ι
1225 713 1276 740 hoc
1291 713 1326 740 de
1339 720 1423 748 puero
1440 722 1447 739 ε
1464 721 1474 738 ι
1496 718 1522 740 et
1546 718 1575 739 ut
1591 713 1687 740 darent
1705 713 1754 739 ho-

972 760 1062 790 stiam,
1082 759 1229 787 secundum
1244 758 1315 794 quod
1326 759 1428 786 dictum
1444 762 1486 786 est
1499 759 1525 785 in
1547 759 1604 794 lege
1626 758 1734 786 Domini
1745 779 1752 790 ,

972 812 1021 839 par
1044 808 1203 835 turturum,
1232 809 1277 831 aut
1299 803 1368 831 duos
1388 804 1476 840 pullos
1502 804 1689 831 columbarum
1708 813 1714 830 :
1742 813 1752 830 ι

971 850 1024 877 hoc
1046 851 1079 877 de
1096 849 1204 885 Virgine
1219 857 1250 876 ac
1264 850 1323 884 ejus
1344 858 1454 884 sponso.
1469 850 1546 883 Quod
1563 850 1587 877 si
1601 850 1634 877 de
1647 850 1751 877 infante

971 901 1078 929 quoque
1102 894 1238 926 dicantur,
1266 894 1332 920 nihil
1351 895 1510 922 absurdum.
1531 895 1582 928 Qui
1602 895 1674 922 enim
1698 902 1752 922 non

972 939 1136 974 dedignatus
1152 944 1194 967 est
1211 940 1360 967 secundum
1381 941 1466 975 legem
1489 940 1665 972 circumcidi,
1681 948 1752 975 quo-

971 986 1052 1013 modo
1069 986 1134 1021 legis
1147 986 1250 1014 hostias
1262 987 1434 1014 recusasset?
1447 986 1498 1019 Qui
1514 990 1618 1013 tantum
1633 986 1708 1013 abest
1725 989 1754 1012 ut

971 1040 1003 1059 ea
1026 1032 1146 1059 differret
1162 1037 1209 1059 aut
1229 1032 1430 1066 intermitteret,
1449 1037 1478 1059 ut
1501 1040 1535 1060 ne
1557 1031 1672 1059 Joannis
1693 1032 1752 1066 qui-

972 1079 1033 1106 dem
1055 1078 1192 1113 baptismo
1214 1079 1347 1114 baptizari
1375 1079 1525 1112 abnuerit;
1555 1079 1662 1106 etiamsi
1696 1079 1755 1112 ipse

973 1124 1092 1160 Baptista
1115 1132 1184 1159 opus
1206 1124 1318 1152 haberet
1336 1124 1371 1152 ab
1384 1132 1417 1151 eo
1434 1124 1576 1160 baptizari.
1596 1125 1634 1151 lta
1655 1124 1756 1151 nihilo-

971 1171 1066 1198 minus
1091 1178 1121 1198 se
1147 1171 1227 1198 nobis
1254 1170 1460 1206 attemperavit,
1485 1173 1566 1205 atque
1592 1174 1667 1197 tanta
1691 1178 1754 1205 erga

971 1224 1023 1244 nos
1043 1217 1186 1243 clementia
1205 1220 1346 1251 permotus
1365 1221 1424 1248 cst;
1446 1221 1476 1242 ut
1495 1223 1549 1243 non
1570 1217 1658 1243 solum
1680 1217 1754 1251 lega-

972 1263 1024 1295 lia,
1045 1262 1092 1290 sed
1119 1270 1229 1290 crucem
1258 1267 1341 1297 atque
1369 1265 1483 1288 mortem
1511 1261 1677 1293 sustinuerat,
1700 1269 1755 1296 quo

972 1317 1023 1337 nos
1043 1309 1150 1336 inferne
1171 1309 1198 1335 in
1221 1307 1449 1343 transgressionis
1472 1307 1553 1334 ruina
1569 1307 1708 1342 jacentes,
1722 1307 1754 1334 ad

972 1363 1002 1384 se
1013 1355 1194 1390 pertraheret.

1009 1401 1034 1428 7.
1054 1410 1062 1426 ι
1085 1400 1117 1427 Et
1134 1408 1215 1432 ecce,
1242 1400 1340 1435 inquit,
1367 1400 1449 1427 homo
1465 1403 1525 1427 erat
1543 1399 1571 1426 in
1591 1399 1754 1430 Jerusalem,

972 1447 1016 1474 cui
1036 1455 1134 1474 nomen
1151 1447 1268 1482 Symeon
1285 1456 1292 1474 :
1310 1450 1337 1474 et
1355 1446 1436 1474 homo
1450 1446 1501 1473 iste
1511 1446 1614 1481 justus,
1633 1449 1660 1473 et
1674 1446 1756 1472 timo-

134 1499 214 1522 )uto;
234 1491 280 1516 καὶ
303 1490 429 1525 εὺὶαόὴς,
449 1490 661 1527 προσδεχόμενος
682 1493 854 1529 παράκλησιν
875 1494 920 1520 τοῦ

973 1495 1049 1519 ratus
1071 1496 1234 1526 exspectans
1252 1491 1469 1518 consolationem
1491 1490 1574 1518 Israel
1594 1491 1627 1516 ".
1651 1499 1660 1516 ι
1688 1489 1756 1524 Quis

141 1535 259 1571 Ἰσραήλ.
278 1545 287 1561 ι
305 1535 351 1567 Τίς
375 1535 408 1562 ἂν
431 1535 576 1572 ἀξιώτερον
595 1537 702 1564 ἔπαινον
719 1538 773 1565 τῶν
790 1539 923 1574 βραχυτά-

134 1591 191 1608 των
207 1583 309 1609 τούτων
325 1583 454 1618 ῥημάτων
474 1583 512 1618 τῷ
529 1583 604 1620 ἀνδρὶ
620 1585 828 1620 προσκομίσειε;
842 1595 851 1611 ι
869 1587 923 1612 Καὶ

136 1627 192 1653 ἰδοὺ
212 1625 246 1662 ἦν
268 1627 421 1662 ἄνθρωπος’
440 1638 449 1654 ι
468 1629 610 1664 ἄνθρωπος
631 1630 661 1656 τὸ
681 1630 852 1666 φαινόμενον,
877 1631 923 1657 καὶ

135 1673 208 1708 ὑπὲρ
225 1672 368 1709 ἄνθρωπον
383 1674 413 1700 τὸ
427 1674 580 1710 νοούμενον·
594 1674 735 1710 ἅνθρωπος
752 1676 801 1711 τὴν
818 1677 921 1709 οὐσίαν,

136 1719 204 1746 ἀλλὰ
216 1719 263 1754 τὴν
277 1719 354 1753 ἀξίαν
369 1720 458 1759 πολλῷ
471 1720 510 1756 τῷ
523 1721 597 1756 μέσῳ
612 1721 664 1748 τῶν
678 1721 829 1758 ἀνθρώπων
842 1723 923 1759 ὑπερ-

135 1765 262 1799 κείμενος
273 1765 337 1800 (26)·
354 1766 403 1802 τὴν
417 1755 497 1801 ᾦύσιν
511 1755 663 1803 ἄνθρωπος,
680 1755 746 1794 άλλά
758 1768 806 1804 τὴν
823 1755 923 1805 ἀρετην

134 1811 261 1845 ἄγγελος.
290 1812 449 1848 Ἄνθρωπος
470 1813 598 1853 αἰσθητὸν
618 1813 668 1849 μὲν
693 1814 853 1850 ἐνδιαίτημα
875 1815 923 1851 τὴν

135 1859 212 1884 κάτω
238 1857 414 1895 Ἰερουσαλὴμ
436 1859 613 1895 κεκτημένος·
637 1860 730 1896 νοητὸν
750 1861 778 1887 δὲ
799 1861 848 1896 τὴν
868 1861 923 1888 ἅνω

141 1905 321 1940 Ἰερουσαλὴμ
335 1905 382 1940 τὴν
402 1905 578 1941 μητρόπολιν,
597 1915 606 1932 ι
623 1904 657 1942 ἦς
675 1908 798 1943 τεχνίτης
816 1907 862 1933 καὶ
878 1907 924 1942 δη-

137 1958 200 1986 μίου
206 1950 267 1985 ργὸς
277 1950 291 1975 ὁ
302 1949 377 1981 Θεός·
395 1960 404 1975 ι
419 1949 466 1976 ἀνθ
472 1959 561 1986 ρωπος
572 1950 726 1986 ἀνθρώποις
738 1951 787 1986 μὲν
796 1952 828 1986 τῇ
843 1952 924 1987 σαρκὶ

136 1995 434 2031 συναναστρεφόμενος,
456 1995 582 2030 ἀγγέλοις
598 1996 627 2022 δὲ
645 1996 684 2032 τῷ
703 1996 836 2032 πνεύματι
857 2005 925 2032 συμ-

136 2041 354 2076 πολιτευόμενος·
370 2041 468 2076 μᾶλλον
481 2041 509 2068 δὲ
524 2042 570 2068 καὶ
582 2041 636 2068 τῶν
650 2042 773 2077 ἀγγέλων
786 2043 799 2068 ὁ
811 2042 924 2078 Συμεὼν

135 2087 296 2123 ὑπέρτερος·
322 2087 399 2123 εἴπερ
421 2088 466 2114 τὸν
491 2088 605 2120 ἐκείνοις
623 2088 746 2121 ἀθέατον,
770 2087 846 2121 οὗτος
862 2090 924 2116 ἰδεῖν

136 2134 314 2169 κατηξῐωται·
328 2134 374 2160 καὶ
385 2134 435 2160 οὐκ
451 2133 513 2160 ἰδεῖν
528 2134 618 2170 μόνον,
632 2135 689 2161 ἀλλ’
701 2135 716 2161 ὃ
727 2135 820 2161 τούτου
833 2136 924 2170 μεῖζον

972 1538 1032 1564 viro
1057 1538 1205 1572 digniorem
1242 1537 1354 1571 laudem)
1375 1544 1454 1571 quam
1481 1544 1575 1572 ~pauca
1603 1535 1756 1564 istiusmodi

973 1584 1056 1611 verba
1075 1584 1294 1618 complectuntur
1313 1582 1410 1610 aﬂ‘crre
1429 1582 1536 1617 possit?
1556 1590 1566 1607 ι
1587 1580 1657 1608 Ecce
1674 1581 1756 1607 homo

973 1633 1053 1661 erat;
1081 1638 1091 1655 ›
1117 1628 1198 1654 homo
1224 1627 1367 1655 videbatur
1383 1632 1410 1654 et
1434 1635 1516 1662 supra
1539 1626 1676 1654 hominem
1694 1633 1757 1654 esse

973 1675 1186 1710 intelligebatur.
1217 1673 1303 1701 Homo
1333 1673 1507 1707 substantia;
1542 1673 1590 1701 sed
1623 1672 1757 1708 dignitate

973 1728 1072 1756 magno
1089 1721 1215 1748 homines
1235 1720 1379 1748 intervallo
1397 1719 1546 1754 superabat
1566 1726 1574 1745 :
1594 1721 1692 1746 natura
1707 1718 1755 1745 ho-

973 1772 1035 1796 mo,
1066 1765 1113 1792 sed
1150 1765 1252 1792 virtute
1285 1764 1408 1799 angelus.
1450 1763 1537 1790 Homo
1573 1763 1618 1790 cui
1646 1763 1754 1798 quidem

973 1810 1103 1838 sensibile
1120 1810 1304 1837 habitaculum
1315 1813 1374 1837 erat
1389 1809 1501 1836 inferior
1518 1809 1563 1836 illa
1579 1808 1729 1837 Jerusalem
1747 1816 1756 1841 ;

973 1857 1117 1892 spirituale
1142 1864 1224 1888 vero,
1256 1864 1374 1892 superna
1403 1855 1572 1888 Jerusalem,
1600 1855 1756 1890 Metropolis

973 1903 1037 1935 illa,
1060 1911 1070 1928 ‹
1093 1902 1174 1937 cujus
1192 1901 1288 1930 artifex
1312 1902 1492 1937 conditorque
1513 1901 1584 1930 Deus
1608 1901 1642 1929 ἰ.
1668 1911 1677 1927 ν
1700 1900 1756 1928 lio—

973 1957 1038 1981 mo,
1064 1949 1111 1984 qui
1137 1955 1219 1976 carne
1245 1955 1308 1976 cum
1332 1949 1489 1976 hominibus
1508 1956 1563 1975 una
1582 1947 1755 1979 versabatur,

974 1996 1071 2031 spiritu
1099 1999 1188 2023 autem
1218 2002 1279 2022 cum
1303 1994 1406 2030 angelis
1440 1993 1572 2029 degebat,
1603 1993 1658 2020 imo
1689 1992 1756 2028 ipsis

974 2042 1077 2077 angelis
1104 2041 1230 2077 superior
1259 2041 1377 2077 Symeon
1411 2048 1418 2066 :
1453 2039 1586 2074 siquidem
1619 2047 1682 2066 eum
1709 2039 1756 2073 qui

973 2087 1055 2123 359
1070 2086 1274 2121 inaspectabilis
1301 2085 1368 2121 ipsis
1387 2088 1439 2116 est,
1455 2085 1548 2112 videre
1567 2085 1665 2112 meruit
1681 2092 1688 2117 ;
1706 2090 1756 2111 nec

975 2133 1057 2161 modo
1073 2133 1176 2164 videre.
1193 2133 1240 2160 sed
1263 2133 1336 2167 quod
1355 2131 1529 2167 praestantius
1549 2138 1581 2157 ac
1604 2130 1756 2157 mirabilius

134 2179 170 2216 ἦν
185 2181 231 2207 καὶ
251 2175 480 2216 παραδοξότερον(
496 2181 543 2208 καὶ
562 2181 800 2215 ὲναγκαλίσασθαι.
821 2190 830 2207 ι
846 2182 920 2208 Καὶὶ

977 2184 1029 2212 est.
1050 2183 1077 2208 et
1100 2180 1171 2207 ulnis
1191 2179 1343 2213 suscipere.
1366 2187 1374 2202 ι
1396 2177 1428 2204 Et
1453 2177 1534 2203 homo
1557 2176 1601 2202 ille
1618 2175 1719 2210 justus,
1744 2185 1754 2202 ι

135 2225 279 2261 ἄνθρωπος
296 2222 372 2257 οὗτος
395 2225 506 2257 δίκαιος·
525 2236 533 2252 ι
558 2226 680 2252 ἀπεδίδου
696 2226 750 2262 γὰρ
767 2226 876 2261 ἑκάστῳ
892 2226 922 2252 τὸ

136 2273 197 2297 κατ’
214 2271 300 2303 ἀξίαν·
317 2272 356 2306 τῷ
372 2272 420 2306 μὲν
440 2271 510 2306 λόγῳ
524 2271 554 2297 τὸ
571 2271 605 2298 τὰ
622 2271 681 2298 θεῖα
698 2272 744 2298 καὶ
761 2272 860 2298 ἐννοεῖν
876 2271 922 2298 καὶ

135 2316 301 2351 λογίζεσθαι·
325 2317 356 2343 τὸ
381 2316 591 2352 αἰχμαλωτίζειν
621 2317 674 2343 πᾶν
697 2317 785 2352 νόημα
809 2318 848 2348 εἰς
873 2316 921 2352 τὴν

136 2363 261 2398 ὑπακοὴν
275 2363 330 2398 (27)
348 2363 394 2390 τοῦ
406 2362 534 2398 Χριστοῦ·
546 2362 575 2388 τὸ
591 2362 628 2398 μὴ
641 2363 785 2398 ἐπανιστᾷν
801 2362 849 2397 τὴν
864 2362 922 2389 κτί-

137 2419 181 2437 σιν
197 2409 235 2445 τῷ
244 2409 358 2444 Κτίστῃ,
374 2409 444 2436 κατά
456 2410 518 2441 τοὺς
534 2409 662 2445 ἄφρονας·
675 2409 704 2435 τὸ
718 2409 799 2444 μηδὲν
812 2407 864 2441 ἔξω
876 2409 924 2444 τῆς

137 2457 213 2488 θείας
231 2455 300 2484 εἶναι
321 2457 449 2492 προνοίας
465 2457 675 2492 ὑπολαμϐάνειν·
694 2456 725 2483 τὸ
743 2457 786 2482 διὰ
801 2456 855 2483 τῶν
869 2456 924 2491 (‘28)

137 2502 296 2537 κτισμάτων
308 2502 445 2536 ἀναλόγως
458 2501 504 2528 τὸν
514 2502 703 2537 Γενεσιουργδν
719 2503 826 2528 ἐννοεῖν·
840 2502 879 2537 τῷ
893 2502 922 2528 δὲ

136 2547 216 2583 θυμῷ
232 2547 368 2583 τὴν,κατά
382 2547 428 2574 τοῦ
450 2547 538 2583 ὄφεως
557 2548 719 2583 αὐστηρίαν.
742 2547 772 2574 τὸ
788 2548 857 2574 κατὰ
872 2548 922 2583 τῆς

973 2227 1073 2262 cuique
1090 2227 1162 2254 enim
1180 2234 1229 2260 pro
1246 2226 1309 2260 jure
1326 2231 1352 2252 et
1367 2223 1524 2251 conditione
1539 2222 1686 2250 tribuebat.
1701 2221 1758 2248 Ra-

973 2273 1040 2300 tioni
1060 2272 1183 2308 quidem,
1202 2275 1231 2298 ut
1246 2272 1336 2298 divina
1351 2271 1482 2304 cogitaret
1504 2276 1536 2296 ac
1553 2268 1730 2295 meditaretur
1747 2278 1754 2296 :

975 2323 1003 2344 ut
1027 2325 1137 2345 sensum
1160 2324 1268 2343 omnctn
1288 2317 1437 2350 captivarel
1454 2316 1482 2342 in
1503 2314 1663 2348 obsequium
1680 2313 1758 2340 Chri-

974 2365 1009 2392 sti
1027 2365 1049 2380 ”
1067 2372 1074 2390 :
1090 2368 1120 2390 ut
1140 2371 1184 2394 ne,
1206 2363 1394 2398 insipientium
1416 2369 1501 2393 more,
1523 2365 1648 2388 creatura
1665 2359 1757 2386 insur-

975 2414 1049 2445 geret
1061 2410 1088 2436 in
1101 2409 1258 2436 Creatorem
1276 2418 1282 2435 :
1298 2412 1326 2435 ut
1343 2416 1374 2434 ne
1390 2407 1455 2442 quid
1471 2412 1547 2434 extra
1560 2406 1678 2433 divinam
1696 2413 1757 2433 esse

975 2455 1174 2490 providentiam
1211 2453 1382 2481 existimaret
1415 2461 1421 2479 :
1454 2456 1484 2478 ut
1516 2459 1548 2479 ex
1580 2451 1758 2486 proportione

975 2499 1092 2535 quadam
1113 2507 1161 2535 per
1179 2503 1282 2530 creata,
1303 2499 1461 2526 Creatorem
1481 2497 1643 2532 intelligeret
1658 2497 1691 2524 ".
1709 2496 1757 2523 Inc

974 2551 1063 2573 autem
1076 2565 1084 2578 ,
1101 2546 1287 2573 austeritatem
1303 2545 1330 2572 in
1346 2548 1498 2579 serpentem
1509 2564 1516 2576 ,
1543 2542 1712 2571 severitatem
1730 2542 1757 2570 in

173 2625 196 2640 "
217 2625 304 2652 Galat.
322 2633 372 2657 ιιι,
390 2625 433 2653 15.
470 2625 494 2642 ’³
511 2624 576 2653 Luc.
596 2633 633 2658 ll,
650 2625 695 2653 25,
733 2625 756 2640 ’⁸
775 2625 856 2652 Hebr.
875 2632 919 2656 ιι,

975 2645 981 2651 .
1020 2624 1041 2640 ’⁸
1061 2622 1082 2649 ll
1098 2623 1162 2650 Cor.
1181 2631 1214 2655 ι,
1231 2623 1257 2650 5.
1296 2623 1319 2638 "
1339 2621 1416 2650 Rom.
1435 2630 1460 2655 I,
1477 2621 1522 2649 20.

174 2717 230 2749 (24)
246 2716 312 2752 Reg.
323 2716 350 2747 2.
367 2716 451 2751 δηλοῖ.

176 2753 231 2785 125)
250 2750 297 2788 Sic
311 2752 376 2788 Reg.
394 2750 424 2781 2.
440 2751 533 2786 probe.
545 2751 579 2788 At
591 2750 709 2788 Regni,
725 2753 882 2788 μνήστορος.

176 2787 231 2821 (‘26)
254 2787 318 2821 Reg.
347 2786 376 2823 2,
402 2786 641 2823 ὑπερεκκείμενος.
666 2786 755 2819 infra,
771 2786 920 2823 ἀνθρωττοι

176 2795 231 2821 (:0)
254 2795 318 2821 neg.
347 2795 376 2818 κ,
402 2795 549 2822 υπερεκκει
573 2795 641 2817 ενος.
667 2795 675 2813 ι

141 2828 204 2851 ante
219 2823 345 2858 αἰσθητόν
356 2822 384 2850 in
396 2822 454 2850 solo
467 2821 532 2857 Reg.
545 2795 572 2848 ἕ.
577 2825 675 2850 exstat.

1009 2717 1065 2752 (‘37)
1082 2717 1119 2744 Ita
1132 2717 1198 2752 Reg.
1212 2717 1230 2744 2
1240 2721 1267 2744 οι
1282 2716 1314 2744 G.
1328 2717 1475 2753 Scriptura:
1487 2721 1586 2744 textus.
1601 2715 1632 2742 Β.
1653 2717 1675 2748 Ι,
1692 2719 1759 2744 ὑπο-

973 2753 1069 2786 ταγήν.

1012 2788 1066 2822 (‘28)
1082 2786 1150 2822 Reg.
1165 2787 1192 2819 ‘2,
1208 2787 1238 2814 τὸ
1254 2788 1286 2814 ἐκ
1299 2786 1362 2814 τῶν.
