1940 3067
139 89 194 117 985

673 87 817 116 HOMILIA
837 87 869 115 IN
889 87 1079 116 OCCURSUM
1100 89 1230 117 DOMINI.

1720 88 1774 118 986

141 146 189 178 τοι,
203 146 284 182 γέρον
300 145 371 180 φίλε,
388 146 431 173 ἵνα
448 145 502 173 τῶν
518 146 602 173 πάλαι
611 155 653 173 σοι
667 146 931 182 κεχρηματισμένων

985 147 1048 174 olim
1073 148 1247 176 oraculorum
1271 152 1399 175 eventum
1418 147 1523 184 liquido
1542 147 1708 183 conspicias.
1723 156 1774 174 no-

139 192 289 228 θαυμάτων
304 191 354 223 τὰς
369 192 497 224 ἐκϐάσεις
519 193 641 228 ἐναργῶς
655 193 771 228 κατόψῃ,
797 193 844 219 καὶ
863 192 934 227 γνῷς

139 239 204 264 οἴων
232 238 403 273 πραγμάτων
430 238 535 274 μύστης
552 238 728 274 ὲταμιεύθης,
740 239 799 270 οἵας
809 238 933 270 εὐκλείας

139 283 216 318 παρὰ
234 284 297 315 τοὺς
323 284 418 316 ἄλλους
438 284 601 320 τετύχηκας.
630 284 725 320 Δεῦρο,
740 284 789 316 τὰς
808 284 934 316 ἐκϐάσεις

137 329 189 364 τῆς
206 329 291 364 καλῆς
305 329 359 365 (3‘2)
376 330 477 365 ἀρετῆς
494 329 667 364 ἀναλάμϐανε
679 338 685 344 ”
704 329 750 356 καὶ
771 330 788 356 ἆ
803 330 934 365 πρότερον

139 375 154 401 ὁ
169 374 286 408 θεόπτης
300 374 434 409 αἰσθητῶς
456 374 504 409 μὲν
515 376 547 410 τῇ
561 375 648 410 πέτρᾳ.
659 376 691 410 τῇ
704 375 734 401 ἐν
745 375 820 405 Σινᾶ,
832 375 934 410 νοητῶς

140 422 171 448 δὲ
184 424 217 458 τῇ
234 423 298 459 περὶ
311 423 356 450 τὸν
367 424 431 450 Θεὸν
445 425 562 460 ἁρραγεῐ
576 424 741 455 σκεπασθεὶς
752 424 842 450 πίστει
858 425 934 459 μόλις

141 469 180 498 ὡς
190 469 235 496 διά
248 479 319 502 τινος
336 471 416 506 ὀπῆς,
442 471 492 506 τῆς
504 472 638 506 ἁμυδρᾶς,
660 469 747 506 οἶμαι,
761 470 876 506 θεωρίας
888 471 934 498 καὶ

140 515 279 549 γνώσεως,
300 517 327 542 ἐν
346 516 477 542 ὀπισθίων
494 517 559 543 εἴδει
575 517 718 543 τεθέαται·
739 517 825 544 ταῦτα
838 517 870 543 σὺ
887 517 933 544 νῦν

139 560 263 595 ἐναργῶς
277 560 479 596 καταμάνθανε,
490 561 536 587 καὶ
552 561 698 596 μετὰϐαινε
715 561 805 588 λοιπον
821 561 874 588 ἀπὸ
889 560 942 588 to?»

140 606 256 633 θανάτου
284 607 331 633 τοῦ
360 609 388 634 ὲν
402 607 440 642 τῷ
458 607 563 642 σώματι
591 608 659 643 πρὸς
681 608 730 643 τὴν
751 608 823 643 ζωὴν
843 608 892 643 τὴν
901 602 934 634 ’ἐν

140 652 295 687 πνεύματι·
313 653 360 679 καὶ
374 653 418 679 τὸν
433 653 461 679 ἐν
479 650 754 688 γράμματινομον,ᾇι
764 653 851 685 καλῶς
865 653 933 687 ἄγαν

139 699 189 725 καὶ
212 698 342 733 θεοφιλῶς
371 699 591 734 ὲλειτουργήσας,
621 699 737 734 μετάθες
756 700 822 735 πρὸς
844 699 888 726 τὸν
905 700 933 725 ἐν

139 745 243 780 χάριτι.
274 745 426 780 Κέκμηκας
442 746 495 781 γὰρ
517 745 617 776 ἱκανῶς
639 745 687 780 ἤδη
708 747 764 776 τοῖς
777 745 872 776 τύποις
887 745 934 771 καὶ

138 791 201 821 ταῖς
218 791 322 821 σκιαῖς·
335 791 429 816 νεάσαι
452 798 481 816 σε
497 790 538 816 δεῖ
550 791 582 825 τῇ
597 790 710 826 ἀληθείᾳ
721 791 824 822 λοιπον,
843 791 884 817 ἵνα
899 790 934 817 τὰ

139 837 204 872 τέλη
218 837 271 864 τῶν
279 837 398 871 νομικῶν
409 845 553 872 παρατηρη
559 837 650 872 μάτων
662 837 717 872 (55)
729 837 799 874 ἀρχή
813 845 853 864 σοι
866 837 933 873 πρὸς

139 883 176 910 τὰ
193 884 243 918 τῆς
259 884 369 918 χάριτος
387 884 545 919 χρηματίσῃ
561 883 726 918 διδάγματα.

178 929 221 956 10.
239 930 331 956 Ταῦτα
343 930 412 956 κατὰ
432 929 462 955 τὸ
483 929 575 964 νοητὸν
593 928 638 961 οὖς
655 930 668 956 ὁ
683 930 753 961 θεῖος
775 926 851 961 οὗτος
868 938 934 964 πρε-

141 974 244 1010 σϐύτης
259 975 377 1006 ἀκούσας
391 975 465 1010 παρὰ
475 974 521 1000 τοῦ
535 974 703 1010 Πνεύματος,
711 976 798 1010 χαρᾶς
806 976 873 1007 ὅλως
887 976 934 1002 καὶ

140 1020 310 1056 εὐφροσύνης
337 1019 531 1055 πεπλήρωται·
558 1020 606 1046 καὶ
634 1018 689 1046 οἷον
710 1020 803 1051 ἔνθους
822 1020 875 1046 ὑπὸ
885 1020 932 1046 τοῦ

140 1065 262 1100 θάμϐους
289 1065 442 1100 γενόμενος,
473 1065 572 1092 οὑτωσί
598 1074 656 1098 πως
682 1065 721 1101 τῷ
750 1066 933 1101 διαλεγομένῳ

141 1111 400 1147 προσαντημείϐετο·
430 1112 485 1137 Καὶ
516 1109 596 1147 ἦλθεν
622 1113 722 1144 ἐκεῖνα,
756 1112 930 1148 Παρακλητε,

140 1159 214 1194 ἅπερ
239 1159 293 1193 ἐγὼ
323 1159 472 1186 θεάσασθαι
500 1159 742 1195 κεχρημάτισμαις
759 1158 826 1192 ὅλως
850 1159 932 1196 ἦλθεν

141 1205 243 1235 ἐκεῖνα.
266 1205 338 1240 ἆπερ
365 1205 427 1231 ἰδεῖν
448 1204 503 1239 ἐγὼ
525 1205 600 1240 παρὰ.
621 1205 667 1232 σοῦ
690 1207 930 1242 προεπήγγελμαι;

141 1250 192 1282 Δὸς
219 1250 361 1286 τοιγαροῦν
388 1250 426 1285 τῷ
458 1251 529 1287 γήρᾳ
557 1253 652 1287 χεῖρα,
673 1252 846 1287 Παράκλητε,
876 1253 930 1282 δός.

147 1297 262 1328 ’Υπόθες
279 1306 322 1332 μοι
341 1297 390 1332 τὴν
412 1297 489 1332 παρὰ
512 1296 559 1323 σοῦ
582 1297 680 1332 χάριν,
699 1297 809 1330 ὑπόθες.
831 1298 866 1325 Τὸ
878 1299 932 1334 γὰρ

141 1343 223 1377 σῶμα
241 1351 285 1376 μοι
304 1342 443 1377 κέκμηκεν
457 1342 519 1377 ήδη,
536 1343 582 1369 καὶ¹
601 1342 719 1377 βαδίζειν
731 1343 785 1378 (54,-
801 1343 930 1375 ἐξατονεί.

140 1389 281 1416 Βάστασον
295 1389 386 1420 αὐτὸς.
400 1386 421 1415 ὦ
442 1389 523 1422 φύσις
550 1389 701 1424 παντουργὲ
721 1389 766 1415 καὶ
795 1390 931 1424 ἁκάματε,

142 1433 278 1471 βαστασόν
307 1442 339 1468 με
367 1433 412 1459 τὸν
440 1433 550 1468 ἀσθενῆ,
578 1434 624 1459 τὸν
647 1434 771 1468 γέροντα,
790 1435 836 1460 καὶ
865 1435 932 1470 πρὸς

985 192 1112 228 verisque
1133 194 1244 228 quantis
1269 194 1352 221 rebus
1373 194 1522 221 initiandus
1539 197 1694 223 reservatus
1723 193 1772 223 sis.

985 243 1115 273 quantam
1142 248 1197 274 pra:
1215 240 1413 275 aliis-gloriam
1434 240 1473 268 sis
1495 244 1669 267 consecutus.
1694 238 1774 268 Veni,

985 286 1122 320 prteclara:
1145 286 1256 314 virtutis
1272 291 1326 314 tuae
1349 292 1476 314 eventum
1497 287 1615 321 percipe.
1645 286 1684 313 Ac
1714 293 1775 320 quze

985 332 1050 358 olim
1071 332 1115 359 ille
1140 332 1187 360 Dei
1210 333 1359 367 inspector,
1386 334 1551 361 sensibiliter
1568 333 1675 367 quidem
1698 337 1774 367 petra

985 377 1085 404 montis
1100 377 1186 406 Siuai.
1203 378 1383 412 spiritualiter
1407 382 1497 405 autem
1515 377 1631 405 infracta
1647 385 1695 405 sua
1711 384 1774 411 erga

985 421 1068 449 Deum
1095 423 1146 450 [ide
1169 424 1310 456 obtectus,
1330 423 1375 450 vix
1402 424 1480 458 quasi
1507 432 1555 459 per
1582 424 1703 450 foramen
1726 423 1775 450 ob-

985 475 1083 499 srurm,
1103 469 1211 502 opinor.
1233 469 1429 502 speeulationis
1443 474 1525 504 atque
1542 470 1708 504 cognitionis
1726 476 1776 504 po-

986 514 1131 540 steriorum
1159 515 1250 549 specie
1275 515 1342 541 Vidit
1368 515 1407 547 ";
1428 523 1458 542 ea
1480 519 1508 543 tu
1526 518 1605 542 modo
1633 516 1776 550 perspicue

984 559 1104 591 ediscas,
1127 564 1209 594 atque
1229 561 1339 587 demum
1361 565 1486 588 transeas
1502 570 1515 588 ιι
1532 562 1668 596 corporali
1689 565 1777 588 morte

985 605 1018 632 ad
1045 605 1128 632 vitam
1156 606 1325 641 spiritualem
1344 616 1349 632 :
1370 614 1401 633 ac
1431 607 1515 641 legem
1545 615 1605 642 qua:
1636 607 1662 633 in
1688 607 1776 634 littera

985 652 1037 678 sita
1060 657 1110 682 est.
1141 654 1186 679 cui
1211 653 1295 688 probe
1325 653 1471 680 admodum
1498 661 1530 679 ae.
1554 653 1681 688 religioso
1712 661 1776 688 erga

984 696 1068 724 Deum
1099 697 1195 725 aﬂ'eetu
1214 699 1387 730 tniuistrasti,
1421 703 1559 725 commuta
1577 700 1602 726 in
1631 707 1689 726 eam
1715 708 1777 735 quae

984 744 1066 779 360
1080 750 1121 772 est
1136 745 1162 772 in
1179 745 1277 780 gratia.
1306 745 1420 772 Multum
1437 753 1553 779 namque
1569 746 1596 772 in
1622 745 1716 780 ﬁguris
1737 751 1777 773 at-

986 798 1037 824 que
1054 791 1158 818 umbris
1172 791 1313 818 laborasti.
1331 790 1391 817 Jam
1409 795 1435 817 te
1446 795 1552 825 oportet
1572 792 1598 818 in
1612 792 1778 826 veritaleju-

985 835 1044 862 nior
1064 835 1148 867 ellici,
1175 840 1204 863 ut
1220 836 1346 871 legalium
1369 836 1593 863 Observationum
1618 836 1697 868 lines,
1723 838 1777 864 iui-

983 882 1052 908 tium
1076 882 1124 908 tibi
1143 881 1198 909 sint.
1220 882 1252 908 ad
1268 884 1363 916 gratim
1377 882 1551 909 documenta.

1019 928 1062 955 10.
1081 928 1129 955 His
1153 928 1314 962 intelligibili
1336 935 1401 955 aure
1426 936 1440 954 a
1462 927 1563 963 Spiritu
1579 929 1691 960 auditis.
1708 929 1777 956 divi-

983 983 1035 1002 nus
1055 983 1137 1002 senex
1162 975 1261 1010 gaudio
1284 975 1363 1010 plane
1382 979 1464 1010 atque
1480 976 1572 1002 laetitia
1590 976 1709 1010 repletus
1723 979 1776 1008 est,

984 1029 1015 1048 ac
1038 1025 1149 1056 stupore
1181 1021 1260 1056 (ιιιαεί
1292 1022 1438 1053 attonitus,
1467 1022 1628 1056 alllaltlsque
1648 1021 1775 1053 Numine,

984 1067 1040 1095 hinc
1052 1067 1112 1094 fere
1127 1067 1301 1102 cmnpellanti
1319 1068 1441 1102 reposuit
1459 1077 1466 1094 :
1485 1068 1600 1102 Ergone,
1627 1067 1775 1098 Paraclete.

983 1117 1116 1140 venerunt
1137 1114 1192 1145 illa,
1208 1121 1268 1148 quae
1279 1113 1401 1141 visurum
1417 1121 1459 1140 me
1475 1113 1590 1140 oraculo
1606 1113 1720 1148 acrcpi?
1735 1113 1776 1140 An

983 1159 1063 1194 plane
1079 1162 1211 1186 venerunt
1228 1158 1273 1185 illa
1298 1166 1358 1193 quae
1373 1166 1415 1186 me
1427 1163 1641 1193 consperturum
1661 1158 1776 1193 pollice-

983 1205 1068 1232 bare?
1083 1204 1190 1231 Manum
1207 1205 1339 1231 senectuti
1358 1205 1475 1239 porrige,
1491 1204 1641 1235 Paraelete,
1658 1204 1774 1239 porrige,

982 1251 1104 1285 inquam.
1123 1251 1243 1277 Gratiam
1262 1258 1385 1286 suppoue
1408 1255 1500 1283 tuam;
1521 1258 1654 1285 suppone,
1671 1258 1773 1285 quaeso.

982 1297 1120 1324 Caducum
1146 1304 1246 1332 corpus
1272 1305 1360 1323 memu
1384 1297 1511 1324 incedch
1536 1297 1582 1323 vix
1607 1300 1706 1331 potest.
1734 1295 1776 1323 Tu

982 1348 1098 1377 gestato,
1125 1350 1226 1377 qua'so.
1241 1350 1258 1368 ο
1274 1347 1372 1368 natura
1399 1343 1520 1368 omnium
1538 1341 1628 1376 opifex
1650 1345 1675 1369 et
1698 1341 1775 1368 inde-

984 1389 1066 1419 fessa,
1083 1393 1188 1424 gestata
1203 1395 1245 1415 me
1269 1388 1445 1418 imbecillum,
1463 1395 1566 1420 senem,
1585 1391 1612 1415 et
1626 1395 1708 1422 quant
1729 1395 1776 1414 ce-

984 1435 1092 1462 lerrime
1118 1443 1150 1462 e0
1168 1435 1308 1462 adducito.
1329 1433 1394 1460 Nam
1409 1434 1430 1462 si
1444 1435 1559 1469 pedibus
1574 1434 1641 1461 meis
1658 1434 1709 1460 iter
1726 1441 1774 1469 ag-

140 1481 232 1506 ὲκεῖνα
261 1480 292 1505 τὸ
318 1480 400 1514 τάχος
421 1479 558 1513 ἀπάγαγε.
580 1478 642 1505 Ἐὰν
659 1480 713 1515 γὰρ
730 1480 835 1515 θελήσω
856 1481 931 1507 ποσὶν

984 1481 1092 1516 grediar
1107 1501 1113 1512 ,
1136 1480 1162 1507 in
1179 1481 1221 1507 via
1245 1480 1406 1510 cnnctalmr.
1427 1480 1471 1506 illa
1490 1480 1597 1507 interim
1616 1480 1774 1511 abscedent,

139 1525 250 1557 οἰκείοις
281 1525 348 1560 προς
376 1525 479 1558 βάδισιν
501 1525 664 1560 χρήσασθαι,
691 1525 808 1561 χρονίζω
825 1527 934 1558 πάντως

140 1573 169 1597 ὲν
184 1573 217 1606 τῇ
229 1570 291 1606 ὁδῷ,
306 1572 418 1597 κάκεῖνα
442 1571 619 1607 παρέρχεται,
637 1572 684 1598 καὶ
698 1572 728 1598 οὺ
746 1571 840 1607 θεωρῶ
853 1573 932 1600 αὐτά.

140 1617 196 1643 Καὶ
213 1617 239 1642 οἵ
257 1625 302 1651 μοι
318 1616 369 1642 τῶν
384 1615 564 1652 σκυθρωπῶν,
575 1618 598 1642 εἰ
612 1616 685 1648 ξένος
706 1617 808 1644 τούτων
819 1620 933 1654 γενήσο-

142 1672 202 1700 μαι,
217 1660 253 1690 ὧν
267 1663 315 1694 τὰς
330 1663 465 1698 ἐμφάσεις
484 1663 540 1697 (55)
556 1663 697 1698 πόρρωθεν
715 1663 810 1690 ἔλαϐον
823 1665 828 1690 l
851 1665 933 1693 Οὔπω

139 1710 226 1736 ταῦτα
239 1709 308 1735 κατὰ
324 1709 386 1735 νοῦν
401 1710 414 1735 ὁ
431 1709 587 1744 πρεσϐύτης
600 1708 802 1741 ἀνετυπώσατο,
818 1711 864 1737 καὶ
874 1713 933 1744 ταῖς

139 1755 186 1782 τοῦ
205 1755 256 1781 νεὼ
268 1755 365 1786 πύλαις
381 1755 477 1781 θᾶττον
491 1755 506 1790 ἢ
524 1754 603 1788 λόγος
620 1755 795 1790 παρίσταται.
816 1765 825 1781 ι
846 1755 933 1784 Ἶὶλθε

138 1802 194 1836 γὰρ
209 1802 236 1828 ἐν
253 1801 291 1836 τῷ
309 1800 457 1836 Πνεύματι,
477 1800 570 1835 φησιν,
597 1800 625 1826 ἐν
644 1799 682 1834 τῷ
699 1800 772 1835 ἱερῷ.
787 1810 796 1825 ι
814 1801 930 1838 Τοιαύτη

987 1534 1038 1554 nec
1064 1526 1223 1560 conspicere
1249 1525 1342 1552 licebit
1365 1525 1441 1552 mihi.
1476 1526 1514 1551 Ac
1541 1533 1581 1552 va:
1599 1525 1675 1558 mihi,
1694 1533 1775 1559 quam

987 1573 1065 1600 triste
1088 1572 1163 1603 illud,
1177 1572 1199 1598 si
1225 1572 1257 1598 iis
1283 1572 1420 1606 privabor,
1435 1580 1551 1606 quorum
1569 1571 1673 1606 jamdiu
1692 1572 1776 1598 visio-

987 1626 1035 1645 nes
1051 1617 1155 1651 accepi.
1189 1616 1251 1644 llzcc
1268 1617 1378 1643 vixdum
1397 1625 1480 1643 senex
1498 1617 1589 1643 animo
1600 1620 1773 1650 conceperat,

984 1669 1068 1699 atque
1084 1664 1116 1690 ad
1136 1664 1227 1698 templi
1245 1663 1318 1691 fores
1330 1664 1412 1691 citius
1428 1664 1502 1690 dicto
1518 1664 1626 1691 sistitur
1640 1673 1646 1690 :
1666 1673 1675 1689 ι
1694 1663 1775 1691 Venit

984 1711 1073 1742 enim,
1098 1710 1201 1744 inquit.
1229 1710 1256 1736 in
1276 1709 1417 1743 Spirituin
1430 1710 1571 1744 templum.
1585 1720 1593 1735 ι
1611 1709 1774 1743 Huiusmodi

983 1760 1026 1783 est
1052 1755 1124 1783 enim
1142 1755 1229 1782 virttis
1249 1754 1378 1789 Spiritus.
1400 1759 1429 1781 ut
1444 1755 1480 1782 sit
1498 1755 1534 1782 illi
1551 1756 1677 1783 voluntas
1693 1763 1773 1790 opus,

983 1807 1009 1830 et
1031 1810 1075 1830 res
1095 1802 1161 1837 ipsa:
1188 1802 1335 1836 cogitatum
1352 1801 1567 1836 subsequantur.

138 1849 223 1885 γὰρὴ
255 1849 301 1875 τοῦ
326 1848 484 1884 Πνεύματος
509 1847 632 1884 δύναμις,
655 1849 734 1883 ἔργον
749 1849 807 1884 ⁴τὴν
835 1849 962 1886 βούλησιν
982 1852 1091 1887 ἔχουσα,
1116 1851 1163 1877 καὶ
1194 1851 1228 1886 τῇ
1265 1850 1390 1886 βουλήσει
1423 1850 1706 1887 συμπαρομαρτοῦντα
1737 1849 1774 1877 τὰ

138 1895 289 1931 πράγματα
295 1916 300 1921 .

176 1953 219 1980 11.
241 1962 250 1978 ι
274 1953 328 1979 Καὶ
345 1953 372 1978 ἐν
386 1951 425 1987 τῷ
449 1952 570 1986 εἰσάγειν
590 1953 652 1984 τοὺς
667 1954 755 1987 γονεῖς
775 1953 806 1979 τὸ
825 1955 931 1981 παιδίον

145 1999 258 2035 Ἰησοῦν,
275 1998 322 2025 τοῦ
337 1998 449 2032 ποιῆσαι
475 1998 546 2024 κατὰ
567 1997 598 2024 τὺ
615 1998 767 2033 εἰθισμένον
789 1999 835 2025 τοῦ
848 2000 931 2034 νόμου

138 2045 203 2080 περὶ
217 2044 311 2074 αὐτοῦ,
327 2044 373 2070 καὶ
391 2043 471 2075 αὐτὸς
485 2043 593 2075 ἐδέξατο
607 2044 673 2069 αὐτὸ
689 2044 729 2075 εἰς
744 2043 794 2075 τὰς
809 2044 932 2078 ἀγκάλας

137 2089 230 2116 αὑτοῦ.
245 2099 254 2114 ι
273 2087 349 2120 Εἶδες
360 2087 512 2123 ἀπαντησιν
528 2087 606 2123 ξένην
621 2088 668 2114 καὶ
687 2089 756 2124 ὑπὲρ
773 2089 930 2124 ἄνθρωπον;

137 2133 214 2165 Εἶδες
222 2135 384 2168 ἀπάντησιν,
393 2133 443 2159 οὐκ
451 2133 482 2159 ἐκ
489 2133 633 2168 συντυχίας
641 2134 722 2166 τινὸς,
734 2134 750 2170 ἦ
762 2134 931 2170 συνθήματος

136 2182 295 2217 γενομένην.
306 2181 361 2208 ἀλλ’
371 2183 403 2207 ὲκ
411 2182 598 2218 πνευματικῆς
606 2183 746 2218 ἐνεργείας
755 2184 801 2210 καὶ
809 2185 929 2219 χάριτος;

136 2228 202 2258 Καὶ,
211 2227 233 2254 ὣ
240 2227 286 2254 τοῦ
295 2227 432 2262 θαύματος
443 2228 448 2254 !
460 2227 521 2254 οὐδὲ
528 2228 625 2263 μικρόν
636 2238 661 2255 τι
673 2228 786 2264 θάτερος
799 2230 931 2266 προέλαϐε

136 2272 259 2308 θάτερον.
276 2272 331 2299 ἀλλ’
349 2272 417 2308 ὁμοῦ
427 2273 543 2308 Χριστός
553 2282 582 2299 τε
591 2274 637 2300 καὶ
644 2273 765 2310 Συμεὼν,
782 2276 795 2301 ὁ
814 2276 861 2310 μὲν
871 2277 930 2307 ταῖς

138 2321 284 2355 μητρικαῖς
297 2319 419 2351 ὠλέναις,
433 2321 447 2346 ὁ
459 2319 487 2345 δὲ
502 2319 541 2355 τῷ
560 2320 698 2354 Πνεύματι
713 2320 924 2355 βασταζόμενος,

135 2367 169 2401 τῇ
185 2365 231 2392 τοῦ
256 2365 328 2400 ἱεροῦ
347 2365 412 2400 φλιᾷ
434 2366 672 2401 παρειστήκεισαν.
696 2365 725 2392 '0
744 2366 794 2401 μὲν
808 2363 863 2399 οὖν,
877 2367 926 2402 τῆς

135 2411 203 2447 πρὸς
223 2412 275 2446 γῆν
303 2411 451 2443 ἁνανεὺσας
471 2411 632 2445 συγκύψεως
641 2420 647 2426 ·
658 2412 732 2438 κάτω
747 2411 800 2447 γὰρ
812 2410 845 2447 ἦν
856 2413 926 2444 τέως

136 2455 270 2482 συννεύων
283 2455 322 2490 τῷ
338 2457 411 2491 γήρᾳ.
426 2456 616 2491 καμπτόμενος
627 2464 634 2470 ·
651 2455 736 2492 βραχύ
752 2465 779 2482 τι
792 2456 830 2482 τὼ
850 2457 925 2488 πόδε,

136 2501 184 2536 τὴν
201 2501 349 2537 βακτηρίαν
366 2501 456 2537 ῥίψας,
475 2502 691 2537 ὲπιστηρίζεται,
708 2502 755 2528 καὶ
771 2503 819 2534 τὰς
833 2504 926 2538 χεῖρας

135 2547 268 2578 ἐκτείνας,
291 2546 345 2573 τῶν
370 2547 509 2583 μητρικῶν
532 2548 657 2581 ἀγκαλῶν
679 2548 771 2574 λαϐεῖν
799 2549 926 2583 ἐπειρᾶτο

133 2592 180 2619 τὸν
195 2592 368 2628 θεάνθρωπον
385 2594 495 2628 νήπιον·
517 2594 534 2629 ἡ
549 2594 577 2620 δὲ
605 2593 701 2630 μικρὸν
718 2594 767 2629 μὲν
793 2594 924 2630 ἐπέσχενι

170 2670 193 2687 ⁸·
214 2669 298 2697 Exod.
313 2677 417 2704 xum,
433 2670 479 2698 2L
517 2671 541 2687 "
560 2670 627 2699 Luc.
646 2679 684 2705 ιι,
702 2671 749 2700 27.

172 2758 227 2796 (ἓξ)
240 2759 333 2796 Καλῆς
345 2759 421 2796 deest
436 2760 462 2787 in
476 2759 543 2796 Reg.
559 2760 586 2788 Ξ.

172 2795 226 2830 (55)
243 2794 308 2831 Reg.
318 2794 346 2827 ‘2,
363 2795 416 2822 τῶν
430 2794 532 2831 νοητῶν
550 2804 617 2832 παρ.

1018 1954 1062 1981 Η.
1085 1963 1094 1980 ι
1115 1953 1148 1980 Et
1168 1961 1230 1980 cum
1256 1952 1418 1980 inducerent
1434 1960 1547 1987 puerum
1564 1951 1656 1980 Iesum
1673 1961 1772 1988 paren-

982 2007 1022 2030 tes
1037 2001 1107 2035 ejus,
1124 2004 1153 2027 ut
1170 2000 1291 2027 facerent
1315 1999 1466 2027 secundmn
1484 1999 1710 2027 consuetudinem
1734 2001 1769 2028 le-

980 2048 1022 2081 gis
1039 2055 1087 2082 pro
1108 2054 1161 2074 eo:
1177 2050 1204 2073 et
1222 2046 1279 2080 ipse
1298 2045 1404 2080 accepit
1417 2053 1478 2072 eum
1492 2046 1519 2072 in
1537 2046 1616 2073 ulnas
1632 2054 1697 2074 suas
1708 2047 1740 2073 ⁸³.
1758 2056 1768 2072 ι

985 2092 1113 2120 Vidistin’
1127 2100 1272 2119 occursum
1293 2091 1455 2122 mirabilem.
1472 2099 1503 2117 ac
1517 2099 1598 2126 supra
1613 2091 1772 2118 hominem?

982 2138 1110 2166 Vidistin‘
1123 2145 1279 2169 occursum,
1309 2144 1363 2163 non
1379 2143 1462 2163 causa
1478 2138 1524 2162 aut
1553 2136 1702 2162 constituto
1729 2135 1768 2162 fa-

948 2168 968 2194 Β
984 2188 1069 2216 ctum,
1083 2183 1128 2211 sed
1142 2192 1175 2210 ex
1193 2182 1329 2218 spirituali
1346 2183 1503 2217 operatione
1529 2185 1557 2208 et
1574 2181 1681 2216 gratia?
1697 2181 1739 2212 Et,
1755 2189 1771 2208 ο

984 2238 1028 2257 res
1047 2230 1124 2262 mira,
1149 2236 1184 2256 ne
1199 2228 1341 2255 minimum
1359 2227 1468 2262 quidem
1485 2227 1553 2253 alter
1566 2226 1680 2253 alterum
1700 2234 1772 2261 prat—

983 2276 1137 2310 occupavit,
1156 2274 1203 2302 sed
1220 2281 1274 2300 una
1300 2273 1425 2300 Christus
1439 2276 1465 2299 ct
1485 2272 1613 2308 Symeon.
1639 2273 1771 2300 maternis

978 2322 1024 2349 ille
1051 2322 1135 2353 ulnis,
1163 2320 1208 2347 hic
1236 2319 1340 2354 Spiritu
1359 2322 1492 2353 gestatus.
1515 2318 1548 2344 ad
1563 2318 1656 2352 templi
1677 2318 1770 2345 limina

978 2366 1059 2394 simul
1084 2368 1228 2393 steterunt.
1259 2363 1374 2398 Symeon
1408 2367 1498 2390 autem
1522 2370 1537 2389 a
1559 2363 1693 2390 curvitate
1720 2371 1770 2390 sua

979 2419 1079 2445 corpus
1101 2411 1209 2445 erigens
1223 2419 1230 2437 :
1247 2417 1309 2437 nam
1326 2417 1381 2444 pra:
1407 2413 1549 2436 senectute
1574 2415 1688 2443 corpore
1704 2417 1769 2436 cur-

980 2465 1031 2484 vus
1047 2464 1205 2491 pronusque
1227 2460 1296 2488 erat,
1313 2455 1419 2490 abjecto
1434 2455 1542 2486 baculo,
1561 2454 1673 2489 pedibus
1695 2455 1769 2482 brevi

977 2507 1099 2537 tetnpore
1129 2502 1243 2535 nititur,
1268 2502 1444 2536 cxtensisque
1469 2500 1606 2532 manibus,
1636 2500 1768 2528 infantem

976 2548 1060 2575 Deum
1078 2548 1215 2574 hominem
1236 2548 1366 2575 maternis
1390 2555 1424 2574 ex
1441 2546 1513 2574 ulnis
1534 2546 1659 2581 accipere
1683 2554 1767 2573 cona-

975 2594 1067 2622 batur.
1094 2593 1240 2620 Paululum
1273 2592 1359 2620 Mater
1383 2592 1518 2626 cohibuit,
1544 2591 1662 2620 necdum
1693 2592 1768 2622 enim

1014 2759 1069 2795 (54)
1085 2758 1151 2794 Reg.
1164 2759 1192 2795 :2,
1209 2757 1331 2795 βαι-ἔζων.

1007 2795 1062 2830 (55)
1083 2795 1149 2830 Reg.
1161 2794 1189 2827 2,
1203 2794 1251 2826 τὰς
1266 2794 1404 2830 ἐκϐάσεις.
