1940 3067
275 106 328 134 987

833 104 863 131 S.
884 103 1117 132 ATHANASIUS.
1139 119 1174 124 —
1193 102 1328 131 SPURIA.

1844 104 1890 132 988

274 166 348 194 clare
375 168 486 193 noverat
506 172 599 192 senem
624 165 651 192 in
677 165 779 200 Spiritu
810 164 838 192 in
862 165 992 200 templum
1017 171 1043 191 ac

1094 165 1144 193 λοῦ
1169 164 1224 199 γάρ
1249 173 1292 190 πω
1313 164 1405 198 σαφῶς
1434 163 1491 199 ᾔδει
1516 163 1566 199 τὴν
1587 163 1615 189 ἐν
1633 164 1767 199 Πνεύματι
1785 164 1849 200 πρὸς
1865 165 1891 191 τὸ

273 211 391 238 venisse.
414 209 488 241 Post,
506 213 536 236 ut
553 210 674 236 divinum
694 210 762 237 vidit
779 209 920 240 infantem.
939 209 965 236 in
990 209 1062 236 ulnis

274 256 472 283 subsultantem
487 255 545 282 suis
559 274 566 287 ,
593 260 675 290 atque
690 255 718 282 in
734 256 809 283 illius
835 255 940 282 insilire
964 262 1062 282 manus

272 303 493 333 contendentem,
514 302 606 329 statim
617 303 758 337 cognoscit
776 302 830 329 vim
855 302 976 338 mysterii
1003 310 1062 329 ma-

272 354 378 382 "usque
398 348 547 382 porrigenti
577 350 634 375 seni
660 349 745 375 tradit
767 349 854 375 illum.
879 349 990 384 Accipe,
1005 349 1061 375 cla-

273 400 363 424 mans,
378 393 460 419 homo
474 394 720 426 venerabilissime,
736 403 797 422 eum
813 396 858 429 qui
875 395 902 421 in
917 399 954 427 te,
973 395 1060 429 magis

269 447 351 473 quam
371 440 397 466 in
424 448 466 467 me
495 448 674 475 puerperam,
695 441 798 468 iusiiirc
819 440 950 468 festinat:
968 443 1060 475 accipe

270 485 346 510 illum
363 485 409 519 qui
436 489 462 512 te
487 485 572 520 magis
600 494 681 520 quam
707 486 806 521 Josepli
826 487 926 521 expetit
943 495 949 513 ι
966 486 1059 521 accipe

268 530 344 556 illum
363 531 408 565 qui
432 532 560 558 amicitia:
580 536 632 558 tuae
652 540 733 558 suum
752 540 815 567 erga
831 541 874 559 me
891 532 1000 560 Matrem
1016 532 1057 558 af-

269 576 369 602 fectum
391 577 554 610 posthabere
581 577 689 604 videtur
704 586 710 604 :
728 578 836 611 accipe,
851 585 882 604 ac
897 585 913 604 a
933 582 959 604 te
984 577 1057 604 desi-

267 622 361 649 derato
381 624 513 650 arbitratu
537 628 583 650 tuo
608 623 706 650 fruere.
733 623 794 650 Haec
818 623 942 658 Deipara,
967 631 1000 650 ac
1027 624 1055 651 in

267 668 342 694 senis
358 668 482 696 manibus
499 668 583 695 filium
600 669 715 703 reponit.
743 668 811 695 Tum
827 670 871 696 ille
882 689 889 701 ,
905 677 986 704 quam
1010 677 1056 697 ce-

267 712 378 740 lerrime
403 714 533 741 inclinato
561 715 589 742 in
613 723 726 749 puerum
744 716 830 747 vultu,
858 716 1000 750 oculisque
1026 716 1054 742 in

265 759 326 792 ejus
344 759 414 786 labia
438 760 552 787 intentis
569 770 576 788 :
595 761 638 789 bis
652 769 714 789 eum
739 761 823 788 ferme
847 761 960 789 vocibus
978 768 1054 788 com-

263 805 373 840 pellavit
388 815 394 832 :

298 936 342 964 12.
363 935 429 969 Quae
455 941 529 964 tanta
550 943 595 966 tua
618 939 676 967 haec
698 947 762 975 erga
782 948 832 968 nos
851 941 977 969 homines
996 942 1051 969 cle—

261 982 363 1008 mentia
381 987 409 1010 et
427 985 627 1018 attemperatio,
649 984 781 1014 Domine?
807 987 873 1020 Quae
892 992 974 1015 tanta:
1000 989 1051 1015 mi-

261 1029 409 1055 sorationis
425 1034 477 1056 tua:
496 1030 618 1058 divitiae?
643 1031 713 1064 Quid
733 1036 807 1059 tuam
828 1034 912 1060 movit
931 1034 1050 1062 clemen-

260 1075 338 1106 tiam,
369 1079 399 1102 ut
419 1084 469 1104 nos
489 1077 638 1105 vilissimos
657 1079 802 1106 visitares?
831 1078 923 1113 Ecqua
942 1081 1048 1107 ratione

260 1120 293 1147 ad
314 1129 364 1148 nos
380 1123 465 1153 venis,
484 1130 500 1149 ο
520 1123 636 1159 benigne
657 1131 690 1151 ac
706 1125 839 1152 honorum
858 1133 965 1159 amans,
995 1125 1048 1153 Do-

258 1168 351 1194 mine?
372 1168 414 1195 An
430 1169 572 1196 cherubim
593 1174 674 1205 atque
697 1171 833 1206 seraphim
857 1172 1047 1200 commovisti?

257 1212 298 1238 Au
329 1213 412 1240 alium
441 1222 549 1241 omnem
575 1215 727 1242 ecelestium
757 1221 883 1244 ornatum
912 1217 1047 1246 adducis?

257 1257 327 1285 Num
355 1269 365 1285 ‹
387 1261 534 1287 commotio
566 1261 690 1296 qumdam
711 1262 781 1289 facta
801 1267 863 1296 est,
891 1263 933 1290 vel
965 1263 1046 1298 spiri-

256 1308 302 1331 tus
320 1305 432 1339 grandis
449 1309 474 1332 et
495 1306 574 1334 fortis
593 1308 756 1335 subvertens
775 1312 883 1336 montes
902 1314 929 1336 et
949 1314 1044 1337 conte-

255 1357 320 1377 rens
340 1356 449 1384 petras;
479 1352 521 1378 vel
540 1353 610 1387 ignis
629 1352 708 1380 facile
733 1358 892 1387 exterrens,
912 1363 944 1382 ac
964 1364 1042 1384 acce-

255 1395 351 1424 dentes
370 1405 554 1430 consumens;
575 1399 616 1426 vel
636 1407 689 1426 vox
709 1407 782 1427 aurae
802 1401 892 1428 tenuis
902 1401 936 1433 “,
953 1411 963 1428 ι
984 1403 1043 1437 qui-

254 1443 306 1470 bus
325 1447 352 1471 te
370 1443 434 1470 olim
455 1443 591 1472 Thesbita:
609 1445 776 1473 exhibuisti?
790 1445 977 1482 Nequaquam,
999 1448 1042 1475 in-

253 1489 323 1523 quit,
343 1496 360 1516 ο
379 1497 461 1516 senex
481 1490 622 1525 sapientia:
641 1491 844 1520 studiosissime
860 1502 866 1519 :
881 1500 942 1520 cum
963 1494 1037 1521 nulla

252 1541 344 1561 rerum
364 1542 458 1562 earum
478 1536 556 1563 vobis
575 1544 702 1571 appareo.
723 1537 761 1564 Ea
780 1539 852 1564 enim
872 1546 969 1574 capere
992 1548 1040 1567 ne-

251 1581 311 1614 quit
329 1585 426 1608 natura
447 1583 570 1609 mortalis
600 1583 824 1619 materialisque;
850 1585 898 1612 sed
929 1593 1040 1613 carnem

252 1625 355 1656 ferens,
390 1626 521 1661 vobisque
553 1627 680 1655 similis:
708 1629 798 1656 infans
830 1633 860 1656 ut
891 1630 979 1662 vides,
1007 1638 1040 1658 ac

251 1671 385 1705 corporali
404 1676 507 1699 statura
532 1673 621 1701 adhuc
643 1675 771 1708 puerulus
797 1679 824 1703 et
842 1676 1037 1711 imperfectus:

250 1715 329 1751 361
340 1716 430 1744 infans
445 1717 532 1744 adhuc
546 1719 644 1753 pannis
657 1719 804 1751 involutus,
819 1725 941 1748 materna
950 1721 1038 1748 adhuc

250 1761 335 1788 ubera
360 1762 491 1790 ambabus
518 1765 724 1799 apprehendens
757 1766 882 1794 manibus
903 1777 909 1794 :
934 1767 1036 1799 infans,

249 1807 397 1834 obscurum
418 1808 521 1843 aliquid
541 1809 675 1838 hactenus
701 1811 842 1846 proferens
863 1812 1037 1840 intercisum-

248 1859 313 1886 que,
330 1853 365 1879 ob
378 1861 437 1880 eam
454 1862 534 1888 quam
554 1863 588 1882 ex
614 1855 698 1883 Maria
718 1858 822 1893 sumpsi
845 1866 954 1886 carnem
971 1868 978 1886 ε
993 1860 1036 1886 in-

248 1896 309 1925 fans
329 1906 408 1932 quem
428 1900 500 1927 ulnis
519 1902 718 1936 complecteris,
746 1905 792 1939 qui
813 1905 847 1932 ad
868 1910 982 1933 matrem
1008 1910 1036 1934 et

249 1943 334 1970 ubera
356 1945 485 1979 respicio.
515 1946 547 1972 Et
572 1947 630 1974 haec
652 1949 762 1983 quidem
781 1950 838 1984 jam
863 1952 972 1979 adsunt.
1001 1952 1036 1979 At

246 1987 320 2015 brevi
334 1993 427 2023 postea
442 1991 486 2018 ubi
500 1993 588 2019 aetatis
604 1993 774 2021 tricesimum
790 1995 906 2031 attigero
919 2005 1032 2030 annum,

247 2039 303 2060 'um
319 2034 433 2063 Joannis
448 2036 611 2071 baptismate
635 2039 814 2074 baptizandus
833 2050 904 2074 sum,
923 2044 1033 2071 traden-

245 2079 308 2109 dus,
326 2079 434 2106 vinctus
451 2080 484 2107 ad
501 2081 629 2119 Caipham
645 2084 831 2119 adducendus,
846 2089 1031 2124 exspuendus,

246 2124 368 2158 .maphis
383 2125 539 2158 caedendus,
555 2126 741 2162 flagellanduS.
754 2130 862 2158 demum
875 2133 1033 2168 cruciﬁgen-

244 2170 296 2197 dus
310 2178 342 2197 ac
355 2171 447 2198 lancea
463 2172 656 2206 perforandns.
672 2175 745 2202 velut
759 2181 883 2205 mortuus
899 2178 926 2205 in
940 2180 1031 2213 sepul-
1046 2190 1068 2220 ι)

243 2222 291 2242 ero
305 2215 490 2250 deponendus,
509 2217 638 2245 seductor
650 2219 799 2251 vocandus,
811 2220 937 2256 denique,
949 2222 1029 2257 quid-

242 2260 306 2294 quid
321 2260 446 2288 humaum
461 2263 599 2296 proprium
616 2269 720 2291 natura:
735 2265 826 2298 fuerit,
850 2267 963 2300 perinde
987 2272 1028 2295 at-

241 2313 294 2339 que
308 2313 371 2338 vos,
389 2312 485 2341 praaier
500 2314 640 2342 peccatum
655 2316 805 2338 assumam.
839 2311 893 2338 Ncc
908 2312 1026 2345 mireris,

241 2358 309 2378 neve
327 2351 506 2387 obstupescas
520 2354 623 2386 animo,
642 2360 688 2382 aut
701 2357 849 2390 percellare
865 2357 936 2385 :hoc
949 2366 1027 2385 nam-

239 2404 293 2430 que
309 2398 470 2432 mysterium
495 2403 536 2426 est
551 2407 565 2426 a
580 2401 688 2428 saeculis
703 2407 783 2436 atque
805 2404 1027 2437 generationibus

237 2443 385 2471 occultum.
407 2443 464 2472 Hoc
481 2453 607 2481 magnum
623 2451 665 2474 est
681 2446 770 2475 Patris
783 2449 925 2476 consilium
940 2459 948 2483 ;
969 2450 1026 2478 haec

238 2497 334 2523 magna
349 2489 408 2523 ejus
422 2490 603 2524 pl'azscientia.
616 2492 696 2527 cujus
711 2501 761 2528 ego
787 2495 900 2529 angelus
919 2503 933 2522 a
962 2503 1026 2530 pro-

236 2533 324 2567 phrtis
340 2533 386 2562 Dei
399 2535 490 2562 afflatu
506 2535 651 2570 praedictus
664 2545 724 2565 sum
735 2538 758 2554 ⁸⁵
768 2560 775 2567 .
796 2538 858 2566 Haec
874 2548 969 2576 magna
984 2546 1026 2569 est

273 2609 295 2625 “
316 2609 347 2637 lll
366 2611 432 2647 Reg.
449 2620 505 2644 nx,
525 2613 567 2640 15.
613 2614 636 2630 ⁸⁸
653 2614 705 2642 lsa.
724 2623 762 2649 Ix,
778 2615 814 2649 6;
830 2616 943 2645 Malaeh.
960 2625 1001 2649 ul,
1019 2618 1042 2645 l.

345 2703 385 2744 ita
400 2703 467 2744 Reg.
523 2705 639 2744 AtABcg:
655 2708 680 2740 Ι,
698 2709 812 2744 ἑωρᾶτο.

276 2738 330 2771 (5⁵1)
345 2738 411 2772 Reg.
428 2738 455 2770 ἓξ
473 2741 526 2767 τῶν
538 2738 670 2772 οὐρανῶν.

277 2773 333 2807 (38)
353 2775 416 2808 Reg.
429 2775 457 2806 2,
473 2777 520 2802 καὶ
533 2773 585 2808 πρδ
600 2777 703 2805 τούτου.

278 2808 334 2843 (39)
352 2808 417 2845 Reg.
435 2810 464 2840 ‘2.
479 2808 667 2840 πεοιτὲτεῦσαι.

1115 210 1186 245 ἱερὸν
1216 209 1261 236 τοῦ
1286 209 1414 244 γέροντος
1438 209 1544 243 ἄφιξιν·
1571 209 1665 236 ἔπειτα
1679 210 1713 242 δ’,
1735 210 1772 241 ὡς
1788 210 1817 236 τὸ
1828 210 1890 237 θεῖον

1113 255 1211 291 βρέφος
1220 257 1279 288 ταῖς
1294 255 1397 291 ταύτης
1411 255 1544 289 ἀγκάλαις
1560 255 1633 291 ἑώρα
1646 256 1700 291 (56)
1715 258 1890 293 περισκιρτῶν

1112 302 1158 328 καὶ
1174 301 1242 337 πρὸς
1264 301 1313 333 τὰς
1327 301 1430 327 ἐκείνου
1453 301 1582 336 παλάμας
1599 302 1806 337 παρεκπηδῆσαι
1826 303 1891 336 φιλο-

1111 347 1227 378 νεικοῦν,
1245 347 1341 373 eam
1355 355 1384 373 τε
1396 346 1525 381 γινώσκει
1539 347 1586 373 τοῦ
1597 347 1745 382 μυστηρίου
1758 347 1806 383 τὴν
1820 348 1890 375 δύνα-

1111 400 1156 426 μιν
1167 400 1173 406 ·
1191 393 1238 418 καὶ
1253 391 1291 427 τῷ
1306 391 1444 426 πρεσϐύτῃ
1466 391 1654 426 χειραπλοῦντι
1667 392 1746 418 τοῦτο
1765 401 1887 426 προσεπι-

1108 437 1206 464 δίδωσι’
1219 438 1308 470 Δέξαι,
1324 437 1424 472 βοῶσα,
1438 437 1609 474 γεραρώτερε
1622 437 1759 473 ἄνθρωπε,
1769 438 1814 464 τὸν
1829 439 1888 473 πρὸς

1109 482 1138 508 σὲ
1168 482 1267 516 μᾶλλον
1294 482 1311 517 ἢ
1328 482 1396 517 πρὸς
1415 483 1464 517 ἐμὲ
1481 483 1531 518 τὴν
1545 483 1676 509 τεκοῦσαν
1693 482 1740 509 νῦν
1754 485 1887 519 ἐπειγόμε-

1108 536 1151 553 νον
1164 536 1170 542 ·
1184 527 1257 559 δέξαι
1272 527 1317 553 τὸν
1332 528 1362 554 σὲ
1385 527 1518 554 ποθοῦντα
1537 527 1635 563 μᾶλλον
1650 528 1666 564 ἢ
1690 529 1804 564 Ἰωσήφ*
1820 529 1885 562 δέξαι

1106 573 1150 599 τὸν
1165 573 1294 609 δευτέραν
1304 573 1353 606 τῆς
1368 574 1417 609 σῆς
1430 574 1574 610 φιλίαςτὴν
1589 575 1657 610 arpi);
1669 575 1719 610 ἐμὲ
1727 576 1776 610 τὴν
1790 577 1884 611 μητέρα

1108 619 1234 655 στοργήν,
1250 620 1288 651 ὡς
1307 620 1390 652 ἔοικε,
1406 620 1577 655 λογιζόμενον
1587 629 1593 636 '
1609 621 1694 653 δέξαι,
1708 622 1766 653 καὶ,
1780 622 1816 654 ὡς
1829 622 1882 656 βού-

1106 664 1156 696 λει,
1170 665 1216 691 τοῦ
1230 665 1395 701 ποθουμένου
1411 666 1593 693 καταπὸλαυε.
1609 667 1702 693 Ταῦτα
1711 665 1786 693 εἶπεν
1800 667 1880 701 fleas-

1105 711 1192 742 τόκος,
1220 711 1266 738 καὶ
1293 713 1352 743 ταῖς
1372 712 1418 738 τοῦ
1439 712 1590 748 πρεσϐύτου
1614 713 1755 747 παλάμαις
1773 713 1816 739 τὸν
1834 714 1880 740 υἱὸν

1104 757 1267 793 ἐπιτίθησιν.
1292 758 1321 784 Ὀ
1338 758 1376 790 δὲ,
1398 758 1446 794 τὴν
1473 758 1543 793 ὄψιν,
1566 758 1603 790 ὡς
1622 756 1677 794 εἶχε
1700 759 1880 794 τάχος,τούτῳ

1105 804 1331 838 προσεπικλίνας,
1363 805 1410 831 καὶ
1434 805 1490 836 τοῖς
1526 804 1626 839 χείλεσι
1650 805 1748 831 τούτου
1772 814 1879 841 προσεπ-

1067 841 1088 868 B
1103 850 1211 884 ερεῐσας
1223 851 1256 877 τὰ
1272 850 1394 886 ὃμματα,
1406 849 1522 877 τοιαῖσδε
1537 858 1588 876 που
1614 852 1717 885 φωναῖς
1734 850 1800 886 πρὸς
1811 850 1879 877 αὐτὸν

1104 897 1278 930 ἀπεχρήσατο
1288 905 1293 910 ·

1138 942 1181 968 l2.
1191 942 1239 973 Τίς
1255 941 1399 977 ήτοσαῦτη
1415 941 1479 977 περὶ
1495 942 1568 976 ἡμᾶς
1582 949 1629 968 σοι)
1644 941 1829 977 φιλανθρωπία
1839 942 1877 968 καὶ

1101 987 1314 1020 σνγκατάϐασις,
1326 988 1465 1019 Δέσποτα;
1480 988 1528 1019 Τίς
1545 988 1558 1014 ὁ
1568 987 1694 1019 τοσοῦτος
1709 987 1822 1019 πλοῦτος
1836 987 1876 1022 τῆς

1099 1033 1300 1068 εὐσπλαγχνίας
1311 1042 1374 1065 σου;
1388 1034 1420 1060 Τί
1431 1034 1460 1060 τὸ
1473 1034 1586 1068 κινῆσαν
1597 1033 1645 1069 τὴν
1667 1035 1717 1070 σὴν
1734 1034 1875 1068 ἀγαοότητα

1097 1079 1161 1110 τοὺς
1178 1079 1321 1110 ταπεινοὺς
1343 1080 1416 1114 ἡμᾶς
1439 1079 1660 1114 ὲπισκέψασθαι;
1688 1080 1804 1115 Πότερον
1827 1079 1875 1110 πῶς

1098 1123 1163 1158 ἡμῖν
1171 1124 1257 1159 ἥκεις,
1271 1124 1442 1160 φιλάνθρωπε
1451 1124 1497 1151 καὶ
1513 1125 1644 1160 φιλάγαθε
1659 1125 1798 1157 Δέσποτα;
1812 1122 1874 1160 ’Δρά

1096 1175 1128 1200 γε
1152 1167 1186 1193 τὰ
1213 1169 1346 1204 χερουὸὶμ
1366 1169 1411 1195 καὶ
1428 1169 1462 1195 τὰ
1474 1170 1594 1205 σεραφὶμ
1611 1171 1789 1206 συγκινήσας,
1803 1170 1818 1205 ἢ
1834 1170 1874 1204 τὴν

1096 1211 1204 1238 ἃπασαν
1219 1213 1274 1239 τῶν
1289 1213 1422 1248 οὐρανίων
1437 1213 1493 1248 (57)
1505 1214 1686 1249 διακόσμησιν
1701 1215 1872 1250 ὲπαγόμενος;

1094 1255 1168 1292 ’Δρά
1182 1267 1213 1292 γε
1234 1268 1243 1284 ι
1261 1260 1424 1295 συσσεισμός
1443 1269 1485 1292 τις
1509 1260 1585 1296 ὢν,ῆ
1614 1261 1725 1297 πνεῦμα
1749 1262 1816 1297 μέγα
1835 1261 1873 1286 καὶ

1093 1305 1222 1340 κραταιὸν
1237 1305 1342 1332 διαλύον
1356 1306 1406 1341 ὅρη
1431 1307 1478 1333 καὶ
1505 1307 1644 1343 συντρίὸον
1664 1308 1778 1343 πέτρας,
1795 1307 1810 1342 ἤ
1826 1306 1872 1341 πῦρ

1093 1349 1237 1384 δειματοῦν
1264 1351 1364 1386 ῥαδίως
1388 1351 1434 1379 καὶ
1459 1353 1654 1379 καταναλίσκον
1668 1354 1733 1384 τοὺς
1753 1361 1872 1388 προστυγ-

1093 1396 1238 1430 χάνοντας”
1256 1396 1272 1432 ἢ
1297 1396 1372 1432 φωνὴ
1391 1397 1478 1432 αὔρας
1495 1398 1606 1433 λεπτῆς,
1624 1409 1633 1424 ι
1650 1395 1692 1431 οἷς
1703 1399 1749 1425 καὶ
1771 1398 1807 1433 τῷ
1822 1398 1868 1433 (58)

1092 1441 1207 1477 Θεσϐίτῃ
1223 1443 1334 1468 σεαυτὸν
1343 1443 1512 1477 ἑνεφάνισαςς
1523 1443 1571 1476 Οὔ,
1583 1445 1672 1479 φησὶν,
1685 1443 1707 1471 ὦ
1717 1445 1746 1478 γέ
1752 1453 1794 1479 ρον
1809 1444 1870 1478 φιλο-

1093 1486 1248 1521 σοφώτατε·
1265 1487 1352 1514 οὐδενὶ
1368 1487 1469 1514 τούτων
1482 1489 1544 1524 ὑμῖν
1568 1489 1763 1525 ὲμφανίζομαι.
1779 1489 1814 1515 Ui)
1824 1488 1868 1522 γὰρ

1054 1523 1074 1550 c
1091 1531 1144 1559 οἶδε
1156 1533 1242 1560 ταῦτα
1259 1535 1355 1569 χωρεῖν
1371 1535 1386 1570 ἡ
1399 1535 1478 1569 φύσις
1492 1537 1508 1570 ἡ
1523 1535 1606 1570 θνητή
1623 1545 1651 1562 τε
1669 1537 1717 1562 καὶ
1731 1535 1866 1572 πρόσνλος’

1089 1579 1157 1605 ἀλλὰ
1174 1580 1340 1616 σαρκοφόρος
1354 1589 1404 1612 τις,
1416 1581 1462 1608 καὶ
1478 1581 1542 1616 ὑμῖν
1554 1581 1757 1618 παραπλήσιος·
1773 1583 1865 1616 νήπιος.

1089 1624 1127 1656 ὡς
1141 1625 1216 1660 ὁρᾷς,
1234 1626 1280 1652 καὶ
1297 1626 1346 1662 τὴν
1363 1627 1522 1662 σωματικὴν
1541 1627 1649 1662 ἠλικίαν
1660 1628 1732 1660 τέως
1743 1627 1864 1664 βρεφοφα-

1089 1671 1137 1705 vi};
1154 1671 1199 1697 καὶ
1213 1671 1368 1703 ἀτέλεστος·
1389 1673 1486 1708 νήπιος
1500 1672 1539 1699 ἔτι
1555 1674 1726 1710 σπαργάνοις
1740 1681 1864 1710 περισςιγ-

1088 1717 1213 1751 γόμενος,
1229 1718 1268 1744 ἔτι
1282 1718 1335 1744 τῶν
1357 1719 1492 1754 μητρῴων
1514 1719 1606 1754 μαζῶν
1618 1721 1720 1755 ἀμφοῖν
1736 1720 1863 1756 περιδρασ-

1089 1763 1201 1798 σόμενος
1217 1765 1277 1790 ταῖν
1304 1766 1393 1799 χεροῖν
1404 1773 1410 1779 ·
1422 1766 1527 1799 νήπιος,
1542 1766 1648 1801 ἄσημόν
1662 1775 1691 1794 τι
1708 1767 1754 1794 καὶ
1765 1774 1860 1800 περικε-

1087 1810 1223 1844 κομμένον
1235 1809 1274 1836 ἐτι
1291 1810 1335 1836 διὰ
1347 1810 1397 1846 τὴν
1411 1811 1442 1837 ὲκ
1452 1811 1561 1846 Μαρίας
1575 1812 1663 1848 σάρκα
1677 1812 1858 1848 φθεγγόμενος·

1087 1855 1181 1889 νήπιος
1194 1855 1325 1888 ἀγκάλαις
1337 1856 1385 1891 μὲν
1396 1858 1455 1888 ταῖς
1469 1858 1528 1888 σαῖς
1552 1857 1737 1893 συνεχόμενος,
1755 1858 1858 1884 ἀποσκο-

1087 1901 1181 1927 πὼνδὲ
1195 1902 1262 1936 πρὸς
1274 1902 1322 1938 τὴν
1340 1902 1446 1938 μητέρα
1460 1904 1507 1930 καὶ
1524 1903 1569 1930 τὸν
1583 1904 1681 1939 μαζόν.
1697 1905 1749 1931 Καὶ
1765 1903 1808 1931 νῦν
1818 1901 1858 1937 μὲι

1085 1946 1186 1973 ταῦτα’
1203 1947 1300 1983 μικρὸν
1316 1948 1343 1975 δὲ
1355 1948 1477 1985 ὕστερον,
1490 1950 1551 1976 ὅσον
1566 1951 1713 1985 τριάκοντα
1728 1950 1772 1984 ἔτη
1793 1956 1857 1983 περι-

1086 1993 1200 2019 σπεῦσαι
1218 1993 1273 2028 (59)
1287 1994 1392 2029 χρόνον,
1417 1996 1500 2022 καὶτὸ
1517 1996 1639 2024 Ἰωάννου
1654 1996 1855 2032 βαπτισθήαομαι

1084 2037 1235 2073 βάπτισμα,
1244 2039 1289 2065 καὶ
1297 2039 1508 2075 προδοθήσομαι,
1515 2041 1561 2067 καὶ
1569 2042 1663 2077 δήμιος
1672 2042 1738 2078 πρὸς
1745 2040 1854 2073 Καϊάφαν

1083 2083 1247 2119 ὰχοήσομαι.
1273 2085 1320 2111 καὶ
1339 2085 1578 2122 ὲμπτυσθήσομαι,
1600 2088 1646 2114 καὶ
1676 2085 1853 2121 κολαφισοὴσο-

1084 2138 1132 2164 μαι
1150 2130 1216 2164 (40),
1237 2131 1518 2167 φραγγελωθήσομαι”
1533 2133 1609 2165 τέλος
1631 2133 1850 2170 σταυρωοήσομαιο

1083 2177 1128 2202 καὶ
1141 2175 1224 2213 λόγχῃ
1234 2177 1398 2212 νυγήσομαι,
1410 2179 1457 2205 καὶ
1469 2178 1546 2214 τάφῳ
1561 2180 1733 2216 νεκροςξανῶς
1744 2177 1850 2212 συγκλει-

1083 2221 1227 2257 σοήσομαι,
1245 2223 1290 2249 καὶ
1301 2223 1400 2255 πλάνος
1415 2224 1646 2260 ὀνομασθήσομαι,
1655 2227 1701 2253 καὶ
1716 2225 1765 2252 πᾶν
1773 2221 1848 2250 ὁτιοῦν

1081 2267 1113 2294 ἂν
1122 2267 1164 2303 εἴη
1176 2269 1224 2303 τῆς
1237 2268 1480 2304 ἁνθρωπίνηςῖδιον
1487 2270 1603 2304 φύσεως,
1614 2271 1793 2307 παραπλήσιον
1801 2265 1846 2302 (Η)

1081 2314 1155 2348 ὑμῖν,
1169 2314 1218 2349 τῆς
1240 2314 1378 2349 ἁμαρτίας
1394 2316 1488 2351 χωρὶς,
1505 2317 1736 2353 ἀναδέξομαι.Καὶ
1746 2315 1779 2351 μὴ
1791 2314 1845 2340 θαι--

1081 2359 1182 2395 μάσῃς,
1195 2359 1262 2394 μηδὲ
1275 2360 1321 2387 τὸν
1334 2360 1396 2387 νοῦν
1407 2362 1505 2397 ἐκστῇς
1516 2363 1562 2389 καὶ
1576 2364 1764 2398 καταπλαγῇς’
1779 2358 1842 2386 τοῦπ

1077 2405 1132 2440 γὰρ
1143 2405 1173 2431 τὸ
1190 2406 1336 2442 μυστήριον
1352 2407 1382 2433 τὸ
1404 2407 1647 2444 ἀποκεκρυμμένον
1669 2409 1721 2436 dub
1732 2407 1780 2434 τῶν
1790 2402 1842 2431 αἰώ-

1077 2459 1129 2476 νων
1150 2452 1197 2477 καὶ
1216 2451 1270 2477 ἀπὸ
1285 2452 1339 2478 τῶν
1363 2453 1464 2486 γενεῶν
1475 2461 1483 2468 ·
1500 2453 1606 2489 τοῦτοή
1628 2454 1729 2490 μεγάλη
1743 2451 1785 2478 τοῦ
1796 2450 1842 2477 Πα-

1075 2497 1139 2532 τρδς
1152 2496 1206 2532 (42)
1226 2497 1306 2532 βουλή
1322 2506 1352 2523 τε
1372 2499 1418 2524 καὶ
1433 2499 1449 2534 ἡ
1462 2499 1624 2534 πρόγνωσις,
1639 2498 1673 2536 ἦς
1681 2497 1785 2533 ἄγγελος
1795 2493 1840 2528 ἐγὼ

1075 2543 1131 2572 τοῖς
1148 2541 1289 2578 θεηγόροις
1315 2543 1535 2579 προηγόρευμαι·
1559 2545 1638 2572 τοῦτο
1657 2546 1672 2572 ὁ
1693 2544 1756 2580 πρὸς
1780 2539 1840 2575 ὖμᾶς

1262 2717 1290 2755 ξ,
1305 2718 1351 2743 καὶ
1368 2718 1582 2755 ραπισθήσομαι.

1183 2749 1250 2789 ltcg.
1265 2751 1294 2789 ᾖ,
1314 2749 1522 2789 παραπλησίὼς,

1109 2785 1165 2824 (ιε)
1182 2784 1247 2824 Reg.
1264 2787 1292 2817 ε.
1306 2784 1447 2816 τοῦ¹θεοῡζ
1463 2784 1524 2818 Mox
1541 2790 1622 2824 idem,
1641 2792 1694 2822 τοῖς
1712 2784 1832 2822 θεηγόροκ

1075 2821 1326 2857 προῦπηγόρευμαι.
