1940 3067
79 135 133 163 υδ9

611 126 754 155 ιιοΜιιιΑ
773 125 806 153 ΙΝ
825 124 1012 153 OCCllllSUM
1030 122 1157 151 DOMINI.

1655 116 1707 143 990
1732 107 1734 110 ‘

78 191 182 224 οἶκτος,
193 191 240 218 καὶ
250 190 281 217 τὺ
302 189 339 225 μὴ
353 187 494 224 βούλεσθαι
509 186 617 222 βλέπειν
631 185 680 220 τὴν
697 184 766 220 ἐμὴν
780 183 871 210 εἰκόνα

939 190 985 218 rga
1013 189 1061 209 vos
1086 177 1284 209 misericordia,
1313 176 1387 212 quod
1413 175 1496 203 nolim
1526 180 1612 201 meam
1638 173 1707 199 ima-

80 237 176 268 δεινῶς
189 235 452 271 ἀνδραποδιζομένην
468 234 523 265 τοῖς
536 232 644 267 δαίμοσι
654 240 660 246 ·
679 231 709 257 τὺ
726 231 762 266 μὴ
777 230 870 265 φέρειν

82 283 149 318 ὁρᾷν
163 283 207 309 τὸν
232 280 342 316 βασιλέα
357 280 406 315 τῆς
422 279 536 310 κτίσεως
557 277 649 309 κακῶς
659 278 692 312 τῇ
710 277 796 302 κτίσει
812 276 871 302 δου-

82 328 196 355 λεύοντα
208 336 214 342 ·
230 327 260 354 τὸ
279 327 315 362 μὴ
326 327 467 362 καρτερεῖν
481 325 592 360 θεωρεῖν
605 323 650 350 τὸν
658 322 813 357 ἀποστάτην
826 321 872 348 καὶ

82 373 258 408 ὑπερήφανον
297 370 344 396 τοῦ
377 369 444 404 ἐμοῦ
476 368 617 403 σφαλερῶς
641 366 873 401 κατεπαιρόμενον

84 420 256 453 πλάσματος.
283 416 378 442 Ταῦτά
399 423 432 450 με
448 414 501 441 τῶν
520 412 659 448 πατρικῶν
675 412 874 446 ἀνεκφοιτήτως

84 465 249 500 ἐξανέστησε
278 463 396 494 κόλπων,
429 460 477 486 καὶ
502 459 539 491 ὡς
560 459 632 494 ὑμᾶς
650 457 696 492 τὴν
713 456 756 483 διὰ
774 456 874 491 σαρκὸς

85 511 200 547 πορείαν
220 508 381 544 ποιήσασθαι
395 506 528 541 πεποίηκε
539 514 545 520 ·
559 504 646 531 ταῦτά
665 511 697 538 με
715 501 875 536 γεννηθῆναι

86 559 133 584 καὶ
145 556 287 591 νηπιάσαι,
300 555 346 581 καὶ
356 553 394 588 τῷ
408 551 472 587 ἱερῷ
484 550 667 586 παραστῆναι,
683 549 728 575 καὶ
741 550 800 579 ταῖς
817 548 875 577 σαῖς

86 603 219 637 ἀγκάλαις
234 600 411 635 ἀνακλιθῆναι
431 598 590 631 πεποίηκεν.
612 596 647 621 Οὺ
660 595 713 630 γὰρ
738 592 771 629 ἦν
790 593 876 624 ἄλλως

87 651 133 677 τὸν
144 649 273 685 τύραννον
283 646 472 682 δεσμευθῆναι.
488 646 534 671 καὶ
547 644 579 670 τὰ
599 642 692 669 τούτου
706 641 792 675 σκεύη
802 640 877 674 διαρ-

89 695 239 729 πασθῆναι,
265 694 288 719 εί
316 692 352 727 μὴ
371 690 566 727 παραπλησίως
587 689 649 723 ὑμῖν
674 687 722 721 τῆς
741 685 877 721 ἁμαρτίας

90 742 175 777 χωρὶς
191 739 347 774 κοινωνήσω
365 738 413 772 τῆς
434 736 656 771 ἀνθρωπὸτητος·
674 734 723 759 οὐκ
737 731 769 767 ἦν
791 731 877 762 ἄλλως

91 788 145 815 τῶν
168 786 341 813 πολυπλόκων
355 783 402 810 τοῦ
419 783 481 819 ᾅδου
499 782 607 818 ἀρκύων
621 780 665 806 τὸν
682 778 766 813 Ἀδὰμ
777 777 878 811 ὰναθῆ-

89 842 146 865 ναι,
163 834 209 859 καὶ
226 832 275 867 τὴν
297 830 408 866 πρώτην
431 829 595 855 κατάστασιν
614 824 811 860 ἀπολήψεσθαι..
832 822 879 849 καὶ

91 879 122 905 τὸ
139 862 199 905 δλον
220 862 284 903 Θεδν
298 862 391 902 τοῦτον
412 874 548 908 γενέσθαι,
571 873 594 898 εἰ
612 872 647 907 μὴ
660 870 714 904 ἐγὼ
738 869 880 903 ἄνθρωπος
899 862 919 889 Β

91 923 226 958 γένωμαι,
243 921 289 948 καὶ
300 922 349 956 τῆς
364 919 448 954 αὐτῆς
463 918 537 953 αὐτῷ
554 916 708 950 κοινωνήσω
728 914 774 940 καὶ
789 913 881 943 οὐσίας

93 970 141 997 καὶ
157 968 274 1004 φύσεως.

130 1015 175 1041 15.
196 1013 290 1040 Τοίνυν
307 1011 356 1043 τὰς
378 1011 427 1046 τῆς
444 1009 673 1045 ὲνανθρωπήσεως
690 1015 740 1041 της
754 1005 824 1041 ἐμῆς
842 1004 883 1030 αἰ-

94 1060 156 1091 τίας
175 1058 279 1094 μαθὼν,
297 1057 391 1085 ἄπιθι·
408 1056 455 1083 καὶ
473 1054 641 1090 σκυθρωπῶς
656 1054 684 1080 ὲν
700 1046 755 1084 τοῖς
769 1053 807 1082 εἰς
821 1050 883 1086 ᾅδου

92 1105 135 1141 τῷ
152 1105 243 1140 Ἀδὰμ
268 1103 434 1139 διατρίϐοντι,
453 1099 662 1136 φαιδροπρεπῶς
685 1097 882 1134 ἑμφανίσθητιδ

97 1152 144 1179 καὶ
159 1151 218 1178 ἀντὶ
231 1150 286 1176 τῶν
299 1151 327 1175 ἐν
343 1148 442 1179 λύπαις
456 1147 557 1173 ὠδίνων
573 1146 606 1172 τὰ
618 1145 668 1179 τῆς
681 1145 767 1179 χαρᾶς
781 1144 814 1178 τῇ
828 1141 885 1178 Εὕα

96 1198 255 1232 διακόμισον
275 1194 436 1229 εὐαγγέλια·
468 1192 560 1224 Ἢκει,
584 1191 680 1225 λέγων,
702 1190 884 1225 ἡλύτριιισις⁸

97 1244 159 1278 ἥκει
172 1244 186 1268 6
201 1242 300 1277 ῥύστης
315 1249 320 1255 ·
344 1241 406 1275 ἥκει
421 1239 437 1274 ἡ
453 1237 548 1271 ἄφεσις
560 1246 566 1252 ⁸
580 1237 642 1272 ἥκει
660 1237 674 1262 6
691 1234 884 1270 ἐλευθερωτής.

98 1288 203 1323 Μηκέτι
219 1287 322 1322 θρήνει,
338 1284 417 1319 φύσις
441 1284 455 1318 ἡ
471 1281 643 1317 ἀνθρωπεία·
660 1280 719 1315 ἥξει
735 1280 790 1314 γὰρ
808 1279 822 1304 6
838 1278 886 1304 ἀν-

99 1333 275 1368 τιληψόμενος
296 1330 382 1366 ὑμῶν,
398 1328 458 1364 ἣξει
470 1328 516 1354 καὶ
532 1328 562 1354 οὐ
584 1327 693 1362 χρονιεῖ.
713 1325 819 1351 Τούτων
833 1323 888 1350 τοί-

100 1388 147 1406 νυν
162 1379 215 1405 τῶν
230 1378 307 1404 θείων
322 1375 416 1410 φωνῶν
432 1373 501 1401 κατὰ
524 1373 555 1399 τὺ
577 1372 669 1408 νοερὸν
688 1369 733 1402 οὖς
758 1372 772 1397 6
794 1370 888 1404 Ἀὃρα-

103 1426 192 1460 μιαῖος
207 1424 309 1453 ἐκεῖνος
323 1419 442 1451 ἀκούσας
456 1418 619 1454 πρεσϐύτης,
633 1417 680 1443 τοῦ
691 1417 783 1451 γήρως
794 1415 888 1449 ὥσπερ

101 1459 130 1495 ἑν
146 1468 214 1503 λήθῃ
234 1466 387 1501 γενόμενος,
405 1464 501 1491 θᾶττον
525 1462 647 1498 ἀνέθορε,
666 1461 713 1487 καὶ
737 1459 889 1496 προθυμίας

100 1516 160 1546 ὅλος
178 1513 317 1548 πλησθεὶς,
327 1509 500 1546 γεγωνοτάτῃ
515 1509 601 1543 φωνῇ·
615 1517 623 1532 t
635 1505 782 1542 Ὶσχύσατε,
795 1505 887 1540 φησὶν,

101 1560 241 1595 ἀνειμέναι
263 1559 360 1593 χεῖρες,
386 1555 527 1591 ἰσχύσατε»
545 1554 646 1588 γόνατα
666 1551 886 1587 παραλελυμένα,

102 1604 290 1641 ἁνορθώθητεν
312 1613 321 1629 ι
337 1603 439 1637 κνῆμαι
455 1599 692 1635 συντετριμμέναι,
709 1596 887 1633 κρατυνθῆτε,

103 1653 156 1682 ἵνα,
175 1651 223 1686 τὴν
243 1651 282 1681 εἰς
301 1648 364 1684 ᾃδου
384 1647 496 1683 πορείαν
516 1642 667 1676 εὐθυὸόλως
683 1643 826 1674 ἀνύσασαι,
842 1651 890 1677 τη-

102 1697 233 1724 λικούτων
254 1693 363 1728 ἀγαθῶν
378 1692 487 1726 ἄγγελοι
509 1690 696 1727 χρηματίσητε
718 1690 774 1720 τοῖς
791 1687 890 1722 προγό-

106 1751 167 1774 νοις.
186 1739 242 1768 Εἶθ’
259 1740 295 1771 ὡς
310 1737 365 1774 εἶχε
378 1738 476 1772 τάχους
491 1736 557 1773 πρὸς
571 1735 600 1762 τὸ
621 1735 690 1761 θεῖον
715 1733 890 1769 ἐπιστραφεὶς

105 1789 214 1824 βρέφος·
224 1797 232 1812 ι
246 1785 300 1812 Νῦν
311 1783 447 1815 ἀπολύεις,
456 1782 518 1818 ἔφη,
531 1781 576 1808 τὸν
587 1781 678 1808 δοῦλόν
692 1789 749 1811 σου,
759 1780 890 1810 Δέσποτα,

105 1834 176 1862 κατὰ
188 1833 218 1860 τὺ
233 1832 307 1868 ῥῆμά
329 1839 374 1857 σου
390 1831 419 1856 ὲν
441 1829 552 1864 εἰρήνῃ·
568 1828 609 1854 ὃτι
629 1825 698 1854 εἶδον
711 1828 735 1853 οἱ
755 1825 888 1861 ὀφθαλμοί

107 1890 157 1916 μου
173 1879 203 1906 τὸ
221 1878 351 1913 σωτήριόν
374 1884 419 1902 σου
432 1884 438 1890 ·
457 1875 471 1901 ὃ
487 1874 637 1910 ἡτοίμασας
654 1872 723 1899 κατὰ
747 1872 891 1908 πρόσωπον

105 1927 214 1952 πάντων
228 1924 281 1950 τῶν
295 1922 367 1949 λαῶν
378 1932 386 1937 ·
408 1921 465 1956 φῶς
484 1920 523 1951 είς
545 1919 715 1953 ἀποκάλυψιν
737 1918 832 1949 ἐθνῶν,
846 1916 892 1943 καὶ

105 1972 183 2005 δόξαν
207 1969 253 1996 τοῦ
278 1968 342 1994 λαοῦ
369 1975 415 1993 σου
444 1965 559 2001 Ἰσραήλ.
582 1975 591 1990 ι
612 1965 645 1990 Ὢ
665 1965 714 1999 τῆς
729 1963 848 1995 ζέσεωςῑ
871 1960 893 1988 ὣ

105 2019 155 2052 τῆς
183 2013 363 2051 θερμότητοςι
399 2011 506 2046 Ἐπειδὴ
532 2019 584 2043 σοι,
603 2010 695 2045 φησὶν,
714 2007 736 2035 ὦ
761 2009 892 2040 Δέσποτα,

106 2062 193 2089 ταῦτα
208 2060 291 2092 ἔδοξε,
310 2059 356 2086 καὶ
377 2057 485 2092 ἐλεῆσαι
498 2056 529 2082 τὸ
550 2055 595 2082 σὺν
613 2056 664 2082 ὑπὸ
681 2056 728 2090 τῆς
744 2055 811 2086 ιδίας
834 2053 895 2088 φιλ-

107 2107 264 2142 ανθρωπίας
278 2105 418 2139 κεκίνησαι
433 2103 553 2137 πλάσμα,
566 2101 622 2135 ἐγώ
646 2109 675 2127 τε
686 2100 749 2136 περὶ
760 2100 809 2131 τὰς
821 2100 896 2126 ἐλπί-

107 2153 156 2183 δας
167 2152 217 2178 οὐκ
234 2150 368 2185 ἐψεύσθην
385 2148 452 2184 (45),
466 2147 513 2174 καὶ
525 2148 540 2174 ὁ
551 2146 598 2173 τοῦ
613 2146 685 2172 θείου
707 2145 895 2180 χρηματισμὸς

107 2191 267 2232 Πνεύματος
284 2193 514 2231 ἁπαραχάρακτος
530 2191 636 2227 ἔμεινεν
646 2198 653 2205 °
668 2191 801 2218 ἀπόλυσόν
818 2199 851 2226 με
867 2190 897 2217 τὸ

107 2244 207 2278 τάχος·
225 2241 368 2273 ἀπόλυσον,
383 2239 488 2273 δέομαι.
504 2238 549 2272 Μή
566 2245 599 2273 με
620 2237 737 2272 κατέχῃς
753 2236 798 2263 ἐπὶ
817 2235 895 2268 πολὺ,

108 2290 248 2316 Δέσποτα·
268 2287 304 2322 μὴ
329 2285 450 2321 βραδύνω
464 2283 551 2311 ταῦτα
564 2285 620 2314 τοῖς
632 2283 777 2318 γενάρχαις
794 2283 896 2309 ἀποκο-

111 2334 233 2372 μίσαιτὰ
248 2332 381 2369 χαροποιέι
392 2330 553 2364 εὐαγγέλια·
565 2330 602 2365 μὴ
617 2329 740 2365 προλάϐῃ
756 2328 791 2355 τὰ
810 2328 896 2364 βρέφη

113 2390 157 2417 με,
172 2380 303 2409 Δέσποτα,
319 2378 337 2405 ἃ
347 2377 390 2404 διὰ
405 2377 434 2403 σὲ
449 2376 494 2403 τὸν
515 2374 584 2411 πρὸς
607 2374 726 2410 Ἡρώδου
746 2374 825 2408 φόνον
847 2374 897 2401 ὑπ-

111 2428 212 2462 έμεινε.
230 2424 324 2460 Νηπιὰ
345 2425 396 2450 εισι
411 2423 457 2450 καὶ
471 2421 558 2457 γοργὰ
576 2421 623 2447 καὶ
637 2420 766 2455 εὐκίνητοι
778 2427 786 2434 ·
801 2418 856 2453 ἐγὼ
868 2418 897 2445 δὲ

110 2473 200 2508 γέρων
213 2471 260 2498 καὶ
283 2469 383 2506 βραδὺς
400 2469 447 2496 καὶ
462 2467 636 2502 δυσκίνητος·
656 2464 707 2493 ’καὶ
721 2465 827 2492 δέδοικα
843 2465 896 2501 μή-

111 2526 175 2547 που,
188 2516 334 2551 ταχύτερον
346 2514 535 2550 προδραμόντα
552 2521 602 2547 μου
619 2512 752 2547 μεγίστων
767 2510 837 2538 οὕτω
852 2512 899 2538 καὶ

110 2561 247 2598 λαμπρῶν
269 2560 377 2595 ἀγαθῶν
395 2559 504 2594 ἄγγελοι
526 2560 582 2590 τοῖς
604 2558 651 2585 τοῦ
674 2557 770 2592 γένους
791 2557 898 2592 προπά-

111 2617 188 2644 τορσι
206 2607 337 2642 γένωνται
361 2606 426 2641 (44).
445 2605 523 2632 Οὕτω
540 2604 590 2640 μὲν
613 2601 660 2631 οὖν
681 2604 696 2630 6
719 2603 790 2634 θεῖος
816 2601 900 2633 ὅντως

112 2653 192 2688 ἀνὴρ,
213 2654 259 2679 καὶ
273 2653 322 2688 τῆς
341 2651 457 2688 Χριστοῦ
474 2650 626 2686 παρουσίας
639 2649 796 2686 διαπρύσιος
813 2648 900 2683 κήρυξ

113 2699 323 2735 εὐχαριστήσας,
339 2698 418 2724 τοῦτο
431 2698 486 2733 γὰρ
499 2697 529 2724 τὸ
542 2697 587 2723 τὸν
603 2696 669 2723 Θεὸν
690 2695 835 2731 εὐλογῆσαι
855 2695 901 2730 δη-

152 2777 174 2792 “
192 2777 234 2804 Cf.
252 2777 304 2805 lsa.
322 2785 402 2808 xxxv,
423 2776 449 2802 5.
488 2775 509 2790 ⁸⁷
529 2774 595 2802 Luc.
615 2782 650 2807 ιι,
668 2774 712 2802 ‘29.

155 2852 210 2889 (43)
228 2853 291 2889 Reg.
304 2853 332 2887 9,
346 2855 374 2881 οὐ
386 2853 555 2889 διεψεύσθην.

923 230 1012 266 ginem
1030 227 1189 263 conspicere
1211 224 1403 252 miserabiliter
1423 231 1438 250 a
1463 221 1631 250 dmmonibus
1648 220 1709 246 vin-

924 265 995 303 ctam
1010 285 1016 302 :
1031 274 1103 309 quod
1123 281 1176 300 non
1193 272 1276 299 feram
1291 270 1391 306 Regem
1405 272 1536 296 creaturae
1552 265 1711 301 conspicere

925 321 976 357 ipsi
1000 325 1132 348 creatura:
1147 319 1245 346 misere
1268 318 1430 345 servientem
1444 324 1450 341 :
1466 313 1538 349 qnod
1556 321 1610 339 non
1627 311 1712 339 susti-

925 375 1004 394 neam
1020 370 1169 401 apostatam
1189 364 1264 390 illum
1275 367 1356 397 atque
1370 361 1517 395 superbum
1536 365 1646 386 cernere
1663 356 1712 383 ad-

926 421 1023 440 versus
1038 411 1174 446 opiﬁcium
1191 417 1280 436 meum
1301 407 1414 435 subdole
1429 406 1625 439 insurgentem.
1649 402 1711 428 Ha‘c

928 468 971 487 me
989 467 1022 486 ex
1041 462 1154 493 paterno
1173 457 1235 484 sinu
1252 455 1415 484 excitarunt.
1432 452 1494 479 licet
1511 450 1574 478 inde
1599 449 1710 476 minime

928 505 1110 534 discesserim.
1136 509 1215 537 atque
1231 509 1320 528 meum
1346 499 1379 526 ad
1406 506 1454 526 vos
1474 498 1501 525 in
1521 504 1606 524 carne
1621 494 1713 530 profe-

928 556 1001 579 ctum
1014 551 1170 578 eﬁ'ecerunt.
1187 548 1251 575 Hzec
1270 548 1295 573 in
1312 553 1393 572 causa
1403 546 1522 575 fuerunt,
1538 542 1609 577 quod
1622 546 1712 570 natus.

930 597 1020 624 infans
1044 596 1146 627 ﬁerem,
1171 594 1199 621 in
1216 593 1316 627 templo
1332 592 1455 622 sisterer,
1473 589 1581 624 tuisque
1597 588 1623 614 in
1641 587 1714 614 ulnis

931 643 1088 669 reclinarer.
1104 639 1162 667 Non
1175 639 1247 666 enim
1264 639 1331 665 alias
1353 637 1409 664 ﬁcri
1428 636 1516 672 potuit
1532 640 1560 662 ιιι
1581 639 1715 670 tyrannus

932 689 1117 723 colligaretur,
1134 690 1218 720 utque
1239 692 1304 712 vasa
1329 684 1404 710 illius
1428 682 1631 716 diriperentur;
1661 679 1716 706 nisi

931 734 989 769 pari
1010 737 1090 767 atque
1112 739 1161 758 vos
1174 731 1288 761 ratione,
1317 733 1430 762 excepto
1451 731 1571 761 peccato.
1593 725 1718 752 humanae

932 784 1035 808 natura;
1054 779 1190 814 particeps
1206 777 1307 803 ﬁerem.
1328 775 1386 802 Non
1403 777 1507 809 poterat
1530 772 1608 798 aliter
1632 770 1718 796 Adam

935 825 1083 861 implicatis
1099 823 1197 851 inferni
1213 822 1317 857 laqueis
1338 821 1416 853 solvi,
1441 824 1521 854 atque
1542 818 1658 853 priorem
1675 824 1719 843 re-

933 879 1043 899 sumere
1063 869 1258 900 conditionem,
1280 875 1311 894 ac
1339 867 1448 894 demum
1468 863 1540 892 efﬁci
1556 863 1638 895 Deus,
1665 861 1717 888 nisi

933 919 1012 945 homo
1026 925 1076 952 ego
1095 916 1197 947 ﬁerem,
1223 918 1303 949 atque
1320 912 1413 940 eadem
1440 918 1492 946 qua
1509 910 1553 937 ille
1567 908 1719 937 substantia

933 970 1014 999 atque
1030 968 1127 990 natura
1144 961 1280 996 particeps
1294 959 1390 986 forem.

970 1011 1012 1038 15.
1029 1009 1093 1037 Meae
1107 1009 1198 1042 itaque
1211 1004 1406 1033 incarnationis
1420 1009 1519 1031 causas
1534 1002 1649 1029 edoctus
1671 1000 1721 1027 ab-

935 1055 1014 1083 scede
1036 1064 1043 1082 :
1067 1061 1099 1081 an:
1121 1053 1226 1080 Adamo
1246 1059 1307 1078 cutn
1321 1048 1431 1076 tristitia
1448 1048 1474 1075 in
1489 1046 1597 1074 inferno
1619 1045 1720 1080 degen-

935 1103 953 1129 ti
976 1109 1036 1128 cum
1049 1100 1185 1127 hilaritate
1204 1105 1236 1125 ac
1253 1097 1343 1124 laetitia
1359 1101 1386 1123 te
1404 1095 1479 1122 siste.
1497 1092 1559 1120 Erae
1578 1093 1640 1119 item
1665 1098 1716 1125 pro

936 1149 1031 1181 partus
1046 1143 1186 1172 doloribus
1208 1142 1296 1169 fausta
1314 1141 1429 1173 laetaque
1445 1137 1521 1166 defer
1534 1137 1639 1164 nuntia.
1666 1135 1721 1163 Ve-

935 1193 984 1223 nit.
1004 1191 1089 1223 aiens,
1103 1188 1264 1223 redemptio,
1279 1187 1353 1214 venit
1371 1185 1555 1220 Redemptor.
1582 1183 1656 1210 venit
1677 1190 1722 1209 re--

937 1238 1041 1269 missio,
1057 1237 1131 1264 venit
1145 1235 1277 1262 liberator
1293 1242 1299 1260 :
1318 1241 1352 1260 ne
1366 1232 1438 1259 ultra
1454 1231 1565 1266 lugeas,
1582 1237 1598 1256 o
1624 1229 1723 1255 huma-

937 1291 1001 1311 nutn
1014 1290 1119 1318 genus;
1139 1282 1229 1309 veniet
1244 1280 1315 1308 enim
1331 1279 1376 1314 qui
1394 1285 1472 1312 opem
1491 1276 1570 1306 ferat,
1588 1275 1678 1302 veniet
1697 1277 1724 1301 et

937 1335 990 1354 non
1012 1326 1139 1353 tardabit.
1156 1324 1261 1351 Divinis
1281 1323 1357 1350 hisce
1373 1322 1486 1349 vocibus
1508 1320 1643 1356 spirituali
1659 1327 1725 1346 attre

939 1371 1039 1398 auditis
1063 1370 1261 1397 Abrahamicus
1289 1368 1334 1395 ille
1361 1375 1456 1397 senex.
1471 1366 1622 1393 senectutis
1644 1363 1725 1399 quasi

939 1412 1040 1444 oblitus
1050 1437 1056 1448 ,
1076 1416 1148 1443 illico
1163 1415 1272 1442 exsiliit.
1300 1412 1483 1448 Replctusqne
1497 1411 1637 1438 alacritate
1651 1418 1724 1445 prte-

940 1463 993 1490 alta
1010 1470 1076 1490 voce
1101 1462 1158 1489 haec
1174 1461 1281 1487 locutus
1295 1463 1356 1487 est:
1378 1468 1386 1484 ι
1402 1457 1612 1488 Confortamini,
1629 1463 1726 1482 manus

940 1509 1079 1536 dissolutae
1093 1528 1099 1539 ,
1133 1505 1324 1534 confortamini
1341 1514 1348 1532 :
1373 1511 1459 1539 genua
1487 1503 1632 1533 dissoluta,
1645 1501 1727 1535 erigi—

942 1554 1007 1580 mini
1022 1553 1044 1569 δθ
1062 1563 1068 1580 :
1089 1563 1099 1579 ›
1125 1552 1197 1579 tibia:
1227 1551 1368 1582 contritae,
1393 1548 1581 1581 roboratnini;
1602 1551 1630 1573 ut
1650 1551 1726 1574 recto

941 1607 1024 1627 cursu
1039 1599 1089 1626 iter
1104 1599 1130 1625 in
1145 1597 1282 1624 infernum
1305 1602 1422 1623 emensa‘.
1434 1616 1441 1626 ,
1463 1597 1600 1620 tantorum
1626 1593 1728 1619 nuntia:

941 1647 1075 1674 bonorum
1091 1643 1310 1679 progenitoribus
1334 1641 1404 1668 sitis.
1425 1639 1494 1667 Tum
1509 1659 1517 1671 ,
1536 1647 1618 1674 quam
1645 1638 1728 1665 citius

943 1693 1031 1729 potuit
1048 1691 1080 1718 ad
1101 1690 1222 1717 divinum
1237 1695 1386 1716 conversus
1398 1685 1528 1713 infantem
1542 1694 1549 1712 :
1568 1694 1577 1710 ‹
1597 1683 1674 1711 Nunc
1690 1683 1730 1710 di-

942 1738 1039 1771 mittis,
1056 1736 1154 1772 inquit,
1169 1742 1277 1763 servum
1296 1737 1390 1764 tuum,
1419 1732 1532 1759 Domine
1543 1752 1551 1764 ,
1579 1729 1729 1758 secundum

943 1784 1055 1811 vet-bunt
1071 1787 1148 1810 tuum
1166 1782 1193 1808 in
1211 1788 1277 1815 pace
1294 1789 1300 1807 :
1316 1780 1379 1814 quia
1393 1778 1520 1806 viderunt
1536 1776 1607 1804 oculi
1626 1775 1676 1803 mei
1689 1783 1730 1803 sa-

945 1831 1032 1857 lutare
1044 1833 1145 1857 tuum:
1172 1826 1245 1862 quod
1262 1825 1364 1862 parasti
1394 1827 1457 1851 ante
1483 1823 1578 1851 faciem
1607 1821 1729 1849 omnium

944 1876 1126 1912 populorum:
1155 1874 1247 1901 lumen
1279 1872 1312 1899 ad
1342 1871 1537 1899 revelationem
1562 1868 1684 1904 gentium
1704 1872 1731 1895 et

945 1922 1058 1958 gloriam
1074 1921 1160 1956 plebis
1186 1923 1240 1947 tua:
1253 1918 1337 1946 Israel
1355 1918 1389 1945 ⁵⁷.
1409 1927 1419 1944 ›
1436 1916 1458 1945 0
1483 1915 1633 1944 fervorem!
1655 1923 1672 1942 ο
1687 1922 1732 1941 ar-

945 1969 1052 1997 dentem
1071 1966 1209 1994 animnml
1239 1964 1475 1999 Quandoquidem,
1491 1962 1616 1994 Domine,
1633 1961 1670 1988 ita
1684 1961 1732 1987 de-

946 2013 1071 2045 erevisti,
1098 2018 1178 2047 atque
1210 2011 1376 2046 benignitate
1396 2012 1536 2044 permotus
1562 2015 1631 2042 opus
1655 2009 1731 2033 tuum

946 2057 1086 2086 misnraris
1101 2066 1107 2083 :
1124 2064 1211 2091 neque
1226 2063 1276 2091 ego
1293 2063 1340 2090 spe
1357 2055 1451 2089 lapsus
1466 2061 1526 2081 sum
1551 2060 1621 2085 mea,
1642 2059 1674 2078 ac
1692 2051 1734 2078 di-

946 2103 1001 2131 vini
1014 2102 1133 2137 Spiritus
1148 2101 1290 2128 oracuium
1313 2099 1470 2127 inviolabile
1488 2097 1603 2125 mansit:
1627 2097 1734 2124 dimitte

947 2156 990 2175 me
1007 2147 1219 2182 quamprimum,
1236 2145 1352 2175 dimitte.
1367 2151 1477 2179 quaso;
1505 2150 1538 2170 ne
1562 2149 1604 2168 me
1630 2141 1733 2169 diutius

948 2193 1070 2220 detineas
1083 2203 1089 2220 :
1103 2200 1136 2220 ne
1151 2192 1254 2219 tardent
1271 2190 1366 2226 primis
1381 2189 1541 2225 parentibus
1560 2189 1619 2215 beta
1637 2186 1734 2214 afferre

949 2241 1045 2268 nuntia
1059 2250 1064 2266 :
1083 2247 1117 2266 ne
1133 2247 1186 2271 me,
1201 2237 1324 2270 Domine,
1340 2236 1459 2264 infantes
1483 2236 1669 2270 pmvcniant,
1687 2234 1733 2268 qui

948 2290 1061 2322 propter
1085 2290 1111 2312 te
1133 2286 1166 2311 ab
1184 2283 1290 2311 Herode
1306 2283 1389 2311 occisi
1408 2286 1472 2310 sunt
1488 2291 1495 2309 :
1511 2281 1587 2316 pueri
1602 2284 1685 2311 sunt,
1701 2286 1734 2306 ac

948 2332 1034 2367 vegeti
1047 2332 1201 2366 agilesqne;
1216 2334 1243 2356 at
1255 2337 1305 2364 ego
1318 2336 1412 2361 senex;
1429 2327 1533 2358 tardus,
1550 2334 1582 2353 ac
1595 2333 1665 2360 aegre
1676 2332 1735 2351 mo-

948 2379 1030 2406 bilis:
1049 2385 1197 2412 vereorque
1220 2385 1254 2404 ne
1273 2376 1327 2402 cito
1343 2382 1425 2402 cursu
1449 2375 1659 2407 praecurrentes,
1675 2377 1733 2397 ma-

948 2425 1084 2451 ximorum
1100 2422 1349 2457 praclarorumque
1372 2419 1506 2445 bonorum
1532 2414 1620 2443 nuntii
1638 2410 1736 2449 primis

950 2467 1056 2502 generis
1072 2465 1230 2501 parentibus
1244 2465 1310 2492 sint.
1327 2463 1366 2489 lta
1378 2462 1458 2497 362
1474 2461 1552 2496 plane
1567 2459 1677 2486 divinus
1691 2457 1737 2484 ille

949 2514 1001 2544 vir,
1025 2520 1057 2539 ac
1073 2511 1222 2546 praeclarus
1238 2510 1370 2537 adventus
1384 2507 1486 2535 Christi
1506 2512 1595 2541 praeco
1608 2524 1614 2536 ,
1640 2503 1736 2539 gratiis

950 2557 1030 2588 actis,
1044 2560 1074 2583 ut
1100 2556 1164 2582 hinc
1179 2555 1280 2590 liquet,
1301 2553 1372 2589 quod
1391 2552 1474 2579 Deum
1497 2548 1675 2580 benedixerit,
1688 2555 1736 2582 ap-

951 2608 1132 2638 precatusque
1156 2601 1287 2628 dimissus
1313 2604 1366 2627 est.
1384 2597 1490 2626 Amavit
1504 2596 1576 2624 enim
1593 2594 1737 2622 invisibili-

952 2653 1003 2682 ter,
1016 2649 1123 2684 opinor,
1142 2652 1259 2675 mentem
1281 2647 1340 2681 ejus
1357 2645 1496 2676 Salvator,
1521 2650 1554 2670 ac
1568 2640 1737 2670 obsecratio-

952 2701 1014 2722 nem
1024 2693 1084 2728 ejus
1099 2693 1180 2728 plane
1205 2691 1354 2724 exaudivit,
1368 2694 1395 2718 ct
1410 2693 1440 2717 ut
1461 2687 1599 2724 proprium
1613 2686 1667 2715 sibi
1681 2684 1738 2714 cul-

988 2848 1043 2887 (ιι)
1059 2847 1122 2884 Reg.
1137 2846 1165 2879 2,
1180 2844 1300 2880 γένηται.
