  <div class='ocr_page' id='page_1' title='image "/cluster/home/n/w/nwhite01/storage/ocr_20150623/28/njp.32101007506148/507.png"; bbox 0 0 1940 3067; ppageno 0'>
   <div class='ocr_carea' id='block_1_1' title="bbox 217 75 266 104">
    <p class='ocr_par' dir='ltr' id='par_1_1' title="bbox 217 75 266 104">
     <span class='ocr_line' id='line_1_1' title="bbox 217 75 266 104; baseline -0.02 0"><span class='ocrx_word' id='word_1_1' title='bbox 217 75 266 104; x_wconf 81' lang='grc'><strong>991</strong></span> 
     </span>
    </p>
   </div>
   <div class='ocr_carea' id='block_1_2' title="bbox 784 73 1263 102">
    <p class='ocr_par' dir='ltr' id='par_1_2' title="bbox 784 73 1263 102">
     <span class='ocr_line' id='line_1_2' title="bbox 784 73 1263 102; baseline -0.002 -1"><span class='ocrx_word' id='word_1_2' title='bbox 784 74 813 101; x_wconf 87' lang='lat' dir='ltr'><strong>S.</strong></span> <span class='ocrx_word' id='word_1_3' title='bbox 831 73 1065 102; x_wconf 71' lang='lat' dir='ltr'><strong>ATIIANASIUS.</strong></span> <span class='ocrx_word' id='word_1_4' title='bbox 1080 89 1114 94; x_wconf 98' lang='lat'><strong>—</strong></span> <span class='ocrx_word' id='word_1_5' title='bbox 1127 73 1263 101; x_wconf 75' lang='lat' dir='ltr'><strong>SPURIA.</strong></span> 
     </span>
    </p>
   </div>
   <div class='ocr_carea' id='block_1_3' title="bbox 1803 70 1865 99">
    <p class='ocr_par' dir='ltr' id='par_1_3' title="bbox 1803 70 1865 99">
     <span class='ocr_line' id='line_1_3' title="bbox 1803 70 1865 99; baseline -0.032 0"><span class='ocrx_word' id='word_1_6' title='bbox 1803 70 1865 99; x_wconf 71' lang='lat'><strong>992</strong></span> 
     </span>
    </p>
   </div>
   <div class='ocr_carea' id='block_1_4' title="bbox 217 128 1009 167">
    <p class='ocr_par' dir='ltr' id='par_1_4' title="bbox 217 130 1009 167">
     <span class='ocr_line' id='line_1_4' title="bbox 217 130 1009 167; baseline -0.005 -7"><span class='ocrx_word' id='word_1_7' title='bbox 217 138 304 160; x_wconf 83' lang='lat' dir='ltr'><strong>torem</strong></span> <span class='ocrx_word' id='word_1_8' title='bbox 326 131 492 167; x_wconf 84' lang='lat' dir='ltr'><strong>assumpsit,</strong></span> <span class='ocrx_word' id='word_1_9' title='bbox 518 131 564 166; x_wconf 90' lang='lat' dir='ltr'><strong>qui</strong></span> <span class='ocrx_word' id='word_1_10' title='bbox 589 130 641 158; x_wconf 86' lang='lat' dir='ltr'><strong>sub</strong></span> <span class='ocrx_word' id='word_1_11' title='bbox 662 131 721 166; x_wconf 77' lang='lat' dir='ltr'><strong>lege</strong></span> <span class='ocrx_word' id='word_1_12' title='bbox 736 134 763 158; x_wconf 87' lang='lat' dir='ltr'><strong>et</strong></span> <span class='ocrx_word' id='word_1_13' title='bbox 780 131 832 158; x_wconf 88' lang='lat' dir='ltr'><strong>sub</strong></span> <span class='ocrx_word' id='word_1_14' title='bbox 853 130 950 157; x_wconf 82' lang='lat' dir='ltr'><strong>umbra</strong></span> <span class='ocrx_word' id='word_1_15' title='bbox 967 130 1009 157; x_wconf 92' lang='lat' dir='ltr'><strong>diu</strong></span> 
     </span>
    </p>
   </div>
   <div class='ocr_carea' id='block_1_5' title="bbox 1064 128 1864 167">
    <p class='ocr_par' dir='ltr' id='par_1_5' title="bbox 1064 128 1864 166">
     <span class='ocr_line' id='line_1_5' title="bbox 1064 128 1864 166; baseline -0.003 -10"><span class='ocrx_word' id='word_1_16' title='bbox 1064 130 1115 161; x_wconf 79' lang='grc' dir='ltr'>λοῖ,</span> <span class='ocrx_word' id='word_1_17' title='bbox 1130 129 1347 166; x_wconf 78' lang='grc' dir='ltr'><strong>προσευξάμενος</strong></span> <span class='ocrx_word' id='word_1_18' title='bbox 1360 128 1501 156; x_wconf 84' lang='grc' dir='ltr'>ἀπελύετο.</span> <span class='ocrx_word' id='word_1_19' title='bbox 1520 129 1627 164; x_wconf 54' lang='grc' dir='ltr'>Ἥψατο</span> <span class='ocrx_word' id='word_1_20' title='bbox 1647 129 1700 164; x_wconf 83' lang='grc' dir='ltr'>γὰρ</span> <span class='ocrx_word' id='word_1_21' title='bbox 1715 128 1864 163; x_wconf 77' lang='grc' dir='ltr'><strong>ἀοράτως,</strong></span> 
     </span>
    </p>
   </div>
   <div class='ocr_carea' id='block_1_6' title="bbox 219 176 1009 212">
    <p class='ocr_par' dir='ltr' id='par_1_6' title="bbox 219 176 1009 212">
     <span class='ocr_line' id='line_1_6' title="bbox 219 176 1009 212; baseline -0.001 -8"><span class='ocrx_word' id='word_1_22' title='bbox 219 178 388 212; x_wconf 89' lang='lat' dir='ltr'><strong>multumque</strong></span> <span class='ocrx_word' id='word_1_23' title='bbox 417 178 576 209; x_wconf 86' lang='lat' dir='ltr'><strong>laborasset,</strong></span> <span class='ocrx_word' id='word_1_24' title='bbox 602 181 722 212; x_wconf 91' lang='lat' dir='ltr'><strong>tuncque</strong></span> <span class='ocrx_word' id='word_1_25' title='bbox 749 176 840 204; x_wconf 85' lang='lat' dir='ltr'><strong>divina</strong></span> <span class='ocrx_word' id='word_1_26' title='bbox 854 177 948 212; x_wconf 70' lang='lat' dir='ltr'><strong>gratia:</strong></span> <span class='ocrx_word' id='word_1_27' title='bbox 961 176 1009 203; x_wconf 94' lang='lat' dir='ltr'><strong>do-</strong></span> 
     </span>
    </p>
   </div>
   <div class='ocr_carea' id='block_1_7' title="bbox 219 223 635 257">
    <p class='ocr_par' dir='ltr' id='par_1_7' title="bbox 219 223 635 257">
     <span class='ocr_line' id='line_1_7' title="bbox 219 223 635 257; baseline 0 -8"><span class='ocrx_word' id='word_1_28' title='bbox 219 223 306 250; x_wconf 85' lang='lat' dir='ltr'><strong>ctrina</strong></span> <span class='ocrx_word' id='word_1_29' title='bbox 318 223 412 257; x_wconf 89' lang='lat' dir='ltr'><strong>junior</strong></span> <span class='ocrx_word' id='word_1_30' title='bbox 427 223 539 250; x_wconf 78' lang='lat' dir='ltr'><strong>ell&#39;ectus</strong></span> <span class='ocrx_word' id='word_1_31' title='bbox 552 227 635 250; x_wconf 81' lang='lat' dir='ltr'><strong>esset.</strong></span> 
     </span>
    </p>
   </div>
   <div class='ocr_carea' id='block_1_8' title="bbox 1062 173 1867 210">
    <p class='ocr_par' dir='ltr' id='par_1_8' title="bbox 1062 173 1867 210">
     <span class='ocr_line' id='line_1_8' title="bbox 1062 173 1867 210; baseline -0.004 -9"><span class='ocrx_word' id='word_1_32' title='bbox 1062 173 1148 210; x_wconf 83' lang='grc' dir='ltr'>οἶμαι.</span> <span class='ocrx_word' id='word_1_33' title='bbox 1161 175 1216 200; x_wconf 81' lang='grc' dir='ltr'>τῶν</span> <span class='ocrx_word' id='word_1_34' title='bbox 1232 175 1326 201; x_wconf 80' lang='grc' dir='ltr'>τούτου</span> <span class='ocrx_word' id='word_1_35' title='bbox 1344 174 1449 210; x_wconf 75' lang='grc' dir='ltr'>φρενῶν</span> <span class='ocrx_word' id='word_1_36' title='bbox 1464 176 1477 201; x_wconf 85' lang='grc' dir='ltr'><strong>ὁ</strong></span> <span class='ocrx_word' id='word_1_37' title='bbox 1493 175 1598 210; x_wconf 77' lang='grc' dir='ltr'>Σωτὴρ,</span> <span class='ocrx_word' id='word_1_38' title='bbox 1616 174 1720 209; x_wconf 75' lang='grc' dir='ltr'>καὶτῆς</span> <span class='ocrx_word' id='word_1_39' title='bbox 1734 173 1867 208; x_wconf 79' lang='grc' dir='ltr'>δεήσεως</span> 
     </span>
    </p>
   </div>
   <div class='ocr_carea' id='block_1_9' title="bbox 1062 219 1864 256">
    <p class='ocr_par' dir='ltr' id='par_1_9' title="bbox 1062 219 1864 256">
     <span class='ocr_line' id='line_1_9' title="bbox 1062 219 1864 256; baseline -0.005 -8"><span class='ocrx_word' id='word_1_40' title='bbox 1062 221 1158 248; x_wconf 80' lang='grc' dir='ltr'>τούτου</span> <span class='ocrx_word' id='word_1_41' title='bbox 1173 220 1243 247; x_wconf 84' lang='grc' dir='ltr'>κατὰ</span> <span class='ocrx_word' id='word_1_42' title='bbox 1262 221 1349 247; x_wconf 79' lang='grc' dir='ltr'>πάντα</span> <span class='ocrx_word' id='word_1_43' title='bbox 1366 221 1508 256; x_wconf 82' lang='grc' dir='ltr'>εἰσήκουσε</span> <span class='ocrx_word' id='word_1_44' title='bbox 1519 241 1526 252; x_wconf 88' lang='lat'><strong>,</strong></span> <span class='ocrx_word' id='word_1_45' title='bbox 1545 221 1590 247; x_wconf 69' lang='grc' dir='ltr'>καὶ</span> <span class='ocrx_word' id='word_1_46' title='bbox 1603 221 1640 252; x_wconf 86' lang='grc' dir='ltr'>ὡς</span> <span class='ocrx_word' id='word_1_47' title='bbox 1654 220 1719 247; x_wconf 78' lang='grc' dir='ltr'>ἴδιον</span> <span class='ocrx_word' id='word_1_48' title='bbox 1738 219 1864 254; x_wconf 75' lang='grc' dir='ltr'>λάτρην,</span> 
     </span>
    </p>
   </div>
   <div class='ocr_carea' id='block_1_10' title="bbox 219 267 1866 305">
    <p class='ocr_par' dir='ltr' id='par_1_10' title="bbox 219 267 1866 305">
     <span class='ocr_line' id='line_1_10' title="bbox 219 267 1866 305; baseline -0.003 -9"><span class='ocrx_word' id='word_1_49' title='bbox 219 270 378 305; x_wconf 77' lang='grc' dir='ltr'>κεκμηκὸτα</span> <span class='ocrx_word' id='word_1_50' title='bbox 404 270 453 305; x_wconf 78' lang='grc' dir='ltr'>μὲν</span> <span class='ocrx_word' id='word_1_51' title='bbox 485 269 599 296; x_wconf 83' lang='grc' dir='ltr'>πλεῖστα</span> <span class='ocrx_word' id='word_1_52' title='bbox 626 268 665 305; x_wconf 82' lang='grc' dir='ltr'>τῷ</span> <span class='ocrx_word' id='word_1_53' title='bbox 689 269 764 305; x_wconf 84' lang='grc' dir='ltr'>νόμῳ</span> <span class='ocrx_word' id='word_1_54' title='bbox 793 269 840 296; x_wconf 78' lang='grc' dir='ltr'>καὶ</span> <span class='ocrx_word' id='word_1_55' title='bbox 869 270 902 304; x_wconf 83' lang='grc' dir='ltr'><strong>τῇ</strong></span> <span class='ocrx_word' id='word_1_56' title='bbox 934 269 1008 303; x_wconf 76' lang='grc' dir='ltr'>σκιᾷ,</span> <span class='ocrx_word' id='word_1_57' title='bbox 1027 268 1157 300; x_wconf 76' lang='grc' dir='ltr'>νεάζοντα</span> <span class='ocrx_word' id='word_1_58' title='bbox 1170 268 1198 294; x_wconf 84' lang='grc' dir='ltr'>δὲ</span> <span class='ocrx_word' id='word_1_59' title='bbox 1215 269 1272 299; x_wconf 86' lang='grc' dir='ltr'>τοῖς</span> <span class='ocrx_word' id='word_1_60' title='bbox 1300 267 1380 298; x_wconf 89' lang='grc' dir='ltr'>θείοις</span> <span class='ocrx_word' id='word_1_61' title='bbox 1397 268 1446 302; x_wconf 80' lang='grc' dir='ltr'>τῆς</span> <span class='ocrx_word' id='word_1_62' title='bbox 1473 267 1581 302; x_wconf 82' lang='grc' dir='ltr'>χάριτος</span> <span class='ocrx_word' id='word_1_63' title='bbox 1604 267 1730 301; x_wconf 79' lang='grc' dir='ltr'><strong>δόγμασι,</strong></span> <span class='ocrx_word' id='word_1_64' title='bbox 1767 273 1866 299; x_wconf 77' lang='grc' dir='ltr'>πρεσ-</span> 
     </span>
    </p>
   </div>
   <div class='ocr_carea' id='block_1_11' title="bbox 219 317 338 343">
    <p class='ocr_par' dir='ltr' id='par_1_11' title="bbox 219 317 338 343">
     <span class='ocr_line' id='line_1_11' title="bbox 219 317 338 343; baseline -0.008 -1"><span class='ocrx_word' id='word_1_65' title='bbox 219 317 338 343; x_wconf 74' lang='grc' dir='ltr'>ελάϐετο.</span> 
     </span>
    </p>
   </div>
   <div class='ocr_carea' id='block_1_12' title="bbox 255 361 1009 397">
    <p class='ocr_par' dir='ltr' id='par_1_12' title="bbox 255 361 1009 397">
     <span class='ocr_line' id='line_1_12' title="bbox 255 361 1009 397; baseline 0.003 -10"><span class='ocrx_word' id='word_1_66' title='bbox 255 361 296 387; x_wconf 76' lang='grc'><strong>14.</strong></span> <span class='ocrx_word' id='word_1_67' title='bbox 319 361 419 396; x_wconf 81' lang='lat' dir='ltr'><strong>Josepb</strong></span> <span class='ocrx_word' id='word_1_68' title='bbox 445 366 535 389; x_wconf 86' lang='lat' dir='ltr'><strong>autem</strong></span> <span class='ocrx_word' id='word_1_69' title='bbox 555 367 581 389; x_wconf 90' lang='lat' dir='ltr'><strong>et</strong></span> <span class='ocrx_word' id='word_1_70' title='bbox 594 361 679 389; x_wconf 77' lang='lat' dir='ltr'><strong>Mater</strong></span> <span class='ocrx_word' id='word_1_71' title='bbox 690 362 761 397; x_wconf 79' lang='lat' dir='ltr'><strong>ejus.</strong></span> <span class='ocrx_word' id='word_1_72' title='bbox 777 372 786 388; x_wconf 75' lang='grc' dir='ltr'><strong>ι</strong></span> <span class='ocrx_word' id='word_1_73' title='bbox 805 363 947 392; x_wconf 75' lang='lat' dir='ltr'><strong>mirantes.</strong></span> <span class='ocrx_word' id='word_1_74' title='bbox 966 363 1009 389; x_wconf 94' lang='lat' dir='ltr'><strong>iu-</strong></span> 
     </span>
    </p>
   </div>
   <div class='ocr_carea' id='block_1_13' title="bbox 219 408 1005 444">
    <p class='ocr_par' dir='ltr' id='par_1_13' title="bbox 219 408 1005 444">
     <span class='ocr_line' id='line_1_13' title="bbox 219 408 1005 444; baseline 0.004 -11"><span class='ocrx_word' id='word_1_75' title='bbox 219 408 380 441; x_wconf 87' lang='lat' dir='ltr'><strong>quit,eraut</strong></span> <span class='ocrx_word' id='word_1_76' title='bbox 393 416 474 443; x_wconf 86' lang='lat' dir='ltr'><strong>super</strong></span> <span class='ocrx_word' id='word_1_77' title='bbox 490 409 532 436; x_wconf 88' lang='lat' dir='ltr'><strong>bis</strong></span> <span class='ocrx_word' id='word_1_78' title='bbox 553 417 613 444; x_wconf 65' lang='lat' dir='ltr'><strong>qua:</strong></span> <span class='ocrx_word' id='word_1_79' title='bbox 635 409 797 437; x_wconf 76' lang='lat' dir='ltr'><strong>dicebautur</strong></span> <span class='ocrx_word' id='word_1_80' title='bbox 819 410 853 437; x_wconf 88' lang='lat' dir='ltr'><strong>de</strong></span> <span class='ocrx_word' id='word_1_81' title='bbox 876 410 922 436; x_wconf 88' lang='lat' dir='ltr'><strong>illo</strong></span> <span class='ocrx_word' id='word_1_82' title='bbox 936 410 969 437; x_wconf 74' lang='grc'><strong>⁸⁸.</strong></span> <span class='ocrx_word' id='word_1_83' title='bbox 996 419 1005 436; x_wconf 79' lang='grc' dir='ltr'><strong>ι</strong></span> 
     </span>
    </p>
   </div>
   <div class='ocr_carea' id='block_1_14' title="bbox 220 453 1009 491">
    <p class='ocr_par' dir='ltr' id='par_1_14' title="bbox 220 453 1009 491">
     <span class='ocr_line' id='line_1_14' title="bbox 220 453 1009 491; baseline 0.003 -11"><span class='ocrx_word' id='word_1_84' title='bbox 220 453 392 481; x_wconf 74' lang='lat' dir='ltr'><strong>Mirabautur</strong></span> <span class='ocrx_word' id='word_1_85' title='bbox 411 459 512 486; x_wconf 82' lang='lat' dir='ltr'><strong>autent,</strong></span> <span class='ocrx_word' id='word_1_86' title='bbox 530 456 658 487; x_wconf 87' lang='lat' dir='ltr'><strong>arbitror,</strong></span> <span class='ocrx_word' id='word_1_87' title='bbox 674 456 747 491; x_wconf 87' lang='lat' dir='ltr'><strong>quod</strong></span> <span class='ocrx_word' id='word_1_88' title='bbox 764 456 883 483; x_wconf 90' lang='lat' dir='ltr'><strong>nondum</strong></span> <span class='ocrx_word' id='word_1_89' title='bbox 899 457 933 483; x_wconf 90' lang='lat' dir='ltr'><strong>de</strong></span> <span class='ocrx_word' id='word_1_90' title='bbox 949 456 1009 490; x_wconf 85' lang='lat' dir='ltr'><strong>ejus</strong></span> 
     </span>
    </p>
   </div>
   <div class='ocr_carea' id='block_1_15' title="bbox 220 500 1009 529">
    <p class='ocr_par' dir='ltr' id='par_1_15' title="bbox 220 500 1009 529">
     <span class='ocr_line' id='line_1_15' title="bbox 220 500 1009 529; baseline 0.001 -3"><span class='ocrx_word' id='word_1_91' title='bbox 220 500 362 528; x_wconf 87' lang='lat' dir='ltr'><strong>divinitate</strong></span> <span class='ocrx_word' id='word_1_92' title='bbox 377 502 508 528; x_wconf 72' lang='lat' dir='ltr'><strong>eri-tiores</strong></span> <span class='ocrx_word' id='word_1_93' title='bbox 522 502 586 528; x_wconf 79' lang='lat' dir='ltr'><strong>facti</strong></span> <span class='ocrx_word' id='word_1_94' title='bbox 598 506 690 529; x_wconf 78' lang='lat' dir='ltr'><strong>essent</strong></span> <span class='ocrx_word' id='word_1_95' title='bbox 707 511 713 529; x_wconf 93' lang='lat'><strong>:</strong></span> <span class='ocrx_word' id='word_1_96' title='bbox 732 503 839 528; x_wconf 81' lang='lat' dir='ltr'><strong>tametsi</strong></span> <span class='ocrx_word' id='word_1_97' title='bbox 853 502 919 528; x_wconf 79' lang='lat' dir='ltr'><strong>satis</strong></span> <span class='ocrx_word' id='word_1_98' title='bbox 930 505 1009 528; x_wconf 83' lang='lat' dir='ltr'><strong>erant</strong></span> 
     </span>
    </p>
   </div>
   <div class='ocr_carea' id='block_1_16' title="bbox 221 546 1009 582">
    <p class='ocr_par' dir='ltr' id='par_1_16' title="bbox 221 546 1009 582">
     <span class='ocr_line' id='line_1_16' title="bbox 221 546 1009 582; baseline 0.003 -10"><span class='ocrx_word' id='word_1_99' title='bbox 221 546 354 573; x_wconf 86' lang='lat' dir='ltr'><strong>miracula</strong></span> <span class='ocrx_word' id='word_1_100' title='bbox 368 547 394 573; x_wconf 94' lang='lat' dir='ltr'><strong>in</strong></span> <span class='ocrx_word' id='word_1_101' title='bbox 409 548 469 581; x_wconf 75' lang='lat' dir='ltr'><strong>ejus</strong></span> <span class='ocrx_word' id='word_1_102' title='bbox 481 548 622 574; x_wconf 87' lang='lat' dir='ltr'><strong>nativitate</strong></span> <span class='ocrx_word' id='word_1_103' title='bbox 634 552 724 582; x_wconf 74' lang='lat' dir='ltr'><strong>gesta;</strong></span> <span class='ocrx_word' id='word_1_104' title='bbox 738 547 794 579; x_wconf 85' lang='lat' dir='ltr'><strong>illa,</strong></span> <span class='ocrx_word' id='word_1_105' title='bbox 811 548 933 582; x_wconf 79' lang='lat' dir='ltr'><strong>inquam,</strong></span> <span class='ocrx_word' id='word_1_106' title='bbox 949 555 1009 582; x_wconf 71' lang='lat' dir='ltr'><strong>qua:</strong></span> 
     </span>
    </p>
   </div>
   <div class='ocr_carea' id='block_1_17' title="bbox 222 593 1007 628">
    <p class='ocr_par' dir='ltr' id='par_1_17' title="bbox 222 593 1007 628">
     <span class='ocr_line' id='line_1_17' title="bbox 222 593 1007 628; baseline 0 -10"><span class='ocrx_word' id='word_1_107' title='bbox 222 599 315 626; x_wconf 78' lang='lat' dir='ltr'><strong>magus</strong></span> <span class='ocrx_word' id='word_1_108' title='bbox 330 597 454 627; x_wconf 84' lang='lat' dir='ltr'><strong>spectant</strong></span> <span class='ocrx_word' id='word_1_109' title='bbox 468 598 548 628; x_wconf 76' lang='lat' dir='ltr'><strong>atque</strong></span> <span class='ocrx_word' id='word_1_110' title='bbox 570 597 693 628; x_wconf 85' lang='lat' dir='ltr'><strong>pastores</strong></span> <span class='ocrx_word' id='word_1_111' title='bbox 710 603 716 619; x_wconf 91' lang='lat'><strong>:</strong></span> <span class='ocrx_word' id='word_1_112' title='bbox 733 601 840 620; x_wconf 85' lang='lat' dir='ltr'><strong>necnon</strong></span> <span class='ocrx_word' id='word_1_113' title='bbox 861 593 943 619; x_wconf 60' lang='lat' dir='ltr'><strong>variat</strong></span> <span class='ocrx_word' id='word_1_114' title='bbox 957 601 1007 619; x_wconf 79' lang='lat' dir='ltr'><strong>an-</strong></span> 
     </span>
    </p>
   </div>
   <div class='ocr_carea' id='block_1_18' title="bbox 222 637 1010 673">
    <p class='ocr_par' dir='ltr' id='par_1_18' title="bbox 222 637 1010 673">
     <span class='ocr_line' id='line_1_18' title="bbox 222 637 1010 673; baseline 0.003 -11"><span class='ocrx_word' id='word_1_115' title='bbox 222 637 343 672; x_wconf 66' lang='lat' dir='ltr'><strong>gulorum</strong></span> <span class='ocrx_word' id='word_1_116' title='bbox 358 638 475 666; x_wconf 77' lang='lat' dir='ltr'><strong>visiones</strong></span> <span class='ocrx_word' id='word_1_117' title='bbox 494 647 500 664; x_wconf 93' lang='lat'>:</span> <span class='ocrx_word' id='word_1_118' title='bbox 515 640 642 673; x_wconf 80' lang='lat' dir='ltr'><strong>quodque</strong></span> <span class='ocrx_word' id='word_1_119' title='bbox 657 638 787 664; x_wconf 85' lang='lat' dir='ltr'><strong>miracula</strong></span> <span class='ocrx_word' id='word_1_120' title='bbox 812 643 924 673; x_wconf 78' lang='lat' dir='ltr'><strong>superat</strong></span> <span class='ocrx_word' id='word_1_121' title='bbox 951 645 1010 665; x_wconf 88' lang='lat' dir='ltr'><strong>om-</strong></span> 
     </span>
    </p>
   </div>
   <div class='ocr_carea' id='block_1_19' title="bbox 223 682 1010 718">
    <p class='ocr_par' dir='ltr' id='par_1_19' title="bbox 223 682 1010 718">
     <span class='ocr_line' id='line_1_19' title="bbox 223 682 1010 718; baseline 0.001 -10"><span class='ocrx_word' id='word_1_122' title='bbox 223 682 280 713; x_wconf 84' lang='lat' dir='ltr'><strong>nia,</strong></span> <span class='ocrx_word' id='word_1_123' title='bbox 293 683 456 718; x_wconf 74' lang='lat' dir='ltr'><strong>virginitatis</strong></span> <span class='ocrx_word' id='word_1_124' title='bbox 480 684 653 711; x_wconf 82' lang='lat' dir='ltr'><strong>conservatio</strong></span> <span class='ocrx_word' id='word_1_125' title='bbox 669 691 701 710; x_wconf 90' lang='lat' dir='ltr'><strong>ac</strong></span> <span class='ocrx_word' id='word_1_126' title='bbox 728 684 930 718; x_wconf 79' lang='lat' dir='ltr'><strong>perseverantia</strong></span> <span class='ocrx_word' id='word_1_127' title='bbox 944 703 951 715; x_wconf 89' lang='lat'><strong>,</strong></span> <span class='ocrx_word' id='word_1_128' title='bbox 976 682 1010 709; x_wconf 88' lang='lat' dir='ltr'><strong>ad</strong></span> 
     </span>
    </p>
   </div>
   <div class='ocr_carea' id='block_1_20' title="bbox 223 729 1010 761">
    <p class='ocr_par' dir='ltr' id='par_1_20' title="bbox 223 729 1010 761">
     <span class='ocr_line' id='line_1_20' title="bbox 223 729 1010 761; baseline 0 -6"><span class='ocrx_word' id='word_1_129' title='bbox 223 729 264 755; x_wconf 88' lang='lat' dir='ltr'><strong>rei</strong></span> <span class='ocrx_word' id='word_1_130' title='bbox 279 734 380 756; x_wconf 89' lang='lat' dir='ltr'><strong>certam</strong></span> <span class='ocrx_word' id='word_1_131' title='bbox 397 729 486 761; x_wconf 82' lang='lat' dir='ltr'><strong>ﬁdem,</strong></span> <span class='ocrx_word' id='word_1_132' title='bbox 502 737 534 757; x_wconf 92' lang='lat' dir='ltr'><strong>ac</strong></span> <span class='ocrx_word' id='word_1_133' title='bbox 545 730 666 756; x_wconf 83' lang='lat' dir='ltr'><strong>omnium</strong></span> <span class='ocrx_word' id='word_1_134' title='bbox 681 737 858 756; x_wconf 88' lang='lat' dir='ltr'><strong>consensum.</strong></span> <span class='ocrx_word' id='word_1_135' title='bbox 883 729 1010 755; x_wconf 84' lang='lat' dir='ltr'><strong>Attamen</strong></span> 
     </span>
    </p>
   </div>
   <div class='ocr_carea' id='block_1_21' title="bbox 224 775 1010 810">
    <p class='ocr_par' dir='ltr' id='par_1_21' title="bbox 224 775 1010 810">
     <span class='ocr_line' id='line_1_21' title="bbox 224 775 1010 810; baseline 0.003 -10"><span class='ocrx_word' id='word_1_136' title='bbox 224 782 286 801; x_wconf 91' lang='lat' dir='ltr'><strong>cum</strong></span> <span class='ocrx_word' id='word_1_137' title='bbox 310 775 432 802; x_wconf 85' lang='lat' dir='ltr'><strong>miraculi</strong></span> <span class='ocrx_word' id='word_1_138' title='bbox 453 776 665 810; x_wconf 74' lang='lat' dir='ltr'><strong>magnitudinem</strong></span> <span class='ocrx_word' id='word_1_139' title='bbox 690 776 896 810; x_wconf 77' lang='lat' dir='ltr'><strong>conspicerent.</strong></span> <span class='ocrx_word' id='word_1_140' title='bbox 928 780 1010 810; x_wconf 88' lang='lat' dir='ltr'><strong>atque</strong></span> 
     </span>
    </p>
   </div>
   <div class='ocr_carea' id='block_1_22' title="bbox 225 820 1010 856">
    <p class='ocr_par' dir='ltr' id='par_1_22' title="bbox 225 820 1010 856">
     <span class='ocr_line' id='line_1_22' title="bbox 225 820 1010 856; baseline 0.001 -10"><span class='ocrx_word' id='word_1_141' title='bbox 225 820 325 854; x_wconf 80' lang='lat' dir='ltr'><strong>pietate</strong></span> <span class='ocrx_word' id='word_1_142' title='bbox 349 829 397 848; x_wconf 83' lang='lat' dir='ltr'><strong>sua</strong></span> <span class='ocrx_word' id='word_1_143' title='bbox 419 822 597 856; x_wconf 79' lang='lat' dir='ltr'><strong>cogitationes</strong></span> <span class='ocrx_word' id='word_1_144' title='bbox 626 821 764 848; x_wconf 82' lang='lat' dir='ltr'><strong>frenarent</strong></span> <span class='ocrx_word' id='word_1_145' title='bbox 793 821 855 856; x_wconf 86' lang='lat' dir='ltr'><strong>(rati</strong></span> <span class='ocrx_word' id='word_1_146' title='bbox 882 829 1010 856; x_wconf 77' lang='lat' dir='ltr'><strong>magnum</strong></span> 
     </span>
    </p>
   </div>
   <div class='ocr_carea' id='block_1_23' title="bbox 224 867 1012 902">
    <p class='ocr_par' dir='ltr' id='par_1_23' title="bbox 224 867 1012 902">
     <span class='ocr_line' id='line_1_23' title="bbox 224 867 1012 902; baseline 0.003 -10"><span class='ocrx_word' id='word_1_147' title='bbox 224 872 295 896; x_wconf 89' lang='lat' dir='ltr'><strong>esse.</strong></span> <span class='ocrx_word' id='word_1_148' title='bbox 308 869 336 892; x_wconf 86' lang='lat' dir='ltr'><strong>ut</strong></span> <span class='ocrx_word' id='word_1_149' title='bbox 356 874 449 894; x_wconf 87' lang='lat' dir='ltr'><strong>revera</strong></span> <span class='ocrx_word' id='word_1_150' title='bbox 463 871 516 899; x_wconf 89' lang='lat' dir='ltr'><strong>est,</strong></span> <span class='ocrx_word' id='word_1_151' title='bbox 530 867 602 902; x_wconf 89' lang='lat' dir='ltr'><strong>quod</strong></span> <span class='ocrx_word' id='word_1_152' title='bbox 622 867 692 894; x_wconf 85' lang='lat' dir='ltr'><strong>Deus</strong></span> <span class='ocrx_word' id='word_1_153' title='bbox 717 867 930 902; x_wconf 74' lang='lat' dir='ltr'><strong>incarnaretur),</strong></span> <span class='ocrx_word' id='word_1_154' title='bbox 960 867 1012 894; x_wconf 80' lang='lat' dir='ltr'><strong>llu-</strong></span> 
     </span>
    </p>
   </div>
   <div class='ocr_carea' id='block_1_24' title="bbox 225 912 1012 947">
    <p class='ocr_par' dir='ltr' id='par_1_24' title="bbox 225 912 1012 947">
     <span class='ocr_line' id='line_1_24' title="bbox 225 912 1012 947; baseline 0.003 -9"><span class='ocrx_word' id='word_1_155' title='bbox 225 915 336 938; x_wconf 85' lang='lat' dir='ltr'><strong>ctuaute</strong></span> <span class='ocrx_word' id='word_1_156' title='bbox 352 912 440 939; x_wconf 86' lang='lat' dir='ltr'><strong>adhuc</strong></span> <span class='ocrx_word' id='word_1_157' title='bbox 457 917 538 947; x_wconf 84' lang='lat' dir='ltr'><strong>atque</strong></span> <span class='ocrx_word' id='word_1_158' title='bbox 552 913 694 940; x_wconf 89' lang='lat' dir='ltr'><strong>dubitante</strong></span> <span class='ocrx_word' id='word_1_159' title='bbox 713 916 791 940; x_wconf 89' lang='lat' dir='ltr'><strong>erant</strong></span> <span class='ocrx_word' id='word_1_160' title='bbox 804 913 905 940; x_wconf 87' lang='lat' dir='ltr'><strong>animo.</strong></span> <span class='ocrx_word' id='word_1_161' title='bbox 921 912 1012 945; x_wconf 78' lang='lat' dir='ltr'><strong>Quare</strong></span> 
     </span>
    </p>
   </div>
   <div class='ocr_carea' id='block_1_25' title="bbox 225 957 1013 992">
    <p class='ocr_par' dir='ltr' id='par_1_25' title="bbox 225 957 1013 992">
     <span class='ocr_line' id='line_1_25' title="bbox 225 957 1013 992; baseline 0.003 -10"><span class='ocrx_word' id='word_1_162' title='bbox 225 963 287 982; x_wconf 89' lang='lat' dir='ltr'><strong>cum</strong></span> <span class='ocrx_word' id='word_1_163' title='bbox 302 957 395 990; x_wconf 85' lang='lat' dir='ltr'><strong>paucis</strong></span> <span class='ocrx_word' id='word_1_164' title='bbox 420 965 502 984; x_wconf 77' lang='lat' dir='ltr'><strong>senex</strong></span> <span class='ocrx_word' id='word_1_165' title='bbox 518 958 597 992; x_wconf 91' lang='lat' dir='ltr'><strong>quasi</strong></span> <span class='ocrx_word' id='word_1_166' title='bbox 620 958 762 984; x_wconf 83' lang='lat' dir='ltr'><strong>elementis</strong></span> <span class='ocrx_word' id='word_1_167' title='bbox 787 965 847 992; x_wconf 72' lang='lat' dir='ltr'><strong>qua:</strong></span> <span class='ocrx_word' id='word_1_168' title='bbox 863 958 938 992; x_wconf 90' lang='lat' dir='ltr'><strong>pueri</strong></span> <span class='ocrx_word' id='word_1_169' title='bbox 955 957 1013 984; x_wconf 78' lang='lat' dir='ltr'><strong>dei~</strong></span> 
     </span>
    </p>
   </div>
   <div class='ocr_carea' id='block_1_26' title="bbox 226 1002 1013 1037">
    <p class='ocr_par' dir='ltr' id='par_1_26' title="bbox 226 1002 1013 1037">
     <span class='ocr_line' id='line_1_26' title="bbox 226 1002 1013 1037; baseline 0.004 -11"><span class='ocrx_word' id='word_1_170' title='bbox 226 1004 308 1028; x_wconf 84' lang='lat' dir='ltr'><strong>tatem</strong></span> <span class='ocrx_word' id='word_1_171' title='bbox 324 1003 483 1036; x_wconf 84' lang='lat' dir='ltr'><strong>spectabant</strong></span> <span class='ocrx_word' id='word_1_172' title='bbox 497 1002 664 1034; x_wconf 83' lang='lat' dir='ltr'><strong>tradidisset,</strong></span> <span class='ocrx_word' id='word_1_173' title='bbox 678 1003 739 1030; x_wconf 91' lang='lat' dir='ltr'><strong>illos</strong></span> <span class='ocrx_word' id='word_1_174' title='bbox 755 1002 884 1037; x_wconf 90' lang='lat' dir='ltr'><strong>deinceps</strong></span> <span class='ocrx_word' id='word_1_175' title='bbox 900 1003 1013 1037; x_wconf 85' lang='lat' dir='ltr'><strong>alloqui-</strong></span> 
     </span>
    </p>
   </div>
   <div class='ocr_carea' id='block_1_27' title="bbox 225 1046 1012 1083">
    <p class='ocr_par' dir='ltr' id='par_1_27' title="bbox 225 1046 1012 1083">
     <span class='ocr_line' id='line_1_27' title="bbox 225 1046 1012 1083; baseline 0.003 -11"><span class='ocrx_word' id='word_1_176' title='bbox 225 1050 280 1077; x_wconf 87' lang='lat' dir='ltr'><strong>tur,</strong></span> <span class='ocrx_word' id='word_1_177' title='bbox 296 1046 476 1080; x_wconf 77' lang='lat' dir='ltr'><strong>benedicens,</strong></span> <span class='ocrx_word' id='word_1_178' title='bbox 502 1056 538 1075; x_wconf 84' lang='lat' dir='ltr'><strong>ac</strong></span> <span class='ocrx_word' id='word_1_179' title='bbox 553 1049 648 1075; x_wconf 85' lang='lat' dir='ltr'><strong>beatos</strong></span> <span class='ocrx_word' id='word_1_180' title='bbox 665 1048 726 1075; x_wconf 90' lang='lat' dir='ltr'><strong>illos</strong></span> <span class='ocrx_word' id='word_1_181' title='bbox 742 1048 892 1082; x_wconf 66' lang='lat' dir='ltr'><strong>praedicans</strong></span> <span class='ocrx_word' id='word_1_182' title='bbox 905 1067 913 1079; x_wconf 91' lang='lat'><strong>,</strong></span> <span class='ocrx_word' id='word_1_183' title='bbox 939 1048 1012 1083; x_wconf 89' lang='lat' dir='ltr'><strong>quod</strong></span> 
     </span>
    </p>
   </div>
   <div class='ocr_carea' id='block_1_28' title="bbox 225 1093 1011 1128">
    <p class='ocr_par' dir='ltr' id='par_1_28' title="bbox 225 1093 1011 1128">
     <span class='ocr_line' id='line_1_28' title="bbox 225 1093 1011 1128; baseline 0.004 -10"><span class='ocrx_word' id='word_1_184' title='bbox 225 1096 318 1119; x_wconf 87' lang='lat' dir='ltr'><strong>essent</strong></span> <span class='ocrx_word' id='word_1_185' title='bbox 332 1094 490 1120; x_wconf 70' lang='lat' dir='ltr'><strong>(economiae</strong></span> <span class='ocrx_word' id='word_1_186' title='bbox 505 1094 578 1120; x_wconf 87' lang='lat' dir='ltr'><strong>illius</strong></span> <span class='ocrx_word' id='word_1_187' title='bbox 596 1093 768 1126; x_wconf 88' lang='lat' dir='ltr'><strong>administri;</strong></span> <span class='ocrx_word' id='word_1_188' title='bbox 786 1101 817 1121; x_wconf 86' lang='lat' dir='ltr'><strong>ea</strong></span> <span class='ocrx_word' id='word_1_189' title='bbox 828 1102 888 1128; x_wconf 66' lang='lat' dir='ltr'><strong>quae</strong></span> <span class='ocrx_word' id='word_1_190' title='bbox 903 1102 1011 1121; x_wconf 86' lang='lat' dir='ltr'><strong>crucem</strong></span> 
     </span>
    </p>
   </div>
   <div class='ocr_carea' id='block_1_29' title="bbox 226 1138 908 1174">
    <p class='ocr_par' dir='ltr' id='par_1_29' title="bbox 226 1138 908 1174">
     <span class='ocr_line' id='line_1_29' title="bbox 226 1138 908 1174; baseline 0.004 -10"><span class='ocrx_word' id='word_1_191' title='bbox 226 1138 386 1172; x_wconf 81' lang='lat' dir='ltr'><strong>spectabant</strong></span> <span class='ocrx_word' id='word_1_192' title='bbox 400 1139 501 1173; x_wconf 87' lang='lat' dir='ltr'><strong>optime</strong></span> <span class='ocrx_word' id='word_1_193' title='bbox 517 1143 544 1166; x_wconf 90' lang='lat' dir='ltr'><strong>et</strong></span> <span class='ocrx_word' id='word_1_194' title='bbox 555 1139 759 1167; x_wconf 84' lang='lat' dir='ltr'><strong>absolutissime</strong></span> <span class='ocrx_word' id='word_1_195' title='bbox 774 1140 908 1174; x_wconf 53' lang='lat' dir='ltr'><strong>praedixit.</strong></span> 
     </span>
    </p>
   </div>
   <div class='ocr_carea' id='block_1_30' title="bbox 260 1267 1014 1307">
    <p class='ocr_par' dir='ltr' id='par_1_30' title="bbox 260 1267 1014 1307">
     <span class='ocr_line' id='line_1_30' title="bbox 260 1267 1014 1307; baseline 0.008 -13"><span class='ocrx_word' id='word_1_196' title='bbox 260 1267 304 1295; x_wconf 80' lang='grc'><strong>15.</strong></span> <span class='ocrx_word' id='word_1_197' title='bbox 323 1277 332 1293; x_wconf 78' lang='grc' dir='ltr'><strong>ι</strong></span> <span class='ocrx_word' id='word_1_198' title='bbox 354 1268 494 1296; x_wconf 77' lang='lat' dir='ltr'><strong>Benedixit</strong></span> <span class='ocrx_word' id='word_1_199' title='bbox 517 1269 600 1302; x_wconf 86' lang='lat' dir='ltr'><strong>enim,</strong></span> <span class='ocrx_word' id='word_1_200' title='bbox 617 1269 715 1304; x_wconf 91' lang='lat' dir='ltr'><strong>inquit,</strong></span> <span class='ocrx_word' id='word_1_201' title='bbox 729 1269 784 1298; x_wconf 87' lang='lat' dir='ltr'><strong>illis</strong></span> <span class='ocrx_word' id='word_1_202' title='bbox 798 1270 925 1307; x_wconf 86' lang='lat' dir='ltr'><strong>Symeon,</strong></span> <span class='ocrx_word' id='word_1_203' title='bbox 937 1276 964 1299; x_wconf 87' lang='lat' dir='ltr'><strong>et</strong></span> <span class='ocrx_word' id='word_1_204' title='bbox 975 1273 1014 1300; x_wconf 88' lang='lat' dir='ltr'><strong>di-</strong></span> 
     </span>
    </p>
   </div>
   <div class='ocr_carea' id='block_1_31' title="bbox 225 1313 1012 1353">
    <p class='ocr_par' dir='ltr' id='par_1_31' title="bbox 225 1313 1012 1353">
     <span class='ocr_line' id='line_1_31' title="bbox 225 1313 1012 1353; baseline 0.008 -13"><span class='ocrx_word' id='word_1_205' title='bbox 225 1313 265 1341; x_wconf 74' lang='lat' dir='ltr'><strong>xit</strong></span> <span class='ocrx_word' id='word_1_206' title='bbox 278 1313 312 1340; x_wconf 89' lang='lat' dir='ltr'><strong>ad</strong></span> <span class='ocrx_word' id='word_1_207' title='bbox 329 1314 439 1340; x_wconf 83' lang='lat' dir='ltr'><strong>Mariam</strong></span> <span class='ocrx_word' id='word_1_208' title='bbox 463 1314 574 1341; x_wconf 81' lang='lat' dir='ltr'><strong>Matrem</strong></span> <span class='ocrx_word' id='word_1_209' title='bbox 589 1315 667 1349; x_wconf 89' lang='lat' dir='ltr'><strong>ejus:</strong></span> <span class='ocrx_word' id='word_1_210' title='bbox 692 1315 761 1344; x_wconf 89' lang='lat' dir='ltr'><strong>Ecce</strong></span> <span class='ocrx_word' id='word_1_211' title='bbox 783 1317 828 1344; x_wconf 86' lang='lat' dir='ltr'><strong>hic</strong></span> <span class='ocrx_word' id='word_1_212' title='bbox 848 1319 954 1353; x_wconf 84' lang='lat' dir='ltr'><strong>positus</strong></span> <span class='ocrx_word' id='word_1_213' title='bbox 967 1323 1012 1346; x_wconf 88' lang='lat' dir='ltr'><strong>est</strong></span> 
     </span>
    </p>
   </div>
   <div class='ocr_carea' id='block_1_32' title="bbox 225 1360 1014 1392">
    <p class='ocr_par' dir='ltr' id='par_1_32' title="bbox 225 1360 1014 1392">
     <span class='ocr_line' id='line_1_32' title="bbox 225 1360 1014 1392; baseline 0.006 -7"><span class='ocrx_word' id='word_1_214' title='bbox 225 1360 253 1386; x_wconf 90' lang='lat' dir='ltr'><strong>in</strong></span> <span class='ocrx_word' id='word_1_215' title='bbox 265 1361 382 1392; x_wconf 83' lang='lat' dir='ltr'><strong>ruinam,</strong></span> <span class='ocrx_word' id='word_1_216' title='bbox 399 1361 469 1387; x_wconf 90' lang='lat' dir='ltr'><strong>etin</strong></span> <span class='ocrx_word' id='word_1_217' title='bbox 497 1362 727 1389; x_wconf 87' lang='lat' dir='ltr'><strong>resurrectionem</strong></span> <span class='ocrx_word' id='word_1_218' title='bbox 751 1363 901 1390; x_wconf 90' lang='lat' dir='ltr'><strong>multorum</strong></span> <span class='ocrx_word' id='word_1_219' title='bbox 925 1364 952 1390; x_wconf 81' lang='lat' dir='ltr'><strong>in</strong></span> <span class='ocrx_word' id='word_1_220' title='bbox 975 1363 1014 1391; x_wconf 81' lang='lat' dir='ltr'><strong>ls-</strong></span> 
     </span>
    </p>
   </div>
   <div class='ocr_carea' id='block_1_33' title="bbox 225 1406 1014 1440">
    <p class='ocr_par' dir='ltr' id='par_1_33' title="bbox 225 1406 1014 1440">
     <span class='ocr_line' id='line_1_33' title="bbox 225 1406 1014 1440; baseline 0.005 -8"><span class='ocrx_word' id='word_1_221' title='bbox 225 1406 280 1432; x_wconf 89' lang='lat' dir='ltr'><strong>rael</strong></span> <span class='ocrx_word' id='word_1_222' title='bbox 295 1415 301 1432; x_wconf 85' lang='lat'>:</span> <span class='ocrx_word' id='word_1_223' title='bbox 321 1411 346 1433; x_wconf 88' lang='lat' dir='ltr'><strong>et</strong></span> <span class='ocrx_word' id='word_1_224' title='bbox 361 1406 388 1432; x_wconf 92' lang='lat' dir='ltr'><strong>iu</strong></span> <span class='ocrx_word' id='word_1_225' title='bbox 405 1407 512 1440; x_wconf 75' lang='lat' dir='ltr'><strong>signum</strong></span> <span class='ocrx_word' id='word_1_226' title='bbox 529 1407 573 1434; x_wconf 88' lang='lat' dir='ltr'><strong>cui</strong></span> <span class='ocrx_word' id='word_1_227' title='bbox 593 1407 797 1435; x_wconf 84' lang='lat' dir='ltr'><strong>contradicetur</strong></span> <span class='ocrx_word' id='word_1_228' title='bbox 807 1409 840 1434; x_wconf 77' lang='lat'>”.</span> <span class='ocrx_word' id='word_1_229' title='bbox 870 1419 880 1435; x_wconf 72' lang='grc' dir='ltr'><strong>ι</strong></span> <span class='ocrx_word' id='word_1_230' title='bbox 896 1410 1014 1436; x_wconf 84' lang='lat' dir='ltr'><strong>Contra-</strong></span> 
     </span>
    </p>
   </div>
   <div class='ocr_carea' id='block_1_34' title="bbox 1098 357 1863 394">
    <p class='ocr_par' dir='ltr' id='par_1_34' title="bbox 1098 357 1863 394">
     <span class='ocr_line' id='line_1_34' title="bbox 1098 357 1863 394; baseline -0.001 -7"><span class='ocrx_word' id='word_1_231' title='bbox 1098 359 1141 387; x_wconf 76' lang='grc' dir='ltr'><strong>Η.</strong></span> <span class='ocrx_word' id='word_1_232' title='bbox 1168 359 1196 386; x_wconf 80' lang='grc' dir='ltr'><strong>Ὀ</strong></span> <span class='ocrx_word' id='word_1_233' title='bbox 1216 359 1244 385; x_wconf 79' lang='grc' dir='ltr'>δὲ</span> <span class='ocrx_word' id='word_1_234' title='bbox 1267 359 1365 393; x_wconf 73' lang='grc' dir='ltr'>Ἰωσὴφ</span> <span class='ocrx_word' id='word_1_235' title='bbox 1388 358 1464 393; x_wconf 79' lang='grc' dir='ltr'>καὶὴ</span> <span class='ocrx_word' id='word_1_236' title='bbox 1485 358 1574 394; x_wconf 80' lang='grc' dir='ltr'><strong>μήτηρ</strong></span> <span class='ocrx_word' id='word_1_237' title='bbox 1591 357 1684 389; x_wconf 76' lang='grc' dir='ltr'>αὑτοῦ,</span> <span class='ocrx_word' id='word_1_238' title='bbox 1707 368 1716 383; x_wconf 86' lang='grc'><strong>‹</strong></span> <span class='ocrx_word' id='word_1_239' title='bbox 1743 358 1863 394; x_wconf 83' lang='grc' dir='ltr'>Θαυμά-</span> 
     </span>
    </p>
   </div>
   <div class='ocr_carea' id='block_1_35' title="bbox 1062 402 1862 439">
    <p class='ocr_par' dir='ltr' id='par_1_35' title="bbox 1062 402 1862 439">
     <span class='ocr_line' id='line_1_35' title="bbox 1062 402 1862 439; baseline -0.001 -8"><span class='ocrx_word' id='word_1_240' title='bbox 1062 405 1172 438; x_wconf 80' lang='grc' dir='ltr'>ζοντες,</span> <span class='ocrx_word' id='word_1_241' title='bbox 1205 405 1307 439; x_wconf 75' lang='grc' dir='ltr'>φησὶν.</span> <span class='ocrx_word' id='word_1_242' title='bbox 1337 402 1405 438; x_wconf 79' lang='grc' dir='ltr'>ἦσαν</span> <span class='ocrx_word' id='word_1_243' title='bbox 1430 403 1476 429; x_wconf 75' lang='grc' dir='ltr'><strong>ἐπὶ</strong></span> <span class='ocrx_word' id='word_1_244' title='bbox 1502 404 1557 434; x_wconf 81' lang='grc' dir='ltr'>τοῖς</span> <span class='ocrx_word' id='word_1_245' title='bbox 1586 403 1760 438; x_wconf 77' lang='grc' dir='ltr'><strong>λαλουμένοις</strong></span> <span class='ocrx_word' id='word_1_246' title='bbox 1788 405 1862 439; x_wconf 76' lang='grc' dir='ltr'>περὶ</span> 
     </span>
    </p>
   </div>
   <div class='ocr_carea' id='block_1_36' title="bbox 1062 446 1862 485">
    <p class='ocr_par' dir='ltr' id='par_1_36' title="bbox 1062 446 1862 485">
     <span class='ocr_line' id='line_1_36' title="bbox 1062 446 1862 485; baseline -0.003 -8"><span class='ocrx_word' id='word_1_247' title='bbox 1062 450 1155 477; x_wconf 76' lang='grc' dir='ltr'>αὑτοῦ.</span> <span class='ocrx_word' id='word_1_248' title='bbox 1177 459 1187 477; x_wconf 75' lang='grc' dir='ltr'><strong>ι</strong></span> <span class='ocrx_word' id='word_1_249' title='bbox 1211 448 1379 485; x_wconf 77' lang='grc' dir='ltr'>Ἐθαύμαζον</span> <span class='ocrx_word' id='word_1_250' title='bbox 1398 449 1435 481; x_wconf 81' lang='grc' dir='ltr'>δὲ,</span> <span class='ocrx_word' id='word_1_251' title='bbox 1459 450 1541 484; x_wconf 88' lang='grc' dir='ltr'>μήπω</span> <span class='ocrx_word' id='word_1_252' title='bbox 1558 449 1672 481; x_wconf 82' lang='grc' dir='ltr'>τελείαν,</span> <span class='ocrx_word' id='word_1_253' title='bbox 1691 446 1780 484; x_wconf 82' lang='grc' dir='ltr'>οἶμαι,</span> <span class='ocrx_word' id='word_1_254' title='bbox 1807 449 1862 476; x_wconf 83' lang='grc' dir='ltr'>λα-</span> 
     </span>
    </p>
   </div>
   <div class='ocr_carea' id='block_1_37' title="bbox 1063 495 1861 532">
    <p class='ocr_par' dir='ltr' id='par_1_37' title="bbox 1063 495 1861 532">
     <span class='ocr_line' id='line_1_37' title="bbox 1063 495 1861 532; baseline -0.001 -10"><span class='ocrx_word' id='word_1_255' title='bbox 1063 496 1154 528; x_wconf 75' lang='grc' dir='ltr'>ὕὸντες</span> <span class='ocrx_word' id='word_1_256' title='bbox 1173 496 1355 531; x_wconf 68' lang='grc' dir='ltr'><strong>πληροφορίαν</strong></span> <span class='ocrx_word' id='word_1_257' title='bbox 1371 495 1419 530; x_wconf 77' lang='grc' dir='ltr'>τῆς</span> <span class='ocrx_word' id='word_1_258' title='bbox 1431 495 1525 521; x_wconf 80' lang='grc' dir='ltr'>τούτου</span> <span class='ocrx_word' id='word_1_259' title='bbox 1539 495 1663 530; x_wconf 78' lang='grc' dir='ltr'><strong>θεότητος</strong></span> <span class='ocrx_word' id='word_1_260' title='bbox 1673 503 1679 510; x_wconf 87' lang='grc'><strong>·</strong></span> <span class='ocrx_word' id='word_1_261' title='bbox 1697 495 1787 522; x_wconf 81' lang='grc' dir='ltr'>καίτοι</span> <span class='ocrx_word' id='word_1_262' title='bbox 1806 497 1861 532; x_wconf 78' lang='grc' dir='ltr'><strong>ἁρ-</strong></span> 
     </span>
    </p>
   </div>
   <div class='ocr_carea' id='block_1_38' title="bbox 1063 540 1857 576">
    <p class='ocr_par' dir='ltr' id='par_1_38' title="bbox 1063 540 1857 576">
     <span class='ocr_line' id='line_1_38' title="bbox 1063 540 1857 576; baseline -0.001 -9"><span class='ocrx_word' id='word_1_263' title='bbox 1063 542 1182 567; x_wconf 74' lang='grc' dir='ltr'>κούντων</span> <span class='ocrx_word' id='word_1_264' title='bbox 1197 541 1250 567; x_wconf 79' lang='grc' dir='ltr'>τῶν</span> <span class='ocrx_word' id='word_1_265' title='bbox 1263 540 1332 567; x_wconf 82' lang='grc' dir='ltr'>κατὰ</span> <span class='ocrx_word' id='word_1_266' title='bbox 1344 541 1392 576; x_wconf 80' lang='grc' dir='ltr'>τὴν</span> <span class='ocrx_word' id='word_1_267' title='bbox 1411 540 1536 575; x_wconf 80' lang='grc' dir='ltr'><strong>γέννησιν</strong></span> <span class='ocrx_word' id='word_1_268' title='bbox 1550 540 1696 575; x_wconf 75' lang='grc' dir='ltr'><strong>θαυμάτων</strong></span> <span class='ocrx_word' id='word_1_269' title='bbox 1706 550 1712 555; x_wconf 95' lang='grc'><strong>·</strong></span> <span class='ocrx_word' id='word_1_270' title='bbox 1726 541 1857 574; x_wconf 75' lang='grc' dir='ltr'>ἐκείνων,</span> 
     </span>
    </p>
   </div>
   <div class='ocr_carea' id='block_1_39' title="bbox 1062 586 1857 622">
    <p class='ocr_par' dir='ltr' id='par_1_39' title="bbox 1062 586 1857 622">
     <span class='ocr_line' id='line_1_39' title="bbox 1062 586 1857 622; baseline 0 -9"><span class='ocrx_word' id='word_1_271' title='bbox 1062 588 1144 622; x_wconf 76' lang='grc' dir='ltr'>φημὶ,</span> <span class='ocrx_word' id='word_1_272' title='bbox 1166 587 1220 614; x_wconf 83' lang='grc' dir='ltr'>τῶν</span> <span class='ocrx_word' id='word_1_273' title='bbox 1236 588 1306 614; x_wconf 76' lang='grc' dir='ltr'>κατὰ</span> <span class='ocrx_word' id='word_1_274' title='bbox 1323 587 1385 619; x_wconf 71' lang='grc' dir='ltr'>τοὺς</span> <span class='ocrx_word' id='word_1_275' title='bbox 1414 586 1516 621; x_wconf 75' lang='grc' dir='ltr'>μάγους</span> <span class='ocrx_word' id='word_1_276' title='bbox 1541 587 1587 612; x_wconf 80' lang='grc' dir='ltr'><strong>καὶ</strong></span> <span class='ocrx_word' id='word_1_277' title='bbox 1612 587 1674 618; x_wconf 77' lang='grc' dir='ltr'>τοὺς</span> <span class='ocrx_word' id='word_1_278' title='bbox 1699 587 1857 621; x_wconf 78' lang='grc' dir='ltr'>ποιμένας-</span> 
     </span>
    </p>
   </div>
   <div class='ocr_carea' id='block_1_40' title="bbox 1061 633 1859 668">
    <p class='ocr_par' dir='ltr' id='par_1_40' title="bbox 1061 633 1859 668">
     <span class='ocr_line' id='line_1_40' title="bbox 1061 633 1859 668; baseline 0.003 -10"><span class='ocrx_word' id='word_1_279' title='bbox 1061 633 1100 659; x_wconf 82' lang='grc' dir='ltr'>ἔτι</span> <span class='ocrx_word' id='word_1_280' title='bbox 1116 641 1145 659; x_wconf 87' lang='grc' dir='ltr'><strong>τε</strong></span> <span class='ocrx_word' id='word_1_281' title='bbox 1161 634 1210 667; x_wconf 79' lang='grc' dir='ltr'>τῆς</span> <span class='ocrx_word' id='word_1_282' title='bbox 1225 633 1353 668; x_wconf 70' lang='grc' dir='ltr'>διαφόρου</span> <span class='ocrx_word' id='word_1_283' title='bbox 1378 633 1433 658; x_wconf 81' lang='grc' dir='ltr'>τῶν</span> <span class='ocrx_word' id='word_1_284' title='bbox 1457 633 1579 667; x_wconf 87' lang='grc' dir='ltr'>ἀγγέλων</span> <span class='ocrx_word' id='word_1_285' title='bbox 1604 633 1775 665; x_wconf 76' lang='grc' dir='ltr'><strong>ἐπιστασίας,</strong></span> <span class='ocrx_word' id='word_1_286' title='bbox 1805 634 1859 660; x_wconf 80' lang='grc' dir='ltr'>καὶ</span> 
     </span>
    </p>
   </div>
   <div class='ocr_carea' id='block_1_41' title="bbox 1060 679 1858 716">
    <p class='ocr_par' dir='ltr' id='par_1_41' title="bbox 1060 679 1858 716">
     <span class='ocr_line' id='line_1_41' title="bbox 1060 679 1858 716; baseline 0.001 -11"><span class='ocrx_word' id='word_1_287' title='bbox 1060 679 1107 706; x_wconf 84' lang='grc' dir='ltr'>τοῦ</span> <span class='ocrx_word' id='word_1_288' title='bbox 1121 680 1228 706; x_wconf 80' lang='grc' dir='ltr'>πάντων</span> <span class='ocrx_word' id='word_1_289' title='bbox 1245 679 1392 714; x_wconf 72' lang='grc' dir='ltr'><strong>θαυμάτων</strong></span> <span class='ocrx_word' id='word_1_290' title='bbox 1408 679 1535 706; x_wconf 77' lang='grc' dir='ltr'><strong>ἐπέκεινα</strong></span> <span class='ocrx_word' id='word_1_291' title='bbox 1551 679 1700 715; x_wconf 72' lang='grc' dir='ltr'><strong>θαύματος,</strong></span> <span class='ocrx_word' id='word_1_292' title='bbox 1714 680 1765 714; x_wconf 79' lang='grc' dir='ltr'><strong>τῆς</strong></span> <span class='ocrx_word' id='word_1_293' title='bbox 1782 689 1858 716; x_wconf 77' lang='grc' dir='ltr'>παρ-</span> 
     </span>
    </p>
   </div>
   <div class='ocr_carea' id='block_1_42' title="bbox 1061 724 1858 761">
    <p class='ocr_par' dir='ltr' id='par_1_42' title="bbox 1061 724 1858 761">
     <span class='ocr_line' id='line_1_42' title="bbox 1061 724 1858 761; baseline 0.001 -10"><span class='ocrx_word' id='word_1_294' title='bbox 1061 724 1152 756; x_wconf 85' lang='grc' dir='ltr'>θενίας</span> <span class='ocrx_word' id='word_1_295' title='bbox 1167 726 1183 760; x_wconf 89' lang='grc' dir='ltr'><strong>ἡ</strong></span> <span class='ocrx_word' id='word_1_296' title='bbox 1202 725 1308 761; x_wconf 74' lang='grc' dir='ltr'>φυλακὴ</span> <span class='ocrx_word' id='word_1_297' title='bbox 1324 726 1370 751; x_wconf 73' lang='grc' dir='ltr'><strong>καὶ</strong></span> <span class='ocrx_word' id='word_1_298' title='bbox 1384 727 1546 761; x_wconf 77' lang='grc' dir='ltr'>συντήρησις</span> <span class='ocrx_word' id='word_1_299' title='bbox 1559 726 1627 761; x_wconf 76' lang='grc' dir='ltr'>πρὸς</span> <span class='ocrx_word' id='word_1_300' title='bbox 1639 725 1744 752; x_wconf 85' lang='grc' dir='ltr'>τελείαν</span> <span class='ocrx_word' id='word_1_301' title='bbox 1755 726 1858 752; x_wconf 79' lang='grc' dir='ltr'>τούτου</span> 
     </span>
    </p>
   </div>
   <div class='ocr_carea' id='block_1_43' title="bbox 1063 771 1857 808">
    <p class='ocr_par' dir='ltr' id='par_1_43' title="bbox 1063 771 1857 808">
     <span class='ocr_line' id='line_1_43' title="bbox 1063 771 1857 808; baseline 0.004 -12"><span class='ocrx_word' id='word_1_302' title='bbox 1063 771 1248 807; x_wconf 77' lang='grc' dir='ltr'><strong>πληροφορίαν</strong></span> <span class='ocrx_word' id='word_1_303' title='bbox 1272 771 1319 798; x_wconf 73' lang='grc' dir='ltr'>καὶ</span> <span class='ocrx_word' id='word_1_304' title='bbox 1341 772 1548 805; x_wconf 73' lang='grc' dir='ltr'>συγκατάθεσιν.</span> <span class='ocrx_word' id='word_1_305' title='bbox 1580 772 1649 798; x_wconf 79' lang='grc' dir='ltr'>Ἀλλ’</span> <span class='ocrx_word' id='word_1_306' title='bbox 1672 773 1756 807; x_wconf 84' lang='grc' dir='ltr'>ὅμως,</span> <span class='ocrx_word' id='word_1_307' title='bbox 1784 773 1857 808; x_wconf 64' lang='grc' dir='ltr'>πρὸς</span> 
     </span>
    </p>
   </div>
   <div class='ocr_carea' id='block_1_44' title="bbox 1062 815 1858 853">
    <p class='ocr_par' dir='ltr' id='par_1_44' title="bbox 1062 815 1858 853">
     <span class='ocr_line' id='line_1_44' title="bbox 1062 815 1858 853; baseline 0.003 -11"><span class='ocrx_word' id='word_1_308' title='bbox 1062 816 1107 843; x_wconf 74' lang='grc' dir='ltr'>τὸν</span> <span class='ocrx_word' id='word_1_309' title='bbox 1127 816 1208 850; x_wconf 76' lang='grc' dir='ltr'>ὄγκον</span> <span class='ocrx_word' id='word_1_310' title='bbox 1222 815 1443 848; x_wconf 74' lang='grc' dir='ltr'><strong>ἀποσκοποῦντες</strong></span> <span class='ocrx_word' id='word_1_311' title='bbox 1460 816 1506 843; x_wconf 79' lang='grc' dir='ltr'>τοῦ</span> <span class='ocrx_word' id='word_1_312' title='bbox 1531 817 1678 853; x_wconf 73' lang='grc' dir='ltr'><strong>θαύματος,</strong></span> <span class='ocrx_word' id='word_1_313' title='bbox 1692 819 1739 844; x_wconf 71' lang='grc' dir='ltr'>καὶ</span> <span class='ocrx_word' id='word_1_314' title='bbox 1751 818 1801 853; x_wconf 75' lang='grc' dir='ltr'>τὴν</span> <span class='ocrx_word' id='word_1_315' title='bbox 1816 819 1858 844; x_wconf 77' lang='grc' dir='ltr'><strong>οι-</strong></span> 
     </span>
    </p>
   </div>
   <div class='ocr_carea' id='block_1_45' title="bbox 1063 862 1857 898">
    <p class='ocr_par' dir='ltr' id='par_1_45' title="bbox 1063 862 1857 898">
     <span class='ocr_line' id='line_1_45' title="bbox 1063 862 1857 898; baseline 0.004 -11"><span class='ocrx_word' id='word_1_316' title='bbox 1063 862 1139 888; x_wconf 84' lang='grc' dir='ltr'>κείαν</span> <span class='ocrx_word' id='word_1_317' title='bbox 1158 862 1298 888; x_wconf 69' lang='grc' dir='ltr'>εὐλάϐειαν</span> <span class='ocrx_word' id='word_1_318' title='bbox 1317 862 1478 897; x_wconf 78' lang='grc' dir='ltr'>χαλινοῦσαν</span> <span class='ocrx_word' id='word_1_319' title='bbox 1497 864 1559 895; x_wconf 82' lang='grc' dir='ltr'>τοὺς</span> <span class='ocrx_word' id='word_1_320' title='bbox 1575 863 1720 898; x_wconf 71' lang='grc' dir='ltr'>λογισμοὺς</span> <span class='ocrx_word' id='word_1_321' title='bbox 1744 863 1857 898; x_wconf 76' lang='grc' dir='ltr'>ἔχοντες</span> 
     </span>
    </p>
   </div>
   <div class='ocr_carea' id='block_1_46' title="bbox 1063 908 1856 945">
    <p class='ocr_par' dir='ltr' id='par_1_46' title="bbox 1063 908 1856 945">
     <span class='ocr_line' id='line_1_46' title="bbox 1063 908 1856 945; baseline 0.001 -10"><span class='ocrx_word' id='word_1_322' title='bbox 1063 908 1146 943; x_wconf 78' lang='grc' dir='ltr'>(μέγα</span> <span class='ocrx_word' id='word_1_323' title='bbox 1168 909 1222 943; x_wconf 74' lang='grc' dir='ltr'><strong>γὰρ</strong></span> <span class='ocrx_word' id='word_1_324' title='bbox 1248 909 1295 935; x_wconf 79' lang='grc' dir='ltr'>καὶ</span> <span class='ocrx_word' id='word_1_325' title='bbox 1313 910 1372 935; x_wconf 78' lang='grc' dir='ltr'>κατ’</span> <span class='ocrx_word' id='word_1_326' title='bbox 1400 909 1528 944; x_wconf 78' lang='grc' dir='ltr'>ἀλήθειαν</span> <span class='ocrx_word' id='word_1_327' title='bbox 1551 909 1580 936; x_wconf 78' lang='grc' dir='ltr'>ὃν</span> <span class='ocrx_word' id='word_1_328' title='bbox 1606 910 1634 936; x_wconf 75' lang='grc' dir='ltr'><strong>τὸ</strong></span> <span class='ocrx_word' id='word_1_329' title='bbox 1662 910 1856 945; x_wconf 75' lang='grc' dir='ltr'>σεσαρκῶσθαι</span> 
     </span>
    </p>
   </div>
   <div class='ocr_carea' id='block_1_47' title="bbox 1062 953 1857 991">
    <p class='ocr_par' dir='ltr' id='par_1_47' title="bbox 1062 953 1857 991">
     <span class='ocr_line' id='line_1_47' title="bbox 1062 953 1857 991; baseline 0 -10"><span class='ocrx_word' id='word_1_330' title='bbox 1062 955 1128 982; x_wconf 77' lang='grc' dir='ltr'>Θεὸν</span> <span class='ocrx_word' id='word_1_331' title='bbox 1153 955 1363 991; x_wconf 75' lang='grc' dir='ltr'>ὑπελάμϐανον),</span> <span class='ocrx_word' id='word_1_332' title='bbox 1382 955 1422 982; x_wconf 77' lang='grc' dir='ltr'>ἔτι</span> <span class='ocrx_word' id='word_1_333' title='bbox 1443 955 1487 982; x_wconf 77' lang='grc' dir='ltr'>τὸν</span> <span class='ocrx_word' id='word_1_334' title='bbox 1508 955 1569 982; x_wconf 76' lang='grc' dir='ltr'>νοῦν</span> <span class='ocrx_word' id='word_1_335' title='bbox 1586 955 1762 990; x_wconf 82' lang='grc' dir='ltr'>κλονούμενον</span> <span class='ocrx_word' id='word_1_336' title='bbox 1782 953 1857 990; x_wconf 77' lang='grc' dir='ltr'>εἶχον</span> 
     </span>
    </p>
   </div>
   <div class='ocr_carea' id='block_1_48' title="bbox 1063 1001 1857 1037">
    <p class='ocr_par' dir='ltr' id='par_1_48' title="bbox 1063 1001 1857 1037">
     <span class='ocr_line' id='line_1_48' title="bbox 1063 1001 1857 1037; baseline -0.001 -9"><span class='ocrx_word' id='word_1_337' title='bbox 1063 1002 1110 1028; x_wconf 83' lang='grc' dir='ltr'>καὶ</span> <span class='ocrx_word' id='word_1_338' title='bbox 1133 1001 1346 1036; x_wconf 65' lang='grc' dir='ltr'>ἀμφιῦάλλοντα.</span> <span class='ocrx_word' id='word_1_339' title='bbox 1362 1001 1445 1028; x_wconf 83' lang='grc' dir='ltr'>Ὅθεν</span> <span class='ocrx_word' id='word_1_340' title='bbox 1468 1003 1496 1028; x_wconf 79' lang='grc' dir='ltr'>ἐν</span> <span class='ocrx_word' id='word_1_341' title='bbox 1519 1001 1631 1037; x_wconf 83' lang='grc' dir='ltr'>βραχέσι</span> <span class='ocrx_word' id='word_1_342' title='bbox 1654 1001 1702 1036; x_wconf 81' lang='grc' dir='ltr'>τὴν</span> <span class='ocrx_word' id='word_1_343' title='bbox 1727 1001 1799 1028; x_wconf 76' lang='grc' dir='ltr'>κατὰ</span> <span class='ocrx_word' id='word_1_344' title='bbox 1826 1001 1857 1027; x_wconf 79' lang='grc' dir='ltr'><strong>τὸ</strong></span> 
     </span>
    </p>
   </div>
   <div class='ocr_carea' id='block_1_49' title="bbox 1066 1046 1856 1083">
    <p class='ocr_par' dir='ltr' id='par_1_49' title="bbox 1066 1046 1856 1083">
     <span class='ocr_line' id='line_1_49' title="bbox 1066 1046 1856 1083; baseline 0 -11"><span class='ocrx_word' id='word_1_345' title='bbox 1066 1046 1165 1082; x_wconf 67' lang='grc' dir='ltr'>βρέφος</span> <span class='ocrx_word' id='word_1_346' title='bbox 1185 1046 1322 1080; x_wconf 82' lang='grc' dir='ltr'>θεολογίαν</span> <span class='ocrx_word' id='word_1_347' title='bbox 1345 1049 1358 1074; x_wconf 85' lang='grc' dir='ltr'>ὁ</span> <span class='ocrx_word' id='word_1_348' title='bbox 1381 1047 1502 1083; x_wconf 74' lang='grc' dir='ltr'>πρέσϐυς</span> <span class='ocrx_word' id='word_1_349' title='bbox 1518 1047 1768 1082; x_wconf 76' lang='grc' dir='ltr'>στοιχειωσὰμενος,</span> <span class='ocrx_word' id='word_1_350' title='bbox 1785 1046 1856 1082; x_wconf 77' lang='grc' dir='ltr'>πρὸς</span> 
     </span>
    </p>
   </div>
   <div class='ocr_carea' id='block_1_50' title="bbox 1063 1092 1855 1130">
    <p class='ocr_par' dir='ltr' id='par_1_50' title="bbox 1063 1092 1855 1130">
     <span class='ocr_line' id='line_1_50' title="bbox 1063 1092 1855 1130; baseline -0.001 -11"><span class='ocrx_word' id='word_1_351' title='bbox 1063 1093 1183 1125; x_wconf 77' lang='grc' dir='ltr'>ἐκείνους</span> <span class='ocrx_word' id='word_1_352' title='bbox 1197 1094 1289 1120; x_wconf 77' lang='grc' dir='ltr'>λοιπὸν</span> <span class='ocrx_word' id='word_1_353' title='bbox 1303 1093 1352 1125; x_wconf 81' lang='grc' dir='ltr'><strong>τὰς</strong></span> <span class='ocrx_word' id='word_1_354' title='bbox 1367 1093 1420 1120; x_wconf 83' lang='grc' dir='ltr'>τῶν</span> <span class='ocrx_word' id='word_1_355' title='bbox 1431 1093 1516 1127; x_wconf 79' lang='grc' dir='ltr'>λόγων</span> <span class='ocrx_word' id='word_1_356' title='bbox 1531 1093 1606 1128; x_wconf 78' lang='grc' dir='ltr'>ἡνέας</span> <span class='ocrx_word' id='word_1_357' title='bbox 1624 1092 1855 1130; x_wconf 75' lang='grc' dir='ltr'><strong>μεταχειρίζεται,</strong></span> 
     </span>
    </p>
   </div>
   <div class='ocr_carea' id='block_1_51' title="bbox 1063 1138 1858 1175">
    <p class='ocr_par' dir='ltr' id='par_1_51' title="bbox 1063 1138 1858 1175">
     <span class='ocr_line' id='line_1_51' title="bbox 1063 1138 1858 1175; baseline 0 -11"><span class='ocrx_word' id='word_1_358' title='bbox 1063 1139 1181 1173; x_wconf 80' lang='grc' dir='ltr'>εὐλογῶν</span> <span class='ocrx_word' id='word_1_359' title='bbox 1196 1149 1224 1166; x_wconf 87' lang='grc' dir='ltr'><strong>τε</strong></span> <span class='ocrx_word' id='word_1_360' title='bbox 1244 1139 1353 1171; x_wconf 73' lang='grc' dir='ltr'>τούτους</span> <span class='ocrx_word' id='word_1_361' title='bbox 1370 1140 1417 1166; x_wconf 80' lang='grc' dir='ltr'><strong>καὶ</strong></span> <span class='ocrx_word' id='word_1_362' title='bbox 1432 1139 1589 1175; x_wconf 73' lang='grc' dir='ltr'>μακαρίζων</span> <span class='ocrx_word' id='word_1_363' title='bbox 1610 1141 1658 1174; x_wconf 86' lang='grc' dir='ltr'>τῆς</span> <span class='ocrx_word' id='word_1_364' title='bbox 1673 1139 1737 1174; x_wconf 81' lang='grc' dir='ltr'>περὶ</span> <span class='ocrx_word' id='word_1_365' title='bbox 1751 1138 1800 1174; x_wconf 76' lang='grc' dir='ltr'>τὴν</span> <span class='ocrx_word' id='word_1_366' title='bbox 1817 1141 1858 1165; x_wconf 78' lang='lat' dir='ltr'><strong>ol-</strong></span> 
     </span>
    </p>
   </div>
   <div class='ocr_carea' id='block_1_52' title="bbox 1063 1185 1855 1222">
    <p class='ocr_par' dir='ltr' id='par_1_52' title="bbox 1063 1185 1855 1222">
     <span class='ocr_line' id='line_1_52' title="bbox 1063 1185 1855 1222; baseline 0.001 -12"><span class='ocrx_word' id='word_1_367' title='bbox 1063 1185 1194 1220; x_wconf 84' lang='grc' dir='ltr'>κονομίαν</span> <span class='ocrx_word' id='word_1_368' title='bbox 1216 1186 1369 1217; x_wconf 83' lang='grc' dir='ltr'>διακονίας·</span> <span class='ocrx_word' id='word_1_369' title='bbox 1398 1185 1537 1222; x_wconf 79' lang='grc' dir='ltr'>προλέγων</span> <span class='ocrx_word' id='word_1_370' title='bbox 1553 1193 1582 1212; x_wconf 85' lang='grc' dir='ltr'><strong>τε</strong></span> <span class='ocrx_word' id='word_1_371' title='bbox 1605 1186 1652 1212; x_wconf 79' lang='grc' dir='ltr'>καὶ</span> <span class='ocrx_word' id='word_1_372' title='bbox 1670 1185 1705 1212; x_wconf 78' lang='grc' dir='ltr'><strong>τὰ</strong></span> <span class='ocrx_word' id='word_1_373' title='bbox 1721 1185 1787 1221; x_wconf 71' lang='grc' dir='ltr'>περὶ</span> <span class='ocrx_word' id='word_1_374' title='bbox 1807 1185 1855 1212; x_wconf 75' lang='grc' dir='ltr'>τὸν</span> 
     </span>
    </p>
   </div>
   <div class='ocr_carea' id='block_1_53' title="bbox 1065 1230 1581 1267">
    <p class='ocr_par' dir='ltr' id='par_1_53' title="bbox 1065 1230 1581 1267">
     <span class='ocr_line' id='line_1_53' title="bbox 1065 1230 1581 1267; baseline 0.002 -10"><span class='ocrx_word' id='word_1_375' title='bbox 1065 1231 1180 1267; x_wconf 83' lang='grc' dir='ltr'>σταυρὸν</span> <span class='ocrx_word' id='word_1_376' title='bbox 1196 1231 1296 1267; x_wconf 77' lang='grc' dir='ltr'>ἄριστά</span> <span class='ocrx_word' id='word_1_377' title='bbox 1310 1240 1339 1257; x_wconf 82' lang='grc' dir='ltr'><strong>τε</strong></span> <span class='ocrx_word' id='word_1_378' title='bbox 1354 1232 1401 1258; x_wconf 72' lang='grc' dir='ltr'>καὶ</span> <span class='ocrx_word' id='word_1_379' title='bbox 1419 1230 1581 1258; x_wconf 81' lang='grc' dir='ltr'><strong>τελεώτατα.</strong></span> 
     </span>
    </p>
   </div>
   <div class='ocr_carea' id='block_1_54' title="bbox 1100 1276 1853 1313">
    <p class='ocr_par' dir='ltr' id='par_1_54' title="bbox 1100 1276 1853 1313">
     <span class='ocr_line' id='line_1_54' title="bbox 1100 1276 1853 1313; baseline -0.001 -9"><span class='ocrx_word' id='word_1_380' title='bbox 1100 1278 1144 1304; x_wconf 80' lang='grc'><strong>15.</strong></span> <span class='ocrx_word' id='word_1_381' title='bbox 1168 1287 1176 1303; x_wconf 70' lang='grc' dir='ltr'><strong>ε</strong></span> <span class='ocrx_word' id='word_1_382' title='bbox 1201 1278 1336 1313; x_wconf 73' lang='grc' dir='ltr'>Εὺλόγησε</span> <span class='ocrx_word' id='word_1_383' title='bbox 1367 1277 1431 1313; x_wconf 81' lang='grc' dir='ltr'>γὰρ,</span> <span class='ocrx_word' id='word_1_384' title='bbox 1462 1277 1559 1312; x_wconf 74' lang='grc' dir='ltr'>φησὶν,</span> <span class='ocrx_word' id='word_1_385' title='bbox 1587 1277 1687 1308; x_wconf 78' lang='grc' dir='ltr'>αὐτοὺς</span> <span class='ocrx_word' id='word_1_386' title='bbox 1726 1276 1853 1312; x_wconf 84' lang='grc' dir='ltr'>Συμεὼν.</span> 
     </span>
    </p>
   </div>
   <div class='ocr_carea' id='block_1_55' title="bbox 1064 1321 1852 1360">
    <p class='ocr_par' dir='ltr' id='par_1_55' title="bbox 1064 1321 1852 1360">
     <span class='ocr_line' id='line_1_55' title="bbox 1064 1321 1852 1360; baseline 0 -10"><span class='ocrx_word' id='word_1_387' title='bbox 1064 1323 1111 1350; x_wconf 82' lang='grc' dir='ltr'>καὶ</span> <span class='ocrx_word' id='word_1_388' title='bbox 1124 1321 1184 1350; x_wconf 82' lang='grc' dir='ltr'>εἷπε</span> <span class='ocrx_word' id='word_1_389' title='bbox 1202 1323 1269 1360; x_wconf 78' lang='grc' dir='ltr'>πρὸς</span> <span class='ocrx_word' id='word_1_390' title='bbox 1281 1323 1398 1359; x_wconf 80' lang='grc' dir='ltr'>Μαριὰμ</span> <span class='ocrx_word' id='word_1_391' title='bbox 1412 1323 1461 1359; x_wconf 83' lang='grc' dir='ltr'>τὴν</span> <span class='ocrx_word' id='word_1_392' title='bbox 1478 1323 1583 1358; x_wconf 81' lang='grc' dir='ltr'>μητέρα</span> <span class='ocrx_word' id='word_1_393' title='bbox 1599 1322 1681 1349; x_wconf 77' lang='grc' dir='ltr'>αὑτοῦ</span> <span class='ocrx_word' id='word_1_394' title='bbox 1692 1330 1698 1336; x_wconf 94' lang='grc'><strong>·</strong></span> <span class='ocrx_word' id='word_1_395' title='bbox 1723 1323 1788 1349; x_wconf 80' lang='grc' dir='ltr'>Ἰδοὺ</span> <span class='ocrx_word' id='word_1_396' title='bbox 1803 1321 1852 1350; x_wconf 75' lang='grc' dir='ltr'>οὗ-</span> 
     </span>
    </p>
   </div>
   <div class='ocr_carea' id='block_1_56' title="bbox 1064 1369 1855 1404">
    <p class='ocr_par' dir='ltr' id='par_1_56' title="bbox 1064 1369 1855 1404">
     <span class='ocr_line' id='line_1_56' title="bbox 1064 1369 1855 1404; baseline -0.001 -8"><span class='ocrx_word' id='word_1_397' title='bbox 1064 1378 1108 1402; x_wconf 87' lang='grc' dir='ltr'><strong>τος</strong></span> <span class='ocrx_word' id='word_1_398' title='bbox 1125 1371 1212 1397; x_wconf 83' lang='grc' dir='ltr'>κεῖται</span> <span class='ocrx_word' id='word_1_399' title='bbox 1227 1371 1267 1402; x_wconf 81' lang='grc' dir='ltr'><strong>είς</strong></span> <span class='ocrx_word' id='word_1_400' title='bbox 1291 1370 1395 1396; x_wconf 82' lang='grc' dir='ltr'>πτῶσιν</span> <span class='ocrx_word' id='word_1_401' title='bbox 1409 1377 1455 1396; x_wconf 81' lang='grc' dir='ltr'><strong>και</strong></span> <span class='ocrx_word' id='word_1_402' title='bbox 1468 1369 1613 1396; x_wconf 75' lang='grc' dir='ltr'>ἀνάστασιν</span> <span class='ocrx_word' id='word_1_403' title='bbox 1634 1369 1738 1395; x_wconf 82' lang='grc' dir='ltr'>πολλῶν</span> <span class='ocrx_word' id='word_1_404' title='bbox 1761 1370 1798 1396; x_wconf 77' lang='grc' dir='ltr'><strong>ἐν.</strong></span> <span class='ocrx_word' id='word_1_405' title='bbox 1812 1369 1855 1404; x_wconf 80' lang='grc' dir='ltr'>τῷ</span> 
     </span>
    </p>
   </div>
   <div class='ocr_carea' id='block_1_57' title="bbox 1071 1413 1853 1450">
    <p class='ocr_par' dir='ltr' id='par_1_57' title="bbox 1071 1413 1853 1450">
     <span class='ocr_line' id='line_1_57' title="bbox 1071 1413 1853 1450; baseline 0 -10"><span class='ocrx_word' id='word_1_406' title='bbox 1071 1414 1187 1450; x_wconf 72' lang='grc' dir='ltr'>Ἰσραὴλ,</span> <span class='ocrx_word' id='word_1_407' title='bbox 1206 1415 1254 1441; x_wconf 84' lang='grc' dir='ltr'>καὶ</span> <span class='ocrx_word' id='word_1_408' title='bbox 1277 1415 1316 1446; x_wconf 85' lang='grc' dir='ltr'><strong>εἰς</strong></span> <span class='ocrx_word' id='word_1_409' title='bbox 1340 1415 1452 1449; x_wconf 85' lang='grc' dir='ltr'>σημεῖον</span> <span class='ocrx_word' id='word_1_410' title='bbox 1477 1413 1692 1449; x_wconf 75' lang='grc' dir='ltr'>ἀντιλεγόμενον.</span> <span class='ocrx_word' id='word_1_411' title='bbox 1725 1424 1734 1440; x_wconf 78' lang='grc' dir='ltr'><strong>ι</strong></span> <span class='ocrx_word' id='word_1_412' title='bbox 1764 1414 1853 1440; x_wconf 78' lang='grc' dir='ltr'>Ἀντι-</span> 
     </span>
    </p>
   </div>
   <div class='ocr_carea' id='block_1_58' title="bbox 224 1451 1009 1499">
    <p class='ocr_par' dir='ltr' id='par_1_58' title="bbox 224 1451 1009 1487">
     <span class='ocr_line' id='line_1_58' title="bbox 224 1451 1009 1487; baseline 0.005 -9"><span class='ocrx_word' id='word_1_413' title='bbox 224 1451 297 1478; x_wconf 89' lang='lat' dir='ltr'><strong>dicet</strong></span> <span class='ocrx_word' id='word_1_414' title='bbox 315 1451 387 1478; x_wconf 89' lang='lat' dir='ltr'><strong>enim</strong></span> <span class='ocrx_word' id='word_1_415' title='bbox 411 1455 492 1486; x_wconf 88' lang='lat' dir='ltr'><strong>atque</strong></span> <span class='ocrx_word' id='word_1_416' title='bbox 508 1452 671 1487; x_wconf 86' lang='lat' dir='ltr'><strong>disceptabit</strong></span> <span class='ocrx_word' id='word_1_417' title='bbox 696 1453 730 1480; x_wconf 91' lang='lat' dir='ltr'><strong>de</strong></span> <span class='ocrx_word' id='word_1_418' title='bbox 754 1453 801 1480; x_wconf 92' lang='lat' dir='ltr'><strong>illo</strong></span> <span class='ocrx_word' id='word_1_419' title='bbox 814 1474 822 1487; x_wconf 85' lang='lat'><strong>,</strong></span> <span class='ocrx_word' id='word_1_420' title='bbox 837 1461 868 1481; x_wconf 86' lang='lat' dir='ltr'><strong>ac</strong></span> <span class='ocrx_word' id='word_1_421' title='bbox 888 1455 1009 1482; x_wconf 89' lang='lat' dir='ltr'><strong>doctrina</strong></span> 
     </span>
    </p>
   </div>
   <div class='ocr_carea' id='block_1_59' title="bbox 1064 1451 1854 1499">
    <p class='ocr_par' dir='ltr' id='par_1_59' title="bbox 1064 1459 1854 1496">
     <span class='ocr_line' id='line_1_59' title="bbox 1064 1459 1854 1496; baseline 0.001 -10"><span class='ocrx_word' id='word_1_422' title='bbox 1064 1459 1135 1493; x_wconf 80' lang='grc' dir='ltr'>λέξει</span> <span class='ocrx_word' id='word_1_423' title='bbox 1157 1461 1211 1496; x_wconf 80' lang='grc' dir='ltr'><strong>γὰρ</strong></span> <span class='ocrx_word' id='word_1_424' title='bbox 1226 1460 1272 1488; x_wconf 79' lang='grc' dir='ltr'>καὶ</span> <span class='ocrx_word' id='word_1_425' title='bbox 1295 1460 1444 1495; x_wconf 75' lang='grc' dir='ltr'>ἁμιριϐαλεῖ</span> <span class='ocrx_word' id='word_1_426' title='bbox 1458 1460 1521 1496; x_wconf 75' lang='grc' dir='ltr'>περὶ</span> <span class='ocrx_word' id='word_1_427' title='bbox 1541 1459 1634 1487; x_wconf 79' lang='grc' dir='ltr'>τούτου</span> <span class='ocrx_word' id='word_1_428' title='bbox 1651 1460 1697 1487; x_wconf 77' lang='grc' dir='ltr'>καὶ</span> <span class='ocrx_word' id='word_1_429' title='bbox 1720 1460 1767 1487; x_wconf 72' lang='grc' dir='ltr'>τοῦ</span> <span class='ocrx_word' id='word_1_430' title='bbox 1791 1461 1854 1487; x_wconf 74' lang='grc' dir='ltr'>κατ’</span> 
     </span>
    </p>
   </div>
   <div class='ocr_carea' id='block_1_60' title="bbox 224 1497 1010 1532">
    <p class='ocr_par' dir='ltr' id='par_1_60' title="bbox 224 1497 1010 1532">
     <span class='ocr_line' id='line_1_60' title="bbox 224 1497 1010 1532; baseline 0.005 -8"><span class='ocrx_word' id='word_1_431' title='bbox 224 1504 285 1524; x_wconf 87' lang='lat' dir='ltr'><strong>cum</strong></span> <span class='ocrx_word' id='word_1_432' title='bbox 302 1501 452 1532; x_wconf 82' lang='lat' dir='ltr'><strong>spectante,</strong></span> <span class='ocrx_word' id='word_1_433' title='bbox 473 1497 566 1524; x_wconf 90' lang='lat' dir='ltr'><strong>Simon</strong></span> <span class='ocrx_word' id='word_1_434' title='bbox 590 1498 720 1526; x_wconf 88' lang='lat' dir='ltr'><strong>adversus</strong></span> <span class='ocrx_word' id='word_1_435' title='bbox 736 1499 910 1532; x_wconf 81' lang='lat' dir='ltr'><strong>Marcionem,</strong></span> <span class='ocrx_word' id='word_1_436' title='bbox 929 1501 1010 1529; x_wconf 80' lang='lat' dir='ltr'><strong>Arius</strong></span> 
     </span>
    </p>
   </div>
   <div class='ocr_carea' id='block_1_61' title="bbox 224 1543 1010 1581">
    <p class='ocr_par' dir='ltr' id='par_1_61' title="bbox 224 1543 1010 1581">
     <span class='ocr_line' id='line_1_61' title="bbox 224 1543 1010 1581; baseline 0.006 -11"><span class='ocrx_word' id='word_1_437' title='bbox 224 1543 356 1570; x_wconf 69' lang='lat' dir='ltr'><strong>adversus</strong></span> <span class='ocrx_word' id='word_1_438' title='bbox 372 1543 530 1574; x_wconf 82' lang='lat' dir='ltr'><strong>Sabellium,</strong></span> <span class='ocrx_word' id='word_1_439' title='bbox 541 1544 678 1580; x_wconf 83' lang='lat' dir='ltr'><strong>Eutycth</strong></span> <span class='ocrx_word' id='word_1_440' title='bbox 693 1545 827 1574; x_wconf 88' lang='lat' dir='ltr'><strong>adversus</strong></span> <span class='ocrx_word' id='word_1_441' title='bbox 843 1546 1010 1581; x_wconf 84' lang='lat' dir='ltr'><strong>Nestorium,</strong></span> 
     </span>
    </p>
   </div>
   <div class='ocr_carea' id='block_1_62' title="bbox 223 1589 1010 1628">
    <p class='ocr_par' dir='ltr' id='par_1_62' title="bbox 223 1589 1010 1628">
     <span class='ocr_line' id='line_1_62' title="bbox 223 1589 1010 1628; baseline 0.009 -14"><span class='ocrx_word' id='word_1_442' title='bbox 223 1589 333 1623; x_wconf 81' lang='lat' dir='ltr'><strong>utrique</strong></span> <span class='ocrx_word' id='word_1_443' title='bbox 362 1589 494 1617; x_wconf 75' lang='lat' dir='ltr'><strong>adversus</strong></span> <span class='ocrx_word' id='word_1_444' title='bbox 522 1590 690 1624; x_wconf 84' lang='lat' dir='ltr'><strong>Ecclesiam;</strong></span> <span class='ocrx_word' id='word_1_445' title='bbox 718 1592 754 1619; x_wconf 85' lang='lat' dir='ltr'><strong>ita</strong></span> <span class='ocrx_word' id='word_1_446' title='bbox 780 1596 810 1620; x_wconf 89' lang='lat' dir='ltr'><strong>ut</strong></span> <span class='ocrx_word' id='word_1_447' title='bbox 831 1593 877 1620; x_wconf 85' lang='lat' dir='ltr'><strong>alii</strong></span> <span class='ocrx_word' id='word_1_448' title='bbox 900 1593 1010 1628; x_wconf 85' lang='lat' dir='ltr'><strong>quidem</strong></span> 
     </span>
    </p>
   </div>
   <div class='ocr_carea' id='block_1_63' title="bbox 224 1636 1010 1670">
    <p class='ocr_par' dir='ltr' id='par_1_63' title="bbox 224 1636 1010 1670">
     <span class='ocr_line' id='line_1_63' title="bbox 224 1636 1010 1670; baseline 0.006 -8"><span class='ocrx_word' id='word_1_449' title='bbox 224 1636 309 1662; x_wconf 75' lang='lat' dir='ltr'><strong>solam</strong></span> <span class='ocrx_word' id='word_1_450' title='bbox 326 1636 376 1670; x_wconf 88' lang='lat' dir='ltr'><strong>ipsi</strong></span> <span class='ocrx_word' id='word_1_451' title='bbox 391 1636 517 1664; x_wconf 82' lang='lat' dir='ltr'><strong>deitatem</strong></span> <span class='ocrx_word' id='word_1_452' title='bbox 530 1657 536 1667; x_wconf 90' lang='lat'><strong>,</strong></span> <span class='ocrx_word' id='word_1_453' title='bbox 562 1638 608 1664; x_wconf 89' lang='lat' dir='ltr'><strong>alii</strong></span> <span class='ocrx_word' id='word_1_454' title='bbox 627 1646 738 1665; x_wconf 88' lang='lat' dir='ltr'><strong>carnem</strong></span> <span class='ocrx_word' id='word_1_455' title='bbox 755 1639 842 1666; x_wconf 86' lang='lat' dir='ltr'><strong>solam</strong></span> <span class='ocrx_word' id='word_1_456' title='bbox 860 1640 983 1667; x_wconf 86' lang='lat' dir='ltr'><strong>tribuant</strong></span> <span class='ocrx_word' id='word_1_457' title='bbox 1003 1648 1010 1667; x_wconf 92' lang='lat'>:</span> 
     </span>
    </p>
   </div>
   <div class='ocr_carea' id='block_1_64' title="bbox 223 1681 1012 1718">
    <p class='ocr_par' dir='ltr' id='par_1_64' title="bbox 223 1681 1012 1718">
     <span class='ocr_line' id='line_1_64' title="bbox 223 1681 1012 1718; baseline 0.006 -11"><span class='ocrx_word' id='word_1_458' title='bbox 223 1681 269 1708; x_wconf 87' lang='lat' dir='ltr'><strong>alii</strong></span> <span class='ocrx_word' id='word_1_459' title='bbox 286 1686 418 1714; x_wconf 84' lang='lat' dir='ltr'><strong>creatum,</strong></span> <span class='ocrx_word' id='word_1_460' title='bbox 433 1690 465 1709; x_wconf 87' lang='lat' dir='ltr'><strong>ac</strong></span> <span class='ocrx_word' id='word_1_461' title='bbox 482 1687 602 1718; x_wconf 58' lang='lat' dir='ltr'><strong>paterna;</strong></span> <span class='ocrx_word' id='word_1_462' title='bbox 617 1684 777 1711; x_wconf 68' lang='lat' dir='ltr'><strong>substantiae</strong></span> <span class='ocrx_word' id='word_1_463' title='bbox 793 1685 912 1712; x_wconf 87' lang='lat' dir='ltr'><strong>alienum</strong></span> <span class='ocrx_word' id='word_1_464' title='bbox 929 1686 1012 1712; x_wconf 84' lang='lat' dir='ltr'><strong>indu-</strong></span> 
     </span>
    </p>
   </div>
   <div class='ocr_carea' id='block_1_65' title="bbox 223 1728 1011 1765">
    <p class='ocr_par' dir='ltr' id='par_1_65' title="bbox 223 1728 1011 1765">
     <span class='ocr_line' id='line_1_65' title="bbox 223 1728 1011 1765; baseline 0.006 -11"><span class='ocrx_word' id='word_1_465' title='bbox 223 1732 297 1759; x_wconf 83' lang='lat' dir='ltr'><strong>cant,</strong></span> <span class='ocrx_word' id='word_1_466' title='bbox 312 1728 357 1755; x_wconf 92' lang='lat' dir='ltr'><strong>alii</strong></span> <span class='ocrx_word' id='word_1_467' title='bbox 370 1728 486 1756; x_wconf 80' lang='lat' dir='ltr'><strong>Vcrbuiu</strong></span> <span class='ocrx_word' id='word_1_468' title='bbox 502 1730 637 1764; x_wconf 83' lang='lat' dir='ltr'><strong>quoddam</strong></span> <span class='ocrx_word' id='word_1_469' title='bbox 655 1730 795 1765; x_wconf 79' lang='lat' dir='ltr'><strong>hypostasi</strong></span> <span class='ocrx_word' id='word_1_470' title='bbox 808 1739 840 1758; x_wconf 87' lang='lat' dir='ltr'><strong>ac</strong></span> <span class='ocrx_word' id='word_1_471' title='bbox 856 1732 1011 1760; x_wconf 86' lang='lat' dir='ltr'><strong>substantia</strong></span> 
     </span>
    </p>
   </div>
   <div class='ocr_carea' id='block_1_66' title="bbox 223 1775 1012 1813">
    <p class='ocr_par' dir='ltr' id='par_1_66' title="bbox 223 1775 1012 1813">
     <span class='ocr_line' id='line_1_66' title="bbox 223 1775 1012 1813; baseline 0.006 -14"><span class='ocrx_word' id='word_1_472' title='bbox 223 1782 351 1806; x_wconf 78' lang='lat' dir='ltr'><strong>vacuum,</strong></span> <span class='ocrx_word' id='word_1_473' title='bbox 363 1775 484 1809; x_wconf 85' lang='lat' dir='ltr'><strong>nihilque</strong></span> <span class='ocrx_word' id='word_1_474' title='bbox 499 1775 657 1811; x_wconf 89' lang='lat' dir='ltr'><strong>discrepans</strong></span> <span class='ocrx_word' id='word_1_475' title='bbox 674 1777 708 1804; x_wconf 88' lang='lat' dir='ltr'><strong>ab</strong></span> <span class='ocrx_word' id='word_1_476' title='bbox 722 1785 755 1804; x_wconf 90' lang='lat' dir='ltr'><strong>eo</strong></span> <span class='ocrx_word' id='word_1_477' title='bbox 770 1777 842 1812; x_wconf 90' lang='lat' dir='ltr'><strong>quod</strong></span> <span class='ocrx_word' id='word_1_478' title='bbox 858 1786 905 1812; x_wconf 90' lang='lat' dir='ltr'><strong>per</strong></span> <span class='ocrx_word' id='word_1_479' title='bbox 921 1779 1012 1813; x_wconf 84' lang='lat' dir='ltr'><strong>prola-</strong></span> 
     </span>
    </p>
   </div>
   <div class='ocr_carea' id='block_1_67' title="bbox 224 1820 1011 1858">
    <p class='ocr_par' dir='ltr' id='par_1_67' title="bbox 224 1820 1011 1858">
     <span class='ocr_line' id='line_1_67' title="bbox 224 1820 1011 1858; baseline 0.005 -12"><span class='ocrx_word' id='word_1_480' title='bbox 224 1820 324 1847; x_wconf 85' lang='lat' dir='ltr'><strong>tionem</strong></span> <span class='ocrx_word' id='word_1_481' title='bbox 349 1821 498 1848; x_wconf 69' lang='lat' dir='ltr'><strong>effunditur</strong></span> <span class='ocrx_word' id='word_1_482' title='bbox 516 1831 523 1848; x_wconf 90' lang='lat'>:</span> <span class='ocrx_word' id='word_1_483' title='bbox 540 1822 584 1848; x_wconf 85' lang='lat' dir='ltr'><strong>alii</strong></span> <span class='ocrx_word' id='word_1_484' title='bbox 601 1823 661 1857; x_wconf 89' lang='lat' dir='ltr'><strong>ejus</strong></span> <span class='ocrx_word' id='word_1_485' title='bbox 674 1831 722 1858; x_wconf 88' lang='lat' dir='ltr'><strong>per</strong></span> <span class='ocrx_word' id='word_1_486' title='bbox 737 1831 846 1850; x_wconf 86' lang='lat' dir='ltr'><strong>carnem</strong></span> <span class='ocrx_word' id='word_1_487' title='bbox 865 1823 1011 1851; x_wconf 89' lang='lat' dir='ltr'><strong>adventum</strong></span> 
     </span>
    </p>
   </div>
   <div class='ocr_carea' id='block_1_68' title="bbox 223 1867 1011 1903">
    <p class='ocr_par' dir='ltr' id='par_1_68' title="bbox 223 1867 1011 1903">
     <span class='ocr_line' id='line_1_68' title="bbox 223 1867 1011 1903; baseline 0.006 -11"><span class='ocrx_word' id='word_1_488' title='bbox 223 1867 394 1901; x_wconf 84' lang='lat' dir='ltr'><strong>phantasiam</strong></span> <span class='ocrx_word' id='word_1_489' title='bbox 405 1875 464 1894; x_wconf 87' lang='lat' dir='ltr'><strong>esse</strong></span> <span class='ocrx_word' id='word_1_490' title='bbox 482 1873 645 1903; x_wconf 78' lang='lat' dir='ltr'><strong>suggerant:</strong></span> <span class='ocrx_word' id='word_1_491' title='bbox 662 1869 707 1895; x_wconf 87' lang='lat' dir='ltr'><strong>alii</strong></span> <span class='ocrx_word' id='word_1_492' title='bbox 722 1877 833 1897; x_wconf 86' lang='lat' dir='ltr'><strong>carnem</strong></span> <span class='ocrx_word' id='word_1_493' title='bbox 854 1871 1011 1898; x_wconf 75' lang='lat' dir='ltr'><strong>nullatenus</strong></span> 
     </span>
    </p>
   </div>
   <div class='ocr_carea' id='block_1_69' title="bbox 224 1913 1010 1951">
    <p class='ocr_par' dir='ltr' id='par_1_69' title="bbox 224 1913 1010 1951">
     <span class='ocr_line' id='line_1_69' title="bbox 224 1913 1010 1951; baseline 0.005 -11"><span class='ocrx_word' id='word_1_494' title='bbox 224 1913 374 1947; x_wconf 87' lang='lat' dir='ltr'><strong>sumpsisse</strong></span> <span class='ocrx_word' id='word_1_495' title='bbox 390 1914 567 1945; x_wconf 84' lang='lat' dir='ltr'><strong>contendant,</strong></span> <span class='ocrx_word' id='word_1_496' title='bbox 583 1921 629 1942; x_wconf 87' lang='lat' dir='ltr'><strong>aut</strong></span> <span class='ocrx_word' id='word_1_497' title='bbox 646 1916 816 1950; x_wconf 83' lang='lat' dir='ltr'><strong>assumpisse</strong></span> <span class='ocrx_word' id='word_1_498' title='bbox 830 1917 950 1951; x_wconf 87' lang='lat' dir='ltr'><strong>quidem,</strong></span> <span class='ocrx_word' id='word_1_499' title='bbox 963 1916 1010 1944; x_wconf 87' lang='lat' dir='ltr'><strong>sed</strong></span> 
     </span>
    </p>
   </div>
   <div class='ocr_carea' id='block_1_70' title="bbox 223 1958 1012 1995">
    <p class='ocr_par' dir='ltr' id='par_1_70' title="bbox 223 1958 1012 1995">
     <span class='ocr_line' id='line_1_70' title="bbox 223 1958 1012 1995; baseline 0.004 -9"><span class='ocrx_word' id='word_1_500' title='bbox 223 1958 410 1991; x_wconf 87' lang='lat' dir='ltr'><strong>inanimatam,</strong></span> <span class='ocrx_word' id='word_1_501' title='bbox 427 1964 507 1995; x_wconf 88' lang='lat' dir='ltr'><strong>atque</strong></span> <span class='ocrx_word' id='word_1_502' title='bbox 523 1960 704 1992; x_wconf 75' lang='lat' dir='ltr'><strong>ineilicacem;</strong></span> <span class='ocrx_word' id='word_1_503' title='bbox 724 1962 895 1988; x_wconf 83' lang='lat' dir='ltr'><strong>autanimam</strong></span> <span class='ocrx_word' id='word_1_504' title='bbox 913 1963 1012 1989; x_wconf 86' lang='lat' dir='ltr'><strong>haben-</strong></span> 
     </span>
    </p>
   </div>
   <div class='ocr_carea' id='block_1_71' title="bbox 223 2005 1011 2036">
    <p class='ocr_par' dir='ltr' id='par_1_71' title="bbox 223 2005 1011 2036">
     <span class='ocr_line' id='line_1_71' title="bbox 223 2005 1011 2036; baseline 0.005 -5"><span class='ocrx_word' id='word_1_505' title='bbox 223 2009 287 2036; x_wconf 77' lang='lat' dir='ltr'><strong>tem,</strong></span> <span class='ocrx_word' id='word_1_506' title='bbox 296 2005 342 2032; x_wconf 81' lang='lat' dir='ltr'><strong>sed</strong></span> <span class='ocrx_word' id='word_1_507' title='bbox 354 2009 443 2033; x_wconf 87' lang='lat' dir='ltr'><strong>mente</strong></span> <span class='ocrx_word' id='word_1_508' title='bbox 452 2013 484 2032; x_wconf 89' lang='lat' dir='ltr'><strong>ac</strong></span> <span class='ocrx_word' id='word_1_509' title='bbox 492 2007 597 2034; x_wconf 86' lang='lat' dir='ltr'><strong>ratione</strong></span> <span class='ocrx_word' id='word_1_510' title='bbox 605 2007 772 2035; x_wconf 81' lang='lat' dir='ltr'><strong>destitutam.</strong></span> <span class='ocrx_word' id='word_1_511' title='bbox 784 2008 894 2035; x_wconf 90' lang='lat' dir='ltr'><strong>Demum</strong></span> <span class='ocrx_word' id='word_1_512' title='bbox 904 2009 947 2035; x_wconf 81' lang='lat' dir='ltr'><strong>alii</strong></span> <span class='ocrx_word' id='word_1_513' title='bbox 958 2009 1011 2035; x_wconf 86' lang='lat' dir='ltr'><strong>alio</strong></span> 
     </span>
    </p>
   </div>
   <div class='ocr_carea' id='block_1_72' title="bbox 221 2051 1010 2088">
    <p class='ocr_par' dir='ltr' id='par_1_72' title="bbox 221 2051 1010 2088">
     <span class='ocr_line' id='line_1_72' title="bbox 221 2051 1010 2088; baseline 0.004 -10"><span class='ocrx_word' id='word_1_514' title='bbox 221 2051 304 2078; x_wconf 76' lang='lat' dir='ltr'><strong>modo</strong></span> <span class='ocrx_word' id='word_1_515' title='bbox 318 2051 478 2079; x_wconf 83' lang='lat' dir='ltr'><strong>haesitabunt</strong></span> <span class='ocrx_word' id='word_1_516' title='bbox 490 2059 522 2080; x_wconf 81' lang='lat' dir='ltr'><strong>ac</strong></span> <span class='ocrx_word' id='word_1_517' title='bbox 538 2053 734 2085; x_wconf 83' lang='lat' dir='ltr'><strong>contradiceut,</strong></span> <span class='ocrx_word' id='word_1_518' title='bbox 749 2054 863 2088; x_wconf 79' lang='lat' dir='ltr'><strong>singulis</strong></span> <span class='ocrx_word' id='word_1_519' title='bbox 878 2055 1010 2081; x_wconf 88' lang='lat' dir='ltr'><strong>arbitratu</strong></span> 
     </span>
    </p>
   </div>
   <div class='ocr_carea' id='block_1_73' title="bbox 222 2098 1012 2133">
    <p class='ocr_par' dir='ltr' id='par_1_73' title="bbox 222 2098 1012 2133">
     <span class='ocr_line' id='line_1_73' title="bbox 222 2098 1012 2133; baseline 0.003 -7"><span class='ocrx_word' id='word_1_520' title='bbox 222 2106 271 2126; x_wconf 79' lang='lat' dir='ltr'><strong>suo</strong></span> <span class='ocrx_word' id='word_1_521' title='bbox 284 2105 344 2133; x_wconf 72' lang='lat' dir='ltr'><strong>quae.</strong></span> <span class='ocrx_word' id='word_1_522' title='bbox 359 2098 446 2132; x_wconf 88' lang='lat' dir='ltr'><strong>ipsum</strong></span> <span class='ocrx_word' id='word_1_523' title='bbox 459 2102 582 2133; x_wconf 82' lang='lat' dir='ltr'><strong>spectant</strong></span> <span class='ocrx_word' id='word_1_524' title='bbox 594 2099 849 2127; x_wconf 84' lang='lat' dir='ltr'><strong>determiuantibus.</strong></span> <span class='ocrx_word' id='word_1_525' title='bbox 872 2109 880 2125; x_wconf 76' lang='grc' dir='ltr'><strong>ι</strong></span> <span class='ocrx_word' id='word_1_526' title='bbox 896 2099 962 2126; x_wconf 76' lang='lat' dir='ltr'><strong>Nam</strong></span> <span class='ocrx_word' id='word_1_527' title='bbox 978 2101 1012 2128; x_wconf 88' lang='lat' dir='ltr'><strong>de</strong></span> 
     </span>
    </p>
   </div>
   <div class='ocr_carea' id='block_1_74' title="bbox 1065 1506 1853 1546">
    <p class='ocr_par' dir='ltr' id='par_1_74' title="bbox 1065 1506 1853 1546">
     <span class='ocr_line' id='line_1_74' title="bbox 1065 1506 1853 1546; baseline 0 -12"><span class='ocrx_word' id='word_1_528' title='bbox 1065 1507 1147 1534; x_wconf 75' lang='grc' dir='ltr'>αὑτὸν</span> <span class='ocrx_word' id='word_1_529' title='bbox 1172 1507 1306 1542; x_wconf 82' lang='grc' dir='ltr'>δόγματος</span> <span class='ocrx_word' id='word_1_530' title='bbox 1332 1507 1421 1542; x_wconf 79' lang='grc' dir='ltr'>Σίμων</span> <span class='ocrx_word' id='word_1_531' title='bbox 1446 1506 1513 1542; x_wconf 75' lang='grc' dir='ltr'>πρὸς</span> <span class='ocrx_word' id='word_1_532' title='bbox 1535 1506 1580 1533; x_wconf 79' lang='grc' dir='ltr'><strong>τὸν</strong></span> <span class='ocrx_word' id='word_1_533' title='bbox 1609 1506 1776 1546; x_wconf 69' lang='grc' dir='ltr'>Μαρκίωνα,</span> <span class='ocrx_word' id='word_1_534' title='bbox 1805 1509 1853 1534; x_wconf 77' lang='grc' dir='ltr'>καὶ</span> 
     </span>
    </p>
   </div>
   <div class='ocr_carea' id='block_1_75' title="bbox 1067 1552 1853 1588">
    <p class='ocr_par' dir='ltr' id='par_1_75' title="bbox 1067 1552 1853 1588">
     <span class='ocr_line' id='line_1_75' title="bbox 1067 1552 1853 1588; baseline 0.001 -9"><span class='ocrx_word' id='word_1_535' title='bbox 1067 1553 1175 1588; x_wconf 74' lang='grc' dir='ltr'>’Ἄρειος</span> <span class='ocrx_word' id='word_1_536' title='bbox 1198 1553 1266 1588; x_wconf 76' lang='grc' dir='ltr'>πρὸς</span> <span class='ocrx_word' id='word_1_537' title='bbox 1279 1553 1324 1579; x_wconf 81' lang='grc' dir='ltr'>τὸν</span> <span class='ocrx_word' id='word_1_538' title='bbox 1348 1552 1501 1583; x_wconf 78' lang='grc' dir='ltr'>Σαϐέλλιον,</span> <span class='ocrx_word' id='word_1_539' title='bbox 1523 1553 1570 1580; x_wconf 74' lang='grc' dir='ltr'>καὶ</span> <span class='ocrx_word' id='word_1_540' title='bbox 1586 1553 1707 1588; x_wconf 81' lang='grc' dir='ltr'>Εὑτυχὴς</span> <span class='ocrx_word' id='word_1_541' title='bbox 1723 1553 1791 1588; x_wconf 79' lang='grc' dir='ltr'>πρὸς</span> <span class='ocrx_word' id='word_1_542' title='bbox 1806 1553 1853 1580; x_wconf 64' lang='grc' dir='ltr'><strong>τὸν</strong></span> 
     </span>
    </p>
   </div>
   <div class='ocr_carea' id='block_1_76' title="bbox 1065 1597 1851 1634">
    <p class='ocr_par' dir='ltr' id='par_1_76' title="bbox 1065 1597 1851 1634">
     <span class='ocr_line' id='line_1_76' title="bbox 1065 1597 1851 1634; baseline -0.001 -10"><span class='ocrx_word' id='word_1_543' title='bbox 1065 1597 1211 1633; x_wconf 82' lang='grc' dir='ltr'>Νεστόριον</span> <span class='ocrx_word' id='word_1_544' title='bbox 1239 1598 1305 1634; x_wconf 73' lang='grc'>(45),</span> <span class='ocrx_word' id='word_1_545' title='bbox 1333 1598 1380 1624; x_wconf 74' lang='grc' dir='ltr'><strong>καὶ</strong></span> <span class='ocrx_word' id='word_1_546' title='bbox 1396 1598 1546 1634; x_wconf 69' lang='grc' dir='ltr'>ἀμφότεροι</span> <span class='ocrx_word' id='word_1_547' title='bbox 1571 1598 1639 1634; x_wconf 74' lang='grc' dir='ltr'>πρὸς</span> <span class='ocrx_word' id='word_1_548' title='bbox 1661 1598 1709 1634; x_wconf 81' lang='grc' dir='ltr'>τὴν</span> <span class='ocrx_word' id='word_1_549' title='bbox 1737 1598 1851 1634; x_wconf 84' lang='grc' dir='ltr'>Ἐκκλη-</span> 
     </span>
    </p>
   </div>
   <div class='ocr_carea' id='block_1_77' title="bbox 1066 1643 1851 1680">
    <p class='ocr_par' dir='ltr' id='par_1_77' title="bbox 1066 1643 1851 1680">
     <span class='ocr_line' id='line_1_77' title="bbox 1066 1643 1851 1680; baseline 0.001 -11"><span class='ocrx_word' id='word_1_550' title='bbox 1066 1643 1143 1669; x_wconf 83' lang='grc' dir='ltr'>σίαν·</span> <span class='ocrx_word' id='word_1_551' title='bbox 1164 1644 1189 1669; x_wconf 79' lang='lat' dir='ltr'><strong>ot</strong></span> <span class='ocrx_word' id='word_1_552' title='bbox 1207 1643 1255 1678; x_wconf 85' lang='grc' dir='ltr'>μὲν</span> <span class='ocrx_word' id='word_1_553' title='bbox 1271 1643 1320 1678; x_wconf 84' lang='grc' dir='ltr'>τὴν</span> <span class='ocrx_word' id='word_1_554' title='bbox 1338 1643 1450 1679; x_wconf 78' lang='grc' dir='ltr'>θεότητα</span> <span class='ocrx_word' id='word_1_555' title='bbox 1467 1644 1561 1680; x_wconf 86' lang='grc' dir='ltr'>μόνην,</span> <span class='ocrx_word' id='word_1_556' title='bbox 1586 1645 1610 1670; x_wconf 77' lang='lat' dir='ltr'><strong>oi</strong></span> <span class='ocrx_word' id='word_1_557' title='bbox 1635 1643 1663 1670; x_wconf 78' lang='grc' dir='ltr'>δὲ</span> <span class='ocrx_word' id='word_1_558' title='bbox 1687 1644 1738 1679; x_wconf 84' lang='grc' dir='ltr'>τὴν</span> <span class='ocrx_word' id='word_1_559' title='bbox 1763 1644 1851 1680; x_wconf 79' lang='grc' dir='ltr'>σάρκα</span> 
     </span>
    </p>
   </div>
   <div class='ocr_carea' id='block_1_78' title="bbox 1064 1688 1851 1725">
    <p class='ocr_par' dir='ltr' id='par_1_78' title="bbox 1064 1688 1851 1725">
     <span class='ocr_line' id='line_1_78' title="bbox 1064 1688 1851 1725; baseline 0.003 -10"><span class='ocrx_word' id='word_1_560' title='bbox 1064 1688 1151 1724; x_wconf 77' lang='grc' dir='ltr'>τούτῳ</span> <span class='ocrx_word' id='word_1_561' title='bbox 1167 1689 1381 1725; x_wconf 79' lang='grc' dir='ltr'>προσνέμοντες·</span> <span class='ocrx_word' id='word_1_562' title='bbox 1399 1691 1424 1716; x_wconf 75' lang='lat' dir='ltr'><strong>ot</strong></span> <span class='ocrx_word' id='word_1_563' title='bbox 1443 1690 1491 1725; x_wconf 75' lang='grc' dir='ltr'>μὲν</span> <span class='ocrx_word' id='word_1_564' title='bbox 1507 1690 1613 1717; x_wconf 85' lang='grc' dir='ltr'>κτιστὺν</span> <span class='ocrx_word' id='word_1_565' title='bbox 1628 1690 1792 1724; x_wconf 76' lang='grc' dir='ltr'>εἰσάγοντες.</span> <span class='ocrx_word' id='word_1_566' title='bbox 1805 1692 1851 1718; x_wconf 70' lang='grc' dir='ltr'><strong>καὶ</strong></span> 
     </span>
    </p>
   </div>
   <div class='ocr_carea' id='block_1_79' title="bbox 1064 1735 1851 1772">
    <p class='ocr_par' dir='ltr' id='par_1_79' title="bbox 1064 1735 1851 1772">
     <span class='ocr_line' id='line_1_79' title="bbox 1064 1735 1851 1772; baseline 0.001 -10"><span class='ocrx_word' id='word_1_567' title='bbox 1064 1735 1114 1770; x_wconf 84' lang='grc' dir='ltr'><strong>τῆς</strong></span> <span class='ocrx_word' id='word_1_568' title='bbox 1152 1736 1288 1772; x_wconf 75' lang='grc' dir='ltr'>πατρικῆς</span> <span class='ocrx_word' id='word_1_569' title='bbox 1308 1736 1401 1768; x_wconf 80' lang='grc' dir='ltr'>οὐσίας</span> <span class='ocrx_word' id='word_1_570' title='bbox 1426 1736 1575 1772; x_wconf 80' lang='grc' dir='ltr'>ἀλλότριον,</span> <span class='ocrx_word' id='word_1_571' title='bbox 1596 1737 1620 1763; x_wconf 91' lang='grc' dir='ltr'>οἱ</span> <span class='ocrx_word' id='word_1_572' title='bbox 1646 1736 1674 1763; x_wconf 79' lang='grc' dir='ltr'>δὲ</span> <span class='ocrx_word' id='word_1_573' title='bbox 1698 1736 1784 1770; x_wconf 81' lang='grc' dir='ltr'>Λόγον</span> <span class='ocrx_word' id='word_1_574' title='bbox 1804 1737 1851 1763; x_wconf 84' lang='grc' dir='ltr'><strong>ἀν-</strong></span> 
     </span>
    </p>
   </div>
   <div class='ocr_carea' id='block_1_80' title="bbox 1065 1782 1852 1818">
    <p class='ocr_par' dir='ltr' id='par_1_80' title="bbox 1065 1782 1852 1818">
     <span class='ocr_line' id='line_1_80' title="bbox 1065 1782 1852 1818; baseline 0.001 -10"><span class='ocrx_word' id='word_1_575' title='bbox 1065 1782 1214 1808; x_wconf 86' lang='grc' dir='ltr'>υπόστατόν</span> <span class='ocrx_word' id='word_1_576' title='bbox 1228 1791 1289 1809; x_wconf 81' lang='grc' dir='ltr'>τινα</span> <span class='ocrx_word' id='word_1_577' title='bbox 1307 1783 1352 1809; x_wconf 71' lang='grc' dir='ltr'>καὶ</span> <span class='ocrx_word' id='word_1_578' title='bbox 1365 1782 1442 1808; x_wconf 79' lang='grc' dir='ltr'>κενὸν</span> <span class='ocrx_word' id='word_1_579' title='bbox 1456 1782 1558 1814; x_wconf 74' lang='grc' dir='ltr'>οὐσίας,</span> <span class='ocrx_word' id='word_1_580' title='bbox 1568 1782 1614 1808; x_wconf 78' lang='grc' dir='ltr'>καὶ</span> <span class='ocrx_word' id='word_1_581' title='bbox 1630 1782 1711 1818; x_wconf 81' lang='grc' dir='ltr'>μηδὲν</span> <span class='ocrx_word' id='word_1_582' title='bbox 1726 1782 1770 1808; x_wconf 74' lang='grc' dir='ltr'>τοῦ</span> <span class='ocrx_word' id='word_1_583' title='bbox 1782 1782 1852 1809; x_wconf 75' lang='grc' dir='ltr'>κατὰ</span> 
     </span>
    </p>
   </div>
   <div class='ocr_carea' id='block_1_81' title="bbox 1066 1828 1850 1864">
    <p class='ocr_par' dir='ltr' id='par_1_81' title="bbox 1066 1828 1850 1864">
     <span class='ocr_line' id='line_1_81' title="bbox 1066 1828 1850 1864; baseline 0.001 -10"><span class='ocrx_word' id='word_1_584' title='bbox 1066 1828 1206 1864; x_wconf 69' lang='grc' dir='ltr'>προφορὰν</span> <span class='ocrx_word' id='word_1_585' title='bbox 1231 1828 1359 1863; x_wconf 85' lang='grc' dir='ltr'>χεομένου</span> <span class='ocrx_word' id='word_1_586' title='bbox 1385 1828 1619 1855; x_wconf 75' lang='grc' dir='ltr'>διεναλλὰττοντα·</span> <span class='ocrx_word' id='word_1_587' title='bbox 1640 1829 1665 1855; x_wconf 78' lang='grc' dir='ltr'>οἱ</span> <span class='ocrx_word' id='word_1_588' title='bbox 1683 1829 1731 1863; x_wconf 80' lang='grc' dir='ltr'>μὲν</span> <span class='ocrx_word' id='word_1_589' title='bbox 1748 1837 1850 1862; x_wconf 76' lang='grc' dir='ltr'>φαντα-</span> 
     </span>
    </p>
   </div>
   <div class='ocr_carea' id='block_1_82' title="bbox 1066 1874 1849 1910">
    <p class='ocr_par' dir='ltr' id='par_1_82' title="bbox 1066 1874 1849 1910">
     <span class='ocr_line' id='line_1_82' title="bbox 1066 1874 1849 1910; baseline 0.003 -10"><span class='ocrx_word' id='word_1_590' title='bbox 1066 1875 1126 1900; x_wconf 88' lang='grc' dir='ltr'>σίαν</span> <span class='ocrx_word' id='word_1_591' title='bbox 1141 1874 1222 1901; x_wconf 79' lang='grc' dir='ltr'>αὐτοῦ</span> <span class='ocrx_word' id='word_1_592' title='bbox 1238 1874 1286 1910; x_wconf 85' lang='grc' dir='ltr'>τὴν</span> <span class='ocrx_word' id='word_1_593' title='bbox 1306 1874 1349 1901; x_wconf 75' lang='grc' dir='ltr'><strong>διὰ</strong></span> <span class='ocrx_word' id='word_1_594' title='bbox 1371 1875 1471 1909; x_wconf 80' lang='grc' dir='ltr'>σαρκὸς</span> <span class='ocrx_word' id='word_1_595' title='bbox 1484 1875 1635 1910; x_wconf 86' lang='grc' dir='ltr'>παρουσίαν</span> <span class='ocrx_word' id='word_1_596' title='bbox 1649 1874 1849 1910; x_wconf 81' lang='grc' dir='ltr'>ὑποτιθέμενοι.</span> 
     </span>
    </p>
   </div>
   <div class='ocr_carea' id='block_1_83' title="bbox 1064 1919 1848 1956">
    <p class='ocr_par' dir='ltr' id='par_1_83' title="bbox 1064 1919 1848 1956">
     <span class='ocr_line' id='line_1_83' title="bbox 1064 1919 1848 1956; baseline 0 -10"><span class='ocrx_word' id='word_1_597' title='bbox 1064 1921 1089 1947; x_wconf 71' lang='lat' dir='ltr'><strong>oi</strong></span> <span class='ocrx_word' id='word_1_598' title='bbox 1105 1920 1132 1946; x_wconf 76' lang='grc' dir='ltr'>δὲ</span> <span class='ocrx_word' id='word_1_599' title='bbox 1144 1920 1210 1956; x_wconf 84' lang='grc' dir='ltr'>μηδὲ</span> <span class='ocrx_word' id='word_1_600' title='bbox 1225 1920 1397 1955; x_wconf 74' lang='grc' dir='ltr'>ἀνειληφέναι</span> <span class='ocrx_word' id='word_1_601' title='bbox 1411 1920 1500 1956; x_wconf 81' lang='grc' dir='ltr'>σάρκα</span> <span class='ocrx_word' id='word_1_602' title='bbox 1513 1919 1628 1947; x_wconf 80' lang='grc' dir='ltr'>καθόλου</span> <span class='ocrx_word' id='word_1_603' title='bbox 1642 1920 1848 1955; x_wconf 82' lang='grc' dir='ltr'>διατεινόμενοι·</span> 
     </span>
    </p>
   </div>
   <div class='ocr_carea' id='block_1_84' title="bbox 1065 1965 1851 2003">
    <p class='ocr_par' dir='ltr' id='par_1_84' title="bbox 1065 1965 1851 2003">
     <span class='ocr_line' id='line_1_84' title="bbox 1065 1965 1851 2003; baseline -0.003 -9"><span class='ocrx_word' id='word_1_604' title='bbox 1065 1967 1082 2003; x_wconf 86' lang='grc' dir='ltr'>ἦ</span> <span class='ocrx_word' id='word_1_605' title='bbox 1099 1967 1273 2003; x_wconf 69' lang='grc' dir='ltr'>ἀνειληφέναι</span> <span class='ocrx_word' id='word_1_606' title='bbox 1290 1967 1349 2002; x_wconf 85' lang='grc' dir='ltr'>μὲν,</span> <span class='ocrx_word' id='word_1_607' title='bbox 1367 1966 1468 2002; x_wconf 70' lang='grc' dir='ltr'>ἄψυχον</span> <span class='ocrx_word' id='word_1_608' title='bbox 1484 1966 1512 1992; x_wconf 75' lang='grc' dir='ltr'>δὲ</span> <span class='ocrx_word' id='word_1_609' title='bbox 1527 1965 1626 2002; x_wconf 81' lang='grc' dir='ltr'>ταύτην</span> <span class='ocrx_word' id='word_1_610' title='bbox 1641 1965 1687 1992; x_wconf 76' lang='grc' dir='ltr'>καὶ</span> <span class='ocrx_word' id='word_1_611' title='bbox 1706 1966 1851 2001; x_wconf 80' lang='grc' dir='ltr'>ἁνενέργη-</span> 
     </span>
    </p>
   </div>
   <div class='ocr_carea' id='block_1_85' title="bbox 1064 2011 1850 2049">
    <p class='ocr_par' dir='ltr' id='par_1_85' title="bbox 1064 2011 1850 2049">
     <span class='ocr_line' id='line_1_85' title="bbox 1064 2011 1850 2049; baseline -0.003 -9"><span class='ocrx_word' id='word_1_612' title='bbox 1064 2023 1120 2046; x_wconf 84' lang='grc' dir='ltr'>τον,</span> <span class='ocrx_word' id='word_1_613' title='bbox 1138 2014 1154 2049; x_wconf 83' lang='grc' dir='ltr'><strong>ἦ</strong></span> <span class='ocrx_word' id='word_1_614' title='bbox 1169 2014 1256 2049; x_wconf 72' lang='grc' dir='ltr'>ψυχὴν</span> <span class='ocrx_word' id='word_1_615' title='bbox 1272 2014 1321 2049; x_wconf 79' lang='grc' dir='ltr'>μὲν</span> <span class='ocrx_word' id='word_1_616' title='bbox 1337 2013 1459 2049; x_wconf 78' lang='grc' dir='ltr'>ἔχουσαν,</span> <span class='ocrx_word' id='word_1_617' title='bbox 1474 2012 1554 2040; x_wconf 83' lang='grc' dir='ltr'>ἄνουν</span> <span class='ocrx_word' id='word_1_618' title='bbox 1569 2012 1596 2039; x_wconf 78' lang='grc' dir='ltr'>δὲ</span> <span class='ocrx_word' id='word_1_619' title='bbox 1611 2012 1712 2046; x_wconf 83' lang='grc' dir='ltr'>ταύτην</span> <span class='ocrx_word' id='word_1_620' title='bbox 1726 2013 1772 2038; x_wconf 75' lang='grc' dir='ltr'>καὶ</span> <span class='ocrx_word' id='word_1_621' title='bbox 1789 2011 1850 2039; x_wconf 83' lang='grc' dir='ltr'>ἁλο-</span> 
     </span>
    </p>
   </div>
   <div class='ocr_carea' id='block_1_86' title="bbox 1065 2057 1849 2094">
    <p class='ocr_par' dir='ltr' id='par_1_86' title="bbox 1065 2057 1849 2094">
     <span class='ocr_line' id='line_1_86' title="bbox 1065 2057 1849 2094; baseline -0.004 -8"><span class='ocrx_word' id='word_1_622' title='bbox 1065 2067 1128 2094; x_wconf 90' lang='grc' dir='ltr'>γον-</span> <span class='ocrx_word' id='word_1_623' title='bbox 1151 2061 1197 2086; x_wconf 70' lang='grc' dir='ltr'>καὶ</span> <span class='ocrx_word' id='word_1_624' title='bbox 1213 2059 1378 2091; x_wconf 77' lang='grc' dir='ltr'>ἁπαξαπλῶς</span> <span class='ocrx_word' id='word_1_625' title='bbox 1398 2059 1470 2085; x_wconf 82' lang='grc' dir='ltr'>ἄλλοι</span> <span class='ocrx_word' id='word_1_626' title='bbox 1490 2058 1577 2089; x_wconf 76' lang='grc' dir='ltr'>ἄλλως</span> <span class='ocrx_word' id='word_1_627' title='bbox 1599 2057 1779 2093; x_wconf 70' lang='grc' dir='ltr'>ἀμφιϐαλοῦσι</span> <span class='ocrx_word' id='word_1_628' title='bbox 1803 2057 1849 2084; x_wconf 71' lang='grc' dir='ltr'>καὶ</span> 
     </span>
    </p>
   </div>
   <div class='ocr_carea' id='block_1_87' title="bbox 1065 2103 1848 2139">
    <p class='ocr_par' dir='ltr' id='par_1_87' title="bbox 1065 2103 1848 2139">
     <span class='ocr_line' id='line_1_87' title="bbox 1065 2103 1848 2139; baseline -0.003 -8"><span class='ocrx_word' id='word_1_629' title='bbox 1065 2105 1257 2137; x_wconf 78' lang='grc' dir='ltr'>ἀντιλέξουσιν,</span> <span class='ocrx_word' id='word_1_630' title='bbox 1273 2105 1387 2136; x_wconf 74' lang='grc' dir='ltr'>ἕκαστος</span> <span class='ocrx_word' id='word_1_631' title='bbox 1406 2104 1477 2131; x_wconf 85' lang='grc' dir='ltr'>κατὰ</span> <span class='ocrx_word' id='word_1_632' title='bbox 1490 2104 1520 2130; x_wconf 74' lang='grc' dir='ltr'>τὸ</span> <span class='ocrx_word' id='word_1_633' title='bbox 1543 2104 1638 2131; x_wconf 81' lang='grc' dir='ltr'>δοκοῦν</span> <span class='ocrx_word' id='word_1_634' title='bbox 1653 2103 1726 2139; x_wconf 82' lang='grc' dir='ltr'>αὐτῷ</span> <span class='ocrx_word' id='word_1_635' title='bbox 1739 2103 1773 2130; x_wconf 76' lang='grc' dir='ltr'><strong>τὰ</strong></span> <span class='ocrx_word' id='word_1_636' title='bbox 1788 2104 1848 2138; x_wconf 69' lang='grc' dir='ltr'>περὶ</span> 
     </span>
    </p>
   </div>
   <div class='ocr_carea' id='block_1_88' title="bbox 221 2143 1009 2185">
    <p class='ocr_par' dir='ltr' id='par_1_88' title="bbox 221 2143 1009 2178">
     <span class='ocr_line' id='line_1_88' title="bbox 221 2143 1009 2178; baseline 0.005 -8"><span class='ocrx_word' id='word_1_637' title='bbox 221 2149 294 2171; x_wconf 87' lang='lat' dir='ltr'><strong>secta</strong></span> <span class='ocrx_word' id='word_1_638' title='bbox 312 2144 372 2176; x_wconf 85' lang='lat' dir='ltr'><strong>hac,</strong></span> <span class='ocrx_word' id='word_1_639' title='bbox 393 2153 402 2169; x_wconf 74' lang='grc' dir='ltr'><strong>ι</strong></span> <span class='ocrx_word' id='word_1_640' title='bbox 422 2144 498 2171; x_wconf 85' lang='lat' dir='ltr'><strong>aiunt</strong></span> <span class='ocrx_word' id='word_1_641' title='bbox 513 2143 598 2172; x_wconf 63' lang='lat' dir='ltr'><strong>Judmi</strong></span> <span class='ocrx_word' id='word_1_642' title='bbox 615 2146 647 2172; x_wconf 91' lang='lat' dir='ltr'><strong>ad</strong></span> <span class='ocrx_word' id='word_1_643' title='bbox 670 2145 794 2178; x_wconf 85' lang='lat' dir='ltr'><strong>Paulum,</strong></span> <span class='ocrx_word' id='word_1_644' title='bbox 823 2155 832 2171; x_wconf 85' lang='grc'><strong><em>‹</em></strong></span> <span class='ocrx_word' id='word_1_645' title='bbox 851 2151 944 2174; x_wconf 84' lang='lat' dir='ltr'><strong>notum</strong></span> <span class='ocrx_word' id='word_1_646' title='bbox 971 2151 1009 2174; x_wconf 88' lang='lat' dir='ltr'><strong>est</strong></span> 
     </span>
    </p>
   </div>
   <div class='ocr_carea' id='block_1_89' title="bbox 1064 2143 1847 2185">
    <p class='ocr_par' dir='ltr' id='par_1_89' title="bbox 1064 2149 1847 2185">
     <span class='ocr_line' id='line_1_89' title="bbox 1064 2149 1847 2185; baseline -0.003 -9"><span class='ocrx_word' id='word_1_647' title='bbox 1064 2150 1144 2177; x_wconf 78' lang='grc' dir='ltr'>αὐτοῦ</span> <span class='ocrx_word' id='word_1_648' title='bbox 1170 2150 1410 2185; x_wconf 81' lang='grc' dir='ltr'>συμπεραίνοντες.</span> <span class='ocrx_word' id='word_1_649' title='bbox 1437 2159 1446 2175; x_wconf 82' lang='grc' dir='ltr'><strong>ι</strong></span> <span class='ocrx_word' id='word_1_650' title='bbox 1475 2149 1542 2185; x_wconf 75' lang='grc' dir='ltr'>Περὶ</span> <span class='ocrx_word' id='word_1_651' title='bbox 1561 2149 1615 2184; x_wconf 82' lang='grc' dir='ltr'><strong>γὰρ</strong></span> <span class='ocrx_word' id='word_1_652' title='bbox 1642 2149 1692 2184; x_wconf 79' lang='grc' dir='ltr'>τῆς</span> <span class='ocrx_word' id='word_1_653' title='bbox 1719 2149 1847 2184; x_wconf 79' lang='grc' dir='ltr'>αἱρέσεως</span> 
     </span>
    </p>
   </div>
   <div class='ocr_carea' id='block_1_90' title="bbox 221 2189 1006 2225">
    <p class='ocr_par' dir='ltr' id='par_1_90' title="bbox 221 2189 1006 2225">
     <span class='ocr_line' id='line_1_90' title="bbox 221 2189 1006 2225; baseline 0.005 -9"><span class='ocrx_word' id='word_1_654' title='bbox 221 2189 300 2217; x_wconf 68' lang='lat' dir='ltr'><strong>nobis</strong></span> <span class='ocrx_word' id='word_1_655' title='bbox 309 2191 371 2224; x_wconf 89' lang='lat' dir='ltr'><strong>quia</strong></span> <span class='ocrx_word' id='word_1_656' title='bbox 381 2190 480 2225; x_wconf 89' lang='lat' dir='ltr'><strong>ubique</strong></span> <span class='ocrx_word' id='word_1_657' title='bbox 489 2191 512 2218; x_wconf 88' lang='lat' dir='ltr'><strong>ei</strong></span> <span class='ocrx_word' id='word_1_658' title='bbox 524 2191 721 2219; x_wconf 86' lang='lat' dir='ltr'><strong>contradicitur</strong></span> <span class='ocrx_word' id='word_1_659' title='bbox 735 2192 768 2219; x_wconf 75' lang='grc' dir='ltr'><strong>⁵ο.</strong></span> <span class='ocrx_word' id='word_1_660' title='bbox 782 2202 790 2218; x_wconf 83' lang='grc' dir='ltr'><strong>ι</strong></span> <span class='ocrx_word' id='word_1_661' title='bbox 803 2192 1006 2220; x_wconf 88' lang='lat' dir='ltr'><strong>Contradicitur</strong></span> 
     </span>
    </p>
   </div>
   <div class='ocr_carea' id='block_1_91' title="bbox 221 2236 1010 2273">
    <p class='ocr_par' dir='ltr' id='par_1_91' title="bbox 221 2236 1010 2273">
     <span class='ocr_line' id='line_1_91' title="bbox 221 2236 1010 2273; baseline 0.006 -11"><span class='ocrx_word' id='word_1_662' title='bbox 221 2236 342 2270; x_wconf 80' lang='lat' dir='ltr'><strong>quidem,</strong></span> <span class='ocrx_word' id='word_1_663' title='bbox 360 2241 387 2262; x_wconf 87' lang='lat' dir='ltr'><strong>at</strong></span> <span class='ocrx_word' id='word_1_664' title='bbox 403 2244 457 2263; x_wconf 94' lang='lat' dir='ltr'><strong>non</strong></span> <span class='ocrx_word' id='word_1_665' title='bbox 474 2237 620 2272; x_wconf 86' lang='lat' dir='ltr'><strong>dejicitur:</strong></span> <span class='ocrx_word' id='word_1_666' title='bbox 641 2243 823 2273; x_wconf 79' lang='lat' dir='ltr'><strong>oppugnatur,</strong></span> <span class='ocrx_word' id='word_1_667' title='bbox 836 2242 864 2266; x_wconf 84' lang='lat' dir='ltr'><strong>at</strong></span> <span class='ocrx_word' id='word_1_668' title='bbox 880 2247 935 2266; x_wconf 90' lang='lat' dir='ltr'><strong>non</strong></span> <span class='ocrx_word' id='word_1_669' title='bbox 949 2240 1010 2267; x_wconf 89' lang='lat' dir='ltr'><strong>vin-</strong></span> 
     </span>
    </p>
   </div>
   <div class='ocr_carea' id='block_1_92' title="bbox 221 2283 1008 2320">
    <p class='ocr_par' dir='ltr' id='par_1_92' title="bbox 221 2283 1008 2320">
     <span class='ocr_line' id='line_1_92' title="bbox 221 2283 1008 2320; baseline 0.006 -12"><span class='ocrx_word' id='word_1_670' title='bbox 221 2283 294 2309; x_wconf 69' lang='lat' dir='ltr'><strong>citur</strong></span> <span class='ocrx_word' id='word_1_671' title='bbox 310 2292 316 2309; x_wconf 87' lang='lat'>:</span> <span class='ocrx_word' id='word_1_672' title='bbox 337 2283 397 2309; x_wconf 71' lang='lat' dir='ltr'><strong>telis</strong></span> <span class='ocrx_word' id='word_1_673' title='bbox 416 2283 527 2318; x_wconf 89' lang='lat' dir='ltr'><strong>petitur,</strong></span> <span class='ocrx_word' id='word_1_674' title='bbox 547 2288 574 2311; x_wconf 88' lang='lat' dir='ltr'><strong>at</strong></span> <span class='ocrx_word' id='word_1_675' title='bbox 590 2292 643 2311; x_wconf 91' lang='lat' dir='ltr'><strong>non</strong></span> <span class='ocrx_word' id='word_1_676' title='bbox 657 2285 817 2312; x_wconf 89' lang='lat' dir='ltr'><strong>vulneratur</strong></span> <span class='ocrx_word' id='word_1_677' title='bbox 834 2295 840 2312; x_wconf 91' lang='lat'>:</span> <span class='ocrx_word' id='word_1_678' title='bbox 856 2286 1008 2320; x_wconf 86' lang='lat' dir='ltr'><strong>obsidetur,</strong></span> 
     </span>
    </p>
   </div>
   <div class='ocr_carea' id='block_1_93' title="bbox 221 2329 1008 2366">
    <p class='ocr_par' dir='ltr' id='par_1_93' title="bbox 221 2329 1008 2366">
     <span class='ocr_line' id='line_1_93' title="bbox 221 2329 1008 2366; baseline 0.006 -12"><span class='ocrx_word' id='word_1_679' title='bbox 221 2333 249 2354; x_wconf 88' lang='lat' dir='ltr'><strong>at</strong></span> <span class='ocrx_word' id='word_1_680' title='bbox 275 2336 329 2355; x_wconf 94' lang='lat' dir='ltr'><strong>non</strong></span> <span class='ocrx_word' id='word_1_681' title='bbox 346 2329 453 2364; x_wconf 85' lang='lat' dir='ltr'><strong>captiva</strong></span> <span class='ocrx_word' id='word_1_682' title='bbox 478 2329 605 2357; x_wconf 90' lang='lat' dir='ltr'><strong>ducitur:</strong></span> <span class='ocrx_word' id='word_1_683' title='bbox 628 2331 756 2366; x_wconf 85' lang='lat' dir='ltr'><strong>quodque</strong></span> <span class='ocrx_word' id='word_1_684' title='bbox 781 2331 930 2358; x_wconf 81' lang='lat' dir='ltr'><strong>maximum</strong></span> <span class='ocrx_word' id='word_1_685' title='bbox 946 2337 987 2359; x_wconf 88' lang='lat' dir='ltr'><strong>est</strong></span> <span class='ocrx_word' id='word_1_686' title='bbox 1001 2353 1008 2365; x_wconf 78' lang='lat'><strong>,</strong></span> 
     </span>
    </p>
   </div>
   <div class='ocr_carea' id='block_1_94' title="bbox 221 2374 1008 2412">
    <p class='ocr_par' dir='ltr' id='par_1_94' title="bbox 221 2374 1008 2412">
     <span class='ocr_line' id='line_1_94' title="bbox 221 2374 1008 2412; baseline 0.008 -12"><span class='ocrx_word' id='word_1_687' title='bbox 221 2374 305 2405; x_wconf 87' lang='lat' dir='ltr'><strong>cadit,</strong></span> <span class='ocrx_word' id='word_1_688' title='bbox 323 2382 373 2402; x_wconf 88' lang='lat' dir='ltr'><strong>nec</strong></span> <span class='ocrx_word' id='word_1_689' title='bbox 384 2376 553 2408; x_wconf 83' lang='lat' dir='ltr'><strong>conteritur,</strong></span> <span class='ocrx_word' id='word_1_690' title='bbox 571 2375 640 2411; x_wconf 91' lang='lat' dir='ltr'><strong>quin</strong></span> <span class='ocrx_word' id='word_1_691' title='bbox 657 2377 748 2411; x_wconf 84' lang='lat' dir='ltr'><strong>potius</strong></span> <span class='ocrx_word' id='word_1_692' title='bbox 767 2377 794 2404; x_wconf 90' lang='lat' dir='ltr'><strong>in</strong></span> <span class='ocrx_word' id='word_1_693' title='bbox 810 2377 899 2412; x_wconf 80' lang='lat' dir='ltr'><strong>fugam</strong></span> <span class='ocrx_word' id='word_1_694' title='bbox 916 2379 1008 2406; x_wconf 82' lang='lat' dir='ltr'><strong>vertit.</strong></span> 
     </span>
    </p>
   </div>
   <div class='ocr_carea' id='block_1_95' title="bbox 223 2421 1009 2459">
    <p class='ocr_par' dir='ltr' id='par_1_95' title="bbox 223 2421 1009 2459">
     <span class='ocr_line' id='line_1_95' title="bbox 223 2421 1009 2459; baseline 0.004 -11"><span class='ocrx_word' id='word_1_695' title='bbox 223 2421 260 2448; x_wconf 86' lang='lat' dir='ltr'><strong>Ea</strong></span> <span class='ocrx_word' id='word_1_696' title='bbox 276 2421 375 2456; x_wconf 89' lang='lat' dir='ltr'><strong>quippe</strong></span> <span class='ocrx_word' id='word_1_697' title='bbox 397 2426 439 2449; x_wconf 84' lang='lat' dir='ltr'><strong>est</strong></span> <span class='ocrx_word' id='word_1_698' title='bbox 462 2429 537 2456; x_wconf 76' lang='lat' dir='ltr'><strong>pura:</strong></span> <span class='ocrx_word' id='word_1_699' title='bbox 552 2422 614 2449; x_wconf 88' lang='lat' dir='ltr'><strong>lidei</strong></span> <span class='ocrx_word' id='word_1_700' title='bbox 636 2428 735 2450; x_wconf 66' lang='lat' dir='ltr'><strong>nostrae</strong></span> <span class='ocrx_word' id='word_1_701' title='bbox 750 2425 907 2458; x_wconf 67' lang='lat' dir='ltr'><strong>praestantia</strong></span> <span class='ocrx_word' id='word_1_702' title='bbox 924 2444 931 2456; x_wconf 88' lang='lat'><strong>,</strong></span> <span class='ocrx_word' id='word_1_703' title='bbox 948 2433 1009 2459; x_wconf 63' lang='lat' dir='ltr'><strong>qua:</strong></span> 
     </span>
    </p>
   </div>
   <div class='ocr_carea' id='block_1_96' title="bbox 221 2468 1009 2506">
    <p class='ocr_par' dir='ltr' id='par_1_96' title="bbox 221 2468 1009 2506">
     <span class='ocr_line' id='line_1_96' title="bbox 221 2468 1009 2506; baseline 0.006 -13"><span class='ocrx_word' id='word_1_704' title='bbox 221 2475 302 2494; x_wconf 87' lang='lat' dir='ltr'><strong>omne</strong></span> <span class='ocrx_word' id='word_1_705' title='bbox 315 2471 426 2502; x_wconf 87' lang='lat' dir='ltr'><strong>superat</strong></span> <span class='ocrx_word' id='word_1_706' title='bbox 439 2468 619 2502; x_wconf 85' lang='lat' dir='ltr'><strong>miraculum;</strong></span> <span class='ocrx_word' id='word_1_707' title='bbox 639 2473 669 2495; x_wconf 92' lang='lat' dir='ltr'><strong>ut</strong></span> <span class='ocrx_word' id='word_1_708' title='bbox 684 2477 738 2496; x_wconf 91' lang='lat' dir='ltr'><strong>non</strong></span> <span class='ocrx_word' id='word_1_709' title='bbox 754 2469 835 2496; x_wconf 90' lang='lat' dir='ltr'><strong>modo</strong></span> <span class='ocrx_word' id='word_1_710' title='bbox 857 2470 927 2506; x_wconf 83' lang='lat' dir='ltr'><strong>ipsa,</strong></span> <span class='ocrx_word' id='word_1_711' title='bbox 946 2471 1009 2498; x_wconf 88' lang='lat' dir='ltr'><strong>licet</strong></span> 
     </span>
    </p>
   </div>
   <div class='ocr_carea' id='block_1_97' title="bbox 222 2514 1008 2551">
    <p class='ocr_par' dir='ltr' id='par_1_97' title="bbox 222 2514 1008 2551">
     <span class='ocr_line' id='line_1_97' title="bbox 222 2514 1008 2551; baseline 0.004 -10"><span class='ocrx_word' id='word_1_712' title='bbox 222 2515 342 2549; x_wconf 86' lang='lat' dir='ltr'><strong>undique</strong></span> <span class='ocrx_word' id='word_1_713' title='bbox 365 2514 487 2542; x_wconf 79' lang='lat' dir='ltr'><strong>factiosis</strong></span> <span class='ocrx_word' id='word_1_714' title='bbox 514 2515 647 2542; x_wconf 70' lang='lat' dir='ltr'><strong>haeresum</strong></span> <span class='ocrx_word' id='word_1_715' title='bbox 673 2516 760 2543; x_wconf 90' lang='lat' dir='ltr'><strong>turbis</strong></span> <span class='ocrx_word' id='word_1_716' title='bbox 783 2521 864 2551; x_wconf 86' lang='lat' dir='ltr'><strong>atque</strong></span> <span class='ocrx_word' id='word_1_717' title='bbox 881 2518 1008 2551; x_wconf 84' lang='lat' dir='ltr'><strong>procellis</strong></span> 
     </span>
    </p>
   </div>
   <div class='ocr_carea' id='block_1_98' title="bbox 221 2560 1007 2594">
    <p class='ocr_par' dir='ltr' id='par_1_98' title="bbox 221 2560 1007 2594">
     <span class='ocr_line' id='line_1_98' title="bbox 221 2560 1007 2594; baseline 0.005 -8"><span class='ocrx_word' id='word_1_718' title='bbox 221 2560 415 2591; x_wconf 80' lang='lat' dir='ltr'><strong>circumsessa,</strong></span> <span class='ocrx_word' id='word_1_719' title='bbox 435 2560 547 2587; x_wconf 86' lang='lat' dir='ltr'><strong>immota</strong></span> <span class='ocrx_word' id='word_1_720' title='bbox 573 2566 600 2588; x_wconf 84' lang='lat' dir='ltr'><strong>et</strong></span> <span class='ocrx_word' id='word_1_721' title='bbox 630 2561 795 2589; x_wconf 86' lang='lat' dir='ltr'><strong>inconcussa</strong></span> <span class='ocrx_word' id='word_1_722' title='bbox 811 2567 939 2594; x_wconf 88' lang='lat' dir='ltr'><strong>maneat;</strong></span> <span class='ocrx_word' id='word_1_723' title='bbox 959 2563 1007 2590; x_wconf 84' lang='lat' dir='ltr'><strong>sed</strong></span> 
     </span>
    </p>
   </div>
   <div class='ocr_carea' id='block_1_99' title="bbox 221 2607 1005 2643">
    <p class='ocr_par' dir='ltr' id='par_1_99' title="bbox 221 2607 1005 2643">
     <span class='ocr_line' id='line_1_99' title="bbox 221 2607 1005 2643; baseline 0.004 -10"><span class='ocrx_word' id='word_1_724' title='bbox 221 2610 251 2633; x_wconf 90' lang='lat' dir='ltr'><strong>ut</strong></span> <span class='ocrx_word' id='word_1_725' title='bbox 261 2607 343 2634; x_wconf 87' lang='lat' dir='ltr'><strong>etiam</strong></span> <span class='ocrx_word' id='word_1_726' title='bbox 367 2614 401 2634; x_wconf 75' lang='lat' dir='ltr'><strong>ex</strong></span> <span class='ocrx_word' id='word_1_727' title='bbox 422 2607 568 2635; x_wconf 85' lang='lat' dir='ltr'><strong>contrariis</strong></span> <span class='ocrx_word' id='word_1_728' title='bbox 581 2607 721 2634; x_wconf 84' lang='lat' dir='ltr'><strong>contraria</strong></span> <span class='ocrx_word' id='word_1_729' title='bbox 734 2608 872 2643; x_wconf 88' lang='lat' dir='ltr'><strong>sapienter</strong></span> <span class='ocrx_word' id='word_1_730' title='bbox 887 2608 985 2636; x_wconf 83' lang='lat' dir='ltr'><strong>elliciat</strong></span> <span class='ocrx_word' id='word_1_731' title='bbox 998 2629 1005 2642; x_wconf 91' lang='lat'><strong>,</strong></span> 
     </span>
    </p>
   </div>
   <div class='ocr_carea' id='block_1_100' title="bbox 253 2696 997 2733">
    <p class='ocr_par' dir='ltr' id='par_1_100' title="bbox 253 2696 997 2733">
     <span class='ocr_line' id='line_1_100' title="bbox 253 2696 997 2733; baseline 0.005 -9"><span class='ocrx_word' id='word_1_732' title='bbox 253 2696 278 2713; x_wconf 77' lang='grc'><strong>⁸⁸</strong></span> <span class='ocrx_word' id='word_1_733' title='bbox 296 2697 363 2726; x_wconf 89' lang='lat' dir='ltr'><strong>Luc.</strong></span> <span class='ocrx_word' id='word_1_734' title='bbox 386 2705 417 2731; x_wconf 87' lang='grc' dir='ltr'><strong>ιι,</strong></span> <span class='ocrx_word' id='word_1_735' title='bbox 434 2698 478 2726; x_wconf 78' lang='lat'><strong>35.</strong></span> <span class='ocrx_word' id='word_1_736' title='bbox 516 2697 539 2713; x_wconf 76' lang='grc'><strong>⁸⁹</strong></span> <span class='ocrx_word' id='word_1_737' title='bbox 557 2698 622 2726; x_wconf 87' lang='lat' dir='ltr'><strong>ibid.</strong></span> <span class='ocrx_word' id='word_1_738' title='bbox 640 2698 684 2726; x_wconf 64' lang='grc'><strong>54.</strong></span> <span class='ocrx_word' id='word_1_739' title='bbox 721 2700 745 2715; x_wconf 78' lang='grc' dir='ltr'><strong>⁵ο</strong></span> <span class='ocrx_word' id='word_1_740' title='bbox 764 2699 826 2727; x_wconf 75' lang='lat' dir='ltr'><strong>Act.</strong></span> <span class='ocrx_word' id='word_1_741' title='bbox 843 2706 935 2733; x_wconf 76' lang='lat' dir='ltr'><strong>van,</strong></span> <span class='ocrx_word' id='word_1_742' title='bbox 951 2699 997 2728; x_wconf 76' lang='lat'><strong>22.</strong></span> 
     </span>
    </p>
   </div>
   <div class='ocr_carea' id='block_1_101' title="bbox 256 2775 871 2811">
    <p class='ocr_par' dir='ltr' id='par_1_101' title="bbox 256 2775 871 2811">
     <span class='ocr_line' id='line_1_101' title="bbox 256 2775 871 2811; baseline 0.002 -8"><span class='ocrx_word' id='word_1_743' title='bbox 256 2775 311 2809; x_wconf 71' lang='lat' dir='ltr'><strong>M5)</strong></span> <span class='ocrx_word' id='word_1_744' title='bbox 330 2775 395 2805; x_wconf 83' lang='lat' dir='ltr'><strong>Vide</strong></span> <span class='ocrx_word' id='word_1_745' title='bbox 414 2784 474 2811; x_wconf 67' lang='lat' dir='ltr'><strong>quat</strong></span> <span class='ocrx_word' id='word_1_746' title='bbox 485 2776 517 2804; x_wconf 90' lang='lat' dir='ltr'><strong>de</strong></span> <span class='ocrx_word' id='word_1_747' title='bbox 529 2776 572 2804; x_wconf 85' lang='lat' dir='ltr'><strong>his</strong></span> <span class='ocrx_word' id='word_1_748' title='bbox 585 2777 705 2805; x_wconf 75' lang='lat' dir='ltr'><strong>diximus</strong></span> <span class='ocrx_word' id='word_1_749' title='bbox 718 2777 745 2805; x_wconf 88' lang='lat' dir='ltr'><strong>in</strong></span> <span class='ocrx_word' id='word_1_750' title='bbox 759 2776 871 2806; x_wconf 80' lang='lat' dir='ltr'><strong>Monito.</strong></span> 
     </span>
    </p>
   </div>
   <div class='ocr_carea' id='block_1_102' title="bbox 1061 2197 1847 2233">
    <p class='ocr_par' dir='ltr' id='par_1_102' title="bbox 1061 2197 1847 2233">
     <span class='ocr_line' id='line_1_102' title="bbox 1061 2197 1847 2233; baseline 0 -9"><span class='ocrx_word' id='word_1_751' title='bbox 1061 2198 1173 2233; x_wconf 76' lang='grc' dir='ltr'>ταύτης,</span> <span class='ocrx_word' id='word_1_752' title='bbox 1186 2207 1195 2223; x_wconf 85' lang='grc'><strong>›</strong></span> <span class='ocrx_word' id='word_1_753' title='bbox 1206 2198 1274 2233; x_wconf 74' lang='grc' dir='ltr'>πρὸς</span> <span class='ocrx_word' id='word_1_754' title='bbox 1284 2198 1329 2224; x_wconf 77' lang='grc' dir='ltr'>τὸν</span> <span class='ocrx_word' id='word_1_755' title='bbox 1337 2197 1442 2224; x_wconf 79' lang='grc' dir='ltr'>Παῦλον</span> <span class='ocrx_word' id='word_1_756' title='bbox 1453 2197 1477 2223; x_wconf 86' lang='grc' dir='ltr'>οἱ</span> <span class='ocrx_word' id='word_1_757' title='bbox 1492 2197 1611 2224; x_wconf 83' lang='grc' dir='ltr'>Ἰουδαῖοί</span> <span class='ocrx_word' id='word_1_758' title='bbox 1622 2206 1698 2231; x_wconf 73' lang='grc' dir='ltr'>φασι,</span> <span class='ocrx_word' id='word_1_759' title='bbox 1710 2206 1719 2221; x_wconf 77' lang='grc' dir='ltr'><strong>ι</strong></span> <span class='ocrx_word' id='word_1_760' title='bbox 1731 2197 1847 2231; x_wconf 81' lang='grc' dir='ltr'>γνωστὸν</span> 
     </span>
    </p>
   </div>
   <div class='ocr_carea' id='block_1_103' title="bbox 1062 2243 1846 2280">
    <p class='ocr_par' dir='ltr' id='par_1_103' title="bbox 1062 2243 1846 2280">
     <span class='ocr_line' id='line_1_103' title="bbox 1062 2243 1846 2280; baseline -0.001 -10"><span class='ocrx_word' id='word_1_761' title='bbox 1062 2244 1127 2280; x_wconf 87' lang='grc' dir='ltr'>ἡμῖν</span> <span class='ocrx_word' id='word_1_762' title='bbox 1147 2245 1232 2274; x_wconf 76' lang='grc' dir='ltr'>ἐστιν.</span> <span class='ocrx_word' id='word_1_763' title='bbox 1252 2244 1293 2270; x_wconf 83' lang='grc' dir='ltr'>ὅτι</span> <span class='ocrx_word' id='word_1_764' title='bbox 1311 2243 1449 2278; x_wconf 78' lang='grc' dir='ltr'>πανταχοῦ</span> <span class='ocrx_word' id='word_1_765' title='bbox 1469 2243 1648 2277; x_wconf 82' lang='grc' dir='ltr'>ἀντιλέγεται.</span> <span class='ocrx_word' id='word_1_766' title='bbox 1670 2252 1679 2268; x_wconf 78' lang='grc' dir='ltr'><strong>ι</strong></span> <span class='ocrx_word' id='word_1_767' title='bbox 1702 2243 1846 2277; x_wconf 79' lang='grc' dir='ltr'>Ἀντιλέγε-</span> 
     </span>
    </p>
   </div>
   <div class='ocr_carea' id='block_1_104' title="bbox 1061 2289 1845 2325">
    <p class='ocr_par' dir='ltr' id='par_1_104' title="bbox 1061 2289 1845 2325">
     <span class='ocr_line' id='line_1_104' title="bbox 1061 2289 1845 2325; baseline -0.001 -9"><span class='ocrx_word' id='word_1_768' title='bbox 1061 2298 1106 2316; x_wconf 87' lang='grc' dir='ltr'><strong>ται</strong></span> <span class='ocrx_word' id='word_1_769' title='bbox 1125 2290 1185 2325; x_wconf 77' lang='grc' dir='ltr'>μὲν,</span> <span class='ocrx_word' id='word_1_770' title='bbox 1202 2290 1259 2316; x_wconf 85' lang='grc' dir='ltr'>ἀλλ’</span> <span class='ocrx_word' id='word_1_771' title='bbox 1279 2291 1308 2316; x_wconf 79' lang='grc' dir='ltr'>οὐ</span> <span class='ocrx_word' id='word_1_772' title='bbox 1327 2290 1467 2325; x_wconf 85' lang='grc' dir='ltr'>βάλλεται·</span> <span class='ocrx_word' id='word_1_773' title='bbox 1497 2290 1666 2325; x_wconf 82' lang='grc' dir='ltr'>πολεμεῖται,</span> <span class='ocrx_word' id='word_1_774' title='bbox 1692 2289 1748 2316; x_wconf 81' lang='grc' dir='ltr'><strong>ἁλ)’</strong></span> <span class='ocrx_word' id='word_1_775' title='bbox 1763 2290 1793 2316; x_wconf 80' lang='grc' dir='ltr'>οὐ</span> <span class='ocrx_word' id='word_1_776' title='bbox 1807 2299 1845 2316; x_wconf 91' lang='grc' dir='ltr'>νι-</span> 
     </span>
    </p>
   </div>
   <div class='ocr_carea' id='block_1_105' title="bbox 1062 2334 1845 2371">
    <p class='ocr_par' dir='ltr' id='par_1_105' title="bbox 1062 2334 1845 2371">
     <span class='ocr_line' id='line_1_105' title="bbox 1062 2334 1845 2371; baseline 0 -10"><span class='ocrx_word' id='word_1_777' title='bbox 1062 2335 1159 2361; x_wconf 79' lang='grc' dir='ltr'>κᾶται·</span> <span class='ocrx_word' id='word_1_778' title='bbox 1183 2334 1331 2368; x_wconf 78' lang='grc' dir='ltr'>τοξεύεται,</span> <span class='ocrx_word' id='word_1_779' title='bbox 1350 2335 1407 2362; x_wconf 81' lang='grc' dir='ltr'>ἀλλ’</span> <span class='ocrx_word' id='word_1_780' title='bbox 1430 2336 1460 2362; x_wconf 85' lang='grc' dir='ltr'>οὑ</span> <span class='ocrx_word' id='word_1_781' title='bbox 1481 2335 1678 2371; x_wconf 80' lang='grc' dir='ltr'>τιτρώσκεται·</span> <span class='ocrx_word' id='word_1_782' title='bbox 1700 2334 1845 2370; x_wconf 60' lang='grc' dir='ltr'>πολιορκεῖ-</span> 
     </span>
    </p>
   </div>
   <div class='ocr_carea' id='block_1_106' title="bbox 1064 2380 1843 2418">
    <p class='ocr_par' dir='ltr' id='par_1_106' title="bbox 1064 2380 1843 2418">
     <span class='ocr_line' id='line_1_106' title="bbox 1064 2380 1843 2418; baseline 0 -11"><span class='ocrx_word' id='word_1_783' title='bbox 1064 2389 1117 2413; x_wconf 86' lang='grc' dir='ltr'>ται,</span> <span class='ocrx_word' id='word_1_784' title='bbox 1136 2381 1194 2408; x_wconf 81' lang='grc' dir='ltr'>ὰλλ’</span> <span class='ocrx_word' id='word_1_785' title='bbox 1210 2382 1259 2408; x_wconf 88' lang='grc' dir='ltr'>οὑκ</span> <span class='ocrx_word' id='word_1_786' title='bbox 1276 2380 1514 2418; x_wconf 73' lang='grc' dir='ltr'>ἀνδραποδίζεται·</span> <span class='ocrx_word' id='word_1_787' title='bbox 1530 2381 1561 2408; x_wconf 73' lang='grc' dir='ltr'>τὸ</span> <span class='ocrx_word' id='word_1_788' title='bbox 1584 2381 1722 2417; x_wconf 81' lang='grc' dir='ltr'>μέγιστον,</span> <span class='ocrx_word' id='word_1_789' title='bbox 1744 2381 1843 2412; x_wconf 80' lang='grc' dir='ltr'>πίπτει,</span> 
     </span>
    </p>
   </div>
   <div class='ocr_carea' id='block_1_107' title="bbox 1064 2426 1842 2463">
    <p class='ocr_par' dir='ltr' id='par_1_107' title="bbox 1064 2426 1842 2463">
     <span class='ocr_line' id='line_1_107' title="bbox 1064 2426 1842 2463; baseline 0.003 -11"><span class='ocrx_word' id='word_1_790' title='bbox 1064 2426 1122 2453; x_wconf 80' lang='grc' dir='ltr'>ἀλλ’</span> <span class='ocrx_word' id='word_1_791' title='bbox 1145 2427 1175 2453; x_wconf 78' lang='grc' dir='ltr'>οὐ</span> <span class='ocrx_word' id='word_1_792' title='bbox 1207 2427 1398 2463; x_wconf 74' lang='grc' dir='ltr'>συντρίϐεται·</span> <span class='ocrx_word' id='word_1_793' title='bbox 1432 2427 1530 2463; x_wconf 80' lang='grc' dir='ltr'>μᾶλλον</span> <span class='ocrx_word' id='word_1_794' title='bbox 1558 2426 1586 2454; x_wconf 82' lang='grc' dir='ltr'>δὲ</span> <span class='ocrx_word' id='word_1_795' title='bbox 1615 2427 1662 2454; x_wconf 82' lang='grc' dir='ltr'><strong>καὶ</strong></span> <span class='ocrx_word' id='word_1_796' title='bbox 1687 2427 1842 2462; x_wconf 78' lang='grc' dir='ltr'>ἀνατρέπει.</span> 
     </span>
    </p>
   </div>
   <div class='ocr_carea' id='block_1_108' title="bbox 1062 2471 1841 2509">
    <p class='ocr_par' dir='ltr' id='par_1_108' title="bbox 1062 2471 1841 2509">
     <span class='ocr_line' id='line_1_108' title="bbox 1062 2471 1841 2509; baseline 0 -11"><span class='ocrx_word' id='word_1_797' title='bbox 1062 2471 1147 2499; x_wconf 78' lang='grc' dir='ltr'>Τοῦτο</span> <span class='ocrx_word' id='word_1_798' title='bbox 1162 2473 1216 2508; x_wconf 75' lang='grc' dir='ltr'><strong>γὰρ</strong></span> <span class='ocrx_word' id='word_1_799' title='bbox 1232 2473 1283 2508; x_wconf 84' lang='grc' dir='ltr'>τῆς</span> <span class='ocrx_word' id='word_1_800' title='bbox 1295 2473 1419 2509; x_wconf 77' lang='grc' dir='ltr'>καθαρᾶς</span> <span class='ocrx_word' id='word_1_801' title='bbox 1435 2473 1550 2504; x_wconf 75' lang='grc' dir='ltr'>πίστεως</span> <span class='ocrx_word' id='word_1_802' title='bbox 1564 2471 1642 2507; x_wconf 84' lang='grc' dir='ltr'>ὴμῶν</span> <span class='ocrx_word' id='word_1_803' title='bbox 1653 2471 1682 2498; x_wconf 80' lang='grc' dir='ltr'><strong>τὸ</strong></span> <span class='ocrx_word' id='word_1_804' title='bbox 1698 2471 1841 2507; x_wconf 77' lang='grc' dir='ltr'>ἐξαίρετον,</span> 
     </span>
    </p>
   </div>
   <div class='ocr_carea' id='block_1_109' title="bbox 1061 2517 1841 2554">
    <p class='ocr_par' dir='ltr' id='par_1_109' title="bbox 1061 2517 1841 2554">
     <span class='ocr_line' id='line_1_109' title="bbox 1061 2517 1841 2554; baseline -0.003 -9"><span class='ocrx_word' id='word_1_805' title='bbox 1061 2519 1108 2545; x_wconf 78' lang='grc' dir='ltr'>καὶ</span> <span class='ocrx_word' id='word_1_806' title='bbox 1126 2519 1226 2550; x_wconf 76' lang='grc' dir='ltr'>παντὸς</span> <span class='ocrx_word' id='word_1_807' title='bbox 1248 2519 1375 2545; x_wconf 73' lang='grc' dir='ltr'>ἐπέκεινα</span> <span class='ocrx_word' id='word_1_808' title='bbox 1396 2519 1532 2554; x_wconf 78' lang='grc' dir='ltr'>θαύματος</span> <span class='ocrx_word' id='word_1_809' title='bbox 1542 2526 1548 2533; x_wconf 84' lang='grc'><strong>·</strong></span> <span class='ocrx_word' id='word_1_810' title='bbox 1567 2519 1608 2544; x_wconf 80' lang='grc' dir='ltr'>ὃτι</span> <span class='ocrx_word' id='word_1_811' title='bbox 1624 2518 1654 2544; x_wconf 84' lang='grc' dir='ltr'>οὺ</span> <span class='ocrx_word' id='word_1_812' title='bbox 1670 2517 1750 2553; x_wconf 84' lang='grc' dir='ltr'>μόνον</span> <span class='ocrx_word' id='word_1_813' title='bbox 1764 2517 1841 2552; x_wconf 74' lang='grc' dir='ltr'>αὕτη,</span> 
     </span>
    </p>
   </div>
   <div class='ocr_carea' id='block_1_110' title="bbox 1062 2563 1844 2601">
    <p class='ocr_par' dir='ltr' id='par_1_110' title="bbox 1062 2563 1844 2601">
     <span class='ocr_line' id='line_1_110' title="bbox 1062 2563 1844 2601; baseline -0.001 -11"><span class='ocrx_word' id='word_1_814' title='bbox 1062 2563 1150 2591; x_wconf 85' lang='grc' dir='ltr'>καίτοι</span> <span class='ocrx_word' id='word_1_815' title='bbox 1170 2565 1338 2600; x_wconf 84' lang='grc' dir='ltr'>πανταχόθεν</span> <span class='ocrx_word' id='word_1_816' title='bbox 1362 2565 1483 2601; x_wconf 76' lang='grc' dir='ltr'>σφοδρῶς</span> <span class='ocrx_word' id='word_1_817' title='bbox 1509 2563 1763 2600; x_wconf 74' lang='grc' dir='ltr'>περιστοιχιζομένη</span> <span class='ocrx_word' id='word_1_818' title='bbox 1787 2564 1844 2594; x_wconf 82' lang='grc' dir='ltr'>ταῖς</span> 
     </span>
    </p>
   </div>
   <div class='ocr_carea' id='block_1_111' title="bbox 1061 2608 1846 2647">
    <p class='ocr_par' dir='ltr' id='par_1_111' title="bbox 1061 2608 1846 2647">
     <span class='ocr_line' id='line_1_111' title="bbox 1061 2608 1846 2647; baseline -0.003 -11"><span class='ocrx_word' id='word_1_819' title='bbox 1061 2610 1093 2636; x_wconf 85' lang='grc' dir='ltr'>ὲκ</span> <span class='ocrx_word' id='word_1_820' title='bbox 1103 2610 1156 2637; x_wconf 84' lang='grc' dir='ltr'><strong>τῶν</strong></span> <span class='ocrx_word' id='word_1_821' title='bbox 1166 2611 1296 2647; x_wconf 80' lang='grc' dir='ltr'>αἱρέσεων</span> <span class='ocrx_word' id='word_1_822' title='bbox 1308 2619 1340 2638; x_wconf 89' lang='grc' dir='ltr'><strong>συ</strong></span> <span class='ocrx_word' id='word_1_823' title='bbox 1345 2612 1472 2647; x_wconf 83' lang='grc' dir='ltr'>στροφαῖς</span> <span class='ocrx_word' id='word_1_824' title='bbox 1483 2618 1513 2636; x_wconf 83' lang='grc' dir='ltr'><strong>τε</strong></span> <span class='ocrx_word' id='word_1_825' title='bbox 1523 2609 1570 2637; x_wconf 68' lang='grc' dir='ltr'><strong>καὶ</strong></span> <span class='ocrx_word' id='word_1_826' title='bbox 1579 2609 1713 2644; x_wconf 73' lang='grc' dir='ltr'>λαίλαψιν,</span> <span class='ocrx_word' id='word_1_827' title='bbox 1725 2608 1846 2640; x_wconf 76' lang='grc' dir='ltr'>ἄσειστος</span> 
     </span>
    </p>
   </div>
  </div>
