1940 3067
88 186 142 214 997

641 181 784 210 HOMILIA
802 182 835 209 IN
854 181 1044 210 OCCURSUM
1064 180 1191 209 DOMINI.

1667 172 1719 201 998

91 243 244 280 μετάμελον
264 239 339 279 ἥκων
353 243 397 270 διὰ
411 244 460 278 τῆς
473 242 528 269 τῶν
544 242 642 277 χειρῶν
655 241 845 277 ἀποσμήξεως·
862 243 878 277 ἡ

936 250 1001 268 uxor
1028 241 1088 275 ejus
1111 239 1257 267 crediderit
1295 245 1344 273 per
1369 239 1532 264 nocturnam
1560 232 1716 263 visionem,

88 289 119 317 δὲ
135 289 229 316 τούτου
247 289 372 320 σύνευνος
388 288 425 320 ὡς
439 289 593 320 ἐπίστευσε,
605 287 648 314 διὰ
661 288 711 322 τῆς
722 287 881 323 νυκτερινῆς

89 337 188 371 ὅψεως·
200 336 214 361 ὸ
228 335 426 370 ἑκατόνταρχος
441 334 485 360 διὰ
501 334 555 361 τῶν
570 334 700 368 σημείων·
723 333 821 368 Ἰωσὴφ
835 333 881 359 καὶ

90 382 247 417 Νικόδημος
258 382 302 408 διὰ
315 382 364 416 τῆς
383 380 502 416 κηδείας·
527 379 626 410 Ἰούδας
642 379 686 405 διὰ
702 379 748 405 τοῦ
772 378 879 414 βρόχουσ

97 427 218 453 Ἰουδαῖοι
232 426 276 453 διὰ
291 426 320 452 τὺ
336 425 427 452 δοῦναι
443 426 499 456 τοῖς
516 425 612 459 φύλαξι
628 425 662 450 τὰ
677 424 806 460 ἀργύρια.
827 424 882 450 Kai.

92 473 271 505 ἁπαξαπλῶς,
287 471 360 507 μάχη
379 480 421 503 τις
440 471 515 497 ἔσται
532 471 579 497 καὶ
597 471 689 501 στάσις
701 469 839 504 λογισμῶν
852 478 881 496 τε

91 519 140 545 καὶ
155 517 336 553 διαλογισμῶν
351 517 488 544 ἐναντίων·
507 517 561 543 τῶν
576 517 625 551 μὲν
641 516 675 542 τὰ
692 516 741 550 τῆς
757 515 882 547 θεότητος

91 563 328 598 διαλογιζομένων,
349 562 402 589 τῶν
420 562 449 588 δὲ
464 562 498 588 τὰ
518 562 566 597 τῆς
580 561 797 596 ἁνθρωπὸτητος.
813 560 883 587 Θαυ-

94 610 210 645 μάσουσι
228 609 276 644 μὲν
298 608 362 644 γὰρ,
386 609 462 643 φησὶ,
484 608 622 642 πάσχοντα
642 608 735 634 τοῦτον
755 607 881 642 ὁρῶντες,

92 657 140 684 καὶ
155 656 324 690 ἀγωνιῶντα,
343 655 390 682 καὶ
405 654 540 690 θρόμϐους
559 654 677 690 ἱδρώτων
695 654 880 688 ἐκπέμποντα·

92 704 132 730 ἑτι
156 712 185 729 τε
207 701 357 733 δειλιῶντα,
383 701 431 728 καὶ
453 701 502 735 τὴν
525 700 572 726 τοῦ
596 701 697 732 πάθους
718 700 883 735 παραίτησιν

93 749 321 784 προσευχόμενον·
338 747 388 782 τήν
407 755 436 772 τε
459 746 512 772 τῶν
534 746 638 781 νεκρῶν
651 746 803 777 ἐννοοῦντες
817 745 883 772 ἀνά-

94 803 188 821 στασιν
211 795 258 821 καὶ
279 793 328 828 τὴν
344 793 397 819 τῶν
413 792 520 827 τυφλῶν
536 792 704 828 ὁμμάτωσιν·
723 793 771 827 τήν
787 801 815 818 τε
830 792 883 818 τῶν

93 839 202 875 λεπρῶν
216 839 412 874 ἀποκάθαρσιν,
431 838 478 864 καὶ
490 838 539 873 τὴν
552 838 605 864 τῶν
622 837 749 872 πονηρῶν
763 837 884 872 πνευμά-

93 895 148 913 των
165 885 296 917 ἑκδίωξιψ
315 885 362 910 καὶ
383 883 432 918 τὴν
445 883 527 919 ἀλλην
542 884 651 910 ἃπασαν
668 883 722 910 τῶν
741 884 785 910 ὑπ’
800 884 882 911 αὐτοῦ

93 931 275 958 τελεσθέντων
296 929 417 964 σημείων
439 929 552 964 πληθύν·
578 928 758 964 θαυμάσουσι,
776 929 881 956 καὶτὸν

94 976 157 1004 νοῦν
181 973 231 1002 ὧδε
256 976 366 1002 κάκεῖσε
392 974 568 1009 κλονουμενον
598 974 698 1007 ἕξουσι,
730 974 881 1009 ἀσύμφωνα

94 1022 183 1049 ταῦτα
197 1023 253 1053 τοῖς
270 1021 388 1057 πρώτοις
403 1020 529 1055 ὁρῶντες,
551 1020 598 1046 καὶ
616 1020 799 1055 ἁκατάλληλα·
817 1021 882 1047 θαυ-

98 1069 212 1105 μάσουσι
226 1068 255 1095 δὲ
268 1067 348 1094 πάλιν
360 1068 384 1093 οἱ
399 1067 445 1093 τὸν
459 1067 569 1102 σεισμὸν
585 1067 713 1102 ὁρῶντες,
730 1068 776 1093 καὶ
790 1067 839 1102 τὴν
853 1068 882 1094 ὲν

95 1115 187 1151 ἡμέρᾳ
202 1113 296 1146 νύκτα,
318 1113 363 1139 τόν
385 1121 414 1139 τε
435 1112 480 1139 τοῦ
503 1112 720 1147 διαπετάσματος
741 1112 880 1148 διχασμὺν,

96 1161 143 1187 καὶ
158 1160 207 1195 τὴν
220 1159 274 1185 τῶν
287 1158 393 1194 πετρῶν
405 1158 556 1194 διάρρηξιν·
569 1157 609 1184 ἔτι
623 1166 653 1184 τε
665 1159 719 1184 τῶν
734 1159 882 1194 μνημάτων

95 1207 144 1243 τὴν
167 1206 345 1240 ἀνακάλυψιν,
366 1205 411 1232 καὶ
427 1205 476 1239 τὴν
491 1204 545 1230 τῶν
563 1203 671 1238 νεκρῶν
694 1203 881 1235 ἐξανάστασιν·

97 1253 264 1288 θαυμάσουσι
288 1253 335 1279 καὶ
357 1252 535 1287 ἐκστήσονται
560 1252 593 1286 τῇ
616 1250 726 1286 καρδίᾳ,
751 1250 883 1284 καὶπρὸς

97 1299 213 1335 ἀπορίας
237 1298 315 1333 βυθὸν
337 1298 563 1332 καταντήσουσιν,
592 1295 733 1331 ἄνθρωπον
762 1295 811 1330 μὲν
837 1295 883 1321 τὸν

97 1345 269 1381 κρεμάμενον
285 1343 436 1379 βλέποντες,
449 1342 513 1368 Θεὸν
524 1341 551 1367 δὲ
562 1341 608 1368 τὸν
621 1340 784 1376 ἐνεργοῦντα
796 1340 883 1366 ταῦτα

96 1391 144 1418 καὶ
169 1390 397 1425 συμπεραίνοντα.
427 1388 519 1419 Οὕτως
549 1386 820 1422 ἀποκαλυφθήσονται
852 1386 883 1412 ὲκ

97 1436 202 1463 πολλῶν
217 1435 333 1471 καρδιῶν
347 1434 526 1469 διαλογισμοὶ,
542 1434 595 1460 τῶν
613 1434 662 1469 μὲν
674 1433 769 1464 ταῦτα,
787 1432 841 1458 τῶν
855 1432 882 1458 δὲ

96 1483 188 1508 ὶκεῖνα
204 1479 440 1513 διαλογιζομένων.
459 1479 528 1504 Ἀλλ’
544 1480 617 1514 ὅμως
631 1479 647 1512 ἡ
663 1478 735 1513 μάχη
750 1476 818 1512 αὕτη
830 1477 883 1503 τῶν

95 1526 234 1562 λογισμῶν
247 1526 273 1561 (5
280 1527 312 1560 ί),
325 1525 371 1551 καὶ
384 1526 400 1560 ἡ
420 1525 522 1556 στάσις,
541 1525 587 1550 καὶ
598 1526 614 1559 ἡ
627 1524 734 1558 φύρσις,
750 1523 796 1548 καὶ
809 1523 824 1557 ὴ
838 1523 884 1548 ἀν-

96 1574 208 1606 τίθεσις,
227 1573 352 1608 ὁμονοίας
373 1572 420 1598 καὶ
443 1571 612 1606 συμφωνίας,
637 1571 683 1597 καὶ
705 1570 815 1605 εἰρήνης
834 1568 884 1602 τῆς

96 1619 226 1646 ἀνωτάτω
247 1619 279 1653 τῇ
312 1617 458 1652 Ἐκκλησία
485 1616 650 1652 χρηματίσει
674 1615 829 1650 παραίτιος·
850 1614 883 1640 δι’

96 1665 235 1700 ἑκατέρων
248 1664 302 1699 γὰρ
315 1663 329 1690 ὃ
342 1661 375 1698 ἦν
389 1662 506 1698 Χριστὸς
523 1661 736 1697 κηρυχθήσεται,
756 1661 803 1686 καὶ
818 1660 884 1692 Θεὸς

95 1712 111 1738 6
130 1710 210 1742 αὐτὸς
230 1710 276 1736 καὶ
295 1709 437 1745 ἄνθρωπος
458 1707 683 1743 γνωρισθήσεται,
704 1705 884 1739 αὐτεξουσίως

97 1757 182 1784 θέλων
194 1756 241 1782 καὶ
254 1755 371 1791 ἐνεργῶν
384 1756 397 1781 ὸ
412 1754 503 1786 αὐτὸς,
521 1754 555 1780 τὰ
571 1754 619 1788 μὲν
635 1754 668 1788 τῇ
681 1752 797 1787 θεότητι,
811 1752 844 1778 τὰ
856 1752 885 1778 δὲ

95 1804 129 1838 τῇ
145 1801 345 1837 ὰνθρωπότητι.
368 1800 459 1826 Ταῦτα
485 1800 533 1834 μὲν
549 1797 595 1825 οὖν
611 1797 686 1825 εἶπεν
709 1798 752 1828 ἂν,
773 1797 859 1832 οἶμαι,
872 1799 886 1824 ὁ

98 1848 170 1879 θεῖος
185 1848 268 1879 ὅντως
288 1847 334 1874 καὶ
362 1846 538 1881 Ἀἦραμιαῖος
555 1845 657 1876 ἐκεῖνος
677 1843 842 1879 πρεσϐύτης,
862 1842 889 1869 εἴ

97 1903 140 1925 τις
155 1893 236 1920 αὐτὸν
247 1893 354 1928 διήρετο
368 1892 431 1928 περὶ
444 1892 554 1918 τούτων.

136 1940 178 1966 19.
200 1938 266 1965 Εἶτα
292 1939 350 1974 μετ’
374 1938 454 1964 αὑτὸν
480 1937 644 1972 παρίσταται
667 1936 714 1962 καὶ
740 1936 823 1961 ’Δννα
848 1933 887 1969 τῷ

98 1986 253 2021 γράμματι,
270 1984 395 2025 γηρσόίοις
417 1983 560 2018 βαδίζουσα
581 1982 709 2017 βήμασιν·
725 1980 817 2007 ἐκάλει
832 1979 887 2014 γὰρ

99 2033 148 2058 καὶ
165 2031 250 2067 αὐτὴν
267 2031 297 2057 τὸ
319 2031 476 2065 μυστήριον,
499 2028 666 2065 προφητείας
682 2027 761 2062 χάριν
779 2025 888 2061 πληρώ-

101 2085 209 2104 σουσαν·
227 2077 299 2107 ὅπως
311 2076 358 2102 καὶ
371 2075 439 2110 αὑτὴ
455 2073 630 2110 προφητικῶς
644 2073 836 2109 μαρτυρήσειν,
849 2072 887 2103 ὼς

100 2122 232 2157 ἐγνώρισε
248 2122 349 2158 Κύριος
361 2121 392 2148 τὸ
405 2121 535 2156 σωτήριον
551 2119 644 2152 αὑτοῦ,
658 2120 706 2146 καὶ
717 2119 754 2150 ὡς
767 2118 887 2145 ἐναντίον

99 2169 153 2197 τῶν
166 2168 249 2195 ἐθνῶν
264 2167 422 2202 ἀπεκάλυψε
439 2167 488 2202 τὴν
505 2166 678 2201 δικαιοσύνην
695 2165 788 2192 αὐτοῦ.
807 2163 888 2190 Ἀλλὰ

100 2215 209 2250 πρῶτον
225 2215 273 2249 μὲν
287 2215 319 2241 ἐκ
329 2214 376 2240 τοῦ
390 2213 554 2248 Εὺαγγελίου
573 2212 732 2247 πυθώμεθα,
746 2211 787 2243 τίς
799 2219 829 2237 τε
840 2211 888 2237 καὶ

100 2262 183 2289 πόθεν
200 2261 268 2296 αὕτη
291 2252 454 2296 καθέστηκε,
474 2260 520 2286 καὶ
540 2259 585 2285 ἐπὶ
602 2259 687 2290 ποίοις
706 2259 753 2284 καὶ
768 2257 832 2284 πότε
848 2257 886 2292 τῷ

101 2307 168 2343 ἱερῷ
178 2307 337 2342 ἐφέστηκεν·
350 2305 427 2337 αὖθίς
440 2314 469 2332 τε
481 2306 560 2331 ὁποῖα
572 2305 673 2338 ἔλεγεν,
687 2304 885 2340 ὲρευνήσωμεν.

98 2354 169 2389 Φησὶ
185 2353 239 2388 γὰρ
254 2354 267 2379 ὁ
281 2352 490 2387 εὖαγγελιστής·
510 2360 518 2376 ι
535 2351 590 2377 Καὶ
604 2348 637 2386 ἦν
655 2351 739 2376 Ἀννα
754 2349 888 2384 προφῆτις

99 2399 225 2434 θυγάτηρ
234 2398 354 2434 Φανουὴλ
364 2399 396 2425 ὲκ
406 2397 491 2432 φυλῆς
508 2397 600 2432 Ἀσήρ·
617 2395 686 2430 αὓτη
703 2395 889 2431 προϐεϐηκυῖα

99 2446 132 2471 ὲν
150 2445 267 2480 ἡμέραις
283 2444 403 2476 πολλαῖς·
427 2443 532 2479 ζήσασα
558 2442 616 2478 μετ’
634 2442 728 2477 ἀνδρὸς
752 2441 798 2476 ἔτη
819 2441 890 2467 ἑπτὰ

99 2490 158 2517 ἀπὸ
171 2491 221 2526 τῆς
236 2490 384 2525 παρθενίας
404 2490 498 2524 αὐτῆς*
515 2489 562 2516 καὶ
579 2488 648 2523 αὑτὴ
668 2489 740 2523 χήρα
761 2487 799 2518 ὼς
821 2486 890 2513 ὲτῶν

101 2537 265 2572 ὀγδοήκοντα
275 2537 423 2572 τεσσάρων·
441 2537 458 2573 ἢ
475 2537 524 2562 οὐκ
536 2536 667 2571 ἀφίστατο
681 2535 734 2562 ἀπὺ
747 2533 792 2560 τοῦ
805 2532 888 2568 ἱεροῦ,

102 2582 241 2618 νηστείαις
258 2583 304 2609 καὶ
316 2583 421 2617 δεήσεσι
434 2581 604 2617 λατρεύουσα
616 2581 700 2607 νύκτα
714 2580 760 2606 καὶ
772 2579 887 2614 ἡμέραν.

103 2627 159 2652 Καὶ
170 2627 250 2662 αὕτη,
265 2627 334 2662 αὐτῇ
345 2628 377 2662 τῇ
392 2626 450 2662 ὥρᾳ
464 2627 607 2657 ἐπιστᾶσα,
623 2625 837 2660 ἀνθωμολογεῖτο
852 2623 889 2658 τῷ

103 2670 208 2706 Κυρίῳ,
226 2672 273 2698 καὶ
291 2671 380 2698 ἐλάλει
398 2671 462 2706 περὶ
479 2670 561 2697 αὑτοῦ
579 2671 645 2697 πᾶσι
662 2671 718 2701 τοῖς
741 2668 888 2704 προσδεχο-

107 2717 195 2752 μένοις
216 2717 348 2754 λύτρωσιν
367 2719 396 2745 ὲν
416 2717 602 2753 Ἰερουσαλήμ.
620 2726 629 2742 ι
648 2716 696 2748 Τίς
711 2717 725 2743 ὁ
744 2715 823 2750 λόγος
840 2715 888 2742 τοῦ

140 2809 161 2825 ⁶¹
181 2808 252 2836 Psal.
270 2815 357 2842 xcvu,
374 2807 400 2834 2.
439 2808 461 2824 “
481 2807 547 2835 Luc.
565 2798 602 2840 n,
620 2806 713 2835 36458.

142 2887 197 2921 (54)
217 2886 281 2922 lleg.
297 2887 325 2919 2,
337 2885 530 2920 διαλογισμῶν.

932 288 1057 315 centurio
1080 294 1129 322 per
1155 286 1233 320 signa
1258 283 1382 318 :Josoph
1408 285 1435 310 et
1455 280 1629 312 Nicodemus,
1651 279 1717 313 quid

933 335 1052 369 cogitent
1066 332 1230 360 revelabitur
1244 338 1292 365 per
1309 330 1413 357 funeris
1426 335 1519 355 curam
1537 335 1544 352 :
1558 326 1652 357 Judas.
1671 333 1719 360 per

934 381 1060 414 laqueum
1078 387 1084 404 :
1101 378 1197 407 Judici.
1223 384 1272 411 per
1288 375 1431 411 pecuniam
1453 372 1614 400 custodibus
1634 371 1719 398 tradi-

932 429 999 452 tam.
1023 424 1055 452 llt
1080 432 1133 451 nuo
1154 423 1238 449 verbo
1255 422 1354 454 dicam,
1378 427 1468 456 pugna
1483 418 1605 454 quaedam
1620 418 1673 444 erit
1692 420 1719 443 et

933 470 1010 505 quasi
1023 469 1121 497 seditio
1135 468 1322 503 oppositarum
1337 466 1531 501 cogitationum
1548 469 1628 498 atque
1639 462 1720 488 ratio-

933 514 1087 547 ciniorum;
1113 513 1173 540 aliis
1191 519 1250 547 qua:
1265 512 1393 538 deitatem
1419 512 1555 545 spectant,
1576 508 1638 535 aliis
1659 514 1719 542 quas

933 560 1140 589 humanitatem.
1165 557 1358 593 cogitantibus.
1382 556 1553 583 Mirabuntur
1575 553 1659 586 enim.
1677 553 1719 580 in-

933 606 1004 640 quit,
1018 612 1080 632 cum
1094 603 1224 631 videbunt
1243 611 1304 630 eum
1322 602 1389 637 pati.
1403 602 1430 628 in
1446 608 1532 635 agone
1545 607 1617 631 esse,
1633 599 1718 627 sudo-

933 653 972 679 ris
989 656 1080 687 guttas
1098 651 1232 682 emittere,
1259 649 1377 684 itemque
1400 654 1499 683 pavere
1522 654 1553 673 ae
1578 645 1718 680 deprecari

935 699 1099 734 passionem.
1126 695 1178 723 Ubi
1202 703 1266 723 vero
1289 702 1381 722 secum
1405 692 1581 727 repntabunt,
1597 695 1719 718 monuos

934 743 1130 774 resurrexisse,
1148 750 1237 769 caecos
1253 741 1340 768 visum
1356 739 1504 774 recepisse,
1520 737 1666 764 mundatus
1681 737 1721 763 le-

934 797 1040 826 prosos,
1064 789 1171 823 fugatos
1194 787 1308 822 spiritus
1334 785 1481 820 malignos,
1510 784 1720 816 universamqne

933 836 1014 862 aliam
1042 834 1102 869 ejus
1137 834 1276 868 signorum
1305 830 1518 862 multitudinem,
1536 829 1719 859 mirabuntur,

934 885 1107 915 mentemque
1134 881 1206 907 ultro
1228 880 1351 912 citroque
1373 878 1547 903 ﬂuctuantem
1571 875 1719 906 habebunt,

934 927 1057 955 videntes
1072 927 1128 953 haec
1149 925 1261 952 minime
1277 931 1338 951 cum
1364 923 1503 958 prioribus
1517 922 1673 948 consentire
1688 927 1721 947 ac

934 980 1094 1007 congruere.
1107 971 1277 998 Mirabuntur
1289 969 1364 1000 item,
1378 968 1424 1003 qui
1439 972 1518 995 terrae
1531 972 1633 994 motum
1646 967 1721 994 vidc-

935 1020 1013 1050 bunt,
1031 1022 1193 1052 noctemque
1211 1016 1238 1043 in
1252 1015 1295 1042 die
1317 1015 1513 1048 obtingentem,
1536 1013 1652 1040 scissum
1675 1019 1723 1039 ve-

934 1065 1013 1097 lum,
1044 1064 1168 1098 diruptas
1202 1066 1309 1097 petras;
1341 1061 1508 1095 insuperque
1544 1062 1720 1086 monumenta

934 1115 1038 1146 aperta,
1066 1117 1097 1136 ac
1117 1113 1289 1135 mortuorum
1314 1106 1553 1134 resurrectionem.
1580 1105 1722 1132 erabun—

935 1161 990 1188 tur,
1006 1155 1089 1183 corde
1102 1154 1308 1189 obstupesceot,
1321 1156 1402 1186 atque
1421 1151 1455 1179 ad
1475 1151 1559 1177 imum
1575 1150 1723 1178 dubitatio-

935 1203 979 1229 nis
1003 1202 1203 1234 demergentur,
1234 1206 1296 1226 cum
1313 1198 1451 1225 hominem
1468 1204 1630 1232 suspensmn
1659 1204 1722 1223 cer-

935 1251 1017 1281 nent;
1046 1246 1196 1280 Deumque,
1221 1249 1296 1272 tanta
1322 1245 1399 1279 signa
1417 1247 1573 1278 operantem
1596 1250 1627 1268 ac
1643 1241 1723 1276 perti-

935 1294 1062 1321 cientem.
1079 1293 1118 1319 ita
1134 1292 1329 1318 revelabuntur
1346 1298 1378 1318 ex
1395 1289 1488 1316 multis
1502 1288 1632 1315 cordibus
1648 1287 1723 1322 cogi-

935 1341 1065 1370 tationes,
1080 1338 1220 1369 aliishaec,
1237 1338 1298 1364 aliis
1324 1337 1368 1363 illa
1384 1335 1577 1370 cogitantibus.
1595 1334 1724 1361 Attamen

936 1386 1029 1413 isthmc
1058 1384 1255 1419 cogitationum
1292 1389 1381 1417 pugna
1395 1402 1402 1414 ,
1432 1381 1530 1408 seditio
1544 1400 1551 1412 ,
1574 1379 1721 1411 confusio,

936 1432 1125 1463 contradictio,
1141 1438 1232 1458 rerum
1245 1429 1380 1464 oppositio
1392 1437 1399 1461 ;
1411 1435 1545 1462 supremae
1557 1425 1722 1457 concordiae,

936 1477 1124 1506 consensionis
1145 1484 1176 1503 ac
1192 1476 1268 1511 pacis
1282 1482 1375 1507 causa,
1401 1474 1531 1501 Ecclesia:
1548 1472 1638 1499 futura
1654 1474 1696 1498 est
1714 1480 1722 1504 ;

936 1533 968 1553 ex
985 1525 1109 1558 utrisque
1124 1523 1197 1551 enim
1214 1521 1408 1557 praedicabitur
1423 1519 1487 1554 quid
1507 1523 1566 1545 erat
1579 1518 1720 1545 Christus:

911 1599 917 1608 ε
938 1571 1064 1605 idemque
1090 1569 1163 1596 Deus
1189 1571 1217 1595 et
1235 1568 1316 1594 homo
1341 1565 1429 1593 fuisse
1455 1567 1649 1599 cognosci-tur.
1675 1563 1722 1597 qui

908 1616 918 1626 ‘
936 1617 995 1652 ipse
1011 1624 1081 1643 unus
1098 1616 1185 1642 libero
1201 1621 1252 1641 suo
1273 1612 1389 1639 arbitrio
1402 1611 1485 1639 vellet
1509 1615 1534 1638 et
1550 1613 1721 1644 operaretur,

935 1663 993 1690 inec
1019 1662 1169 1690 secundum
1195 1659 1323 1687 deitatem
1342 1678 1349 1690 ,
1374 1657 1420 1684 illa
1451 1656 1601 1684 secundum
1626 1655 1724 1682 huma-

936 1709 1057 1735 nitatem.
1087 1705 1149 1732 Haac
1185 1708 1252 1740 puto
1283 1703 1408 1730 dicturus
1434 1705 1492 1728 erat
1524 1699 1724 1727 Abrabamicus

936 1755 980 1781 ille
1000 1760 1094 1785 senex,
1113 1752 1136 1779 si
1157 1753 1219 1788 quis
1242 1757 1303 1778 eum
1325 1749 1368 1776 his
1383 1748 1417 1776 de
1439 1747 1520 1775 rebus
1546 1748 1724 1781 percontatus

936 1802 1019 1828 esset.

972 1928 1015 1956 {9.
1032 1927 1096 1954 Post
1110 1925 1185 1953 illum
1204 1924 1233 1951 in
1248 1923 1390 1958 Scriptura
1407 1921 1485 1949 Anna
1499 1921 1617 1952 sistitur,
1641 1919 1723 1948 senili

936 1983 1032 2011 gressu
1046 1973 1175 2001 incedens
1188 1979 1194 1998 :
1207 1979 1269 1998 nam
1279 1974 1306 1998 et
1321 1971 1407 2006 ipsam
1423 1968 1583 2005 mysterium
1597 1967 1722 1999 vocabat,

937 2021 1085 2057 prophetiae
1111 2019 1226 2054 gratiam
1253 2021 1334 2051 atque
1361 2023 1462 2043 munus
1487 2015 1677 2049 impleturam;
1695 2017 1725 2040 ut

938 2068 996 2102 ipsa
1011 2073 1119 2102 quoque
1133 2064 1289 2100 prophetice
1308 2062 1501 2089 testitlcaretur
1526 2060 1598 2094 quod
1628 2064 1724 2086 notum

938 2114 1048 2141 fecisset
1070 2111 1202 2138 Dominus
1217 2110 1337 2138 salutare
1354 2115 1445 2139 suum,
1472 2111 1499 2134 et
1523 2107 1550 2133 in
1574 2109 1725 2139 conspectu

937 2159 1056 2194 gentium
1072 2157 1220 2184 revelasset
1234 2154 1369 2190 justitiam
1388 2161 1464 2180 suam
1487 2152 1520 2179 οι.
1537 2154 1570 2178 At
1583 2159 1615 2178 ex
1635 2149 1726 2177 Evan-

937 2206 1007 2241 gelio
1032 2205 1150 2240 prirnum
1180 2203 1353 2230 sciscitemur
1378 2207 1502 2235 qtuenam
1520 2198 1577 2225 hmc
1604 2201 1630 2224 cl.
1647 2196 1725 2231 cujas

938 2255 1022 2282 esset,
1040 2258 1094 2285 qua
1109 2250 1142 2276 de
1153 2252 1238 2276 causa
1251 2251 1277 2275 ct
1288 2246 1398 2282 quando
1409 2245 1514 2272 venerit
1529 2245 1555 2271 in
1571 2243 1702 2278 templum
1715 2250 1722 2268 :

939 2305 971 2325 ac
997 2304 1105 2324 rursmn
1136 2303 1195 2330 quze
1223 2294 1322 2321 dixerit
1347 2297 1549 2327 percontemur.
1582 2290 1625 2316 Ait
1652 2289 1724 2316 enim

939 2342 1108 2377 evangelista
1125 2351 1131 2369 :
1151 2350 1160 2366 ι
1181 2340 1214 2367 Et
1233 2343 1290 2367 erat
1303 2339 1380 2365 Anna
1398 2337 1570 2373 prophetissa
1586 2335 1640 2362 tilia
1655 2334 1727 2360 Pha-

939 2389 1014 2418 nuel.
1043 2387 1077 2415 de
1099 2387 1171 2414 tribu
1195 2386 1283 2413 Aser:
1305 2385 1362 2412 haec
1385 2387 1556 2419 processerat
1573 2382 1599 2409 in
1629 2381 1726 2408 diebus

940 2434 1045 2465 multis,
1072 2439 1097 2460 et
1116 2433 1221 2460 vixerat
1237 2439 1299 2458 cum
1328 2430 1388 2458 viro
1415 2437 1466 2457 suo
1488 2429 1567 2455 annis
1591 2430 1693 2462 septem
1710 2433 1727 2452 a

940 2480 1098 2516 virginitate
1111 2487 1161 2507 sua
1179 2486 1186 2505 :
1200 2482 1227 2506 et
1243 2478 1300 2504 haec
1316 2476 1398 2503 vidua
1415 2476 1488 2502 velut
1502 2480 1637 2500 annorum
1648 2475 1726 2498 octo-

941 2530 1015 2565 ginta
1031 2532 1167 2563 quatuor;
1183 2533 1243 2561 qua:
1265 2532 1320 2552 non
1334 2522 1493 2551 discedebat
1507 2520 1540 2547 de
1559 2519 1671 2553 templo.
1685 2517 1726 2565 je-

940 2574 1025 2610 juniis
1040 2562 1068 2601 et
1089 2571 1327 2600 obsecrationibus
1348 2569 1472 2597 serviens
1486 2571 1566 2594 nocte
1579 2573 1610 2592 ac
1622 2564 1676 2592 die.
1694 2562 1726 2590 Et

941 2618 1014 2652 haec;
1027 2619 1085 2654 ipsa
1103 2618 1169 2645 hora
1185 2616 1390 2652 superveniens,
1408 2613 1529 2641 vicissim
1546 2610 1727 2639 conﬁtebatur

941 2666 1067 2699 Domino,
1081 2669 1108 2693 et
1123 2665 1284 2700 loquebatur
1298 2664 1331 2692 de
1346 2663 1393 2690 illo
1408 2661 1537 2689 omnibus
1564 2658 1611 2694 qui
1629 2663 1727 2690 exspe-

941 2714 1051 2742 ctabant
1081 2712 1295 2749 redemptionem
1334 2710 1362 2738 in
1391 2707 1542 2737 Jerusalem
1567 2706 1600 2733 ιι.
1628 2714 1637 2731 ι
1656 2701 1727 2736 Quid
