1940 3067
109 135 178 164 II‘OI

599 142 742 172 BOMILIA
760 144 794 172 IN
812 145 945 175 CECUH
965 147 987 174 A
1005 147 1228 178 NATIVITATE.

1651 155 1720 183 £009

112 216 1708 247 --Ἥ

493 283 494 286 ί
561 293 594 321 IN
613 292 782 321 HOMILIAM
802 294 846 322 DE
866 295 968 324 CIECO
986 297 1080 325 NATO
1098 298 1298 327 ADMONITIO.

132 398 155 412 ι.

143 361 205 404 {Van
219 363 338 398 estquod
357 363 385 390 in
404 363 511 398 hujusce
530 363 647 391 humilia:
666 363 756 399 νοθείᾳ
781 366 1013 394 commonstranda
1030 368 1077 394 diu
1100 369 1279 403 immoremur,
1305 380 1364 398 cum
1391 373 1519 401 orationis
1538 383 1630 410 genus.
1646 385 1719 404 voca

105 410 252 447 cretei-aque
269 411 356 437 omnia
381 410 533 442 scriptorem
556 410 669 444 prodant
692 410 838 438 Athanasio
858 411 933 448 longe
956 413 1095 447 imparem.
1115 414 1150 441 Et
1167 424 1226 444 vero
1244 425 1295 444 non
1314 426 1346 445 ex
1366 419 1468 447 vocibus
1490 425 1514 447 et
1533 422 1601 457 ston
1616 427 1719 451 tantum

105 457 199 490 spuria
214 456 262 483 illa
277 455 477 491 deprehenditur
499 464 509 484 :
528 464 586 483 cum
603 456 686 483 multa
709 456 898 491 complectatur
911 458 1010 492 inepta,
1027 464 1052 486 et
1071 461 1160 494 sagaci
1172 462 1262 497 quovis
1278 462 1389 496 homine,
1408 473 1440 492 ne
1454 465 1541 492 dicam
1559 455 1719 502 dlhanasio,

104 501 233 536 indigna;
253 506 283 528 ut
306 506 344 529 est
364 501 430 529 illud
450 501 480 529 da
506 501 629 529 Samuele
651 501 779 536 propheta
798 508 984 536 commentarii.
1009 509 1033 531 et
1048 505 1157 539 similia,
1182 515 1240 541 qum
1256 507 1348 535 lectori
1366 510 1450 543 primo
1465 516 1569 545 aspectu
1582 501 1719 539 occurrent

104 547 267 576 obseruanda
273 569 279 576 .

647 669 709 697 ΤΟΥ
727 670 773 697 ΕΝ
790 671 901 698 ΑῙΊΟΙΣ
919 672 1054 699 ΠΑΤΡΟΣ
1073 673 1169 701 HMDN

755 747 1068 792 ΑΘΑΝΑΣΙΟΥ

487 826 541 863 ί58)
560 828 690 855 οΜΙΔΙΑ
706 829 769 854 ΕΙΣ
788 828 857 855 ΤΟΝ
871 829 921 855 ΕΚ
939 829 1110 856 ΓΕΝΕΤΗΣ
1126 830 1272 858 ΤΥΦΛΟΝ

607 953 658 998 S.
696 954 750 997 P.
789 954 848 998 N.
876 951 1198 997 ATHANASII

534 1043 576 1071 IN

139 1156 160 1183 Ι.
179 1156 416 1185 Πολυσποῦδαστόν
439 1158 497 1185 ἔστι
519 1159 604 1186 πᾶσιν
618 1158 771 1194 ἀνθρώποις
784 1158 815 1185 τὸ
827 1158 882 1185 τῶν

95 1205 199 1239 γονέων
223 1204 379 1240 γλῡκασμα,
403 1206 521 1241 γνήσιον,
552 1205 668 1241 παθητὸν
693 1205 759 1241 (59),
782 1205 882 1237 παντὸς

94 1250 209 1286 χρυσίου
225 1250 394 1286 τιμιώτερον.
417 1249 475 1278 Οὐκ
495 1250 567 1277 ἔστιν
589 1252 618 1278 ὲν
641 1250 679 1286 τῷ
703 1251 816 1286 παρόντι
832 1250 882 1286 βίῳ

92 1295 221 1330 γονεῦσιν
230 1295 356 1322 ἀντισταθ
362 1295 503 1330 μιζόμενον
516 1295 616 1331 κτῆμα.
633 1295 739 1330 Χρυσὺς
753 1294 881 1326 πολλάκις

93 1340 260 1368 ἀπόλλυται·
276 1341 376 1375 γονέων
399 1341 428 1367 δὲ
443 1341 552 1376 φίλτρον
574 1341 605 1367 οὐ
628 1341 797 1376 μαραίνεται.
815 1340 882 1376 Ἀρ-

92 1395 179 1423 γυρος
195 1387 324 1418 πολλάκις
339 1386 424 1413 ἰοῦται
434 1395 441 1401 ·
457 1386 511 1413 τῶν
526 1386 554 1414 δὲ
568 1387 754 1422 γεννησάντων
769 1386 798 1412 αἱ
817 1385 881 1412 ὼδί-

92 1442 140 1465 νες
155 1433 186 1460 οὺ
203 1433 350 1469 μειοῦνται.
365 1434 541 1469 Μαργαρτται
563 1433 692 1464 πολλάκις
710 1432 880 1467 διαφθείρον-

89 1486 150 1506 ταιι
159 1479 258 1513 γονέων
266 1479 293 1505 δὲ
304 1479 407 1514 δάκρυα
420 1478 458 1513 τῷ
470 1478 564 1513 Κυρίῳ
576 1478 765 1514 παρίστανται.
777 1477 823 1504 Διὸ
834 1477 880 1504 καὶ

89 1524 149 1551 τῶν
171 1524 271 1558 γονέων
296 1524 327 1551 τδ
346 1525 435 1559 τίμιον
458 1524 475 1559 ἡ
501 1523 560 1550 θεία
583 1523 678 1559 Γραφὴ
700 1523 879 1558 γνωρίζουσα,

90 1572 223 1607 παραινεῖ
237 1572 292 1602 τοῖς
313 1571 417 1602 τέκνοις
439 1569 543 1605 βοῶσα·
571 1579 580 1595 ι
606 1570 636 1597 '0
659 1569 813 1604 κακολογῶν
828 1578 881 1596 πα-

90 1618 161 1652 τέρα
181 1618 198 1652 ἢ
217 1618 331 1652 μητέρα,
350 1617 457 1652 θανάτῳ
474 1616 634 1645 τελευτάτω.
651 1626 660 1642 ι
673 1617 751 1643 Ἔστι
772 1616 800 1643 δὲ
816 1616 880 1643 πάν-

89 1672 148 1694 τως
160 1664 246 1690 εἰπεῖν
259 1672 318 1690 τινα
328 1671 334 1678 ·
351 1664 406 1690 Καὶ
419 1664 443 1689 εί
464 1662 693 1698 περισπούδαστόν
708 1663 766 1689 ἐστι
778 1662 808 1689 τὸ
825 1661 880 1689 τῶν

90 1708 194 1742 γονέων
210 1708 365 1744 γλύκασμα,
377 1709 449 1740 τίνος
467 1709 559 1735 ἕνεκεν
574 1710 588 1735 6
610 1708 691 1736 Δαϐὶδ
709 1709 772 1740 τοὺς
790 1710 880 1742 γονεῖς

89 1753 243 1781 διαϐάλλων
258 1754 365 1789 ἔλεγεν·
384 1763 394 1780 ι
415 1755 444 1781 '0
457 1755 552 1790 Πατήρ
568 1763 618 1789 μου
632 1755 678 1781 καὶ
692 1755 708 1790 ὴ
725 1755 814 1791 μήτηρ
828 1762 878 1790 μου

90 1798 272 1834 ὶγκατέλιπύν
291 1808 340 1834 με·
364 1801 379 1826 6
392 1799 420 1826 δὲ
441 1800 541 1836 Κύριος
555 1800 737 1836 προσελάϐετό
754 1808 804 1835 με;
821 1810 830 1826 ι
846 1801 879 1826 Τί

89 1845 195 1880 λέγεις,
211 1842 234 1872 ὦ
246 1845 317 1880 φίλε,
334 1846 402 1882 πρὸς
415 1846 448 1873 τὰ
464 1847 601 1882 παρόντα;
617 1846 720 1879 Παντὸς
732 1847 880 1882 κτίσματος

88 1891 255 1928 τιμιώτερον
272 1892 303 1918 τδ
324 1892 378 1919 τῶν
402 1893 503 1928 γονέων
517 1893 679 1929 γλύκασμα·
704 1894 741 1929 μὴ
767 1894 820 1930 γὰρ
840 1894 878 1926 ὠς

91 1938 162 1974 πρὸς
180 1938 226 1966 ἰδν
247 1938 411 1974 δημιουργὸν
430 1939 484 1965 τῶν
508 1939 634 1967 ἁπάντων
652 1939 735 1967 Θεόνν
752 1940 801 1967 οὐκ
820 1939 878 1967 ἐστι

89 1984 196 2019 κτίσμα
210 1984 307 2022 κτίστῃ
327 1985 505 2020 συγκριθῆναι
520 1986 676 2021 δυνάμενον.
696 1986 727 2012 Εἰ
752 1986 801 2021 μὲν
814 1983 849 2022 ἦν
863 1987 878 2012 6

89 2030 175 2057 Δασιδ
188 2030 325 2066 εἰρηκώς·
351 2040 361 2057 ι
381 2031 409 2058 '0
430 2032 522 2067 πατήρ
538 2040 589 2066 μου
611 2032 659 2058 καὶ
680 2033 697 2067 ἡ
719 2032 809 2068 μήτηρ
825 2040 877 2067 μου

89 2076 271 2111 ὲγκατέλιπόν
290 2085 334 2112 με,
352 2087 361 2103 ι
379 2077 539 2104 ἀντελάϐετο
553 2077 581 2104 δέ
597 2086 647 2113 μου
665 2077 679 2103 6
699 2077 781 2111 δεῖνα,
794 2079 809 2104 6
821 2078 878 2112 γεί-

89 2130 156 2154 των,
174 2122 191 2158 ἢ
212 2123 226 2149 ὁ
250 2123 392 2159 συγγενὴς,
409 2124 425 2160 ἦ
449 2125 464 2150 6
486 2124 572 2159 φίλος,
588 2124 625 2156 ὡς
649 2125 808 2152 ὑπεναντίον
822 2124 876 2151 διε-

90 2168 201 2196 ϐεϐαίου
220 2169 290 2204 (60)·
313 2170 337 2196 εί
357 2170 385 2196 δὲ
407 2170 523 2197 καὶτῶν
539 2171 639 2205 γονέων
652 2171 697 2198 τὸν
712 2171 812 2207 Κύριον
833 2171 877 2198 εὑ-

91 2215 308 2251 σπλαγχνότερον
324 2216 491 2251 ἀπεφήνατο,
509 2217 557 2243 καὶ
571 2217 634 2249 τοὺς
657 2218 745 2251 γονεῖς
759 2218 808 2244 οὐκ
831 2218 876 2244 ἑν-

91 2260 198 2296 ύϐρισε,
212 2261 259 2288 καὶ
270 2261 316 2288 τὸν
326 2261 391 2288 Θεὸν
406 2261 540 2294 ἐδόξασεν.

125 2385 154 2412 8.
175 2385 252 2416 Τίνος
267 2385 296 2412 δὲ
314 2385 394 2422 χάριν
409 2387 423 2413 6
435 2386 517 2413 Δαϐὶδ
535 2396 694 2423 προσηκατο
712 2387 761 2420 τὰς
777 2388 874 2415 συλλα-

91 2430 153 2463 ϐὰς,
166 2431 265 2465 λέγων·
278 2440 286 2456 ι
298 2432 326 2458 ὐ
339 2433 433 2468 Πατήρ
449 2441 499 2467 μου
514 2433 584 2468 καὶὴ
595 2434 685 2470 μήτηρ
698 2443 748 2470 μου
761 2435 875 2469 ἐγκατέ-

91 2474 171 2503 λιπόν
194 2484 243 2511 με·
269 2477 283 2503 6
302 2476 331 2503 δὲ
344 2476 444 2512 Κύριος
458 2478 618 2505 ἀντελάϐετό
630 2479 684 2514 (61)
702 2488 755 2515 με;
775 2490 785 2506 ι
803 2481 873 2507 Ἰστε

93 2521 193 2553 πάντες
211 2522 313 2556 σαφῶς,
328 2523 378 2549 ὅσα
397 2531 425 2550 τε
442 2523 586 2558 φιλόλογοι,
601 2525 659 2557 πῶς
678 2526 693 2552 6
713 2526 767 2552 τῶν
790 2527 876 2554 ὰπάν·
889 2516 909 2544 c

92 2574 147 2593 των
161 2566 226 2598 Θεὸς
242 2567 400 2603 βουλόμενος
413 2569 458 2596 τὸν
473 2569 568 2603 Σαοὺλ,
583 2571 621 2603 ὼς
638 2571 748 2606 φαῦλον,
762 2573 812 2608 τῆς
829 2572 877 2608 βα-

93 2612 194 2644 σιλείας
207 2613 387 2646 διαδέξασθαι,
398 2616 445 2642 καὶ
457 2615 503 2642 τὸν
517 2616 610 2647 Δαϐὶδ,
625 2617 662 2649 ὡς
677 2617 763 2652 φίλον,
778 2619 818 2650 εἰς
827 2618 876 2653 τὴν

127 2692 151 2708 ⁴³
169 2692 255 2721 Exod.
271 2702 335 2727 xxi,
353 2694 396 2721 I7.
435 2695 458 2710 “
478 2694 550 2722 Psnl.
568 2703 631 2722 xxvi
643 2716 650 2729 ,
671 2696 713 2724 IO.

127 2772 183 2818 es
199 2772 275 2818 es;
285 2773 312 2818 4:
326 2773 510 2818 ἑμξῆἒαίβῠε-
524 2773 624 2818 εμηεεινιει
638 2774 730 2807 editis.
747 2774 834 2808 λάτοςι

138 2808 183 2844 59)
203 2808 240 2836 Ita
250 2816 319 2844 rmss.
332 2808 403 2837 Editi
422 2816 497 2839 vero.
517 2808 644 2844 ποθηρόν.

138 2843 184 2880 60)
194 2844 231 2872 Ita
243 2843 313 2880 .Reg.
326 2844 354 2872 2.
365 2843 437 2872 Editi
452 2848 552 2874 autent.
570 2843 607 2875 ὦς
623 2845 667 2871 ὑπ’
678 2845 804 2872 ἐναντίων
820 2845 872 2872 διε-

229 2891 366 2923 Ριτειοι.
382 2892 440 2923 Gn.
459 2890 604 2922 XXVIII.

611 1041 750 1072 CIECUH
783 1043 804 1070 Α
839 1039 1072 1068 ΝΑΤινιΤΑτΕ
1109 1041 1282 1070 ηοΜΙιιΑ.

897 1160 919 1189 Α
969 1156 996 1184 Ι.
1015 1154 1127 1182 Summa
1151 1162 1218 1182 cura
1242 1154 1398 1183 hominibus
1415 1156 1546 1185 colendus
1569 1164 1611 1186 est
1624 1159 1721 1189 dulcis

933 1203 988 1235 ille,
1009 1208 1164 1238 germanus.
1182 1200 1381 1234 desiderabilis,
1408 1202 1505 1237 quovis
1528 1210 1594 1231 auro
1609 1206 1712 1240 ιιι-εξιὶοα

932 1249 998 1281 sior,
1012 1252 1153 1283 parentum
1170 1253 1255 1274 amor.
1269 1245 1354 1274 Nulla:
1370 1251 1435 1275 sunt
1448 1247 1475 1275 in
1493 1248 1545 1276 hac
1560 1250 1613 1277 vita
1629 1250 1714 1278 facul-
1756 1253 1759 1257 “

931 1298 1000 1322 tates
1018 1293 1176 1330 parentibus
1190 1292 1389 1328 comparandae.
1410 1293 1513 1321 Aurum
1538 1303 1610 1330 saepe
1632 1297 1713 1332 perit.

930 1344 1074 1376 parentum
1091 1343 1181 1366 autem
1197 1346 1273 1366 amor
1285 1346 1339 1366 non
1355 1340 1546 1376 exstinguitur.
1563 1341 1713 1377 Argentum

930 1385 1090 1420 plerumque
1107 1383 1260 1418 rubiginem
1286 1384 1432 1415 contrahit.
1458 1389 1600 1420 parentum
1623 1386 1713 1415 autem

930 1438 994 1465 erga
1015 1430 1118 1465 prolem
1134 1429 1246 1457 allectus
1260 1437 1314 1457 non
1327 1430 1468 1457 minuitur.
1488 1430 1639 1466 Margaritre
1657 1441 1713 1460 non

930 1485 994 1504 HII'O
1008 1480 1230 1511 corrumpuntur.
1248 1480 1390 1511 parentum
1403 1483 1468 1503 vero
1481 1477 1606 1512 lacryma:
1620 1485 1713 1506 coram

930 1522 985 1550 Deo
996 1522 1140 1550 sistuntur.
1156 1522 1337 1555 Quamobrem
1362 1522 1452 1549 divina
1467 1522 1618 1558 Scriptura,
1641 1524 1713 1552 indi-

930 1576 996 1596 cans
1009 1571 1129 1603 quantus
1142 1568 1176 1595 sil
1189 1567 1278 1593 honor
1290 1574 1353 1602 erga
1366 1571 1493 1602 parentes
1504 1567 1656 1601 habendus,
1671 1570 1711 1597 sic

929 1619 1021 1641 mouet
1037 1613 1119 1644 ﬁlios,
1132 1613 1290 1640 exclamans
1307 1621 1314 1640 :
1331 1621 1340 1636 ι
1360 1612 1411 1646 Qui
1430 1613 1566 1641 maledicit
1582 1615 1651 1650 patri
1668 1616 1712 1643 vel

929 1659 1021 1690 matri,
1043 1661 1130 1685 morte
1158 1658 1290 1685 moriatur
1309 1657 1341 1684 “.
1362 1668 1373 1684 ι
1398 1657 1451 1685 Sed
1479 1658 1595 1687 fortasse
1611 1660 1711 1688 dixerit

928 1705 1069 1742 quispiam.
1103 1704 1132 1731 Si
1147 1708 1223 1731 tanta
1240 1711 1305 1731 cura
1322 1704 1404 1740 366
1417 1705 1547 1732 colendus
1564 1709 1606 1733 est
1621 1706 1710 1734 dulcis

929 1751 975 1778 ille
990 1758 1053 1786 erga
1080 1755 1206 1786 parentes
1227 1749 1352 1782 affectus,
1377 1751 1442 1786 quid
1469 1758 1559 1779 causae
1577 1755 1619 1780 est
1636 1753 1709 1787 quod

929 1795 1013 1822 David
1029 1800 1156 1830 parentes
1172 1803 1305 1824 accusans
1320 1796 1419 1824 dixerit
1438 1806 1445 1824 :
1464 1805 1474 1822 ι
1490 1796 1569 1824 Pater
1589 1805 1666 1825 meus
1682 1802 1709 1825 et

895 1835 916 1863 Β
929 1846 1016 1870 mater
1037 1849 1096 1869 mea
1113 1842 1317 1876 dereliquerunt
1336 1851 1395 1876 me;
1413 1843 1543 1872 Dominus
1556 1848 1647 1872 autem
1663 1851 1709 1872 as-

928 1888 1045 1923 sumpsit
1056 1895 1099 1916 me
1112 1888 1157 1915 “'1l
1177 1897 1186 1913 ι
1203 1887 1274 1921 Quid
1288 1889 1322 1916 ad
1346 1889 1404 1916 haec
1420 1889 1471 1921 ais.
1488 1889 1608 1918 dilecte?
1628 1890 1709 1918 Omni

928 1937 1054 1961 creatura
1065 1933 1210 1968 pretiosior
1219 1941 1281 1961 esse
1292 1933 1372 1962 debet
1382 1934 1470 1963 dulcis
1481 1935 1526 1963 ille
1540 1943 1603 1971 erga
1614 1943 1710 1971 paren-

927 1984 968 2007 tes
992 1979 1115 2011 ali‘ectus,
1131 1987 1183 2007 nec
1200 1983 1289 2007 tamen
1317 1989 1379 2009 cum
1395 1981 1450 2010 Deo
1469 1983 1590 2010 omnium
1612 1983 1709 2018 opiﬁce

927 2025 1128 2060 comparandus
1144 2035 1151 2053 :
1168 2026 1241 2053 nulla
1256 2027 1356 2062 quippe
1369 2031 1411 2055 est
1429 2032 1555 2055 creatura
1570 2036 1630 2064 qua:
1645 2036 1708 2056 cum

927 2071 1056 2099 Creatore
1074 2071 1192 2100 conferri
1205 2074 1302 2108 possit.
1318 2074 1347 2100 Si
1362 2073 1446 2100 David
1461 2078 1601 2110 postquam
1614 2074 1683 2102 dixit
1699 2084 1707 2102 :

931 2125 940 2142 ι
953 2117 1032 2144 Pater
1043 2125 1119 2145 meus
1132 2122 1159 2144 et
1171 2122 1256 2145 mater
1271 2125 1329 2145 mea
1345 2118 1547 2154 dereliquerunt
1563 2127 1616 2151 mc,
1633 2129 1643 2145 ι
1660 2119 1708 2146 ad-

925 2163 1047 2198 iecisset,
1061 2162 1107 2191 Ille
1121 2163 1230 2198 quidam
1241 2163 1357 2195 vicinus,
1367 2168 1413 2190 aut
1425 2170 1565 2199 cognatus.
1577 2168 1623 2192 aut
1639 2166 1707 2191 ami-

929 2216 978 2236 cus
998 2208 1117 2243 suscepit
1133 2216 1192 2241 mc;
1208 2208 1234 2235 id
1248 2209 1326 2243 quasi
1347 2216 1380 2236 ex
1403 2209 1519 2237 adverso
1535 2209 1705 2237 aﬂirmasset.

928 2254 1006 2287 Quod
1020 2254 1043 2282 si
1062 2254 1148 2289 magis
1162 2261 1242 2289 quam
1258 2258 1383 2290 parentes
1399 2256 1604 2283 misericordem
1621 2255 1706 2283 Deum

926 2300 1121 2335 pronuntiavit,
1136 2301 1296 2335 parentibus
1312 2301 1439 2336 injuriam
1452 2309 1507 2329 non
1524 2302 1598 2334 fecit.
1613 2307 1640 2329 et
1650 2301 1706 2330 Deo

926 2347 1037 2381 gloriam
1050 2346 1132 2374 dedit.

959 2392 986 2419 2.
1003 2392 1073 2425 Quid
1090 2399 1181 2420 causae
1203 2397 1245 2420 est
1260 2396 1363 2426 autem,
1388 2393 1459 2428 quod
1475 2392 1560 2421 David
1585 2393 1705 2430 syllabas

925 2438 1036 2473 apponit
1051 2438 1144 2466 dicens
1161 2448 1167 2465 :
1185 2448 1194 2464 ι
1213 2438 1294 2466 Pater
1310 2447 1387 2467 meus
1404 2444 1431 2467 et
1447 2444 1534 2467 mater
1546 2447 1606 2467 mea
1622 2439 1704 2467 dere-

926 2484 1064 2518 liquerunt
1089 2492 1144 2517 me,
1175 2484 1304 2513 Dominus
1329 2489 1418 2513 autem
1444 2486 1592 2521 assumpsit
1620 2485 1702 2514 me?»

925 2528 1009 2556 Gnari
1025 2537 1119 2557 omnes
1140 2530 1217 2562 estis,
1237 2535 1329 2566 utpote
1351 2531 1476 2560 lectionis
1500 2532 1625 2566 studiosi,
1650 2541 1704 2568 quo

924 2579 1004 2611 pacto
1019 2576 1140 2603 omnium
1158 2575 1229 2605 Deus
1246 2585 1308 2604 cum
1322 2578 1401 2605 vellet
1417 2577 1536 2610 Saulem.
1551 2583 1642 2614 utpote
1657 2579 1706 2606 im-

925 2621 1038 2655 probum
1054 2621 1189 2649 hominem
1205 2630 1289 2658 regno
1307 2624 1450 2657 abdicare,
1468 2629 1495 2653 et
1519 2624 1657 2656 Davidem.
1675 2628 1704 2651 ut

922 2775 1101 2846 δεῗὲἷῖυῖιοὲε,
1116 2809 1254 2847 2,_solus,
1276 2811 1465 2847 προσελάϐετο.
1483 2811 1548 2840 Item
1566 2811 1643 2844 ibid.,
1658 2819 1703 2847 με,

923 2848 951 2874 et
968 2847 1005 2872 ita
1020 2853 1137 2880 semper.
1151 2845 1232 2879 Editi,
1250 2854 1299 2881 μου

1546 2893 1585 2924 32
