1940 3067
259 119 329 148 1003

816 116 845 143 S.
866 115 1096 143 ATHANASIUS.
1115 129 1151 136 —
1171 114 1307 142 SPURIA.

1802 115 1864 142 10οι

261 177 389 204 dilectum
403 177 472 208 sibi,
482 183 593 211 regnum
610 175 696 207 adire,
712 175 866 203 ministrum
890 183 969 202 suum
988 175 1032 201 mi.

1090 173 1227 208 βασιλείαν
1241 172 1430 208 προσήκασθαι
1453 172 1519 207 (62).
1541 171 1699 198 ἀποστέλλει
1716 172 1762 197 τὶν
1777 171 1864 197 ἑαυτοῦ

259 222 325 250 serit
341 222 493 249 Samuelem
515 221 549 248 ad
563 221 673 248 domum
687 225 827 256 parentum
839 220 934 252 David,
952 228 1038 248 cornu

259 265 391 292 ferentem
417 264 606 295 ordinationis.
631 263 782 298 dixeritque
802 262 921 290 Samueli
947 262 1039 289 Domi-

258 320 310 339 nus
319 312 340 328 ⁸⁸
348 321 355 339 :
364 311 448 347 Perge
459 311 491 338 ad
500 312 609 338 domum
617 309 710 342 Jcssm,
719 315 746 337 et
754 317 824 344 unge
835 309 899 336 mihi
913 317 996 336 unum
1005 317 1038 336 ex

262 357 324 384 tiliis
337 356 397 391 ejus
414 357 440 383 in
459 363 559 391 regem.
578 355 687 383 Samuel
703 358 793 382 autem
809 354 842 381 ad
858 354 1038 382 ministerium

257 402 369 434 missus,
377 402 516 437 respondit
525 401 638 428 Domino
649 411 655 428 :
666 400 783 435 Ecquem
794 399 941 426 ordinabo?
948 399 1038 426 lndica

256 456 366 479 nomen,
383 447 506 479 Domine,
525 451 554 474 ut
570 447 726 480 diligentius
739 446 773 473 ad
787 445 864 480 jussa
880 449 925 472 tua
941 452 1038 480 prope-

255 501 323 520 rem.
336 492 406 520 Tum
421 492 551 520 Dominus
565 492 599 519 ad
612 491 763 519 Samuelem
775 499 782 518 :
793 489 860 516 Nolo
874 489 945 517 scias
957 497 1037 524 quem

255 539 455 571 constituerim,
478 546 512 566 ne
528 538 605 574 quasi
621 544 763 572 personam
787 536 936 570 acceperis,
956 542 1037 562 accu-

255 592 325 612 sere.
345 584 434 612 Habes
448 591 533 611 cornu
548 581 738 614 ordinationis,
754 581 782 608 in
796 588 876 616 quem
891 579 1037 607 inclinabi-

255 634 300 656 tur
313 637 410 660 cornu,
426 633 453 656 et
468 628 558 655 oleum
570 626 718 657 cmanabit,
731 626 807 652 illum
823 625 888 651 mihi
901 624 1037 652 constitue

253 683 355 711 regem.
372 676 439 702 Cum
455 682 540 701 cornu
558 677 650 700 teneas
658 672 729 707 quod
741 672 841 699 nullam
858 678 1036 706 personarum

255 722 439 755 acceptionem
464 719 599 745 facturum
614 721 667 749 est,
695 724 729 744 ne
758 716 871 743 moleste
890 715 971 742 feras.
987 714 1036 741 llis

254 765 354 792 auditis
374 764 492 795 Samuel,
518 763 596 798 quasi
616 769 632 789 a
652 761 707 790 Deo
732 765 843 796 accepta
869 760 1034 795 cognitione,

254 811 354 842 statim,
369 809 438 836 haud
455 808 538 836 dubio
550 808 627 843 pede.
641 806 759 833 accurrit
773 805 806 832 ad
820 805 930 832 domum
938 803 1033 836 Jessae,

253 862 334 889 quem
350 854 391 881 sic
410 853 558 887 alloquitur
575 850 665 878 :Misit
678 858 721 877 me
736 849 866 876 Dominus
881 849 1034 876 ordinatum

252 908 285 926 ex
303 899 364 926 [iliis
380 899 434 926 tuis
451 906 534 925 unum
556 898 583 924 in
611 904 713 932 regem.
735 895 883 924 Confestim
908 895 985 923 Jesse
1006 900 1033 923 et

253 953 322 973 uxor
339 945 398 980 ejus
415 945 498 971 lilium
514 951 593 971 suum
613 942 763 978 producere
778 947 844 968 natu
860 942 986 977 primum,
1003 947 1033 969 ut

252 993 300 1028 qui
314 991 552 1028 primogenitorum
573 989 788 1018 benedictionem
811 994 939 1024 gestaret,
961 993 987 1017 et
1004 994 1032 1016 ut

253 1039 322 1066 inter
337 1038 439 1066 liberos
454 1045 519 1064 suos
531 1041 634 1064 rectum
646 1036 768 1064 ordinem
777 1041 908 1063 servaret.
923 1034 1032 1063 Samuel

255 1087 345 1110 autem
360 1083 470 1110 elevans
491 1082 583 1110 statim
603 1089 724 1112 manum.
743 1088 776 1108 ac
790 1088 850 1108 sese
871 1081 904 1107 ad
923 1081 1034 1108 ordina-

253 1128 355 1155 tionem
392 1134 575 1162 componens,
610 1127 792 1160 inclinatoque
829 1133 930 1158 cornu,
962 1127 1036 1161 prio-

255 1180 312 1199 rem
345 1173 447 1207 absque
474 1173 645 1200 0rdinatione
675 1171 793 1203 dimisit.
825 1171 896 1204 oleo,
923 1179 957 1198 ex
988 1171 1035 1198 Dei

252 1221 332 1250 nutu,
346 1217 454 1245 ellluere
465 1218 583 1244 nolente.
595 1218 662 1244 Cum
678 1221 766 1244 autem
781 1217 820 1243 illi
834 1221 947 1244 cunctos
963 1216 1032 1243 ﬁlios

250 1269 316 1290 suos
332 1265 430 1297 praeter
444 1261 571 1289 Davidem
586 1261 754 1293 adduxisset,
770 1261 960 1288 abscesserunt
970 1269 1031 1288 om-

251 1315 301 1335 nes
314 1309 392 1335 vacui
410 1315 460 1335 nec
475 1307 604 1334 ordinati.

1088 219 1209 245 διάκονον
1224 217 1348 253 Σαμουὴλ
1364 219 1403 250 εἰς
1422 218 1466 243 τὸν
1485 215 1557 244 οἶκον
1573 217 1626 243 τῶν
1640 217 1742 251 γονέων
1762 216 1807 242 τοῦ
1821 218 1865 242 Aa»

1088 263 1131 290 ωδ
1145 264 1210 298 (65),
1225 264 1419 299 ἐπιφερόμενον
1434 263 1465 289 τὸ
1483 263 1564 298 κέρας
1578 264 1626 298 τῆς
1641 263 1816 298 χειροτονίας,
1829 263 1862 289 li-

1088 318 1143 344 γων
1157 310 1222 344 πρὸς
1239 310 1283 335 τὸν
1300 309 1424 344 Σαμουὴλ
1439 311 1453 335 ό
1476 309 1576 344 Κύριος
1587 317 1593 323 ·
1618 307 1764 343 Πορευϐεὶς
1778 309 1816 338 εἰς
1826 307 1866 333 τὸν

1087 353 1160 382 οἶκον
1178 356 1285 385 Ἰεσσαὶ,
1300 355 1392 390 χρῖσόν
1407 363 1451 389 μοι
1469 355 1516 381 ἕνα.
1527 354 1581 380 τῶν
1596 353 1661 380 υἱῶν
1675 353 1758 379 αὐτοῦ
1773 354 1811 384 εἰς
1825 353 1855 387 βα

1088 401 1172 428 σιλὲα.
1196 402 1223 427 '0
1240 401 1267 427 δὲ
1285 400 1408 436 Σαμουὴλ
1427 401 1464 432 ὡς
1485 401 1524 431 εἰς
1546 400 1682 426 διακονίαν
1701 398 1864 433 στελλόμενο,

1087 448 1252 482 ἀντερήσατο
1264 447 1318 481 (64)
1343 446 1408 481 πρὸς
1429 447 1474 473 τὸν
1491 438 1601 480 Κύριον,
1619 445 1726 479 λέγων·
1747 445 1801 470 Καὶ
1813 445 1867 470 τίνα

1087 493 1313 528 προχειρίσομαι;
1340 493 1410 526 Λέγε
1439 500 1483 527 μοι
1499 492 1529 518 τὺ
1554 492 1649 527 ὄνομα,
1674 492 1805 520 Δέσποτα,
1827 492 1863 517 ἴνα

1088 539 1292 574 σπουδαιότερον
1318 538 1385 574 πρὸς
1408 539 1439 564 τὸ
1462 538 1556 565 δοκοῦν
1576 547 1616 564 σοι
1639 537 1822 572 διαδήσωμαι.
1840 537 1863 562 '0

1086 585 1114 610 δὲ
1128 585 1229 620 Κύριος
1251 585 1318 620 πρὸς
1331 585 1376 611 τὸν
1389 585 1529 620 Σαμουήλ-
1546 586 1583 611 Oi)
1600 585 1669 612 Θέλω
1683 593 1714 611 σε
1729 584 1859 618 γινώσκειν.

1086 630 1130 655 τὸν
1143 630 1390 665 προχειριζόμενον,
1406 630 1449 656 ἴνα
1464 630 1500 664 μὴ
1516 629 1553 661 ὡς
1566 629 1802 666 προσωπολήπτης
1813 630 1860 656 δια-

1086 675 1198 710 ϐληοῇς.
1215 675 1307 710 Ἔχεις
1319 675 1349 701 τὸ
1363 675 1445 710 κέρας
1466 675 1516 710 τῆς
1529 676 1707 710 χειροτονίας,
1721 677 1786 702 ὅπου
1801 676 1820 702 δ’
1834 676 1858 702 ἂι

1085 721 1221 747 ἐπινεύσει
1239 721 1269 746 τὺ
1292 721 1386 756 χέρας,
1400 721 1446 747 καὶ
1469 721 1499 747 τὸ
1515 721 1602 747 ἔλαιον
1618 721 1756 756 λιμνάσει,
1771 721 1860 748 ἐκεῖνόν

1087 775 1131 802 μοι
1147 767 1318 802 προχείρισον
1329 767 1433 801 (65)εἰς
1446 767 1567 802 βασιλέα.
1585 768 1718 803 Κατέχων
1730 768 1761 794 τὸ
1777 768 1859 803 κέρας.

1085 811 1333 846 ἀπροσωπόληπτον
1357 811 1506 847 διαιτητὴν,
1534 812 1666 847 μηδαμῶς
1700 812 1858 848 δυσχέραινε.

1085 856 1176 882 Ταῦτα
1191 856 1309 888 ἀκούσας
1325 858 1339 883 ὁ
1354 857 1489 892 Σαμουὴλ,
1513 857 1560 883 καὶ
1578 857 1615 888 ὡς
1632 857 1710 892 παρὰ
1732 857 1797 883 Θεοῦ
1819 857 1860 891 τὴν

1085 901 1184 934 γνῶσιν
1198 901 1352 936 δεξάμενος,
1368 901 1468 932 εὐθέως
1480 900 1656 935 ἁναμεριδόλῳ
1668 900 1730 926 ποδὶ
1741 900 1860 935 κατέδρα-

1087 954 1136 981 μεν
1157 947 1202 972 ὲπὶ
1224 946 1270 972 τὸν
1291 945 1363 973 οἶκον
1378 946 1425 972 τοῦ
1449 947 1556 978 Ἰεσσαὶ,
1578 946 1666 980 λέγων
1684 946 1753 979 πρὸς
1772 946 1858 972 αὐτόν·

1091 992 1243 1019 ’Δπέστειλέ
1272 1001 1305 1027 με
1330 994 1343 1019 ὁ
1366 992 1466 1028 Κύριος
1491 993 1716 1028 προχειρίσασθαι
1744 992 1791 1019 ἕνα
1813 991 1860 1018 τῶν

1084 1038 1149 1064 υίῶν
1166 1047 1212 1064 σου
1226 1040 1265 1070 εἰς
1277 1038 1396 1073 βασιλέα.
1412 1039 1518 1070 Εὐθέως
1533 1039 1561 1064 δὲ
1574 1039 1588 1064 ὁ
1606 1039 1707 1065 Ἰεσσαὶ
1722 1039 1768 1065 καὶ
1784 1038 1860 1073 ἡτού-

1083 1091 1130 1109 του
1151 1083 1257 1118 γαμετὴ
1271 1084 1316 1110 τὸν
1339 1084 1445 1118 πρῶτον
1467 1084 1522 1110 υἱὸν
1550 1083 1744 1119 προεϐίϐασαν,
1760 1083 1797 1114 ὡς
1816 1083 1859 1117 τὴν

1083 1128 1207 1161 εὔλογίαν
1231 1129 1284 1154 τῶν
1307 1129 1485 1164 πρωτοτόκων
1505 1128 1684 1164 βαστάζοντα,
1701 1130 1747 1156 καὶ
1767 1131 1794 1155 ὲν
1811 1130 1859 1159 τοῖς

1084 1172 1187 1204 τέκνοις
1208 1172 1258 1208 τὴν
1279 1173 1404 1206 εὐταξίαν
1429 1173 1605 1207 φυλάττοντα.
1630 1174 1660 1200 Ὁ
1679 1174 1708 1200 δὲ
1733 1173 1856 1208 Σαμουὴλ.

1083 1217 1184 1249 εὐθέως
1199 1218 1247 1253 τὴν
1264 1221 1342 1254 χεῖρα
1356 1218 1476 1253 ὑψώσας,
1491 1219 1538 1246 καὶ
1557 1219 1623 1254 πρὸς
1636 1220 1688 1256 τὴν
1705 1219 1859 1255 χειροτονίαν

1084 1264 1289 1298 σχηματισθεὶς,
1304 1264 1351 1291 καὶ
1369 1264 1399 1290 τὸ
1414 1265 1499 1299 κέρας
1515 1265 1671 1297 ἐπινεύσας,
1687 1266 1802 1292 ἀπέλυσε
1819 1264 1858 1290 τὸν

1084 1309 1190 1343 πρῶτον
1221 1309 1444 1345 ἁχειροτόνητον,
1468 1310 1532 1344 θείῳ
1561 1311 1676 1346 νεύματι
1703 1311 1750 1337 τοῦ
1779 1310 1858 1336 ἐλαίου

251 1354 346 1387 στάξαι
359 1353 395 1389 μὴ
409 1353 593 1388 βουληθέντος.
613 1353 656 1385 Ὠς
668 1353 754 1380 eam
769 1353 882 1380 ἕκαστον
904 1352 956 1378 τῶν
989 1353 1055 1380 υἱῶν
1074 1355 1155 1381 αὑτοῦ
1186 1356 1346 1390 παρήγαγεν
1369 1355 1443 1391 αὺτῷ
1464 1357 1541 1389 ἐκτὸς
1561 1356 1608 1382 τοῦ
1628 1357 1722 1389 Δαϐὶδ,
1740 1357 1858 1390 ὑπέστρε-

249 1402 302 1436 ψαν
315 1401 340 1427 οἱ
354 1400 452 1432 πάντες
466 1399 533 1426 λιτοὶ
553 1400 606 1435 (66)
618 1400 665 1427 καὶ
684 1400 893 1436 ἀχειροτόνητοι.

283 1449 311 1476 ὅ.
328 1448 362 1476 lis
376 1456 456 1483 porro
466 1448 560 1475 vacuis
575 1449 718 1483 regressis,
732 1448 885 1474 Samuelem
893 1446 969 1475 Jesse
983 1455 1031 1483 ag-

1117 1449 1143 1474 5.
1165 1448 1404 1483 Ὑποπτρεψάντων
1421 1449 1449 1475 δὲ
1463 1449 1565 1476 τούτων
1577 1449 1669 1483 λιτῶν,
1683 1451 1857 1477 ἀντέϐαλλενό

250 1501 360 1528 gressus
371 1497 423 1525 est,
439 1493 482 1520 his
499 1493 589 1520 verbis
607 1503 614 1520 ε
630 1492 698 1526 Quid
715 1492 813 1525 fecisti,
829 1500 846 1520 ο
860 1493 962 1520 homo?
976 1493 1032 1520 hal-

1089 1493 1187 1519 Ἰεσσαὶ
1210 1494 1277 1528 πρὸς
1301 1494 1347 1520 τὸν
1364 1494 1500 1529 Σαμουὴλ,
1519 1494 1618 1528 λέγων·
1643 1496 1678 1522 Τί
1704 1497 1854 1532 πεποίηκας,

250 1539 386 1567 lucinatus
407 1546 446 1570 es,
472 1546 522 1566 nec
544 1542 571 1565 te
598 1537 792 1564 hallucinatum
815 1536 955 1571 intelligis.
978 1536 1032 1563 Aut

249 1586 379 1620 deceptus
400 1593 440 1616 es,
469 1588 516 1611 aut
536 1591 579 1611 me
602 1584 734 1611 illusurus
757 1583 811 1610 huc
831 1582 992 1617 properasti.
1011 1583 1032 1609 Δ

247 1631 337 1666 januze
354 1631 478 1664 ingressu
495 1629 626 1657 aben'asti
643 1639 649 1656 :
664 1629 720 1656 alio
741 1629 854 1660 missus,
878 1628 922 1654 hic
946 1635 1032 1655 cornu

249 1678 383 1712 protulisti
401 1687 408 1704 :
424 1684 474 1704 nos
489 1683 560 1703 vano
577 1675 675 1710 gaudio
691 1675 829 1710 replevisti
859 1684 866 1701 :
895 1675 1031 1709 pollicitus

248 1731 290 1755 es,
299 1730 349 1750 nec
360 1723 494 1758 promissa
503 1721 682 1756 complevisti.
692 1720 759 1748 Tum
771 1720 879 1748 Samuel
890 1720 923 1746 ad
934 1720 1010 1748 Iesse
1022 1729 1029 1748 :

249 1767 319 1802 Quid
333 1775 375 1795 me
387 1767 508 1799 incusas,
525 1775 541 1794 ο
554 1767 656 1794 senex?
667 1767 780 1794 damnas
791 1773 852 1793 eum
868 1767 914 1800 qui
926 1774 969 1793 me
980 1766 1032 1793 mi-

248 1813 294 1841 sit.
312 1813 353 1840 An
366 1816 453 1848 potest
463 1820 583 1848 unquam
599 1819 691 1840 errare
706 1811 860 1847 propheta?
875 1810 903 1838 Si
921 1811 1031 1846 proprio

249 1859 364 1886 consilio
379 1858 431 1885 huc
441 1858 630 1889 accessissem,
646 1857 708 1892 jure
721 1857 871 1884 dubitares.
884 1856 918 1882 At
931 1857 955 1883 si
969 1863 1031 1883 cor-

248 1905 324 1932 dium
344 1908 481 1932 scrutator
498 1911 541 1932 me
557 1904 642 1935 misit,
663 1903 728 1938 quid
743 1901 946 1930 renuis?Jesse
964 1909 1030 1929 vero

248 1951 283 1978 ad
295 1950 449 1978 Samuelem
467 1960 474 1977 ε
490 1949 519 1976 In
531 1957 586 1985 quo
601 1949 709 1977 demum
727 1949 866 1976 annuam?
878 1948 982 1976 Adduxi
995 1947 1029 1975 ad

249 2001 276 2023 te
288 2002 396 2023 omnem
418 1995 567 2022 liberorum
589 2000 711 2021 meorum
726 1992 832 2024 ﬂorem,
849 1996 875 2019 et
892 1999 1028 2026 nusquam

249 2040 376 2075 promissi
397 2041 436 2067 tui
451 2039 579 2067 indicium
593 2041 738 2074 comparet.
757 2037 798 2064 An
818 2045 872 2065 non
883 2038 974 2072 potius
988 2037 1030 2072 ig-

249 2093 332 2113 noras
346 2093 408 2113 eum
433 2086 481 2121 qui
507 2089 534 2113 te
558 2085 650 2112 misit?
668 2085 709 2111 An
723 2091 777 2111 non
793 2084 846 2111 alio
867 2085 968 2112 missus
981 2084 1029 2112 es?

248 2132 374 2167 Nunquid
390 2135 419 2158 ut
434 2139 477 2159 me
493 2139 585 2159 senem
600 2131 779 2159 constitueres
795 2137 884 2165 regem
900 2129 952 2157 huc
964 2137 1027 2164 pro-

1081 1539 1223 1575 ἄνθρωπες
1245 1540 1374 1574 ἐσφάλης,
1400 1541 1446 1566 καὶ
1467 1541 1516 1567 οὐκ
1537 1539 1618 1572 οἶδας.
1635 1543 1673 1568 Ἦ
1696 1543 1818 1577 ἐσφάλης.
1840 1542 1854 1570 ἢ

1081 1584 1173 1617 παῖξαί
1191 1594 1224 1620 με
1241 1585 1423 1620 παρέδραμες.
1443 1586 1521 1620 Παρὰ
1537 1586 1620 1621 θύρας
1637 1588 1776 1623 εἰσήλυθες
1788 1597 1794 1602 ·
1813 1587 1853 1613 ἁλ-

1080 1630 1161 1665 λαχοῦ
1174 1630 1339 1665 ἀπεστάλης,
1356 1632 1402 1657 καὶ
1413 1628 1464 1658 i585.
1477 1631 1507 1657 τὸ
1521 1632 1602 1667 κέρας
1618 1633 1778 1668 ὲγύμνωσας
1790 1643 1795 1647 ·
1811 1634 1854 1668 μά-

1079 1684 1128 1710 την
1151 1677 1224 1710 ἡμᾶς
1246 1677 1453 1712 ὲχαροποίησας,
1475 1677 1636 1713 ορυλλήσας,
1653 1679 1702 1705 καὶ
1719 1679 1765 1714 τὴν
1780 1679 1852 1711 ἑπαγ-

1079 1721 1172 1755 γελίαν
1187 1722 1224 1758 μὴ
1239 1722 1393 1757 πληρώσας.
1413 1723 1441 1749 Ὀ
1455 1723 1484 1749 δὲ
1502 1723 1627 1759 Σαμουὴλ
1650 1725 1720 1760 πρὸς
1735 1724 1779 1751 τὸν
1798 1724 1852 1750 Ἰεσ-

1081 1767 1140 1794 σαί’
1157 1767 1188 1793 Τί
1212 1767 1410 1802 καταπλήττεις
1430 1768 1496 1802 (67),
1516 1769 1671 1803 πρεσϐῦτα;
1692 1767 1851 1804 καταψηφίζῃ

1078 1813 1126 1840 τοῦ
1145 1813 1354 1845 ἀποστείλαντός
1378 1823 1421 1849 με,
1445 1815 1522 1841 Ἔστι
1538 1816 1682 1851 προφήτην
1697 1814 1852 1851 πλανηθῆναι

1080 1866 1164 1889 ποτε;
1180 1859 1212 1884 Et
1229 1858 1278 1892 μὲν
1296 1859 1385 1894 οἰκείᾳ
1398 1858 1494 1894 γνώμῃ
1509 1860 1710 1896 παρεγενόμην,
1727 1859 1809 1890 καλῶς
1819 1859 1851 1884 διν

1080 1902 1201 1935 στάξεις’
1221 1904 1245 1929 εί
1262 1903 1290 1929 δὲ
1302 1904 1316 1929 ό
1331 1903 1384 1930 τῶν
1397 1904 1513 1939 καρδιῶν
1526 1905 1648 1940 γνώστης
1660 1905 1796 1932 ἀπέστειλέ
1811 1911 1848 1939 με,

1078 1948 1104 1974 τί
1116 1947 1270 1980 ἀνανεύεις,
1289 1948 1317 1975 '0
1330 1948 1358 1974 δὲ
1383 1948 1480 1975 Ἰεσσαὶ
1497 1949 1564 1984 πρὸς
1585 1950 1630 1976 τὸν
1651 1950 1786 1986 Σαμουήλ·
1803 1949 1850 1974 Καί

1079 1993 1107 2020 ὲν
1122 1993 1174 2019 τίνι
1189 1993 1281 2020 λοιπὸν
1295 1993 1444 2026 ὲπινεύσω;
1460 1994 1623 2029 Παρήγαγόν
1641 2004 1682 2022 σοι
1700 1996 1784 2021 πᾶσαν
1802 1991 1848 2018 τῶν

1078 2039 1179 2065 τέκνων
1195 2048 1244 2074 μου
1256 2039 1306 2075 τὴν
1325 2039 1464 2075 καλλονὴν,
1479 2041 1524 2066 καὶ
1546 2040 1664 2075 οὐδαμοῦ
1681 2042 1729 2076 τῆς
1744 2041 1848 2072 ἐπαγγε-

1078 2085 1137 2117 λίας
1149 2085 1179 2111 τὸ
1190 2085 1342 2121 γνώρισμα.
1356 2086 1401 2121 Μὴ
1417 2085 1515 2121 μᾶλλον
1525 2087 1574 2113 οὐχ
1587 2087 1673 2120 ἔγνως
1687 2088 1731 2113 τὸν
1740 2083 1848 2113 ἀποστεί-

1078 2129 1161 2155 λαντά
1175 2137 1222 2161 σε;
1236 2130 1281 2165 Μὴ
1302 2128 1356 2165 ἄρα
1370 2130 1486 2165 ἀλλαχοῦ
1501 2131 1671 2166 ἀπεστάλης;
1689 2133 1786 2167 Mf):th
1800 2127 1847 2164 (68)

248 2164 368 2212 perasti?
382 2177 450 2205 Tum
465 2177 574 2205 Samuel
589 2177 623 2204 ad
635 2175 711 2204 Jesse
727 2184 733 2202 :
752 2175 821 2208 Quid
828 2164 877 2203 rme
890 2175 1027 2210 inerepas,

1083 2175 1128 2209 ἐμὲ
1147 2174 1191 2201 τδν
1209 2164 1361 2211 πρεοὸύτην
1381 2164 1551 2212 κατ-ἔδραμες
1567 2164 1767 2213 χειροτονῆσαις
1785 2176 1810 2202 '0
1821 2173 1845 2200 δὲ

247 2233 264 2252 ο
276 2232 370 2257 senex,
388 2231 422 2251 an
439 2231 494 2251 non
508 2224 590 2251 alium
603 2223 686 2251 habes
699 2223 801 2250 lilium?
816 2222 845 2249 Si
864 2229 917 2249 non
931 2223 1027 2255 babes,

249 2270 432 2297 liallucinatus
444 2276 519 2302 sum;
529 2269 570 2296 sin
581 2269 673 2300 habes,
683 2275 852 2302 nequaquam
864 2268 961 2294 erravi.
975 2265 1030 2294 Re-

247 2316 323 2349 ponit
336 2315 413 2343 Iesse
434 2315 467 2341 ad
485 2314 637 2342 Samuelem
653 2323 659 2340 :
673 2314 748 2340 Alius
769 2313 876 2348 quidem
897 2312 963 2339 milii
983 2321 1030 2340 su-

248 2365 337 2396 perest
355 2361 440 2394 Illius;
457 2360 504 2388 sed
519 2368 629 2395 parvus,
646 2360 831 2395 despicabilis,
847 2367 935 2393 neque
949 2363 1028 2393 aptus

247 2414 340 2442 regno,
367 2414 446 2441 quem
464 2406 613 2441 producere
643 2405 751 2440 pudeat.
777 2404 846 2432 Tum
864 2404 974 2431 Samuel
993 2404 1027 2430 ad

247 2453 323 2480 illum
337 2463 344 2480 :
360 2452 417 2480 Vin’
430 2456 458 2480 tu
473 2453 617 2479 immutare
632 2454 796 2486 praeceptum
808 2450 968 2477 Creatoris?
979 2458 1028 2484 pu-

246 2498 292 2526 det
305 2503 331 2526 te
344 2498 424 2534 367
442 2498 517 2525 illum
533 2496 702 2532 producere?
716 2495 785 2528 Quid
800 2495 870 2522 enim
882 2495 894 2522 ?
905 2495 945 2521 An
959 2495 1028 2521 mul<

247 2549 302 2571 tam
319 2546 410 2572 carnis
422 2543 518 2571 molem
531 2542 606 2578 ungit
617 2541 687 2569 Deus
700 2542 711 2568 ?
725 2541 818 2568 Adduc
832 2540 922 2575 itaque
934 2540 1028 2574 illum;

282 2622 304 2636 “
325 2621 333 2647 l
351 2620 416 2655 R-g.
436 2630 496 2653 xw,
518 2620 594 2647 1-15.

282 2677 336 2712 (62)
355 2678 391 2704 Ita
407 2678 472 2712 Reg.
489 2677 515 2704 2.
529 2677 599 2704 Editi
617 2685 689 2710 vero,
702 2676 882 2712 παοήχασθαι.

283 2686 336 2712 (υτ)
355 2686 391 2704 Ita
407 2686 443 2704 IU‘
466 2698 472 2705 .
489 2686 515 2704 z.
530 2686 599 2704 eum
617 2686 689 2710 vero,
702 2686 882 2712 παοηκασυαι.

283 2712 336 2747 (65)
356 2713 419 2745 Reg.
441 2686 468 2744 ἕ,
485 2713 605 2739 διάκονον
620 2714 659 2744 είς
684 2713 729 2738 τὸν
758 2711 829 2739 οἷκον
854 2710 900 2737 τοῦ
917 2711 1023 2737 Ἰεσσαί.

249 2747 307 2774 Mox
321 2749 538 2782 χειροτονῄᾳεως.
554 2747 619 2782 Reg.
639 2748 650 2774 1
666 2747 728 2774 etQ.

283 2780 339 2852 (εἴ)
361 2780 426 2818 Reg.
440 2780 470 2816 2,
491 2780 656 2809 avrata—ato.
675 2782 733 2809 Mox
760 2781 841 2812 idem,
857 2780 1026 2816 προχειοίσο-

283 2826 309 2844 ιι.

248 2825 309 2853 μαι.

1081 2221 1206 2256 Σαμουὴλ
1234 2222 1302 2258 πρὸς
1325 2223 1371 2248 τὸν
1401 2223 1514 2249 Ἰεσσαί·
1537 2224 1568 2250 Τί
1595 2233 1628 2259 με
1653 2223 1843 2256 καταπλήττεις.

1081 2266 1238 2301 πρεσϐῦτα;
1254 2268 1310 2294 Οὐκ
1331 2267 1402 2302 ἔχεις
1423 2267 1501 2294 ἄλλον
1515 2269 1586 2300 υἱόν;
1607 2270 1631 2295 εἰ
1649 2269 1697 2304 μὲν
1715 2268 1760 2294 οὐχ
1775 2266 1843 2300 ἔχεις,

1079 2313 1198 2348 ἐσφάλην
1211 2321 1217 2326 ·
1233 2314 1258 2339 εἱ
1279 2313 1306 2339 δὲ
1324 2313 1406 2348 ἔχεις,
1422 2315 1472 2340 οὐκ
1492 2314 1654 2350 ἐπλανήθην.
1675 2315 1703 2340 ’0
1719 2313 1745 2339 δὲ
1761 2308 1844 2337 Ἰεσσαὶ

1080 2358 1148 2392 πρὸς
1169 2358 1214 2384 τὸν
1239 2358 1381 2393 Σαμουὴλ·
1400 2359 1473 2394 Ἔχω
1497 2360 1546 2394 μὲν
1568 2361 1614 2386 καὶ
1632 2360 1709 2387 ἄλλον
1725 2353 1842 2388 υῑδν,άλλ’

1080 2403 1153 2437 ὅμως
1173 2404 1278 2438 μικρὸν,
1295 2404 1401 2439 εὐτελῆ,
1424 2406 1460 2440 μὴ
1481 2406 1608 2432 ποιοῦντα
1627 2405 1743 2440 βασιλέα.
1759 2399 1844 2435 Αἰσχύ-

1080 2458 1159 2484 νομαι
1170 2450 1216 2476 καὶ
1232 2450 1394 2485 προϐιϐάσαι
1406 2452 1496 2477 αὐτόν.
1515 2452 1544 2478 '0
1558 2452 1585 2478 δὲ
1602 2451 1724 2487 Σαμουὴλ
1734 2448 1795 2483 πρὸς
1803 2445 1843 2471 αὺ⁴

1079 2495 1140 2521 τόν·
1157 2496 1363 2532 Παραδιατέιττῃ
1379 2497 1417 2532 τῷ
1433 2497 1580 2529 Κτίσαντι;
1596 2497 1707 2532 αἰσχύνῃ
1729 2490 1842 2529 προάῧάσ

1081 2549 1125 2567 σαι
1142 2541 1251 2573 τοῦτον;
1275 2542 1307 2567 Τί
1329 2542 1398 2577 γάρ;
1426 2542 1612 2577 Πολυσαρκίαν
1632 2541 1716 2577 χρίζει
1737 2540 1750 2565 ὁ
1771 2535 1841 2564 Θεόςς

1108 2676 1171 2709 ,(65)
1187 2675 1252 2709 Reg.
1266 2676 1290 2702 l.
1307 2675 1495 2710 προχείρησαι.
1513 2674 1614 2709 Ιζιιεόὶ,
1626 2669 1794 2707 προχειρίσαι-

1116 2685 1171 2709 tua)
1187 2685 1252 2709 Heg.
1266 2685 1290 2702 ι.
1307 2685 1401 2709 προχει
1421 2685 1495 2710 nam.

1116 2711 1171 2744 (66)
1188 2711 1262 2736 Λιτοί
1275 2710 1350 2737 deest
1364 2712 1390 2736 iu
1404 2685 1469 2744 ἕως.
1485 2710 1512 2736 2.

1115 2746 1169 2779 (67)
1186 2745 1250 2779 Heg.
1265 2745 1290 2775 ί,
1303 2745 1330 2774 2,
1343 2745 1369 2771 τί
1388 2745 1495 2778 λέγεις;

1116 2777 1171 2808 λῦε)
1188 2777 1304 2815 Ιιίιιειε.
1321 2780 1347 2812 l,
1363 2780 1389 2806 2.
1404 2777 1473 2807 Editi
1490 2787 1564 2812 vero,
1579 2780 1615 2814 μή
1632 2777 1712 2805 τοίγε.
