1940 3067
75 145 86 171 Ι
96 143 149 171 005

569 140 713 168 HOMILIA
735 139 768 166 1N
787 138 917 167 (ἶ.ΕοοΜ
939 139 959 166 Α
977 138 1198 167 NATIVITATE.

1623 137 1692 166 1006

73 204 252 238 Προχειρισαι
268 199 314 228 οὖν
332 201 424 228 τοῦτον
434 209 440 215 ·
458 199 582 235 λιμνάσει
594 199 701 231 πάντως
717 199 746 226 τὺ
766 199 863 229 ἔλαιον,

924 191 1006 226 :llluct
1021 206 1086 225 sane
1101 198 1201 228 oleum,
1234 196 1372 224 inclinabit
1401 204 1440 228 se,
1464 201 1493 224 ut
1517 196 1601 232 probe
1617 196 1691 228 novi,

79 249 225 277 ἐπινεύσει.
241 247 308 278 οἶδα,
324 247 354 274 τὸ
371 247 463 282 κέρας.
478 245 670 281 Εὑφραινέσοω
685 253 731 271 σου
749 246 763 271 6
777 243 860 276 οἶκος.

81 295 112 322 Τί
125 295 199 330 γάρ;
216 295 276 319 Ὅτι
295 292 391 328 μικρός
408 293 490 323 ἐστιν,
506 291 535 317 οὐ
551 292 622 317 ποιεῖ
635 289 761 325 βασιλέα,
782 289 862 325 Περί-

82 349 172 376 μεινον
193 340 288 376 μικρὸν
303 360 311 370 ,
337 340 382 366 καὶ
404 339 465 374 ὃψῃι
482 339 539 369 πῶς
567 336 643 369 οὗτος
663 338 677 363 6
699 337 795 372 μικρὸς
817 336 862 363 τὸν

80 388 234 420 γιγανταῖον
251 385 366 420 πύργον,
387 385 432 411 τὸν
446 385 466 410 Γ
467 383 541 411 ολιὰθ
558 384 629 418 λέγω
650 384 693 418 δὴ,
711 382 862 417 καταστρέ-

79 433 134 467 ψει.
153 431 300 466 Τοιγαροῦν
321 430 421 465 ταύτην
443 430 496 456 τῶν
513 430 613 464 γονέων
638 429 687 464 τὴν
703 423 837 463 λοιδορίαν
849 429 864 454 6

79 478 160 505 Aa6‘t5
181 477 360 511 κατανοήσας,
386 476 434 503 καὶ
458 475 506 511 τὴν
528 476 573 502 τοῦ
589 476 690 511 Κυρίου
716 475 864 511 παράδοξον

79 524 237 560 εὐεργεσίαν
252 524 311 559 θεία
333 524 426 558 Γραφῇ
442 522 612 557 παραδιδοὺς,
627 521 704 548 ὲῦόα·
730 530 740 546 ε
765 521 794 547 '0
810 528 862 547 πα-

79 571 131 605 τήρ
147 578 197 605 μου
212 570 286 604 καὶὴ
309 570 399 605 μήτηρ
413 577 462 603 μου
479 567 656 601 ὲγκατέλιπόν
670 576 702 603 με
715 575 722 582 ·
740 569 754 593 6
768 567 795 593 δὲ
808 566 866 592 Κύ-

80 625 138 652 ριος
151 615 333 650 προσελάϐετό
352 624 395 650 με.
417 624 426 640 ι

117 659 143 686 4.
161 658 267 693 Ταύτην
283 658 372 684 τοίνυν
388 658 436 693 τὴν
453 658 499 685 τοῦ
513 657 651 693 προφήτου
666 657 748 684 Δαεὶδ
762 656 867 692 εὐχάρι-

79 710 143 728 στον
159 701 259 736 φωνὴν,
280 702 414 736 εὐκαίρως
430 702 476 728 καὶ
489 702 502 728 ὁ
523 702 556 728 ἐκ
569 702 680 736 γενετῆς
693 701 790 735 τυφλὸς
804 702 867 728 ἀνα-

79 745 192 779 ϐλέψας,
212 746 269 779 ἐρεῖ
290 745 486 780 μεγαλοφώνως
507 747 552 772 καὶ
576 746 674 776 αὑτός·
696 756 704 771 ι
726 746 755 772 '0
775 747 867 782 πατήρ

81 799 133 826 μου
152 791 197 817 καὶ
214 791 230 825 ἡ
249 791 340 827 μήτηρ
356 800 405 826 μου
425 792 602 826 ἐγκατέλιπον
618 801 649 826 με
660 800 666 806 ·
684 792 698 817 ὁ
719 792 747 818 δὲ
767 792 868 826 Κύριος

79 836 266 872 προσελάϐετο
276 846 318 872 με.
336 846 345 861 ι
361 838 432 863 Ἴστε
444 837 543 869 πάντες
554 838 656 871 σαφῶς,
669 838 726 869 πῶς
735 838 780 864 καὶ
792 835 868 869 οὗτος

911 252 1006 272 cornu.
1028 243 1145 272 Laetetur
1160 245 1257 272 domus
1284 248 1339 270 tua.
1357 243 1427 276 Quid
1452 243 1542 270 enim?
1561 243 1603 269 An
1629 242 1693 277 quia

912 296 1012 324 parvus
1027 293 1079 319 est.
1096 296 1150 316 non
1167 293 1208 316 est
1220 292 1299 323 aptus
1314 288 1414 323 regno?
1433 287 1580 314 Tautillum
1594 295 1692 322 exspe-

912 339 967 366 cta,
984 338 1012 362 ct
1027 335 1132 362 videbis
1159 342 1213 370 quo
1238 338 1317 369 pacto
1331 334 1375 361 ille
1386 333 1514 368 parvulus
1529 333 1694 368 gigantinam

913 384 1026 412 turrem,
1043 380 1149 407 Goliath
1164 380 1281 412 scilicet,
1299 384 1460 414 prosternet.
1482 379 1556 406 Hanc
1571 387 1635 415 ergo
1646 386 1696 414 pa-

914 430 1020 453 rentum
1040 426 1229 452 contumeliam
1244 433 1335 453 secum
1351 429 1478 460 reputans
1495 424 1590 457 David,
1608 428 1635 452 et
1649 425 1694 451 ad-

915 471 1065 498 mirandam
1083 471 1190 497 Domini
1210 470 1404 506 benignitatem
1418 470 1504 498 sacris
1519 470 1616 497 litteris
1631 477 1698 497 con-

915 517 1028 552 signans
1045 517 1234 544 exclamabat:
1255 526 1264 542 ‹
1287 516 1364 543 Pater
1388 524 1464 543 meus
1485 519 1512 543 et
1530 519 1617 543 mater
1637 523 1697 542 mea

915 563 1120 598 dereliquerunt
1155 570 1220 594 me,
1255 561 1387 589 Dominus
1423 565 1513 588 autem
1550 561 1698 596 assumpsit

917 617 959 637 me
973 609 1006 636 ".
1029 619 1038 635 ι

951 655 978 681 4.
999 654 1074 682 llauc
1095 655 1185 689 itaque
1208 654 1345 689 propheta
1370 653 1456 681 David
1478 662 1572 681 vocem
1597 654 1700 690 gratia-

917 708 977 728 rum
993 700 1099 728 actione
1115 700 1233 734 plenam,
1254 703 1407 739 opportupe
1431 700 1495 727 item
1513 708 1600 728 caicus
1622 700 1668 727 ille
1682 707 1699 727 a

922 746 1074 777 nativitate.
1091 746 1151 773 visu
1168 750 1286 781 recepto,
1300 753 1396 781 magna
1409 749 1435 773 et
1451 746 1509 780 ipse
1522 753 1588 773 voce
1603 745 1674 774 dicet
1690 754 1698 773 :

923 801 932 818 ‹
962 792 1042 820 Pater
1068 799 1145 819 meus
1169 795 1196 819 et
1221 796 1307 819 mater
1334 799 1394 819 mea
1419 791 1622 826 dereliquerunt
1644 799 1698 823 mc,

919 838 1050 865 Dominus
1066 843 1155 865 autem
1170 838 1318 872 assumpsit
1335 846 1387 865 me.
1407 847 1415 864 ι
1435 837 1521 865 Probe
1540 837 1627 865 nostis
1642 844 1700 864 om-

79 882 135 909 ὑπὺ
149 883 199 918 μὲν
216 882 269 909 τῶν
284 883 383 917 γονέων
399 883 556 919 διεπτύσθη,
572 884 624 910 ὑπὸ
638 884 666 910 δὲ
678 883 723 910 τοῦ
737 883 803 910 Θεοῦ
819 884 869 910 οὐκ

924 892 979 915 nes,
993 884 1064 919 quod
1081 883 1124 911 hic
1141 891 1249 919 quoque
1263 887 1290 910 et
1305 891 1320 910 a
1334 884 1491 918 parentibus
1507 883 1625 918 rejectus
1641 883 1701 910 fue-

80 929 290 965 ὲγκατελείῳθη.
304 930 397 960 Ὅπως
411 929 437 955 δὲ
451 929 481 955 τὸ
493 929 579 964 χρέως
595 929 808 964 ἀποδωσώμεθα,
821 930 867 955 καὶ

82 975 182 1010 μικρὸν
196 975 383 1010 ἀναψύξωμεν,
397 976 440 1001 ῖνα
450 977 496 1002 καὶ
504 975 584 1002 πάλιν
596 976 781 1011 πιστευθῶμεν
793 977 867 1010 ὀφει-

79 1021 206 1055 λήματα·
233 1021 298 1056 φέρε
320 1021 408 1047 τοίνυν
433 1021 478 1047 ἐπὶ
508 1021 552 1048 τὸν
585 1022 616 1048 ὲκ
639 1021 749 1056 γενετῆς
771 1022 868 1056 τυφλὸν

81 1066 219 1101 εὐκαίρως
234 1067 449 1102 παραγάγωμεν.
467 1067 593 1098 Ἢκουες,
608 1067 740 1102 ἀγαπητὲ,
755 1069 786 1103 τῇ
800 1076 869 1103 προ-

80 1112 151 1148 τέρᾳ
161 1112 208 1139 τοῦ
222 1113 414 1147 εὐαγγελιστοῦ
424 1113 544 1140 Ἰωάννου
561 1113 684 1148 βοῶντος·
706 1123 715 1139 ‹
733 1114 788 1140 Καὶ
801 1122 870 1149 παρ-

82 1158 169 1192 άγων,
200 1158 291 1193 φησὶν,
323 1159 337 1184 6
372 1159 484 1194 Ἰησοῦς,
509 1157 577 1185 εἶδεν
607 1159 748 1194 ἄνθρωπον
771 1159 869 1194 τυφλὸν

82 1205 117 1230 ὲκ
140 1204 252 1238 γενετῆς
281 1203 446 1239 καθήμενον·
470 1203 516 1230 καὶ
539 1203 718 1239 ἐπηρώτησαν
746 1205 824 1231 αὐτὸν
845 1205 869 1231 οἱ

83 1247 209 1282 μαθηταὶ⁷
225 1248 318 1279 αὑτοῦ,
338 1248 476 1281 λέγοντες·
503 1248 606 1279 Ῥαϐϐὶ,
623 1248 664 1279 τίς
680 1249 812 1284 ἥμαρτεν,
824 1247 870 1275 οὗ·

82 1291 160 1326 τοςῆ
176 1293 200 1318 οῖ
221 1293 307 1326 γονεῖς
328 1292 422 1324 αὑτοῦ,
443 1293 486 1319 ἵνα
507 1292 605 1326 τυφλὸς
621 1293 752 1328 γεννηοᾓ;
771 1303 779 1318 ι
799 1293 826 1319 ’0
842 1293 870 1319 δὲ

82 1337 188 1373 Κύριος
210 1337 278 1372 πρὸς
302 1338 413 1369 αὐτούς·
432 1347 441 1364 ι
458 1338 524 1364 Οὐδὲ
535 1336 610 1370 οὗτος
625 1339 758 1374 ἥμαρτεν,
772 1338 831 1365 οὐδὲ
846 1339 870 1364 ol

82 1384 175 1417 γονεῖς
189 1383 270 1409 αὑτοῦ
281 1391 288 1397 ·
312 1383 368 1410 ἀλλ’
383 1380 425 1409 ἵνα
440 1383 583 1419 φανερωθῇ
601 1384 633 1409 τὰ
658 1383 726 1419 ἔργα
742 1384 788 1410 τοῦ
803 1384 871 1410 Θεοῦ

83 1429 115 1455 ὲν
130 1428 215 1463 αὐτῷ.
230 1428 321 1454 Ταῦτα
339 1427 424 1454 εἰπὼν
440 1428 453 1454 ὁ
470 1428 579 1464 Κύριος,
593 1429 691 1456 ἕπτυσε
713 1430 808 1464 χαμαὶ,
825 1429 873 1455 καὶ

83 1473 199 1508 ἐποίησε
211 1473 295 1508 πηλὸν
310 1474 342 1499 ἐκ
354 1473 401 1499 τοῦ
425 1473 591 1509 πτύσματος,
608 1474 653 1500 καὶ
669 1474 797 1509 ἐπέχρισε
811 1475 873 1506 τοὺς

83 1519 242 1554 ὀφθαλμοὺς
258 1519 304 1546 τοῦ
323 1519 432 1553 τυφλοῦ.
452 1529 461 1545 ι
481 1520 534 1546 Καὶ
556 1519 713 1546 ἀπέστειλεν
733 1520 813 1546 αὑτὸν
834 1521 873 1551 εἰς

83 1566 132 1592 τὸν
156 1565 285 1600 Σιλωάμ·
306 1565 354 1592 καὶ
372 1565 495 1592 ἀπελθὼν
519 1565 644 1600 ἐνίψατο·
659 1566 705 1592 καὶ¹
728 1566 872 1600 νιψάμενος

84 1610 236 1645 ἀνέἤλεψε·
260 1610 307 1637 καὶ
335 1610 488 1646 ἀναϐλέψας
518 1610 660 1637 ἐπίστευσε
685 1611 724 1646 τῷ
747 1611 874 1638 ἀποστεί-

84 1656 174 1682 λαντι.
194 1657 292 1682 Ἀκουε
312 1656 436 1688 συνετῶς.
464 1656 658 1692 Ἑπηρώτησαν
678 1658 722 1684 τὸν
738 1657 838 1692 Κύριον
849 1657 874 1683 οἱ

87 1702 222 1739 μαθηταὶ,
237 1702 360 1737 λέγοντες
370 1712 376 1718 ·
396 1712 405 1729 ‹
427 1703 584 1735 Διδάσκαλε,
598 1704 638 1735 τίς
652 1704 786 1740 ἥμαρτεν,
799 1702 875 1736 οὗτος

84 1749 104 1784 ἢ
120 1749 145 1774 οἱ
160 1749 247 1782 γονεῖς
256 1748 349 1780 αὑτοῦ,
364 1749 406 1775 ἵνα
421 1749 519 1784 τυφλὸς
532 1749 663 1784 γεννηθῇς
685 1759 694 1775 ι
711 1750 806 1777 Δικαία
821 1751 874 1776 τῶν

85 1793 247 1821 ἀποστόλων
267 1794 282 1830 ἡ
307 1793 486 1829 ἐπερώτησις,
510 1794 584 1821 ἔνθεν
608 1794 752 1826 δείκνυται,
774 1796 814 1822 ὅτι
838 1796 876 1828 ὡς

86 1839 151 1874 Θεῷ
165 1839 204 1875 τῷ
220 1840 313 1875 Κυρίῳ
332 1839 418 1874 Ἰησοῦ
440 1840 587 1875 προσίεσαν
603 1840 668 1875 (69).
687 1840 734 1872 Τίς
752 1840 805 1876 γὰρ
823 1839 875 1868 οἶδε

85 1886 126 1913 ’τὰ
153 1885 261 1922 κρυπτὰ
281 1885 334 1912 τῶν
360 1885 519 1921 ἀνθρώπων,
541 1887 565 1912 εἰ
597 1886 634 1922 μὴ
655 1888 669 1912 6
688 1886 742 1913 τῶν
760 1887 876 1922 καρδιῶν

90 1931 255 1968 ἱχνηλὰτης;
276 1931 321 1957 Διὸ
337 1931 382 1957 καὶ
396 1932 410 1957 6
428 1930 528 1966 Κύριος
541 1931 590 1958 οὐκ
606 1932 732 1958 ἀνένευσε
747 1932 815 1968 πρὸς
828 1933 876 1968 τὴν

88 1976 272 2012 ὲπερὼτησιν,
290 1976 357 2003 ἀλλὰ
370 1977 495 2012 παραυτὰ
510 1977 595 2004 ἐποίει
614 1977 663 2012 τὴν
679 1978 832 2013 ἀπόκρισιν,
848 1979 876 2006 ὲν

88 2022 184 2057 ταν-τῷ
196 2023 243 2048 καὶ
257 2021 310 2048 τῶν
327 2023 481 2049 ἀποστόλων
498 2022 545 2058 τὴν
564 2022 730 2058 ἐπερώτηοιν
746 2024 878 2060 πληροφο-

92 2068 161 2105 ρῶν,
172 2069 219 2094 καὶ
231 2068 278 2103 τὴν
294 2068 375 2094 αὐτοῦ
393 2067 547 2096 Θεοπιστίαν
561 2068 684 2103 βεϐαιῶν.
709 2069 877 2105 Ἀποκριθεὶς

89 2114 148 2149 γὰρ
164 2113 218 2149 (ἸΟ)
232 2115 246 2139 6
259 2113 360 2147 Κύριος
373 2112 449 2140 εἶπεν
458 2122 464 2128 ·
481 2123 490 2138 ε
503 2113 570 2140 Οὖτε
585 2110 661 2145 οὗτος
674 2114 804 2150 ἥμαρτεν,
816 2113 877 2141 οὕτε

90 2164 118 2190 οι
133 2164 220 2196 γονεῖς
235 2160 329 2186 αὑτοῦ·
349 2160 406 2186 ἀλλ’
417 2160 458 2186 ἵνα
474 2160 615 2196 φανερωθῇ
626 2159 660 2186 τὰ
672 2160 739 2196 ἔργα
751 2160 798 2187 τοῦ
810 2160 877 2187 Θεοῦ

919 930 966 960 rit,
982 932 1008 956 et
1023 936 1037 954 a
1055 928 1109 955 Deo
1123 935 1177 955 non
1193 928 1274 955 fuerit
1290 928 1448 956 derelictus.
1466 927 1518 955 Sed
1533 931 1562 954 ut
1579 927 1701 955 debitum

920 974 1117 1009 persolvamus,
1137 974 1330 1009 paululumque
1354 981 1522 1006 recreemur,
1544 978 1573 1000 ut
1591 980 1701 1000 rursum

920 1019 999 1046 nobis
1010 1019 1100 1046 debita
1111 1019 1311 1046 concredantur
1326 1028 1332 1046 :
1349 1026 1407 1054 age,
1432 1018 1465 1046 ad
1483 1026 1585 1046 caecum
1600 1026 1615 1045 a
1630 1017 1702 1045 nati—

919 1064 1002 1090 vitate
1013 1068 1164 1098 opportune
1177 1063 1346 1090 accedamus.
1355 1063 1472 1096 Audisti,
1481 1063 1589 1095 dilecte,
1599 1063 1702 1097 (Domi-

920 1109 982 1135 nica
1006 1107 1075 1144 [71])
1094 1109 1261 1144 praecedente
1274 1108 1405 1135 Joannem
1427 1109 1621 1143 evangelistam
1645 1108 1703 1134 cla-

921 1159 1039 1182 manlem
1057 1162 1064 1180 :
1084 1163 1093 1179 ‹
1113 1153 1144 1180 Et
1161 1154 1337 1189 praeteriens,
1355 1163 1364 1179 ι
1384 1154 1483 1189 inquit,
1502 1163 1510 1179 ι
1529 1153 1618 1185 Jesus,
1634 1153 1704 1181 vidit

921 1201 1058 1228 hominem
1083 1207 1185 1228 caecum
1208 1207 1223 1226 a
1250 1200 1391 1227 nativitate
1405 1200 1554 1227 sedentem.
1571 1199 1604 1226 Et
1619 1199 1704 1226 inter-

921 1250 1084 1282 rogaverunt
1119 1253 1181 1274 eum
1214 1245 1342 1280 discipuli
1369 1246 1433 1280 ejus
1468 1253 1474 1271 :
1512 1245 1608 1277 Rabbi,
1643 1246 1704 1280 quis

921 1292 1054 1327 peccavit,
1081 1292 1125 1319 hic
1141 1295 1188 1319 aut
1213 1297 1339 1326 parentes
1356 1292 1425 1326 ejus.
1445 1295 1474 1318 ut
1494 1299 1583 1318 caecus
1608 1298 1705 1319 nasce—

921 1337 1013 1364 retur?
1035 1346 1044 1363 ι
1062 1336 1167 1370 Quibus
1186 1336 1318 1365 Dominus
1339 1346 1346 1364 :
1368 1345 1377 1359 ι
1395 1336 1486 1371 Neque
1504 1336 1547 1363 hic
1570 1335 1704 1370 peccavit,

922 1392 1008 1419 neque
1026 1389 1153 1419 parentes
1175 1384 1245 1419 ejus,
1272 1384 1320 1415 sed
1343 1388 1373 1411 ut
1397 1383 1606 1411 manifestentur
1621 1390 1706 1418 opera

923 1429 970 1457 Dei
982 1430 1008 1456 in
1024 1431 1081 1457 illo.
1105 1429 1167 1457 Haec
1186 1438 1249 1457 cum
1270 1430 1384 1457 dixisset
1401 1429 1541 1461 Dominus,
1557 1429 1663 1464 exspuit
1677 1429 1706 1456 in

923 1480 1034 1509 terram,
1052 1481 1078 1503 et
1101 1475 1165 1503 fecit
1187 1476 1272 1502 lutum
1293 1483 1326 1503 ex
1349 1479 1440 1510 sputo,
1465 1479 1492 1502 et
1512 1476 1601 1502 linivit
1624 1483 1707 1510 super

923 1522 1017 1549 oculos
1032 1522 1094 1548 caaci
1111 1521 1143 1548 ⁸⁷.
1158 1531 1167 1546 ι
1185 1520 1217 1547 Et
1231 1521 1304 1548 misit
1319 1529 1379 1548 eum
1399 1521 1432 1548 ad
1448 1520 1547 1548 Siloam
1565 1530 1573 1549 :
1589 1528 1708 1556 cumque

924 1566 1045 1598 abiisset,
1061 1566 1125 1593 lavit
1140 1576 1147 1593 :
1159 1566 1230 1594 lotus
1244 1567 1320 1598 vidit,
1334 1567 1448 1601 visuque
1460 1571 1569 1601 recepto
1586 1566 1704 1594 credidit

924 1612 953 1639 in
970 1620 1032 1639 eum
1049 1613 1097 1647 qui
1112 1612 1242 1640 misisset.
1261 1612 1323 1640 Haec
1336 1613 1484 1647 prudenter
1499 1613 1572 1640 audi.
1589 1613 1709 1640 Interro-

925 1659 1027 1693 gabant
1049 1657 1193 1686 Dominum
1218 1659 1346 1694 discipuli
1370 1659 1491 1686 dicentes
1511 1669 1517 1685 :
1536 1667 1545 1684 ‹
1569 1658 1707 1693 Magister,

926 1705 988 1739 quis
1006 1705 1143 1740 peccavit,
1159 1705 1204 1732 hic
1220 1710 1266 1732 aut
1282 1709 1408 1740 parentes
1422 1705 1492 1740 ejus,
1509 1709 1537 1732 ut
1555 1712 1644 1732 caecus
1659 1712 1709 1732 na-

927 1752 1070 1780 sceretur?
1092 1761 1101 1777 ι
1122 1752 1211 1787 [Equa
1238 1757 1296 1779 erat
1314 1752 1500 1787 apostolorum
1522 1751 1708 1786 interrogatio,

926 1801 956 1825 ut
985 1797 1049 1825 inde
1075 1798 1171 1832 liquet,
1195 1797 1268 1832 quod
1293 1797 1326 1824 ad
1350 1797 1492 1825 Dominum
1513 1796 1615 1828 Jesum,
1637 1796 1711 1824 velut

926 1843 1024 1876 Deum,
1043 1844 1223 1871 accesserint.
1240 1843 1306 1876 Quis
1320 1844 1395 1871 novit
1409 1843 1479 1871 enim
1497 1847 1602 1871 secreta
1620 1842 1710 1870 homi-

926 1896 1002 1921 num,
1022 1889 1074 1916 nisi
1094 1892 1230 1916 scrutator
1251 1889 1392 1916 cordium?
1405 1888 1539 1921 Quocirca
1554 1895 1604 1916 nec
1618 1887 1712 1915 Domi-

927 1942 980 1962 nus
998 1935 1238 1970 interrogationem
1253 1935 1372 1970 abjecit;
1389 1935 1435 1962 sed
1451 1934 1542 1962 statim
1559 1933 1710 1969 respondit,

927 1981 1022 2008 eadem
1038 1989 1119 2016 opera
1133 1985 1160 2008 et
1177 1981 1363 2016 apostolorum
1382 1980 1587 2015 interrogationi
1607 1979 1712 2007 faciens

928 2027 1006 2057 satis,
1022 2030 1048 2054 et
1061 2026 1170 2054 deitatis
1185 2034 1241 2054 suae
1254 2026 1334 2053 ﬁdem
1345 2027 1520 2052 conﬁrmans.
1534 2024 1712 2060 Respondenl

928 2071 999 2098 enim
1025 2071 1105 2099 Jesus
1130 2072 1197 2099 dixit
1219 2081 1225 2099 :
1251 2081 1260 2097 ε
1288 2071 1379 2106 Neque
1404 2071 1448 2098 hic
1471 2070 1602 2105 peccavit,
1624 2077 1712 2104 neque

929 2121 1055 2152 parentes
1067 2117 1127 2152 ejus
1145 2127 1151 2144 :
1173 2118 1221 2145 sed
1244 2121 1273 2144 ut
1289 2117 1499 2144 manifestentur
1517 2122 1599 2150 opera
1620 2114 1664 2142 Dei
1683 2114 1711 2141 in

929 2164 998 2198 illo;
1020 2174 1029 2190 ›
1047 2164 1073 2191 id
1090 2168 1131 2191 est
1153 2174 1158 2191 :
1176 2164 1269 2191 isthaec
1285 2164 1344 2197 ejus
1364 2163 1483 2193 caecitas,
1508 2169 1562 2188 non
1585 2165 1627 2188 est
1650 2167 1713 2195 pec-

91 2211 123 2236 ὲν
145 2207 235 2243 αὺτῷ-
259 2217 267 2233 ι
286 2208 422 2234 τουτέστιν
447 2207 462 2241 ἡ
483 2206 606 2242 παροῦσα
630 2206 723 2233 τούτου
744 2206 872 2241 τύφλωσις

931 2213 1051 2236 catorum
1070 2217 1160 2244 pinna,
1187 2209 1234 2236 sed
1262 2212 1366 2234 naturae
1389 2206 1521 2234 defectus.
1542 2205 1619 2232 Sicut
1638 2204 1712 2232 enim

91 2255 144 2281 οὐκ
155 2253 227 2280 ἐστιν
235 2253 375 2289 ἁμαρτιῶν
383 2253 557 2288 πρόσκομμα,
569 2252 636 2278 ἀλλὰ
647 2252 751 2287 φύσεως
762 2253 881 2288 σφάλμα.

93 2301 203 2334 ’Ὠσπερ
224 2299 279 2334 γὰρ
298 2299 378 2333 φυτὸν
394 2298 446 2334 πρὸ
466 2299 511 2324 τοῦ
526 2299 574 2334 τῆς
596 2299 646 2333 γῆς
664 2298 790 2333 ἐκκύψαι,
804 2301 833 2327 ὲν
848 2302 881 2336 τῇ

95 2347 159 2382 ῥίζῃ
178 2345 305 2376 πολλάκις
326 2346 379 2371 ἀπὸ
398 2345 581 2380 περιστάσεως
605 2344 696 2380 ἁερίου
713 2346 762 2381 τὴν
782 2346 882 2383 βλάσην

72 2413 77 2417 .
94 2393 221 2428 δέχεται,
237 2392 307 2419 οὕτω
323 2393 370 2419 καὶ
385 2389 462 2423 οὗτος
479 2393 493 2418 6
509 2392 540 2418 ἐκ
555 2392 667 2427 γενετῆς
683 2392 789 2426 τυφλὸς,
807 2394 835 2419 ἐν
848 2395 881 2428 τῇ

95 2437 176 2473 νηδύῖ
189 2437 237 2474 τὴν
263 2438 385 2473 πήρωσιν
400 2437 522 2470 ἐδέξατο⁸
537 2438 553 2473 ἢ
572 2437 617 2464 τοῦ
639 2437 764 2473 μητρῴου
782 2438 881 2464 κόλπου

96 2483 244 2510 ἀνευθέτου
258 2483 433 2521 ὑπάρχοντος,
448 2484 464 2519 ἢ
480 2484 526 2510 τοῦ
544 2483 670 2519 πατρῴου
688 2484 788 2519 σπόρου
804 2493 883 2510 κακο-

98 2529 189 2565 χύμου
200 2529 419 2564 καταϐληθέντος.
428 2530 457 2556 '0
467 2530 495 2556 δὲ
506 2530 555 2565 τὴν
566 2530 711 2564 σφαλεῖσαν
726 2529 805 2565 φύσιν
815 2531 883 2566 διορ-

99 2575 239 2602 θώσασθαι
254 2575 399 2610 δυνάμενος
419 2575 494 2602 οὐδὲν
511 2576 601 2612 ἓτερον
617 2575 634 2611 ἢ
647 2575 699 2602 τῶν
713 2575 818 2610 φύσεων
837 2576 882 2611 δη-

102 2620 232 2656 μιουργὸς
251 2620 436 2656 εὑρεθήσεται.
454 2621 499 2646 Διὺ
518 2621 564 2647 καὶ
582 2622 596 2648 6
611 2620 712 2656 Κύριος
728 2621 883 2656 ἀπεφήνατο

140 2699 162 2714 ⁶⁶
177 2697 249 2724 Psal.
271 2705 346 2730 xxvi,
361 2697 412 2724 10..
443 2697 464 2712 ⁶⁷
484 2696 564 2724 Joan.
583 2705 620 2728 Ix,
643 2697 698 2728 1-5,
717 2697 743 2724 6.

145 2774 196 2811 «59)
214 2773 251 2802 lta
266 2774 335 2810 Heg.
349 2775 376 2802 2.
393 2774 464 2811 Editi
479 2773 799 2811 vero,__1rpocﬁcav.lnl'ra
815 2773 880 2809 Reg.

103 2811 131 2843 2,
147 2809 279 2846 ἐρώτησιν
295 2809 343 2844 pro
359 2809 536 2846 impio-tuom.
550 2809 626 2846 Ibid.»
639 2809 703 2846 lteg.
722 2810 746 2843 1,
763 2810 791 2844 2,
815 2817 883 2845 quos

105 2843 256 2882 sequimur,
271 2843 501 2880 ndpauzdthditi,
517 2844 580 2879 παρ’
598 2844 691 2880 αὑτήν.

932 2256 1034 2290 planta,
1059 2259 1203 2289 antequam
1223 2261 1238 2281 e
1257 2259 1329 2280 terra
1351 2253 1474 2287 pullulet,
1496 2252 1523 2278 in
1545 2250 1634 2278 radice
1655 2250 1712 2285 ple-

932 2307 1048 2334 rumque
1063 2308 1095 2327 ex
1110 2299 1255 2326 ambientis
1273 2299 1344 2325 aeris
1359 2297 1501 2325 affectione
1523 2297 1650 2323 damnum
1665 2302 1713 2322 ac-

931 2346 1015 2381 cipit;
1035 2345 1071 2372 ita
1096 2349 1123 2372 et
1146 2345 1190 2371 hic
1214 2352 1228 2370 a
1251 2344 1393 2371 nativitate
1411 2349 1510 2374 czecus,
1527 2341 1622 2368 vitium
1641 2341 1714 2374 ejus-

931 2391 1004 2418 modi
1020 2391 1046 2418 in
1064 2394 1141 2418 utero
1154 2390 1289 2418 contraxit
1303 2398 1310 2424 ;
1325 2391 1382 2417 sive
1397 2389 1469 2424 quod
1483 2392 1623 2415 maternus
1637 2388 1714 2414 sinus

936 2437 1008 2464 haud
1025 2442 1098 2464 recte
1117 2437 1284 2472 compositus
1303 2441 1386 2466 esset,
1404 2436 1462 2463 sive
1478 2434 1551 2471 quod
1571 2438 1716 2475 paternum

937 2493 1027 2512 semen
1048 2483 1189 2516 emissum,
1205 2483 1333 2511 vitiosum
1357 2486 1440 2510 esset.
1457 2482 1509 2514 Qui
1528 2487 1610 2515 porro
1622 2486 1716 2506 erran—

936 2533 989 2556 tem
1022 2534 1146 2556 naturam
1171 2533 1259 2563 potest
1283 2529 1434 2563 corrigere,
1457 2527 1524 2554 nihil
1551 2533 1616 2554 sane
1643 2524 1715 2552 aliud

936 2582 1016 2610 quam
1032 2578 1189 2601 naturarum
1206 2579 1312 2602 creator
1326 2572 1549 2608 deprehendetur.
1559 2571 1648 2605 Quare
1659 2571 1715 2598 haec

937 2621 1068 2648 Dominus
1083 2620 1270 2656 pronuntiavit
1287 2630 1292 2646 :
1312 2629 1320 2646 ι
1345 2619 1437 2655 Neque
1459 2619 1503 2646 hic
1521 2617 1654 2654 peccavit,
1668 2624 1716 2644 ne.

970 2774 1027 2810 (7-3)
1045 2774 1080 2810 Ita
1096 2773 1161 2809 Reg.
1175 2774 1209 2810 2.7
1221 2773 1290 2801 Editi
1306 2777 1405 2807 autem,
1421 2771 1594 2810 Ἀποκριθεὶς
1607 2770 1646 2803 δέ.

973 2811 998 2845 (7
1005 2812 1029 2846 l)
1048 2809 1093 2837 Sic
1110 2809 1286 2838 llolsteinius.
