1940 3067
83 178 152 206 1009

576 179 718 208 HOMILIA
739 181 771 208 IN
791 181 920 210 CAZCUM
949 183 970 209 A
991 181 1210 210 NATIVITATE.

1633 181 1702 211 10H)

79 235 157 268 Εἶδες
181 235 316 270 τύφλωσιν
346 236 520 272 ἀναϐλέψεως
544 237 687 272 πρόξενον;
715 238 744 264 '0
770 239 863 273 τυψλδς

919 239 1010 266 dicitis
1029 240 1061 267 ⁸³.
1084 250 1092 266 ι
1114 239 1208 267 Viden‘
1232 241 1381 267 caecitatem
1397 239 1515 267 restituti
1540 239 1615 271 visus
1633 247 1701 267 cou-

79 281 211 316 ἀνέϐλεψε
233 283 279 308 καὶ
293 283 315 308 οἳ
341 282 486 317 βλέποντες
512 283 705 319 ὲτυφλώθησαν
718 286 750 319 τῇ
773 285 867 321 κακία.

86 326 141 352 Ἀεὶ
165 326 220 362 γὰρ
245 327 262 364 ἡ
289 327 372 353 κακία
399 327 484 363 τυφλή
511 327 578 363 (75).
599 328 644 355 Διὸ
670 330 716 356 καὶ
737 329 868 357 Ἰουδαίων

79 371 173 403 παῖδες
189 371 243 398 ἀπὸ
253 372 350 404 κακίας
363 373 480 408 έπήχουν
488 373 535 399 τὸν
548 374 580 400 ἐκ
593 375 704 409 γενετῆς
712 374 820 409 τυφλὸν,
830 375 869 401 λέ-

77 426 172 452 γοντες
189 418 256 453 πρὸς
279 419 376 446 αὐτόν·
396 419 467 454 Λέγε
482 421 557 454 ἡμῖν.
578 419 714 455 ἄνθρωπε,
732 421 804 452 τίνος
818 421 868 456 χά-

78 472 122 499 ριν
148 466 307 499 συγκροτεῖς
329 466 394 500 ἡμῖν
410 465 454 492 τὸν
471 465 527 491 υἱον
541 465 588 492 τοῦ
611 466 746 499 τέκτονος,
766 467 812 493 καὶ
829 467 867 500 ὡς

77 508 146 536 Θεὸν
170 510 251 536 αὐτὸν
268 510 353 542 θέλεις
374 510 601 550 διαφημίζετθσιη
623 512 680 538 Οὐκ
699 510 724 538 εἷ
749 514 780 539 σὺ
797 515 811 540 ὁ
835 515 867 540 ἐκ

74 555 189 590 γενετῆς
214 555 326 589 τυφλός·
357 557 522 592 γνωρίζομεν
545 558 623 592 ἡμεῖς
640 559 741 585 ἐκεῖνον
752 567 758 574 “
771 559 866 586 πολλο-

75 599 140 626 στὸν
155 599 228 634 αὖτῷ
243 600 276 626 τά
299 600 367 636 πρὸς
380 601 429 632 τὰς
456 601 548 636 χρείας
564 602 780 638 ἐχορηγήσαμεν.
805 603 867 635 Πῶς

73 642 123 672 οὖν
142 645 265 681 θρυλλεῖς
283 646 327 677 σὺ,
347 646 393 672 καὶ
408 646 507 680 λέγεις,
533 647 574 673 ὅτι
590 647 674 679 Αὐτὸς
697 647 797 683 ἀνέῳξέ
815 658 865 684 μου

73 692 140 723 τοὺς
154 691 325 727 ὀφθαλμούςς
347 692 378 718 Εἰ
398 693 546 728 χρημάτων
560 694 617 730 δέῃ,
631 694 678 721 καὶ
697 694 799 721 τούτων
816 695 866 730 χά-

75 746 119 773 ριν
130 737 310 772 ψευδολογεῖς,
327 739 388 765 ὅσον
404 739 492 773 βούλει
509 739 621 775 κομίζου
634 740 688 776 (76)
700 749 706 755 ·
725 741 803 776 μόνον
817 741 866 776 τῆς

72 783 205 819 ἀληθείας
230 784 265 820 μὴ
283 785 395 820 ἀπέχου.
418 785 511 812 Πάντα
538 784 584 812 οὖν
602 786 719 819 ἐποίουν,
739 787 782 813 ἵνα
808 796 867 819 πως

71 829 273 857 διασκεδάσωσι
289 830 318 857 τὸ
335 831 437 867 θαῦμα.
458 832 485 858 '0
499 831 527 858 δὲ
547 832 700 867 ἀναϐλέψας
722 833 789 869 πρὸς
804 835 865 866 τοὺς

72 873 264 908 ἀντιλέγοντας
295 875 436 908 Ἰουδαίους
462 875 581 910 ἔφασκε⁸
608 878 641 904 Τί
667 887 700 913 με
731 887 864 913 συκοφαν-

921 285 1078 312 ciliatricem
1091 285 1102 312 ?
1117 284 1210 312 Caecus
1226 285 1312 312 visum
1328 284 1438 319 recepit,
1457 288 1483 311 et
1502 283 1549 318 qui
1565 284 1700 316 ridebant.

920 330 1022 357 malitia
1043 338 1091 358 sua
1108 330 1236 358 exemcati
1258 334 1331 357 sunt.
1349 328 1462 364 Semper
1482 329 1553 356 enim
1569 336 1640 355 caeca
1660 332 1702 356 est

919 375 1032 402 malitia.
1057 374 1145 408 Quare
1163 374 1248 407 Judmi
1270 375 1372 401 malitia
1390 374 1464 401 ducti
1486 374 1552 401 caeci
1575 374 1630 400 nati
1652 381 1700 400 au-

919 419 994 447 ribus
1008 421 1192 455 pcrsonabant
1208 420 1252 447 bis
1275 420 1365 447 verbis
1386 429 1392 447 :
1412 419 1459 447 Dic
1473 420 1561 450 nobis,
1574 427 1591 447 ο
1608 419 1700 449 homo.

918 473 1002 499 quare
1013 465 1123 500 jactitas
1143 465 1221 492 nobis
1238 464 1307 492 fabri
1329 464 1412 491 ﬁlium
1430 465 1522 495 illum,
1540 471 1657 499 cumque
1671 468 1701 490 ut

918 509 1002 536 Deum
1019 510 1060 536 vis
1072 509 1259 544 proclamare?
1271 508 1446 544 Nequaquam
1462 512 1490 535 tu
1507 516 1535 536 es
1553 509 1597 536 ille
1611 516 1700 536 caecus

917 562 931 581 a
956 555 1111 587 nativitate;
1134 555 1260 582 novimus
1279 555 1364 586 illum,
1388 562 1420 582 ac
1439 562 1624 590 saepenumero
1648 554 1700 590 ipsi

916 601 1071 628 necessaria
1082 601 1326 636 suppeditavimus.
1343 601 1432 634 Quare
1449 605 1476 628 tu
1489 601 1599 636 jactitas
1613 608 1645 628 ac
1659 601 1698 628 di-

916 647 978 674 cis:
995 647 1055 681 Ipse
1078 647 1183 682 aperuit
1201 655 1275 674 meos
1298 647 1411 675 oculos?
1435 646 1463 674 Si
1488 648 1602 682 pecunia
1624 655 1699 683 eges,

916 690 1030 727 ejusque
1047 700 1130 720 causa
1151 693 1286 726 mentiris,
1300 698 1431 727 quantum
1449 693 1568 721 volueris
1581 693 1673 729 accipe
1692 703 1698 720 :

916 739 1003 765 solum
1030 747 1064 766 ne
1087 746 1102 764 a
1125 739 1240 766 veritate
1274 739 1397 766 recedas.
1421 738 1493 766 Nihil
1523 739 1614 774 itaque
1645 747 1699 766 non

916 784 1033 818 agebant
1063 785 1228 812 miraculum
1258 788 1288 812 ut.
1321 785 1498 820 dissiparem.
1529 784 1580 818 Qui
1609 789 1698 812 autem

915 830 1004 856 visum
1022 835 1170 866 receperat,
1187 831 1437 858 contradicentibus
1453 830 1553 858 Iudaeis
1569 831 1674 866 reponit
1691 840 1698 858 :

916 875 971 902 Cur
995 883 1038 903 me
1058 877 1284 903 calumniamini?
1314 876 1368 904 Cur
1394 877 1483 904 visum
1514 878 1611 904 anima:
1634 885 1700 905 mea

71 921 165 952 τεῖτε;
182 921 214 946 Τί
231 929 281 955 μου
304 921 332 948 τὸ
348 921 464 956 ψυχικὸν
484 922 591 959 βλέμμα
610 925 748 958 τυφλῶσαι
771 935 863 961 προαι-

917 929 1054 949 εχςωςιιῐε
1077 921 1212 949 studetis?
1243 921 1337 949 Visum
1364 923 1464 957 recepi,
1491 931 1545 950 non
1574 923 1698 950 carentia.

72 965 184 1002 ρεῖσθες
209 967 366 1002 “Α·ιέ6λεψα,
389 969 419 995 οὐ
443 969 612 1004 τυφλοῠμαι·
635 970 723 1006 μάτην
747 980 790 1006 μοι
818 980 864 998 κο-

71 1013 179 1048 νιορτὸν
191 1012 364 1049 βλασφημίας
377 1015 558 1050 προσρίπτετε
574 1015 641 1051 (77).
653 1016 748 1049 Ἄλλος
759 1017 864 1052 ἐφιλαν-

70 1060 263 1095 θρωπεύσατο.
280 1061 327 1087 καὶ
340 1061 419 1096 ὑμεῖς
429 1061 612 1088 ἀντιϐάλλετε.
623 1063 660 1089 Οὐ
677 1065 862 1098 προσκυνεῖτε,

69 1105 142 1132 ἀλλὰ
161 1106 316 1142 λοιδορεῖτε.
331 1107 428 1139 Καλῶς
449 1108 477 1134 δὲ
495 1108 575 1135 αὑτὸν
600 1109 656 1135 υἱον
672 1108 718 1135 τοῦ
740 1110 863 1142 τέκτονος

70 1152 306 1188 προσαγορεύετε-
335 1153 508 1188 μετημφίασε
528 1154 582 1190 γὰρ
604 1153 659 1181 τῶν
674 1154 748 1190 ἐμῶν
764 1155 864 1189 ὀφθαλ-

72 1197 134 1233 μῶν
149 1198 198 1229 τὰς
218 1198 339 1234 θυρίδας.
359 1200 463 1235 Μικρὸν
481 1208 525 1235 μοι
547 1202 749 1237 συγχωρήσατε,
764 1203 787 1229 εί
805 1203 862 1238 μετ’

69 1242 161 1277 ὀλίγον
171 1244 235 1279 ὑμῖν
245 1244 412 1280 διαλέγομαι.
426 1245 625 1282 Συγχωρήσατέ
644 1256 689 1283 μοι
701 1248 808 1284 πρῶτον
818 1258 864 1276 κα-

69 1290 203 1325 τανοῆσαι
225 1291 271 1318 τοῦ
287 1291 401 1327 οὐρανοῦ
416 1291 447 1318 τδ
465 1293 571 1326 κάλλος,
591 1294 637 1320 τοῦ
661 1295 736 1330 ἡλίου
752 1295 782 1322 τὸ
798 1297 859 1323 κέν-

68 1345 147 1373 τρον,
163 1339 213 1374 τῆς
230 1339 344 1374 σελήνης
357 1339 387 1365 τὸ
397 1340 474 1374 φάος,
491 1341 540 1375 τῆς
550 1341 656 1377 ἡμέρας
671 1342 713 1368 τὸν
727 1342 799 1377 ὅρον,
813 1343 863 1378 τῆς

68 1383 169 1415 νυκτὸς
191 1384 222 1410 τὸ
243 1385 351 1421 μέτρον,
368 1386 423 1414 τῶν
447 1387 570 1422 ἀστέρων
596 1387 645 1423 τὴν
666 1388 783 1424 χορείαν,
807 1389 862 1416 τῶν

66 1429 160 1463 νεφῶν
182 1430 231 1465 τὴν
245 1430 402 1468 διαδρομὴν,
426 1433 476 1466 τῆς
499 1433 551 1468 γῆς
571 1433 620 1468 τὴν
647 1433 790 1470 εὐθύτητα,
813 1436 863 1470 τῆς

68 1475 210 1510 θαλάσσης
224 1476 253 1503 τὸ
266 1477 357 1510 κύτος,
370 1479 424 1506 τῶν
438 1479 538 1506 πλοίων
549 1479 598 1514 τὴν
613 1480 722 1516 ἄτριϐον
738 1481 794 1517 (78)
806 1482 862 1509 διά-

67 1520 159 1552 ϐασιν,
179 1522 233 1549 τῶν
255 1524 406 1559 ἀνωμάλων
426 1525 475 1561 τὴν
497 1527 637 1563 περιοχὴν,
654 1527 707 1553 τῶν
727 1527 812 1563 ὀρέων
828 1528 862 1555 τὰ

68 1567 250 1604 κυρτώματα,
267 1570 320 1597 τῶν
337 1571 468 1607 ποταμῶν
488 1571 522 1599 τὰ
539 1571 672 1607 ῥεύματα,
690 1573 743 1600 τῶν
766 1573 861 1609 πηγῶν

67 1614 105 1640 τὰ
120 1614 239 1649 νάματα,
254 1615 308 1641 τῶν
324 1617 448 1652 φρεάτων
459 1617 494 1644 τὰ
507 1619 676 1654 ἀντλήματα,
690 1620 743 1646 τῶν
756 1619 862 1656 κτηνῶν

67 1659 104 1686 τὰ
132 1662 395 1696 σκιρτήματα,-τῶν
418 1662 519 1699 θηρίων
542 1664 576 1691 τὰ
601 1665 781 1699 ποικίλματα,
808 1665 862 1692 τῶν

67 1703 174 1739 ὀρνέων
188 1705 222 1731 τὰ
238 1705 413 1741 σχιζόπτερα,
428 1706 481 1734 τῶν
497 1707 595 1743 ἰχθύων
606 1708 640 1734 τὰ
656 1708 796 1743 ἰδιώματα,
807 1708 862 1734 τῶν

66 1747 187 1782 δένδρων
206 1748 240 1775 τα
257 1749 403 1784 ὑψώματα,
420 1750 474 1776 τῶν
489 1750 604 1787 καρπῶν
620 1751 654 1778 τὰ
670 1751 874 1786 γλυκάσματα.,

67 1792 270 1827 Συγχωρήσατέ
296 1802 340 1828 μοι
368 1794 475 1829 πρῶτον
502 1794 588 1822 ταῦτα
613 1796 660 1822 καὶ
684 1795 863 1831 παραπλήσια

66 1836 174 1863 τούτων
195 1837 354 1870 θεάσασθαι,
375 1841 422 1866 καὶ
442 1837 492 1866 εἷθ’
508 1839 593 1872 οὕτως
610 1841 674 1876 ὑμῖν
692 1841 861 1876 διαλέγομαι,

68 1882 132 1914 πῶς
146 1883 291 1918 ἀνέελεψα.
304 1884 391 1911 Πάλαι
408 1886 456 1920 μὲν
470 1886 627 1921 ἐγεννήθην,
645 1887 702 1913 νυνὶ
715 1887 743 1913 δὲ
756 1887 862 1922 πρῶτον

67 1929 195 1964 εἰσῆλθον
206 1931 245 1962 είς
255 1931 300 1957 τὸν
311 1931 413 1966 κόσμον
426 1931 465 1967 τῷ
481 1932 558 1967 μέρει
570 1932 620 1966 τῆς
633 1932 729 1966 ὅψεως.
740 1933 862 1959 ’Ἤκουσα

68 1974 118 2001 τοῦ
134 1975 274 2010 προψήτου
288 1975 402 2010 βοῶντος
412 1984 419 1991 ο
434 1986 443 2001 ι
469 1976 516 2006 Ἐκ
530 1976 661 2012 μεγέθους
674 1977 722 2003 καὶ
733 1977 862 2012 καλλονῆς

69 2021 230 2056 κτισμάτων
252 2022 390 2056 ἀναλόγως
409 2023 423 2049 ὁ
443 2023 631 2058 γενεσιουργὸς
647 2023 736 2049 αὐτῶν
752 2023 863 2058 θεωρεῖ-

67 2075 125 2093 ται.
149 2076 158 2093 ι
183 2066 253 2102 Ἐγὼ
275 2068 307 2094 ἐκ
326 2068 381 2094 τῶν
399 2068 567 2103 κτισμάτων,
582 2069 660 2104 ὑμεῖς
676 2069 707 2095 ἐκ
722 2069 774 2095 τῶν
788 2069 862 2104 ἐμῶν

66 2112 218 2148 ὀφθαλμῶν
234 2113 372 2148 ἀναλόγως
395 2114 440 2140 τὸν
463 2114 628 2150 δημιουργὸν
650 2114 814 2150 θεωρήσατε.
831 2115 877 2142 Τί.

70 2167 117 2196 μοι
131 2159 281 2195 χρημάτων
298 2161 456 2196 περιουσίαν
473 2161 672 2196 ὲπαγγέλλεσθε
683 2169 689 2193 ;
701 2162 736 2187 Οὐ
758 2161 862 2196 πιπρά-

69 2213 130 2232 σκω
149 2205 179 2232 τὸ
190 2205 286 2241 δῶρον,
301 2207 331 2232 οὐ
344 2206 491 2242 καπηλεύω
502 2207 555 2233 τῶν
567 2207 641 2243 ἐμῶν
653 2207 798 2243 ὀφθαλμῶν
813 2207 863 2243 τὴν

68 2251 229 2286 ἀνάϐλεψιν.
251 2253 379 2287 Ἀμεινον
394 2252 571 2288 εὐγνωμόνως
593 2255 758 2288 προσαιτεῖν,
776 2253 791 2288 ἢ
813 2262 862 2280 κα-
877 2270 899 2297 D

69 2296 214 2332 κοτρόπως
241 2296 375 2323 πλουτεῖν.
400 2297 436 2323 Τὺ
461 2297 553 2324 λοιπὸν
581 2298 672 2324 οὐκέτι
701 2298 860 2333 προσαιτῶο

69 2342 168 2370 ἱλαϐον
183 2342 236 2378 γὰρ
264 2343 309 2370 τὸν
330 2343 507 2379 παράπτοντά
528 2352 571 2379 μοι
587 2344 653 2380 πρὸς
670 2344 800 2379 ἐργασίαν
815 2343 862 2370 λύο

68 2398 133 2426 χνον
145 2389 191 2415 τοῦ
201 2388 333 2424 σώματος.
344 2390 440 2416 Οὐκέτι
448 2387 493 2416 οὖν
502 2389 651 2424 προσαιτῶ,
661 2389 728 2416 ἀλλὰ
736 2390 860 2425 γεωργῶ·

68 2435 163 2462 οὐκέτι
173 2435 252 2470 χάριν
263 2435 340 2467 αἰτῶ,
349 2435 415 2462 ἀλλά
427 2435 521 2471 μισθὸν
533 2435 654 2462 ἀπαιτῶ·
667 2435 756 2462 οὐκέτι
772 2435 861 2471 ῥάϐδῳ

69 2481 119 2517 τὴν
131 2482 182 2516 γῆν
192 2481 317 2516 ψηλαφῶ,
327 2481 393 2508 ἀλλὰ
402 2482 450 2517 τὴν
461 2481 582 2517 ἄμπελον
594 2481 718 2517 δρεπάνῳ
731 2481 860 2508 κλαδεύω·

69 2527 162 2553 οὕκέτι
176 2527 294 2562 ἀργύρια
311 2527 427 2561 συνάγω,
441 2527 508 2554 ἀλλὰ
520 2527 663 2563 δράγματα
678 2527 790 2562 θερίζω·
800 2528 862 2554 οὑκ-

69 2573 111 2600 έτι
129 2574 179 2607 τὴν
194 2574 284 2609 πήραν
306 2574 488 2608 περισξίγγω,
504 2573 560 2600 ἀλλ’
575 2572 683 2608 ἄμαξαν
695 2573 782 2600 ἓλκω·
799 2574 863 2600 οὐκ·

70 2618 111 2644 έτι
133 2618 222 2653 ἄρτων
240 2618 382 2653 κλάσματα
406 2618 547 2653 λαμϐάνω,
561 2618 627 2645 ἀλλὰ
646 2619 717 2645 σῖτον
740 2618 860 2654 κομίζω¹

70 2663 163 2689 οὐκέτι
175 2664 274 2690 στένων
291 2663 344 2699 βοῶ
354 2673 360 2679 ·
376 2663 448 2690 Δῶτε
463 2664 501 2699 τῷ
515 2664 545 2690 τὸ
560 2665 617 2699 φῶς
633 2664 669 2700 μὴ
684 2665 781 2700 ἔχοντι,
797 2664 862 2691 ἀλλὰ

109 2743 132 2758 "
149 2741 228 2770 Joan.
243 2751 281 2775 Ix,
298 2743 325 2775 8,
342 2743 369 2772 9.
407 2744 430 2760 ⁷⁸
452 2743 516 2778 Sap.
534 2752 599 2775 xm,
622 2744 647 2771 5.

111 2819 168 2856 €15)
185 2818 254 2856 Bes-
269 2820 297 2856 ἓν
312 2819 418 2856 τυφλοῖ-

111 2854 169 2888 (76)
267 2855 294 2887 1,
307 2855 334 2887 9,
351 2855 463 2890 κομίζου
481 2856 583 2891 χρῆμα.

114 2890 170 2924 (Π)
184 2889 249 2925 Reg.
260 2891 287 2921 Ξ,
308 2889 542 2930 προσαντιλέγετεᾲ

914 965 1027 993 Frustra
1048 974 1090 993 me
1107 966 1279 1001 blasphemia?
1295 967 1406 1002 pulvere
1418 967 1607 1003 conspergitis.
1622 968 1698 996 Alius

914 1019 957 1039 me
977 1011 1106 1040 beneficio
1130 1012 1229 1046 aﬂ‘ecit,
1246 1017 1273 1040 et
1289 1021 1337 1040 vos
1359 1014 1525 1048 repugnatis.
1548 1013 1606 1041 Non
1630 1014 1698 1041 ado-

913 1057 991 1090 ratis,
1013 1057 1059 1084 sed
1081 1057 1190 1092 probris
1211 1057 1393 1085 insectaniini.
1411 1058 1497 1085 Probe
1519 1061 1608 1085 autem
1628 1058 1698 1086 fabri

914 1102 998 1130 filium
1011 1103 1114 1131 vocatis
1129 1104 1204 1130 illum
1219 1113 1227 1137 ;
1243 1111 1305 1131 nam
1323 1104 1464 1131 oculorum
1487 1112 1607 1132 meorum
1624 1104 1699 1132 fene-

913 1153 985 1177 stras
1007 1150 1192 1177 commutavit.
1209 1150 1321 1177 Veniam
1341 1150 1407 1178 mihi
1427 1151 1571 1186 prmbetote
1588 1151 1610 1179 si
1630 1159 1698 1178 non-

912 1195 964 1222 nisi
996 1195 1076 1230 paulo
1098 1198 1160 1230 post
1190 1194 1331 1222 vobiscum
1362 1195 1511 1230 colloquar.
1539 1194 1626 1222 Sinite
1655 1203 1698 1223 me

912 1241 1030 1277 primum
1050 1241 1228 1268 considerare
1260 1241 1321 1269 coeli
1346 1241 1576 1275 pulchritudinem
1598 1261 1605 1274 ,
1632 1241 1699 1269 solis

911 1286 1023 1318 orbein,
1053 1287 1127 1314 lunae
1160 1286 1302 1322 fulgorem,
1336 1287 1391 1314 diei
1423 1287 1582 1318 terminum,
1608 1287 1698 1314 noctis

911 1340 1078 1366 mensuram,
1098 1333 1238 1361 stellarum
1254 1333 1393 1366 cboream,
1409 1333 1521 1361 nubium
1540 1334 1697 1365 decursum,

911 1383 991 1406 terra}
1011 1379 1160 1414 planitiem,
1177 1379 1260 1407 maris
1285 1379 1465 1411 latitudinem,
1481 1380 1590 1406 narium
1608 1383 1698 1407 trans-

911 1423 979 1450 itum
1007 1423 1081 1450 nullo
1098 1424 1211 1458 vestigio
1239 1424 1343 1455 relicto.
1365 1424 1527 1451 convallium
1549 1424 1696 1456 ambitum,

911 1470 1043 1497 montium
1072 1470 1268 1497 rotunditatem
1286 1490 1293 1502 ,
1322 1469 1467 1497 fluviorum
1497 1470 1601 1502 alveos,
1635 1470 1698 1497 fon-

911 1516 978 1542 tium
1005 1516 1202 1550 scaturigines,
1228 1520 1372 1550 puteorum
1398 1516 1529 1547 haustus,
1562 1516 1697 1550 pecudum

913 1562 1009 1593 saltus,
1027 1561 1145 1589 ferarum
1165 1562 1332 1594 varietates,
1346 1561 1436 1588 avium
1462 1560 1609 1588 multifidas
1629 1561 1697 1592 alas.

913 1607 1029 1643 piscium
1053 1608 1244 1643 proprietates,
1271 1608 1400 1635 arborum
1422 1608 1623 1642 proceritatem,
1640 1607 1698 1634 fru-

912 1657 1004 1680 ctuum
1025 1654 1196 1681 suavitatem.
1222 1652 1310 1680 Sinite
1338 1661 1381 1681 me
1403 1654 1459 1681 haec
1480 1654 1597 1688 primum
1613 1657 1639 1681 et
1655 1654 1698 1681 his

912 1699 1011 1727 similia
1036 1700 1231 1735 contemplari,
1261 1705 1343 1736 atque
1367 1701 1466 1727 exinde
1502 1700 1620 1728 narrabo
1644 1707 1698 1736 qua

912 1746 1018 1773 ratione
1039 1746 1128 1773 visum
1153 1747 1255 1781 recepi.
1278 1745 1336 1773 Jam
1357 1746 1422 1773 olim
1450 1750 1531 1774 natus
1556 1754 1628 1780 sum,
1650 1747 1696 1775 sed

912 1792 984 1826 quod
1004 1791 1092 1819 visum
1110 1796 1216 1827 spectat
1237 1792 1317 1820 modo
1336 1793 1454 1828 primum
1478 1793 1617 1828 ingressus
1637 1800 1698 1820 sum

913 1837 941 1864 in
968 1838 1111 1865 mundum.
1135 1838 1233 1865 Audivi
1258 1838 1416 1873 prophetam
1438 1838 1601 1865 clamantem
1622 1847 1628 1865 :
1647 1847 1656 1864 ι
1676 1838 1698 1864 A

912 1884 1099 1919 magnitudine
1110 1888 1137 1911 et
1147 1885 1237 1919 specie
1251 1888 1449 1915 creaturarum,
1463 1884 1579 1919 quadam
1595 1885 1700 1912 ratione

913 1934 1022 1957 creatur
1044 1937 1138 1957 eorum
1163 1930 1332 1966 conspicitur
1353 1930 1386 1956 7°.
1407 1941 1415 1957 ι
1434 1930 1472 1957 Ex
1489 1930 1623 1957 creaturis
1637 1938 1697 1965 ego,

913 1983 963 2003 vos
979 1984 1011 2003 ex
1027 1976 1110 2012 369
1128 1977 1196 2004 meis
1221 1977 1309 2004 oculis
1331 1977 1447 2011 quadam
1472 1977 1647 2012 proportione
1666 1984 1698 2003 ac

913 2021 1021 2049 ratione
1043 2026 1194 2050 creatorem
1218 2023 1451 2058 contemplamini.
1471 2022 1540 2056 Quid
1566 2023 1630 2049 mibi
1652 2030 1699 2057 pe-

913 2069 1056 2096 cuniarum
1089 2069 1143 2096 vim
1172 2069 1356 2104 pollicemini?
1388 2069 1563 2104 Nequaquam
1597 2068 1697 2095 donum

912 2115 1010 2147 vendo,
1024 2115 1112 2142 visum
1129 2115 1216 2142 oculis
1237 2115 1331 2142 datum
1349 2116 1416 2143 meis
1431 2123 1484 2142 non
1501 2122 1649 2149 cauponor.
1665 2114 1699 2140 At

913 2164 1024 2196 pra-stat
1047 2168 1110 2187 cum
1127 2165 1204 2195 grato
1223 2161 1314 2188 animo
1329 2161 1493 2192 mendicare,
1510 2167 1590 2195 quam
1613 2160 1699 2188 scele-

914 2206 992 2234 ribus
1017 2205 1161 2234 ditescere.
1179 2206 1237 2233 Non
1259 2207 1375 2234 ulterius
1398 2206 1579 2239 mendicabo;
1600 2209 1698 2232 nactus

914 2260 973 2279 sum
989 2252 1060 2279 enim
1076 2252 1121 2287 qui
1135 2252 1201 2279 mibi
1221 2252 1254 2279 ad
1277 2253 1396 2279 laborem
1415 2252 1554 2278 lucernam
1575 2251 1699 2286 corporis

917 2297 1087 2325 accenderet.
1116 2297 1174 2324 Non
1204 2298 1320 2325 ulterius
1338 2297 1517 2330 mendicabo,
1544 2296 1590 2324 sed
1618 2304 1698 2331 agros

915 2343 1012 2370 colam.
1037 2343 1097 2370 Non
1129 2343 1246 2378 amplius
1280 2343 1365 2378 gratis
1396 2347 1496 2379 petam,
1520 2343 1567 2370 sed
1593 2350 1698 2370 merce-

915 2388 976 2415 dem
990 2392 1120 2423 repetam.
1137 2388 1194 2416 Non
1210 2389 1327 2424 amplius
1344 2389 1442 2416 baculo
1459 2393 1560 2416 terram
1577 2388 1696 2420 tentabo.

915 2434 962 2462 sed
991 2435 1099 2461 vineam
1123 2433 1222 2462 falcula
1250 2435 1362 2470 putabo.
1390 2433 1450 2461 Non
1477 2434 1591 2464 ulterius
1618 2441 1698 2460 num-

914 2481 1003 2508 mulos
1020 2489 1126 2516 cogam,
1148 2481 1195 2509 sed
1216 2481 1370 2516 manipulos
1389 2480 1525 2515 colligam.
1548 2479 1606 2506 Non
1627 2479 1697 2505 ultra

914 2535 1007 2562 peram
1045 2528 1241 2562 constringam,
1274 2527 1321 2554 sed
1347 2533 1458 2553 currum
1489 2526 1604 2552 traham.
1640 2525 1698 2552 Non

915 2573 985 2600 ultra
1008 2572 1095 2601 frusta
1121 2574 1199 2609 panis
1222 2574 1364 2608 accipiam,
1388 2572 1435 2600 sed
1462 2572 1627 2598 frumentum
1651 2571 1699 2598 de-

915 2617 1010 2645 feram.
1050 2618 1108 2646 Non
1139 2619 1256 2654 amplius
1294 2626 1356 2646 cum
1381 2617 1483 2653 gemitu
1510 2617 1695 2644 exclamabo:

915 2665 981 2692 Date
995 2666 1019 2693 ei
1041 2666 1085 2700 qui
1110 2666 1211 2692 lumine
1234 2674 1286 2695 non
1312 2666 1428 2697 fruitur;
1450 2664 1496 2692 sed
1520 2671 1616 2699 magna
1631 2670 1698 2691 vcce

950 2820 1006 2855 (78)
1025 2821 1064 2846 tta
1078 2820 1143 2854 Reg.
1161 2820 1186 2851 ι,
1204 2819 1232 2847 2.
1244 2819 1312 2847 Editi
1331 2827 1406 2852 vero,
1419 2819 1526 2855 ἀτριὸἧ.
1543 2818 1603 2846 Mox
1616 2818 1698 2846 iidem

914 2864 981 2883 mss.
999 2856 1173 2891 κυρτώματα.
1187 2855 1269 2884 Editi.
1281 2856 1449 2891 κυρτήματα.
