1940 3067
280 165 345 193 1011

840 169 868 196 S.
891 169 1121 197 ATIIANASIUS.
1139 185 1173 190 —
1195 170 1330 199 SPUltlA.

1817 170 1879 197 Iuli

276 223 399 250 clamabo
416 233 422 250 :
441 233 449 249 ι
466 223 596 252 Dominus
612 225 772 254 illumiuatio
788 235 847 255 mea
862 232 888 255 et
902 229 976 256 salus
991 236 1057 259 mea,

1112 229 1308 264 μεγαλοιρώνως
1334 229 1440 264 κράζω·
1457 239 1465 254 ι
1483 229 1584 265 Κύριος
1608 229 1742 264 φωτισμός
1766 238 1813 264 μου
1837 231 1879 256 καὶ

276 275 356 302 quem
376 267 476 294 timebo
493 269 534 295 7‘1'
547 279 555 294 I

312 311 338 338 7.
367 310 414 339 His
434 313 535 340 auditis
556 315 774 343 contradicentes
793 315 877 344 Judaei
890 337 898 348 ,
920 322 949 344 ut
970 317 1060 344 vident

276 356 352 384 illum
368 365 421 384 nou
437 359 517 385 modo
532 364 656 386 sanatum
671 368 741 393 esse,
760 362 806 388 sed
819 363 979 390 miraculum
994 371 1060 397 quo-

275 410 328 437 que
338 402 494 435 defendere,
515 405 649 432 accedunt
665 405 763 433 iterum
783 408 973 436 sciscitantes:
991 409 1062 442 Quo-

276 447 358 474 modo
372 447 460 474 visum
478 449 630 483 accepisti?
655 449 724 482 Quid
750 450 813 478 fecit
836 453 883 479 tibi
905 453 986 479 homo
1005 454 1059 486 ille,

275 492 348 527 quod
366 496 421 519 tam
438 494 550 521 lirmiter
566 502 625 521 eam
652 503 706 522 rem
732 497 855 525 asseris?
877 497 945 525 Tum
968 499 992 526 is
1014 499 1058 533 qui

275 537 364 564 visum
381 542 520 573 receperat
543 539 576 566 ad
597 545 747 568 excmcatos
764 542 826 571 illos
840 553 846 570 :
865 544 1006 576 Quomodo
1021 544 1060 570 vi-

270 590 337 614 ,sum
362 584 475 618 accepi?
496 583 585 611 Deone
609 586 714 618 dicitis,
749 589 885 623 quomodo
910 589 975 616 illud
994 597 1060 616 con-

276 633 417 662 sequenter
439 629 471 655 ad
487 634 591 657 natura:
607 632 730 658 ordinem
753 633 854 660 factum
870 635 930 662 est?
944 634 971 662 Si
985 642 1059 669 qum-

275 673 354 704 ritis,
380 675 533 708 quomodo;
564 676 684 703 vicissim
703 685 751 705 vos
784 686 833 714 ego
866 680 1057 715 interrogabo:

276 718 418 750 Quomodo
436 720 463 746 in
480 721 571 747 vinum
588 729 684 756 aquam
701 725 899 751 commutavit?
925 726 965 752 An
982 731 1060 752 natu-

275 771 313 790 ra;
329 764 464 796 ordinem,
483 771 528 793 aut
544 767 704 806 miraculum
722 773 752 795 ut
765 770 922 798 evliiberet?
942 771 1060 804 Quomo-

274 810 310 837 do
328 810 459 838 Lalarum
477 819 508 838 ex
529 813 655 848 sepulcro
677 815 819 842 evocavit?
835 817 952 843 naturali
969 825 1001 844 an
1017 817 1060 843 di-

273 856 339 883 vino
358 857 461 884 modo?
477 857 618 890 Quomodo
638 860 775 894 leprosum
805 862 900 889 morbo
916 862 1060 890 liberavit?

275 901 436 929 circuitione
456 903 583 936 quadam,
602 912 637 931 an
657 905 816 933 voluntate?
832 906 974 939 Quomodo
996 916 1060 934 san-
1075 903 1095 930 Β

273 947 364 982 guinis
389 947 461 975 ﬂuxu
478 949 644 977 laborantem
668 951 820 982 mulierem,
846 960 906 987 quae
920 953 1059 988 sanguinis

273 992 407 1027 proﬂuvio
422 994 500 1029 quasi
529 995 699 1030 naufragium
716 996 824 1029 fecerat,
841 1006 874 1024 ex
900 1006 930 1025 ea
957 1002 1058 1033 tempe-

273 1041 344 1066 state
361 1039 485 1074 eripuit?
506 1038 727 1074 Perquirendone
748 1042 835 1069 morbi
860 1043 1004 1074 rationem.
1024 1051 1058 1070 an

273 1087 421 1118 conspecta
446 1084 506 1119 ejus
527 1085 600 1112 lidc?
620 1085 689 1113 Tum
713 1087 929 1115 contradicentes
948 1088 986 1114 illi
1011 1087 1058 1115 .lu-

272 1129 334 1161 ἀεὶ,
350 1133 378 1156 ut
392 1130 517 1157 viderunt
533 1139 594 1158 eum
612 1131 639 1158 in
661 1133 800 1167 proposito
828 1138 1057 1168 perseverantem,

272 1175 374 1203 acriter
398 1177 625 1211 comprehensum
640 1178 666 1205 vi
690 1179 850 1213 pertrahunt
874 1179 907 1206 ad
923 1179 1059 1208 Pliarisai-

272 1229 335 1249 cum
351 1223 480 1255 tribunal,
494 1225 675 1259 dicebantque
692 1225 730 1251 illi
746 1235 752 1251 :
774 1224 832 1252 Jam
851 1233 948 1253 carnes
968 1226 1057 1253 lanci-

271 1268 331 1294 nari
346 1272 405 1296 tuas
420 1270 587 1301 curabimus,
601 1274 630 1296 ut
645 1270 726 1302 servi,
740 1278 793 1297 non
808 1270 939 1303 doctoris,
956 1279 1058 1299 munus

272 1321 432 1348 exsequare.
452 1315 510 1342 Non
527 1319 611 1349 taces,
628 1316 674 1343 sed
690 1317 847 1342 concionem
865 1316 957 1348 habes,
977 1321 1058 1351 atque

272 1362 306 1385 ut
327 1357 412 1386 Deum
445 1360 520 1387 illum
552 1361 593 1388 vis
616 1361 786 1396 proclamare
816 1360 898 1387 lilium
930 1360 1059 1396 Iosephi?

272 1403 345 1432 Casu
364 1405 483 1439 quodam
503 1406 590 1433 visum
606 1406 744 1441 recepisti,
768 1406 913 1440 eﬂ'utisque
935 1407 1016 1434 nobis
1031 1410 1057 1434 te

272 1458 288 1476 a
306 1450 445 1478 nativitate
470 1459 570 1478 caecum
587 1459 658 1483 esse,
682 1456 764 1486 atque
783 1451 897 1478 adducis
915 1451 994 1479 nobis
1021 1452 1058 1479 is—

271 1499 330 1521 tum
346 1495 415 1522 fabri
434 1495 539 1523 illium?
552 1496 610 1524 Non
630 1501 704 1524 taces
720 1506 726 1524 :
742 1496 789 1523 sed
808 1504 903 1531 magna
924 1504 989 1523 voce
1002 1497 1058 1523 ela-

271 1541 351 1568 mas?
366 1541 417 1574 Qui
436 1550 517 1577 porro
541 1543 629 1570 visum
652 1549 790 1577 receperat
812 1543 918 1578 reponit
935 1543 968 1570 ad
993 1550 1057 1569 con-

1113 276 1203 311 σωτήρ
1217 284 1279 310 μου,
1293 276 1352 302 τίνα
1372 275 1574 310 φοϐηθήσομαις
1599 285 1607 301 ι

1147 321 1173 347 7.
1191 320 1283 347 Ταῦτα
1300 321 1463 351 ἀκούσαντες
1477 321 1500 346 οἱ
1513 319 1695 353 ἀντιλέγοντες
1711 319 1837 352 Ἰουδαῖοι,
1846 320 1879 352 ὡς

1111 363 1179 392 εἶδον
1199 366 1279 391 αὑτὸν
1301 366 1337 400 μὴ
1356 366 1433 400 μόνον
1462 365 1579 396 ίαθέντα,
1610 365 1677 391 ἀλλὰ
1702 366 1748 391 καὶ
1776 373 1879 400 συνηγορ

1113 411 1208 448 ροῦντα
1223 412 1261 446 τῷ
1278 411 1406 446 θαύματι,
1421 411 1572 446 προσῄεσαν
1584 410 1623 436 ἔτι
1640 410 1827 445 ἐπερωτῶντες
1839 412 1876 437 αὐ-

1111 456 1156 482 τόν
1170 464 1174 469 ·
1190 456 1251 487 Πῶς
1267 455 1431 490 ὰνέὸλεψας;
1452 455 1484 481 Τί
1498 463 1539 481 σοι
1552 455 1679 490 εποίησεν
1700 456 1800 487 ἐκεῖνος
1815 457 1828 482 ὁ
1842 457 1872 483 ἄν·

1112 502 1229 537 θρωπος,
1245 502 1286 527 ὅτι
1303 501 1441 536 ὲπιμένεις
1456 501 1494 536 τῷ
1515 501 1671 536 πράγματι;
1692 501 1721 527 ’0
1734 501 1761 526 δὲ
1778 501 1878 527 ἀναῦλέ-

1110 547 1164 582 ψας
1178 547 1244 582 πρὸς
1267 547 1330 578 τοὺς
1354 546 1541 581 τυφλωθέντας
1561 546 1628 581 ἔφη·
1659 546 1724 577 Πῶς
1742 546 1876 579 ἀνέϐλεῲιη

1117 593 1178 618 Ἐπὶ
1195 591 1260 618 Θεοῦ
1274 591 1377 625 λέγετε,
1394 592 1452 623 πῶς
1467 592 1515 627 τῆς
1533 592 1638 626 φύσεως
1658 591 1803 618 ἀκολουθία
1818 592 1876 625 γίνε-

1109 645 1172 669 ταις
1187 637 1218 663 El
1241 636 1271 662 τὸ
1288 636 1346 668 πῶς
1363 637 1493 672 ἐρωτᾶτε,
1507 637 1685 672 ἀντερωτήσω
1705 637 1776 671 ὑμᾶς
1795 638 1875 671 κάγώ·

1112 684 1172 715 Πῶς
1185 684 1214 710 τὸ
1234 683 1305 718 ὕδωρ
1320 684 1358 714 εἰς
1371 681 1442 710 οἶνον
1454 683 1609 718 μετέϐαλεν,
1627 683 1812 718 ἀκολουθίανῆ
1827 683 1876 709 θαυ-

1111 729 1278 764 ματουργίαν
1292 728 1412 763 μηνύσας
1422 737 1429 760 ;
1442 728 1503 760 Πῶς
1513 728 1557 754 τὸν
1570 728 1694 763 Λάζαρον
1705 729 1738 754 ὲκ
1749 728 1794 754 τοῦ
1805 729 1875 762 τάφον

1109 774 1239 807 ἐκάλεσε,
1259 774 1380 808 φυσικῶς
1403 773 1419 809 ἦ
1442 773 1615 809 θεοπρεπῶς
1644 773 1707 805 Πῶς
1724 773 1770 800 τὸν
1792 774 1875 808 λεπρὸν

1109 820 1155 847 τοῦ
1173 820 1273 851 πάθους
1287 820 1414 851 ἀπέλυσε,
1432 819 1615 854 περιοδεύσας,
1633 818 1648 853 ἢ
1673 818 1806 853 θελήσας;
1825 818 1875 849 Πῶς

1110 867 1158 901 τὴν
1169 865 1367 901 αἱμορῥοοῦσαν
1381 866 1506 899 γυναῖκα,
1524 865 1692 898 ναυαγοῦσαν
1717 866 1750 891 ὲκ
1775 865 1820 899 τῆς
1832 863 1874 889 τῶν

1109 911 1232 947 αἱμάτων
1246 911 1340 946 φορᾶς,
1364 910 1410 936 τοῦ
1434 909 1567 941 κλύδωνος
1588 910 1718 941 διέσωσε;
1747 909 1784 935 Τὸ
1805 908 1874 939 πάθος

1109 958 1266 992 ἐρευνήσας,
1280 956 1296 991 ἢ
1312 957 1359 991 τὴν
1377 956 1466 982 πίστιν
1482 957 1668 990 κατανοήσαςς
1688 956 1719 982 Οἱ
1741 956 1769 982 δὲ
1786 954 1873 982 ἅντιλέ-

1109 1012 1203 1037 γοντες
1222 1002 1352 1033 Ἰουδαῖοι,
1370 1002 1407 1034 ὼς
1422 1000 1489 1028 εἶδον
1502 1002 1582 1028 αὐτὸν
1599 1001 1772 1036 ἐπιμένοντα,
1796 999 1874 1035 δριμύ-

1108 1057 1187 1084 τερον
1203 1048 1411 1084 κατεσχηκότες,
1426 1047 1515 1074 εἷλκον
1532 1048 1612 1074 αὑτὸν
1631 1047 1701 1082 μετὰ
1716 1047 1774 1081 βίας
1795 1047 1836 1072 ἐπὶ
1851 1045 1874 1071 τὸ

1108 1095 1269 1131 Φαρισαῖκέιν
1285 1095 1432 1130 κριτήριον,
1445 1094 1566 1128 λέγοντες
1577 1094 1644 1129 πρὸς
1656 1093 1737 1119 αὐτόν
1748 1102 1753 1107 ·
1763 1093 1826 1119 Novi
1838 1100 1873 1118 σου

1108 1141 1156 1172 τὰς
1170 1140 1272 1176 σάρκας
1287 1138 1486 1173 καταξανθῆναι
1501 1138 1756 1173 παρασκευάσομεν,
1775 1137 1815 1162 ἵνα
1827 1136 1874 1162 δου-

1107 1185 1192 1216 λείαν,
1207 1186 1253 1211 καὶ
1268 1185 1304 1220 μὴ
1318 1183 1488 1210 διδασκαλίαν
1507 1183 1634 1218 μετέρχῃ.
1646 1182 1684 1208 Οὐ
1698 1182 1809 1216 σιωπᾷς,
1820 1180 1874 1207 ἀλλὰ

1108 1231 1282 1266 δημηγορεῖς,
1292 1230 1336 1256 καὶ
1345 1230 1382 1260 ὼς
1388 1229 1453 1255 Θεὸν
1463 1229 1542 1254 αὑτὸν
1552 1228 1638 1259 θέλεις
1647 1226 1811 1262 φημίζεσθαι
1819 1225 1874 1259 (79).
1904 1251 1905 1259 ,

1108 1277 1208 1303 ἐκεῖνον
1224 1277 1268 1303 τὸν
1284 1276 1340 1302 υἱὸν
1351 1275 1396 1302 τοῦ
1418 1275 1534 1309 Ἰωσήφ,
1551 1273 1616 1300 Ἀπὸ
1634 1273 1831 1308 συμϐεϐηκότος
1843 1281 1874 1297 τι·

1107 1322 1152 1353 νὸς
1177 1321 1335 1355 ἀνέϐλεψας,
1353 1321 1398 1346 καὶ
1411 1321 1578 1355 προσφωνεῐς
1591 1319 1667 1353 ἡμῖν,
1684 1319 1722 1350 ὡς
1732 1319 1766 1344 ὲκ
1778 1317 1874 1352 γενετῆς

1107 1367 1205 1401 τυφλὸς
1221 1366 1341 1401 ὲτέχοης,
1356 1366 1402 1392 καὶ
1426 1365 1537 1399 ἐπάγεις
1562 1365 1627 1399 ἡμῖν
1652 1365 1759 1390 ἐκεῖνον
1774 1364 1816 1390 τὸν
1836 1362 1872 1388 τοῦ

1107 1414 1230 1444 τέκτονος
1240 1413 1313 1444 υἱόν;
1325 1412 1361 1438 Οὐ
1377 1412 1490 1446 σιωπᾷς,
1506 1410 1573 1437 ἀλλὰ
1591 1409 1697 1445 μεγάλα
1718 1409 1794 1444 βοᾷς
1814 1408 1840 1434 Ὀ
1852 1407 1873 1432 δὲ

1107 1458 1259 1493 ἀναϐλέψας
1275 1458 1341 1493 πρὸς
1355 1458 1416 1489 τοὺς
1428 1457 1614 1491 ἀντιλέγοντας
1627 1456 1731 1490 ἐλεγενο
1747 1455 1776 1481 Εἰ
1795 1454 1823 1480 οὐ
1842 1453 1873 1478 θέ-

1107 1504 1166 1531 λετέ
1191 1513 1224 1539 με
1254 1503 1333 1539 βοᾷν,
1355 1503 1380 1530 τί
1408 1502 1562 1538 ἐπερωτᾶτέ
1584 1511 1617 1537 με
1648 1501 1778 1537 συχνῶς;,
1793 1500 1872 1534 Ὑμεῖς

1108 1550 1219 1580 ἑαυτοὺς
1235 1548 1381 1584 θρυλλείτε,
1400 1548 1482 1582 κάμοὶ
1506 1547 1536 1574 τδ
1558 1546 1685 1581 ἔγκλημα
1707 1545 1871 1581 προσάπτετε.

271 1587 438 1615 tradicentes
453 1597 458 1614 :
474 1587 502 1615 Si
528 1596 570 1615 me
595 1589 713 1616 clamare
737 1596 791 1615 non
805 1589 898 1619 vultis,
923 1589 986 1623 quid
1003 1594 1055 1616 tam

1109 1595 1157 1626 Ὦς
1170 1581 1282 1628 φατείεί
1297 1595 1329 1620 ἐκ
1345 1581 1546 1628 συμῦεϐηκότος
1557 1593 1628 1624 τινος
1641 1592 1786 1626 ἀνέϐλεψα,
1796 1590 1820 1616 τί
1831 1597 1871 1624 μου

271 1632 431 1666 frequenter
452 1633 654 1661 sciscitamini?
671 1633 856 1669 Vosmetipsos
871 1634 1016 1661 dillamatis
1030 1639 1058 1661 et

271 1677 339 1704 mihi
354 1678 461 1712 culpam
478 1678 625 1706 aseribitis.
648 1678 688 1711 Si,
704 1683 733 1705 ut
749 1679 850 1710 dicitis,
861 1687 924 1707 casu
939 1680 1057 1714 quodam

270 1722 360 1750 visum
378 1723 480 1758 accepi,
496 1730 544 1750 cur
564 1728 690 1759 parentes
710 1732 785 1752 meos
809 1725 966 1753 accivistis?
991 1725 1058 1752 Fru-

270 1772 328 1796 stra
349 1769 443 1797 turbas
468 1769 538 1797 datis
557 1780 563 1796 :
584 1778 637 1796 non
659 1770 772 1804 potestis
793 1770 919 1806 obtegere
939 1771 1057 1798 miracu-

272 1812 328 1840 lum
346 1814 416 1841 retsi
441 1814 561 1841 siluerim
576 1822 636 1849 ego,
652 1815 773 1841 clamant
795 1816 867 1842 oculi
883 1816 945 1843 mei.
970 1816 1057 1844 llomo

271 1858 383 1893 quidam
403 1858 482 1886 Iesus
507 1860 627 1892 nomine,
656 1860 735 1894 cujus
760 1868 858 1888 nomen
878 1865 921 1888 est
941 1862 1055 1894 curatio,

272 1904 331 1931 luto
345 1905 421 1931 unxit
436 1905 531 1938 oculos
547 1913 631 1937 meos.
649 1910 676 1933 et
691 1905 759 1932 dixit
774 1905 839 1932 mihi
852 1916 859 1933 :
874 1916 882 1931 ‹
898 1905 1056 1938 Vade,.la\‘a

272 1950 301 1977 in
316 1950 421 1984 piscina
435 1950 535 1977 Siloam
551 1951 584 1978 τ’.
601 1960 610 1976 ι
632 1950 787 1986 Abieusque
807 1951 869 1984 lavi,
888 1952 959 1980 lotus
970 1953 1056 1980 lutum

273 1995 398 2030 deposui.
415 1995 461 2022 sed
479 1995 566 2023 visum
583 1996 683 2030 recepi.
700 1998 707 2008 '

310 2041 336 2068 8.
355 2040 403 2068 His
419 2042 519 2069 auditis
536 2041 685 2069 Pharisaici
698 2042 817 2076 judices.
839 2043 995 2079 ingentique
1010 2051 1057 2070 co-

272 2092 333 2116 acta
356 2088 453 2114 turba:
468 2087 616 2115 Sabbatum
636 2088 708 2115 enim
725 2093 791 2122 erat,
822 2096 883 2116 cum
902 2089 953 2116 hoc
975 2089 1057 2116 mira-

272 2131 365 2158 culum
380 2130 447 2158 Iecit
469 2130 566 2165 Jesus;
583 2132 786 2168 interrogabant
808 2141 870 2160 eum
889 2134 982 2161 eadem
997 2142 1056 2169 qua:

272 2176 358 2204 Judaei
372 2177 494 2205 dicentes
513 2187 519 2204 :
534 2177 621 2211 Nosti,
637 2185 653 2204 ο
665 2178 757 2208 homo.
777 2186 832 2214 quo
855 2184 928 2207 astes
942 2180 968 2206 in
984 2180 1053 2211 loco,

271 2227 299 2250 et
315 2223 511 2258 indeprecabile
528 2224 578 2251 hoc
594 2225 710 2252 tribunal
734 2233 806 2256 esse,
833 2233 920 2260 neque
934 2225 1054 2253 fraudem
1071 2245 1092 2272 υ

271 2267 317 2294 llic
331 2276 451 2303 unquam
465 2269 549 2296 latere
567 2277 657 2304 posse.
681 2269 727 2297 Dic
749 2270 830 2298 nobis
845 2270 920 2297 omni
942 2278 1054 2297 accura-

270 2313 369 2340 tione:
391 2313 532 2346 Quomodo
547 2315 635 2341 visum
653 2315 805 2350 accepisti?
831 2315 903 2348 Quid
923 2316 970 2343 tibi
991 2316 1054 2344 fecit

271 2358 354 2386 homo
370 2359 415 2386 ille
428 2367 507 2394 quem
523 2359 609 2388 dicis?
622 2359 692 2392 Tum
708 2360 753 2388 ille
766 2361 812 2396 qui
832 2362 920 2388 visum
943 2369 1052 2396 accepe-

271 2409 315 2432 rat
337 2405 371 2432 ad
396 2405 584 2433 Pharisaicum
610 2407 731 2434 tribunal
752 2408 912 2441 respondit:
936 2407 1054 2440 Quomo-

271 2451 307 2478 do
333 2451 422 2479 visum
438 2453 598 2487 receperim,
628 2460 736 2480 rursum
758 2454 867 2481 curiose
893 2453 1055 2488 inquiritis?

271 2496 376 2524 Rursus
391 2500 422 2523 ut
439 2505 515 2524 reum
531 2505 574 2524 me
586 2498 887 2530 examinatis,dicenles
898 2508 904 2526 :
914 2499 1054 2532 Quomodo

271 2542 359 2569 visum
376 2542 525 2577 recepisti?
537 2543 560 2570 si
582 2543 671 2570 dicam
686 2544 776 2577 vobis,
794 2545 892 2572 iterum
910 2545 1052 2572 tumultum

270 2587 437 2615 excitabitis.
464 2587 557 2614 Dicam
580 2588 657 2616 vobis
678 2590 814 2622 quomodo
841 2589 929 2617 visum
945 2597 1055 2624 recepe-

271 2633 332 2659 rim.
353 2632 469 2660 Causam
483 2634 592 2669 quidem
607 2635 758 2662 curationis
778 2635 878 2667 dicam,
903 2635 951 2663 sed
976 2639 1053 2670 pote-

271 2683 367 2706 statem
383 2679 479 2707 edendi
490 2681 618 2708 miracula
637 2681 728 2709 dicere
747 2689 870 2717 nequeo:
885 2691 894 2707 ι
907 2681 974 2714 Quis
982 2681 1053 2710 enim

306 2756 327 2771 '“
349 2755 420 2782 Psal.
438 2763 517 2788 xxvi,
537 2757 560 2783 l.
599 2757 622 2773 "
640 2756 718 2785 Joan.
737 2766 779 2789 ix,
799 2758 840 2785 ll.

382 2822 506 2860 Sic‘ﬁeg.
519 2824 564 2860 72.7
575 2825 644 2851 Editi
660 2834 734 2855 vero.
751 2825 927 2860 ψηφίζεσθαι.

307 2856 364 2891 {80)
381 2857 417 2884 lla
431 2856 496 2893 Reg:
515 2859 539 2891 1,
553 2859 579 2886 ‘2.
598 2860 665 2888 Editi
683 2856 763 2894 vero;
774 2856 929 2895 νιψάμενος,

1108 1640 1170 1672 τοὺς
1185 1640 1272 1673 γονεῖς
1286 1638 1492 1674 παρεστήσατε;
1508 1638 1603 1672 Μάτην
1619 1636 1786 1671 θορυὸεἰσθε·
1803 1635 1829 1661 οὑ
1839 1633 1872 1660 δύ·

1108 1684 1188 1711 νασοε
1202 1683 1302 1720 κρύψαι
1321 1683 1350 1710 τὸ
1367 1683 1472 1718 θαῦμαι
1485 1683 1535 1709 κᾶν
1556 1683 1609 1718 γὰρ
1633 1682 1691 1716 ἐγὼ
1704 1681 1834 1716 σιωπήσω,
1851 1678 1870 1704 οι

1107 1731 1239 1766 ὀφθαλμοί
1255 1739 1304 1765 μου
1321 1729 1428 1764 βοῶσιν.
1445 1728 1603 1763 ’Ἄνθρωπός
1619 1736 1660 1759 τις
1676 1728 1814 1762 λεγόμενος
1831 1725 1870 1758 ⁷1η-

1108 1776 1181 1808 σοῦς,
1198 1773 1228 1802 οὗ
1254 1776 1301 1802 καὶ
1321 1775 1352 1801 τὸ
1371 1775 1455 1809 ὄνομα
1481 1774 1563 1806 ῐασις,
1582 1773 1668 1808 πηλὸν
1686 1771 1809 1808 ὲπέχριοὲ
1829 1778 1869 1805 μου

1106 1823 1161 1853 τοῖς
1172 1821 1327 1856 ὀφθαλμοῖς,
1339 1820 1385 1847 καὶ
1399 1818 1459 1845 εἶπέ
1471 1827 1515 1854 μοι
1526 1828 1531 1833 ·
1551 1828 1559 1844 ι
1579 1819 1690 1852 ’Ύπαγε
1704 1818 1775 1852 νίψαι
1786 1818 1821 1847 εἰς
1831 1815 1870 1849 τὴν

1107 1865 1298 1902 κολυμϐήθραν
1321 1865 1367 1892 τοῦ
1381 1865 1501 1900 Σιλωάμ.
1540 1874 1550 1890 ι
1580 1864 1635 1890 Καὶ
1654 1863 1778 1890 ἀπελθὼν
1793 1861 1869 1895 ἐνιψά-

1109 1922 1163 1948 μην
1179 1912 1247 1947 (80)·
1264 1911 1419 1946 νιψάμενος,
1431 1911 1475 1937 τὸν
1492 1911 1539 1945 μὲν
1558 1909 1642 1945 πηλὸν
1652 1909 1800 1943 ἀπεθέμην,
1811 1907 1837 1932 τὸ
1847 1904 1869 1930 δὲ

1107 1958 1165 1992 φῶς
1183 1957 1326 1993 ἐδεξάμην.

1141 2047 1168 2072 8.
1180 2045 1271 2072 Ταῦτα
1281 2044 1346 2071 ἀκού
1351 2053 1444 2076 σαντες
1451 2045 1475 2070 ot
1483 2044 1640 2079 Φαρισαῖκοὶ
1648 2044 1749 2079 κριταὶ,
1758 2041 1799 2068 καὶ
1808 2038 1865 2072 πλή-

1107 2091 1168 2120 θους
1193 2091 1304 2125 ἀπείρου
1329 2089 1582 2125 συναθροιζομένου·
1608 2089 1740 2115 σάϐὖατον
1763 2086 1811 2121 γάρ
1831 2081 1867 2118 ἦν,

1106 2137 1150 2164 ὅτε
1161 2137 1192 2162 τὸ
1206 2136 1298 2171 θαῦμα
1315 2135 1394 2162 τοῦτο
1410 2135 1558 2169 πεποίηκεν
1575 2135 1589 2160 ὁ
1611 2135 1723 2169 Ἰησοῦς”
1739 2130 1866 2167 ἐπηρώτων

1107 2183 1187 2209 αὑτὸν
1205 2182 1240 2208 τὰ
1259 2181 1329 2208 αὐτὰ
1354 2182 1409 2212 τοῖς
1428 2180 1562 2211 Ἰουδαίοις
1576 2180 1708 2213 λέγοντες·
1733 2177 1814 2208 Οἶδας,
1827 2175 1866 2202 ἄν·

1107 2227 1209 2263 θρωπε.
1221 2227 1289 2262 ποίῳ
1301 2227 1375 2262 τόπῳ
1385 2226 1570 2261 παρέστηκας,
1583 2226 1629 2252 καὶ
1641 2225 1683 2251 ὅτι
1696 2223 1865 2258 ἀσυγχώρητον

1105 2273 1136 2299 τὸ
1147 2273 1232 2308 παρδν
1254 2273 1391 2308 κριτήριον
1407 2272 1544 2306 τυγχάνει,
1561 2271 1607 2297 καὶ
1627 2271 1665 2302 ὡς
1682 2271 1729 2297 οὐκ
1749 2269 1814 2295 ἐστιν
1832 2266 1865 2290 ἐν·

1105 2318 1193 2344 ταῦοα
1208 2318 1310 2353 πλάνην
1323 2318 1378 2353 (81)
1394 2317 1530 2344 διαλαθεῖν
1554 2325 1629 2343 ποτε.
1650 2317 1718 2350 Λέγε
1731 2316 1791 2350 ἡμῖν
1808 2308 1865 2347 μετὰ

1106 2363 1196 2397 πάσης
1209 2363 1358 2398 ἀκριϐείας·
1373 2362 1435 2394 Πῶς
1449 2361 1613 2396 ἀνέῧλεψας;
1637 2361 1669 2387 Τί
1696 2369 1734 2386 σοι
1757 2357 1863 2390 ἐποίησεν

1105 2409 1206 2440 ἐκεῖνος
1221 2409 1235 2434 ὸ
1249 2407 1399 2443 ἄνθρωπος,
1410 2408 1439 2434 ὃν
1447 2408 1535 2441 λέγεις
1545 2416 1552 2439 ;
1568 2407 1595 2433 '0
1606 2407 1644 2439 δὲ,
1657 2405 1799 2439 ἀναϐλέψας
1809 2400 1863 2436 πρὸς

1104 2455 1135 2480 τὸ
1148 2454 1311 2490 Φαρισαῖκὸν
1321 2454 1472 2490 κριτήριον,
1482 2453 1646 2488 ἀπεκρίνατο
1654 2461 1660 2465 ·
1670 2452 1729 2483 Πῶς
1738 2446 1862 2480 ἁνέὃλεψα,

1107 2500 1187 2526 πάλιν
1199 2499 1424 2536 περιεργάζεσοε;
1442 2499 1522 2526 πάλιν
1542 2498 1578 2530 ὡς
1590 2498 1730 2525 κατάδικον
1746 2493 1862 2521 εὐθύνετε,

1107 2545 1229 2580 λέγοντές
1242 2554 1298 2581 μοι’
1314 2546 1374 2578 Πῶς
1386 2545 1621 2579 ἀνέὁλεψας;Ἐὰν
1636 2545 1698 2579 ὑμῖν
1714 2542 1786 2572 εἴπω,
1798 2537 1864 2565 πάλιν

1107 2591 1274 2627 θορυϐεῖσθε.
1297 2593 1333 2618 Τὸ
1354 2592 1411 2624 πῶς
1435 2591 1579 2625 ἀνέϐλεψα,
1599 2590 1654 2624 ἐγὼ
1675 2590 1735 2624 ὑμῖν
1750 2586 1806 2622 ἐρῶ-
1819 2583 1864 2633 Τῂν

1108 2638 1157 2672 μὲν
1170 2638 1257 2664 αἰτίαν
1272 2637 1321 2672 τῆς
1339 2637 1475 2672 περιοδίας
1491 2637 1572 2670 λέγω,
1590 2637 1638 2671 τὴν
1652 2636 1679 2662 δὲ
1695 2632 1808 2666 ἐξουσίαν
1823 2634 1863 2676 της

1107 2682 1334 2718 Θαυματουργίας,
1352 2683 1400 2709 οὐκ
1413 2682 1466 2717 ἔχω
1483 2682 1580 2715 λέγειν·
1593 2691 1602 2706 ‹
1616 2681 1663 2712 Τίς
1677 2679 1727 2714 γὰρ
1739 2678 1802 2711 ἔγνω
1813 2678 1865 2700 *ουν

1141 2826 1198 2861 (8i)
1217 2825 1281 2862 Reg.
1296 2827 1322 2859 l,
1340 2827 1446 2854 πλάνον.
1465 2826 1528 2862 Reg.
1547 2827 1573 2859 εὶ,
1592 2826 1683 2862 πλάνῃ;
