1940 3067
102 148 172 175 1015

597 148 741 179 HOMILIA
762 149 796 176 IN
816 149 945 177 CECUM
967 150 989 176 Α
1009 149 1229 177 NATIV’lTATE.

1651 149 1720 178 10εὸ

100 205 204 241 Κυρίου
217 213 224 238 ;
237 204 255 240 ἢ
271 204 313 236 τίς
327 204 475 240 ξύμϐουλος
485 205 565 232 αὑτοῦ
579 205 686 240 ἐγένετο
698 213 704 238 ;
728 205 744 240 ἢ
757 205 798 237 τίς
819 214 885 241 προ-

941 207 1060 241 :ognovit
1090 215 1199 235 sensum
1224 206 1352 234 Domini?
1380 211 1426 234 aut
1458 207 1532 243 quis
1549 208 1721 236 consiliarius

101 252 202 279 ἑδωκεν
216 250 301 286 αὐτῷ,
329 252 374 277 καὶ
388 251 437 277 οὺκ
455 250 699 286 ἀνταποδοθήσεται
722 251 810 286 αὐτῷ;
829 261 838 277 ι
855 252 885 277 El

101 298 194 325 θέλετε
222 297 317 333 μαθεῖν
341 297 389 332 τὴν
416 297 562 332 περιοδίαν,
587 297 654 332 αὕτη
672 297 756 330 ἐστὶν,
779 297 812 332 ἢν
835 297 885 333 ἥδη

102 346 242 380 προεῖπον·
263 353 271 369 ι
293 344 381 378 Πηλὺν
395 343 518 379 ἐποίησε,
535 344 581 370 καὶ
601 344 728 379 ἐπέχρισέ
751 353 801 379 μου
824 345 886 376 τοὺς

101 389 273 424 ὀφθαλμούς·
287 390 334 416 καὶ
350 388 411 416 εἶπέ
429 398 473 425 μοι
483 398 489 404 ν
505 390 613 424 Ὕπαγε
630 390 703 424 νίψαι
722 391 762 421 εἰς
775 390 824 425 τὴν
839 398 885 416 κο-

101 435 264 471 λυμϐήθραν
283 435 330 461 τοῦ
353 436 471 470 Σιλωάμ.
492 436 622 471 Ἀπῆλθον
633 436 671 468 δὲ,
684 437 731 464 καὶ
742 436 885 472 ἐνιψάμην,

101 482 150 508 καὶ
166 481 265 513 εὐθέως
278 481 428 516 ἀνέϐλεψα·
444 492 453 507 ι
467 482 497 508 οὐ
512 482 558 509 τοῦ
571 482 664 514 ὕδατος
680 483 885 517 ἐνεργήσαντος,

101 528 170 555 ἀλλὰ
180 527 226 553 τοῦ
243 528 400 562 πτύσματος
414 528 710 564 παραδοξοποιήσαντος
719 528 784 564 (82).
797 528 887 555 Ταῦτα

101 574 268 606 ἀκούσαντες
293 575 317 600 οἱ
339 574 496 614 Φαρισαϊκοὶ
517 575 628 610 κριταὶ,
657 575 695 607 ὼς
716 573 786 601 εἶδον
806 575 886 601 αὐτὸν

103 620 144 646 Eri
161 620 324 655 ἐπιμένοντα
340 622 395 652 τοῖς
406 621 506 652 αὐτοῖς,
521 620 614 647 τοῦτον
624 620 812 656 ἀπωσάμενοι,
825 621 887 652 τοὺς

102 668 193 700 γονεῖς
208 667 254 692 τοῦ
271 667 470 701 ὰναῦλέψαντος
483 666 635 702 ἐφώνησαν,
648 668 695 694 καὶ
710 667 888 694 ἐπυνθάνοντο

102 713 170 747 παρ’
186 711 275 738 αὐτῶν
291 712 415 747 λέγοντες
425 721 431 727 ·
452 722 461 738 ι
479 713 580 740 Εἴπατε
591 714 674 747 ἡμῖν·
692 710 768 744 οἶιτός
782 713 855 738 ἐστιν
873 713 887 738 ὁ

103 757 167 787 Υἱὸς
181 757 269 792 ὑμῶν,
285 757 314 783 ὃν
330 757 447 792 λέγεται,
467 758 508 784 ὅτι
525 757 625 792 τυφλὸς
652 757 800 793 ἐγεννήθη;
825 757 887 788 Πῶς

101 799 151 828 οὖν
167 802 229 838 ἄρτι
244 802 354 837 plen-et;
377 812 387 828 ι
413 804 445 830 Οἱ
461 803 490 829 δὲ
506 804 592 837 γονεῖς
614 803 660 829 τοῦ
689 803 888 837 ἀναϐλέψαντος

103 848 350 884 ἀνταποκριθέντες
369 849 436 885 πρὸς
456 849 517 879 τοὺς
532 849 735 884 ἐπερωτῶντας,
757 847 833 875 εἷπον
853 848 888 875 τὰ

103 895 154 930 τῆς
169 895 305 931 μακαρίας
322 896 487 931 Σουσάννης·
498 895 581 922 Στενὰ
597 896 662 930 ἡμῖν
676 895 817 922 πάντοθεν.
827 895 888 921 Ἐὰν

103 940 227 976 εἴπωμεν
240 942 279 967 ὅτι
295 941 358 972 Υἱὸς
373 940 450 976 ἡμῶν
463 942 546 972 ἐστιν,
571 942 620 967 οὐκ
636 940 822 976 ἐκφευξόμεθα
840 940 889 972 τὰς

102 988 201 1023 χεῖρας
211 987 287 1023 ὑμῶν
295 996 301 1002 ·
314 987 393 1014 τοῦτο
404 987 458 1023 γὰρ
470 987 668 1022 ἐπηγγείλασθε
679 994 685 1001 ·
705 987 752 1013 ἐὰν
763 987 793 1013 δὲ
810 987 889 1013 εἴπω-

105 1041 167 1068 μεν,
183 1033 224 1059 ὅτι
235 1033 285 1059 οὐκ
302 1032 374 1059 ἐστιν
388 1033 444 1064 υίὸς
461 1033 550 1068 ἡμῶν,
564 1032 674 1059 αἰωνίαν
695 1032 803 1059 κόλασιν
824 1033 887 1058 ὑπο-

105 1078 262 1114 στησόμεθα
272 1088 278 1094 ·
302 1079 382 1106 τοῦτο
397 1079 451 1115 γὰρ
470 1079 611 1106 ἀπόκειται
627 1080 684 1110 tot;
697 1079 746 1115 τὴν
761 1077 888 1114 ἀλήθειαν

105 1125 268 1160 κρρπτουσι.
285 1125 340 1158 Διὸ,
356 1126 405 1161 τὴν
419 1125 530 1152 αἰωνίαν
548 1125 646 1160 μᾶλλον
673 1125 782 1151 κόλασιν
797 1133 889 1160 προτι-

105 1172 252 1206 μήσαντες,
261 1171 386 1198 τοσοῦτον
397 1171 522 1207 ἐροῦμεν,
533 1172 594 1198 ὅσον
607 1172 653 1198 καὶ
663 1172 691 1197 ὲν
706 1172 761 1202 τοῖς
775 1171 889 1207 παροῦσι

104 1216 208 1252 ζημίαν
229 1218 278 1252 οὐχ
296 1217 495 1252 ὑπομείνωμεν·
510 1227 519 1242 r
531 1214 614 1249 Οὗτος
629 1218 643 1244 ὁ
662 1219 735 1250 παῖς,
752 1215 773 1244 ὦ
793 1217 890 1253 ἄρχον-

103 1271 161 1294 τες,
176 1263 216 1288 ὅτι
237 1263 286 1297 μὲν
308 1262 365 1294 υἱὸς
384 1263 462 1298 ἡμῶν
476 1264 559 1294 ἐστιν,
577 1263 665 1298 ἴσμεν,
682 1264 728 1290 καὶ
741 1264 782 1289 ὅτι
792 1263 889 1298 τυφλὸς

104 1309 237 1345 ἐγεννήθη
247 1310 295 1336 οὐκ
312 1310 461 1344 ἀγνοοῦμεν
473 1318 479 1324 ·
497 1310 527 1336 τὸ
547 1310 575 1336 δὲ
588 1309 646 1342 πῶς
661 1310 820 1345 ἀνέϐλεψεν,
840 1311 889 1337 οὐκ

103 1355 215 1390 οἴδαμεν
227 1364 233 1371 ·
248 1356 264 1391 ἢ
279 1355 320 1387 τίς
333 1356 436 1390 ἤνοιξεν
449 1355 531 1382 αὑτοῦ
551 1356 615 1387 τοὺς
630 1356 796 1391 ὀφθαλμοὺς,
807 1357 889 1391 ἡμεῖς

103 1402 156 1428 οὐκ
168 1401 286 1436 οἴδαμεν.
305 1401 427 1428 Ἡλικίαν
440 1401 505 1437 ἔχει,
523 1402 603 1429 αὑτὸν
624 1403 789 1438 ἐρωτήσατε,
810 1403 889 1434 αὐτὸς

97 1447 218 1483 -λαλήσει
231 1449 293 1483 περὶ
310 1447 417 1475 ἑαυτοῦ.
440 1457 449 1473 ι

140 1494 167 1521 9.
180 1494 272 1520 Ταῦτα
283 1494 449 1526 ἀκούσαντες
459 1495 482 1521 οἱ
496 1495 645 1530 Φαρισαῖοι,
661 1494 706 1521 καὶ
721 1494 822 1530 σφόδρα
834 1494 889 1520 δια-

936 252 996 287 ejus
1015 253 1083 279 fuit?
1097 257 1144 279 aut
1156 252 1216 287 quis
1231 253 1305 287 prior
1320 252 1394 280 dedit
1411 251 1448 279 illi
1468 257 1499 280 οι·
1515 260 1575 280 non.
1587 253 1721 281 retribue-

937 302 982 324 tur
996 298 1021 325 ei
1039 298 1081 325 7’?
1106 308 1114 324 ι
1145 297 1173 325 Si
1191 298 1296 326 discere
1315 298 1397 326 vultis
1408 298 1555 325 curationis
1570 298 1678 329 seriem,
1688 305 1721 326 ea

936 347 978 371 est
990 351 1071 379 quam
1087 344 1167 371 modo
1181 343 1238 371 dixi
1254 354 1260 371 :
1281 352 1291 369 ι
1307 343 1406 370 Lutum
1425 344 1498 375 fecit,
1515 348 1548 370 ρι’
1564 344 1642 370 unxit
1655 351 1722 371 oeu-

936 389 977 416 los
1001 397 1092 422 meos;
1110 393 1137 416 et
1155 389 1223 416 dixit
1242 389 1308 416 mihi
1323 399 1330 416 ;
1348 389 1422 416 Vade
1440 390 1473 417 ad
1491 390 1572 425 370
1586 389 1721 416 natatoria

938 434 1018 461 Siloa:
1043 439 1070 462 et
1092 435 1151 461 lava
1173 444 1178 461 :
1202 435 1256 461 abii
1279 438 1368 462 autem
1394 440 1420 462 et
1448 435 1511 467 lavi,
1538 440 1566 462 et
1591 436 1721 463 continuo

936 481 1024 508 visum
1036 481 1124 516 recepi
1135 480 1169 513 ⁷³,
1184 491 1193 506 ι
1206 489 1259 508 non
1273 488 1350 516 aqua:
1368 481 1405 513 vi,
1422 482 1468 509 sed
1485 482 1557 516 sputi
1577 481 1720 510 miraculo.

938 525 1001 553 Haec
1016 534 1077 553 cum
1092 525 1232 554 audissem
1248 525 1397 553 Pharisaici
1411 526 1528 561 judices,
1549 531 1579 554 ut
1596 527 1722 555 viderunt

936 579 998 598 eum
1022 571 1110 598 adhuc
1132 572 1159 598 in
1181 571 1262 599 dictis
1287 572 1345 599 suis
1363 577 1591 607 perseverantem,
1617 573 1723 608 abjecto

937 617 994 651 illo,
1015 622 1142 653 parentes
1160 618 1221 653 ejus
1236 618 1280 646 cui
1300 618 1377 646 visus
1393 618 1515 646 redditus
1531 618 1619 646 fuerat
1637 619 1723 646 advo-

936 667 1044 696 carunt,
1072 667 1098 691 et
1120 665 1351 699 percontabantur
1369 672 1402 692 ex
1424 664 1479 693 iis:
1495 664 1597 693 «Dicite
1621 667 1722 694 nobis:

936 711 1042 738 hiccine
1060 711 1133 739 [ilius
1150 716 1238 739 vester
1255 714 1306 744 est,
1323 719 1402 746 quem
1417 719 1465 739 vos
1480 711 1581 745 dicitis,
1597 713 1661 748 quia
1676 720 1726 740 cas-

937 766 986 786 eus
995 762 1088 785 natus
1100 759 1162 786 est?
1178 758 1319 792 Quomodo
1332 767 1398 795 ergo
1412 767 1485 786 nunc
1499 760 1624 788 videt"?
1643 770 1654 786 ι
1673 760 1724 788 Pa-

937 809 1028 831 rentes
1041 812 1123 839 porro
1136 803 1195 839 ejus
1209 805 1255 840 qui
1276 805 1364 832 visum
1384 809 1534 840 receperat,
1558 806 1725 834 sciscitanti-

938 851 990 879 bus
1003 850 1208 885 respondentes,
1220 851 1309 878 verbis
1323 851 1364 878 usi
1378 856 1440 879 sunt
1450 852 1535 880 beata:
1547 851 1679 881 Susanna:
1686 853 1723 880 ":

905 885 925 913 Β
941 897 1079 931 Angustias
1093 896 1173 923 nobis
1189 896 1325 931 undique;
1345 897 1369 924 si
1387 897 1537 926 dixerimus
1554 908 1561 926 :
1579 898 1649 926 ﬁlius
1676 906 1726 928 no—

941 947 996 971 ster
1009 946 1059 974 est,
1069 950 1123 969 non
1138 941 1295 977 eﬂ‘ugiemus
1310 950 1406 970 manus
1421 947 1539 971 vestras:
1549 943 1574 970 id
1585 944 1641 978 iam
1652 945 1726 972 enim

940 988 1095 1016 comminati
1111 987 1196 1020 estis;
1215 988 1263 1015 sin»
1275 987 1435 1021 dixerimus,
1450 996 1504 1016 non
1527 994 1569 1016 est
1584 990 1655 1017 ﬁlius
1676 986 1726 1017 noL

940 1039 1005 1066 ster,
1015 1042 1121 1069 pinnam
1136 1034 1242 1062 luemus
1256 1038 1396 1066 aeternam,
1405 1042 1466 1069 qua:
1479 1035 1619 1062 veritatem
1634 1037 1726 1063 occul-

939 1080 1062 1107 tantibus
1076 1079 1196 1115 reposita
1211 1083 1263 1107 est.
1279 1079 1368 1112 Quare
1382 1087 1490 1114 pmnam
1515 1088 1576 1107 cum
1592 1085 1726 1115 praeopte-

939 1133 1000 1152 mus
1015 1128 1153 1158 aeternam,
1170 1129 1273 1152 tantum
1287 1125 1521 1160 respondebimus,
1538 1129 1666 1160 quantum
1681 1133 1726 1153 sa-

941 1171 977 1198 tis
1003 1171 1053 1198 erit
1083 1175 1114 1198 ut
1144 1171 1387 1205 impraesentiarum
1417 1178 1523 1205 pinnam
1540 1171 1723 1206 eil‘ugiamus:

943 1226 952 1242 (
974 1217 1092 1249 Scimus,
1124 1224 1140 1243 ο
1166 1215 1321 1251 principes.
1350 1216 1414 1251 quia
1446 1217 1489 1244 hic
1513 1221 1555 1244 est
1584 1217 1655 1245 ﬁlius
1677 1226 1727 1245 no-

941 1267 1007 1295 ster,
1022 1266 1049 1290 et
1062 1263 1125 1298 quia
1137 1270 1226 1290 cmcus
1246 1267 1325 1290 natus
1337 1267 1378 1291 est
1393 1271 1446 1291 non
1462 1263 1636 1298 ignoramus;
1660 1271 1728 1298 quo-

939 1309 1019 1337 modo
1035 1314 1123 1336 autem
1143 1317 1216 1337 nunc
1232 1309 1329 1341 videat,
1353 1310 1491 1337 nescimus
1508 1319 1514 1337 :
1533 1315 1579 1337 aut
1593 1310 1654 1345 quis
1668 1310 1729 1344 ejus

940 1356 1044 1390 aperuit
1066 1355 1170 1388 oculos,
1195 1362 1244 1382 nos
1259 1355 1406 1382 nescimus.
1435 1357 1526 1391 Ipsum
1550 1356 1728 1392 interrogate,

939 1405 1044 1429 aetatem
1060 1401 1151 1434 habet,
1170 1401 1227 1436 ipse
1238 1400 1271 1428 de
1286 1408 1315 1428 se
1330 1401 1454 1436 loquetur
1466 1401 1515 1428 ⁷⁷.»

976 1491 1001 1517 9.
1023 1489 1071 1518 llis
1090 1490 1219 1518 Pharisazi
1234 1491 1343 1524 auditis,
1361 1499 1392 1519 ac
1408 1492 1520 1519 multum
1541 1492 1633 1519 anxii:
1656 1492 1726 1519 haud

105 1539 284 1574 πυρούμενοι·
308 1539 444 1575 ἐπέφερεν
460 1540 514 1576 γὰρ
525 1540 624 1572 ἀὐτοῖς
638 1540 668 1566 οὺ
689 1540 739 1575 τὴν
756 1540 889 1575 τυχοῦσαν

941 1536 1076 1563 modicum
1102 1536 1173 1563 enim
1198 1537 1253 1564 illis
1275 1538 1404 1572 pudorem
1423 1538 1560 1569 attulerat,
1590 1537 1661 1572 quod
1685 1538 1728 1565 vel

104 1585 235 1621 αἰσχύνην
245 1585 276 1612 τὸ
293 1585 361 1617 ὅλως
373 1585 571 1621 ὁμολογεῖσθαι,
585 1587 624 1612 ὃτι
640 1586 696 1617 uik
719 1585 807 1611 αὐτῶν
821 1586 889 1618 ἐστι,

106 1633 154 1658 καὶ
170 1632 210 1658 ὅτι
222 1632 321 1667 τυφλὸς
334 1631 465 1667 ἐγεννήθη
475 1640 482 1646 ”
499 1632 538 1663 ὠς
551 1629 597 1658 οὖν
613 1630 682 1658 εἶδον
692 1631 717 1657 οἱ
731 1632 890 1665 Φαρισαῖκοὶ

106 1678 199 1714 κριταὶ
217 1678 392 1713 ἐπιμένοντας
405 1677 469 1708 τοὺς
490 1678 577 1711 γονεῖς
594 1676 641 1703 τοῦ
662 1675 773 1711 τυφλοῦ,
787 1676 832 1702 καὶ
848 1675 891 1701 λέ-

105 1731 215 1758 γοντας,
231 1723 272 1750 ὅτι
292 1720 376 1755 Οὗτος
389 1725 403 1749 ὁ
417 1723 473 1754 υἱὸς
486 1722 565 1758 ἡμῶν
586 1723 654 1754 ἐστι,
675 1723 721 1749 καὶ
735 1722 776 1748 ὅτι
792 1721 891 1755 τυφλὸς

106 1769 249 1804 ἐγεννήθη,
267 1769 315 1795 ἐπὶ
329 1769 415 1804 τούτῳ
429 1768 598 1803 δακνόμενοι,
619 1768 712 1803 ἐπειδὴ
727 1767 892 1803 ὡμολογεῖτο

105 1816 124 1850 ἡ
144 1815 269 1851 ἀλήθεια,
289 1814 365 1846 τινὰς
385 1814 438 1841 τῶν
460 1815 624 1841 ἀπατεώνων
646 1815 679 1840 ἐκ
701 1813 755 1840 τῶν
780 1813 891 1840 ὄπισθεν

105 1861 268 1888 ἀπέστειλαν
285 1860 353 1895 πρὸς
364 1861 427 1892 τοὺς
441 1862 529 1894 γονεῖς
543 1860 589 1887 τοῦ
603 1859 714 1895 τυφλοῦ,
730 1860 893 1896 περιηχοῦν-

105 1916 156 1940 ea;
173 1906 261 1933 αὐτῶν
275 1906 325 1938 τὰς
340 1907 435 1938 ἀκοὰς,
448 1908 495 1933 καὶ
510 1908 538 1933 ἐν
562 1906 602 1941 τῷ
617 1906 731 1942 κρυπτῷ
745 1906 872 1941 λέγοντας
884 1917 891 1924 ·

113 1953 278 1989 ’Δρνήσασθε
301 1953 331 1979 τὸ
351 1953 445 1979 τέκνον
466 1952 553 1988 ὑμῶν,
575 1953 622 1979 καὶ
643 1953 680 1990 μὴ
695 1954 891 1990 ὁμολογήσητε,

108 2000 148 2026 ὃτι
161 1999 259 2034 τυφλὺς
273 1999 415 2034 ἐγεννήθη,
431 2000 504 2031 ὅπως
516 1998 598 2036 ἓεητε
616 2001 679 2032 τοὺς
696 2001 828 2036 ἄρχοντας
850 2001 894 2035 ei.-

107 2051 180 2077 λους,
193 2046 239 2072 καὶ
252 2045 357 2071 πολλῶν
376 2045 484 2081 δωρεῶν
503 2045 699 2081 ἁξιωθήσεσθε.
720 2047 750 2073 Οἱ
764 2047 793 2073 δέ
807 2048 894 2081 γονεῖς

107 2092 156 2120 τοῦ
170 2091 379 2126 ἀναὸλὲψαντος,
392 2092 442 2118 ὃσα
456 2101 486 2119 τε
500 2094 598 2126 γονεῖς,
609 2092 770 2127 δακρύοντες
782 2092 894 2128 ἀπεκρί-

109 2147 188 2165 ναντο
202 2138 268 2173 πρὸς
281 2138 344 2169 τοὺς
362 2137 398 2165 τὰ
415 2139 517 2169 μάταια
532 2138 765 2174 συμδουλεύοντας
777 2149 784 2155 υ
801 2139 834 2165 Tt
851 2139 893 2165 λέ-

109 2192 182 2218 γετε,
197 2180 219 2209 ὦ
235 2182 387 2219 ἄνθρωποι;
399 2184 431 2210 Τί
443 2184 517 2218 ἡμᾶς
530 2183 697 2219 ὑποσύρετε;
713 2183 892 2219 ἀρνησώμεθα

941 1581 1061 1609 confessi
1076 1587 1178 1614 essent,
1195 1583 1284 1617 ipsum
1301 1583 1384 1610 ﬁlium
1399 1591 1460 1610 esse
1476 1591 1566 1615 suum,
1583 1587 1663 1617 atque
1678 1591 1728 1610 ca:-

941 1635 1002 1655 cum
1023 1631 1116 1654 natum
1131 1627 1215 1656 fuisse
1229 1638 1235 1656 :
1256 1636 1316 1656 cum
1329 1628 1453 1656 viderent
1471 1628 1562 1663 itaque
1577 1628 1728 1656 Pharisaici

938 1673 1045 1708 judices
1062 1681 1235 1708 perseverare
1248 1675 1311 1702 croci
1328 1679 1463 1709 parentes,
1479 1682 1509 1701 ac
1525 1675 1625 1708 dicere,
1642 1675 1727 1702 Filius

941 1723 1035 1746 noster
1060 1723 1111 1752 est,
1140 1727 1171 1746 ae
1201 1727 1289 1747 eiecus
1313 1724 1393 1747 natus
1408 1729 1414 1747 :
1429 1727 1462 1747 eo
1482 1720 1640 1748 diseruciati
1655 1720 1728 1755 quod

941 1764 1042 1793 veritas
1059 1765 1086 1792 in
1100 1765 1227 1793 confesso
1234 1770 1316 1798 esset,
1329 1766 1490 1800 impostores
1498 1765 1632 1800 quosdam
1643 1766 1729 1793 clien-

942 1815 984 1839 tes
1006 1818 1071 1839 suos
1089 1811 1222 1838 miserunt
1244 1810 1291 1840 ad:
1306 1814 1432 1845 parentes
1452 1810 1536 1842 czeci,
1569 1811 1616 1845 qui
1632 1818 1728 1838 eorum

944 1857 1058 1885 auribus
1078 1857 1293 1888 insusurrat-ent,
1321 1861 1401 1892 atque
1422 1857 1490 1883 clam
1508 1856 1651 1884 dicerent:
1674 1857 1731 1884 Ab»

943 1907 1040 1939 negate
1066 1903 1150 1930 ﬁlium
1166 1907 1297 1935 vestrum,
1313 1910 1363 1930 nec
1385 1902 1521 1930 fateamini
1543 1910 1644 1930 czecum
1668 1910 1730 1931 esse

944 1954 1050 1981 nalum,
1067 1949 1187 1976 ut-vobis
1205 1948 1342 1983 principes
1363 1948 1418 1975 sint
1438 1948 1536 1981 amici;
1555 1953 1636 1984 atque
1657 1949 1730 1976 mul-

944 1996 980 2023 tis
1002 1995 1141 2022 donemini
1156 1995 1327 2022 muneribus.
1352 1993 1483 2022 Parentes
1495 1999 1584 2022 autem
1600 1995 1659 2029 ejus
1682 1995 1729 2030 qui

943 2041 1032 2071 visum
1052 2044 1202 2076 receperat,
1223 2045 1318 2076 utpote
1344 2045 1481 2075 parentes,
1513 2048 1574 2067 eum
1602 2041 1732 2076 lacrymis

944 2087 1146 2123 responderunt
1160 2088 1242 2115 vanis
1266 2087 1320 2115 illis
1345 2087 1566 2115 consiliatoribus
1580 2097 1586 2114 :
1603 2086 1728 2119 Quid'di-

943 2135 1015 2165 citis.
1035 2142 1051 2161 ο
1068 2133 1295 2167 homines?Quid
1316 2141 1366 2160 nos
1386 2133 1562 2161 subornatis?
1575 2132 1730 2167 proprium-

944 2187 978 2207 ne
994 2179 1077 2207 lilium
1093 2179 1309 2214 abnegabimus?
1335 2177 1411 2206 Feris
1424 2186 1473 2205 nos
1488 2177 1653 2205 crudeliores
1668 2185 1730 2206 esse

111 2229 139 2256 rb
153 2229 218 2255 ἴδιον
234 2229 312 2264 ήμῶν
329 2229 437 2262 τέκνον;
458 2229 565 2264 Θηρίων
581 2230 659 2265 ἡμᾶς
675 2229 830 2264 diuerti-Epeo;
848 2229 889 2255 θέ-

946 2226 1039 2253 vultis.
1069 2225 1157 2252 Draco
1172 2225 1274 2260 prolem
1297 2231 1374 2251 suam
1396 2223 1594 2258 complectitur,
1625 2231 1730 2258 nosque

108 2279 169 2302 λετε
181 2273 260 2302 εἶναι.
277 2275 390 2311 Δράκων
404 2275 438 2303 τὰ
452 2275 504 2302 ἴδια
515 2276 595 2302 τέκνα
610 2275 835 2311 περιπτύσσεται,
848 2276 894 2302 καὶ

109 2322 189 2356 ἡμεῖς
209 2321 239 2347 τὸ
259 2321 323 2348 ἴδιον
343 2321 436 2349 τέκνον
461 2321 662 2356 ἀρνησὼμεθα;
683 2321 719 2356 μὴ
745 2322 799 2357 γὰρ
815 2322 894 2355 ἠπει-

109 2365 176 2401 θησε
199 2367 253 2397 τοῖς
268 2365 374 2400 γονεῦσὶ
386 2374 460 2393 ποτεε
477 2365 543 2393 ἀλλὰ
563 2366 610 2393 καὶ
625 2366 725 2400 τυφλὸς
741 2365 778 2392 ὢν
792 2366 894 2401 Str-51p:-

107 2421 158 2447 φεν
170 2413 253 2447 ἡμᾶς,
265 2413 312 2439 καὶ
328 2411 481 2446 ἀναϐλέψας
493 2410 582 2446 πολλῷ
598 2411 695 2446 μᾶλλον
707 2412 892 2447 γηροκομήσει

109 2458 193 2494 ἡμᾶς.
219 2457 366 2492 Ἀρκείσοω
381 2455 426 2484 οὖν
440 2457 520 2492 ὑμῖνο
539 2457 617 2489 ἔστω,
631 2457 671 2484 ὃτι
688 2457 718 2484 οὐ
735 2457 846 2492 θέλομεν
860 2457 893 2483 δι’

109 2507 182 2543 ὑμᾶς
198 2505 341 2542 κηρύττειν
364 2505 408 2532 τὸν
426 2505 636 2541 περιοδεύσαντα
657 2505 688 2530 τὸ
703 2504 836 2539 ἡμέτερον
850 2502 894 2529 τέ-

109 2560 182 2583 κνον,
198 2551 259 2580 οὔτε
273 2552 358 2578 εἰπεῖν
380 2551 447 2586 μετὰ
463 2550 628 2586 παρρησίας,
649 2549 690 2580 τίς
711 2550 785 2575 ἐστιν
805 2546 892 2579 οὗτος.

110 2599 188 2624 Ἐστι
207 2598 235 2626 δὲ
245 2599 338 2623 ,εἰπεῖν
353 2606 413 2623 τινα
421 2597 529 2628 πάντως
538 2605 544 2611 ·
560 2597 613 2622 Καὶ
629 2595 709 2622 πόθεν
719 2596 784 2630 ἡμῖν
795 2595 810 2629 ἠ
825 2594 895 2628 γνῶ-ι

110 2652 161 2674 εις,
177 2644 224 2670 ὃτι-ι
232 2642 275 2671 διὰ
290 2643 334 2669 τὸν
347 2642 509 2678 Φαρισαϊκὸν
529 2641 610 2676 φόϐον
628 2640 748 2676 ἔκρυψαν
764 2640 787 2666 oi
804 2641 894 2673 γονεῖς

112 2689 159 2718 τοῦ,
170 2688 371 2723 ἀναϐλέψαντος
391 2687 421 2714 τὸ
437 2687 552 2723 κηρύξαι
566 2687 610 2714 τὸν
625 2687 763 2722 Δεσπότην
775 2686 892 2724 Χριστὸν

945 2273 1084 2308 proprium
1100 2272 1259 2307 negabimus
1283 2270 1386 2311 ﬁlium?
1412 2269 1553 2304 Nunquam
1572 2269 1729 2304 parentibus

943 2316 1136 2351 immorigerus
1149 2315 1201 2342 .l'uit
1214 2323 1221 2348 ;
1237 2315 1284 2342 sed
1309 2321 1399 2341 aecus
1418 2321 1479 2341 cum
1494 2317 1567 2341 esset
1581 2321 1631 2341 nos
1646 2313 1727 2346 aluit;

943 2365 1087 2396 postquam
1120 2361 1209 2388 visum
1250 2359 1368 2394 recepit.
1407 2359 1498 2392 ,multo
1530 2360 1615 2395 magis
1650 2367 1729 2387 sene-

944 2411 1045 2434 ctutem
1062 2406 1162 2434 fovebit
1176 2411 1307 2434 nostram.
1319 2405 1390 2433 Satis
1403 2405 1493 2441 itaque
1509 2405 1545 2433 sit
1560 2405 1728 2440 vobis,quod

943 2457 1063 2480 vestrum
1089 2453 1175 2488 gratia
1203 2453 1321 2480 nolimus
1334 2460 1395 2480 eum
1418 2452 1564 2486 prmdicare
1578 2452 1623 2487 qui
1645 2451 1728 2478 ﬁlium

946 2503 1071 2526 nostrum
1089 2499 1205 2528 curavit.
1228 2505 1316 2532 neque
1332 2505 1393 2524 cum
1414 2497 1511 2524 ﬁducia
1526 2497 1627 2529 dicere,
1652 2496 1729 2531 quis-

944 2553 1006 2573 nam
1026 2546 1071 2573 ille
1084 2545 1128 2573 sit.
1147 2545 1204 2572 Erit
1219 2544 1333 2572 fortasse
1347 2543 1480 2579 quispiam
1495 2542 1540 2578 qui
1555 2542 1627 2570 dicat
1647 2552 1653 2569 :
1671 2541 1730 2569 Un—

946 2592 979 2619 de
1001 2592 1080 2619 nobis
1093 2591 1178 2625 liquet
1191 2611 1198 2623 ,
1217 2597 1288 2617 metu
1303 2590 1500 2616 Pliarisworum
1519 2591 1645 2623 parentes
1668 2587 1728 2621 ejus

945 2639 991 2674 qui
1003 2639 1091 2666 visum
1104 2644 1252 2673 receperat,
1265 2645 1319 2664 non
1334 2644 1417 2664 ausos
1431 2635 1515 2663 fuisse
1531 2641 1623 2661 coram
1639 2633 1728 2660 omni-

945 2685 996 2712 bus
1011 2684 1155 2711 Dominum
1166 2684 1304 2711 Christum
1320 2681 1484 2717 praedicare?
1500 2679 1576 2707 Unde
1591 2679 1643 2706 hoc
1658 2685 1734 2706 con»

144 2780 168 2795 "
189 2779 268 2806 Rom.
284 2787 321 2812 ιι,
340 2779 393 2811 δι,
410 2778 454 2806 55.
493 2777 515 2794 ⁷⁸
533 2777 618 2806 ,Ιοοιιν
631 2783 676 2809 ιι..
690 2777 733 2805 il.-
772 2775 878 2803 "-ibid.

979 2775 1002 2790 ⁷⁵
1023 2773 1088 2801 Dan.
1107 2781 1172 2807 xui,
1190 2772 1233 2800 22.
1273 2773 1293 2788 ⁷⁷
1314 2771 1392 2799 Joa-n.
1412 2779 1452 2803 ix,
1470 2770 1522 2801 Si),
1542 2768 1587 2796 ει.

147 2856 204 2892 (82)
223 2856 286 2892 Reg.
303 2856 330 2890 2,
348 2855 503 2892 παραδόξοις
524 2856 698 2890 ποιήταντοςιι
