1940 3067
123 156 194 184 1017

618 152 763 180 HOMlLlA
783 152 816 179 IN
836 151 968 180 εΑςουΜ
986 151 1009 178 Α
1028 150 1248 179 ΝΑΤινιτΑτε.

1675 149 1744 177 1018

125 212 179 241 ποῦ
190 214 240 249 τὴν
256 213 376 248 κεφαλὴν
387 213 475 240 κλῖναι
485 221 493 246 ς
504 212 623 244 Κείσθω,
637 213 677 239 ὅτι
691 212 854 247 ἀνέϐλεψα·
868 211 907 243 sm

964 211 1009 238 bic
1023 218 1038 238 a
1056 210 1121 238 Deo.
1138 210 1168 238 Si
1182 214 1256 238 esset
1268 217 1283 236 a
1296 210 1361 242 Deo,
1375 214 1433 240 gon
1448 209 1565 237 solveret
1580 208 1743 236 Ssbbatum:

123 259 192 286 Θεὸν
218 259 371 294 ὑμνολάγει.
398 259 424 285 ft
446 258 533 294 τούτῳ
554 258 740 294 εὑχαριπεῑς;
762 259 818 285 οὐκ
836 259 910 290 ἐςτιν

123 304 203 338 οὗτος
212 307 244 333 ὲκ
254 305 301 333 τοῦ
313 305 379 332 Θεοῦ
389 313 398 321 α
409 306 434 332 el
445 302 478 340 ἦν
492 305 524 331 ὲκ
539 304 586 331 τοῦ
602 304 679 335 Θεοῦ,
694 305 742 331 οὐκ
754 304 786 330 ἂν
797 305 871 331 ἔλυεν
880 305 909 333 τὸ

125 352 270 378 σάϐδατον.
288 361 299 378 ι
317 350 366 380 Δὸς
384 350 461 383 δόξαν
478 350 517 386 τῷ
531 349 604 385 Θεῷ·
624 351 704 386 ἡμεῖς
721 350 776 386 γὰρ
789 350 908 385 οἴδαμεν,

123 397 168 425 ὅτι
178 399 192 424 ὀ
207 397 348 434 ἄνθρωπος
364 395 438 428 οὗτος
455 396 616 432 ἁμαρτωλός
633 398 716 423 ἐστιν.
741 406 751 423 ›

162 444 205 471 Η.
229 444 258 470 ’0
273 444 301 470 δὲ
317 444 478 479 ἀναϐλέψας,
494 444 613 475 ἀκούσας
625 444 666 470 ὃτι
690 443 850 479 ἁμαρτωλὸν
864 443 909 470 τὸν

123 489 227 525 Κύριον
246 490 363 524 λέγουσι,
387 490 435 526 τὴν
458 491 546 525 ψυχὴν
571 489 755 524 εἰλιγγιὰσας,
782 489 829 516 καὶ
861 489 909 521 τὰς

123 534 210 566 ἀκοὰς
226 535 354 570 ἐπισχὼν,
365 535 590 572 ἀνταποκρίνεται
605 535 672 570 πρὸς
679 536 740 566 τοὺς
747 534 909 570 Φαρισαίους

122 580 225 614 λέγων’
248 581 279 606 Τί
297 581 405 615 λέγετε;
425 581 600 616 ’Ᾱμαρτωλός
623 582 714 612 ἐστιν,
731 581 745 607 ὁ
765 580 818 607 τῶν
835 579 909 615 ἐμῶν

121 625 271 660 ὀφθαλμῶν
294 625 463 660 ιρωτοδότηςς
480 626 513 652 Τί
538 627 570 661 τῇ
592 625 689 661 πικρία
706 625 766 660 μέλι
793 633 909 660 προσμι-

123 672 238 706 γνύετε;
265 672 308 698 Ἑν
328 672 418 707 ταὺτῴ
436 681 468 707 με
482 672 529 698 καὶ
546 671 666 703 δοξάζειν
682 671 729 697 καὶ
741 670 909 706 βλασφημεῖν

122 717 340 753 παρακελεύετε.
359 717 394 743 Τὸ
413 717 462 752 μὲν
476 716 586 751 δοξάσαι
604 717 649 743 τὸν
668 717 744 747 Θεὸν,
769 716 857 746 καλὸν,
879 716 910 742 τὸ

121 762 151 789 δὲ
168 762 329 798 ἁμαρτωλὸν
352 763 448 794 εἰπεῖν,
474 761 668 798 ὲᾳκοτισμὲνης
692 761 810 792 διανοίας
835 762 909 788 ἐστὶν

123 809 301 844 ἐπιχείρημα.
319 809 350 835 Εἰ
364 808 523 844 ἁμαρτωλός
540 810 624 840 ἐστιν,
642 807 746 840 δείξατέ
765 816 809 842 μοι
820 808 910 843 ἁμαρ-

121 855 185 886 τιας
199 855 316 889 ἔμφασιν
333 855 361 881 ὲν
378 855 464 890 αὐτῷ,
486 855 533 881 καὶ
548 854 683 889 πείθωμαι
699 855 732 889 τῇ
754 854 914 889 διδασκαλίᾳ

963 265 973 282 ι
999 255 1036 282 Da
1051 255 1164 290 gloriam
1180 254 1245 287 Deo,
1265 262 1315 282 nos
1326 254 1429 282 scimus
1450 255 1513 290 quia
1528 253 1572 281 bic
1587 254 1669 281 homo
1681 261 1744 289 pec-

958 305 1035 339 cﬂor
1046 305 1090 330 est
1105 302 1137 329 “.
1153 309 1164 327 ι

995 435 1038 462 Η.
1068 434 1119 468 Qui
1143 438 1233 462 autem
1257 434 1346 462 visum
1374 438 1523 470 receperat.
1540 434 1662 462 ‘audiens
1682 435 1743 463 illus

962 481 1109 508 Dominum
1125 481 1217 508 dicere
1237 482 1532 516 peccatoremnanimo
1555 485 1675 508 zestuans
1701 484 1744 508 at-

959 535 1012 562 que
1038 535 1119 554 aures
1136 527 1279 557 obturans.
1304 526 1337 552 ad
1363 526 1511 554 l'hariszcos
1539 527 1684 561 respondet
1707 527 1745 554 di-

959 581 1043 601 cens:
1061 573 1130 606 Quid
1152 573 1262 600 dicitis?
1286 572 1355 599 Num
1379 578 1506 607 peccator
1529 578 1571 600 est
1599 573 1645 607 qui
1674 573 1742 601 meis

961 619 1050 647 oculis
1072 620 1158 646 lucem
1180 618 1348 654 impertivit?
1362 619 1417 646 (Συπ-
1432 618 1571 645 acerbitati
1589 619 1642 645 mcl
1656 619 1743 646 admi-

959 665 1064 693 scetis?
1084 665 1183 692 Eodem
1210 671 1347 692 momento
1374 672 1416 692 me
1440 668 1467 691 et
1491 665 1604 700 gloriam
1627 665 1693 692 dare
1715 668 1743 693 et

961 712 1154 747 blasphemare
1170 712 1281 746 jubetis.
1303 711 1358 738 Deo
1374 711 1487 746 gloriam
1509 711 1584 742 dare.
1603 712 1717 745 probum
1733 719 1742 745 ;

959 762 1128 793 peccatorem
1144 762 1233 785 autem
1249 757 1340 785 dicere
1351 757 1437 789 illum,
1453 757 1636 784 obteuebraw
1647 757 1744 784 anima

960 804 1065 831 facinus
1090 804 1155 830 illud
1184 808 1235 830 est.
1265 803 1292 830 Si
1318 808 1455 837 peccator,
1478 802 1543 829 mihi
1571 807 1742 837 peccatorum

962 850 1038 885 signa
1054 849 1081 876 in
1097 857 1130 876 eo
1146 852 1370 880 commonstrate,
1402 852 1483 883 alque
1502 848 1633 875 doctrinm
1647 851 1745 876 vestra

122 900 211 936 ὑμῶν·
227 901 244 936 ἢ
254 901 330 936 ὑμεῖς
344 901 461 935 ἔμφασιν
480 902 508 927 ὲν
525 900 599 936 αὑτῷ
614 900 750 935 ἁμαρτίας
768 900 880 932 δείξατε.
894 900 907 935 ἦ

962 895 1082 922 credam.
1101 895 1156 921 Aut
1179 899 1349 928 peccatorum
1364 895 1440 928 signa
1457 893 1519 920 date
1539 903 1546 920 :
1566 897 1613 920 aut
1637 893 1744 920 divino.

121 944 179 979 ἑγὼ
193 944 267 976 θείας
282 945 310 970 ὲν
321 944 394 978 αὐτῷ
406 944 625 980 θαυματουργίας
639 944 770 979 ὑπάρχειν
781 943 907 978 ἐχέγγυα.

122 990 327 1025 Καταλιμπανω
351 990 384 1016 τὰ
406 991 466 1017 κατ’
481 989 616 1024 ἐμαυτὸν,
632 989 678 1015 καὶ
695 989 786 1015 λοιπὸν
806 990 837 1014 ὲκ
855 987 910 1015 τῶν

121 1034 210 1063 ἄλλων
224 1034 353 1070 ποιοῦμαι
365 1035 414 1070 τὴν
427 1035 475 1061 ἐπε
481 1035 599 1070 ρώτησιν
608 1043 614 1049 ·
637 1034 809 1070 ’Δμαρτωλός
826 1034 908 1066 ἐστιν,

121 1079 161 1111 ὥς
178 1088 245 1114 φατε
258 1088 266 1112 ;
282 1080 337 1114 Οὐχ
349 1077 425 1111 οὗτος
439 1079 484 1105 τὸν
497 1079 555 1106 υἱὸν
569 1079 619 1114 τῆς
630 1079 716 1114 χήρας
732 1078 910 1113 ἐκκομιζόμε-

121 1131 167 1155 νος)
182 1123 277 1159 νεκρὸν
291 1123 361 1158 λόγῳ
377 1123 544 1159 ἁνέστησεν;
563 1123 736 1158 ’Δμαρτωλοῦ
755 1123 908 1159 ἀνθρώπου,

120 1167 139 1202 ἢ
154 1167 221 1194 Θεοῦ
239 1169 325 1202 Λόγου
340 1167 374 1204 ἢν
398 1168 428 1194 τὸ
450 1168 624 1204 ἓργονςοὺχὶ
638 1168 692 1194 τῶν
715 1168 781 1194 δέκα
802 1167 912 1202 λεπρῶν

120 1213 167 1248 ὑφ’
192 1213 220 1240 ἓν
240 1214 289 1249 τὴν
313 1214 538 1250 καταατιχθεῖσαν
560 1214 612 1240 ὑπὸ
628 1214 676 1240 τοῦ
689 1214 788 1245 πάθους
808 1213 910 1249 παρδα-

120 1259 211 1286 λιαιαν
225 1259 305 1294 δορὰν
323 1260 425 1294 ῥήματι
443 1259 628 1294 ἐκκαθαίρων,
645 1260 684 1290 εἰς
697 1259 746 1295 τὴν
766 1258 908 1294 ἀνθρωπό-

122 1313 226 1340 μοριρον
236 1305 359 1340 μονοειδῆ
369 1305 517 1340 μετήνεγκε
526 1305 589 1331 θέαν
600 1303 790 1339 ;Ἀμαρτωλοῦ
807 1303 909 1339 ἀνθρώ-

120 1358 185 1382 που,
194 1350 209 1385 ἢ
219 1350 285 1376 Θεοῦ
294 1350 381 1384 Λόγου
388 1350 418 1376 τὸ
427 1350 520 1388 ἓργον;
530 1351 596 1387 υὺχὶ
606 1350 650 1377 τὸν
660 1350 712 1377 ὑπὸ
719 1349 846 1384 λεγεῶνος
855 1349 909 1376 τῶν

119 1395 253 1430 δαιμόνων
269 1396 518 1431 παρενοχλούμενον
534 1396 685 1431 ἄνθρωπον,
702 1396 747 1422 τὸν
759 1396 827 1431 μήτε
844 1403 909 1432 κρα-

119 1441 233 1476 τηθῆναι
245 1441 402 1476 δυνάμενον,
422 1443 490 1477 μήτε
505 1439 579 1468 οἷκον
590 1441 784 1477 εἰσδεχόμενον,
808 1440 864 1467 ἀλλ’
880 1442 909 1467 ὲν

119 1487 176 1518 τοῖς
192 1488 331 1524 μνήμασιν
354 1487 540 1522 αὑλιζόμενον,
561 1487 706 1522 βασιλικῶς
720 1488 767 1522 τῆς
783 1486 912 1522 τυραννίε

119 1533 165 1564 So;
188 1533 322 1560 ἀπέλυσεν
345 1533 418 1568 (85);
443 1533 616 1569 Ἀμαρτωλοῦ
637 1532 790 1569 ἀνθρώπου,
808 1534 823 1567 ἢ
841 1532 908 1559 Θεοῦ

960 949 1020 969 rum
1037 942 1064 968 in
1079 948 1112 968 eo
1136 941 1330 968 miraculorum
1349 940 1419 967 dabo
1437 945 1605 974 argumenta.
1621 939 1657 966 Ea
1673 946 1744 974 pra-

959 988 1079 1014 termitto
1096 994 1155 1022 quae
1171 994 1214 1013 me
1229 990 1364 1021 spectant,
1378 990 1459 1020 atque
1470 993 1503 1012 ex
1517 985 1578 1012 aliis
1592 987 1744 1020 interroga-

959 1034 1047 1061 tiones
1060 1041 1136 1068 paro.
1152 1033 1192 1059 An
1208 1037 1334 1069 peccator
1348 1036 1400 1064 cst,
1414 1036 1443 1059 ut
1460 1040 1507 1059 vos
1521 1032 1633 1059 dicitis?
1649 1031 1744 1059 Nonne

959 1079 1003 1106 hic
1032 1082 1074 1106 est
1092 1078 1137 1113 qui
1161 1077 1244 1104 ﬁlium
1269 1077 1357 1104 vidua:
1372 1076 1489 1103 delatum
1506 1079 1641 1102 mortuum
1661 1075 1744 1103 verbo

960 1124 1126 1152 suscitavit?
1156 1122 1315 1150 Hominisne
1335 1122 1504 1158 peccatoris,
1529 1129 1563 1148 an
1588 1121 1634 1148 Dei
1660 1120 1742 1148 Verbi

959 1176 1029 1204 opus
1056 1169 1122 1196 illud
1147 1168 1222 1196 erat?
1253 1168 1347 1195 Nonne
1372 1175 1425 1194 una
1454 1167 1546 1194 decem
1574 1167 1743 1201 leprosorum

959 1215 1054 1243 morbo
1076 1216 1244 1242 maeulosam
1269 1218 1296 1242 et
1321 1213 1509 1249 pantlterinam
1534 1213 1632 1248 pellem
1660 1212 1743 1240 verbo

959 1268 1088 1296 purgans,
1107 1261 1135 1287 in
1158 1260 1302 1288 humanam
1319 1259 1535 1294 unil'ormemque
1551 1258 1744 1286 transmutavit

959 1308 1077 1342 speciem
1090 1308 1101 1334 Ῥ
1115 1307 1305 1335 Peccatorisne
1333 1306 1462 1338 hominis,
1481 1313 1514 1332 an
1533 1306 1578 1332 Dei
1593 1313 1662 1340 opus
1677 1304 1744 1332 illud

958 1353 1018 1381 est?
1031 1353 1125 1381 Nonne
1138 1361 1198 1380 eum
1214 1353 1259 1388 qui
1273 1353 1376 1387 legione
1394 1351 1547 1379 daemonum
1564 1351 1717 1386 agitabatur
1733 1359 1742 1379 :

959 1399 1005 1434 qui
1021 1407 1109 1434 neque
1125 1399 1211 1426 teneri
1229 1403 1345 1434 poterat.
1361 1405 1411 1425 nec
1428 1398 1455 1424 in
1470 1398 1550 1424 domo
1564 1404 1722 1432 permanere
1733 1415 1748 1429 ..

959 1445 1007 1472 sed
1032 1445 1058 1471 in
1076 1445 1209 1479 sepulcris
1231 1444 1400 1475 morabatur,
1421 1443 1497 1477 regio
1522 1450 1597 1470 more
1616 1451 1630 1469 τι
1653 1447 1744 1478 tyran—

959 1491 1020 1517 nide
1035 1490 1182 1517 liberavit?
1201 1489 1359 1517 Hominisne
1374 1489 1535 1523 peccatoris,
1552 1495 1585 1514 an
1601 1487 1647 1514 Dei
1660 1487 1742 1514 Verbi

959 1542 1029 1569 opus
1053 1533 1140 1560 illud?
1156 1533 1258 1560 \(ultiu'
1274 1540 1318 1560 me
1338 1533 1507 1560 daemonibus
1524 1533 1589 1567 ipsis
1612 1532 1743 1567 ingratio-

119 1579 206 1613 Λόγου
222 1579 253 1605 τὸ
268 1579 365 1614 ἔργονς
384 1580 637 1616 Ἀγνωμονέστερόν
660 1589 692 1615 με
707 1580 761 1606 τῶν
773 1580 907 1615 δαιμόνων

960 1587 1015 1606 rem
1030 1579 1110 1607 esse?
1123 1578 1264 1606 Daemones
1280 1578 1379 1613 quippe
1393 1579 1472 1605 etiam
1487 1577 1612 1612 ﬂagellati
1624 1578 1658 1604 ab
1671 1577 1741 1612 ipso.

120 1624 211 1652 Θέλετε
225 1624 312 1658 εἴναι;
329 1627 359 1652 Οἱ
371 1626 425 1661 γὰρ
438 1626 574 1661 δαίμονες.
592 1626 638 1654 καὶ
654 1626 845 1661 μαστιζόμενοι
859 1626 905 1652 ὑπ’

119 1671 202 1703 αὑτοῦ
212 1691 220 1703 ,
233 1672 296 1698 Υἱὺν
312 1672 379 1698 Θεοῦ
394 1672 475 1698 αὑτὸν
493 1672 687 1698 ἀποκαλοῦσιν·
705 1671 782 1706 κάγὼ
797 1673 812 1698 ὁ
827 1671 906 1707 θερα-

120 1715 229 1748 πευθεὶς
244 1717 308 1752 παρ’
322 1716 404 1744 αὑτοῦ
417 1716 579 1752 ἁμαρτωλὸν
599 1716 679 1745 αὐτὸν
697 1717 904 1753 προσφωνήσω;

125 1761 169 1793 Ὦς
185 1761 250 1794 Θεὸς
265 1762 421 1797 ἐργάζεται,
438 1763 486 1788 καὶ
508 1762 545 1794 ὡς
562 1762 721 1799 ἁμαρτωλὸς
741 1762 905 1797 φημίζεται;

122 1815 137 1833 ι,
151 1807 182 1832 Ei
194 1807 353 1842 ἁμαρτωλός
369 1808 453 1839 ἐστιν,
468 1808 519 1834 οὐκ
540 1806 613 1834 οἶδα·
630 1808 658 1834 ἓν
678 1807 706 1834 δὲ
721 1806 789 1839 οἰδα,
805 1808 844 1833 ὅτι
857 1816 905 1834 τυ-

120 1852 185 1886 φλὸς
201 1852 256 1884 ὢν,
278 1853 340 1888 ἄρτι
366 1853 467 1888 βλέπω.
489 1863 499 1879 ι
527 1853 614 1880 Τοῦτο
634 1854 662 1880 δὲ
685 1853 762 1886 Θεοῦ,
788 1854 835 1880 καὶ
858 1853 906 1889 οὐχ

121 1899 282 1934 ἁμαρτωλοῦ
298 1899 328 1926 τὸ
342 1899 433 1935 ἔργον.

157 1944 200 1970 12.
218 1944 308 1970 Ταῦτα
326 1944 490 1976 ἀκούσαντες
506 1945 531 1971 οι
546 1944 700 1980 Φαρισαῖοι,
712 1944 748 1975 ὡς
763 1942 830 1970 εἶδον
843 1945 906 1970 ἑαυ-

120 1989 183 2021 τοὺς
200 1989 314 2016 ἐπιπολὺ
335 1990 384 2024 τῆς
409 1990 539 2026 αἰσχύνης
560 1990 706 2025 ὲμπλέους,
727 1990 907 2026 ἀπεκρίναντο

120 2036 188 2071 πρὸς
204 2036 250 2062 τὸν
272 2035 476 2070 ἁναῦλέψαντα,
492 2036 632 2070 λέγοντες·
657 2036 730 2062 Ἔδει
751 2036 799 2071 μέν
816 2044 845 2062 σε
869 2036 907 2067 ὡς

119 2079 265 2107 κατάδικον
280 2080 461 2115 μαστιχθῆναι
471 2099 479 2112 ,
493 2081 540 2107 καὶ
552 2080 622 2107 κατὰ
638 2081 701 2111 τοὺς
713 2080 811 2115 νόμους
822 2089 908 2115 τιμω-

120 2125 235 2162 ρηθῆναι
249 2135 255 2142 ·
280 2126 337 2154 ἀλλ’
353 2127 397 2153 ἵνα
422 2127 459 2162 μὴ
484 2127 559 2162 παρὰ
578 2126 631 2153 τῶν
652 2127 856 2162 ματαιοφρόνων
869 2126 907 2157 ὡς

120 2171 249 2206 βάσκανοι
274 2172 478 2208 διαδληθῶμεν,
507 2172 776 2209 συμπεριφερώμεθά
801 2181 846 2198 σου
872 2173 905 2207 τῇ

119 2218 192 2250 ἕξει·
210 2219 250 2246 διὸ
263 2219 294 2255 δὴ
309 2220 377 2255 πρὸς
391 2219 440 2255 τὴν
457 2219 625 2254 ὲπερώτησιν
641 2218 803 2254 ἀποκρίθητι
821 2218 847 2244 τί
866 2227 906 2244 σοι

120 2265 246 2299 ἐποίησεν
263 2266 379 2297 ἐκεῖνος
404 2265 462 2296 πῶς
483 2264 647 2298 ἀνέὸλεψας;
666 2265 746 2298 Λέγε,
764 2265 790 2290 τί
806 2264 906 2292 πέπον-

119 2309 168 2340 θας
177 2317 184 2341 ;
194 2310 222 2335 ’0
230 2309 257 2335 δὲ
268 2309 428 2344 ἀναϐλέψας,
440 2309 635 2345 ὲπιΘαῤῥὴσας,
649 2309 798 2345 προέκοπτε
806 2310 859 2346 γὰρ
872 2311 904 2346 τῇ

119 2354 226 2386 πίστει,
255 2355 467 2390 ἀνταπεκρξνετο
487 2354 584 2388 λέγων’
609 2355 692 2381 Πάλιν
714 2355 833 2390 ὲρωτᾶτέ
852 2363 902 2390 με,

119 2399 178 2431 πῶς
191 2400 342 2434 ἀνέϐλεψας
357 2400 425 2427 Καθ’
440 2400 543 2427 ἑαυτῶν
554 2400 697 2435 πράττετε,
709 2401 754 2427 καὶ
769 2401 818 2427 οὐκ
833 2401 904 2427 οῖδα-

117 2453 159 2471 τε.
175 2446 256 2472 Ὅσον
269 2446 357 2472 θέλετε
374 2446 404 2473 τὸ
415 2446 506 2481 θαῦμα
522 2446 627 2478 σϐέσαι,
643 2446 766 2473 τοσοῦτον
774 2446 904 2478 πλειόνως

118 2491 185 2518 αὐτὸ
199 2492 382 2527 φαιδρύνεται.
392 2492 607 2528 Πάλινὲρωτᾶτέ
623 2502 666 2529 με,
681 2492 740 2524 πῶς
753 2492 903 2527 ἀνέϐλεψα,

118 2537 168 2572 ἤδη
194 2538 284 2573 τρίτον
303 2539 366 2573 ὑμῖν
388 2537 545 2571 εἷπον,.χαὶ
567 2540 616 2566 οὐκ
644 2539 821 2565 ἐπιστεύσατέ
847 2548 901 2574 μοι.

121 2593 130 2608 ι
150 2583 182 2609 Τί
195 2584 273 2610 πάλιν
285 2584 375 2611 Θέλετε
388 2585 512 2617 ἁκούεινς
526 2585 572 2622 Μὴ
589 2586 636 2612 καὶ
651 2586 728 2621 ὑμεῖς
743 2585 832 2613 θέλετε
851 2595 902 2621 μα-

118 2627 199 2663 θηταὶ
220 2629 301 2656 αὑτοῦ
318 2630 457 2664 γενέσθαι;
481 2641 490 2656 ι
511 2631 578 2666 Οὐχὶ
593 2631 636 2658 διὰ
656 2631 734 2658 τοῦτο
756 2631 811 2667 (86)
835 2632 903 2667 μετὰ

119 2672 262 2707 ἀκριϐείας
289 2674 337 2708 τὴν
366 2675 503 2710 περιοδιαν
527 2676 671 2711 ὲρευνᾶτε;
688 2677 720 2703 Εἰ
742 2676 820 2703 τοῦτο
843 2676 903 2712 βού-

117 2716 213 2750 λοθε,
238 2718 268 2744 τὸ
283 2718 375 2745 λοιπὸν
396 2720 556 2755 προπέλθετε
575 2721 642 2756 πρὸς
668 2721 747 2748 αὑτὸν
765 2721 902 2750 ἀνενδοιάέ

155 2795 178 2811 "
198 2795 276 2822 Joan.
293 2804 336 2829 Ix,
355 2796 401 2824 24.
438 2796 461 2812 ¹¹
480 2797 545 2824 ibid.
563 2797 608 2825 25.
645 2797 668 2814 “
687 2797 752 2826 ibid.
769 2797 814 2825 27.

156 2876 219 2917 (βι),
231 2877 296 2913 Reg.
314 2878 338 2912 ί,
355 2877 504 2914 ἀπήλατιν.

955 1625 1053 1654 Filium
1084 1624 1132 1652 Dei
1157 1625 1231 1651 illum
1258 1627 1417 1658 nuncupant
1447 1631 1454 1648 ε
1483 1627 1510 1650 et
1539 1630 1589 1658 ego
1618 1622 1652 1649 ab
1682 1623 1743 1657 ipso

956 1677 1078 1704 sanatus,
1100 1675 1270 1707 peccatorem
1292 1671 1394 1698 vocabo
1415 1670 1510 1697 illum?
1530 1669 1566 1697 Ut
1589 1669 1661 1697 Deus
1677 1677 1743 1703 ope-

958 1723 1046 1752 ratur,
1064 1723 1092 1746 et
1115 1723 1150 1746 ut'
1169 1722 1299 1753 peccator
1315 1716 1519 1752 proclamatur?
1538 1725 1547 1741 ι
1569 1715 1598 1742 Si
1616 1720 1741 1751 peccator

956 1769 1008 1796 est,
1029 1766 1121 1792 nescio
1143 1773 1150 1791 :
1175 1772 1257 1792 unum
1278 1764 1346 1795 scio,
1367 1763 1430 1798 quia
1453 1769 1542 1789 caecus
1558 1769 1619 1789 cum
1639 1769 1741 1793 essem,

956 1819 1029 1838 nunc
1046 1811 1125 1838 video
1141 1810 1174 1838 ⁸³.
1195 1820 1204 1837 ι
1224 1809 1300 1844 Quod
1319 1818 1385 1838 sane
1404 1809 1462 1841 Dei,
1478 1813 1504 1836 et
1518 1817 1571 1836 non
1589 1808 1742 1843 peccatoris

956 1863 998 1885 est
1014 1865 1092 1892 opus.

992 1902 1036 1930 19.
1051 1902 1098 1930 llis
1108 1902 1237 1930 Pharisaei
1253 1902 1364 1933 auditis,
1381 1910 1442 1930 eum
1458 1910 1486 1930 se
1498 1903 1620 1930 viderent
1634 1909 1746 1930 summo

957 1950 1059 1984 pudore
1080 1949 1204 1980 allectos,
1225 1949 1424 1983 responderunt
1443 1948 1476 1975 ad
1498 1957 1559 1976 eum
1583 1949 1627 1984 qui
1651 1949 1739 1975 visum

957 1999 1097 2029 receperat
1116 2004 1122 2022 :
1141 1994 1288 2028 Oportebat
1299 1995 1407 2030 quidem
1424 1999 1449 2022 te
1464 1999 1492 2021 ut
1507 2003 1582 2022 reum
1599 1994 1738 2029 ﬂagellari,

957 2047 989 2067 ac
1011 2039 1160 2067 secundum
1184 2040 1260 2075 leges
1280 2048 1374 2074 pennas
1398 2040 1494 2072 luere;
1513 2040 1560 2066 sed
1578 2047 1611 2066 ne
1628 2047 1642 2065 a
1661 2039 1745 2066 vanis

958 2085 1114 2113 hominibus
1130 2090 1159 2112 ut
1178 2085 1261 2112 invidi
1281 2085 1480 2117 iusimulemur,
1501 2085 1671 2120 indulgemus
1687 2084 1744 2111 hoc-

957 2130 1065 2164 ingenio
1081 2135 1128 2158 tuo
1150 2139 1156 2156 :
1178 2138 1262 2166 quare
1279 2131 1414 2165 responde
1431 2129 1464 2157 ad
1483 2129 1739 2163 interrogationem:

956 2176 1021 2211 quid
1043 2175 1107 2204 fecit.
1124 2176 1170 2203 tibi
1190 2176 1235 2203 ille
1248 2176 1349 2203 homo?
1365 2175 1422 2208 Qua
1440 2175 1546 2201 ratione
1558 2175 1647 2200 visum
1663 2180 1740 2200 rece-

958 2222 1022 2257 pisti
1037 2222 1053 2252 ‘2:
1066 2222 1124 2253 Dic,
1141 2223 1188 2249 tibi
1202 2222 1265 2257 quid
1281 2221 1411 2256 contigit?
1426 2219 1494 2247 Tum
1507 2220 1551 2247 ille
1562 2219 1746 2251 conﬁdenter,~

959 2275 1022 2293 nam
1042 2267 1069 2293 in
1087 2267 1166 2302 372
1190 2267 1240 2293 [ide
1255 2266 1416 2302 profecerat.
1431 2265 1568 2300 respondit
1587 2265 1663 2292 hisce
1677 2271 1740 2291 ver-

958 2312 1000 2339 bis
1018 2320 1024 2338 :
1048 2311 1168 2339 Rursum
1192 2312 1381 2344 sciscitamini,
1402 2311 1538 2346 quomodo
1559 2311 1646 2338 visum
1663 2317 1740 2347 rece—

957 2357 1053 2391 perim.
1077 2356 1179 2384 Contra
1201 2357 1380 2391 vosmetipsos
1399 2356 1484 2390 ignari
1515 2355 1604 2390 agitis.
1631 2355 1745 2388 Quath

956 2403 1043 2438 magis
1063 2404 1226 2430 miraculum
1247 2404 1400 2438 opprimere
1423 2404 1547 2436 studetis,
1565 2408 1640 2431 tanto
1653 2403 1746 2437 magis,

958 2448 1046 2483 ipsum
1067 2448 1233 2476 inclarescit.
1258 2448 1376 2476 Rursum
1395 2449 1591 2484 pereontamini
1603 2469 1610 2481 ,
1625 2457 1677 2484 qua
1693 2456 1738 2476 ra~

957 2495 1030 2522 tione
1043 2495 1130 2522 visum
1148 2496 1294 2530 receperint
1316 2495 1392 2529 :jam
1410 2499 1451 2522 ter
1466 2495 1594 2526 iudicavi,
1613 2503 1662 2522 nec
1675 2502 1737 2522 cre-

957 2540 1066 2567 didistis
1091 2540 1168 2567 mihi.
1193 2549 1203 2565 ι
1227 2540 1297 2573 Quid
1318 2541 1413 2568 iterum
1433 2541 1514 2568 vultis
1534 2540 1648 2568 audire?
1664 2549 1737 2568 nun-

957 2585 1021 2620 quid
1035 2590 1060 2612 ct
1073 2592 1120 2612 vos
1143 2585 1226 2612 vultis
1248 2585 1372 2620 discipuli
1389 2585 1449 2620 ejus
1469 2585 1525 2614 ﬁeri
1535 2585 1578 2612 "1'
1594 2595 1604 2611 ι
1623 2586 1664 2613 An
1677 2586 1738 2613 ideo

956 2631 1078 2658 studiose
1113 2631 1264 2658 curationis
1290 2632 1386 2658 seriem
1430 2632 1606 2667 perquiritis?
1643 2632 1670 2659 Si
1709 2631 1736 2660 id

955 2676 1066 2711 optatis,
1096 2676 1151 2711 jam
1175 2677 1295 2704 accedite
1325 2677 1357 2704 ad
1384 2678 1459 2705 illum
1485 2678 1543 2706 sine
1557 2678 1741 2711 dubitatione“

956 2725 986 2748 et.
998 2721 1186 2749 illuminamini
1205 2731 1212 2749 ;
1229 2722 1367 2756 agnoscite
1384 2723 1457 2750 illum
1473 2724 1531 2752 sine
1548 2724 1639 2760 aliqua
1655 2724 1746 2753 dubi--

994 2878 1050 2914 (86)
1067 2877 1132 2915 Reg.
1152 2878 1176 2912 Ι,
1190 2877 1217 2911 2,
1229 2877 1276 2905 καὶ
1291 2876 1334 2904 διὰ
1350 2877 1435 2906 τοῦτο.
