1940 3067
197 111 266 138 1019

760 109 790 136 S.
810 107 1045 136 ATHANASIUS.
1066 123 1101 127 —
1122 107 1257 135 SPURIA.

1746 108 1826 135 10Ξο

197 169 298 196 tatione
315 177 321 195 :
339 175 393 194 non
411 171 552 198 aversatur
567 167 692 202 quemvis
713 167 850 194 hominem
873 175 902 194 se
916 174 978 194 cum

1039 167 1166 198 nm;,xat
1182 165 1350 201 φωτίσθητε·
1364 165 1513 202 γνωρίσατε
1520 166 1600 193 αὑτὸν
1613 166 1823 201 ἀναμφιὸόλως·

197 215 249 242 tide
263 214 417 241 adeuntem.
438 212 500 240 Hrec
513 220 574 239 cum
590 213 731 240 audissent
747 212 886 244 Pharisaei,
904 213 983 240 male-

196 262 324 288 dixerunt
343 267 404 286 eum
426 259 471 286 cui
502 260 574 286 visus
598 258 688 286 fuerat
708 260 870 292 restitutus,
887 259 982 286 dicen-

197 311 239 333 tes
264 305 314 340 ipsi
340 315 346 332 :
374 313 384 330 ε
410 304 450 331 Tu
473 304 626 339 discipulus
653 305 726 332 illius
752 313 782 332 es
809 314 816 332 :
838 312 888 332 nos
909 304 982 331 enim

197 351 281 378 Mosis
314 349 441 384 discipuli
474 357 580 377 sumus.
612 348 666 376 Nos
692 349 795 376 scimus
822 348 885 383 quia
915 347 983 374 Mosi

197 398 306 423 locutus
330 400 371 422 est
397 395 468 422 Deus
495 405 502 422 :
527 395 600 421 hunc
623 398 713 422 autem
744 395 882 422 nescimus
912 393 984 420 unde

196 442 241 468 sit.
267 440 306 468 Tu
321 440 471 475 discipulus
496 440 568 467 illius
589 447 619 467 es
636 441 669 466 ⁸⁵.
685 450 694 466 ι
714 439 765 472 Qui
782 445 871 466 autem
895 440 984 466 visum

196 491 339 518 acceperat
363 485 529 512 subridendo
557 484 698 519 respondit
724 494 730 510 :
754 484 809 519 Ego
834 483 983 518 discipulus

196 532 270 559 illius
286 532 364 559 sum?
378 532 477 558 bonum
499 531 564 558 mihi
590 530 743 557 convicium
764 529 878 558 fecistis.
891 528 912 556 Ο
928 529 985 564 glo-

197 579 299 606 ri0sam
337 578 547 605 contumeliaml
588 577 683 612 Magna
715 584 758 604 me
799 576 985 610 imprudentes

198 624 284 658 gloria
300 622 441 650 alIecistis.
458 622 514 649 Vos
529 622 612 650 Mosis
627 623 693 649 estis
709 621 857 657 discipuli?
874 619 984 655 Ecquod

197 668 338 703 potestatis
353 673 450 696 vestrae
463 676 532 703 opus
553 668 700 696 edidistis?
715 667 769 695 Vos
783 666 891 702 quidem
903 665 985 693 Most

197 716 264 743 estis
290 714 440 749 discipuli;
480 715 528 742 sed
557 714 672 749 apostoli
698 717 762 741 sunt
802 712 903 740 medici
931 712 983 738 mei

197 758 335 792 discipuli.
350 758 501 790 Ostendite,
515 758 599 786 Mosis
615 758 753 793 discipuli,
769 758 871 792 aliquid
890 760 985 784 contra

198 803 347 838 discipulos
363 804 461 830 medici
479 804 541 830 mei.
562 803 589 830 Si
605 803 668 837 quid
687 802 764 829 vobis
784 802 848 828 insit
867 804 985 836 potesta-

1033 213 1082 239 οὐκ
1096 212 1295 246 ἀποστρέφεται
1308 211 1353 237 τὸν
1363 211 1430 246 μετὰ
1441 211 1556 243 πίστεως
1573 211 1716 246 προσιόντα
1730 212 1826 248 αὐτῷ.

1034 257 1127 284 Ταῦτα
1137 257 1302 288 ἀκούσαντες
1310 257 1334 283 οί
1347 258 1495 292 Φαρισαῖοι,
1505 257 1674 292 ἐλοιδόρησαν
1687 257 1733 284 τὸν
1749 258 1828 284 ἀνα.-

1034 303 1179 337 6λέψαντα,
1195 301 1316 336 λέγοντες
1333 302 1422 337 αὐτῷ·
1441 311 1449 327 ι
1467 303 1503 329 Σὺ
1522 299 1547 328 εἶ
1561 302 1685 338 μαθητὴς
1696 303 1806 329 ἐκείνου
1817 311 1826 318 ’

1035 350 1113 385 ἡμεῖς
1126 349 1179 384 γὰρ
1196 348 1241 374 τοῦ
1254 348 1374 379 Μωσέως
1389 348 1471 383 ἐσμὲν
1486 347 1613 383 μαθηταί.
1638 348 1730 383 Ἡμεῖς
1745 348 1828 375 οῖδα-

1035 404 1094 430 μεν,
1108 396 1149 422 ὃτι
1164 396 1249 430 Μωσῇ
1263 394 1408 429 λελάληκεν
1420 396 1434 420 ὁ
1446 394 1524 425 Θεός·
1540 394 1632 420 τοῦτον
1642 393 1669 420 δὲ
1684 395 1733 420 οὐκ
1746 394 1827 420 οῖδα-

1036 451 1094 477 μεν,
1118 442 1198 468 πόθεν
1215 441 1282 468 ἐστί.
1319 442 1354 467 Σὺ
1375 439 1400 467 εἷ
1425 440 1549 477 μαθητής
1569 442 1684 468 ἐκείνου.
1707 451 1717 467 ι
1748 442 1777 468 '0
1792 441 1826 468 δὲ

1034 486 1197 520 ἀναϐλέψας,
1218 486 1420 521 ὑπομειδιάσας,
1438 486 1602 521 ἀπεκρίνατο
1615 486 1714 520 λέγων·
1746 486 1825 520 Ἐγώ

1034 533 1091 567 εἰμι
1106 532 1227 567 μαθητὴς
1241 532 1361 564 ὲκείνου;
1379 531 1469 563 καλῶς
1490 531 1595 562 suam
1614 531 1825 566 λοιδορήσαντές

1036 586 1079 613 με.
1099 578 1130 604 Ὢ
1153 577 1256 613 ὕϐρεως
1271 577 1392 610 ἐνδόξουί
1415 577 1572 610 Ἐδοξάσατέ
1593 585 1626 611 με
1644 576 1753 611 μᾶλλον,
1771 576 1825 603 καὶ

1034 624 1083 650 οὐκ
1096 624 1194 650 οἴδατε.
1211 623 1263 649 Τοῦ
1277 624 1396 654 Μωσέως
1415 623 1475 649 ἐστέ
1500 622 1634 658 μαθηταί;
1650 622 1706 649 Καὶ
1727 622 1754 648 τί
1774 622 1826 648 60-

1035 670 1142 704 νάμεως
1159 669 1334 700 ἀπεδείξασθε
1354 669 1450 704 ἔργονς
1467 668 1562 703 Ὑμεῖς
1575 668 1624 703 μὲν
1637 667 1683 695 τοῦ
1697 667 1825 698 Μωσέως

1035 715 1099 741 ὲστέ
1115 714 1248 751 μαθηταί·
1265 716 1289 741 οἱ
1306 715 1334 741 δὲ
1349 714 1492 741 ἀπόστολοι
1506 714 1552 741 τοῦ
1564 714 1630 749 ἐμοῦ
1650 713 1741 749 ἰατροῦ
1766 715 1825 740 εισι

1037 761 1164 796 μαθηταί.
1180 761 1345 794 Ἐπιδείξατε
1355 760 1402 787 καὶ
1415 761 1492 794 ὑμεῖς
1503 760 1527 786 οἱ
1539 759 1586 786 τοῦ
1596 759 1717 790 Μωσέως
1733 758 1825 794 μαθητ

1035 807 1079 834 ταί
1093 806 1119 834 τί
1134 815 1198 833 ποτε
1216 806 1286 833 κατά
1303 806 1356 832 τῶν
1373 804 1500 841 μαθητῶν
1512 804 1558 831 τοῦ
1580 805 1646 839 ἐμοῦ
1664 804 1766 840 ίατροῦ.
1777 805 1828 831 .Ετ

198 852 244 881 tis,
261 858 315 877 non
333 850 421 877 dicam
439 854 580 881 mortuos,
599 849 646 876 sed
666 848 832 876 dormientes
855 847 981 878 excitate,

1039 853 1059 879 τί
1077 861 1140 878 ποτε
1154 852 1293 887 δυνάμεως
1309 852 1393 887 ἔχετε,
1409 851 1438 878 οὺ
1454 851 1522 886 λέγω
1534 851 1657 886 νεκροὺς,
1668 852 1731 882 τοὺς
1751 850 1824 877 καθ,

198 897 270 924 sicut
297 897 410 931 apostoli
441 896 596 924 defunctos.
632 894 661 922 Si
687 894 818 929 apostolis
846 893 982 928 exzequari

198 943 312 977 potestis
328 951 335 975 ;
352 950 405 968 non
423 941 512 968 dicam
535 948 617 975 super
637 939 740 972 undas,
759 939 806 966 sed
829 946 912 974 super
928 944 983 966 ter-

199 995 258 1015 ram
273 988 420 1019 ambulate,
437 987 518 1014 sicuti
534 986 632 1013 Petrus
657 993 739 1020 super
762 992 848 1012 mare.
865 985 894 1011 Si
918 984 983 1019 quid

200 1034 272 1060 inest
293 1033 418 1063 virtutis.
441 1041 503 1060 cum
524 1032 655 1066 apostolis
679 1034 845 1063 concertate,
869 1038 922 1057 non
943 1030 985 1057 di-

199 1087 259 1106 cam
276 1079 400 1113 spiritus,
424 1078 471 1105 sed
490 1085 554 1104 aves
570 1077 680 1112 abigite,
701 1076 772 1103 sicut
792 1075 907 1110 apostoli
929 1075 984 1102 dae-

200 1130 305 1150 mones.
325 1123 408 1149 Dicite
427 1121 493 1148 mihi
516 1120 630 1148 :Vosne
649 1120 731 1147 Mosis
753 1119 879 1154 discipuli
901 1120 985 1146 estis?

202 1168 231 1195 Si
250 1168 332 1196 Musis
349 1168 476 1202 discipuli
496 1168 610 1198 essetis,
631 1166 778 1194 crederetis
797 1165 864 1193 Mosi
884 1166 985 1193 dicenti

201 1213 235 1240 de
256 1214 315 1247 ipso
339 1223 346 1240 :
370 1222 379 1238 ι
405 1213 539 1246 Quoniam
567 1213 724 1247 prophetam
751 1211 829 1238 vobis
858 1212 987 1239 excitabit

201 1259 334 1286 Dominus
358 1259 429 1286 Deus
452 1259 485 1286 de
509 1258 640 1285 fratribus
656 1257 763 1289 vestris,
783 1261 911 1291 tanquam
931 1265 985 1284 me.

201 1305 293 1338 Ipsum
320 1305 437 1332 audietis
459 1305 536 1339 juxta
560 1305 651 1331 omnia
679 1311 846 1338 quaecunque
879 1303 986 1331 locutus

203 1350 284 1377 fuerit
302 1350 388 1377 vobis.
408 1349 466 1377 Erit
483 1355 585 1382 autem,
602 1349 692 1377 omnis
711 1349 800 1376 anima
819 1356 987 1384 quaecunque

202 1403 256 1433 non
269 1395 385 1422 audierit
397 1395 557 1430 prophetam
578 1394 664 1424 illum,
683 1394 909 1421 exterminabitur
923 1394 956 1421 ⁸⁵.
973 1403 983 1418 ›

202 1440 303 1466 Cavete
329 1447 362 1466 ne
390 1439 620 1470 exterminemini,
643 1443 670 1465 et
691 1439 719 1465 in
745 1446 840 1466 omnes
863 1438 987 1466 nationes

203 1485 408 1520 dispergamini,
438 1488 531 1520 utpote
555 1485 600 1519 qui
624 1484 697 1512 illius
725 1491 740 1510 a
762 1483 894 1519 propheta
918 1491 988 1518 pra:-

204 1532 324 1558 nuutiati
348 1531 465 1558 hominis
498 1530 627 1558 virtutem
660 1538 715 1558 uon
741 1530 916 1565 agnoveritis.
944 1529 986 1556 An

203 1577 335 1612 ignoratis
369 1585 416 1611 qui
445 1577 480 1603 sit
509 1577 652 1603 oculorum
689 1583 814 1603 meorum
844 1575 986 1602 medicus?

203 1622 337 1658 lgnoratis
365 1623 468 1656 utique,
487 1622 550 1656 quia
573 1621 753 1648 occidendum
774 1621 905 1656 quaeritis.
931 1620 987 1647 No-

203 1669 253 1696 stis
267 1675 347 1702 porro
367 1668 414 1702 qui
437 1668 484 1700 sit,
501 1671 528 1694 ct
543 1667 615 1699 unde
631 1667 676 1694 sit.
697 1666 764 1693 Nam
783 1674 845 1694 cum
865 1665 987 1694 Herodes

204 1714 390 1742 sciscitaretur
420 1721 436 1740 a
468 1713 556 1745 vobis,
584 1712 631 1740 ubi
662 1713 790 1740 Christus
817 1716 986 1744 nasceretur,

204 1760 348 1787 confestim
374 1765 401 1787 et
423 1760 511 1786 locum
529 1764 556 1786 et
575 1759 685 1785 modum
710 1759 865 1790 indicastis,
885 1759 988 1786 aientes

206 1813 268 1832 eum
294 1805 321 1831 in
342 1804 495 1831 Bethlehem
524 1804 702 1830 nasciturum.
732 1804 799 1830 Cum
825 1803 859 1829 ad
888 1803 988 1830 caedem

206 1851 348 1887 quaeritur,
365 1850 452 1877 nostis
466 1857 473 1882 ;
488 1856 550 1876 cum
565 1849 695 1876 miracula
712 1853 883 1884 perpetrasse
898 1853 990 1876 osten-

206 1897 292 1927 ditur,
312 1895 455 1930 ignoratis.

242 1942 285 1968 15.
306 1939 364 1967 Erit
379 1941 441 1975 quis
462 1939 577 1966 fortasse
596 1938 641 1970 qui
659 1941 782 1973 reponat,
797 1937 872 1966 Unde
888 1939 990 1966 scimus

207 1995 309 2015 caecum
327 1987 402 2013 illum
418 1986 464 2020 qui
480 1986 567 2012 visunt
583 1987 734 2017 receperat,
751 1987 806 2010 tam
824 1984 907 2018 probe
927 1991 989 2011 cum

207 2034 374 2062 Pharisaicis
397 2033 537 2069 judicihus
569 2031 766 2059 contendisse?
791 2031 861 2064 Quid
889 2031 940 2063 ais,
974 2039 990 2058 ο

209 2080 316 2107 amice?
329 2079 428 2106 ferrum
446 2078 501 2113 igni
518 2077 656 2104 admotum
674 2085 787 2112 prorsus
803 2077 927 2112 ignescit,
944 2076 991 2103 ubi

210 2127 327 2157 acuitur,
366 2125 466 2152 scindit
500 2123 675 2156 acutissime;
707 2126 734 2150 et
760 2122 812 2150 iste
846 2122 991 2150 dominicis

210 2172 335 2198 manibus
360 2173 557 2200 contrectatus,
581 2177 612 2196 ac
634 2168 725 2195 divino
751 2168 880 2195 inunctus
900 2172 990 2203 sputo,

209 2225 300 2245 nonne
315 2217 402 2251 potuit
424 2217 526 2250 absque
553 2215 772 2250 syllogismorum
792 2217 923 2248 apparatu
945 2213 993 2240 ad-

209 2270 306 2290 versus
332 2262 471 2297 improbos
505 2262 628 2288 rhetores
662 2259 869 2295 argumentari?
894 2259 991 2285 Annon

211 2310 245 2336 de
264 2309 310 2335 illo
338 2315 370 2334 ac
397 2308 436 2334 illi
455 2307 590 2334 similibus
616 2306 708 2333 divina
733 2306 801 2332 dicit
826 2305 990 2339 Scriptura:

213 2364 224 2382 ‹
245 2354 376 2381 Dominus
391 2353 528 2388 sapientes
541 2353 630 2379 reddit
645 2359 732 2379 caecos
744 2351 786 2377 “‘3
806 2361 815 2377 ι
835 2350 992 2386 Opportune

212 2400 348 2427 hominem
366 2397 421 2435 qui
440 2399 510 2426 miro
527 2398 607 2425 modo
626 2398 714 2425 visum
734 2397 846 2431 recepit,
870 2397 915 2432 qui
936 2397 992 2424 sin-

212 2453 274 2473 cere
296 2444 410 2471 Domino
427 2443 551 2475 credidit,
569 2443 615 2478 qui
630 2442 730 2470 Judmis
751 2442 857 2469 fortiter
875 2442 992 2473 obstitit,

213 2491 411 2522 rationabilem,
427 2491 602 2525 morigeram,
616 2490 687 2517 lacte
707 2490 900 2517 exuberantem
914 2497 993 2516 ovem

213 2546 312 2566 vocare
342 2538 415 2565 licet.
442 2537 523 2564 Novit
555 2537 626 2564 enim
667 2541 805 2571 pastorum
843 2536 993 2570 principem

212 2585 364 2616 Christum,
381 2584 555 2611 Pharisaicos
570 2583 663 2618 ellugit
677 2584 754 2617 lupos
771 2593 777 2609 :
795 2582 935 2618 ingressus
952 2586 994 2610 est

214 2638 261 2665 per
276 2631 368 2658 crucis
383 2634 487 2665 portam
505 2630 531 2656 in
552 2629 768 2656 ecclesiasticum
784 2630 864 2657 ovile.
888 2628 994 2656 Audisti

218 2676 298 2704 modo
316 2676 451 2703 dicentem
472 2675 616 2702 Dominum
640 2683 646 2700 :
669 2684 678 2700 ι
702 2675 807 2706 Amen,
827 2682 906 2702 amen
934 2675 995 2701 dico

213 2722 301 2753 vobis.
319 2723 365 2756 qui
385 2730 438 2748 non
456 2722 539 2748 intrat
558 2729 605 2756 per
619 2721 719 2749 ostium
746 2721 775 2748 in
798 2721 868 2748 ovile
891 2721 992 2752 ovium,

1034 898 1158 928 εύδοντας
1177 897 1344 928 διυπνίσατε,
1375 896 1412 928 ὡς
1431 897 1455 922 οἱ
1471 895 1613 922 ἀπόστολοι
1622 895 1690 927 τοὺς
1705 895 1825 922 τεθνέῶ-

1034 952 1093 974 τας.
1114 944 1145 969 Εἰ
1159 942 1273 969 δύνασθε
1291 944 1347 973 τοῖς
1363 942 1521 973 ἀποστόλοις
1534 941 1695 973 ἐξισοῦσθαι,
1706 942 1736 968 οὐ
1750 942 1825 976 λέγω

1035 990 1081 1015 ἐπὶ
1098 988 1208 1020 ὓδατος,
1231 989 1276 1014 ἐπὶ
1289 989 1340 1023 γῆς
1356 988 1489 1022 βαδίσατε,
1507 988 1544 1019 ὡς
1559 989 1572 1014 ὁ
1590 988 1693 1023 Πέτρος
1712 989 1758 1014 ἐπὶ
1771 988 1824 1015 θα.-

1034 1032 1146 1067 λάσσης.
1159 1033 1192 1058 Εἴ
1207 1041 1235 1063 τι,
1249 1032 1388 1066 δυνάμεως
1402 1032 1487 1067 ἔχετε,
1501 1033 1555 1063 τοῖς
1569 1032 1725 1064 ἀποστόλοις
1741 1033 1824 1067 ἁμιλ-

1035 1078 1126 1109 λᾶσοε,
1141 1079 1169 1103 οὐ
1188 1078 1259 1112 λέγω
1278 1077 1428 1113 πνεύματα,
1440 1078 1473 1104 τὰ
1489 1078 1570 1113 ὄρνεα
1588 1078 1729 1113 σοῦήσατε,
1746 1079 1784 1110 ὡς
1796 1080 1824 1105 οι

1035 1122 1177 1148 ἀπόστολοι
1194 1123 1256 1152 τοὺς
1276 1122 1412 1156 δαίμονας.
1434 1123 1534 1149 Εἴπατέ
1554 1132 1612 1158 μοι’
1632 1123 1684 1150 Τοῦ
1699 1124 1823 1156 Μωσέως

1036 1168 1096 1194 ἐστὲ
1115 1168 1250 1203 μαθηταί;
1270 1168 1301 1193 Εἰ
1316 1167 1436 1199 Μωσέως
1458 1169 1518 1195 ἐστέ
1538 1169 1670 1204 μαθηταὶ,
1691 1164 1822 1205 {1:30:19-

1036 1215 1106 1248 χεῖτε
1121 1213 1153 1239 ἂν
1165 1212 1203 1248 τῷ
1216 1213 1302 1247 Μωσῇ
1317 1212 1422 1246 λέγοντι
1436 1212 1500 1248 περὶ
1521 1213 1601 1239 αὑτοῦ
1613 1221 1619 1227 ·
1641 1223 1650 1238 ι
1674 1213 1734 1240 Ὀτι
1751 1221 1821 1248 προ-

1036 1260 1123 1294 φήτην
1139 1259 1202 1293 ὑμῖν
1215 1258 1361 1292 ἀναστήσει
1378 1257 1478 1293 Κύριος
1491 1259 1506 1285 ὁ
1515 1258 1580 1289 Θεὸς
1591 1260 1622 1285 ἐκ
1634 1258 1687 1284 τῶν
1699 1258 1822 1293 ἀδελφῶν

1037 1304 1123 1339 ὑμῶν,
1143 1304 1180 1335 ὡς
1191 1304 1250 1339 ἐμέ.
1266 1303 1353 1329 Αὐτοῦ
1368 1303 1515 1330 ἀκούσεσθε
1528 1303 1598 1330 κατὰ
1613 1304 1712 1335 πάντα,
1726 1304 1776 1330 ὅσα
1787 1303 1821 1330 ἂν

1036 1350 1138 1386 λαλήσῃ
1150 1350 1216 1385 πρὸς
1227 1349 1310 1384 ὑμᾶς.
1328 1349 1423 1375 Ἔσται
1435 1349 1474 1381 δὲ,
1488 1350 1563 1375 πᾶσα
1577 1349 1648 1384 ψυχὴ
1659 1350 1718 1384 ἥτις
1733 1348 1766 1375 ἂν
1783 1349 1823 1384 μὴ

1037 1396 1140 1432 ἀκούσῃ
1162 1396 1209 1422 τοῦ
1231 1395 1370 1430 προφήτου
1389 1395 1502 1427 ἐκείνου,
1528 1395 1790 1431 ὲξολοθρευθήσεται.
1808 1405 1822 1420 ι

1038 1442 1155 1468 Βλέπετε
1174 1442 1211 1476 μὴ
1223 1440 1490 1476 ἐξολοθρευθήσεσθε,
1504 1441 1550 1467 καὶ
1565 1442 1605 1472 εἰς
1615 1441 1701 1468 πάντα
1711 1441 1744 1467 τὰ
1755 1441 1822 1476 ἔθνη

1038 1486 1267 1522 διασπαρήσεσθε,
1281 1485 1319 1517 ὡς
1338 1485 1384 1512 τοῦ
1400 1486 1632 1522 προφητευοέντος
1642 1486 1691 1521 τὴν
1707 1485 1821 1521 δύναμιν

1040 1534 1076 1569 μὴ
1098 1532 1285 1568 γνωρίζοντες.
1309 1534 1366 1559 Οὐκ
1386 1532 1474 1559 οἴδατε
1494 1532 1535 1564 τίς
1555 1533 1627 1558 ἐστιν
1649 1534 1663 1559 ὁ
1682 1532 1733 1558 τῶν
1747 1532 1821 1567 ὲμῶν

1038 1579 1182 1614 ὀφθαλμῶν
1193 1579 1369 1614 περιοδευτής
1380 1587 1386 1611 ;
1397 1579 1453 1605 Οὐκ
1465 1579 1562 1609 οἴδατε,
1583 1578 1675 1613 ἐπειδὴ
1693 1578 1758 1613 πρὸς
1774 1577 1822 1612 φό-

1038 1634 1082 1652 νον
1097 1625 1176 1651 αὐτὸν
1194 1623 1310 1658 ζητεῖτε.
1323 1623 1417 1650 Οἴδατε
1434 1623 1461 1650 δὲ
1475 1624 1520 1650 καὶ
1532 1623 1572 1655 τίς
1586 1625 1659 1654 ἐστι,
1676 1623 1723 1649 καὶ
1741 1623 1821 1648 πόθεν

1038 1671 1121 1697 ἐστίν.
1141 1670 1204 1696 Ὅτε
1224 1669 1277 1705 γὰρ
1301 1669 1376 1703 παρά
1406 1668 1525 1704 Ἡρώδου
1551 1668 1707 1703 ὴρωτᾶσθε,
1733 1667 1784 1694 ποῦ
1807 1667 1821 1693 6

1038 1715 1154 1751 Χριστὸς
1169 1715 1306 1748 γεννᾶται,
1322 1713 1472 1744 εὐθυὸόλως
1490 1713 1536 1739 καὶ
1555 1714 1600 1739 τὸν
1615 1713 1696 1739 τόπον
1713 1713 1758 1739 καὶ
1777 1712 1821 1739 τὸν

1039 1759 1136 1795 τρόπον
1153 1759 1331 1794 ἀνηγγείλατε
1345 1758 1479 1793 λέγοντες,
1494 1759 1535 1785 ὅτι
1549 1760 1577 1784 ἐν
1592 1758 1714 1794 Βηθλεὲμ
1724 1758 1820 1792 γεννᾶ-

1038 1815 1093 1833 ται.
1109 1807 1173 1833 Ὅτε
1189 1808 1256 1842 πρὸς
1273 1805 1444 1841 φονοκτονίαν
1460 1805 1637 1840 ἐπιζητεῖται,
1658 1804 1818 1839 γνωρίζετε·

1039 1853 1082 1878 ὅτε
1098 1852 1126 1877 δὲ
1144 1851 1212 1887 πρὸς
1236 1850 1454 1886 Θαυματουργίαν
1474 1850 1654 1882 ἐνδείκνυται,
1676 1850 1706 1876 οὐ
1723 1850 1820 1885 γνωρί-

1040 1897 1110 1929 ζετε.

1075 1944 1119 1971 15.
1138 1944 1216 1970 Ἐστι
1231 1943 1259 1969 δὲ
1279 1942 1387 1973 πάντως
1406 1942 1493 1968 εἰπεῖν
1508 1940 1640 1973 τινα,Καὶ
1662 1940 1742 1967 πόθεν
1758 1941 1821 1976 ἡμῖν

1040 1990 1057 2024 ὴ
1076 1988 1186 2022 γνῶσις,
1201 1988 1241 2014 ὅτι
1258 1989 1272 2014 ὁ
1287 1986 1438 2021 ἀναόλέψας
1453 1987 1550 2020 τυφλὸς
1571 1985 1706 2021 τοσαύτην
1721 1985 1820 2012 δικαιο-

1043 2035 1136 2069 λογίαν
1150 2032 1205 2069 εῐχε
1231 2033 1394 2070 ποιήσασθαι
1409 2033 1475 2068 πρὸς
1489 2032 1552 2064 τοὺς
1568 2033 1749 2067 Φαρισαῖκοὺς
1764 2041 1822 2068 κρι-

1041 2080 1106 2113 τάς;
1121 2079 1153 2106 Τί
1169 2079 1267 2114 λέγεις,
1284 2077 1306 2106 ὧ
1319 2078 1395 2113 φίλε;
1419 2078 1525 2112 σίδηρος
1542 2078 1607 2113 πυρὶ
1623 2077 1822 2113 προσομιλήσας

1041 2127 1109 2158 ὅλως
1130 2126 1325 2162 πυρακτοῦται,
1343 2125 1389 2151 καὶ
1410 2123 1558 2159 στομωθεὶς
1577 2123 1693 2154 ὀξύτατα
1712 2123 1819 2157 τέμνει·

1008 2189 1029 2216 D
1044 2173 1091 2199 καὶ
1108 2168 1184 2203 οὗτος
1200 2171 1253 2198 τῶν
1267 2169 1435 2196 Δεσποτικῶν
1450 2169 1548 2204 χειρῶν
1559 2168 1701 2201 ἀξιωθεὶς,
1719 2167 1820 2194 καὶτοῦ

1044 2217 1135 2244 θεῖκοῦ
1157 2217 1362 2252 ἐμπτύσματος,
1390 2216 1440 2242 οὐκ
1465 2213 1535 2250 εἶχεν
1557 2214 1733 2248 ἀσυλλόγιστα
1755 2213 1822 2239 κατὰ

1042 2263 1096 2289 τῶν
1127 2262 1292 2298 παρανόμων
1323 2262 1444 2297 ρητόρων
1474 2260 1662 2294 σοφιστεύειν;
1694 2260 1731 2285 Οὐ
1761 2259 1822 2294 περὶ

1042 2309 1135 2336 τούτου
1150 2309 1197 2336 καὶ
1208 2309 1261 2335 τῶν
1273 2308 1399 2334 τοιούτων
1409 2307 1499 2340 ἔλεγεν
1513 2307 1528 2341 ἠ
1544 2306 1602 2332 θεία
1618 2306 1711 2341 Γραφή
1725 2314 1731 2319 ·
1747 2315 1755 2330 ι
1770 2305 1822 2331 Κύ-

1044 2363 1100 2390 ριος
1117 2354 1194 2388 σοφοῖ
1211 2353 1342 2387 τυφλούς;
1364 2362 1372 2378 ι
1390 2351 1523 2385 Εὕκαιρον
1537 2351 1584 2377 καὶ
1600 2350 1692 2376 τοῦτον
1712 2350 1757 2376 τὸν
1774 2359 1821 2376 πα-

1044 2399 1159 2434 ραδόξως
1179 2397 1377 2432 ἀναϐλέψαντα,
1402 2396 1448 2423 καὶ
1464 2395 1502 2430 τῷ
1526 2395 1618 2430 Κυρίῳ
1637 2395 1755 2430 γνησίως
1781 2404 1822 2421 πι-

1044 2444 1205 2476 στεύσαντα,
1217 2444 1264 2470 καὶ
1282 2443 1351 2470 κατὰ
1367 2443 1500 2469 Ἰουδαίων
1521 2441 1655 2477 κραταιῶς
1672 2440 1822 2475 ἐνισχύσαν-

1042 2499 1086 2522 τα,
1099 2490 1216 2524 λογικὸν,
1234 2488 1368 2520 εὐπειθὲς,
1381 2488 1582 2522 πολυγάλακτον
1596 2486 1728 2521 πρόϐατον
1744 2493 1823 2520 προο-

1043 2537 1141 2562 ειπεῖν.
1179 2535 1300 2568 Ἐπέγνω
1331 2533 1384 2569 γὰρ
1412 2534 1458 2559 τὸν
1487 2531 1668 2567 ἀρχιποιμένα
1691 2531 1821 2566 Χριστὸν,

1043 2582 1202 2617 ἀπεπήδησε
1223 2580 1287 2612 τοὺς
1315 2579 1496 2614 Φαρισαῐκοὺς
1521 2579 1634 2609 λύκους·
1652 2577 1760 2612 είσῆλθε
1782 2577 1822 2602 διὰ

1047 2628 1095 2662 τῆς
1112 2627 1259 2662 σταυρικῆς
1282 2625 1366 2660 θύρας
1388 2625 1427 2655 εἰς
1447 2624 1496 2659 τὴν
1515 2622 1741 2658 ἐκκλησιαστικὴν
1761 2622 1822 2657 μάν-

1048 2672 1123 2708 δραν.
1137 2672 1252 2702 Ἥκουες
1265 2669 1365 2705 ἀρτίως
1376 2669 1422 2695 τοῦ
1435 2669 1536 2704 Κυρίου
1550 2669 1686 2703 λέγοντος·
1703 2677 1711 2693 ι
1733 2667 1823 2702 Ἀμὴν,

1048 2719 1121 2753 ἀμὴν
1136 2718 1207 2752 λέγω
1221 2718 1294 2753 ὑμῖν,
1307 2718 1321 2743 ὁ
1344 2715 1381 2751 μὴ
1402 2715 1589 2751 εἰσερχόμενος
1613 2715 1655 2742 διὰ
1674 2714 1723 2749 τῆς
1745 2712 1823 2747 θύρας

250 2809 272 2825 ⁸¹
290 2809 368 2837 Joan.
383 2819 421 2843 ix,
439 2810 490 2843 28,
509 2810 553 2837 ‘29.
592 2810 614 2826 ⁸⁸
633 2810 710 2838 Deut.
729 2818 805 2843 xvut,
820 2810 862 2842 15,
879 2809 926 2843 19;
944 2810 987 2837 Acl

1042 2817 1068 2843 ι,
1085 2809 1137 2842 2‘2,
1154 2809 1198 2836 ‘23.
1237 2809 1258 2824 ⁵⁷
1275 2807 1346 2836 Psal.
1362 2815 1442 2840 chv,
1460 2807 1485 2835 8.
