1940 3067
151 127 219 156 1021

641 127 780 155 ΗΟΜΙΙΛᾹ
800 127 833 154 lN
853 127 984 155 CAECUM
1003 127 1025 153 Α
1045 127 1265 155 ΝΑΤΙΠΤΑΤΕ.

1691 131 1700 157 l
1707 131 1760 158 022

149 185 193 217 είς
205 185 255 220 τὴν
271 184 354 219 αὐλὴν
373 184 427 210 τῶν
442 184 594 220 προϐάτων,
607 184 673 211 ἀλλὰ
689 185 839 211 ἀναϐαίνων
852 184 927 211 ἀλλα-

985 184 1031 211 scd
1057 185 1177 212 ascendit
1204 184 1324 216 aiiumle,
1353 185 1397 212 ille
1421 184 1464 212 fur
1490 189 1531 212 est
1558 189 1584 212 et
1606 185 1676 212 latro
1693 186 1727 212 ⁸³.
1748 196 1758 212 ι

150 230 246 265 κόθεν,
260 229 377 264 κλέπτης
396 230 454 256 ἐστὶ
477 230 524 256 καὶ
542 230 650 265 λῃστής,
672 240 680 255 1
703 231 792 265 Θύραν
805 231 819 255 ὁ
833 231 933 265 Κύριος

150 275 247 302 ἑαυτὸν
262 275 477 310 προσηγόρευσε·
494 276 540 301 καὶ
555 275 608 310 γὰρ
620 275 691 306 ὅπως
704 276 740 310 μή
752 283 833 306 τινες,
850 274 933 310 θύραν

151 321 318 352 ἀκούσαντες
327 341 334 351 ,
346 320 464 355 δόξουσιν
478 321 570 352 ἁπλῶς
584 321 663 347 αὑτὸν
681 321 745 355 περὶ
760 320 843 356 θύρας
856 320 933 354 λιτῆς

150 367 250 401 λέγειν,
264 367 360 399 ἐπάγει
378 366 428 401 τὴν
447 367 603 402 ἑρμηνείαν,
624 367 668 393 ἵνα
689 366 808 402 κρατύνῃ
826 366 874 401 τὴν
896 366 933 392 δι-

150 412 311 439 δασκαλίαν·
337 412 437 444 εὐθέως
456 413 514 449 γὰρ·
539 413 665 448 προσθεὶς
685 413 789 447 ἔλεγεν·
809 422 818 438 ‹
837 412 932 447 Ἀμὴν,

151 458 226 493 ἀμὴν
238 458 310 492 λέγω
329 459 407 494 ὑμῖν·
433 458 501 492 Ἐγώ
517 459 573 493 εἰμι
617 459 686 494 θύρα
702 458 755 484 τῶν
770 458 912 493 προϐάτων
925 466 932 472 ·

150 504 264 539 δι’νὲμοῦ
281 504 328 530 ἐὰν
341 513 382 536 τις
396 504 501 540 είσέλθῃ
528 505 573 531 καὶ
584 503 686 539 ἐξέλθῃ,
696 503 778 539 νομὴν
795 503 913 539 εὐρήσει;
922 512 931 528 ι

150 550 250 581 Καλῶς
264 551 278 577 ὁ
295 550 394 585 Κύριος
417 550 500 585 θύραν
521 551 616 577 ἑαυτὸν
640 551 868 586 προσηγόρευσεν,
897 550 934 582 ὡς

151 595 295 629 φυλάττων
317 596 378 626 τοὺς
403 595 475 622 ἔνδον
497 596 546 631 τῆς
566 596 699 628 πίστεως,
722 597 759 628 ὡς
792 596 933 623 ὰποσοϐὦν

149 641 215 672 τοὺς
231 641 281 673 ἔξω
299 640 526 676 περιαθροῦντας,
551 643 597 668 καὶ
620 642 736 675 εἰσάγων
761 644 800 674 είς
822 643 871 676 τὴν
888 642 933 669 τοῦ

150 685 339 711 οἰκοδεσπότου
357 686 458 720 πατρὸς
475 686 624 721 συντυχίαν.
638 686 731 718 Οὐδεὶς
742 686 795 722 γὰρ
807 687 933 721 γινώσκει

149 730 196 755 τὸν
213 729 321 765 Πατέρα
339 731 362 756 εί
377 730 413 764 μὴ
437 729 478 756 διὰ
495 730 540 756 τοῦ
556 730 631 762 Υἰοῦ,
653 731 713 756 κατ’
732 731 810 757 αὐτὸν
829 731 875 757 τὸν
892 731 934 757 λέ-

149 783 248 808 γοντα’
266 784 275 800 ι
296 775 389 806 Οὐδεὶς
401 775 527 809 γινώσκει
546 776 591 801 τὸν
605 776 714 812 Πατέρα
734 777 757 802 εἰ
772 776 808 811 μὴ
823 777 837 802 6
854 776 932 808 Υἱὸς,

150 821 200 847 καὶ
220 817 242 854 ᾧ
259 821 305 847 ἐὰν
322 821 447 856 βούληται
461 822 474 847 6
489 821 550 852 Υἱὸς
563 821 743 856 ἀποκαλύψαι.
761 831 770 847 ι
790 821 860 854 Ἐγώ
876 823 934 857 εἰμι

983 228 1088 256 Ostium
1105 237 1165 256 sese
1180 229 1311 256 Dominus
1327 230 1464 264 appellat;
1480 231 1579 257 etenim
1596 238 1630 258 ne
1645 231 1761 258 fortasse

983 274 1104 309 quidam,
1131 275 1231 301 ostiqu
1256 275 1406 308 audientes,
1430 276 1629 303 arbitrarentur
1648 284 1710 304 eum
1729 277 1763 304 de

983 319 1120 346 communi
1145 319 1262 354 quodam
1287 321 1358 348 ostio
1384 320 1466 347 verba
1496 320 1596 353 facere,
1629 321 1762 356 interpre-

983 366 1113 393 tationem
1133 366 1282 401 subjungit,
1309 370 1338 392 ut
1362 366 1514 393 doctrinam
1542 366 1630 394 ﬁrmet
1654 374 1731 394 suam
1753 376 1759 392 :

985 411 1113 438 continuo
1141 412 1213 438 enim
1246 411 1339 444 adjicit
1366 418 1372 436 :
1406 419 1415 436 ‹
1444 412 1551 443 Amen,
1588 419 1665 438 amen
1700 411 1762 438 dico

983 456 1061 483 vobis
1082 465 1088 482 :
1109 455 1164 491 Ego
1183 463 1244 483 sum
1263 457 1363 482 ostium
1391 457 1481 483 ovium
1503 465 1510 482 τ
1530 464 1577 491 per
1595 464 1638 484 me
1658 457 1680 483 si
1700 458 1760 490 quis

983 502 1160 537 ingredietur,
1171 507 1197 528 et
1208 502 1368 536 egredietur,
1385 510 1486 536 pascua
1501 503 1618 529 inveniet
1631 503 1663 528 ³³.
1681 512 1689 528 ι
1702 502 1763 529 Pul-

984 548 1049 574 chre
1066 547 1199 574 Dominus
1212 548 1312 574 ostium
1328 555 1388 575 sese
1403 548 1517 580 vocavit,
1539 552 1632 583 utpote
1647 549 1693 583 qui
1713 556 1761 575 cu-

984 593 1084 620 stodiat
1109 599 1156 620 eos
1175 593 1220 627 qui
1247 592 1319 621 intus
1338 593 1365 619 in
1389 593 1441 620 lide
1455 597 1518 620 sunt
1536 601 1542 620 :
1558 593 1603 627 qui
1625 597 1652 620 et
1671 584 1760 628 abigat

984 638 1063 673 373
1083 646 1130 666 eos
1152 638 1199 672 qui
1221 638 1287 665 foris
1304 638 1528 673 circumspiciunt
1553 648 1558 665 :
1579 638 1624 673 qui
1650 638 1760 665 inducat

984 683 1018 710 ad
1036 683 1239 718 patrisfamilias
1258 684 1436 711 consortium.
1451 682 1536 710 Nemo
1549 685 1648 718 quippe
1660 691 1760 718 cogno-

984 730 1036 756 scit
1061 728 1178 760 Patrcm,
1203 729 1255 756 nisi
1283 737 1330 764 per
1353 729 1462 762 Filium,
1488 730 1558 757 sicut
1580 731 1637 765 ipse
1665 730 1731 756 dicit
1753 739 1759 756 :

987 784 996 800 ‹
1019 774 1102 802 Nemo
1122 774 1196 801 novit
1214 774 1321 803 Patrem
1342 775 1394 803 nisi
1415 775 1510 806 Filius,
1534 779 1560 802 et
1582 776 1626 802 cui
1648 775 1761 802 voluerit

984 819 1069 847 Filius
1085 821 1203 848 revelare
1217 821 1250 846 να.
1264 830 1272 846 ι
1297 821 1351 855 Ego
1368 829 1426 848 sum
1441 821 1540 848 ostium
1554 821 1656 848 ovium.
1676 820 1762 847 Probe

150 868 168 902 ἡ
180 867 249 902 θύρα
264 867 317 893 τῶν
331 867 480 902 προϐάτων.
496 867 592 899 Καλῶς
603 869 616 894 6
630 867 729 903 Κύριος
744 869 837 894 ἑαυτὸν
850 877 927 903 προσ-

983 872 1042 892 sese
1061 863 1190 891 Dominus
1210 864 1308 891 ostium
1321 865 1447 899 appellat,
1464 869 1490 892 et
1506 873 1558 892 non
1572 865 1642 892 ostia
1661 874 1668 891 :
1689 873 1761 892 unus

150 914 285 949 ηγὸρευσε
314 914 416 949 θύραν,
439 914 486 940 καὶ
510 915 540 940 οὺ
563 913 663 949 θύρας·
692 913 731 947 εἷς
757 915 811 950 γὰρ
835 917 849 941 6
874 917 930 942 Ila.—

149 960 201 995 τὴρ
218 959 284 994 (87),
312 960 358 986 καὶ
376 957 415 991 εἷς
431 961 444 986 6
458 960 529 991 Υἱὸς,
551 961 596 986 καὶ
609 959 638 986 ἓν
653 960 765 995 Πνεῦμα
786 960 816 986 τὸ
840 960 929 994 ἅγιον,

149 1005 197 1030 καὶ
214 1005 243 1030 οὐ
262 1006 335 1041 τρεῖς
355 1004 427 1031 θεοί·
442 1005 509 1031 ἀλλὰ
524 1005 572 1040 μία
589 1005 657 1040 θύρα
668 1005 802 1039 γνώσεως.
822 1005 877 1032 Καὶ
889 1006 931 1037 τίς

147 1050 244 1076 τούτου
272 1050 391 1084 μάρτυς;
415 1050 521 1081 Παῦλος
540 1050 624 1085 βοῶν’
651 1059 660 1075 t
682 1048 728 1081 Εἷς
749 1050 858 1086 Κύριος,
883 1051 931 1086 μία

150 1096 255 1128 πίστις,
273 1096 302 1121 ἒν
321 1096 486 1130 gamma.»
507 1096 644 1131 Οὗδαμοῦ,
663 1097 693 1122 οὐ
707 1096 771 1127 δύο,
788 1097 818 1122 οὐ
840 1099 930 1133 τρεῖς,

148 1142 181 1168 οὐ
195 1141 335 1177 τέσσαρες,
350 1142 379 1167 ού
398 1141 487 1172 πέντε,
501 1141 566 1168 am
580 1142 714 1177 πανταχοῦ
731 1142 760 1168 τὸ
771 1141 826 1175 εἷς,
838 1143 929 1178 ἐπειδὴ

149 1188 197 1213 καὶ
218 1187 264 1222 μία
290 1187 369 1223 θύρα,
388 1185 427 1219 εἷς
450 1187 565 1223 Κύριος,
588 1188 738 1223 ἀδιαίρετος
757 1189 851 1215 οὐσία·
882 1189 930 1224 μία

149 1232 250 1263 πίστις,
266 1233 282 1267 ἡ
301 1231 476 1267 ἀϐαθμίδοτος
492 1232 628 1266 δοξολογία
641 1233 705 1268 (88),
731 1233 759 1260 ἓν
780 1234 929 1269 βάπτισμα,

149 1277 197 1304 καὶ
208 1277 396 1313 ἁκαπήλευτον
415 1277 540 1313 φώτισμα
551 1279 585 1304 ’νό
598 1278 698 1313 ταύτην
715 1278 784 1314 ἔχων
798 1279 846 1314 τὴν
861 1279 931 1313 γνῶ-

150 1332 192 1350 σιν
212 1323 256 1350 διὰ
281 1323 331 1358 τῆς
359 1323 442 1358 Θύρας
458 1324 624 1359 εἰσέρχεται,
649 1325 695 1350 καὶ
711 1326 743 1360 τῇ
768 1324 837 1360 θύρᾳ
863 1326 932 1360 Χρι-

149 1368 213 1394 στοῦ
230 1367 286 1403 (89)
303 1369 530 1403 περιπτύσσεται,
554 1369 664 1403 καὶτῆς
688 1368 770 1404 θύρας
792 1369 822 1395 οὺ
849 1371 930 1405 χωρί-

149 1413 234 1444 ζεται.

184 1459 228 1485 14.
249 1459 336 1494 Ήμᾶς
360 1460 374 1486 6
391 1459 492 1494 Κύριος
511 1459 611 1494 ἀρτίως
627 1459 679 1486 ἴδια
693 1460 818 1495 πρόϐατα
831 1460 928 1487 ἀκολα-

148 1505 252 1537 κεύτως
276 1505 495 1540 προσηγόρευσεν
505 1515 511 1519 -
530 1505 583 1531 ﬁt:
613 1505 745 1540 πρόϐατα,
761 1505 798 1537 ὡς
814 1506 930 1532 πολυπο-
943 1525 964 1553 c

148 1549 247 1575 κοῦντα
263 1550 295 1584 τῇ
313 1549 493 1585 φιλοπτωχίᾳ·
511 1550 548 1581 ὼς
565 1549 743 1581 πλεονάζοντα
758 1551 788 1576 τὺ
799 1551 867 1585 γάλα
883 1551 928 1577 τοῦ

148 1593 294 1629 θρεπτικοῦ
307 1593 385 1627 λόγου
401 1594 471 1628 (90)·
489 1594 526 1626 ὡς
545 1594 710 1630 χλοαζόμενα
726 1595 756 1622 τὺ
770 1596 815 1622 τοῦ
828 1596 929 1630 Κυρίου

148 1640 243 1674 σῶμα·
271 1639 309 1670 ὡς
335 1639 510 1674 πειθομένους
522 1641 553 1674 τῇ
573 1642 703 1676 σταυρικῇ
719 1640 853 1677 βακτηρίᾳ
865 1650 871 1656 ·
892 1641 928 1673 ὡς

148 1684 346 1719 συναγομένους
368 1685 401 1720 τῇ
417 1684 554 1720 τριπλόκῳ
569 1686 618 1720 τῆς
637 1686 753 1718 πίστεως
769 1685 861 1712 ἁλύσει
871 1693 877 1699 ”
891 1686 929 1718 ὡς

148 1728 186 1764 μὴ
212 1728 462 1760 λειποτακτοῦντας,
478 1729 533 1755 ἀλλ’
551 1730 771 1766 ὲπερειδομένους
793 1731 832 1766 τῷ
848 1731 928 1766 ἀκρο-

145 1773 265 1808 γωνιαίῳ
280 1773 346 1809 λίθῳ
361 1774 479 1809 Χριστῷ.
493 1775 583 1811 Θύραν
597 1777 610 1802 6
626 1776 726 1812 Κύριος
740 1777 833 1804 ἑαυτὸν
845 1786 929 1813 προσ-

145 1820 277 1855 ηγόρευσε
288 1829 294 1835 ·
310 1821 355 1847 καὶ
370 1820 458 1853 καλῶς
474 1821 556 1857 θύραν
567 1831 573 1837 ·
588 1822 642 1858 ἔχει
657 1823 710 1859 γὰρ
723 1823 768 1849 δύο
785 1825 927 1860 παραστά-

144 1865 193 1897 δας
206 1866 271 1900 (9|),
293 1866 342 1901 τὴν
367 1867 488 1893 Παλαιὰν
510 1869 556 1894 καὶ
581 1869 684 1904 Καινὴν
701 1869 854 1905 Διαθήκην·
868 1870 927 1897 ὁδὸν

145 1910 192 1937 καὶ
217 1910 378 1946 ὑπέρθυρον,
400 1913 548 1948 περιτομὴν
575 1914 621 1940 καὶ
647 1914 837 1951 ἀκροϐυστίαν·
854 1913 926 1942 οἷκον

144 1955 192 1991 τὴν
218 1956 379 1991 ἐκκλησίαν·
407 1958 546 1993 τράπεζαν
570 1959 600 1985 τὸ
623 1959 827 1996 θυσιαστήριον*
844 1960 925 1996 ἄρτον

144 2001 190 2027 τὸν
205 2002 288 2036 ἀμνόν
297 2010 303 2016 ·
322 2003 446 2038 κρατῆρα
459 2004 504 2030 τὸν
526 2004 654 2039 μυστικὸν
665 2003 734 2032 οἶνον
744 2014 750 2020 ·
767 2007 866 2042 χρυσὸν
876 2007 924 2042 τὴν

143 2046 286 2081 ἀκίϐδηλον
306 2048 411 2074 πίστιν·
424 2049 542 2084 ἄργυρον
561 2050 609 2085 τὴν
624 2050 751 2087 λαμπρὰν
769 2052 904 2079 πολιτείαν
916 2062 923 2067 ·

145 2093 314 2128 μαργαρίτας
340 2094 374 2120 τὰ
400 2093 458 2120 θεῖα
481 2095 618 2130 δόγματα·
641 2097 750 2132 χλαῖναν
763 2097 812 2132 τὴν
830 2098 924 2134 στολὴν

143 2137 189 2164 τοῦ
210 2138 405 2173 βαπτίσματος,
424 2140 539 2172 Ἤκουες
562 2141 662 2177 ἀρτίως
685 2143 766 2169 αὑτοῦ
785 2143 922 2178 λέγοντος·

146 2193 162 2209 ιτ
182 2183 251 2217 Ἐγώ
276 2185 360 2219 εἱμιὸ
381 2186 485 2221 Ποιμὴν
504 2187 517 2212 ὁ
540 2187 636 2219 καλός⁸
654 2189 668 2214 6
685 2189 786 2224 ποιμὴν
810 2190 824 2216 6
845 2190 923 2221 καλὸς
939 2201 961 2228 D

141 2228 191 2263 τὴι
216 2228 304 2263 ψυχὴν
330 2229 412 2256 αὑτοῦ
441 2230 545 2265 τίθησιν
573 2232 642 2267 ὑπὲρ
663 2233 716 2259 τῶν
737 2234 889 2269 προϐάτων.
911 2244 920 2259 ι

147 2273 257 2299 Ἑαυτὸν
272 2274 286 2300 6
296 2273 396 2310 Κύριος
404 2275 526 2310 ᾐνίττετο
538 2284 546 2293 ο
562 2277 576 2303 ὅ
584 2278 637 2313 γὰρ
648 2278 702 2314 (92)
715 2279 814 2314 ἤμελλε
826 2282 921 2312 ποιεῖν,

142 2318 288 2353 προέλεγεν
300 2329 307 2334 ·
321 2320 406 2351 οὐδεὶς
424 2321 479 2357 γὰρ
493 2322 561 2356 ὑπὲρ
577 2323 629 2349 τῶν
649 2325 791 2359 προϐάτων
810 2325 923 2352 θάνατον

142 2364 301 2397 κατεδέξατο
322 2367 346 2391 εί
362 2366 398 2400 μὴ
413 2367 491 2401 μόνος
501 2369 515 2393 ὁ
529 2368 639 2404 Κύριος.
659 2370 743 2401 Αὐτὸς
757 2371 836 2405 μόνος
852 2371 922 2407 ὑπὲρ

141 2409 314 2444 τῶνλογικῶν
328 2411 470 2446 προϐάτων
480 2413 637 2445 κατεδέξατο
648 2415 770 2447 θάνατον,
784 2417 833 2442 οὐκ
841 2417 922 2443 ἀκού-

143 2462 208 2485 σιον,
242 2455 298 2481 ἀλλ’
323 2457 442 2483 ἑκούσιον
456 2466 462 2472 ·
481 2457 592 2485 θάνατον
612 2459 661 2485 οὐκ
688 2461 840 2495 ἐπιζήμιον,
864 2462 920 2488 ἀλλ’

142 2500 268 2536 ὲπικερδῆ
280 2510 286 2516 ·
304 2501 416 2529 θάνατον
436 2503 466 2530 οὐ
482 2504 583 2540 φθορᾶς
599 2505 730 2538 δεκτικὸν,
751 2507 807 2532 ἀλλ’
822 2507 923 2543 ἀφθαρ-

981 910 1052 937 enim
1067 909 1156 942 Pater,
1176 918 1246 937 unus
1260 909 1353 940 Filius,
1366 918 1436 937 unus
1452 909 1569 945 Spiritus
1588 915 1700 938 sanctus
1716 920 1721 937 :
1735 914 1762 937 et

981 963 1036 982 non
1071 959 1125 982 tres
1158 955 1220 988 dii;
1252 955 1300 982 sed
1333 963 1418 982 unum
1453 955 1616 990 cognitionis
1647 956 1758 983 ostium.

980 1000 1144 1035 Ecquisnam
1173 1001 1286 1035 hujusce
1314 1002 1353 1028 rei
1381 1002 1479 1029 testis?
1505 1001 1605 1029 Paulus
1634 1002 1680 1036 qui
1707 1002 1761 1028 cla-

981 1050 1037 1073 mat
1056 1055 1064 1074 :
1087 1056 1096 1072 (
1119 1047 1196 1074 Unus
1220 1047 1361 1079 Dominus,
1387 1055 1441 1074 una
1467 1047 1543 1079 ﬁdes,
1564 1056 1647 1075 unum
1672 1048 1759 1083 bapti-

982 1100 1040 1119 sma
1056 1093 1090 1119 οι.
1115 1102 1124 1118 ι
1143 1092 1282 1128 Nusquam
1302 1093 1366 1125 duo,
1388 1101 1441 1120 non
1469 1098 1533 1126 tres,
1555 1101 1608 1120 non
1631 1097 1757 1128 quatuor,

981 1146 1035 1165 non
1062 1138 1204 1173 quinque;
1231 1139 1278 1165 sed
1303 1138 1404 1173 ubique
1431 1146 1513 1169 unus.
1538 1139 1758 1174 quandoquidem

981 1191 1064 1210 unum
1083 1184 1182 1211 ostium
1201 1193 1208 1217 ;
1234 1191 1305 1211 unus
1331 1184 1471 1216 Dominus.
1497 1185 1612 1213 indivisa
1632 1187 1759 1213 substan-

981 1228 1017 1254 tia
1034 1239 1040 1255 :
1058 1236 1111 1256 una
1126 1229 1202 1261 iides,
1223 1230 1307 1264 gloria
1329 1230 1432 1258 scilicet
1453 1231 1535 1258 nullis
1554 1231 1682 1259 distincta
1697 1239 1760 1266 ςτε-

980 1274 1061 1302 dibus
1089 1284 1095 1301 :
1122 1282 1204 1301 unutn
1234 1276 1389 1310 baptisma,
1424 1284 1454 1303 ac
1483 1284 1550 1311 pura
1583 1277 1756 1304 illuminatio.

980 1319 1032 1352 Qui
1057 1321 1106 1347 hac
1138 1321 1287 1348 instructus
1318 1325 1360 1348 est
1383 1322 1550 1357 cognitione,
1581 1330 1629 1357 per
1656 1324 1757 1350 ostium

980 1366 1140 1404 ingreditur,
1158 1374 1189 1393 ac
1208 1366 1290 1398 ostio,
1310 1366 1419 1395 Christo
1438 1368 1552 1402 scilicet,
1562 1369 1756 1404 circumdatur,

980 1403 1066 1444 neque
1083 1410 1118 1437 ab
1132 1411 1204 1438 ostio
1218 1416 1369 1446 separatur.

1016 1457 1059 1483 14.
1080 1456 1135 1484 Nos
1155 1458 1235 1484 modo
1255 1458 1381 1485 Christus
1403 1459 1470 1486 citra
1493 1459 1674 1487 adulationem
1695 1469 1758 1496 pro-

981 1502 1054 1536 prias
1078 1503 1184 1529 vocavit
1208 1511 1292 1530 oves:
1319 1504 1443 1538 proprias
1463 1512 1544 1535 oves.
1572 1509 1665 1540 utpote
1688 1507 1758 1533 laui-

981 1555 1059 1582 geras
1075 1547 1253 1575 benelicentia
1268 1556 1332 1583 erga
1355 1557 1506 1583 pauperes:
1525 1554 1553 1576 ut
1574 1551 1668 1584 plenas
1689 1551 1758 1579 lacte

980 1594 1146 1621 exuberante
1167 1594 1330 1621 nutricantis
1353 1595 1509 1622 sermonis:
1533 1599 1563 1622 ut
1586 1600 1679 1630 pastas
1702 1596 1756 1623 Do-

980 1638 1045 1664 mini
1069 1646 1203 1673 corpore:
1224 1643 1253 1666 ut
1271 1640 1454 1674 obsequentes
1475 1641 1572 1667 baculo
1594 1643 1684 1669 crucis
1701 1651 1708 1669 ;
1729 1647 1757 1669 ut

979 1684 1114 1718 triplicata
1129 1688 1239 1712 coactas
1254 1684 1314 1711 ﬁdei
1329 1690 1423 1712 catena
1439 1696 1445 1712 :
1461 1690 1491 1712 ut
1506 1686 1629 1714 ordinem
1645 1688 1757 1716 minime

979 1729 1152 1760 deserentes,
1171 1730 1219 1757 sed
1237 1730 1346 1757 iunixas
1373 1730 1496 1765 angulari
1522 1731 1610 1766 lapide
1635 1732 1754 1760 Christo.

979 1774 1084 1802 Ostium
1115 1782 1176 1802 sese
1207 1775 1338 1803 Dominus
1370 1776 1515 1810 appellavit
1540 1786 1546 1803 :
1582 1785 1614 1803 ac
1644 1777 1757 1812 pulchre

977 1820 1077 1847 ostium
1088 1839 1095 1852 ,
1114 1820 1195 1848 habet
1211 1822 1282 1847 enim
1300 1825 1392 1856 postes
1408 1822 1494 1854 duos,
1509 1821 1592 1850 Vetus
1606 1831 1637 1850 ac
1650 1822 1756 1851 Novum

977 1864 1180 1893 Testamentum
1194 1886 1201 1898 ,
1219 1866 1301 1893 limen
1319 1874 1350 1893 ac
1368 1868 1591 1902 superliminare,
1609 1869 1755 1897 circumci-

977 1911 1081 1938 sionem
1099 1919 1132 1938 ac
1148 1913 1330 1946 praeputium;
1347 1913 1474 1946 domum,
1495 1915 1636 1942 ecclesiam
1650 1924 1657 1949 ;
1680 1924 1756 1944 men-

976 1963 1050 1989 sam,
1074 1957 1178 1986 altare:
1198 1965 1312 1992 panem,
1337 1966 1457 1993 agnum;
1482 1964 1634 1993 craterem,
1659 1961 1755 1997 mysti-

975 2009 1037 2029 cum
1052 2003 1145 2029 vinum
1159 2011 1166 2036 ;
1184 2011 1299 2036 aurum,
1322 2005 1455 2032 sinceram
1477 2005 1555 2032 [idem
1571 2015 1577 2040 ;
1594 2011 1752 2041 argentum.

975 2049 1131 2083 praeclaram
1145 2050 1206 2077 vita).
1220 2052 1351 2078 rationem
1365 2059 1372 2084 ;
1392 2053 1552 2086 margaritas
1562 2072 1570 2083 ,
1589 2054 1678 2080 divina
1702 2055 1754 2081 do-

974 2099 1079 2129 gmata;
1093 2094 1236 2128 chlarnam,
1251 2097 1420 2131 baptismatis
1435 2097 1542 2124 stolam.
1554 2099 1661 2125 Audisti
1673 2099 1754 2127 modo

974 2140 1010 2166 ita
1026 2141 1177 2175 loquentem
1191 2142 1266 2168 illum
1280 2151 1286 2168 :
1302 2151 1310 2167 ι
1328 2143 1382 2177 Ego
1398 2150 1457 2169 sum
1474 2143 1570 2170 Pastor
1585 2144 1687 2175 bonus,
1705 2145 1754 2172 bo-

975 2194 1026 2213 nus
1052 2192 1144 2221 pastor
1167 2188 1283 2214 animam
1306 2195 1384 2215 suam
1409 2189 1484 2222 ponit
1506 2197 1555 2223 pro
1581 2190 1675 2217 ovibus
1691 2190 1724 2219 ".
1741 2201 1750 2216 ι

975 2231 1106 2259 Dominus
1122 2233 1295 2267 semetipsum
1311 2233 1504 2266 adumbrabat,
1520 2234 1591 2268 quod
1608 2235 1680 2262 enim
1695 2240 1754 2262 erat

974 2276 1098 2305 facturus
1113 2278 1323 2312 praeuuntiabat.
1342 2278 1426 2306 Nemo
1449 2280 1548 2314 quippe
1568 2285 1681 2307 mortem
1703 2289 1752 2316 pro

974 2323 1070 2350 ovibus
1088 2323 1186 2355 subiit,
1202 2324 1255 2351 nisi
1277 2324 1352 2351 solus
1374 2324 1515 2352 Dominus.
1539 2325 1598 2360 ipse
1613 2327 1687 2353 solus
1704 2335 1752 2361 pro

973 2369 1155 2396 rationalibus
1170 2369 1266 2396 ovibus
1290 2374 1405 2397 mortem
1423 2371 1572 2404 sustinuit,
1596 2379 1649 2398 non
1669 2372 1752 2399 invite

974 2415 1021 2442 sed
1037 2423 1087 2443 sua
1108 2419 1204 2450 sponte
1217 2436 1224 2446 ,
1245 2421 1358 2443 mortem
1375 2424 1430 2443 non
1448 2416 1606 2444 damnosam
1625 2418 1671 2445 sed
1689 2426 1750 2452 per-

974 2461 1089 2493 utilem;
1121 2465 1235 2488 mortem
1260 2469 1314 2488 non
1337 2462 1520 2495 corruptionis
1542 2470 1687 2498 capacem,
1703 2464 1751 2490 sed

975 2508 1190 2543 incorruptionis
1206 2509 1416 2536 conciliatricem
1431 2519 1437 2537 :
1454 2513 1567 2537 mortem
1591 2509 1643 2537 title
1669 2510 1750 2537 intel-

174 2577 197 2593 ⁸⁸
216 2577 294 2605 Joan.
313 2587 346 2611 Χ,
363 2583 389 2607 1.
427 2580 449 2596 δ’
469 2581 533 2608 ibid.
552 2581 579 2608 9.
617 2582 639 2597 ’°
659 2582 752 2610 Matth.
773 2591 814 2616 χι,
832 2583 876 2611 27.
916 2586 925 2600 ’

981 2584 1058 2619 pltcs.
1078 2593 1114 2618 iv,
1133 2585 1159 2612 5.
1198 2587 1220 2601 "
1240 2585 1318 2613 Joan.
1336 2593 1370 2618 Χ,
1388 2587 1432 2614 Η.

185 2653 230 2690 87)
247 2654 274 2680 In
295 2654 390 2690 Reg.2
403 2657 535 2684 articulus
553 2657 638 2685 deest.

184 2688 228 2722 88)
246 2690 323 2729 Apud
338 2688 453 2729 VGmﬁos
472 2692 577 2729 duple_x_
590 2698 631 2719 est
650 2694 797 2728 δοξολογία·
823 2695 916 2729 prima.

961 2662 1061 2700 imiter}
1069 2662 1179 2700 Κύριος.
1191 2662 1272 2700 Editi,
1293 2663 1364 2698 ὑμᾶς
1375 2665 1389 2690 6
1401 2664 1512 2700 Κύριος.

997 2697 1051 2730 (90)
1069 2697 1133 2735 Reg.
1150 2698 1176 2735 2z
1194 2699 1262 2731 γάλα
1287 2697 1317 2725 τὸ
1339 2697 1483 2734 θρεπτικόν
1496 2708 1502 2714 ·
1520 2699 1558 2732 ὼς
1574 2700 1666 2735 χλοαζ.
1685 2701 1744 2729 Mox

140 2718 224 2757 eaque
236 2718 324 2764 'ma'jor
337 2729 387 2768 est,
402 2718 532 2768 Hymnus.
543 2718 913 2768 ’ctdiﬁiﬁﬁkéo;ﬁne};
962 2718 1050 2768 idem:

140 2759 434 2799 quae'minor'vocatur,
445 2765 487 2788 est
501 2769 595 2790 versus
608 2771 615 2791 :
630 2762 723 2790 Gloria
735 2764 819 2796 Patri,
833 2773 913 2799 quam

141 2792 310 2828 hiciindiicari
325 2799 462 2828 putamus.

174 2827 227 2863 (89)
248 2827 313 2864 Reg.
326 2827 357 2861 ’2,
373 2831 420 2856 καὶ
437 2830 485 2865 τὴν
499 2830 583 2866 θύραν
600 2833 723 2868 Υριστόν.
741 2833 801 2862 Mox
831 2835 912 2867 idem,

997 2766 1051 2807 (9))
1066 2766 1131 2807 liqg.
1150 2769 1174 2800 1,
1194 2766 1220 2800 2,
1248 2769 1434 2805 παραστάτας.
1454 2768 1514 2796 Mox
1535 2770 1597 2807 Reg.
1617 2772 1645 2804 2,
1661 2772 1747 2799 ὀδίονα

964 2801 1010 2827 καὶ
1025 2801 1121 2836 ὑπέρθ.

999 2836 1054 2870 (92)
1069 2836 1105 2864 Ita
1118 2836 1175 2873 Reg
1201 2837 1226 2864 2.
1242 2838 1270 2866 ln
1288 2839 1376 2870 editis,
1390 2839 1444 2875 γάρ
1455 2839 1534 2872 deest
