1940 3067
131 142 202 170 £015

599 140 742 169 HOMILIA
761 140 794 168 IN
816 139 918 167 lLLUD
939 148 946 168 :
970 148 979 165 ι
994 137 1140 171 EUNTES,
1153 147 1162 164 ι
1186 138 1263 166 ETC.

1674 140 1686 167 l
1691 139 1743 167 ωε

130 198 187 232 οἷν,
205 199 281 234 φασὶ,
309 199 355 225 καὶ
377 197 573 233 ἀπολαύσωμεν
598 197 651 224 τῶν
680 196 762 223 ὄντων
783 195 910 230 ἀγαθῶν·

963 195 1028 222 vino
1041 195 1160 229 pretioso
1176 197 1203 221 et
1216 195 1363 229 unguentis
1377 202 1428 223 nos
1442 195 1602 231 impleamus
1615 196 1649 222 ".
1666 205 1676 222 t
1688 195 1743 224 Hos

130 245 203 272 οἴνου
219 243 376 275 πολυτελοῦς
388 243 434 269 καὶ
450 243 540 278 μύρων
551 242 760 278 ὲμπλησθῶμεν,
773 251 782 267 ι
795 241 912 273 Τούτους

130 291 159 318 δὲ
173 291 218 317 καὶ
230 291 244 317 ὁ
256 289 397 322 θεσπέσιος
411 290 514 321 Παῦλος
525 289 658 324 διατίθησι
669 289 796 323 λέγοντας
808 297 814 303 ·
836 297 844 313 ε
860 287 912 314 Φά-

130 345 222 372 γωμεν
232 337 278 363 καὶ
295 336 400 370 πίωμεν
411 344 418 350 ·
439 335 531 371 αὔριον
547 335 599 371 γὰρ
617 334 834 370 ἀποθνήσκομεν.
855 344 863 359 ι
880 334 911 360 El

129 382 256 409 τοσοῦτον
277 379 322 408 οὖν
352 382 463 416 ἴσχυσαν
484 381 584 416 γνῶναι
600 382 625 407 oi.
648 380 743 412 ἄθλιοι,
761 381 800 407 ὅτι
823 380 912 414 ὀλίγος

130 430 189 456 ἐστὶ
207 428 252 455 καὶ
273 428 395 463 λυπηρὸς
410 428 424 454 ὁ
441 427 496 463 βεος
520 427 608 454 αὐτῶν
622 436 628 442 ·
646 427 703 458 πῶς
715 426 760 453 τὸν
775 426 829 454 τῶν
846 427 912 461 ἀγα-

129 474 184 501 θῶν
210 474 322 509 ποιητὴν
333 474 425 508 τάχιον
435 473 483 508 οὐχ
494 470 571 508 εὖρον
584 481 591 505 ;
613 472 691 508 μόνον
701 470 747 499 οὖν
762 472 842 506 σοφοῦ
854 473 910 498 ἐστι

129 520 230 554 γνῶναι
243 520 292 551 τὰς
308 519 396 550 αἰτίας
414 519 467 545 τῶν
483 518 652 554 γενομένων·
670 516 723 544 οἶδε
743 518 795 553 γὰρ
807 517 909 552 σαφῶς,

129 565 246 596 καὶπῶς
262 565 393 599 ἐγένοντο,
414 565 461 591 καὶ
477 561 506 591 οῦ
523 565 601 599 χάριν
617 564 754 598 ἐγένοντο·
769 562 848 595 οἶδεν,
869 564 910 590 ὅτι

129 611 183 638 τῶν
199 611 305 638 πάντων
320 612 334 637 ὁ
355 610 420 642 Θεὸς
436 611 550 646 ποιητής
562 611 645 636 ἐστιν·
661 610 759 645 ἤκουσε
785 609 837 645 γὰρ
864 609 910 636 τοῦ

134 657 295 684 Ἀποστόλου
319 657 460 690 λέγοντος·
478 665 487 681 ‹
511 655 570 683 Εἴτε
595 655 707 687 ἐσθίετε,
726 656 780 682 εἴτε
802 655 909 686 πίνετε,

127 703 185 730 εἴτε
198 712 224 730 τι
245 703 344 729 ποιεῖτε
355 722 362 733 ,
375 701 462 728 πάντα
489 702 527 733 εἰς
546 701 625 733 δόξαν
638 701 705 728 Θεοῦ
726 702 835 728 ποιεῖτε.
852 711 861 726 ι
879 701 910 727 Ol

127 747 156 772 δὲ
171 746 209 782 τῷ
225 746 274 782 βίῳ
296 746 381 781 τούτῳ
409 746 586 781 χρησάμενοι,
611 746 649 777 ὡς
666 748 694 772 ὲν
709 746 813 781 νεότητι
830 754 910 772 σπου-

126 792 219 824 δαίως,
243 793 289 819 καὶ
313 794 345 828 τῇ
359 792 461 819 ἑαυτῶν
479 792 563 828 κακίᾳ.
576 792 845 827 καταδαπανηθέντες
863 791 910 818 ἀπ’

127 838 214 874 ἀρχῆς
236 837 315 873 μέχρι
338 837 440 870 τέλους,
455 838 505 864 οὐκ
528 837 648 872 ἔγνωσαν
660 838 693 864 τὰ
709 838 846 872 ποιήματα
863 836 909 863 τοῦ

127 884 204 910 Θεοῦ.
230 883 261 910 Εἰ
277 884 329 919 γὰρ
352 881 422 918 ἦσαν
447 883 647 919 ἀκριὸώσαντες
669 883 732 919 περὶ
753 883 854 909 τούτων
866 883 910 909 τὸν

128 930 200 961 νοῦν,
228 930 334 961 πάντως
359 929 391 956 ἂν
417 929 522 955 καὶτὸν
542 929 643 956 τούτων
661 929 827 965 δημιουργὸν
845 929 910 955 Θεὸν

127 975 219 1010 τάχιον
245 974 426 1009 ἐπεγίνωσκον
439 982 445 989 '
464 983 474 999 ι
498 973 545 1001 Ἐκ
565 975 618 1010 γὰρ
635 975 764 1010 μεγέθους
784 976 829 1001 καὶ
844 975 910 1002 καλ-

127 1021 208 1055 λονῆς
226 1021 380 1056 κτισμάτων
396 1022 410 1047 ὁ
426 1021 613 1055 γενεσιουργὺς
626 1021 714 1047 αὐτῶν
729 1021 880 1057 θεωρεῖται.
899 1031 908 1047 ι

132 1067 201 1103 Ὀδῷ
219 1065 264 1094 οὖν
279 1067 410 1103 κέχρηται
429 1067 530 1102 ἀγούσῃ
548 1068 609 1098 τοὺς
626 1067 784 1102 ἀνθρώπους
800 1069 832 1094 ὲκ
857 1067 911 1094 τῶν

127 1113 283 1148 κτισμάτων
300 1113 346 1139 ἐπὶ
371 1112 416 1139 τὸν
440 1112 494 1139 τῶν
514 1113 639 1139 ἁπάντων
664 1112 775 1148 κτίστην
796 1113 842 1139 καὶ
863 1113 911 1148 δη-

128 1159 269 1194 μιουργόν.

143 1196 189 1232 ’2.
206 1204 297 1230 Ταῦτα
314 1205 362 1240 μὲν
378 1203 585 1239 προσεθήκαμεν
600 1203 639 1239 τῷ
662 1202 743 1238 λόγῳ,
764 1203 911 1238 ἐπειδήπερ

126 1250 228 1281 πάντες
251 1251 289 1282 ὼς
315 1249 436 1285 πρόϐατα
460 1249 663 1285 ἐπλανήθησαν·
680 1250 726 1277 καὶ
738 1250 779 1276 ὅτι
797 1259 806 1274 ε
823 1249 911 1284 φθόνῳ

125 1295 247 1322 διαϐόλου
260 1295 373 1326 θάνατος
391 1294 513 1329 ειῖῆλθεν
529 1295 568 1325 εις
581 1294 626 1320 τὸν
640 1294 750 1329 κόσμον,
767 1303 776 1320 ι
794 1294 840 1320 καὶ
855 1301 910 1320 σει-

128 1343 189 1376 ραῖς
205 1341 258 1367 τῶν
284 1340 380 1367 ἑαυτοῦ
398 1340 601 1375 ἁμαρτημάτων
623 1340 735 1371 ἕκαστος
755 1340 908 1374 ὲσφίγγετο.

128 1398 138 1412 ι
163 1386 332 1414 Ἐὃασίλευσε
352 1387 406 1422 γὰρ
421 1388 435 1413 ό
447 1387 559 1418 θάνατος
581 1385 635 1413 ἀπὸ
655 1385 738 1421 ’Δδάμ
753 1386 832 1421 μέχρι
847 1386 911 1412 Μω-

127 1432 206 1464 σέως,
222 1432 268 1458 καὶ
279 1432 325 1458 ἐπὶ
340 1433 403 1463 τοὺς
419 1432 456 1467 μὴ
467 1431 680 1467 ἁμαρτήσαντας
698 1431 744 1457 ἐπὶ
757 1430 795 1465 τῷ
810 1429 910 1466 ὁμοιώ-

127 1486 191 1513 ματι
210 1477 259 1512 τῆς
284 1477 465 1514 παραὸἀσεως
486 1477 579 1512 Ἀδάμ.
596 1487 605 1503 ι
625 1477 692 1503 Ἀλλ’
712 1476 883 1511 ἐπεδήμησεν
896 1477 910 1502 ὁ

125 1524 227 1559 Κύριος
253 1523 330 1559 ἡμῶν
363 1523 465 1558 Ἰησοῦς
497 1523 613 1558 Χριστὸς
642 1522 821 1557 λυτρούμενος
848 1522 910 1553 τοὺς

126 1569 326 1605 αἰχμαλώτους,
355 1570 403 1595 καὶ
418 1568 556 1600 ζωοποιῶν
579 1569 642 1600 τοὺς
664 1567 908 1602 τεθανατωμένους.

132 1614 239 1650 Ἀμέλει
253 1615 298 1641 καὶ
310 1615 323 1641 6
336 1614 475 1645 θεσπέσιος
491 1612 660 1645 Ἀπόστολος,
674 1612 753 1640 τοῦτο
764 1613 911 1648 ἐπιστάμε-

126 1669 180 1692 νος,
195 1661 296 1696 ἔγραφε
303 1660 398 1694 λέγων·
413 1670 421 1686 ‹
437 1661 468 1687 Et
480 1660 534 1696 γὰρ
543 1659 582 1695 τῷ
593 1659 638 1686 τοῦ
646 1659 703 1691 ἑνὸς
713 1658 912 1694 παραπτώματι

126 1707 152 1733 οε
160 1705 251 1733 πολλοὶ
264 1706 408 1739 ἀπέθανον,
421 1706 510 1741 πολλῷ
518 1706 615 1741 μᾶλλον
623 1705 661 1740 τῷ
671 1705 717 1732 τοῦ
734 1705 793 1736 ἑνὸς
807 1703 912 1732 δικαιώ-

128 1760 194 1787 ματι
222 1753 238 1787 ἡ
259 1752 338 1787 χάρις
360 1753 399 1783 εις
416 1751 517 1783 πάντας
536 1751 694 1787 ἀνθρώπους
710 1752 749 1782 εἰς
773 1750 912 1777 δικαίωσιν

127 1797 212 1832 ζωῆς.
226 1807 236 1822 ι
256 1797 424 1833 Ἐπεδήμησε
436 1796 579 1832 τοιγαροῦν
595 1796 662 1832 πρὸς
680 1797 754 1832 ἡμᾶς
764 1797 778 1823 ὁ
792 1795 846 1828 ζῶν
865 1796 912 1822 καὶ

129 1844 242 1879 ἐνεργὴς
251 1843 297 1870 τοῦ
312 1843 380 1870 Θεοῦ
392 1843 485 1877 Λόγος,
496 1844 542 1870 καὶ
549 1842 629 1870 εἰκὼν
639 1844 656 1878 ἡ
665 1842 880 1878 ἀπαράλλακτος,
897 1842 912 1868 ὁ

127 1890 192 1921 Υἱὸς
203 1891 217 1916 ὁ
230 1890 385 1925 μονογενὴς,
398 1899 407 1914 ι
423 1890 455 1916 δι’
464 1886 494 1916 οὗ
508 1889 650 1923 γεγόνασιν
660 1890 684 1915 οἱ
700 1889 808 1920 αἰῶνες,
821 1888 912 1923 φέρων

126 1944 156 1962 τε
168 1935 202 1962 τὰ
216 1936 304 1962 πάντα
316 1935 355 1970 τῷ
381 1936 481 1970 ῥήματι
500 1935 550 1969 τῆς
565 1935 704 1970 δυνάμεως
722 1933 815 1966 αὑτοῦ,
827 1933 912 1959 καθα-

127 1981 224 2017 ρισμὸν
238 1981 291 2008 τῶν
305 1981 443 2018 ἁμαρτιῶν
458 1982 647 2017 ποιησάμενος.
668 1990 676 2006 ι
696 1981 741 2006 Διὸ
755 1979 912 2007 ἀποστέλλει

126 2025 175 2052 δύο
207 2026 329 2062 μαθητὰς
362 2027 401 2058 εις
433 2026 482 2061 τὴν
514 2026 655 2053 κατέναντι
688 2025 795 2060 κώμην,
826 2024 912 2058 λέγων

126 2070 197 2106 πρὸς
211 2071 308 2103 αὐτούς
318 2079 326 2086 ·
340 2080 349 2096 ι
364 2070 517 2106 Πορεύθητε
543 2072 582 2102 εἰς
594 2071 642 2106 τὴν
664 2069 760 2105 κώμην
783 2069 830 2105 τὴν
848 2077 913 2095 κατ-

127 2117 217 2144 έναντι
247 2116 343 2151 ὑμῶν,
371 2117 417 2143 καὶ
453 2116 554 2147 εὐθέως
585 2116 715 2152 εὑρήσετε
755 2116 814 2142 ὄνον
841 2115 913 2142 δεδε-

129 2164 224 2199 μένην,
250 2163 295 2189 καὶ
316 2162 403 2189 πῶλον
431 2162 488 2197 μετ’
513 2162 614 2197 αὐτῆς·
638 2161 768 2193 λύσαντες
794 2161 912 2196 ἀγάγετὲ

962 245 988 267 et
1003 240 1098 267 beatus
1115 239 1216 267 Paulus
1232 240 1272 267 sic
1293 240 1436 275 loquentes
1459 241 1568 269 exhibet
1584 250 1589 268 :
1605 250 1615 267 ι
1630 241 1744 268 Mandu-

962 293 1055 313 cemus
1079 291 1106 313 et
1130 287 1274 314 bibamus:
1297 295 1359 314 cras
1380 287 1451 314 enim
1474 287 1622 314 moriemur
1637 288 1670 315 ".
1689 297 1698 314 ι
1714 287 1743 315 Si

961 339 1025 366 ergo
1040 332 1133 359 miseri
1151 332 1188 359 illi
1205 337 1309 359 tantum
1328 340 1493 368 cognoscere
1509 335 1668 365 valuerunt,
1685 334 1745 361 exi-

961 385 1039 412 guam
1056 378 1163 404 scilicet
1177 386 1208 404 ac
1222 378 1328 405 tristem
1343 386 1404 406 esse
1417 379 1499 405 vitam
1516 387 1592 406 suam
1609 388 1615 405 :
1632 387 1682 406 cur
1696 380 1746 406 bo-

961 430 1058 449 norum
1081 428 1219 450 auctorem
1242 425 1324 451 citius
1348 432 1401 451 non
1424 424 1574 451 invenere?
1590 424 1680 452 Solius
1694 425 1745 452 ita-

961 475 1013 502 quc
1026 468 1155 502 sapientis
1173 471 1216 494 est
1241 476 1324 496 nosse
1347 477 1437 495 rerum
1458 477 1575 497 causas:
1600 470 1744 497 manifeste
1769 465 1771 471 ’

961 513 1036 539 novit
1049 513 1148 547 quippe
1159 532 1166 544 ,
1180 521 1234 548 qtto
1249 514 1329 540 modo
1342 519 1366 541 et
1385 522 1439 549 quo
1452 514 1504 542 ﬁne
1517 523 1561 542 res
1576 514 1654 542 factas
1669 516 1743 543 sint:

963 557 1039 583 novit
1074 556 1177 589 Deum.
1211 558 1334 584 omnium
1365 566 1426 586 esse
1457 558 1613 586 factorem:
1642 560 1746 587 audivit

961 602 1061 637 quippe
1085 602 1221 632 dicentem
1247 602 1406 637 Apostolum
1421 612 1428 630 :
1443 613 1452 629 ι
1469 605 1532 631 Sive
1556 606 1743 637 nianducatis.

964 648 1021 675 sive
1039 648 1148 681 bibitis,
1168 649 1225 675 sive
1247 649 1311 683 quid
1335 649 1440 682 tacitis;
1464 650 1555 676 omnia
1578 650 1605 677 in
1630 651 1743 686 gloriam

963 693 1011 721 Dei
1028 694 1109 721 facile
1127 694 1162 721 ’⁷.
1178 704 1187 720 ι
1201 693 1253 727 Qui
1271 702 1336 721 vero
1352 695 1407 721 vita
1425 695 1507 729 hujus
1523 696 1615 723 s:rcnli
1632 697 1744 730 vivunt,

961 745 1090 774 tanquam
1108 740 1134 766 in
1148 739 1290 773 juventute
1306 740 1442 772 celeriter.
1460 745 1486 768 et
1509 741 1610 767 malitia
1634 741 1745 776 propria

961 793 976 811 a
993 785 1126 820 principio
1141 785 1175 811 ad
1190 785 1270 812 linem
1288 793 1374 821 usque
1387 787 1561 821 consumpti,
1576 795 1629 814 non
1644 791 1746 814 norunt

961 830 1069 865 opiﬁcia
1086 830 1143 858 Dei.
1168 830 1235 857 Nam
1259 831 1282 858 si
1301 836 1391 858 tuente
1407 839 1456 859 sua
1471 836 1599 859 accurate
1617 833 1661 858 illa
1678 840 1745 860 con-

961 877 1148 909 siderassent,
1169 877 1253 905 citius
1275 878 1355 913 plane
1376 886 1469 906 eorum
1493 883 1645 906 creatorem
1662 879 1744 907 Demn

961 924 1161 958 agnovissent:
1181 933 1190 949 ί
1210 923 1248 950 Ex
1279 923 1466 958 magnitudine
1492 925 1564 951 enim
1591 931 1624 952 ac
1653 924 1746 959 specie

961 972 1165 1000 creaturarum,
1183 973 1279 995 auctor
1297 976 1390 995 earum
1406 969 1570 1004 perspicitur
1584 969 1617 996 ".
1639 979 1648 995 ι
1667 968 1745 996 Viam

960 1020 1025 1048 ergo
1051 1013 1085 1040 ad
1111 1021 1190 1040 usum
1214 1014 1372 1048 proposuit,
1398 1021 1459 1048 quae
1479 1014 1603 1042 homines
1624 1014 1705 1041 ducat
1728 1021 1745 1041 α

961 1060 1094 1087 creaturis
1112 1060 1146 1086 ad
1162 1059 1282 1086 omnium
1300 1063 1452 1087 creatorem
1469 1064 1496 1087 et
1509 1059 1646 1094 opiﬁcem.

994 1217 1022 1244 2.
1043 1216 1105 1244 Haec
1121 1216 1237 1244 orationi
1255 1221 1356 1244 nostra:
1370 1216 1553 1252 praztiximus,
1571 1217 1634 1252 quia
1649 1223 1745 1245 omnes

961 1262 1040 1296 quasi
1065 1270 1130 1289 oves
1150 1266 1328 1294 erraverunt,
1353 1267 1379 1289 et
1406 1263 1470 1298 quia
1502 1263 1628 1290 «invidia
1643 1263 1744 1290 diaboli

960 1315 1035 1335 mors
1050 1308 1162 1335 intravit
1177 1308 1205 1335 in
1223 1308 1355 1335 mundum
1370 1308 1404 1341 ",
1422 1318 1432 1335 ›
1446 1316 1478 1336 ac
1500 1309 1618 1336 vinculis
1639 1316 1746 1344 pecca-

959 1358 1049 1382 torum
1076 1361 1189 1381 suorum
1216 1355 1334 1389 quisque
1357 1355 1565 1389 constringitur.
1585 1364 1594 1380 ι
1612 1354 1746 1390 Regnavit

959 1400 1032 1428 enim
1055 1407 1130 1427 ntors
1153 1401 1187 1427 ab
1206 1399 1292 1426 Adam
1313 1407 1400 1435 usque
1424 1401 1457 1427 ad
1479 1400 1597 1433 Mosem,
1618 1401 1700 1428 etiam
1716 1402 1745 1429 in

959 1454 1007 1474 eos
1024 1446 1070 1480 qui
1085 1453 1138 1472 non
1153 1450 1335 1481 peccaverunt
1352 1446 1380 1473 in
1395 1446 1602 1473 similitudinem
1618 1447 1746 1481 praevari-

960 1491 1080 1518 cationis
1096 1491 1160 1518 Adae
1176 1491 1195 1517 ¹.
1212 1500 1221 1516 ›
1237 1490 1290 1518 Sed
1305 1490 1378 1518 venit
1401 1490 1532 1518 Dominus
1552 1495 1646 1518 noster
1664 1491 1746 1519 .lesus

924 1553 946 1582 ρ
962 1536 1104 1568 Christus.
1120 1536 1312 1572 redempturus
1324 1537 1462 1570 captivos,
1479 1541 1505 1564 et
1519 1541 1642 1565 mortuos
1657 1538 1748 1565 viviti-

963 1586 1086 1610 caturus.
1102 1581 1191 1616 Hujus
1206 1590 1270 1609 sane
1291 1581 1330 1609 rei
1346 1589 1447 1616 gnarus
1467 1583 1563 1610 beatus
1578 1582 1743 1618 Apostolus.

963 1628 1020 1655 haec
1035 1627 1164 1662 scripsit:
1182 1636 1191 1652 ι
1208 1627 1235 1654 Si
1249 1628 1320 1654 enim
1337 1629 1418 1655 unius
1434 1628 1535 1655 delicto
1550 1629 1627 1655 multi
1644 1628 1744 1656 mortui

963 1677 1047 1706 sunt;
1073 1673 1158 1699 multo
1183 1673 1269 1708 magis
1291 1673 1372 1701 unius
1392 1673 1588 1708 justiticatione
1608 1674 1695 1708 gratia
1716 1675 1744 1702 in

962 1726 1058 1746 omnes
1074 1718 1198 1745 homines
1212 1718 1244 1745 ad
1257 1718 1389 1752 justitiam
1405 1718 1466 1745 vitae
1480 1718 1501 1744 ’.
1517 1727 1526 1743 ι
1540 1714 1744 1752 Peregrinatum

963 1764 1056 1798 itaque
1080 1764 1114 1790 ad
1135 1770 1185 1789 nos
1207 1766 1249 1789 est
1268 1763 1359 1789 vivum
1380 1766 1408 1790 et
1427 1762 1519 1789 cilicax
1541 1761 1586 1789 Dei
1607 1761 1743 1796 Verbum,

963 1814 1044 1844 atque
1059 1809 1147 1843 imago
1176 1808 1345 1836 invariabilis
1356 1828 1363 1840 ,
1377 1807 1465 1836 Filius
1482 1809 1654 1844 unigenitus,
1671 1818 1681 1835 ι
1698 1817 1746 1844 per

962 1860 1043 1888 quem
1060 1853 1159 1880 saecula
1174 1852 1245 1880 facta
1261 1857 1342 1885 sunt,
1358 1858 1526 1888 portansque
1549 1855 1640 1881 omnia
1663 1855 1746 1882 verbo

961 1899 1072 1926 virtutis
1088 1906 1161 1930 suae,
1176 1899 1363 1934 purgationem
1380 1902 1553 1934 peccatorum
1574 1899 1678 1927 iaciens
1695 1900 1715 1928 ⁸.
1733 1910 1743 1927 ι

962 1944 1068 1972 Idcirco
1087 1944 1172 1971 mittit
1189 1945 1339 1979 discipulos
1360 1944 1429 1972 duos
1451 1945 1479 1972 in
1500 1946 1642 1972 castellum
1663 1953 1679 1973 e
1699 1954 1745 1973 re-

963 1990 1042 2025 gione
1065 1990 1165 2020 situm,
1185 1989 1280 2017 dicens
1299 1990 1359 2017 eis:
1375 1998 1385 2015 ‹
1398 1989 1438 2017 Ite
1459 1990 1487 2017 in
1511 1991 1651 2018 castellum
1673 1992 1746 2026 quod

962 2040 1058 2063 contra
1072 2042 1121 2062 vos
1134 2039 1191 2066 est,
1209 2039 1236 2062 ct
1250 2035 1341 2063 statim
1366 2035 1509 2062 invenietis
1525 2035 1631 2063 asinam
1653 2037 1748 2072 alliga-

963 2085 1034 2113 tam,
1048 2085 1075 2108 et
1089 2081 1192 2116 pullum
1206 2087 1267 2107 cum
1282 2088 1313 2108 ea
1328 2089 1335 2114 ;
1352 2080 1450 2108 solvite
1463 2084 1490 2107 et
1502 2080 1629 2108 adducite
1643 2082 1720 2109 mihi.
1733 2092 1744 2108 ι

962 2126 1043 2162 375
1073 2126 1215 2154 Manlia-us
1245 2125 1354 2161 quidem
1382 2126 1542 2154 describens
1570 2126 1744 2159 Ecclesiam.

962 2172 1076 2206 ejusque
1089 2171 1192 2206 prolem
1204 2191 1211 2202 ,
1228 2171 1332 2198 asinam
1348 2176 1374 2197 et
1391 2171 1493 2205 pullum
1510 2170 1670 2197 nominavit.
1692 2171 1747 2198 Lu-

129 2218 183 2245 μοι.
206 2219 215 2235 ι
232 2208 368 2240 Ματθαῖος
384 2209 432 2243 μὲν
447 2208 602 2243 διαγράφων
615 2207 663 2244 τὴν
681 2208 852 2242 Ἐκκλησίαν,
865 2207 911 2234 καὶ

963 2224 1010 2244 cas
1026 2224 1091 2254 vero
1105 2217 1134 2243 in
1150 2224 1233 2243 unum
1249 2217 1329 2243 ambo
1344 2216 1502 2250 complexus
1513 2235 1520 2247 ,
1536 2216 1640 2250 pullum
1659 2217 1747 2244 nomi-

127 2255 163 2282 τὰ
179 2255 208 2289 ἐξ
233 2255 316 2290 αὐτῆς
339 2254 482 2289 γενόμενα,
504 2255 562 2281 δνον
585 2255 632 2281 καὶ
655 2254 743 2281 πῶλον
766 2254 889 2289 ὠνόμασε
903 2261 909 2268 '

128 2302 235 2333 Λουκᾶς
249 2301 276 2328 δὲ
300 2301 335 2328 τὰ
348 2302 489 2336 ἀμφότερα
507 2302 547 2332 εις
565 2300 628 2336 μίαν
645 2300 758 2336 ἑνότητα
774 2300 911 2333 ἀνακεφα-

128 2347 298 2383 λαιούμενος,
315 2348 403 2374 πῶλον
418 2346 561 2382 ὀνομάζει·
583 2347 648 2382 φησὶ
666 2345 719 2382 γὰρ
740 2345 811 2372 οὕτω
842 2345 912 2372 Λου-

128 2395 181 2426 κᾶς
194 2395 223 2420 ὲν
239 2394 278 2429 τῷ
288 2394 348 2420 καθ’
361 2393 455 2420 ἑαυτὸν
471 2392 640 2427 Εὑαγγελίῳ·
666 2401 676 2417 1
699 2391 852 2418 Ἀπέστειλε
866 2390 912 2417 δύο

129 2440 185 2466 τῶν
202 2440 328 2476 μαθητῶν
343 2440 434 2472 αὑτοῦ,
449 2439 533 2466 εἰπών
544 2446 551 2454 ⁸
571 2438 705 2472 Ὑπάγετε
724 2439 764 2469 εἰς
778 2437 827 2473 τὴν
844 2445 911 2464 κατ-

129 2485 220 2512 έναντι
237 2485 332 2521 κώμην
342 2494 348 2500 ·
365 2487 393 2512 ἐν
447 2485 666 2521 εἰσπορευόμενοι
679 2484 808 2519 εὑρήσετε
822 2483 912 2510 πῶλον

129 2531 280 2565 δεδεμένον,
296 2532 337 2565 ἐφ’
352 2531 380 2557 ὃν
394 2531 480 2562 οὐδεὶς
494 2529 603 2556 πώποτε
621 2529 771 2565 ἀνθρώπων
785 2529 894 2556 ἐκάθισε
903 2538 910 2544 '

129 2576 258 2608 λύσαντες
273 2577 388 2610 ἀγάγετέ
406 2585 459 2611 μοι.
480 2585 489 2602 ι
509 2576 640 2611 Εὑρήσεις
653 2573 699 2601 οὖν
715 2575 759 2601 τὸν
775 2573 912 2601 Ματθαῖον

131 2622 269 2657 πανταχοῦ
287 2622 334 2649 δύο
346 2621 511 2657 ὀνομάζοντα
523 2641 530 2653 ,
547 2621 591 2648 τὸν
611 2621 640 2648 δὲ
659 2621 764 2648 Λουκᾶν
780 2621 819 2652 εἰς
838 2620 866 2647 ἒν
878 2619 913 2646 τὰ

130 2667 177 2694 δύο
192 2667 451 2702 ἀνακεφαλαιοῦντα.
474 2665 535 2694 Οῗον
559 2668 605 2694 καὶ
625 2667 672 2694 ἐπὶ
693 2667 747 2694 τῶν
766 2667 882 2700 τυφλῶν,
899 2667 914 2692 ό

131 2714 268 2746 Ματθαῖος
286 2713 332 2741 δύο
357 2714 437 2741 πάλιν
458 2713 594 2749 ὀνομάζει.
620 2712 719 2740 εἰπών’
748 2722 757 2738 ι
775 2713 829 2739 Καὶ
851 2721 916 2748 παρ-

963 2266 1010 2290 nat
1026 2271 1032 2289 :
1049 2262 1086 2288 ait
1099 2261 1170 2288 enim
1187 2261 1245 2296 ipse
1258 2260 1346 2288 Lucas
1359 2261 1386 2288 in
1401 2260 1547 2296 Evangelia
1562 2269 1612 2289 suo
1627 2270 1634 2288 :
1647 2270 1657 2286 ί
1675 2261 1748 2289 Misit

963 2308 1033 2335 duos
1045 2307 1195 2342 discipulos
1211 2314 1277 2334 suos
1288 2307 1402 2333 dicens:
1421 2306 1457 2333 Ite
1474 2307 1501 2334 in
1515 2308 1657 2334 castellum
1674 2307 1747 2342 quod

966 2357 1061 2381 contra
1085 2360 1135 2380 vos
1158 2356 1219 2380 est:
1246 2353 1274 2379 in
1295 2353 1367 2386 quod
1391 2352 1575 2384 introeuntes,
1600 2353 1747 2381 invenietis

965 2399 1067 2433 pullum
1083 2397 1166 2425 asinae
1180 2398 1318 2432 alligatum
1330 2418 1338 2429 .
1354 2397 1398 2424 cui
1420 2405 1499 2425 nemo
1517 2405 1637 2433 unquam
1656 2398 1746 2425 homi-

966 2451 1030 2471 num
1048 2443 1118 2470 sedit
1132 2452 1138 2470 :
1151 2443 1249 2469 solvite
1260 2443 1336 2470 illum
1350 2447 1377 2470 et
1390 2442 1515 2470 adducite
1531 2443 1595 2470 mihi
1609 2443 1628 2471 ‘.
1647 2453 1656 2469 ι
1671 2444 1747 2471 lnve-

965 2490 1024 2516 nies
1037 2489 1128 2522 itaque
1142 2487 1297 2515 Matthaeum
1312 2489 1367 2516 duo
1390 2489 1491 2524 ubique
1511 2490 1672 2522 nominare;
1695 2489 1749 2516 Lu-

965 2541 1025 2560 cam
1041 2541 1106 2560 vero
1120 2533 1174 2560 duo
1197 2534 1223 2560 in
1244 2541 1328 2560 unum
1353 2534 1506 2568 complecti.
1529 2533 1686 2568 Cuiusmodi
1706 2538 1749 2562 est

965 2578 1031 2605 illud
1045 2578 1078 2606 de
1091 2579 1187 2610 caecis,
1201 2586 1269 2614 quos
1285 2578 1425 2606 Matthazns
1439 2579 1508 2607 duos
1521 2579 1584 2606 item
1599 2583 1748 2612 memorat,

965 2624 1081 2652 dicens:
1111 2633 1120 2649 ι
1140 2624 1173 2651 Et
1196 2628 1353 2652 transeunte
1377 2624 1440 2652 inde
1464 2626 1547 2657 Jesu,
1574 2627 1658 2652 secuti
1685 2630 1749 2652 sunt

967 2677 1029 2697 eum
1054 2670 1109 2697 duo
1124 2669 1207 2702 caeci,
1226 2670 1376 2697 clamantes
1400 2674 1426 2698 et:
1450 2671 1593 2698 dicentes:
1620 2670 1750 2698 Miserere

969 2715 1074 2747 nostri,
1096 2715 1133 2741 ﬁli
1155 2714 1239 2741 David
1260 2715 1280 2742 ⁸.
1299 2724 1308 2741 ι
1332 2715 1420 2742 Lucas
1440 2723 1504 2742 vero
1523 2715 1593 2742 duos
1614 2715 1641 2742 in
1664 2723 1749 2742 unum

131 2760 224 2794 άγοντι
242 2760 345 2786 ἐκεῖθεν
366 2759 404 2794 τῷ
421 2758 506 2794 Ἰησοῦ
522 2758 703 2794 ἠκολούθησαν
716 2758 790 2794 αὐτῷ
810 2758 856 2785 δύο
871 2767 911 2785 τυ-

969 2760 1126 2795 complexus
1137 2779 1144 2791 ,
1160 2760 1197 2787 ait
1216 2769 1223 2787 :
1237 2769 1246 2785 ι
1259 2759 1371 2787 Factum
1386 2764 1428 2788 est
1453 2764 1560 2792 autem,
1574 2768 1635 2788 cum
1652 2767 1751 2796 appro-

168 2820 190 2836 ”
211 2819 275 2854 Sap.
303 2827 339 2850 It,
367 2819 399 2848 5.
418 2818 460 2854 6.7
483 2819 514 2854 Af‘
534 2818 542 2845 1
565 2819 628 2846 Cor.
654 2827 699 2849 xv.
716 2819 761 2846 5'2.

805 2819 827 2834 "'
848 2818 857 2845 Ι
873 2818 937 2846 Cor.
953 2826 989 2852 ι,
1022 2819 1067 2846 51.

1105 2819 1127 2855 ξ’
1148 2818 1294 2855 Sap._xnt,
1313 2819 1339 2847 5.
1377 2821 1399 2837 "
1419 2818 1482 2855 Sap.
1502 2827 1539 2852 lt,
1557 2819 1602 2846 24.
1641 2819 1649 2834 ¹
1670 2818 1748 2846 Rom.

134 2862 160 2885 ν.
178 2854 220 2881 Μ.
249 2852 267 2870 ’⁸
287 2854 352 2882 ibid.
371 2854 413 2882 15.
445 2853 462 2894 ,³
480 2852 561 2882 Hebr.
580 2862 599 2889 ι,
617 2855 643 2882 5.
682 2854 766 2882 ‘Luc.
785 2862 841 2884 nx.
859 2853 908 2887 29,

963 2872 970 2880 .
1008 2854 1019 2870 '
1041 2853 1135 2881 Matth.
1151 2852 1196 2887 ix,
1214 2853 1258 2881 27.
