1940 3067
224 124 288 151 1027

765 123 795 150 S.
815 122 1048 152 ATHANASIUS.
1075 137 1109 143 ——
1130 121 1267 150 SPURIA.

1769 122 1839 150 I038

220 179 364 214 plnquaret
379 177 507 209 Iericho,
536 184 625 204 caecus
648 177 758 211 quidam
787 178 898 205 sedebat
923 185 999 205 secus

1053 178 1124 213 φλοὶ,
1141 178 1286 214 κράζοντες
1298 177 1344 204 καὶ
1356 177 1491 210 λέγοντες·
1509 186 1518 202 ι
1542 177 1666 212 Ἐλέησον
1685 178 1769 213 ἡμᾶς,
1782 178 1838 209 υἱὸς

218 225 289 252 viam
301 224 469 251 mendicans.
483 223 514 249 Et
527 230 588 250 cum
600 223 707 250 audiret
718 223 824 250 turbam
837 228 1002 258 praetereun-

218 274 290 302 tem,
313 269 515 304 interrogabat.
539 268 604 303 quid
626 268 678 295 hoc
695 273 779 296 esset.
802 269 935 296 Dixerunt
954 277 1003 296 au-

218 320 272 343 tem
289 315 329 345 ei.
345 315 419 349 quod
433 313 513 341 Jesus
524 312 681 340 Nazareuus
696 314 844 347 transiret,
859 318 886 342 et
901 315 1002 341 clama-

217 362 257 387 vit
277 360 393 387 dicens:
419 359 482 386 Jesu
499 379 506 391 ,
532 359 569 386 ﬁli
590 359 672 386 David
686 380 693 391 ,
715 360 845 387 miserere
877 361 930 387 mei
953 360 972 388 ⁸.
990 369 999 386 ι

219 400 352 433 Similiter
373 405 560 440 deprehendes
575 405 759 432 dzemoniacos
774 405 843 432 duos
861 407 1002 433 nominare

218 451 392 484 Mattbaeum;
417 451 517 478 Lucam
543 459 607 478 vero
633 453 803 478 accuratiore
828 457 934 483 mente,
959 452 1002 486 pie

218 504 268 531 pro
292 497 399 523 duobus
418 504 502 522 unum
524 496 626 523 dicere.
648 496 791 523 Matthzeus
806 504 872 531 ergo
887 497 920 524 de
934 497 1002 523 duo-

218 544 270 570 bus
285 544 325 571 sic
337 543 458 577 loquitur
473 552 479 568 :
493 552 503 567 ‹
521 542 554 568 Et
574 550 636 569 eum
661 543 782 569 vertisset
804 547 881 570 trans
903 543 1001 570 fretum

218 590 246 617 in
261 590 398 624 regionem
413 588 631 619 Gerasenorum,
649 592 828 616 occurrerunt
844 589 869 616 ei
885 589 938 615 duo
954 589 1002 615 ha-

217 635 313 662 bentes
332 635 480 667 daemonia,
500 634 534 661 de
559 635 745 661 monumentis
768 639 916 667 exeuntes,
939 635 1001 661 saevi

216 682 298 708 nimis
312 681 334 707 ⁷.
352 691 361 706 ι
379 679 468 707 Lucas
490 687 556 706 vero
581 688 665 707 unum
692 688 741 714 pro
762 680 870 708 duobus
893 681 1002 715 scripsit

216 726 259 753 his
285 726 392 752 verbis:
408 734 417 750 ι
433 725 465 751 Ει
488 733 550 751 cum
575 732 706 760 egressus
731 729 803 752 esset
826 725 859 751 ad
883 729 1000 755 terram.

215 773 336 801 occurrit
352 773 391 799 illi
406 773 448 799 vir
463 772 573 806 quidam
588 779 621 798 ex
639 772 723 803 urbe,
740 772 787 806 qui
809 771 927 798 habebat
947 771 1002 798 dm-

220 820 313 846 monia
333 819 389 854 jam
413 826 427 845 a
443 818 613 852 temporibus
637 818 730 845 multis
745 817 766 843 “.
783 827 792 843 ι
810 817 914 852 Ubique
936 824 1001 851 ergo

1055 225 1146 251 Δαϐίδ.
1167 234 1176 250 ι
1199 225 1228 251 το
1248 224 1276 250 δὲ
1298 225 1404 255 Λουκᾶς
1424 226 1486 256 τοὺς
1508 224 1555 250 δύο
1577 225 1616 254 ei;
1635 225 1684 250 Eva.
1705 225 1841 258 ἀνακεφαφ

1055 270 1212 304 λαιούμενὸς
1227 278 1307 304 φησιν
1318 278 1324 284 '
1347 279 1356 295 ι
1376 270 1498 302 Ἐγένετο
1517 269 1547 298 ἃ
1565 270 1593 295 ὲν
1604 269 1643 304 τῷ
1652 269 1773 303 ἐγγίζειν
1791 271 1840 297 αὺ-

1055 316 1100 342 τὸν
1119 317 1158 347 εἰς
1177 315 1290 351 ’1εριχὼ,
1314 315 1416 350 τυφλόι,
1433 324 1473 347 τις
1487 315 1603 350 ἐκάθητο
1618 316 1694 351 παρὰ
1710 316 1758 351 τὴν
1773 316 1839 349 ὁδὸν,

1055 363 1220 398 προσαιτῶν.
1238 362 1368 394 Ἀκούσας
1378 362 1406 388 δὲ
1418 362 1496 398 ὄχλον
1512 363 1752 398 διαπορωομένοιδ,
1766 364 1841 389 ἐπυν-

1056 407 1151 433 θάνετο
1171 407 1197 433 τί
1215 407 1248 433 ἂν
1275 408 1316 442 εἴη
1336 407 1425 434 τοῦτο.
1446 407 1630 442 Ἀπήγγειλαν
1649 408 1677 434 δὲ
1699 408 1783 443 αὐτῷ,
1801 409 1840 435 ὅτι

1061 453 1164 488 Ἰησοῦς
1174 454 1187 479 ὁ
1199 453 1352 488 Ναζαραῖος
1368 453 1422 489 (95)
1438 454 1615 489 παρέρχεται,
1631 454 1677 481 καὶ
1689 454 1786 489 ὲὸόησε
1797 455 1839 481 λέ-

1055 508 1126 533 γων·
1149 499 1235 534 Ἰησοῦ
1259 500 1300 526 υἱὲ
1323 499 1415 531 Δαὸὶδ,
1431 499 1539 535 ἐλέησόν
1559 508 1601 535 με.
1627 509 1638 526 ο
1659 500 1776 534 Ὁμοίως
1795 502 1840 527 καὶ

1055 546 1100 572 ἐπὶ
1113 545 1166 571 τῶν
1183 545 1412 580 δαιμονιζομένων
1431 546 1556 581 εὑρήσεις
1570 546 1617 572 τὸν
1640 546 1690 581 μὲν
1705 547 1839 572 Ματθαῖον

1054 590 1100 616 δύο
1114 589 1288 625 ὀνομάζοντα,
1304 590 1348 616 τὸν
1370 590 1398 616 δὲ
1414 592 1520 617 Λουκᾶν
1536 590 1720 627 ἀκριϐεστέρα
1738 592 1771 626 τῇ
1789 591 1839 617 δια-

1054 637 1113 671 νοίᾳ.
1128 631 1322 668 εὐσεδῶξάντὶ
1339 637 1392 663 τῶν
1409 636 1454 663 δύο
1469 637 1516 663 ἕνα
1538 637 1677 672 είρηκότα.
1697 637 1781 672 Φησὶν
1795 635 1838 664 οὖν

1053 683 1067 708 ὸ
1080 682 1216 714 Ματθαίος
1238 683 1301 718 περὶ
1316 682 1369 708 τῶν
1384 682 1430 708 δύο
1441 682 1540 714 οὕτως·
1557 692 1567 707 ί
1583 683 1635 709 Καὶ
1650 682 1754 718 ἐλθόντι
1770 680 1838 716 αὐτῷ

1054 729 1094 759 εἰς
1108 728 1138 754 τὺ
1150 728 1236 764 πέραν
1251 730 1290 760 εἰς
1306 729 1354 764 τὴν
1366 728 1456 764 χώραν
1467 729 1520 756 τῶν
1534 717 1708 765 Γερασηνῶν,
1725 729 1838 771 ὑπήντη-

1055 781 1104 800 σαν
1117 773 1191 808 αὐτῷ
1206 773 1252 799 δύο
1269 773 1497 809 δαιμονιζόμενοι,
1511 775 1542 800 ὲκ
1551 774 1605 800 τῶν
1617 775 1760 809 μνημείων
1771 774 1837 808 ἐξερ-

1054 818 1172 853 χόμενοι,
1189 818 1301 853 χαλεποὶ
1316 818 1385 845 λίαν.
1407 828 1416 844 ι
1431 819 1538 850 Λουκᾶς
1551 819 1580 845 δὲ
1601 820 1665 851 τοὺς
1684 819 1730 845 δύο
1741 820 1781 850 εἰς
1793 819 1836 845 ἕνα

216 863 372 891 Matthaeum
389 863 513 890 invenies
528 870 637 897 semper
653 862 686 890 de
701 862 810 890 duobus
825 863 981 897 loquentem
994 883 999 894 ,

1053 863 1165 897 γράφων
1186 862 1296 896 ἔλεγεν·
1329 872 1338 888 ι
1361 862 1511 895 Ἑξελθόντι
1534 863 1561 890 δὲ
1591 863 1666 899 αὐτῷ
1692 865 1722 890 ἐν
1736 865 1779 903 ⁸τῇ
1804 865 1835 898 γῇ

217 909 318 936 Lucam
335 912 426 935 autem
442 908 475 935 de
499 916 565 934 uno.
589 907 648 934 Non
669 908 741 942 quod
763 907 854 934 divina
873 907 1000 933 labantur

215 955 380 990 Evangelia,
407 955 497 982 absit!
524 962 574 981 nec
596 954 668 988 quod
694 954 819 988 opposita
842 953 999 988 loquantur,

215 1002 262 1036 qui
291 1009 345 1028 uno
370 1001 520 1036 eodemque
546 999 649 1035 Spiritu
674 1005 770 1027 sancto
794 1000 888 1034 repleti
911 1004 999 1027 sunt:

215 1055 298 1074 unam
313 1047 386 1074 enim
398 1047 574 1081 eamdemque
591 1047 644 1073 vim
660 1047 686 1073 in
701 1047 786 1074 sacris
800 1047 897 1074 litteris
911 1046 1000 1073 sancti

215 1093 268 1120 viri
287 1097 462 1120 conservant.

216 1141 321 1171 ἑαυτοῖς
349 1139 512 1174 ἐφθέγξαντο
537 1139 560 1165 ot
577 1138 607 1171 ἐξ
635 1139 693 1170 ἐνὸς
711 1138 758 1165 τοῦ
780 1139 856 1173 ἁγίου
880 1137 1035 1172 Πνεύματος

215 1188 268 1214 τῶν
282 1188 366 1221 ἁγίων
382 1186 496 1222 Γραφῶν
514 1186 627 1221 δύναμιν
643 1187 668 1212 οἱ
685 1186 766 1220 ἅγιοι.

250 1277 277 1303 3.
304 1275 406 1303 Horum
423 1283 505 1310 porro
531 1275 633 1302 mentio
650 1282 665 1302 a
687 1275 766 1302 nobis
791 1275 860 1302 facta
877 1279 928 1306 est,
947 1283 1000 1302 non

215 1321 287 1357 quod
298 1321 437 1356 proposito
451 1325 544 1348 nostro
554 1321 746 1348 exeidcrimus.
759 1320 870 1348 Lectum
885 1329 1002 1356 namque

215 1366 267 1393 fuit
288 1366 378 1398 nobis.
406 1369 436 1392 ut
461 1365 615 1397 audivistis,
645 1365 822 1400 Evangelium
852 1366 1000 1393 secundum

215 1410 382 1437 Matthamm.
413 1409 559 1444 Scriptum
582 1417 663 1444 porro
693 1410 827 1437 sententia
852 1410 909 1437 hmo
934 1414 999 1437 est:

218 1464 228 1480 ‹
243 1454 319 1481 Tunc
336 1454 410 1481 misit
424 1453 503 1481 Jesus
517 1454 587 1481 duos
609 1454 768 1488 discipulos,
780 1454 874 1481 dicens
888 1455 928 1481 eis
942 1464 948 1480 :
965 1454 1002 1480 lte

215 1500 243 1527 in
253 1500 406 1531 castellum,
420 1499 495 1534 quod
514 1502 608 1526 contra
626 1506 674 1525 vos
690 1503 731 1525 est
748 1507 753 1524 :
770 1502 798 1526 et
818 1499 910 1526 statim
927 1498 1002 1525 iuve~

214 1546 297 1573 uictis
312 1546 418 1573 asinam
439 1545 584 1580 alligatam,
605 1549 630 1572 et
645 1545 748 1579 pullum
763 1552 824 1572 cum
842 1552 892 1578 ea;
905 1545 1001 1572 solvite

1053 908 1205 943 ὑπήντησεν
1219 909 1288 944 ἀνήρ
1305 917 1346 941 τις
1357 910 1389 936 ἐκ
1407 910 1456 945 τῆς
1469 910 1580 941 πόλεως,
1592 910 1622 942 ὃς
1641 909 1700 945 εἶχε
1716 910 1836 944 δαιμόνια

1053 954 1085 979 ἐκ
1098 954 1201 989 χρόνων
1215 953 1322 980 ἱκανῶν.
1336 963 1345 979 ι
1360 955 1499 990 Πανταχοῦ
1512 953 1557 981 οὖν
1568 956 1698 990 εὑρήσεις
1711 955 1758 982 τὸν
1767 956 1836 981 Ματ-

1053 999 1127 1025 θαίον
1141 999 1236 1031 διττῶς
1250 1009 1282 1026 πε
1288 1000 1313 1036 ρ).
1325 1001 1432 1027 πάντων
1450 1001 1633 1036 φθεγγόμενον
1647 1011 1653 1016 ·
1672 1002 1717 1028 τὸν
1730 1002 1758 1028 δὲ
1771 1002 1835 1027 Λου-

1053 1045 1104 1071 κᾶν
1125 1045 1221 1076 ἑνικῶς
1239 1045 1438 1080 διαλεγόμενον.
1456 1047 1534 1073 Ὥστε
1548 1047 1597 1073 οὐκ
1616 1048 1772 1082 ἐσφαλμένα
1787 1047 1836 1072 είσὶ

1053 1090 1086 1116 τὰ
1106 1090 1165 1117 θεῖα
1181 1091 1344 1124 Εὐαγγέλια,
1361 1092 1398 1128 μὴ
1411 1092 1528 1126 γένοιτοῐ
1543 1093 1603 1119 οὔτε
1620 1093 1702 1120 πάλιν
1716 1092 1836 1119 ἀντίθετα

1056 1137 1272 1172 ἐμφορούμενοι·
1289 1138 1352 1173 μίαν
1367 1139 1421 1174 γὰρ
1439 1139 1486 1164 καὶ
1506 1139 1555 1174 τὴν
1568 1139 1653 1175 αὐτὴν
1668 1139 1782 1172 σώζουσι
1794 1139 1835 1166 διὰ

1088 1274 1114 1302 5.
1128 1274 1235 1301 Τούτων
1247 1275 1275 1301 δὲ
1287 1276 1332 1301 καὶ
1346 1276 1426 1310 ἡμεῖς
1439 1276 1682 1312 ἐμνημονεύσαμεν
1696 1277 1745 1303 οὐκ
1759 1277 1836 1302 ἐκπε-

1055 1319 1146 1351 σόντες
1168 1320 1215 1346 τοῦ
1237 1321 1434 1355 προκειμένου·
1454 1321 1610 1357 ἀνεγνώσθη
1633 1323 1689 1358 γὰρ
1707 1324 1779 1357 ἡμῖν,
1800 1322 1835 1353 ὡς

1053 1365 1198 1400 ἠκούσατε,
1213 1367 1377 1400 Εὑαγγέλιον
1395 1367 1425 1393 τὸ
1440 1368 1510 1394 κατὰ
1524 1368 1674 1395 Βίατθαίον.
1697 1369 1733 1395 'H'
1743 1369 1771 1395 δὲ
1787 1377 1835 1394 πε-

1056 1412 1131 1447 ριοχὴ
1149 1413 1196 1447 τῆς
1215 1413 1325 1448 Γραφῆς
1343 1414 1415 1440 ἐστιν
1435 1412 1520 1449 αὕτη*
1546 1424 1555 1440 ι
1576 1415 1640 1441 Τότε
1660 1416 1760 1450 Ἰησοῦς
1771 1414 1834 1441 ἀπέ-

1055 1458 1207 1484 στειλε¹δύο
1232 1458 1363 1494 μαθητὰς,
1389 1458 1475 1493 λέγων
1496 1460 1604 1491 αὐτοῖς·
1625 1460 1779 1496 Πορεύθητε
1797 1461 1834 1491 είς

1053 1504 1102 1539 τὴν
1123 1503 1228 1539 κώμην,
1244 1505 1292 1539 τὴν
1311 1504 1452 1531 κατέναντι
1468 1505 1554 1539 ὑμῶν,
1579 1506 1626 1532 καὶ
1639 1506 1740 1537 εὐθέως
1755 1506 1832 1541 εὑρή-

1055 1558 1114 1576 σετε
1127 1550 1186 1576 ὄνον
1205 1550 1358 1585 δεδεμένην,
1375 1551 1419 1576 καὶ
1443 1550 1530 1576 πῶλον
1545 1551 1603 1585 μετ’
1619 1551 1707 1586 αὐτῆς
1718 1560 1724 1566 ·
1742 1551 1834 1577 λύσαν-

214 1595 242 1618 et
269 1591 395 1618 adducite
424 1591 500 1617 mihi.
532 1600 541 1616 ι
565 1590 624 1617 .Iam
653 1598 736 1624 supra
759 1591 876 1618 diximus
897 1591 999 1618 asinam

1053 1605 1096 1627 τες
1111 1596 1227 1630 ἀγάγετέ
1243 1605 1298 1631 μοι.
1315 1606 1323 1621 ι
1344 1597 1413 1632 Ἤδη
1435 1599 1652 1633 προειρήκαμεν,
1672 1599 1711 1625 δτι
1735 1598 1800 1632 αὕτη
1815 1599 1830 1632 ἡ

215 1638 308 1670 istam,
326 1637 477 1664 Ecclesiam
490 1644 551 1664 esse
565 1645 596 1664 ex
616 1637 742 1672 gentibus
756 1641 879 1664 coactam
894 1645 900 1662 :
913 1637 1001 1672 pullus

215 1687 317 1717 autem,
336 1687 412 1718 pater
432 1688 526 1710 noster
536 1683 620 1709 Adam
637 1687 690 1715 est,
710 1691 790 1718 quem
809 1682 925 1710 Satanas
942 1691 1002 1710 ver-

215 1730 297 1757 sutiis
320 1729 377 1757 suis
390 1729 520 1763 alligavit.
538 1728 596 1764 Ipsa
619 1729 718 1764 quippe
734 1729 810 1756 asina
830 1728 1000 1755 immundum

214 1780 274 1802 erat
284 1774 383 1802 animal
394 1775 416 1806 ',
435 1778 464 1801 ut
480 1781 541 1809 qua:
557 1775 651 1801 cibum
663 1782 717 1801 non
732 1774 879 1801 ruminaret
893 1781 1001 1801 sursum

215 1821 340 1848 ducendo
360 1828 391 1847 ac
407 1819 575 1847 demittendo
591 1828 598 1846 :
617 1827 677 1854 qua:
693 1823 735 1847 est
764 1820 883 1854 gentium
908 1818 1001 1845 Eccle-

215 1867 266 1894 sia.
285 1865 352 1892 Nam
368 1865 483 1892 antehac
506 1865 552 1892 illa
576 1865 656 1892 idolis
677 1865 735 1892 suis
753 1864 998 1895 contaminabatur,

214 1910 412 1945 immundoque
424 1910 596 1944 polluebatur
609 1910 756 1945 sanguine;
772 1910 810 1936 ita
828 1913 857 1936 ut
870 1917 917 1944 per
925 1908 1000 1936 Jere—

215 1957 298 1983 miam
315 1956 474 1991 prophetam
489 1956 513 1983 ei
539 1955 667 1982 dicatur:
689 1965 698 1980 Ι
717 1954 861 1982 Foruicala
886 1963 916 1982 es
937 1962 1000 1982 cum

215 2002 371 2037 pastoribus
398 2001 493 2029 multis
509 2001 546 2034 ‘°;
566 2011 576 2027 ι
603 2001 651 2029 sed
674 2001 721 2029 Dei
748 2001 832 2028 Filius
860 2001 999 2028 hominum

215 2048 432 2080 amantissimus,
447 2047 481 2074 ad
496 2055 547 2075 nos
563 2048 750 2082 peregrinatus
763 2051 805 2075 est
820 2057 826 2074 :
839 2056 849 2072 ι
864 2053 890 2075 et
905 2048 999 2075 habitu

215 2094 344 2122 inventus
359 2097 388 2120 ut
408 2093 506 2125 homo,
531 2093 683 2120 humiliavit
707 2093 881 2128 semetipsum
911 2093 999 2120 factus

214 2140 345 2168 obediens
371 2147 457 2174 usque
483 2139 516 2166 ad
543 2142 669 2170 mortem.
686 2143 799 2166 mortem
822 2144 912 2166 autem
934 2146 998 2165 cru—

214 2187 255 2213 cis
272 2186 304 2212 “.
320 2195 330 2211 ι
347 2185 439 2220 Neque
454 2185 526 2213 enim
539 2185 696 2219 angelorum
707 2188 775 2216 erat,
788 2184 833 2212 Dei
844 2189 998 2212 creaturam

215 2233 318 2260 salvam
348 2231 456 2265 facere;
472 2231 519 2258 sed
544 2230 634 2263 Verbi,
661 2229 708 2258 Dei
736 2234 763 2258 et
791 2230 919 2258 hominis.
945 2229 997 2265 Ipsi

214 2278 315 2313 quippe
330 2277 480 2304 debebatur
492 2276 569 2308 illud,
590 2281 683 2311 utpote
704 2276 750 2311 qui
770 2281 877 2303 creator
893 2276 998 2303 dicere-

213 2325 269 2350 tur.
286 2322 367 2348 Mittit
392 2322 483 2356 itaque
503 2321 652 2356 discipulos
679 2321 749 2349 duos
771 2322 798 2348 in
826 2321 967 2349 castellum
983 2329 998 2349 e

215 2368 326 2403 regione
337 2367 431 2399 situm,
448 2367 494 2402 qui
505 2367 641 2395 solverent
660 2367 765 2394 asinam
785 2370 866 2402 atque
883 2367 996 2401 pullum.

217 2423 230 2441 ι·
247 2418 276 2441 ιιι
291 2413 431 2441 exhiberet
457 2421 516 2441 eam
529 2413 582 2441 sibi
604 2413 749 2448 gloriosam
766 2412 927 2444 Ecclesiam,
944 2421 998 2442 non

214 2460 358 2488 habentem
378 2460 496 2494 amplius
513 2459 659 2490 maculam,
679 2463 725 2486 aut
740 2457 840 2494 aliquid
855 2466 964 2491 eorum,
986 2469 995 2485 ι

214 2514 276 2542 quae
290 2507 417 2540 superius
428 2506 501 2533 dicta
519 2509 581 2533 sunt
594 2505 628 2532 de
643 2505 688 2532 illa
705 2513 711 2531 :
729 2505 774 2532 sed
785 2514 793 2530 ι
812 2509 841 2532 ιιι
855 2506 997 2533 sit'sancta

214 2557 240 2580 et
248 2551 420 2579 immaculata
430 2550 539 2579 Christo
548 2551 580 2578 ”.
589 2560 597 2576 ι
609 2551 647 2577 lta
655 2551 727 2578 enim
741 2551 786 2586 qui
795 2559 828 2578 ex
839 2559 870 2578 ea
883 2559 998 2579 nascen-

215 2603 260 2626 tur
274 2598 359 2625 futuri
373 2601 437 2626 sunt
453 2606 463 2623 ι
481 2597 598 2633 populus
614 2597 798 2632 acceptabilis,
817 2601 935 2625 sectator
949 2598 998 2625 bo-

215 2648 312 2672 norun‘t
328 2652 440 2679 operum
456 2644 487 2671 ’³.
503 2653 512 2669 ›

251 2722 261 2737 ⁸
280 2721 344 2750 Luc.
365 2721 540 2752 uili.55-58.
580 2721 591 2737 "
613 2721 706 2748 Matth.
716 2729 782 2753 vm.
799 2721 842 2748 9.8.
882 2722 892 2738 ⁸
913 2721 976 2750 Lur.
997 2723 1114 2756 vm,‘2.7.
1153 2723 1162 2737 '
1176 2722 1262 2750 Levit.
1281 2730 1319 2755 ιιι,
1335 2722 1360 2749 ι.
1402 2721 1486 2750 l"Jer.
1506 2730 1548 2754 ut.
1567 2723 1592 2749 t.

216 2757 241 2783 7.
266 2759 287 2772 ¹³
308 2755 405 2792 Epltcs.
423 2765 448 2788 ν,
466 2756 510 2783 ‘27.
551 2756 572 2772 ¹³
592 2756 644 2784 Tit.
666 2764 701 2790 tt,
721 2757 764 2783 Η.

249 2814 304 2851 [93)
318 2813 396 2848 Reg,
408 2812 572 2849 Ναζωραῖος.

1051 1643 1110 1673 ὄνος
1124 1643 1139 1677 ἡ
1152 1642 1182 1674 ἐξ
1195 1643 1278 1669 ἐθνῶν
1299 1643 1445 1678 Ἐκκλησία
1460 1644 1606 1678 ἐτύγχανεν
1620 1654 1626 1659 -
1643 1647 1660 1671 ό
1674 1645 1702 1671 δὲ
1723 1644 1806 1674 πῶλος
1818 1643 1832 1668 6

1052 1688 1142 1724 πατὴρ
1161 1688 1238 1723 ἡμῶν
1257 1689 1342 1725 Ἀδάμ
1358 1690 1441 1720 ἐστιν,
1457 1687 1592 1724 ὂν’ἕδησεν
1609 1691 1623 1716 ὁ
1638 1690 1760 1721 Σατανᾶς
1775 1689 1831 1718 ταῖς

1051 1735 1131 1761 αὑτοῦ
1145 1735 1330 1771 πανουργίαις.
1348 1734 1421 1770 Αὕτη
1437 1735 1490 1770 γὰρ
1506 1736 1521 1770 ἠ
1534 1735 1593 1767 ὄνος
1605 1736 1757 1771 ἀκάθαρτον
1767 1734 1830 1766 ζῶον

1051 1780 1226 1816 ἐχρημάτιζε,
1248 1781 1284 1816 μὴ
1302 1782 1448 1815 ὰνὰγουσα,
1465 1782 1531 1816 μήτε
1546 1782 1701 1815 κατάγουσα
1722 1788 1830 1816 μηρυκι-

1052 1826 1135 1860 σμόν·
1153 1827 1214 1861 ἥτις
1235 1826 1307 1853 ἐστὶν
1325 1828 1341 1861 ὴ
1365 1827 1394 1858 ἐξ
1414 1826 1498 1852 ἐθνῶν
1520 1826 1680 1862 Ἐκκλησία-
1701 1825 1828 1861 ἐμιαίνετο

1050 1872 1103 1906 γὰρ
1117 1872 1169 1908 πρὸ
1180 1872 1274 1899 τούτου
1287 1874 1314 1899 ἐν
1325 1874 1380 1904 τοῖς
1391 1872 1509 1904 εἰδώλοις
1523 1872 1617 1906 αὐτῆς,
1634 1873 1680 1900 καὶ
1693 1871 1828 1907 ὲμολύνετο

1049 1919 1078 1944 ἐν
1089 1919 1144 1949 τοῖς
1160 1918 1322 1954 ἀκαθάρτοις
1338 1919 1449 1954 αἴμασιν
1459 1928 1465 1934 ·
1482 1919 1518 1951 ὡς
1529 1919 1654 1953 λέγεσθαι
1671 1919 1736 1954 πρὸς
1750 1916 1826 1951 αὐτὴν

1049 1962 1230 1998 διὰἹερεμίου
1243 1963 1297 1999 (94)
1308 1963 1353 1989 τοῦ
1368 1964 1516 1998 προφήτου·
1531 1973 1540 1988 ί
1553 1965 1727 1999 Ἐμοέχευσας
1739 1964 1765 1988 ἐν
1774 1968 1827 1986 ποι-

1051 2008 1113 2043 μέσι
1137 2008 1259 2040 πολλοῖς·
1281 2021 1289 2034 ι
1309 2008 1366 2035 ἀλλ’
1383 2009 1397 2034 ὁ
1415 2009 1604 2045 φιλάνθρωπος
1625 2011 1671 2036 τοῦ
1690 2007 1753 2035 Θεοῦ
1768 2004 1826 2035 Υἱὸς

1049 2054 1201 2089 ἐπεδήμησε
1218 2054 1284 2089 πρὸς
1297 2055 1377 2089 ἡμᾶς,
1396 2064 1404 2079 ε
1417 2055 1463 2080 καὶ
1480 2056 1597 2090 σχήματι
1613 2054 1731 2090 εὑρεθεὶς
1739 2053 1774 2082 ὡς
1783 2051 1825 2078 ἀν·

1049 2100 1167 2135 θρωπος,
1183 2101 1362 2127 ἐταπείνωσεν
1378 2101 1481 2131 ἑαυτὸν,
1496 2101 1640 2136 γενόμενος
1657 2102 1769 2135 ὑπήκοος
1783 2095 1824 2131 μέ·

1049 2153 1093 2180 χρι
1112 2144 1236 2176 θανάτου,
1252 2145 1364 2171 θανάτου
1385 2145 1413 2170 δὲ
1431 2145 1557 2180 σταυροῦ.
1579 2155 1587 2171 ι
1606 2147 1644 2172 Οὐ
1662 2145 1714 2180 γὰρ
1733 2141 1765 2177 ἦν
1779 2141 1824 2173 ἀγ⁶

1048 2190 1134 2224 γέλων
1147 2190 1177 2216 τὸ
1194 2191 1279 2216 σῶσαι
1300 2190 1386 2216 κτίσιν
1402 2191 1480 2223 Θεοῦ,
1498 2191 1566 2218 ἀλλὰ
1587 2192 1684 2225 Λόγου,
1703 2187 1766 2215 Θεοῦ
1780 2184 1822 2211 καὶ

1049 2235 1200 2270 ἀνθρώπου.
1215 2235 1292 2270 Αὐτῷ
1303 2235 1356 2271 γὰρ
1371 2237 1416 2262 καὶ
1427 2237 1612 2271 ἐχρεωστεῖτο,
1627 2237 1664 2272 τῷ
1677 2235 1721 2263 καί¹
1735 2232 1821 2266 κτίστῃ

1048 2282 1193 2317 εἰρημένῳ.
1210 2281 1381 2308 Ἀποστὲλλει
1397 2281 1442 2308 οὖν
1458 2283 1519 2314 τοὺς
1533 2283 1579 2309 δύο
1595 2283 1715 2318 μαθητὰς
1730 2282 1767 2311 εἰς
1777 2278 1821 2312 τὴν

1048 2328 1189 2354 κατέναντι
1214 2327 1309 2362 κώμην
1333 2327 1410 2354 λῦσαι
1437 2327 1486 2362 τὴν
1510 2328 1569 2354 ὖνον
1594 2329 1640 2354 καὶ
1664 2328 1708 2354 τὸν
1729 2324 1819 2352 πῶλον.

1051 2382 1060 2398 ‹
1080 2374 1123 2399 ἵνα
1144 2374 1306 2409 παραστήσῃ
1326 2373 1410 2408 αὐτὴν
1426 2373 1514 2408 ἐαυτῷ
1536 2374 1638 2406 ἔνδοξον
1659 2369 1818 2405 Ἐκκλησίαν.

1050 2419 1145 2454 μηκέτι
1169 2419 1282 2454 ἔχουσαν
1308 2419 1398 2445 σπῖλον
1421 2420 1437 2454 ἢ
1460 2420 1562 2454 ῥυτίδα,
1583 2420 1599 2454 ἦ
1620 2420 1682 2446 ἄλλο
1702 2426 1727 2444 τι
1745 2426 1753 2441 ι
1771 2413 1819 2440 τῶν

1050 2464 1250 2501 προλεχθέντων
1264 2465 1327 2500 περὶ
1337 2465 1421 2500 αὐτῆς
1431 2474 1437 2480 ·
1451 2465 1507 2491 ἀλλ’
1519 2475 1528 2490 ι
1541 2466 1584 2492 ἵνα
1620 2466 1682 2500 ἁγία
1698 2464 1741 2490 καὶ
1754 2462 1819 2496 ἀμω-

1052 2519 1100 2545 μος
1114 2510 1152 2545 τῷ
1170 2510 1287 2545 Χριστῷ.
1310 2520 1319 2535 ι
1338 2510 1430 2542 Οὕτως
1448 2510 1502 2545 γὰρ
1518 2512 1564 2537 καὶ
1580 2512 1614 2537 τὰ
1630 2511 1659 2543 ἐξ
1674 2509 1752 2543 αὐτῆς
1765 2512 1819 2539 γεν-

1050 2556 1157 2591 νώμενα
1173 2557 1277 2583 ἔσονται
1295 2557 1333 2588 είς
1352 2567 1361 2582 ‹
1377 2557 1439 2583 λαὸν
1460 2557 1624 2593 περιούσιον,
1645 2554 1760 2592 ζηλωτὴν
1773 2555 1818 2576 κα-

1050 2603 1102 2629 λῶν
1119 2603 1215 2638 ἔργων.
1233 2613 1241 2628 ι

1631 2722 1651 2737 ¹¹
1660 2717 1770 2751 Philipp.
1788 2719 1815 2744 ιι,

1085 2814 1139 2850 (Μ)
1154 2814 1220 2850 Reg.
1232 2814 1258 2848 '2,
1275 2815 1318 2842 διὰ
1338 2816 1458 2843 Ἡσαΐου.
1473 2815 1531 2843 Mox
1545 2815 1630 2846 idem,
1651 2807 1800 2849 ἐμοιχεύοω.
