1940 3067
115 142 191 172 I029

577 141 717 170 HOMILIA
735 141 768 168 IN
789 139 891 168 ILL‘UD
912 149 918 167 ε
943 150 952 167 1
965 138 1109 167 ‘EUNTES
1121 161 1128 172 ,
1148 150 1157 166 ι
1176 140 1253 168 ETC.

1657 141 1726 169 “130

151 203 177 228 Α.
203 201 378 237 ’Ᾱπέρχονται
398 199 444 227 οὖν
458 201 482 226 οἱ
499 200 544 227 δύο
561 200 679 235 μαθηταὶ
700 201 739 231 είς
758 199 806 235 τὴν
835 207 896 225 κατ-

985 199 1012 225 4.
1027 198 1133 226 Abeunt
1147 207 1212 234 ergo
1221 198 1409 234 discipuliduo
1422 199 1455 226 ad
1471 199 1560 226 vicum
1569 205 1602 226 ex
1614 198 1730 226 adverso

113 248 206 275 ἐναντι
231 247 337 282 κώμην,
354 248 402 273 καὶ
419 247 510 273 λύουσι
533 247 582 282 τὴν
602 247 660 272 ὂνον
682 245 786 272 καὶτὸν
799 245 897 278 πῶλον,

115 294 187 321 κατὰ
210 294 244 320 τὰ
260 292 440 321 κελευσθέν,
459 293 548 324 αὐτοῖς
566 292 640 327 παρὰ
661 293 706 318 τοῦ
729 292 897 318 διδασκάλου.

122 338 318 365 ’Λνεκαλέσατο
332 338 386 373 γὰρ
401 337 474 372 ἡμᾶς
487 339 522 366 ιη
535 338 584 372 τῆς
597 337 736 364 κατέναντι
752 337 847 372 κώμης
861 338 900 368 είς

113 387 166 419 τὴν
179 384 338 419 ἐπουράνιον
357 383 444 414 πόλιν,
458 383 506 418 τὴν
523 383 578 410 ἄνω
598 383 782 418 Ἰερουσαλήμ.
802 383 898 409 Ἔλυσε

113 429 143 456 δὲ
157 431 231 464 ἡμᾶς
247 430 278 455 ἐκ
301 429 355 455 τῶν
377 428 423 454 τοῦ
445 428 566 455 διαϐόλου
590 429 709 463 δεσμῶνθ
733 429 769 460 ὡς
786 429 832 455 καὶ
855 429 900 455 τὸν

114 477 258 512 προφήτην
282 477 397 503 ΪΗσσΞαν
427 476 480 512 πρὸ
506 475 602 502 πολλοῦ
627 475 690 510 βοᾷν
719 475 765 501 καὶ
794 474 898 508 λέγειν·

117 522 246 548 ιἘδωκά
259 530 288 548 σε
304 523 343 553 εις
359 521 488 556 διαθήκην
501 521 594 555 γένους
608 529 669 555 μου,
683 521 722 551 εἰς
734 520 790 554 φῶς
804 520 898 551 ἐθνῶν,

113 566 220 598 ἀνοῖξαι
244 567 398 602 ὀφθαλμοὺς
421 566 540 601 τυφλῶν,
565 566 707 599 ἐξαγαγεῖν
734 567 766 592 ὲκ
793 566 900 600 δεσμῶν

113 612 285 646 ἀνειμένους,
307 612 353 638 καὶ
374 611 402 645 ἐξ
429 611 504 638 οἴκου
527 611 649 645 φυλακῆς
678 610 845 646 καθημένους
871 612 899 637 ἐν

114 657 217 684 σκότει.
237 666 246 682 ι
263 657 426 692 Πορεύονται
447 657 472 683 ot
496 657 613 692 μαθηταὶ
632 656 671 687 είς
691 656 740 690 τὴν
758 656 898 682 κατέναντι

113 702 221 738 κώμην.
244 703 347 738 Κώμην
362 703 388 729 δὲ
407 703 453 729 ἐὰν
471 703 599 738 ἀκούσῃς,
619 702 664 728 τὸν
682 702 819 738 περίγειον
839 702 900 728 τοῦ·

112 756 160 774 τον
176 748 278 783 κοσμον
294 748 466 783 ὐπολάμὸανε
477 756 484 763 ·
508 749 524 783 ή
549 749 602 783 γὰρ
616 748 692 779 πόλις
707 748 724 783 ή
741 748 900 783 ἐπουράνιος

113 794 198 824 ἐστιν,
223 793 260 825 ὼς
282 793 461 828 προείπαμεν.
480 793 516 819 Τὸ
531 793 569 824 δὲ,
592 794 640 820 καὶ
664 802 674 818 1
694 793 740 824 Είς
761 793 810 828 τὴν
831 801 899 820 κατ-

113 838 205 865 έναντι
222 837 329 873 κώμην,
347 848 356 864 ι
375 838 476 872 Μωσῆς
493 839 521 864 ὲν
535 839 567 873 τῇ
582 838 686 864 Γενέσει
700 838 896 874 προεσήμανεν,

113 882 213 909 εἰπών·
234 891 243 908 1
267 882 448 917 Ἀπῴκησενό
467 882 532 914 Θεὸς
542 882 588 908 τὸν
608 882 691 917 Ἀδὰμ
711 882 838 908 ἀπέναντι
851 881 897 907 τοῦ

116 928 284 964 Παραόείσου
301 929 350 963 τῆς
363 929 480 964 τρυφῆς,
503 929 548 954 καὶ
571 928 694 954 ἐκέλευσε
710 928 744 954 τὰ
756 928 896 963 χερουῦὶμ,

112 975 161 1001 καὶ
177 975 226 1010 τὴν
240 975 366 1010 φλογίνην
382 974 517 1010 ῥομφαίαν
532 975 582 1010 τὴν
601 974 785 1010 στρεφομένην
797 974 899 1009 φυλάττ

111 1029 170 1046 τειν
184 1020 235 1055 τὴν
255 1020 313 1046 666v
334 1020 380 1046 τοῦ
403 1020 480 1053 ξύλου
504 1020 553 1054 τῆς
576 1020 657 1055 ζωῆς.
679 1030 688 1046 ι
708 1019 820 1050 Οὐδενὸς
843 1019 898 1054 γὰρ

111 1065 193 1092 ἄλλου
207 1063 240 1100 ἦν
253 1066 408 1098 εἰσαγαγεῖν
423 1065 505 1100 ἡμᾶς,
523 1065 583 1091 ὃθεν
602 1064 794 1100 ὲξεϐλήθημεν,
810 1064 826 1099 ἢ
851 1065 898 1090 αύ-

111 1110 160 1136 τοῦ
176 1109 223 1135 τοῦ
241 1110 353 1145 Κυρίου,
375 1109 421 1135 τοῦ
439 1109 589 1140 τεθεικότος
604 1108 638 1135 τὰ
653 1108 785 1144 χερουϐὶμ
799 1108 899 1142 φυλάτ-

112 1164 170 1181 τειν
184 1155 232 1190 τὴν
246 1155 304 1181 ὁδὸν
317 1155 363 1181 τοῦ
376 1154 454 1186 ξύλου
467 1155 516 1190 τῆς
530 1154 612 1190 ζωῆς,
627 1154 738 1185 Οὐδενὸς
751 1153 804 1189 γὰρ
818 1153 897 1180 ἄλλου

111 1199 146 1236 ἦν
162 1201 377 1228 ἀνακαλέσασθαι
391 1201 465 1236 ἡμᾶς
481 1202 512 1227 ἐκ
526 1201 574 1236 τῆς
589 1200 730 1226 κατέναντι
748 1199 842 1235 κώμης
858 1200 898 1230 εἰς

111 1248 162 1282 ’τὴν
188 1246 347 1283 ἐπουράνιον
369 1247 444 1273 πόλιν
466 1247 482 1282 ἢ
506 1246 598 1277 αὑτοῦ,
621 1246 667 1272 τοῦ
688 1245 897 1280 ἀποφηναμένου

112 1293 174 1320 καθ’
195 1293 282 1329 ήμῶν.
305 1293 398 1324 Οὕτως
417 1291 462 1319 οὖν
483 1291 644 1328 νοηθήσεται
667 1292 714 1318 καὶ
732 1291 762 1318 τὸ
789 1292 834 1317 ἐπὶ
849 1291 898 1326 τῆς

111 1339 173 1366 δνου
193 1340 240 1365 καὶ
259 1339 306 1365 τοῦ
327 1338 427 1370 πώλου,
441 1339 481 1364 ὅτι
499 1339 573 1364 πᾶσα
591 1339 608 1373 ὴ
621 1338 796 1373 ἁνθρωπότης
815 1337 896 1364 ἐστίν.

117 1384 313 1419 ’Υποδείγμασι
328 1384 381 1419 γὰρ
396 1385 526 1420 κέχρηται
541 1385 559 1418 ἡ
572 1383 630 1410 θεία
644 1383 738 1419 Γραφή
751 1392 757 1397 ·
778 1381 828 1408 κᾶν
845 1382 898 1418 γὰρ

111 1430 161 1466 τὴν
179 1430 349 1466 .Ἐκκλησὶαν
374 1430 501 1462 διαλαὸω,
528 1430 574 1456 τὸν
595 1429 736 1464 ἄνθρωπον
760 1429 896 1464 aquati/19'

111 1476 164 1503 κᾶν
180 1476 227 1503 τοῦ
250 1476 335 1511 Ἀδὰμ
351 1477 460 1511 μνήμην
471 1477 634 1511 ποιήσωμαι,
649 1475 716 1501 ἀλλὰ
729 1476 817 1501 πᾶσαν
830 1475 896 1510 ὁμοῦ

110 1522 161 1558 τὴν
174 1521 370 1557 ἁνθρωπότητα
385 1522 518 1557 ὁμολογῶ.
539 1522 587 1548 Διὰ
602 1521 680 1547 τοῦτο
695 1520 748 1556 γὰρ
761 1520 898 1556 ἐπεδήμη-

113 1577 159 1595 σεν
175 1569 190 1594 6
209 1568 309 1602 Κύριος
333 1567 379 1593 καὶ
402 1568 496 1602 Σωτὴρ
517 1566 594 1602 ήμῶν
617 1566 719 1602 Ἰησοῦς
739 1567 753 1592 6
771 1565 897 1601 Χριστὸς,
912 1561 933 1589 C

111 1615 157 1642 ἱνα
182 1614 212 1641 τὸ
232 1613 437 1648 πεπλανημένον
461 1612 620 1648 ἐπιστρέψῃ,
640 1611 686 1638 καὶ
705 1611 736 1637 τὺ
760 1611 897 1643 ἀπολωλὸς

111 1660 232 1695 ζητήσας
248 1659 325 1695 εὕρῃ.
340 1659 424 1690 Αὐτὸς
438 1659 490 1694 γάρ
505 1660 578 1684 ἐστιν
589 1659 604 1684 6
616 1657 686 1684 λύων
704 1658 766 1688 τοὺς
784 1657 897 1692 πεπεδη-

114 1705 221 1740 μένους,
236 1705 282 1730 καὶ
293 1704 413 1740 ἀνορθῶν
429 1705 492 1735 τοὺς
508 1703 755 1739 κατερῥαγμένους,
773 1702 820 1729 καὶ
835 1703 895 1729 ανα-

111 1750 278 1785 καλούμενος
297 1751 359 1782 τοὺς
374 1751 547 1781 ἐκπεσόντας,
566 1749 612 1776 καὶ
637 1749 817 1785 λυτρούμενος
831 1749 894 1780 τοὺς

112 1797 310 1831 αἰχμαλώτους.
324 1796 408 1822 Τοῦτο
419 1796 448 1823 δὲ
464 1796 572 1831 μηνύων
588 1797 602 1822 6
623 1795 749 1830 Θεοφορος
767 1794 848 1820 Δαϐὶδ
867 1795 894 1820 ἐν

111 1843 235 1878 Ψαλμοῖς
259 1843 324 1878 ᾄδει,
348 1842 450 1876 λέγων’
481 1851 490 1867 1
516 1841 700 1877 Ἐπίστρεψον,
728 1841 822 1876 Κύριε,
847 1841 895 1876 τὴν

111 1889 299 1923 αἰχμαλωσίαν
323 1888 410 1923 ἡμῶν,
429 1888 466 1919 ὡς
485 1888 649 1923 χειμάρρους
670 1888 698 1914 ἐν
720 1887 759 1922 τῷ
778 1888 860 1922 νότῳ·
882 1898 891 1913 ι

111 1932 189 1965 οὗτος
210 1935 283 1960 ἐστιν
306 1934 320 1959 6
335 1934 381 1960 καὶ
402 1933 431 1959 τὸ
455 1934 548 1964 σκότος
569 1933 762 1967 καταλάμπων,
784 1932 848 1968 περὶ
864 1929 893 1958 οὗ

111 1980 268 2015 γέγραπται
280 1988 286 1994 ·
306 1989 315 2004 1
330 1979 458 2005 Γαλιλαία
471 1978 525 2005 τῶν
539 1978 631 2010 ἐθνῶν,
644 1979 658 2004 6
673 1978 735 2010 λαὸς
751 1980 765 2005 6
778 1978 895 2014 καθήμε-

110 2034 156 2057 νος
171 2026 200 2051 ὲν
217 2026 306 2051 σκότει
328 2023 381 2052 εἶδε
400 2024 457 2059 φῶς
473 2025 553 2060 μέγα.
570 2034 580 2050 ο
606 2024 661 2060 Τῆς
673 2024 727 2060 γὰρ
746 2024 894 2060 παρουσίας

109 2070 158 2097 τόὖ
183 2070 309 2105 Σωτῆρος
331 2070 545 2105 καταλαμψάσης
567 2069 600 2096 τὰ
624 2069 778 2105 σύμπαντα,
803 2069 894 2095 λύεται

949 245 1042 276 situm,
1060 245 1223 279 solvuntque
1241 245 1346 272 asinam
1370 248 1398 271 et
1421 245 1534 279 pullum,
1551 248 1631 279 prout
1648 244 1700 271 sibi
1713 252 1730 270 ιι

948 290 1079 324 magistro
1089 290 1197 324 jussum
1212 290 1309 317 fuerat.
1321 289 1469 317 Revocavit
1478 290 1550 316 enim
1561 298 1611 318 nos
1626 297 1660 317 ex
1670 290 1731 317 vico

948 339 1044 361 contra
1068 335 1168 368 posito,
1192 334 1225 361 ad
1247 334 1385 362 caelestem
1411 334 1559 366 civitatem,
1585 342 1730 369 supernam

947 378 1110 406 Jerusalem.
1137 379 1192 406 Nos
1209 385 1298 407 autem
1326 380 1408 407 solvit
1427 388 1460 407 ex
1478 380 1594 407 vinculis
1607 380 1730 413 diaboli;

949 429 979 451 ut
992 429 1019 451 et
1041 424 1126 452 Isaias
1141 425 1270 459 propheta
1287 425 1344 460 jam
1360 426 1424 452 olim
1439 426 1619 453 exclamaret:
1636 435 1645 452 1
1664 426 1731 454 Dedi

949 475 974 497 te
985 470 1013 497 in
1028 470 1118 498 foedus
1132 471 1239 505 generis
1257 471 1309 498 mei
1323 471 1350 498 in
1367 471 1453 498 lucem
1468 472 1589 506 gentium
1602 480 1608 497 :
1628 478 1657 498 ut
1667 480 1731 506 ape-

949 516 1005 543 rias
1017 517 1110 544 oculos
1129 524 1278 548 caecorum,
1298 521 1325 544 et
1337 517 1420 552 376
1433 517 1533 544 educas
1556 525 1588 544 ex
1613 517 1730 545 vinculis

949 563 1087 594 remissos,
1115 567 1142 590 et
1170 570 1202 590 ex
1227 563 1308 590 domo
1323 564 1442 590 carceris
1463 562 1589 590 sedentes
1608 563 1636 590 in
1654 568 1730 590 tene-

947 609 1004 636 bris
1025 609 1057 636 η.
1077 619 1086 635 ι
1104 609 1211 636 Abeunt
1236 610 1361 644 discipuli
1387 610 1414 636 in
1433 610 1574 636 castellum
1589 617 1604 637 e
1620 610 1731 645 regione

948 654 1077 687 positum.
1102 654 1249 682 Castellum
1278 661 1359 689 porro
1384 662 1446 681 cum
1474 655 1564 686 audis.
1591 659 1730 682 terrenum

948 701 1021 727 hunc
1037 700 1167 727 mundum
1187 699 1317 734 intellige.
1331 699 1436 727 Civitas
1448 700 1521 727 enim
1545 701 1666 728 caelestis
1676 706 1730 736 est,

949 746 987 773 uti
1015 753 1097 780 supra
1118 745 1247 773 diximus.
1269 745 1337 772 Illud
1360 750 1450 772 autem
1470 757 1475 773 :
1497 755 1505 771 1
1535 746 1562 773 In
1587 747 1730 774 castellum

947 792 1019 827 quod
1035 795 1129 819 contra
1141 799 1190 819 vos
1205 795 1258 823 est,
1283 802 1293 817 ι
1311 791 1398 819 Moses
1412 792 1439 818 in
1452 791 1551 819 Genesi
1566 793 1631 820 olim
1645 793 1733 828 signi-

950 838 1044 863 ticarat
1058 835 1152 863 dicens
1169 845 1176 862 :
1195 844 1205 861 1
1225 835 1375 863 Collocavit
1401 835 1474 863 Deus
1490 837 1575 864 Adam
1592 846 1606 864 e
1619 838 1731 872 regione

949 880 1067 915 paradisi
1086 880 1253 915 voluptatis:
1270 880 1408 915 jussitque
1425 881 1577 913 cherubim,
1607 886 1633 909 et
1651 882 1730 909 ﬂam-

948 934 1038 953 meum
1064 926 1182 961 gladium
1208 930 1288 961 atque
1316 927 1470 954 versatilem
1499 927 1638 955 custodire
1660 917 1745 955 viauv

948 972 1014 1007 ligni
1033 973 1095 999 vitae
1112 972 1144 999 ¹⁵.
1164 982 1173 998 ι
1189 971 1281 1007 Neque
1295 973 1367 999 enim
1388 973 1500 1001 alterius
1514 973 1657 1008 cujusdam
1672 979 1732 1002 erat

947 1018 1078 1045 reducere
1093 1026 1142 1045 nos
1159 1018 1192 1044 ad
1209 1018 1297 1045 locum
1313 1019 1384 1045 unde
1396 1019 1533 1046 fueramus
1547 1020 1666 1054 expulsi,
1676 1020 1731 1048 nisi

948 1065 1033 1098 ipsius
1063 1064 1180 1096 Domini,
1197 1065 1241 1099 qui
1264 1065 1405 1092 cherubim
1428 1070 1556 1100 posuerat
1578 1066 1612 1092 ad
1635 1071 1730 1094 custo-

948 1109 1073 1137 diendam
1086 1111 1156 1137 viam
1174 1110 1238 1145 ligni
1254 1111 1326 1137 vitae.
1339 1110 1444 1138 Nullius
1458 1116 1516 1138 erat
1529 1112 1640 1139 alterius
1652 1120 1731 1140 revo-

947 1162 1010 1182 care
1025 1163 1075 1183 nos
1085 1163 1117 1182 ex
1134 1156 1246 1183 castello
1259 1163 1274 1183 e
1287 1156 1396 1191 regione
1415 1157 1468 1184 sito
1489 1157 1523 1184 ad
1538 1158 1676 1185 cmlestem
1691 1157 1731 1184 ci-

947 1200 1069 1232 vitatem,
1079 1208 1161 1235 quam
1177 1200 1236 1235 ejus
1251 1201 1298 1235 qui
1314 1201 1341 1227 in
1358 1207 1408 1228 n'os
1426 1201 1539 1236 protulit
1554 1201 1727 1229 sententiam.

947 1245 986 1272 Ila
1001 1246 1248 1281 ergointelligetur.
1259 1247 1363 1274 asinam
1373 1247 1446 1274 illam
1458 1251 1635 1274 memoratam
1649 1251 1731 1282 atque

947 1293 1060 1327 pullum,
1088 1300 1149 1320 esse
1179 1296 1265 1320 totum
1290 1293 1440 1320 humanum
1466 1301 1561 1328 genus.
1592 1293 1731 1329 Exemplis

947 1345 1064 1373 namque
1080 1338 1166 1364 utitur
1181 1338 1274 1364 divina
1291 1337 1432 1372 Scriptura
1449 1347 1457 1371 :_
1473 1346 1536 1366 nam
1557 1339 1619 1366 licet
1634 1339 1730 1367 Eccle-

948 1384 1016 1411 siam
1033 1383 1176 1418 accipiam,
1192 1383 1329 1410 hominem
1353 1384 1488 1419 signiﬁco,
1503 1389 1531 1412 et
1549 1385 1572 1412 si
1598 1385 1730 1413 Adamum

947 1437 1105 1462 memorem.
1125 1437 1179 1456 una
1205 1433 1291 1456 totum
1321 1438 1407 1465 genus
1438 1430 1586 1457 humanum
1609 1431 1729 1461 dediaro.

947 1476 1051 1503 Idcirco
1061 1477 1133 1504 enim
1157 1476 1265 1503 advenit
1289 1475 1419 1503 Dominus
1433 1484 1464 1503 ac
1488 1476 1613 1504 Salvator
1637 1483 1731 1505 noster

946 1522 1026 1549 Jesus
1054 1521 1191 1553 Christus,
1223 1525 1253 1548 ut
1272 1521 1345 1556 quod
1367 1526 1506 1549 erraverat
1531 1523 1683 1555 reduceret,
1703 1527 1731 1551 et

949 1567 1020 1602 quod
1035 1567 1150 1602 perierat
1162 1574 1288 1602 quarens
1307 1567 1450 1594 inveniret.
1466 1568 1526 1602 Ipse
1543 1575 1660 1602 namque
1687 1572 1731 1596 est

949 1613 994 1648 qui
1005 1612 1086 1640 solvit
1099 1613 1333 1647 compeditos.qui
1344 1612 1499 1640 contractos
1517 1613 1606 1648 erigit,
1622 1613 1668 1648 qui
1690 1613 1731 1640 la»

948 1667 1012 1694 psos
1040 1663 1161 1691 revocat,
1177 1659 1224 1694 qui
1245 1659 1367 1694 captivos
1381 1659 1500 1686 redimit.
1517 1658 1592 1692 Quod
1606 1659 1730 1686 indicans

948 1704 1034 1731 deil'er
1048 1705 1093 1731 ille
1116 1704 1198 1731 David
1213 1705 1240 1731 in
1262 1703 1378 1732 Psalmis
1395 1705 1431 1731 ita
1445 1705 1518 1731 canit
1532 1713 1538 1730 :
1556 1713 1565 1729 1
1582 1703 1728 1736 Converte.

947 1749 1070 1780 Domine,
1096 1749 1280 1784 captivitatem
1310 1753 1448 1781 nostram,
1477 1749 1548 1776 sicut
1573 1753 1681 1776 torrens
1700 1749 1729 1776 il

947 1798 1042 1822 austro
1059 1794 1091 1822 ”.
1109 1804 1118 1820 ι
1137 1794 1187 1822 Hic
1210 1798 1252 1822 est
1267 1795 1313 1829 qui
1331 1795 1458 1822 tenebras
1481 1795 1611 1827 illustrat,
1628 1795 1662 1822 de
1673 1802 1729 1830 quo

947 1841 1079 1876 scriptum
1092 1844 1133 1868 est
1148 1850 1154 1867 :
1171 1850 1180 1866 1
1205 1839 1313 1868 Galilaaa
1325 1841 1456 1876 gentium,
1474 1841 1593 1876 populus
1606 1841 1653 1876 qui
1670 1849 1730 1868 am-

947 1888 1059 1915 bulabat
1075 1887 1102 1914 in
1118 1887 1237 1915 tenebris
1251 1886 1318 1913 vidit
1345 1886 1433 1914 lucem
1458 1894 1582 1921 magnam
1599 1887 1630 1912 ν’.
1644 1896 1653 1912 ι
1667 1885 1729 1914 Sal-

946 1932 1050 1958 vatoris
1066 1931 1166 1966 quippe
1179 1931 1294 1958 adventu
1317 1936 1415 1958 cuncta
1437 1931 1599 1962 illustrante.
1614 1932 1730 1959 solvitur

947 1976 1055 2003 demum
1084 1976 1159 2003 asina
1174 1979 1256 2010 atque
1271 1975 1361 2010 pullus
1377 1983 1409 2003 ex
1435 1976 1561 2004 vinculis.
1579 1975 1639 2011 Ipse
1655 1977 1729 2003 enim

946 2025 1058 2056 peccata
1071 2026 1166 2049 nostra
1182 2021 1255 2054 tulit,
1272 2025 1302 2049 ut
1319 2030 1367 2057 per
1387 2022 1546 2058 prophetam
1563 2023 1598 2050 ait
1616 2033 1622 2050 :
1643 2032 1652 2048 1
1672 2022 1728 2058 Ego

947 2075 1007 2094 sum
1021 2068 1067 2102 qui
1078 2067 1154 2094 deleo
1166 2071 1278 2102 peccata
1292 2071 1340 2094 tua
1353 2068 1386 2095 ¹⁸.
1403 2077 1412 2094 ›

110 2116 203 2142 λοιπον
218 2117 234 2150 ή
259 2116 317 2147 δνος
341 2116 388 2142 καὶ
408 2117 423 2141 6
444 2117 532 2147 πῶλος
556 2117 588 2142 ὲκ
610 2116 662 2142 τῶν
678 2115 793 2150 δεσμῶν.
811 2115 896 2146 Αὐτὸς
919 2113 973 2149 γὰρ
996 2114 1042 2140 καὶ
1059 2113 1109 2145 τὰς
1128 2113 1263 2149 ἁμαρτίας
1281 2113 1360 2151 ἡμῶν
1377 2111 1454 2149 ἦρεν,
1473 2114 1510 2146 ὥς
1531 2123 1596 2150 φησι
1613 2114 1656 2141 διὰ
1679 2115 1727 2142 τοῦ

110 2163 249 2197 προφήτου
262 2171 269 2176 ·
292 2171 301 2187 1
323 2161 392 2196 Ἐγώ
414 2163 470 2196 είμι
489 2163 503 2188 6
521 2162 667 2196 ἐξαλείτων
689 2161 737 2193 τὰς
756 2161 891 2196 ἁμαρτίας

147 2210 173 2237 5.
192 2209 327 2244 Δείξωμεν
344 2207 389 2235 οὖν
413 2210 459 2235 καὶ
479 2210 557 2244 ἡμεῖς
578 2209 677 2244 ἀγαθὸν
700 2210 732 2244 τῇ
746 2208 817 2244 ψυχῇ
835 2209 896 2235 ἐαυ-

111 2256 164 2282 τῶν
174 2262 180 2271 ³
196 2253 320 2289 λύσωμεν
333 2254 418 2280 πάντα
435 2254 532 2289 δεσμὸν
547 2254 602 2290 (95)
616 2255 730 2285 ἀδικίας.
743 2254 827 2280 Τοῦτο
842 2254 895 2288 γάρ

111 2303 170 2328 ἐστι
187 2301 219 2327 rb
240 2301 341 2336 κυρίως
357 2301 469 2334 ἀγαθὸν,
490 2301 532 2327 ἵνα
547 2301 576 2326 ὲν
589 2298 629 2332 οἷς
643 2301 724 2332 αὐτὸς
745 2301 759 2326 6
774 2300 897 2326 διδάσκα-

111 2347 157 2378 λος
171 2346 258 2381 ὀρθῶς
272 2346 318 2372 καὶ
335 2345 424 2377 καλῶς
436 2345 637 2377 ἐπολιτεύσατο,
653 2345 831 2381 μανθάνωμεν
845 2347 894 2372 αὑ-

111 2390 158 2416 τὸν
175 2390 212 2424 μὴ
233 2389 304 2423 λόγῳ
322 2390 399 2424 μόνον
420 2390 637 2425 παραδεδωκέναι
659 2391 735 2425 ἡμῖν,
758 2390 826 2416 ἀλλὰ
849 2391 895 2417 καὶ

113 2435 256 2469 πράγμασι
271 2434 305 2460 τὰ
325 2435 503 2469 συμφέροντα.
524 2435 622 2462 ’Λκουε
638 2435 692 2470 γὰρ
706 2435 787 2462 αὑτοῦ
800 2435 893 2469 λέγον-

112 2488 157 2511 τος
171 2479 214 2506 διὰ
227 2479 274 2505 τοῦ
288 2480 426 2514 προφήτου
438 2489 444 2494 -
460 2489 469 2505 1
485 2479 596 2514 Πνεῦμα
610 2480 712 2514 Κυρίου
725 2481 767 2506 ἐπ’
789 2481 850 2515 ἐμὲ,
862 2477 892 2507 οὗ

112 2525 204 2552 ἑνεκεν
215 2524 305 2559 ἔχρισε
318 2533 361 2560 με,
374 2525 598 2559 εὐαγγελίσασθαι
612 2527 727 2560 πτωχοῖς
741 2526 893 2553 ἀπέσταλκε

115 2580 158 2606 με,
187 2571 311 2598 ἰάσασθαι
338 2573 399 2604 τοὺς
429 2572 674 2608 συντετριμμένους
697 2571 745 2607 τὴν
770 2573 891 2608 καρδίαν,

113 2616 228 2652 κηρύξαι
250 2617 430 2652 αἰχμαλώτοις
455 2618 561 2650 ἄφεσιν,
583 2619 628 2644 καὶ
646 2618 753 2652 τυφλοῖς
779 2618 892 2645 ἀνάϐλε-

112 2662 166 2696 ψιν.
187 2673 197 2689 ι
217 2664 351 2699 Δήσαντες
363 2664 416 2699 γὰρ
431 2664 507 2699 ἡμῶν
523 2664 606 2695 πᾶδας
625 2664 671 2691 καὶ
687 2665 780 2699 χεῖρας
794 2665 818 2690 ot
842 2665 893 2700 πρὸ

112 2709 206 2737 τούτου
223 2709 320 2745 κύριοι,
336 2709 547 2745 ᾐχμαλώτευσαν
567 2710 651 2745 ἡμᾶς,
668 2711 830 2745 προκόπτειν
845 2711 893 2737 οὐκ

149 2787 169 2802 "
191 2786 241 2813 lsa.
260 2795 331 2820 ιιιιι,
350 2787 382 2818 6,
402 2787 427 2813 7.

114 2829 170 2852 ut.
193 2823 217 2848 1.

479 2788 500 2803 ¹⁸
520 2787 588 2816 Gen.
605 2795 652 2822 Ill,
671 2787 715 2815 24.

154 2886 204 2922 (95)
220 2886 285 2923 Reg.
299 2887 457 2922 σύνδεσμον.

762 2788 783 2804 ιθ
802 2787 874 2816 Psal.
893 2795 974 2821 cxxv,
992 2789 1019 2817 4.

911 2168 968 2186 σου.
991 2169 1000 2185 Ι

980 2207 1008 2234 5.
1016 2207 1199 2241 Ostendalmus
1213 2215 1277 2242 ergo
1286 2211 1313 2234 et
1326 2214 1376 2234 nos
1391 2206 1492 2234 bonum
1502 2207 1598 2234 animm
1607 2212 1725 2236 nostras:

946 2253 1085 2280 solvamus
1099 2260 1180 2280 omne
1191 2252 1343 2287 iniquitatis
1357 2253 1507 2279 vinculum.
1526 2253 1593 2280 Illud
1609 2261 1727 2288 namque

946 2303 987 2326 est
1000 2299 1109 2334 proprie
1123 2299 1240 2332 bonum;
1255 2302 1286 2325 ut
1299 2299 1427 2333 quoniam
1440 2299 1497 2333 ipse
1514 2298 1641 2332 Magister
1653 2304 1727 2327 recte

945 2348 1026 2379 atque
1039 2344 1122 2379 probe
1131 2348 1308 2372 conversatus
1319 2347 1372 2374 est,
1389 2344 1543 2371 ediscamus
1559 2345 1658 2378 ipsum.
1671 2353 1726 2372 non

945 2391 1030 2417 verbo
1043 2393 1161 2420 tantum,
1177 2389 1223 2416 sed
1235 2396 1265 2416 re
1281 2389 1350 2424 ipsa,
1372 2389 1452 2417 nobis
1474 2391 1652 2425 congruentia
1667 2395 1726 2417 tra-

946 2437 1058 2464 didisse.
1075 2436 1145 2463 Audi
1160 2436 1233 2463 enim
1249 2436 1325 2463 illum
1342 2436 1481 2471 propheta:
1491 2444 1557 2464 voce
1570 2437 1724 2464 dicentem:

948 2492 957 2508 1
978 2482 1095 2517 Spiritus
1117 2481 1224 2509 Domini
1253 2489 1334 2516 super
1355 2490 1414 2513 me.
1429 2486 1539 2518 propter
1558 2483 1630 2518 quod
1648 2483 1728 2510 unxit

946 2536 1000 2559 me,
1012 2527 1198 2563 evangelizare
1212 2528 1377 2562 pauperibus
1387 2528 1461 2555 misit
1476 2535 1529 2559 me.
1547 2536 1646 2555 sanare
1661 2535 1727 2555 con~

947 2574 1025 2601 tritos
1046 2573 1137 2605 corde,
1164 2574 1310 2608 pradicare
1335 2574 1449 2608 captivis
1477 2574 1675 2605 remissionem.
1699 2579 1727 2602 et

946 2622 1027 2647 caecis
1043 2620 1118 2647 visus
1133 2620 1333 2648 restitutionem
1343 2620 1373 2646 ιθ.
1389 2631 1397 2646 ι
1411 2620 1462 2652 Qui
1477 2620 1549 2648 enim
1564 2624 1628 2647 ante
1644 2621 1726 2648 istum

946 2665 1048 2693 domini
1062 2669 1154 2698 erant,
1175 2667 1265 2701 ligatis
1282 2666 1396 2701 pedibus
1417 2666 1598 2702 manibusque
1614 2674 1664 2695 nos
1678 2674 1727 2694 ca-

946 2711 1035 2746 ptivos
1051 2712 1188 2745 tenebant,
1203 2720 1253 2739 nec
1265 2713 1459 2748 permittebant
1476 2720 1526 2740 nos
1540 2713 1673 2748 proﬁcere
1697 2713 1726 2740 in

1078 2790 1098 2806 ”
1119 2789 1171 2818 Isa.
1192 2798 1233 2824 ix,
1250 2789 1277 2818 2.
1332 2791 1353 2807 "
1374 2792 1427 2819 lsa.
1445 2798 1530 2824 XLIII,
1546 2791 1593 2820 (ἐς.
1632 2791 1653 2807 ¹⁹
1673 2789 1724 2818 Isa.
