1940 3067
261 130 327 159 1051

819 127 848 156 ε.
868 127 1101 156 ATHANASIUS.
1121 142 1156 148 —
1175 127 1301 156 SPURIA

1801 129 1812 155 Ι
1816 128 1866 155 05!

259 185 303 212 via
318 184 450 212 veritatis.
465 184 499 211 At
513 182 560 211 Dei
576 182 661 210 Filius
674 190 738 218 erga
753 182 880 210 homines
891 182 1026 218 benignus

1090 182 1280 218 ἐπιτρέποντες
1294 183 1327 217 τῇ
1350 180 1400 216 ὀδῷ
1423 182 1471 216 τῆς
1492 181 1628 216 ἀληθείας.
1646 180 1713 208 Ἀλλ’
1736 182 1752 209 6
1775 182 1866 217 φιλᾶν·

258 231 292 258 ad
316 238 402 266 genus
429 231 576 256 humanum
605 231 803 264 peregrinatus.
829 229 879 256 nes
901 227 1035 255 liberavit.

257 277 384 312 Proprias
399 276 471 302 enim
487 275 634 309 discipulos
645 275 730 305 misit,
740 275 874 309 solvitque
886 282 936 302 nos
946 281 961 301 a
977 275 1038 301 vin—

255 323 326 350 culis
338 322 448 349 diaboli.
461 320 594 347 Mirabilia
607 321 699 355 itaque
711 321 754 347 illa
764 321 841 356 signa
858 319 944 347 alesu
953 320 1036 353 edita,

256 370 318 396 licet
333 367 481 396 secundum
499 367 640 394 historiam
651 368 775 394 sensibili
794 367 874 394 modo
889 367 959 393 facta
977 366 1036 393 fue-

254 416 326 446 rint,
343 419 372 441 at
393 414 575 448 spiritualium
592 414 678 449 gratia
694 418 769 448 gesta
782 417 855 440 sunt.
872 412 938 445 Qua:
949 412 1037 439 histo-

254 461 321 487 riam
338 463 461 494 spectant
478 459 587 493 impleta
608 459 717 494 quidem
739 463 820 492 sunt,
837 462 918 493 atque
939 457 1036 485 divine

253 514 297 534 res
307 509 395 537 erant,
412 513 472 540 quae
489 505 522 532 iis
535 505 767 540 signiﬁcabantur.
783 503 840 531 NlSl
853 505 924 531 cnim
937 504 1036 531 divina:

252 559 296 579 res
321 550 437 578 fuissent
453 550 624 585 significatita.
639 557 810 584 nequaquam
826 548 964 583 propheta:
987 549 1035 575 ad-

251 601 362 623 ventum
391 595 477 629 ipsius
500 594 710 629 praenuntiaturi
732 594 857 621 fuissent.
883 592 967 620 Isaias
984 592 1034 619 ita-

250 647 305 674 que
327 641 426 667 clamat
457 640 572 667 dicens:
592 648 602 664 ‹
627 638 696 666 Ecce
721 638 776 666 Rex
799 643 863 666 tuus
890 640 962 666 venit
985 639 1033 666 tibi

250 689 421 716 mansuetus.
438 686 537 713 sedens
558 693 639 720 super
656 686 760 712 asinam
780 688 807 712 et
830 684 934 718 pullum
949 684 1032 710 lilium

249 731 400 766 subiugatis
412 731 444 758 ’°.
461 742 470 756 ι
486 730 567 758 Hisce
583 730 670 758 aJesu
686 730 857 757 mirabilibus
872 730 1033 764 perpetratis

249 778 336 812 signis
356 778 422 804 nihil
445 777 640 812 adjiciendum,
658 777 724 804 nihil
741 776 950 803 detrahendum.
967 775 1034 802 0m—

249 825 293 851 nia
313 825 384 851 enim
413 824 533 859 perfecte
559 828 586 850 et
609 824 711 857 absque
726 823 782 849 ullo
805 822 913 849 defectu
932 821 1030 849 effecit.

1090 229 1197 264 θρωπος
1207 228 1253 255 τοῦ
1268 228 1335 254 Θεοῦ
1351 228 1422 260 Υἱὸς,
1437 227 1605 263 ἐπιδημήσας
1619 227 1658 263 τῷ
1673 228 1745 262 γένει
1758 228 1812 266 τῶν
1823 229 1867 255 ἀν-

1088 275 1220 312 θρώπων,
1241 275 1426 310 ἠλευθέρωσεν
1446 275 1528 310 ἡμᾶς.
1552 274 1704 301 Ἀπέστειλε
1728 274 1783 309 γὰρ
1805 276 1866 307 τοὺς

1087 321 1183 348 ἑαυτοῦ
1196 321 1326 357 μαθητὰς,
1342 321 1387 347 καὶ
1401 320 1494 347 ἔλυσεν
1508 321 1582 355 ἡμᾶς
1596 321 1628 346 ὲκ
1649 321 1701 347 τῶν
1716 321 1764 347 τοῦ
1779 321 1866 348 81:166-

1087 368 1131 394 λου
1145 367 1261 403 δεσμῶν.
1284 367 1386 394 Οὐκοῦν
1402 367 1436 393 τὰ
1455 367 1588 401 γενόμενα
1610 367 1748 402 παράδοξα
1770 369 1866 402 σημεῖα

1087 415 1160 449 παρά
1178 413 1222 440 τοῦ
1245 413 1342 449 Ἰησοῦ,
1360 413 1411 440 κᾶν
1435 411 1569 447 αἰσθητῶς
1589 413 1658 438 κατὰ
1683 413 1732 448 τὴν
1750 413 1866 448 ίστορίαν

1087 460 1203 493 ἐγένετο,
1219 459 1286 486 ἀλλὰ
1302 458 1403 493 νοητῶν
1423 458 1500 493 χάριν
1516 457 1631 492 ἐγένετο.
1653 458 1784 484 Ἐτελεῖτο
1804 458 1865 492 γοῦν

1085 505 1118 531 τὰ
1133 507 1182 540 τῆς
1197 505 1316 540 ἱστορίας
1327 513 1333 520 ·
1349 504 1396 530 καὶ
1412 505 1560 539 πράγματα
1571 501 1604 539 ἦν
1617 503 1674 530 θεῖα
1692 503 1727 530 τὰ
1742 505 1866 539 σημαινό-

1086 559 1163 585 μενα.
1180 550 1210 576 Et
1223 549 1260 585 μὴ
1275 549 1328 585 γὰρ
1341 550 1488 585 πράγματα
1503 549 1562 576 οεῖα
1573 547 1607 584 ἦν
1620 549 1654 575 τὰ
1669 550 1864 584 σημαινόμενα,

1083 597 1132 622 οὐκ
1145 596 1177 622 ἂν
1190 595 1275 627 οὕτως
1290 595 1385 631 ἔμελλε
1398 597 1452 627 τοῖς
1467 596 1618 630 προφήταις
1633 594 1804 630 προκηρύξαι
1821 595 1864 621 αὺ-

1083 640 1129 668 τοῦ
1166 641 1214 676 τὴν
1249 641 1404 676 ἐπιδημίαν.
1444 641 1557 673 Ἡσαΐας
1586 638 1632 667 οὖν
1661 639 1732 674 βοᾷ,
1765 640 1862 674 λέγων·

1086 696 1095 712 ‹
1118 687 1181 714 Ἰδοὺ
1197 688 1211 713 6
1228 686 1351 721 βασιλεύς
1373 695 1419 713 σου
1434 686 1542 722 ἔρχεταί
1563 694 1604 712 σοι
1624 686 1722 721 πραῢς,
1745 687 1791 713 καὶ
1808 688 1863 713 tm-

1082 733 1206 768 ϐεϐηκὼς
1222 734 1268 759 ἐπὶ
1281 733 1340 759 ὄνον
1354 732 1401 759 καὶ
1417 733 1516 765 πῶλον,
1529 732 1585 759 υἱὸν
1598 731 1757 766 ὑποζυγίου.
1776 742 1786 758 ι
1808 733 1863 759 Ἐπὶ

1081 780 1185 810 τούτοις
1207 780 1263 810 τοῖς
1286 778 1441 813 γενομένοις
1464 778 1623 813 παραδόξοις
1647 778 1771 813 σημείοις
1795 779 1863 814 παρά

1081 825 1127 851 τοῦ
1145 824 1230 859 Ἰησοῦ
1245 825 1294 850 οὐκ
1313 824 1384 850 ἔστιν
1404 823 1464 850 οὒτε
1488 824 1647 858 προσϐῆναι,
1669 823 1732 850 οὒτε
1748 823 1861 857 ἀφελεῖν.

248 868 314 895 Erat
327 876 442 903 namque
456 872 551 902 potens
563 868 590 894 in
605 875 686 902 opere
696 872 723 894 et
736 874 873 894 sermone.
888 865 950 893 llaec
965 873 1027 893 sane

1082 871 1172 897 Πάντα
1185 870 1239 905 γὰρ
1253 869 1362 900 τελείως
1375 870 1422 896 καὶ
1436 869 1583 901 ἀνελλιπῶς
1595 869 1732 904 ἐποίησεν.
1743 868 1797 895 Ἦν
1813 869 1862 904 γὰρ

248 913 392 940 l'salntista
409 914 530 941 declarat
545 914 588 941 bis
614 913 703 940 verbis
720 921 726 939 :
750 922 761 938 ι
777 912 926 947 Accingere
941 911 1031 946 gladio

247 962 294 985 tuo
311 966 393 992 super
404 958 492 985 femur
505 962 594 989 tuum,
614 957 813 992 potentissime.
831 956 929 991 Specie
943 959 989 981 tua
1004 959 1032 982 et

248 1005 452 1039 pulchritudine
479 1009 535 1036 tua,
559 1004 679 1035 intende.
705 1011 836 1039 prospere
857 1004 984 1040 procede,
1004 1007 1032 1031 et

246 1050 372 1085 regna".
394 1059 403 1075 ι
420 1049 515 1085 Magna
533 1050 624 1084 itaque
638 1049 758 1084 potentia
785 1057 836 1077 sua
856 1054 942 1077 totum
965 1049 1031 1077 libe~

246 1097 317 1123 ravit
329 1096 477 1122 humanum
493 1104 591 1131 genus.

281 1183 307 1211 6.
323 1183 385 1212 llaec
401 1191 482 1219 porro
492 1183 573 1211 Iesus
588 1183 667 1218 signa
683 1182 748 1210 fecit
768 1189 888 1218 praesens
901 1182 961 1217 ipse
978 1189 1029 1209 no-

245 1230 363 1261 biscutn,
387 1234 417 1256 ut
433 1230 577 1256 timeamus
598 1236 612 1255 a
632 1229 701 1256 facie
714 1229 784 1263 ejus.
799 1228 877 1261 Quod
891 1233 981 1256 autem
997 1235 1029 1255 ea

244 1275 300 1302 sint
325 1275 466 1302 sensibilia
492 1274 674 1309 spiritualium
699 1274 820 1309 synibola
833 1292 841 1306 ,
858 1274 932 1300 audi.
949 1273 1029 1301 Venit

243 1320 343 1356 quippe
357 1320 480 1346 Salvator
491 1319 518 1357 in
530 1319 626 1354 primis
643 1323 671 1346 ut
682 1319 800 1347 hominis
815 1319 933 1346 animam
946 1319 1028 1347 bette-

244 1367 307 1393 licio
333 1366 457 1393 donaret.
487 1365 522 1392 At
547 1365 766 1401 quandoquidem
785 1366 878 1393 multis
904 1366 1026 1400 ignotum

243 1412 309 1439 illud
324 1411 404 1446 377
425 1415 493 1442 erat.
511 1419 558 1446 per
574 1412 730 1439 curationes
756 1411 807 1439 sub
826 1415 965 1446 aspectum
980 1417 1026 1438 ca-

243 1459 350 1489 denles,
371 1457 505 1484 occultam
522 1457 638 1485 salutem
657 1457 755 1484 anima:
768 1456 916 1484 indicabat.
935 1456 1026 1484 Enim-

242 1512 306 1532 vero
319 1504 386 1539 ipsi.
401 1504 466 1531 dum
494 1503 658 1531 concederet
677 1507 854 1539 peccatorum
876 1503 1026 1538 paralytico

242 1551 444 1582 remissionem,
452 1549 518 1576 ﬁdes
533 1557 587 1576 non
600 1549 752 1576 habebatur
765 1557 772 1575 :
789 1548 915 1576 dicebant
925 1549 1027 1583 quippe

240 1594 326 1623 JuJaei
343 1604 350 1621 :
369 1605 378 1621 ι
398 1595 466 1628 Quis
483 1599 572 1630 potest
589 1599 702 1630 peccata
721 1595 869 1627 dimittere,
888 1595 940 1622 nisi
950 1595 1026 1622 solus

242 1641 314 1669 Deus
328 1642 363 1668 "‘l
378 1651 387 1668 ι
401 1641 503 1669 Dehinc
515 1646 659 1676 postquam
677 1641 749 1676 quod
759 1641 896 1669 occultum
910 1648 942 1668 ac
956 1648 1026 1676 pra:-

241 1687 353 1722 cipuuin
369 1690 428 1714 erat
443 1687 559 1714 latenter
579 1685 700 1719 fecerat;
715 1687 835 1714 secundo
851 1687 912 1714 loco
926 1693 1026 1721 corpus

241 1733 359 1760 curavit.
384 1733 428 1759 Ait
456 1733 529 1760 enim
545 1733 618 1768 ipsi:
638 1742 649 1759 ι
679 1732 775 1768 Surge,
799 1733 863 1760 tolle
882 1732 1024 1767 grabatum

241 1783 330 1810 tuum,
348 1783 376 1806 et
391 1779 499 1805 ambula
511 1779 545 1807 ".
560 1788 569 1805 ι
587 1777 670 1806 Vides
685 1785 768 1814 quam
780 1779 835 1806 cito
850 1778 895 1805 hic
909 1778 1025 1805 vinculis

242 1825 364 1852 solvatur
382 1832 389 1850 :
406 1831 455 1851 nec
470 1825 558 1852 solum
573 1825 703 1852 exteriori
721 1825 862 1852 curatione
886 1824 1022 1852 solvitur:

241 1869 290 1898 sed
305 1870 388 1897 tantis
404 1869 485 1897 etiam
500 1870 620 1905 peccatis
635 1870 768 1897 liberatur
785 1879 792 1896 :
812 1870 867 1897 imo
882 1877 943 1897 eum
954 1877 1024 1904 quo-

241 1922 295 1949 que
308 1914 459 1941 curationis
472 1921 622 1949 praeconem
634 1914 757 1941 exhibuit
771 1923 778 1941 :
794 1921 826 1940 ac
847 1914 954 1941 demum
964 1921 1024 1948 quae

239 1960 365 1988 sensibili
380 1959 462 1987 modo
476 1963 553 1995 gesta
569 1963 643 1993 sunt,
658 1959 843 1994 spiritualium
859 1959 945 1994 gratia
961 1967 1024 1994 age-

241 2006 350 2034 bantur.
367 2006 403 2033 Ea
415 2014 523 2041 quoque
543 2006 578 2034 de
593 2013 677 2034 causa
699 2006 847 2033 mittuntur
859 2010 887 2034 et
896 2005 1023 2041 discipuli

240 2053 269 2079 in
281 2053 422 2080 castellum
433 2060 466 2079 ex
474 2052 589 2080 adverso
599 2052 694 2084 situm,
705 2059 737 2079 ac
751 2052 861 2080 solvunt
876 2053 981 2080 asinam
996 2056 1023 2080 et

241 2097 355 2132 pullum,
372 2097 451 2124 sicuti
467 2104 482 2124 a
499 2097 629 2138 magistro
640 2097 747 2132 jussum
768 2097 835 2132 ipsis
852 2097 949 2124 fuerat.
966 2096 1023 2124 Hoc

240 2147 330 2170 autem
347 2144 426 2177 plane
439 2143 540 2169 factum
549 2147 601 2175 est,
613 2147 642 2170 ut
661 2143 837 2178 implerentur
851 2142 946 2170 Jacobi
962 2150 1023 2178 pro-

1081 917 1191 948 δυνατὸς
1212 917 1240 943 ὲν
1259 917 1348 951 ἔργοις
1367 916 1413 942 καὶ
1426 916 1514 950 λόγοις
1528 915 1621 942 αὑτοῦ.
1643 915 1753 951 Ἀμέλει
1767 915 1862 942 τούτων

1083 963 1190 998 μηνύων
1202 963 1248 989 καὶ
1258 963 1272 989 ὁ
1286 962 1428 998 eumpse;
1439 962 1513 996 ἔλεγε
1523 970 1530 976 ·
1546 971 1556 988 ι
1571 961 1725 998 Περὶζωσαι
1739 962 1788 997 τὴν
1802 963 1862 997 ῥομ-

1081 1009 1162 1044 φαίαν
1178 1017 1224 1036 σου
1242 1009 1288 1035 ἐπὶ
1304 1009 1350 1035 τὸν
1365 1009 1452 1044 μηρόν
1469 1017 1526 1040 σου,
1540 1008 1645 1035 δυνατέ.
1663 1009 1704 1044 Τῇ
1719 1007 1862 1043 ὡραιότητί

1081 1063 1127 1081 σου
1139 1055 1228 1090 καὶτῷ
1236 1055 1328 1082 κάλλει
1340 1063 1386 1081 σου
1398 1055 1444 1081 καὶ
1458 1054 1559 1081 ἔκτεινε
1571 1054 1636 1090 (96).
1647 1054 1693 1081 καὶ
1708 1052 1860 1083 κατευοδοῧ.

1080 1101 1125 1126 καὶ
1143 1099 1274 1135 βασίλευε.
1291 1109 1300 1126 ι
1323 1100 1361 1135 Τῇ
1384 1099 1448 1134 γοῦν
1468 1099 1580 1134 δυνάμει
1604 1099 1687 1125 αὐτοῦ
1710 1099 1744 1134 τῇ
1761 1098 1862 1134 μεγάλῃ

1079 1147 1168 1173 πᾶσαν
1182 1146 1349 1181 ἠλευθέρωσε
1362 1145 1412 1180 τὴν
1429 1145 1634 1180 ἀνθρωπότητα.

1113 1193 1140 1220 6.
1160 1192 1252 1219 Ταῦτα
1263 1192 1292 1219 δὲ
1307 1193 1417 1227 ἐποίησε
1429 1193 1462 1218 τὰ
1475 1192 1575 1226 σημεῖα
1589 1189 1684 1225 παρὼν
1698 1189 1779 1222 αὐτὸς
1793 1190 1860 1224 6‘11]-

1079 1238 1142 1270 σοῦς
1157 1238 1215 1273 μεθ’
1236 1238 1323 1273 ἡμῶν,
1337 1238 1380 1264 ἵνα
1398 1237 1559 1272 φοϐηθῶμεν
1573 1236 1627 1262 ἀπὸ
1650 1235 1798 1271 προσώπου
1815 1235 1860 1262 αύ-

1078 1283 1136 1310 τοῦ.
1162 1283 1223 1309 ’Ὁτι
1247 1283 1275 1309 δὲ
1299 1283 1333 1309 τά
1355 1282 1473 1318 αἰσθητὰ
1501 1281 1623 1317 σύμϐολα
1645 1281 1750 1316 νοητῶν
1776 1282 1858 1312 ἐστιν,

1078 1329 1169 1356 ducas.
1187 1329 1356 1364 Ἐπεδήμησε
1367 1329 1420 1364 γὰρ
1434 1329 1448 1354 6
1461 1327 1565 1363 Σωτὴρ,
1581 1327 1624 1354 ἶνα
1637 1327 1686 1363 τὴν
1701 1327 1748 1353 τοῦ
1760 1325 1858 1360 ἀνθρὼ-

1079 1383 1129 1401 που
1148 1374 1236 1410 ψυχὴν
1256 1374 1467 1410 προηγουμένως
1485 1374 1661 1409 εὐεργετήσῃ.
1685 1373 1754 1400 Ἀλλ’
1773 1372 1858 1406 ἐπειδὴ

1077 1421 1154 1448 τοῦτο
1166 1423 1222 1453 τοῖς
1246 1421 1351 1452 πολλοῖς
1365 1421 1502 1455 ἄγνωστον
1523 1418 1567 1455 ἦν,
1587 1419 1631 1446 διὰ
1647 1419 1703 1446 τῶν
1719 1418 1857 1454 ὁρωμένων

1078 1467 1175 1493 ίάσεων
1194 1467 1242 1502 τὴν
1257 1466 1449 1502 κεκρυμμένην
1461 1465 1511 1500 τῆς
1531 1465 1621 1500 ψυχῆς
1641 1465 1781 1500 σωτηρίαν
1796 1463 1856 1490 ἐδεί-

1053 1531 1059 1539 .
1077 1520 1165 1538 κνυεν.
1185 1511 1292 1546 ’Δμέλει
1314 1510 1353 1545 τῷ
1378 1509 1552 1545 παραλυτικῷ
1574 1509 1671 1544 ἄφεσιν
1695 1509 1750 1536 τῶν
1774 1509 1857 1543 ἁμαρ-

1076 1557 1140 1583 τιῶν
1151 1557 1342 1592 δωρησάμενος
1358 1557 1513 1590 ἡπιστεῖτο·
1535 1555 1625 1590 ἔλεγον
1646 1556 1703 1591 γὰρ
1723 1556 1854 1583 Ἰουδαῖοι·

1079 1602 1141 1633 (Tt;
1155 1601 1264 1628 δῦναται
1277 1600 1411 1636 ἁμαρτίας
1426 1600 1544 1635 ἀφιέναι,
1557 1601 1580 1626 εί
1596 1600 1633 1636 μὴ
1647 1601 1728 1636 μόνος
1737 1602 1751 1628 6
1762 1600 1852 1632 Θεόςςι

1076 1644 1151 1678 Εἶτα,
1166 1646 1256 1682 ἐπειδὴ
1271 1646 1301 1672 τὸ
1323 1643 1423 1680 ἀφανὲς
1444 1646 1491 1672 καὶ
1514 1645 1721 1681 προηγούμενον
1747 1646 1855 1680 ποιήσας

1074 1692 1214 1724 ἐλάνθανε,
1230 1692 1300 1718 κατὰ
1316 1691 1439 1727 δεύτερον
1451 1691 1528 1726 λόγον
1543 1692 1591 1718 καὶ
1611 1692 1642 1718 τὸ
1659 1692 1739 1727 σῶμα
1758 1691 1854 1717 ἰάσατο.

1074 1736 1140 1765 Εἷπε
1155 1738 1209 1774 γὰρ
1225 1737 1311 1773 αὐτῷ·
1325 1747 1334 1762 ι
1347 1737 1482 1773 Ἐγειραι,
1498 1735 1563 1773 ἆρον
1575 1737 1619 1764 τὸν
1631 1736 1785 1773 κράὸὃατόν
1801 1744 1852 1768 σου,

1075 1784 1122 1810 καὶ
1143 1783 1297 1819 περιπάτει,
1317 1792 1326 1809 ι
1348 1782 1439 1817 Ὁρᾷς,
1460 1781 1518 1815 πῶς
1532 1782 1637 1818 ταχέως
1654 1779 1734 1814 οὗτος
1752 1781 1853 1808 λέλυται

1073 1829 1128 1855 ἀπὸ
1143 1828 1197 1855 τῶν
1210 1827 1331 1863 δεσμῶν·
1350 1828 1397 1855 καὶ
1418 1828 1448 1855 οὺ
1472 1828 1552 1864 μόνον
1569 1828 1613 1855 διὰ
1635 1828 1687 1863 τῆς
1705 1828 1801 1861 ἔξωθεν
1815 1827 1852 1854 ἰὰ-

1075 1883 1142 1906 σεως
1156 1874 1273 1906 λέλυται,
1289 1873 1356 1900 ἀλλὰ
1372 1874 1420 1900 καὶ
1434 1873 1489 1900 τῶν
1504 1873 1637 1900 τοσούτων
1652 1872 1852 1909 ἁμαρτημάτων

1073 1919 1275 1955 ἐλευθεροῦται·
1298 1919 1338 1946 ἐτι
1363 1919 1416 1954 μὴν
1439 1919 1486 1945 καὶ
1512 1919 1621 1954 κήρυκα
1645 1919 1696 1955 τῆς
1714 1917 1852 1954 θεραπείας

1073 1967 1154 1994 αὐτὸν
1167 1966 1300 2000 ἀπέδειξε,
1314 1966 1362 1993 καὶ
1370 1966 1438 1997 ὅλως
1455 1964 1489 1992 τὰ
1503 1965 1636 2000 γενόμενα
1649 1964 1785 2000 αἰσθητῶς
1795 1970 1852 1996 νοη-

1072 2011 1126 2038 τῶν
1141 2011 1220 2047 χάριν
1234 2011 1362 2045 ἐγίνοντο.
1379 2011 1429 2037 Διά
1441 2018 1483 2036 τοι
1498 2009 1576 2036 τοῦτο
1592 2008 1797 2036 ἀποστέλλονται
1808 2005 1850 2033 καὶ

1072 2058 1096 2084 ot
1110 2057 1228 2092 μαθηταὶ
1242 2058 1282 2089 είς
1296 2057 1345 2092 τὴν
1360 2056 1501 2084 κατέναντι
1516 2054 1622 2091 κώμην,
1637 2056 1685 2082 καὶ
1699 2055 1790 2082 λύουσι
1804 2052 1850 2083 τὴν

1071 2103 1131 2130 δνον
1143 2103 1190 2129 καὶ
1203 2103 1248 2129 τὸν
1261 2103 1358 2133 πῶλον,
1376 2102 1447 2128 κατὰ
1461 2102 1497 2129 τὰ
1510 2102 1690 2129 κελευσθέντα
1700 2102 1789 2132 αὐτοῖς
1801 2097 1849 2126 ὑπὸ

1070 2148 1117 2175 τοῦ
1136 2148 1306 2175 διδασκάλου.
1327 2147 1412 2174 Τοῦτο
1424 2148 1452 2174 δὲ
1472 2148 1540 2180 ὅλως
1554 2148 1673 2182 γέγονεν,
1690 2148 1732 2174 ἵνα
1746 2146 1848 2181 πληρω-

239 2189 347 2224 pbetize.
363 2189 431 2216 Cum
455 2189 629 2216 benediceret
651 2189 724 2215 enim
749 2187 890 2215 duodecim
906 2188 1021 2223 patriar-

1078 2194 1154 2220 δῶσιν
1170 2194 1198 2220 αἱ
1215 2193 1261 2220 τοῦ
1279 2193 1375 2220 Ἰακὼϐ
1395 2195 1568 2229 προφητεῖαι.
1581 2193 1705 2227 Εύλογῶν
1723 2193 1776 2227 γὰρ
1790 2190 1847 2219 τοὺς

239 2236 316 2267 cluas,
331 2235 375 2261 ubi
392 2235 424 2261 ad
443 2233 539 2261 Judam
559 2234 692 2269 pervenit,
710 2233 862 2268 prophetat.
877 2241 909 2260 ac
929 2234 1020 2261 divina

239 2280 343 2316 profert
357 2280 448 2307 verlta.
467 2279 538 2306 Audi
554 2287 670 2314 namque
686 2280 763 2307 illum
781 2279 916 2306 dicentem
928 2288 935 2306 :
948 2288 958 2304 ι
975 2278 1021 2305 Li-

238 2334 308 2362 gans
323 2326 357 2353 ad
373 2327 478 2354 vineam
500 2327 602 2361 pullum
614 2333 704 2356 suum,
723 2330 750 2353 et
763 2325 798 2352 ad
818 2326 897 2352 vitem
916 2325 1020 2360 pullum

239 2372 324 2399 asina
336 2380 393 2399 sine
407 2373 439 2399 “.
458 2381 468 2396 ι
486 2371 598 2399 Deuium
622 2378 791 2406 qua-cunque
804 2371 837 2398 de
853 2370 923 2398 Juda
947 2371 1020 2398 dicta

239 2423 314 2450 sunt.
329 2419 480 2453 eomperies
492 2417 526 2444 de
541 2418 658 2445 adventu
676 2417 825 2445 Salvatoris
838 2417 909 2444 dicta
924 2417 1018 2445 fuisse.

239 2464 331 2491 Potest
346 2465 447 2498 quippe
470 2464 593 2498 quisquis
607 2467 649 2491 est
667 2463 817 2493 studiosus.
834 2463 963 2497 paulatim
978 2463 1019 2490 le-

238 2510 336 2545 gendo.
349 2517 379 2537 ea
392 2517 451 2544 qua:
461 2511 494 2537 de
512 2510 570 2544 ipso
584 2509 655 2536 dicta
667 2513 731 2537 sunt
751 2510 912 2544 intelligere.
931 2511 964 2536 At
985 2517 1020 2536 ne

239 2559 323 2582 totam
340 2563 499 2584 enarremus
523 2556 676 2588 historiam.
695 2556 838 2584 audiamus
857 2555 1020 2591 Apostolum

239 2602 296 2629 haec
312 2602 465 2637 loquentem
480 2612 486 2630 :
501 2612 511 2628 ‹
529 2602 700 2631 Manifestum
722 2608 764 2631 est
788 2603 871 2634 enim,
893 2602 967 2638 quod
986 2610 1020 2630 ex

236 2644 306 2675 Iuda
321 2655 396 2676 ortus
411 2649 447 2676 sit
457 2648 588 2676 Dominus
603 2654 698 2677 noster
710 2650 743 2676 ".
761 2659 770 2676 ι

272 2737 294 2754 ⁸⁸
311 2737 362 2765 lsa.
379 2745 445 2769 uti,
468 2739 516 2771 ll;
535 2738 617 2768 Zach.
635 2747 677 2773 Ix.
695 2739 721 2768 9.

239 2771 281 2800 17.
332 2773 354 2789 ³⁸
374 2773 456 2811 Hebr.
475 2781 529 2807 vlt,
548 2774 592 2802 Ν.

271 2829 326 2865 (ῦϐ)
341 2829 408 2867 Reg.
425 2831 555 2860 ἔκτεινον.

778 2741 800 2757 ἰ
817 2739 890 2768 Psal.
908 2747 962 2773 LIV,
980 2739 1014 2767 ι.
1031 2739 1058 2767 5.

1072 2239 1174 2266 δώδεκα
1191 2239 1370 2275 πατριάρχας,
1386 2239 1490 2273 φθάσας
1506 2240 1545 2270 εἰς
1557 2239 1602 2266 τὸν
1623 2239 1733 2270 Ἰούδαν,
1750 2243 1848 2272 προφη-

1072 2285 1155 2315 τεύει.
1173 2286 1219 2312 καὶ
1230 2285 1288 2312 θεῖα
1303 2286 1412 2321 ῥήματα
1424 2284 1579 2319 φθέγγεται.
1594 2285 1693 2311 Ἀκουε
1708 2283 1760 2318 γὰρ
1772 2278 1846 2308 αύτοῦ

1072 2331 1195 2364 λέγοντος
1207 2339 1213 2345 ·
1233 2340 1242 2356 ι
1261 2331 1403 2365 Δεσμεύων
1418 2330 1485 2367 πρὸς
1499 2330 1618 2365 ἄμπελον
1634 2330 1680 2357 τὸν
1697 2329 1784 2356 πῶλον
1803 2326 1847 2353 αὑ·

1072 2377 1130 2409 τοῦ,
1147 2377 1194 2404 καὶ
1217 2379 1249 2412 τῇ
1263 2377 1332 2403 ἕλικι
1348 2376 1395 2403 τὸν
1410 2376 1499 2403 πῶλον
1515 2376 1563 2411 τῆς
1583 2376 1644 2402 ὄνου
1665 2374 1756 2402 αὐτοῦ.
1772 2383 1781 2399 ι
1797 2371 1846 2399 Καὶ

1072 2423 1140 2454 ὅλως
1152 2423 1186 2449 τὰ
1201 2422 1329 2457 λεχθέντα
1341 2422 1429 2453 ⁴ιιςάντα
1448 2423 1487 2453 εἰς
1502 2421 1547 2448 τὸν
1566 2420 1665 2448 Ἰούδαν
1676 2420 1798 2455 εὑρήσεις
1811 2417 1846 2447 εἰς

1071 2469 1120 2504 τὴν
1133 2469 1284 2504 παρουσίαν
1305 2468 1351 2496 τοῦ
1370 2468 1496 2504 Σωτῆρος
1518 2467 1757 2502 προφητευόμενα·
1771 2463 1844 2490 δύνα-

1071 2523 1117 2541 ται
1132 2514 1185 2549 γὰρ
1199 2515 1213 2541 6
1229 2514 1380 2549 φιλομαθὴς
1398 2513 1458 2540 κατ’
1478 2513 1566 2548 ὀλίγον
1586 2511 1774 2546 ἀναγινώσκων
1787 2507 1844 2541 νοῆ-

1073 2567 1117 2585 σαι
1137 2559 1171 2586 τὰ
1184 2560 1248 2595 περὶ
1271 2559 1351 2586 αὐτοῦ
1367 2558 1507 2594 εἰρημένα.
1527 2558 1586 2585 Ἵνα
1603 2558 1631 2584 δὲ
1649 2557 1685 2593 μὴ
1700 2557 1784 2583 πᾶσαν
1799 2552 1843 2586 τὴν

1073 2605 1191 2640 ἱστορίαν
1212 2604 1414 2639 διηγησὼμεθα,
1439 2603 1597 2639 ἀκούσωμεν
1619 2603 1665 2630 τοῦ
1693 2597 1841 2628 Ἀποστόλου

1071 2649 1207 2683 λέγοντος·
1224 2658 1234 2674 ι
1249 2649 1383 2684 Πρόδηλον
1396 2649 1459 2684 γάρ,
1472 2649 1513 2675 ὅτι
1528 2648 1558 2682 ἐξ
1577 2647 1661 2675 Ἰούδα
1674 2643 1842 2674 ἀνατέταλκεν

1071 2693 1086 2718 6
1101 2691 1201 2727 Κύριος
1218 2691 1304 2727 ἡμῶν.
1323 2701 1332 2718 ι

1119 2739 1142 2755 ⁸⁸
1163 2739 1248 2767 Marc.
1268 2747 1304 2772 Ii.
1325 2739 1350 2766 7.
1399 2740 1421 2756 “
1441 2739 1507 2766 ibid.
1523 2738 1549 2766 9.
1606 2738 1629 2755 “
1649 2736 1746 2765 Genes.
1763 2738 1836 2762 ιιιιι

1399 2740 1421 2756 ¹³
1441 2739 1507 2766 ibid.
1523 2738 1549 2766 9.
