1940 3067
87 132 157 161 1055

557 135 698 164 HOMILIA
718 135 753 164 IN
771 136 873 164 ILLUD
893 146 899 164 :

922 146 932 163 ι
954 136 1078 172 EUNTE,
1100 147 1110 164 ι
1131 138 1207 166 ETC.
1631 141 1699 170 £034

120 193 148 219 7.
163 191 212 219 Διὰ
226 191 305 219 τοῦτο
324 193 388 227 γοῦν
407 193 513 228 ἐγένετο
534 194 569 221 τὰ
586 195 735 230 γενόμενα,
758 195 802 221 ἵνα
824 195 864 220 τδκ

957 195 981 221 7.
1003 195 1065 222 Ideo
1080 195 1162 229 igitur
1175 203 1207 222 ea
1233 198 1307 230 gesta
1331 199 1405 228 sunt,
1423 198 1452 222 ut
1469 200 1620 224 creatorem
1645 199 1698 225 mi-

84 238 250 274 δημιουργὸν
262 238 306 266 διὰ
317 240 364 274 τῆς
375 239 470 266 ἑαυτοῦ
482 240 651 275 λειτουργίας
665 241 779 275 φανερὸν
792 242 871 276 ποιή-

86 293 164 312 σωσι.
183 285 230 316 Τίς
244 285 313 320 γὰρ,
332 285 496 319 θεασάμενος
514 285 579 313 ναῦν
601 286 699 322 ἄριστα
722 287 869 321 εὐθυνομέ-

84 338 145 365 νην,
156 330 205 356 οὐκ
219 329 322 356 ἔννοιαν
331 330 436 365 δέχεται
453 331 635 366 κυὸερνήτου;
649 331 724 367 ἅρμα
738 331 765 357 δὲ
780 331 870 362 καλῶς

83 376 230 408 διαϐαῖνον,
243 376 289 402 καὶ
303 378 439 412 τεχνικαῖς
451 377 540 412 ἡνίαις
553 378 711 413 φερόμενον,
725 379 774 404 οὐκ
786 379 870 405 ἐννοεῖ

82 421 129 447 τὶν
142 421 318 456 ήνιοχοῦντα;
341 423 372 448 Εἰ
390 420 436 448 οὖν
460 423 506 449 ἐπὶ
523 423 581 449 ’τῶν
598 424 626 449 ἐν
648 424 725 458 χερσὶ
746 424 867 456 τοιαῦτα,

81 467 109 493 τε
128 467 161 494 ἂν
185 468 308 501 εἴποιμεν
332 468 377 493 ἐπὶ
401 467 455 494 τῶν
477 469 523 495 τοῦ
547 470 673 504 Σωτῆρος
689 470 867 505 παραδόξωνς

88 513 213 548 Ὀρῶμεν
231 513 284 549 γὰρ
305 513 358 540 τῶν
376 514 533 549 ποιημάτων
550 515 631 542 αὑτοῦ
651 516 684 541 τὰ
703 516 806 552 φοϐερὰ
822 517 869 543 καὶ

81 559 239 594 παράδοξα·
253 558 307 586 οἷον
319 560 455 596 Θαλάσσης
475 561 523 593 τὰς
537 562 693 597 τρικυμίας,
709 563 755 588 καὶ
771 563 825 589 τῶν
839 565 868 590 ὲν

80 605 152 639 αὐτῇ
170 606 413 640 προσαρασσὸντων
422 606 528 640 ἀνέμων
543 606 591 638 τὰς
606 608 735 642 κινήσεις,
748 607 824 643 ἡλίου
837 617 866 634 τε

79 650 127 676 ’τδν
139 649 246 680 κύκλον,
258 651 304 676 καὶ
320 650 431 685 σελήνης
446 649 611 686 τὺν’δρόμον,
626 653 670 678 καὶ
681 653 734 679 τῶν
747 653 867 689 ἀστέρων

79 695 132 731 τὴν
149 696 282 722 σύνθεσιν.
301 696 348 727 Τίς
363 696 390 722 δὲ
407 696 455 723 οὐκ
482 697 600 732 ἐφοϐήθη
611 718 617 728 ,
631 698 674 724 ὅτε
693 699 722 724 τὸ
747 699 867 725 καταπέ-

78 750 174 776 τασμα
189 741 234 768 τοῦ
248 741 311 768 ναοῦ
329 742 439 778 ἐσχίσθη
463 743 517 769 ἀπὸ
535 743 636 769 ἄνωθεν
651 744 702 775 ἕως
719 744 808 776 κά;ω;
823 745 866 771 ὅτε

77 788 92 814 ὀ
107 788 192 822 ἣλιος,
210 788 239 813 οὐ
254 788 343 822 φέρων
359 788 389 814 τὸ
410 788 553 823 τολμηθὲν,
571 789 646 825 φόϐῳ
659 791 689 816 τὸ
708 791 764 825 φῶς
780 791 866 817 ἔστει-

77 833 173 869 λεν;ἢ
199 834 242 860 ὅτε
258 835 286 860 αἱ
308 834 405 869 πέτραι
421 835 598 870 ἐσχίσθησαν,
619 837 664 862 καὶ
687 836 721 863 τὰ
748 839 865 872 μνημεῖα

76 879 266 914 ἠνεῴχθησαν,
282 880 328 906 καὶ
346 881 370 906 οὶ
385 881 587 916 ὲναποκείμενοι
604 882 764 917 ἀνέστησαν,
782 884 827 910 καὶ
842 885 865 910 οἱ
882 874 901 901 Β

77 925 175 961 ἐχθροὶ
201 925 374 962 εφοϐήθησαν
399 927 452 953 ἀπὸ
470 927 614 962 προσώπου
630 928 728 961 αὐτοῦς
757 929 796 955 διδ
820 930 866 956 καὶ

77 971 193 1002 ἄκοντες
209 971 373 1006 ὡμολόγουν,
387 973 428 998 ὅτι
447 972 554 1008 ἀληθῶς
569 973 635 999 Θεοῦ
656 974 718 1006 Υἱὸς
733 974 767 1010 ὴν
778 972 865 1007 οὗτος,

77 1017 126 1042 καὶ
138 1017 207 1048 ὅλως
221 1017 255 1043 τὰ
269 1017 378 1044 πλείονα
393 1018 447 1044 τῶν
459 1018 546 1054 ἔργων
560 1019 641 1046 αὐτοῦ
659 1022 687 1046 ὲν
698 1021 867 1056 ἁποκρύφοις

78 1063 149 1089 ἐστί.
170 1062 260 1090 Χίλιαι
275 1064 329 1099 γὰρ
353 1064 470 1099 χιλιάδες
496 1067 712 1102 παραοτήκουσιν
731 1068 804 1102 αὐτῷ
825 1069 866 1095 αξ-

77 1108 202 1140 νοῦντες·
222 1110 268 1136 καὶ
294 1110 389 1145 μύριαι
418 1111 545 1146 μυριάδες
566 1112 766 1148 λειτουργοῦσιν
781 1113 863 1148 αὐτῷ.

84 1153 256 1189 Ἐπιγνῶμεν
267 1153 313 1180 οὖν
328 1155 408 1190 ἡμεῖς
421 1155 465 1182 τὸν
482 1156 626 1192 εὐεργέτην
635 1165 642 1172 °
656 1156 809 1193 δοξάσωμεν
821 1159 866 1185 τὸν

77 1200 191 1236 Πατέρα
207 1202 255 1227 σὺν
271 1201 337 1236 Υἱῷ,
356 1202 401 1228 καὶ
414 1202 483 1238 ἁγίῳ
494 1203 646 1237 Πνεύματι·
672 1205 735 1239 μίαν
753 1204 866 1240 θεότητα

76 1247 307 1282 ὁμολογήσωμεψ
330 1248 376 1275 τοῦ
407 1249 574 1285 ἁμαρτάνειν
599 1249 782 1285 παυσώμεθα·
812 1250 865 1277 τῶν

76 1292 195 1326 πτωχῶν
214 1293 443 1328 μνημονεύσωξμν
453 1302 460 1309 ·
476 1295 492 1329 ἡ
506 1294 664 1329 φιλαδελφία
681 1295 783 1330 μενέτω
793 1303 800 1310 “
816 1295 865 1330 τῆς

76 1338 234 1372 φιλοξενίας
253 1339 289 1374 μὴ
311 1339 531 1367 ἐπιλανθάνεσθε.
553 1340 631 1367 Οὕτω
647 1341 701 1376 γὰρ
716 1341 863 1375 διάγοντες,

77 1383 218 1418 βασιλείαν
228 1385 349 1418 οὐρανῶν
361 1385 608 1421 κληρονομήσομεν,
618 1387 645 1411 ἐν
657 1386 765 1422 Χριστῷ
778 1387 864 1422 Ἰησοῦ

75 1427 114 1463 τῷ
129 1428 225 1464 Κυρίῳ
239 1429 328 1463 ἡμῶν,
376 1431 392 1465 ἡ
407 1429 470 1462 δόξα
484 1431 525 1461 εἰς
540 1431 603 1462 τοὺς
615 1431 716 1463 αἰῶνας
731 1431 784 1458 τῶν
800 1431 864 1458 αἰώ-

75 1482 140 1500 νων.
159 1473 257 1508 Ἀμήν.

110 1551 134 1567 ³⁵
156 1551 252 1579 Matth.
271 1560 359 1584 xxv”,
377 1552 421 1580 54.
463 1554 486 1569 ’⁸
505 1553 589 1582 Eccli.
609 1562 685 1586 mu,
703 1554 748 1581 56.

787 1555 808 1570 ’⁷
829 1555 897 1582 Dan.

920 240 1034 267 nisterio
1060 248 1110 267 suo
1126 240 1300 267 manifestum
1316 240 1445 268 facerent.
1464 241 1531 274 Quis
1556 244 1628 270 enim
1647 251 1699 271 na-

920 286 973 313 vim
992 286 1163 320 conspiciens
1176 286 1258 321 probe
1270 287 1411 319 directam,
1425 294 1478 314 non
1493 288 1520 315 in
1534 289 1698 323 gubernato-

920 331 958 358 ris
970 332 1150 366 cognitionem
1170 332 1281 358 incidit?
1298 339 1409 359 currum
1426 338 1516 360 autem
1537 341 1610 363 recte
1624 336 1700 364 ince-

920 378 1028 404 dentem
1058 377 1250 412 conspiciens,
1283 381 1364 412 atque
1395 378 1508 407 habenis
1534 386 1591 408 arte
1621 381 1699 410 factis

919 427 1035 452 rectum.
1052 430 1105 450 non
1121 423 1223 458 cogitat
1246 423 1388 458 aurigam?
1404 424 1431 451 Si
1453 429 1544 452 autem
1561 426 1648 455 obviis
1665 427 1700 455 de

920 469 1000 495 rebus
1020 469 1056 494 ita
1071 469 1219 502 judicatur,
1238 469 1303 504 quid
1326 470 1475 498 dixerimus
1500 472 1533 499 de
1557 473 1697 502 miraculis

920 514 1089 542 Salvatoris‘?
1104 514 1234 543 Videmus
1250 523 1365 551 namque
1376 524 1455 551 opera
1471 518 1529 552 ejus
1542 526 1602 553 qua:
1616 520 1697 546 terri-

918 560 982 587 bilia
996 565 1022 586 et
1039 561 1199 588 admiranda
1214 565 1293 595 sunt;
1308 563 1461 596 cujusmodi
1480 569 1543 591 Sunt
1558 566 1642 594 maris
1657 567 1701 593 de-

918 607 1026 633 cumani
1043 606 1153 638 ﬂuctus,
1171 611 1313 634 ventorum
1328 608 1355 635 in
1369 616 1400 635 eo
1420 609 1582 638 illidcnlium
1596 617 1698 646 motus,

918 652 984 679 solis
1014 653 1099 684 orbis,
1135 653 1206 680 lunae
1229 661 1338 685 cursus,
1365 659 1501 682 astrorum
1526 659 1698 692 compositio.

917 698 984 731 Quis
1002 707 1055 726 non
1073 700 1222 727 exterritus
1243 700 1303 732 fuit,
1319 708 1381 728 cum
1408 702 1497 728 velum
1520 704 1610 738 templi
1629 705 1700 732 scis-

917 752 977 771 sum
1004 749 1047 772 est
1062 753 1076 771 a
1092 753 1199 773 summo
1214 754 1299 780 usque
1321 747 1355 774 ad
1371 747 1473 774 imum?
1495 755 1556 774 cum
1577 749 1617 775 sol
1637 754 1699 776 tan-

917 794 974 816 tum
989 798 1042 817 non
1060 791 1150 818 ferens
1165 799 1271 825 ausum,
1290 797 1363 820 metu
1381 793 1468 820 lucem
1485 794 1640 821 contraxit?
1654 799 1701 822 aut

916 843 978 862 cum
995 841 1078 870 petrae
1089 837 1184 864 scissae
1196 842 1268 870 sunt,
1285 843 1311 865 et
1326 843 1501 866 monumenta
1517 845 1608 874 aperta
1622 844 1697 872 sunt,

916 889 947 907 ac
962 882 1006 915 qui
1035 881 1062 908 in
1085 882 1118 909 iis
1138 882 1267 916 jacehant
1295 885 1513 918 resurrcxere",
1541 885 1699 920 inimicique

916 927 1129 956 reformidarunt
1147 937 1161 955 a
1179 929 1248 956 facie
1265 930 1324 964 ejus
1338 939 1344 958 :
1360 938 1444 965 quare
1459 932 1500 958 vel
1521 931 1599 958 inviti
1613 933 1700 959 conli-

917 975 1053 1007 tehantur,
1070 975 1142 1010 quod
1163 983 1226 1003 vere
1243 975 1327 1003 Filius
1346 976 1391 1002 Dei
1413 981 1485 1004 esset
1501 977 1560 1004 iste.
1584 976 1615 1005 Et
1637 985 1698 1004 rere

916 1021 1001 1047 multa
1024 1029 1106 1055 opera
1126 1021 1185 1055 ejus
1208 1022 1366 1048 abscondita
1389 1025 1450 1048 sunt
1465 1022 1497 1049 ".
1519 1021 1601 1048 Millia
1624 1023 1696 1048 enim

916 1067 1030 1093 millium
1055 1067 1221 1093 laudantium
1248 1071 1338 1094 astant
1365 1067 1407 1098 ei;
1439 1070 1465 1093 et
1487 1066 1577 1093 decies
1599 1066 1697 1093 millies

916 1112 985 1140 dena
1011 1113 1096 1139 millia
1117 1114 1271 1140 ministrant
1294 1113 1362 1140 ei".
1379 1113 1583 1147 Coguoscamus
1605 1113 1697 1147 itaque

915 1157 1330 1194 benefactorem:gloriiicemus
1355 1158 1461 1185 Patrem
1488 1166 1549 1185 cum
1574 1157 1644 1185 Filio
1670 1161 1697 1185 et

916 1207 1011 1231 sancto
1032 1203 1134 1239 Spiritu
1152 1214 1157 1231 :
1175 1211 1256 1230 unam
1273 1203 1451 1230 conﬁteamur
1471 1203 1599 1230 deitatem
1614 1212 1620 1230 :
1635 1210 1698 1237 pec-

915 1249 996 1276 candi
1026 1249 1107 1277 ﬁnem
1136 1249 1287 1282 faciamus,
1318 1257 1468 1285 pauperum
1501 1249 1696 1276 recordemur:

916 1302 993 1322 amor
1018 1293 1132 1328 fratrum
1155 1295 1182 1321 iu
1199 1295 1277 1321 nobis
1301 1298 1429 1321 maneat:
1447 1290 1642 1328 hospitalitatis
1663 1301 1698 1320 ne

916 1340 1130 1367 obliviscamini.
1146 1339 1213 1367 Nam
1231 1340 1254 1368 si
1281 1340 1318 1366 ita
1334 1342 1416 1366 vitam
1439 1347 1561 1376 agamus,
1584 1346 1697 1374 regnum

915 1386 1048 1413 caelorum
1073 1386 1232 1414 haereditate
1258 1386 1435 1421 accipiemus,
1460 1387 1486 1413 in
1506 1385 1615 1413 Christo
1632 1383 1698 1411 Jesu

915 1431 1029 1459 Domino
1044 1436 1150 1464 nostro,
1172 1433 1216 1459 cui
1237 1432 1325 1466 gloria
1340 1432 1369 1459 in
1392 1431 1492 1459 saecula
1521 1431 1695 1458 saeculorum.

915 1477 1010 1505 Amen.

916 1563 965 1588 vn,
983 1555 1024 1582 10.
1067 1545 1069 1549 ’

88 1641 1689 1654 -—————__———.__—___—_.___

623 1693 690 1718 ΤΟΥ
710 1693 755 1719 ΕΝ
774 1693 885 1720 ΑΓΙΟΙΣ
903 1695 1038 1721 ΠΑΤΡΟΣ
1056 1695 1154 1722 ΗΜΩΝ

726 1769 1043 1813 ΑΘΑΝΑΣΙΟΥ

75 1847 123 1879 Εἰς
141 1845 172 1872 τό
186 1854 193 1861 ·
210 1846 418 1884 Πορευομένων
441 1846 476 1874 δὲ
501 1847 593 1884 αὑτοῦ
608 1847 842 1884 ὑπεστρώννυον
860 1848 897 1874 τὰ
920 1849 1018 1883 Ιμὰτια
1038 1849 1137 1876 αὐτῶν
1154 1849 1189 1876 ἐν
1207 1847 1246 1884 τῇ
1259 1847 1317 1881 6δῷ
1331 1847 1378 1874 ,ὀ
1392 1847 1426 1874 δὲ
1448 1848 1588 1880 πλεῖστος
1604 1848 1695 1883 ὄχλος

340 1881 440 1916 ἔχαιρε
461 1883 558 1917 χαρὰν
574 1882 719 1917 μεγάλην,
738 1884 788 1910 καὶ
813 1881 954 1917 ἕκριιζειὲ·
977 1884 1108 1911 Ὡσαννὰ
1123 1884 1158 1911 ἐν
1176 1881 1440 1918 miihi-10mm“.

588 2010 635 2053 S.
674 2010 728 2054 P.
767 2011 826 2054 N.
863 2011 1184 2055 ATHANASII

75 2097 104 2124 In
116 2095 184 2123 illud
205 2103 212 2122 :
237 2094 322 2122 Eunt:
337 2099 425 2123 autem
437 2095 496 2128 illo,
511 2095 711 2123 substernebant
724 2096 878 2124 vestimenta
895 2099 986 2125 suain
1001 2099 1052 2126 via.
1076 2098 1198 2125 Plurima
1225 2103 1312 2125 autem
1340 2096 1416 2124 turba
1439 2095 1572 2131 gaudebat
1597 2095 1694 2128 gaudio

549 2139 654 2166 magno,
668 2136 693 2157 et
710 2131 843 2158 clamabat
859 2140 868 2159 .'
882 2133 1011 2161 Hosanna
1026 2135 1052 2160 in
1065 2133 1173 2161 excelsis
1191 2133 1224 2161 ".

113 2250 137 2277 Ι.
160 2248 223 2275 Ἐὰν
243 2247 278 2274 τὰ
300 2249 456 2274 καθεκαστα
478 2246 531 2273 τῶν
559 2247 587 2280 ἐξ
604 2247 691 2282 ἀρχῆς
708 2248 861 2283 γενομένων
877 2254 899 2280 D

73 2295 244 2332 πραγμάτων
262 2294 451 2328 σκοπήσωμεν,
467 2292 567 2328 ἄπειρά
589 2294 672 2319 ἐστιν.
688 2293 719 2318 Εἰ
739 2291 785 2319 οὖν
801 2293 860 2328 βλε-

73 2341 200 2376 πομένων
217 2339 264 2365 καὶ
285 2339 441 2373 γενομένων
463 2337 536 2372 παρὰ
559 2337 604 2363 τοῦ
624 2337 690 2364 Θεοῦ
709 2338 859 2374 μνησθῆναί

72 2394 116 2417 τις
129 2386 159 2412 οὐ
173 2385 294 2417 δύναται,
313 2384 372 2416 πῶς
387 2383 421 2410 ἂν
434 2383 469 2409 τὰ
489 2383 666 2419 κεκρυμμένα
681 2384 763 2411 αὐτοῦ
778 2393 860 2412 κατα-

72 2432 167 2468 νοῆσαι
180 2440 221 2462 τις
234 2430 351 2466 δυνηθῇς
369 2439 378 2455 ‹
395 2430 435 2456 Τὰ
449 2429 503 2464 γὰρ
521 2429 639 2462 πλείονα,
658 2439 667 2455 ι
685 2430 762 2465 φησὶ,
781 2439 791 2456 σ
806 2430 860 2457 τῶν

73 2479 161 2515 ἔργων
177 2477 223 2504 τοῦ
237 2476 303 2503 Θεοῦ
318 2477 346 2502 ὲν
359 2476 528 2512 ἀποκρύφοις
543 2475 626 2502 ἐστίν.
640 2484 649 2500 ›
666 2476 770 2502 Οὐκοῦν
786 2477 859 2503 ἐστιν

73 2526 140 2562 ἔργα
151 2524 197 2551 τοῦ
209 2523 275 2549 Θεοῦ
285 2523 396 2558 ἀόρατα,
406 2522 483 2549 ἅτινα
495 2523 523 2548 ὲν
536 2521 705 2557 ἁποκρύφοις
715 2522 858 2556 τυγχάνει·

74 2573 136 2609 περὶ
152 2569 190 2597 ὧν
213 2571 258 2597 καὶ
273 2571 287 2595 ὁ
302 2569 442 2600 θεσπέσιος
467 2568 628 2599 Ἀπόστολος
652 2569 857 2603 συμμαρτυρεῖ,

71 2619 119 2646 καὶ
135 2618 224 2651 λέγει’
243 2626 251 2641 ι
264 2616 304 2642 Τὰ
321 2615 375 2650 γὰρ
389 2615 492 2650 ἀόρατα
510 2614 590 2640 αὑτοῦ
610 2614 662 2640 ἀπὸ
682 2613 798 2645 κτίσεως
811 2614 858 2640 κό-

73 2673 142 2699 σμου
155 2664 212 2694 τοῖς
233 2662 367 2696 ποιήμασι
389 2659 520 2695 νοούμενα
541 2659 690 2695 καθορᾶται
702 2667 708 2673 ·
725 2669 733 2684 ι
750 2658 857 2694 ἀληθῶς

72 2710 136 2745 γὰρ,
152 2718 161 2734 ι
172 2708 209 2739 ὡς
223 2706 418 2742 ἀνεξερεύνητα
430 2705 464 2731 τὰ
479 2705 600 2741 κρίματα
616 2704 709 2736 αὐτοῦ,
721 2704 768 2731 καὶ
780 2703 858 2736 ἀνεξ-

73 2755 203 2791 ίχνίαστοι
220 2755 247 2780 αἱ
268 2753 322 2779 ὁδοὶ
341 2752 441 2779 abte-3!
464 2761 473 2778 ι
493 2751 599 2786 ’Λμέλει
615 2751 661 2777 καὶ
676 2751 689 2776 ό
701 2751 855 2786 προφήτης,

107 2843 130 2859 ’⁸
147 2842 214 2870 Luc.
233 2849 295 2873 nx.
313 2841 356 2868 56.
385 2840 479 2867 Matth.
498 2847 554 2870 xxI.
572 2839 598 2867 8.

210 2889 346 2919 ΡΑτιιοι..
362 2888 421 2918 Gn.
434 2886 581 2917 XXVI”.

948 2251 973 2277 1.
988 2249 1016 2276 Si
1029 2248 1135 2283 singula
1144 2254 1204 2282 quae
1218 2247 1251 2273 ab
1266 2247 1345 2273 initio
1362 2249 1436 2279 gesta
1454 2247 1517 2271 sunt
1533 2249 1615 2277 opera
1626 2248 1695 2268 con-

912 2294 1038 2329 templari
1054 2294 1179 2324 velimus,
1194 2291 1299 2318 intinita
1311 2291 1355 2317 illa
1372 2292 1446 2317 sunt.
1463 2288 1540 2320 Quod
1553 2287 1576 2314 si
1591 2294 1621 2314 ea
1633 2295 1694 2322 quas

911 2342 962 2369 sul)
978 2343 1116 2375 aspectum
1132 2338 1233 2366 cadunt
1250 2343 1330 2372 atque
1350 2343 1364 2362 a
1386 2335 1440 2362 Deo
1455 2339 1515 2361 acta
1539 2337 1614 2365 sunt,
1637 2341 1696 2360 me.

912 2386 998 2413 moria
1023 2389 1117 2412 tenere
1135 2390 1215 2410 nemo
1235 2382 1331 2416 possit,
1352 2381 1458 2408 occulta
1480 2379 1539 2414 ejus
1559 2378 1694 2413 quomodo

911 2431 973 2466 quis
999 2430 1147 2465 intelligere
1175 2427 1295 2463 poterit?
1322 2436 1331 2452 ι
1347 2426 1429 2452 Multa
1453 2425 1536 2457 enim,
1552 2434 1561 2450 ›
1593 2424 1694 2459 inquit,

914 2487 924 2503 ι
939 2484 1021 2512 opera
1042 2476 1087 2503 Dei
1108 2473 1268 2502 abscondita
1282 2472 1388 2500 sunt“.
1405 2481 1415 2498 ›
1433 2471 1503 2498 Sunt
1515 2478 1580 2505 ergo
1597 2470 1693 2496 invisi-

911 2522 976 2549 bilia
995 2520 1119 2556 quaedam
1138 2519 1185 2546 Dei
1207 2525 1299 2553 opera,
1316 2525 1376 2552 quae
1391 2517 1417 2543 in
1433 2515 1542 2543 occulto
1560 2519 1641 2547 sunt;
1660 2515 1694 2542 de

911 2569 1011 2604 quibus
1026 2566 1108 2601 378
1127 2558 1235 2593 (livintis
1261 2563 1408 2599 Apostolus
1435 2566 1552 2590 testatur
1575 2561 1693 2588 dicens:

913 2623 922 2639 ε
936 2612 1083 2640 lnvisibilia
1105 2611 1176 2639 enim
1194 2611 1281 2645 ipsius
1304 2617 1318 2636 a
1343 2612 1469 2636 creatura
1485 2607 1578 2634 mundi
1593 2614 1638 2641 per
1662 2613 1693 2633 ea

910 2668 971 2696 quae
983 2660 1052 2687 facta
1064 2663 1140 2690 sunt,
1153 2658 1287 2684 intellecta
1301 2655 1506 2690 conspiciuntur
1517 2654 1549 2681 '°.
1566 2664 1575 2679 ›
1591 2653 1692 2680 Revera

910 2706 994 2736 enim,
1010 2714 1019 2730 ι
1032 2711 1112 2739 quam
1128 2701 1415 2736 incomprehensibilia
1431 2703 1495 2739 sunt
1507 2698 1609 2733 judicia
1620 2698 1689 2731 ejus.

910 2751 936 2776 et
958 2746 1159 2782 investigabilcs
1187 2746 1237 2773 viae
1260 2745 1320 2780 ejus
1335 2745 1374 2771 “1
1390 2753 1400 2770 ι
1421 2743 1455 2770 Et
1475 2750 1541 2770 vero
1561 2742 1693 2779 propheta

637 2839 659 2855 "
679 2838 763 2866 Eccli.
784 2844 862 2869 xLIn,
878 2835 924 2863 36.
961 2835 983 2852 '°
1003 2834 1081 2862 Rom.
1098 2842 1126 2867 ι,
1146 2834 1191 2863 20.
1229 2834 1249 2850 "
1269 2831 1349 2860 Rom.
1367 2840 1414 2865 ιι,
1432 2831 1476 2859 53.

1531 2876 1571 2906 33
