1940 3067
116 127 129 154 1
136 128 190 156 037

591 127 733 156 HOMILIA
752 128 784 156 IN
805 128 907 156 ILLUD
927 136 934 154 :
959 137 968 153 ι
988 127 1113 160 EL'NTE,
1135 138 1144 154 ι
1168 128 1243 157 Ετα.

1667 130 1736 158 Ξοῖἴδ

117 185 225 221 φόροις,
243 185 303 211 ὅσον
327 186 343 220 ἡ
368 185 446 220 χρεία
476 187 595 214 ἀπαιτεῖ.
615 188 643 213 '0
663 188 716 223 γὰρ
739 187 851 218 πλοῦτος
869 186 902 221 ’τιῖ

959 186 999 212 ria
1020 186 1165 220 adeamus;
1189 186 1380 217 indiﬁ’erentia,
1405 190 1535 221 quantum
1552 187 1673 222 pestulat
1688 198 1737 218 ne-

116 231 178 267 ιδίῳ
192 231 263 266 λόγῳ
277 231 337 257 οὐδὲ
348 232 448 265 ἀγαθὸς
458 231 517 258 οὐδὲ
532 232 632 267 φαῦλος
642 233 777 267 τυγχάνει,
787 232 854 259 ἀλλὰ
871 234 903 267 τῇ

114 279 276 314 προαιρέσει
294 277 339 304 τοῦ
359 279 500 313 χρωμένου
517 279 555 310 εἰς
573 279 691 314 ἑκάτερα
704 279 834 314 κρίνεται.
850 279 905 304 Αὑ-

114 323 183 350 τίκα
196 325 210 349 6
227 323 311 358 μέγας
328 323 454 358 Ἀϐραὰμ
478 323 604 355 πλούσιος
623 324 725 359 σφόδρα
740 324 902 358 ἐτύγχανεν·

115 369 176 396 ἀλλ’
194 369 224 395 οὑ
239 369 284 395 διὰ
303 368 382 394 τοῦτο
399 369 448 403 τῆς
470 369 571 405 ἀρετῆς
587 369 731 401 ἐξέκλινεν.
749 371 863 405 Ὁμοίως
877 370 905 396 δὲ

115 416 166 442 καὶ
178 417 192 442 6
204 415 310 450 πτωχὸς
323 415 456 450 Λάζαρος,
467 417 496 441 ὲν
512 416 592 451 πενίᾳ
605 415 652 447 ὢν,
664 417 703 447 εἰς
718 416 843 451 ἀνδρείαν
859 416 905 442 καὶ

117 461 323 496 μεγαλοψυχίαν
339 462 371 496 τῇ
389 461 469 496 σοφίᾳ
483 461 530 487 καὶ
544 461 582 496 τῷ
601 461 722 496 λογισμῷ
739 462 902 496 ἐνηλείφετο.

115 507 234 537 Οὐκοῦν,
247 507 284 537 ὡς
298 506 375 541 ἔφην,
388 506 448 532 οὔτε
466 507 482 541 ἡ
495 506 574 532 πενία
589 507 682 538 κακὸν,
695 506 756 533 οὔτε
768 508 781 532 6
793 507 905 538 πλοῦτος

116 550 236 585 φαῦλο;’
265 550 332 577 ἀλλὰ
350 552 366 585 ἡ
394 550 492 585 χρῆσις
523 551 589 585 μετὰ
617 551 666 586 τῆς
688 551 833 583 διαθέσεως
857 551 904 577 τοῦ

114 595 270 632 χρωμένου.
290 595 396 630 Ἀμέλει
427 595 473 621 τοῦ
501 595 597 622 πιστοῦ
616 596 675 628 ὅλος
697 598 710 623 6
737 597 838 633 κόσμος
851 597 904 623 τῶν

114 641 283 677 χρημάτων·
303 641 350 667 τοῦ
364 641 391 667 δὲ
409 641 523 667 ἀπίστου
541 642 599 668 οὐδὲ
619 642 719 673 ὀϐολός.
731 642 775 677 Τῷ
792 642 840 677 μὲν
851 642 904 678 γὰρ

115 686 207 720 πιστῷ
223 685 257 712 τὰ
275 685 361 712 πάντα
382 686 574 717 ὑποτέτακται,
594 687 640 712 καὶ
664 686 745 712 δοῦλα
761 687 794 712 τὰ
817 687 904 712 πάντα

114 731 263 766 τυγχάνει·
287 731 379 766 ἐπειδὴ
406 731 453 757 καὶ
478 731 585 758 πάντων
611 732 708 767 ἄρχει,
733 732 779 758 καὶ
798 732 904 759 πάντων

115 775 299 809 καταφρονεῖ·
324 775 338 800 6
355 774 383 800 δὲ
408 775 521 806 ἄπιστος
538 776 645 802 πάντων
665 777 722 802 ἐστὶ
740 776 840 810 δοῦλος,
857 786 905 804 κυ-

117 820 276 854 ριευὸμενος
295 820 347 847 ὑπὸ
373 820 420 847 τοῦ
449 823 574 856 μαμωνᾶ,
592 822 704 857 μηδενὸς
720 824 820 858 ἄρχων,
837 824 904 851 ἀλλὰ

118 865 220 900 μᾶλλον
232 866 392 900 ἀρχόμενος,
407 868 461 893 Καὶ
476 868 563 894 πάντα
576 868 624 902 μὲν
641 868 675 894 τὰ
687 868 733 894 τοῦ
751 869 817 906 Εξεοῦ
830 872 905 904 ποιῆ-

117 920 192 946 μσιτα
209 911 292 939 καλά·
310 913 327 947 ἡ
349 912 377 938 δὲ
402 913 455 938 τῶν
479 914 625 948 χρωμένων
651 915 769 947 διάθεσις
785 916 850 942 πολὺ
872 917 902 943 τὸ

114 957 244 992 διάφορον
264 958 330 992 ἔχει,

152 1003 178 1029 5.
194 1004 301 1038 Ἀμέλει
312 1005 324 1030 6
337 1004 416 1038 σοςρὸς
427 1005 649 1042 Ἐκκλησιαστὴς,
662 1007 728 1042 μετὰ
744 1007 836 1041 σοφίας
847 1009 903 1039 τοῖς

117 1049 186 1074 πᾶσι
202 1048 247 1074 τὸν
266 1048 328 1074 νοῦν
348 1048 443 1074 ἑαυτοῦ
461 1049 617 1084 ἐπιστήσας,
647 1050 841 1084 κατεσκέψατο,
856 1052 903 1077 καὶ

115 1094 223 1128 διέγνω,
239 1094 298 1125 πῶς
323 1093 429 1129 πλούτῳ
444 1095 594 1130 χρήσηται·
607 1095 665 1126 πῶς
682 1096 775 1122 πενίαν
790 1097 899 1132 ἐνέγκῃ-

115 1140 176 1171 πῶς
189 1141 265 1166 νόσον
276 1141 398 1176 ὑπομένη
407 1149 413 1155 ·
431 1141 488 1172 πῶς
498 1141 525 1167 δὲ
541 1142 644 1175 ὑγίειαν
657 1142 803 1177 καταμίξῃ.
819 1140 902 1168 Αἷιται.

115 1185 144 1212 δέ
162 1187 230 1212 εἰσιν
248 1187 274 1212 αἱ
289 1187 393 1221 ἀρεταὶ,
404 1187 502 1218 αἵτινες
517 1187 564 1222 τὴν
580 1186 736 1221 ἐπιμέλειαν
746 1187 783 1222 τῷ
800 1188 903 1223 ἀνθρω-

116 1232 188 1266 πίνῳ
204 1232 276 1265 γένει
293 1232 441 1259 ποιοῦνται.
467 1233 647 1266 Ἀπεναντίως
664 1234 690 1260 δὲ
710 1235 765 1265 τοῖς
792 1235 903 1269 εἰρημέ-

114 1286 171 1309 νοις
183 1278 196 1303 6
210 1277 245 1312 μὴ
264 1278 342 1312 σοφὸς
357 1278 541 1314 διατεθήσεται
552 1288 558 1293 ·
580 1280 657 1305 τοῦτο
673 1280 699 1306 δέ
713 1281 768 1306 ἐστι
780 1280 810 1306 τὸ
826 1289 902 1316 περι-

116 1323 243 1357 σπασμδν
268 1323 383 1358 πονηρὸν
397 1324 516 1350 δεδόσθαι
535 1326 590 1356 τοῖς
604 1326 670 1357 υἱοῖς
681 1325 734 1352 τῶν
751 1325 901 1361 ἀνθρώπων

116 1367 194 1402 παρὰ
211 1367 289 1399 Θεοῦ,
305 1369 348 1394 ἴνα
365 1370 395 1395 ἐκ
419 1368 464 1395 τοῦ
478 1370 605 1396 ἐπιπόνου
627 1371 737 1405 μόχθου,
751 1371 797 1397 καὶ
811 1371 859 1406 τῆς
874 1372 902 1398 ὲν

116 1415 172 1445 τοῖς
185 1413 333 1448 όριιιμὲνοις
344 1415 508 1449 ἀμηχανίας,
523 1416 567 1441 ἐπὶ
582 1416 630 1450 τὴν
642 1416 687 1442 τοῦ
700 1416 766 1443 Θεοῦ
777 1417 903 1452 πρόνοιαν

118 1460 165 1485 καὶ
182 1460 276 1492 σοφίαν
292 1460 491 1494 καταφεύγωσι.
508 1461 607 1487 Τούτου
623 1463 702 1497 χάριν
716 1463 902 1498 περισπασμὸν

117 1513 128 1530 ι
145 1505 262 1540 πονηρὸν
276 1514 285 1529 ι
301 1505 415 1532 δέδωκεν
431 1506 516 1537 ὀΘεὸς
532 1507 587 1538 τοῖς
599 1507 665 1538 olei;
675 1507 728 1533 τῶν
743 1508 902 1543 ἀνθρώπων,

956 232 1080 259 cessitas.
1098 231 1201 260 Divitiae
1212 240 1330 267 namque
1344 234 1449 260 ratione
1467 234 1519 268 sui,
1535 242 1585 262 nec
1599 235 1676 263 bona:
1687 245 1737 265 nec

955 277 1032 303 malae
1047 281 1130 310 sunt;
1145 277 1192 304 sed
1211 279 1310 305 utentis
1325 279 1416 306 animo
1430 280 1457 306 in
1477 284 1620 315 utramque
1632 288 1736 317 partem

954 322 1133 349 mstimantur.
1152 322 1271 357 Repente
1293 332 1407 359 magnus
1437 325 1482 353 ille
1502 326 1637 354 Abraham
1661 328 1738 356 dives

955 367 1024 394 fuit:
1042 376 1092 396 nec
1113 369 1174 396 ideo
1191 377 1206 396 a
1221 369 1322 397 virtute
1337 371 1494 399 declinavit.
1515 371 1645 401 Similiter
1660 382 1737 402 men-

955 413 1034 442 dicus
1047 414 1167 442 Lazarus
1183 415 1210 441 in
1222 419 1381 449 paupertate
1397 424 1458 442 cum
1475 418 1587 451 viveret,
1606 419 1639 446 ad
1660 419 1738 447 forti-

954 459 1078 486 tudinem
1094 464 1120 487 et
1140 462 1387 496 magnanimitatem
1402 463 1534 497 sapientia
1552 468 1578 491 et
1592 465 1737 492 ratiocinio

955 512 1016 532 sese
1041 506 1229 533 conﬁrmabat.
1254 507 1357 542 Itaque,
1375 512 1404 534 ut
1428 509 1495 541 dixi,
1523 517 1572 536 nec
1592 517 1738 546 paupertas

955 550 1055 577 malum
1071 555 1122 582 est,
1138 559 1188 578 nec
1207 552 1307 580 divitia:
1324 554 1501 587 perniciosae;
1518 557 1564 582 sed
1578 564 1643 584 u5tts
1656 561 1737 592 atque

956 597 1057 625 utentis
1075 598 1198 626 allectus.
1220 599 1321 627 Fidelis
1337 608 1404 628 sane
1421 601 1539 629 hominis
1556 607 1618 630 sunt
1640 611 1737 631 omnes

954 644 1048 670 mundi
1074 651 1156 678 opes;
1185 645 1301 672 inlidelis
1327 653 1360 673 ne
1385 646 1481 673 obolus
1505 647 1624 682 quidem.
1650 648 1736 677 Fideli

955 689 1025 715 enim
1037 689 1128 716 omnia
1141 689 1263 724 subjecta
1276 696 1350 724 sunt,
1362 693 1453 719 omnia
1467 693 1518 727 ipsi
1527 694 1735 729 serviuntzquia

955 734 1013 768 ipse
1035 736 1161 763 omnibus
1185 737 1298 771 imperat
1321 742 1347 765 et
1365 738 1455 765 omnia
1480 740 1600 774 spernit;
1621 740 1737 768 inﬁdelis

955 784 1044 806 autem
1059 782 1179 809 omnium
1195 787 1351 816 estservus,
1367 785 1418 812 sub
1433 784 1572 812 dominatu
1587 794 1736 815 mamonae:

955 825 1055 850 nemini
1070 826 1224 860 imperans;
1242 828 1289 855 sed
1306 824 1398 863 potius
1418 830 1469 857 sub
1484 832 1605 858 omniutn
1621 831 1737 867 imperio

922 873 940 900 η
954 874 1004 896 est.
1024 870 1056 896 Et
1080 872 1188 906 quidem
1211 874 1302 900 omnia
1325 874 1372 902 Dei
1389 876 1495 910 opilicia
1520 877 1589 904 bona
1610 883 1692 912 sunt;
1709 882 1737 905 at

956 915 1024 943 inter
1041 918 1172 944 utentium
1192 918 1305 947 allectus
1319 920 1414 955 ingens
1430 925 1472 948 est
1486 922 1646 951 discrimen.

987 1003 1069 1039 379
1083 1005 1109 1031 5.
1133 1005 1257 1034 Profecto
1281 1007 1389 1042 sapiens
1407 1008 1595 1041 Ecclesiastes.
1617 1016 1734 1039 mentem

952 1050 1078 1078 omnibus
1094 1051 1231 1086 sapienter
1244 1054 1391 1088 applicans,
1405 1055 1587 1084 consideravit
1603 1064 1634 1084 ac
1647 1058 1733 1090 novit,

953 1103 1005 1129 qua
1028 1097 1133 1125 ratione
1151 1098 1251 1126 divitiis
1267 1103 1408 1127 uteretur:
1424 1102 1560 1136 quomodo
1578 1105 1734 1138 pauperiem

952 1141 1045 1174 ferret,
1060 1144 1194 1177 quomodo
1209 1145 1333 1172 morbum
1348 1147 1504 1179 sustineret,
1516 1150 1650 1184 quomodo
1660 1151 1734 1177 saui-

952 1191 1036 1215 tatem
1050 1193 1250 1224 attemperaret.
1273 1191 1320 1219 Ha:
1343 1197 1405 1219 sunt
1420 1194 1534 1222 virtutes
1554 1204 1614 1231 quae
1640 1204 1733 1225 curam

953 1234 1071 1262 humano
1086 1238 1175 1271 generi
1192 1238 1317 1266 aderunt.
1330 1239 1460 1275 Opposito
1476 1248 1565 1270 autem
1587 1244 1667 1271 modo
1688 1245 1734 1280 qui

953 1281 1060 1314 sapiens
1074 1290 1126 1309 non
1141 1287 1182 1310 est
1199 1284 1310 1313 allectus
1329 1286 1381 1312 erit
1396 1297 1402 1314 :
1416 1287 1468 1315 hoc
1487 1293 1529 1316 est
1546 1294 1634 1317 autem
1647 1291 1710 1318 illud
1728 1301 1734 1318 :

953 1326 1158 1360 occupationem
1172 1330 1317 1362 pessimam
1333 1331 1423 1359 datam
1436 1341 1496 1361 esse
1517 1335 1580 1363 ﬁliis
1595 1336 1736 1364 hominum

953 1378 968 1397 a
985 1370 1048 1403 Deo,
1063 1376 1092 1398 ut
1104 1380 1136 1400 ex
1150 1374 1251 1408 ingenti
1269 1376 1372 1409 labore,
1387 1383 1414 1405 et
1430 1387 1526 1414 magna
1542 1381 1568 1408 in
1584 1383 1738 1417 aspectabi-

954 1417 1024 1444 Iibus
1040 1418 1121 1447 rebus
1141 1420 1308 1454 diﬁieultate,
1322 1424 1356 1450 ad
1372 1424 1417 1453 Dei
1435 1427 1630 1460 providentiam
1655 1434 1738 1465 atque

954 1465 1113 1498 sapientiam
1127 1467 1294 1502 confugiant.
1307 1469 1411 1498 Idcirco
1421 1474 1626 1507 occupationem
1644 1484 1654 1501 ι
1673 1484 1737 1510 pes-

954 1510 1049 1537 simam
1067 1510 1088 1527 "
1108 1521 1117 1537 ι
1136 1513 1209 1540 dedit
1223 1514 1293 1543 Deus
1315 1516 1376 1544 ﬁliis
1391 1517 1542 1552 hominum,
1560 1520 1586 1546 id
1603 1525 1645 1548 est
1661 1522 1738 1549 labo-

114 1551 263 1581 τουτέστιν,
278 1552 414 1578 ἐπίπονον.
431 1552 491 1578 Ὅτι
507 1552 536 1578 δὲ
551 1562 560 1578 ‹
577 1553 606 1579 τὸ
619 1553 734 1589 πονηρὸν
747 1563 755 1579 ι
773 1554 900 1581 ἐπίπονόν

954 1556 1065 1584 riosam.
1086 1557 1162 1590 Quod
1178 1563 1266 1587 autem
1289 1561 1366 1593 illud.
1382 1571 1391 1588 ‹
1411 1565 1569 1598 pessimum,
1585 1575 1594 1591 ι
1619 1567 1737 1602 idipstm

116 1597 206 1628 ἐστιν,
241 1597 323 1623 ἄκουε
353 1597 383 1623 τὸ
416 1597 474 1623 Ἰὼϐ
503 1600 709 1634 γεγραμμένον·
737 1601 803 1635 φησὶ
829 1601 899 1636 γάρ’

117 1642 235 1669 Ἔπεσεν
256 1644 284 1669 ἐν
299 1642 337 1678 τῷ
356 1643 414 1669 Ἰὼϐ
429 1643 492 1679 ἕλκη
508 1645 623 1680 πονηρὰ,
643 1645 791 1675 τουτέστιν,
807 1646 902 1672 ἐπίπο-

114 1697 147 1714 να
157 1697 163 1703 ·
179 1690 224 1714 καὶ
232 1690 258 1715 αἱ
271 1689 373 1723 πληγαὶ
381 1690 518 1723 Αἰγύπτου
529 1691 645 1726 πονηραὶ
657 1691 812 1725 κέκληνται,
825 1701 901 1718 τουτ-

116 1734 200 1765 έστιν,
229 1735 368 1760 ἐπίπονοι·
391 1736 433 1762 ἵνα
447 1736 493 1762 καὶ
509 1736 556 1770 τὴν
574 1737 690 1763 διάνοιαν
711 1737 812 1763 ἑαυτῶν
829 1739 901 1773 κινὴ-

117 1788 200 1806 σωσιν
222 1781 245 1806 οἱ
261 1781 397 1816 ἄνθρωποι
414 1782 458 1807 ἐπὶ
477 1782 511 1808 τὰ
524 1782 582 1808 θεῖα
599 1783 685 1816 λόγια,
698 1783 745 1809 καὶ
758 1785 786 1809 ἐν
799 1783 901 1814 τούτοις

118 1825 162 1851 ἀεὶ
187 1827 383 1862 φρονιμώτεροι
403 1827 552 1862 γενόμενοι,
580 1829 747 1863 ἐπιστήσωσι
770 1829 815 1855 τὸν
839 1829 900 1856 νοῦν

116 1871 220 1898 ἑαυτῶν
241 1872 280 1906 τῷ
300 1871 422 1907 ξωοποιῷ
439 1873 581 1908 πνεύματι.
612 1874 707 1900 Οἴδατε
731 1874 793 1909 γὰρ,
811 1875 851 1900 ὅτι
872 1875 901 1901 τὸ

118 1916 166 1952 μὲν
179 1917 294 1952 γράμμα
316 1918 480 1948 ἀποκτείνει,
495 1919 526 1944 τὸ
539 1919 567 1945 δὲ
584 1919 690 1954 πνεῦμα
703 1918 837 1951 ζωοποιεῖ.
851 1920 902 1946 Πό-

117 1971 156 1997 νῳ
171 1961 216 1989 οὖν
231 1963 278 1989 καὶ
292 1964 405 1998 ἀσκήσει
422 1964 470 1999 τὴν
483 1965 531 1999 τῆς
547 1965 645 2000 ἀρετῆς
663 1966 795 2000 ὠφέλειαν
815 1967 902 1993 ἀσπα-

117 2008 242 2043 σώμεθα·
263 2009 336 2044 πόνῳ
352 2010 405 2045 γὰρ
418 2009 448 2036 τὺ
464 2010 545 2036 καλὸν
559 2011 745 2047 κατορθοῦται,
765 2011 801 2043 ὡς
820 2013 833 2038 6
852 2021 902 2047 μα-

116 2054 211 2088 κάριος
237 2054 342 2085 Παῦλος
369 2055 465 2090 γράφει
487 2055 588 2089 λέγων·
616 2056 681 2082 «Ἐν
712 2056 841 2091 θλίψεσιν,
873 2058 901 2082 ἐν

116 2100 248 2133 ἀνάγκαις
265 2100 312 2134 (9),
329 2101 356 2126 ἐν
369 2101 494 2135 πληγαῖς,
514 2102 541 2127 ὲν
553 2102 774 2134 ἀκαταστασίαις,
792 2112 800 2128 ι
814 2103 902 2129 καὶτὰ

117 2144 191 2180 ἑξῆς.
214 2145 269 2171 Καὶ
293 2145 372 2172 πάλιν
396 2147 410 2172 6
435 2147 516 2178 αὑτός
540 2155 621 2182 φησι’
643 2157 652 2172 ι
674 2148 764 2174 Πάντα
795 2148 920 2182 στέγω,’

115 2191 205 2217 πάντα
218 2191 354 2226 ὑπομένω,
371 2192 413 2219 ἵνα
429 2194 465 2228 μή
482 2202 542 2220 τινα
559 2193 678 2229 ἐγκοπὴν
693 2194 781 2229 δῶμεν
795 2194 832 2230 τῷ
847 2195 899 2220 Εὑ-

114 2237 234 2271 αγγελίῳ
247 2237 293 2263 τοῦ
307 2237 435 2273 Χριστοῦ,
451 2248 459 2263 ι

150 2283 177 2309 Α.
195 2283 285 2309 Ταῦτα
297 2284 324 2310 δὲ
339 2284 528 2319 προεθήκαμεν
542 2284 581 2319 τῷ
596 2284 675 2320 λόγῳ,
689 2285 781 2321 ἐπειδὴ
794 2286 823 2312 τὸ
837 2286 901 2312 ἀνά-

116 2337 229 2364 γνωσμα
241 2329 314 2356 δοκεῖ
321 2339 389 2356 ητινα
412 2330 483 2365 ἔχειν
497 2330 574 2364 λόγον
585 2339 591 2346 ·
605 2333 671 2366 φησι
680 2331 748 2366 γάρ’
762 2342 770 2357 ‹
784 2332 900 2367 Πορευο-

117 2375 197 2411 μένου
214 2376 241 2402 δὲ
262 2376 353 2408 αὐτοῦ,
381 2377 583 2413 ὑπεστρώννυον
598 2377 632 2404 τὰ
658 2378 752 2412 ἱμάτια
770 2378 858 2405 αὐτῶν
871 2379 900 2418 ἐν

116 2423 146 2456 τῇ
164 2421 230 2456 ὁδιῖν
248 2431 258 2447 ι
277 2422 320 2448 ἵνα
342 2422 386 2448 τὸν
406 2423 508 2458 Ἰησοῦν
525 2423 732 2454 ἐπιϐιϐάσαντες
754 2424 792 2458 τῷ
807 2424 898 2460 πώλῳ,

116 2467 250 2501 ἄρξωνται
267 2467 438 2502 πορεύεσθαι.
454 2468 538 2494 Τοῦτο
553 2468 580 2494 δὲ
594 2469 666 2504 ἡμᾶς
680 2469 709 2495 τὺ
726 2470 900 2504 εὐαγγελικὸν

116 2514 234 2540 διδάσκει
253 2515 341 2549 ῥητόν.
366 2515 421 2541 Καὶ
435 2515 504 2541 πὸσα
521 2515 589 2548 ὅλως
602 2516 626 2541 οἱ
641 2515 782 2542 ἀπόστολοι
807 2517 901 2553 ἱμάτια

116 2558 187 2595 εἶχον
209 2561 322 2591 ἑαυτῶν,
350 2560 417 2586 ὥστε
440 2561 474 2587 τὰ
501 2561 550 2596 μὲν
566 2560 655 2586 αὐτῶν
680 2561 850 2596 ἐπιρῤίπτειν
867 2563 899 2598 τῇ

116 2607 178 2642 δνῳ,
199 2608 241 2634 ἵνα
254 2608 432 2634 ἐπιϐιϐἁσωσι
453 2608 498 2634 τὸν
520 2608 632 2643 Ἰησοῦν,
648 2607 680 2634 τὰ
695 2608 722 2633 δὲ
745 2608 900 2643 ὑποστρων-

116 2653 188 2680 νύειν
200 2654 229 2680 ὲν
241 2655 273 2688 τῇ
287 2653 338 2689 ὀδῷ
346 2662 352 2668 ·
372 2654 440 2689 ἀκτή
445 2662 523 2689 μονες
536 2653 641 2689 ἄνδρες,
659 2654 706 2680 καὶ
717 2654 804 2679 πάντα
816 2662 900 2681 κατα-

151 2742 173 2758 “
192 2741 283 2770 Eccle.
303 2750 320 2773 ι,
341 2743 383 2770 l3.

429 2743 451 2758 “
467 2743 517 2770 Job
533 2751 562 2774 It,
576 2744 600 2770 7.
642 2743 665 2759 “
685 2743 705 2770 ll
721 2743 783 2771 Cor.
803 2753 838 2776 vt,
859 2745 884 2772 ι.

152 2820 187 2855 l9)
207 2819 244 2847 Ita
262 2819 327 2855 Reg.
342 2820 368 2847 2.
387 2821 414 2848 ln
431 2820 521 2852 editis,
537 2822 565 2847 ἐν
582 2821 714 2854 ἀνάγκαις
731 2821 817 2848 deest.

919 2229 938 2255 l)

955 1601 991 1628 sit
1005 1603 1076 1636 quod
1092 1603 1266 1635 laboriosum.
1282 1607 1344 1634 audi
1360 1608 1425 1635 illud
1451 1609 1478 1636 in
1502 1610 1571 1637 libro
1593 1610 1643 1638 Job
1666 1613 1737 1639 scri-

953 1648 1082 1681 ptum":
1099 1648 1263 1678 Ceciderunt
1284 1652 1312 1680 in
1332 1652 1383 1681 Job
1398 1655 1488 1682 ulcera
1505 1657 1634 1691 pessima,
1651 1657 1677 1684 id
1696 1662 1738 1686 est

952 1692 1089 1721 laboriosa
1113 1704 1120 1721 :
1138 1699 1164 1722 et
1184 1695 1293 1732 Egypti
1317 1699 1401 1734 plaga:
1429 1709 1437 1725 ι
1457 1701 1580 1734 pessimae
1597 1711 1606 1728 ›
1632 1707 1736 1731 vocata

952 1743 1026 1770 sunt,
1042 1739 1068 1766 id
1086 1745 1128 1768 est
1142 1741 1298 1775 laboriosaa;
1315 1749 1344 1770 ut
1356 1750 1382 1772 et
1394 1750 1509 1774 tuentem
1522 1755 1598 1775 suam
1614 1749 1737 1778 homines

953 1783 985 1810 ad
1014 1785 1105 1812 divina
1136 1789 1245 1815 oracula
1274 1791 1426 1824 concitent;
1457 1793 1484 1820 in
1519 1786 1605 1830 iisqn'e
1630 1805 1737 1832 semper

951 1830 1092 1864 prudentia
1107 1833 1259 1867 proﬁciant,
1275 1840 1391 1864 menlem
1407 1846 1482 1865 suam
1503 1840 1610 1868 vivilico
1638 1843 1737 1877 spiritu

952 1875 1122 1904 conﬁrment.
1137 1877 1229 1906 Nostis
1244 1881 1316 1907 enim
1339 1882 1453 1909 litteram
1472 1885 1580 1919 quidem
1601 1875 1736 1919 occidere,

952 1921 1077 1955 spiritum
1092 1927 1181 1950 autem
1201 1925 1348 1953 viviﬁcare.
1366 1927 1470 1956 Labore
1484 1930 1574 1965 itaque
1587 1939 1619 1958 ac
1632 1932 1738 1959 exerci-

952 1967 1054 1994 tatione
1075 1974 1168 1996 nostra
1182 1971 1290 2000 virtutis
1305 1973 1449 2000 utilitatem
1465 1977 1668 2011 amplectamur.
1684 1977 1738 2004 La-

952 2013 1017 2040 bore
1035 2015 1134 2050 quippe
1150 2016 1250 2043 bonum
1266 2019 1414 2052 perﬁcitur,
1431 2021 1658 2055 quemadmodum
1670 2023 1737 2050 bea-

951 2063 996 2086 tus
1010 2059 1109 2089 Paulus
1124 2063 1218 2090 scribit
1233 2074 1238 2091 :
1254 2074 1262 2090 ι
1279 2065 1306 2092 In
1324 2067 1555 2099 tribulationibus,
1573 2068 1600 2095 in
1615 2070 1737 2096 necessi-

951 2106 1062 2138 tatibus,
1090 2107 1117 2134 in
1144 2109 1242 2143 plagis,
1259 2110 1286 2137 in
1313 2113 1564 2145 perturbationibus
1585 2114 1618 2146 ”,
1645 2124 1654 2140 ι
1682 2120 1736 2142 etc.

951 2150 1125 2187 Rursumque
1136 2153 1205 2181 idem
1221 2155 1258 2181 ait
1272 2165 1278 2182 :
1295 2165 1303 2181 ι
1321 2156 1416 2183 Omni-a
1430 2158 1534 2192 operio.
1549 2159 1639 2185 omnia
1653 2160 1738 2187 susti-

952 2205 1014 2229 neo,
1031 2206 1063 2225 ne
1079 2200 1151 2234 quod
1169 2200 1360 2228 oﬂendicultttti
1378 2203 1474 2230 demus
1490 2202 1635 2238 Evangelio
1652 2204 1735 2231 Citri-

956 2245 991 2270 sti
1005 2244 1038 2271 ‘5.
1061 2254 1070 2270 ι

989 2290 1015 2317 4.
1036 2289 1097 2317 llzec
1114 2296 1201 2318 autem
1228 2293 1343 2319 orationi
1367 2297 1468 2320 nostrae
1483 2294 1657 2328 praeﬁximus,
1673 2295 1738 2329 quia

955 2343 1016 2362 cum
1034 2335 1067 2362 iis
1092 2337 1172 2364 lectio
1193 2346 1363 2365 communem
1385 2339 1530 2373 quamdam
1556 2341 1634 2367 habet
1655 2341 1738 2368 ratio-

955 2388 1036 2413 nem;
1053 2382 1090 2408 ait
1104 2383 1174 2409 enim
1191 2393 1197 2410 :
1217 2392 1226 2408 ι
1244 2383 1331 2411 Eunte
1350 2390 1437 2411 autetn
1454 2385 1510 2418 illo,
1528 2386 1739 2414 substernebant

954 2426 1113 2453 vestimenta
1127 2436 1176 2455 sua
1189 2429 1215 2455 in
1229 2430 1272 2455 via
1284 2429 1306 2444 "
1321 2439 1328 2456 :
1344 2439 1353 2455 ι
1369 2429 1500 2458 utJesum
1513 2431 1586 2466 pullo
1597 2432 1738 2466 imponen-

953 2474 994 2498 tes
1005 2472 1150 2505 procedere
1162 2474 1322 2509 inciperent.
1338 2475 1394 2503 Hoc
1407 2481 1496 2504 autem
1514 2478 1668 2512 evangelica
1687 2486 1739 2507 nos

954 2517 1032 2544 docet
1058 2518 1147 2545 lectio.
1172 2519 1244 2552 Quot
1259 2528 1331 2555 ergo
1353 2521 1488 2548 habebant
1512 2522 1627 2557 apostoli
1652 2524 1739 2551 vesti-

954 2568 1056 2594 menta,
1074 2568 1102 2590 ut
1118 2565 1169 2591 alia
1186 2566 1295 2599 quidem
1310 2567 1452 2598 injicerent
1464 2567 1491 2594 in
1509 2567 1626 2598 asinam.
1638 2572 1668 2594 ut
1686 2569 1738 2595 im-

954 2614 1086 2642 ponerent
1114 2611 1152 2637 illi
1178 2610 1291 2645 Jesum;
1317 2613 1370 2639 alia
1395 2612 1600 2640 substernerent
1624 2613 1652 2640 in
1668 2613 1710 2640 via
1730 2621 1738 2640 ε

954 2655 1004 2682 viri
1022 2656 1127 2684 scilicet
1150 2658 1371 2692 possessionibus
1384 2658 1474 2690 vacui,
1493 2658 1540 2694 qui
1564 2659 1656 2686 omnia
1671 2659 1738 2688 reli-

924 2746 946 2762 “
966 2746 975 2773 l
994 2745 1057 2775 Cor.
1076 2755 1131 2782 vn,
1150 2749 1198 2776 t2.~
1235 2749 1256 2765 "
1277 2748 1341 2776 Luc.
1359 2757 1422 2781 xtx,
1439 2749 1485 2778 26.
