1940 3067
197 123 208 148 Ι
214 121 266 150 039

742 121 771 148 S.
792 120 1021 150 ATHANASIL’S.
1041 137 1076 142 —
1095 121 1232 150 SPURIA.

1743 122 1818 149 1040

196 186 321 218 querant,
337 187 363 209 et
377 182 423 217 qui
437 185 495 208 tum
518 181 570 208 alia
585 181 676 208 omnia
691 185 836 216 praecepta.
852 185 909 207 tum
925 180 976 208 hoc

1030 181 1174 213 λείποντες,
1195 181 1242 208 καὶ
1262 181 1330 216 μετὰ
1351 181 1405 208 τῶν
1419 181 1505 208 ἄλλων
1527 180 1634 208 πάντων
1652 179 1699 207 καὶ
1712 180 1817 216 ταύτην

196 229 352 258 servabant,
364 231 393 254 ut
407 234 494 262 neque
508 226 576 253 duas
590 226 697 252 tunicas
713 225 978 257 liaherentYQuanta

195 281 278 309 porro
294 273 388 301 isthmc
408 272 541 303 hilaritas,
557 275 587 298 nt
603 271 771 298 incedentem
789 271 907 301 asinum,
924 278 978 296 non

196 321 282 352 humi,
300 320 347 347 sed
362 327 409 354 per
421 318 582 345 vestimenta
594 318 692 344 vellent
707 317 830 344 incedere
840 318 852 343 τ
861 315 917 343 Hoc
930 323 979 343 au-

196 372 248 394 tem
263 366 466 393 luxuriosorum
482 371 513 390 ac
523 364 711 390 delicatorum.
728 354 769 388 A'n
787 361 866 389 Jesus
881 362 916 388 ita
931 361 979 388 de-

195 413 267 440 liciis
282 419 393 446 operam
408 411 500 443 dabat,
516 414 546 437 ut
561 409 644 436 nollet
666 417 695 436 se
711 409 851 435 vehentem
873 407 977 435 asinam

196 459 270 485 humi
282 457 406 485 incedere
417 457 428 484 ἳ
443 456 547 486 Dilecti.
563 463 617 482 non
628 455 804 482 delicatorum
815 457 856 480 est
867 454 922 480 [nec
930 453 979 479 do-

196 505 283 531 ctrina
296 513 302 531 :
319 511 368 531 nec
383 503 444 538 quis
458 509 576 536 unquam
588 501 690 528 exstitit
700 501 746 534 qui
761 500 811 526 hoc
820 500 914 534 egerit.
927 498 979 526 Ne-

195 559 248 587 que
264 550 336 578 cnitn
352 550 422 576 inter
433 549 547 584 gentiles
561 546 810 574 Nabuchodonosor
820 545 846 571 id
859 551 977 579 unquam

196 598 259 625 fecit
275 604 343 624 :nec
355 597 401 632 qui
413 596 438 623 ei
460 594 593 622 successit
609 593 729 620 Baltasar
746 601 752 618 ε
766 598 851 626 neque
863 598 978 625 magnus

197 644 337 674 Salomon,
349 649 410 669 cum
431 645 503 668 esset
527 641 553 666 in
575 646 657 674 regno
672 645 731 665 suo.
758 636 844 671 Supra
860 636 979 663 diximus

195 690 268 716 enim
280 688 389 715 novisse
404 694 466 714 eum
487 693 541 720 quo
555 688 634 719 pacto
653 683 755 710 divitiis
773 686 904 713 uteretur,
922 688 977 716 quo

195 734 352 770 pauperiem
371 733 464 763 ferret,
480 735 533 759 etc.
559 730 649 766 Ipsum
667 729 739 756 enim
763 728 803 755 sic
823 728 977 762 loquentem

196 781 290 808 audire
305 781 368 807 licet
383 789 390 806 :
407 789 417 805 ι
439 778 562 809 Domine,
581 776 690 804 divitias
703 779 730 802 et
744 778 927 810 paupertatem
943 780 978 800 ne

195 825 304 853 dederis
318 824 382 851 mihi
399 833 407 857 ;
431 823 478 850 sed
497 830 559 849 cum
579 827 707 848 mensura
721 820 754 846 da
770 818 835 846 mihi
855 826 914 853 qua:
931 824 977 844 ne-

196 873 317 899 cessaria
343 874 407 898 sunt
431 874 458 896 et
473 867 608 895 suﬂiciunt
623 868 657 895 ⁸⁷.
673 876 682 892 ι
699 865 864 900 Sapientiam
887 867 977 890 autem

196 918 283 952 magis
297 916 421 947 curabat,
437 922 522 949 quare
545 913 680 941 exclamat
704 919 736 938 ac
763 911 851 938 dicit:
868 918 878 935 ‹
904 908 978 943 Elegi

196 962 283 997 ipsam
300 961 398 988 habere
417 967 471 995 pne
486 966 553 986 auro
576 962 602 985 et
618 960 740 992 argento,
767 963 848 989 super
863 954 978 981 salutent

196 1016 228 1036 ac
243 1008 362 1043 speciem
374 1007 455 1034 dilexi
467 1006 541 1033 illam
553 1004 586 1030 ".
603 1013 612 1030 ›
635 1003 711 1030 Unde
719 1001 862 1036 discipulis
877 1004 916 1026 tot
932 1007 979 1026 ve-

196 1055 334 1084 stimenta.
351 1058 380 1080 ut
395 1060 410 1080 a
428 1051 557 1080 Bethania
573 1050 660 1077 donec
674 1047 868 1082 JerOsolymam
893 1045 979 1072 intro-

196 1101 258 1132 iret,
277 1099 362 1127 asina:
377 1097 511 1126 incedenti
523 1093 787 1125 substernerentur‘i

231 1200 257 1228 5.
272 1199 327 1227 Sed
351 1205 394 1225 me
414 1197 502 1224 oratio
521 1195 581 1231 ipsa
603 1194 722 1222 concitat
738 1191 771 1219 ad
792 1190 979 1219 sublimiorem

197 1246 326 1274 accedere
341 1243 605 1279 interpretationem,
630 1248 661 1267 ac
676 1239 829 1274 disquirere
845 1245 905 1272 qua:
922 1237 979 1264 sint

197 1292 346 1327 apostolica
358 1291 530 1318 vestimenta.
543 1288 598 1316 Nos
613 1288 704 1322 itaque
717 1287 790 1321 ipsos
799 1293 813 1311 a
826 1289 896 1311 terra
912 1290 979 1318 pau-

196 1340 280 1366 lulum
308 1338 502 1365 subducamus.
532 1335 596 1362 Dico
622 1335 704 1369 igitur
731 1331 868 1359 substrata
896 1329 980 1356 asinae

196 1386 369 1416 vestimenta,
383 1383 498 1409 niorales
510 1389 570 1409 esse
585 1379 778 1416 prmceptiones
794 1378 852 1412 ejus
868 1376 980 1412 pedibus

197 1431 363 1466 suppositas,
391 1429 432 1456 ha).
454 1429 560 1456 scilicet
578 1437 585 1455 :
604 1437 613 1453 ι
631 1426 689 1454 Νοιι
704 1424 895 1456 mmcltaberis,
925 1430 980 1449 non

197 1476 315 1506 occides.
334 1483 389 1502 non
415 1474 516 1502 furtum
541 1473 636 1504 facies,
660 1480 714 1499 non
738 1471 858 1506 loqueris
880 1469 979 1496 falsum

1028 227 1077 262 τὴν
1090 227 1197 262 ἐντολὴν
1211 227 1385 262 φυλάξαντες,
1401 226 1430 253 τὸ
1446 227 1514 262 μήτε
1529 227 1575 252 δύο
1591 227 1706 261 χιτῶνας
1721 226 1793 261 ἔχειν
1807 236 1816 259 ;

1029 274 1076 304 Τίς
1097 273 1125 299 δὲ
1143 273 1190 299 καὶ
1213 274 1229 308 ή
1258 273 1375 308 τοσαύτη
1403 273 1538 308 ἱλαρότης,
1566 273 1634 299 ὥστε
1663 273 1817 308 βαδίζοντος

1029 319 1100 350 ὄνου,
1120 318 1156 354 μὴ
1174 318 1260 345 ὒέλειν
1274 319 1422 345 ἐπιϐαίνειν
1438 320 1532 354 χαμαὶ,
1547 319 1602 345 ἀλλ’
1620 319 1665 345 ἐπὶ
1681 320 1815 354 ίματίωνς

1029 366 1120 392 Ταῦτα
1134 366 1161 392 δὲ
1180 366 1380 402 ὲκδιῃτημένων
1397 366 1455 392 ἐστὶ
1476 366 1522 392 καὶ
1549 365 1721 401 τρυφώντων.
1743 366 1816 400 ’Λρα

1029 413 1076 439 κα)⁸
1097 412 1198 448 Ἰησοῦς
1218 414 1305 448 τρυφῇ
1331 412 1483 447 ἐσχόλαζεν,
1505 413 1548 439 ἵνα
1574 412 1610 448 μὴ
1627 412 1741 447 βουληθῇ
1764 413 1816 438 ἐπ-

1028 459 1175 494 οχουμένου
1193 458 1273 485 αὐτοῦ
1293 459 1378 493 χαμαὶ
1392 460 1486 484 πατεῖν
1501 458 1549 493 τὴν
1567 458 1639 490 Ενον;
1654 458 1815 492 Ἀγαπητοὶ,

1028 505 1077 531 οὐκ
1086 504 1142 531 ἐστι
1151 504 1314 540 τρυφώντων
1322 505 1352 531 τὸ
1359 504 1528 530 διδασκάλων
1537 512 1543 518 ·
1556 503 1613 530 ἀλλ’
1622 504 1681 530 οὐδὲ
1688 504 1742 530 τῶν
1757 504 1816 530 πώ-

1029 551 1094 577 ποτέ
1114 560 1154 582 τις
1171 552 1185 577 ὁ
1201 551 1231 577 τὸ
1251 551 1330 586 ῥητὸν
1344 551 1422 577 τοῦτο
1437 551 1568 586 ποιήσας·
1583 551 1643 577 οὐδὲ
1660 550 1714 586 γὰρ
1724 552 1738 577 6
1751 551 1816 586 παρ’

1030 597 1141 632 Ἕλλησι
1167 596 1405 632 Ναϐουχοδονόσωρ
1430 596 1508 623 τοῦτο
1530 590 1695 632 πεποίηέενο
1719 598 1778 624 οὐδὲ
1801 599 1818 625 ὁ

1027 642 1120 668 τοῦτον
1132 641 1318 676 διαδεξάμενος
1329 641 1479 676 Βαλτάσαρ·
1496 641 1555 667 οὔτε
1573 642 1626 677 μὴν
1639 643 1653 668 6
1668 643 1752 678 μέγας
1767 644 1816 669 Σο-

1028 687 1129 722 λομὼν,
1146 688 1190 714 ὅτε
1207 685 1241 722 ἦν
1255 688 1283 713 ἐν
1303 689 1335 722 τῇ
1352 687 1474 723 βασιλείᾳ
1494 688 1585 714 αὐτοῦ.
1608 689 1816 724 Προειρήκαμεν

1028 735 1093 770 γὰρ,
1109 735 1149 760 ὅτι
1165 734 1325 767 ἐγίγνωσκε,
1339 733 1397 764 πῶς
1411 734 1545 768 χρήσηται
1561 733 1600 768 τῷ
1613 734 1728 769 πλούτῳ,
1755 735 1816 767 πῶς

1028 781 1123 807 πενίαν
1138 779 1246 815 ἐνέγκῃ,
1262 779 1308 806 καὶ
1325 779 1357 806 τὰ
1380 779 1452 814 ἑξῆς.
1473 779 1561 806 Αὐτοῦ
1573 780 1626 815 γάρ
1643 781 1715 806 ἐστιν
1732 780 1816 807 ἀκοῦ-

1030 835 1074 853 σαι
1088 826 1211 861 λέγοντος
1221 834 1227 840 ·
1244 834 1253 851 ι
1264 825 1358 861 Κύριε,
1371 826 1406 860 μή
1423 834 1467 860 μοι
1482 825 1535 860 δῷς
1546 826 1668 857 πλοῦτον,
1685 826 1752 861 μηδὲ
1764 835 1816 853 πε-

1027 871 1102 898 νίαν·
1123 870 1190 897 ἀλλὰ
1211 870 1343 905 μέτρησον
1368 879 1412 905 μοι
1427 870 1461 896 τὰ
1482 870 1576 898 δέοντα
1597 872 1642 898 καὶ
1657 872 1789 907 αὐτάρκη.
1802 881 1812 897 ι

1027 917 1126 951 Σοφίας
1141 916 1170 943 δὲ
1196 916 1294 951 μᾶλλον
1317 915 1491 951 ἐπεμελεῖτο·
1518 916 1558 943 διὸ
1580 917 1629 952 βοᾷ
1650 917 1696 943 καὶ
1724 917 1813 951 λέγει-

1030 973 1039 988 Ι
1055 963 1171 998 Εἱλὸμην
1192 962 1275 998 αὐτὴν
1292 962 1362 997 ἔχειν
1382 962 1442 988 ἀντὶ
1459 963 1571 997 χρυσίου
1591 963 1638 988 καὶ
1663 963 1813 998 ἀργυρίου-

1027 1010 1098 1045 ὑπὲρ
1112 1009 1204 1043 ὑγείαν
1224 1009 1270 1035 καὶ
1286 1008 1438 1044 εὐμορφίαν
1451 1009 1582 1043 ἠγάπησα
1599 1009 1693 1043 αὑτήν.
1705 1018 1713 1033 ι
1730 1007 1816 1034 Πόθεν

1026 1056 1054 1082 δὲ
1076 1055 1194 1082 τοσαῦτα
1213 1055 1307 1090 ἱμάτια
1323 1056 1378 1086 τοῖς
1394 1054 1538 1089 μαθηταῖς,
1566 1054 1635 1080 ὥστε
1647 1054 1700 1080 ἀπὸ
1724 1054 1814 1090 Βηθα-

1027 1103 1086 1134 νίας
1102 1102 1153 1134 ἓως
1170 1101 1277 1137 εἰσέλθῃ
1295 1101 1334 1133 είς
1353 1100 1526 1136 Ἰεροσόλυμα
1547 1099 1763 1136 ὑποστρωννύναι
1779 1101 1814 1136 τῇ

1027 1148 1080 1184 ὗνῳ
1094 1147 1238 1183 βαδιζούσῃ
1248 1156 1255 1180 ;

1063 1203 1090 1231 5.
1107 1204 1186 1230 Ἀλλὰ
1202 1203 1290 1230 νύττει
1313 1211 1346 1237 με
1361 1203 1375 1228 6
1387 1202 1464 1236 λόγος
1481 1202 1567 1228 ἐλθεῖν
1583 1201 1628 1228 ἐπὶ
1647 1201 1695 1237 τὴν
1707 1201 1817 1235 ἀναγω-

1027 1250 1090 1286 γὴν,
1114 1251 1160 1276 καὶ
1183 1249 1332 1284 ἐκζητῆσαι
1353 1248 1386 1275 τὰ
1404 1248 1568 1275 ἀποστολικὰ
1592 1247 1698 1282 ἱμάτια.
1716 1248 1816 1274 Ἐπαν-

1027 1297 1175 1330 αγάγωμεν
1187 1293 1233 1321 οὖν
1247 1294 1357 1325 ἑαυτοὺς
1365 1295 1397 1320 ὲκ
1411 1294 1461 1329 τῆς
1476 1295 1526 1329 γῆς
1538 1294 1713 1330 ὀλίγον.Φημὶ
1725 1294 1817 1320 τοίνυν

1028 1343 1062 1370 τὰ
1080 1341 1324 1378 ὑποστρωννύμενα
1345 1341 1438 1375 ἱμάτια
1456 1342 1489 1376 τῇ
1515 1341 1567 1376 ὄνῳ
1589 1341 1623 1367 τὰ
1645 1340 1727 1375 ἠθικά
1746 1338 1817 1366 εἶναι

1029 1388 1210 1423 παιδεύματα,
1220 1388 1370 1423 ῥιπτόμενα
1382 1388 1433 1414 ὑπὸ
1445 1388 1506 1418 τοὺς
1518 1387 1599 1415 πόδας
1615 1387 1713 1422 αὐτῆς⁵
1730 1387 1818 1413 ταῦτά

1028 1435 1086 1461 ἐστι
1100 1433 1144 1459 τό·
1163 1443 1171 1458 ι
1184 1433 1221 1459 06
1241 1433 1414 1468 πορνεύσεις’
1428 1432 1458 1458 οὑ
1473 1432 1626 1466 φονεύσεις·
1643 1432 1673 1458 οὐ
1690 1431 1814 1466 κλέψεις·

1029 1480 1059 1506 οὐ
1067 1479 1333 1514 ψευδομαρτυρήσεις
1341 1487 1348 1493 ·
1357 1479 1424 1513 τίμα
1433 1478 1477 1504 τὸν
1488 1477 1592 1512 πατέρα
1604 1486 1649 1504 σου
1661 1479 1706 1504 καὶ
1712 1478 1760 1512 τὴν
1767 1486 1818 1512 μη-

197 1521 382 1549 testimonium
411 1529 418 1547 ι
443 1520 547 1546 honora
576 1523 680 1553 patrem
706 1521 781 1544 tuum
809 1519 836 1543 et
864 1518 977 1542 matrem

1030 1526 1096 1562 τέρα
1105 1535 1161 1557 σου,
1168 1535 1176 1550 ι
1187 1526 1234 1552 καὶ
1241 1525 1275 1551 τὰ
1282 1525 1384 1555 τούτοις
1391 1525 1471 1560 ὃμοια
1479 1523 1703 1559 παραγγέλματα.
1710 1523 1817 1559 Μηκέτι

197 1572 271 1595 tuam
288 1569 322 1600 δ’,
339 1577 348 1593 ι
366 1572 392 1595 et
406 1567 449 1594 his
461 1566 560 1594 similia
577 1568 720 1601 pnecepta.
734 1563 773 1590 Ne
794 1563 884 1597 itaque
904 1561 978 1589 humi

197 1615 314 1642 ulterius
329 1614 486 1642 incedamus
503 1622 510 1640 :
526 1612 636 1648 quando
650 1612 728 1638 nobis
741 1611 813 1638 enim
829 1609 979 1644 apostolica

198 1662 337 1689 substrata
351 1664 416 1687 sunt
429 1659 600 1690 vestimenta,
614 1657 687 1684 humi
701 1656 826 1683 incedere
834 1663 887 1682 non
898 1655 980 1681 dehe-

198 1716 275 1740 tnus;
291 1712 320 1734 ut
339 1714 372 1734 ne
383 1706 479 1733 anima:
495 1709 595 1732 nostra),
609 1704 690 1738 pedes
706 1708 784 1731 teme
807 1703 916 1737 pulvere
938 1701 980 1728 in-

197 1754 353 1788 quinemus.
369 1751 446 1784 Quod
464 1751 487 1778 si
507 1751 568 1786 quis
582 1751 613 1777 ad
627 1750 677 1777 hoc
691 1757 741 1776 nos
756 1752 894 1784 provocet,
906 1747 979 1774 diea-

198 1807 258 1826 mus
274 1799 325 1833 ipsi
342 1807 349 1825 :
369 1807 377 1823 ι
394 1797 458 1824 Lari
471 1797 551 1832 pedes
574 1804 659 1828 meos,
676 1795 812 1830 quomodo
832 1793 979 1829 inquinabo

198 1846 260 1872 illos
274 1844 320 1870 ὀἳ
338 1853 347 1869 ι
366 1843 454 1878 Atque
466 1843 526 1870 ideo
541 1843 657 1869 fortasse
674 1843 744 1868 lavat
763 1840 842 1868 Jesus
856 1839 979 1873 disoipu—

198 1891 285 1917 lorum
299 1889 390 1924 pedes,
405 1894 444 1921 ut,
459 1896 491 1916 eo
501 1888 582 1923 380
595 1888 640 1922 qui
655 1892 717 1914 ante
733 1887 849 1914 lizereliat
864 1893 980 1913 excusso

197 1937 318 1972 pulvere,
332 1943 386 1962 non
399 1935 469 1962 ultra
485 1935 559 1961 humi
570 1934 750 1965 ambularent,
760 1941 809 1960 nec
819 1932 900 1968 pedes
915 1940 979 1960 suos

199 1987 278 2010 terrae
295 1982 405 2017 pulvere
426 1981 611 2016 inquinarent,
628 1980 674 2008 sed
695 1981 802 2016 purgati
827 1988 874 2014 per
899 1979 980 2007 resti-

197 2034 289 2056 menta
306 2028 471 2056 incederent.
490 2037 500 2054 ‹
519 2027 605 2061 Quam
619 2028 746 2062 speciosi,
761 2036 771 2053 ι
793 2027 864 2054 enim
880 2027 978 2062 inquit,

201 2085 211 2103 ι
231 2077 313 2112 pedes
333 2075 578 2111 evangelizantium
598 2081 693 2110 pacem
711 2074 744 2101 ⁵³.
766 2084 775 2100 ι
800 2074 980 2109 Aecingamus

198 2123 290 2158 itaque
315 2127 341 2150 et
370 2130 420 2150 nos
447 2121 552 2149 lumbos
567 2122 665 2149 mentis
691 2124 803 2152 nostrze,
826 2124 854 2147 et
881 2120 980 2147 calceis

199 2169 366 2203 subligemus
391 2167 472 2203 pedes
496 2167 524 2194 in
549 2167 746 2202 praeparatione
770 2166 906 2202 Evangelii
930 2175 979 2202 pa-

199 2215 279 2242 cis".
295 2213 414 2249 Contigit
429 2214 500 2241 enim
518 2221 568 2241 nos
585 2214 730 2248 aliquando
744 2214 771 2241 in
786 2217 858 2240 terra
872 2213 978 2246 tentari,

199 2267 261 2287 cum
281 2264 401 2295 tempore
419 2259 593 2294 captivitatis,
618 2260 717 2294 captivi
740 2260 813 2288 ducti
837 2268 931 2288 suntus
952 2260 981 2286 in

199 2309 300 2332 terram
328 2305 526 2332 Chaldaeorum.
553 2305 724 2340 Quapropter
746 2306 884 2341 ingemens
912 2313 982 2340 pro—

199 2352 280 2387 pheta
295 2351 403 2379 dicehat
420 2361 426 2378 :
445 2361 454 2377 ι
465 2350 583 2378 Delicata
597 2359 654 2379 mea
666 2352 813 2379 ambulavit
830 2353 886 2379 vias
901 2359 981 2387 aspe-

200 2405 244 2425 ras
260 2398 293 2424 ³³.
313 2407 322 2423 ι
341 2397 407 2424 Nam
422 2403 485 2424 ante
507 2397 652 2425 adventum
669 2398 788 2428 Domini,
813 2398 982 2432 experimen-

199 2447 256 2470 tum
272 2443 336 2470 fecit
351 2451 399 2478 pes
415 2442 538 2470 delicatae
552 2443 648 2470 anima:
660 2443 815 2470 ambulandi
831 2444 857 2470 in
869 2448 980 2476 terram,

200 2490 246 2516 ubi
262 2497 325 2516 vero
346 2489 379 2515 ad
395 2497 444 2516 nos
460 2489 534 2516 venit
552 2490 681 2517 Dominus
703 2495 795 2517 noster
809 2489 889 2518 Jesus
902 2490 982 2517 Chri-

201 2539 272 2566 stus,
293 2535 489 2570 prscdiealurus
509 2536 623 2570 captivis
649 2536 857 2563 remissionem:
875 2545 884 2561 ι
905 2536 981 2563 Tunc

201 2581 282 2608 mittit
301 2588 398 2615 aquam
419 2580 446 2607 in
463 2581 572 2615 pclvim,
595 2585 623 2608 et
643 2581 719 2616 ponit
734 2582 894 2609 vestimenta
920 2589 981 2614 sua,

200 2631 226 2654 et
241 2628 323 2654 linteo
336 2627 524 2661 circumcingit
544 2635 583 2658 se,
601 2632 628 2654 et
646 2627 718 2654 lavat
737 2627 818 2662 pedes
833 2627 982 2661 discipulo-

201 2681 271 2700 rum.
294 2672 441 2708 Postquam
465 2680 528 2700 vero
548 2673 612 2700 lavit
634 2673 716 2707 pedes
739 2680 844 2704 eorum,
861 2671 984 2700 induitur

237 2785 258 2800 "
277 2785 357 2813 Prov.
370 2794 433 2816 xxx,
452 2786 478 2818 8,

515 2785 539 2801 ⁸⁸
559 2784 623 2820 Sap.
644 2792 692 2815 vn.
707 2785 734 2814 9.
749 2785 791 2813 10.

200 2820 223 2853 ⁸ῗ
244 2820 340 2857 Ephes.
362 2829 398 2853 Vt.
421 2821 463 2848 14.

502 2821 524 2836 ⁵³
543 2821 658 2848 Baruch.
678 2828 714 2854 tv,
731 2821 774 2847 26.

830 2785 852 2801 δ’
861 2783 946 2812 Exod.
965 2793 1011 2819 xx,
1029 2785 1120 2813 ΙΞ-Π.

1029 1571 1076 1600 οὖν
1089 1573 1176 1608 χαμαὶ
1189 1572 1318 1607 πατῶμεν
1328 1580 1335 1586 ·
1354 1571 1467 1606 ἱματίων
1485 1571 1538 1606 γὰρ
1553 1572 1616 1606 ἡμῖν
1632 1569 1817 1596 ἀποπολικῶν

1030 1618 1253 1655 ὑπεστρωμένων,
1272 1618 1359 1653 χαμαὶ
1375 1619 1470 1644 πατεῖν
1486 1618 1535 1643 οὐκ
1549 1616 1706 1651 ὀφείλομεν,
1723 1616 1764 1642 ἵνα
1777 1615 1815 1650 μὴ

1029 1665 1091 1696 τοὺς
1107 1663 1189 1695 πόδας
1215 1663 1318 1690 ἑαυτῶν
1337 1663 1385 1698 τῆς
1407 1662 1496 1698 ᾁυχῆς
1519 1662 1675 1697 μολύνωμεν
1693 1661 1745 1688 ἀπὸ
1767 1661 1816 1687 τοῦ

1030 1709 1078 1746 χοῦ
1090 1710 1138 1745 τῆς
1152 1710 1212 1745 γῆς·
1230 1709 1298 1736 ἀλλὰ
1310 1709 1356 1736 καὶ
1370 1709 1416 1735 ἐάν
1428 1717 1469 1740 τις
1483 1709 1555 1743 ἡμᾶς
1572 1708 1618 1734 ἐπὶ
1633 1707 1718 1742 τούτῳ
1732 1715 1816 1742 προσ-

1030 1755 1187 1791 καλέσηται,
1203 1756 1322 1790 εἴπωμεν
1342 1754 1428 1788 αὐτῷ’
1458 1763 1466 1778 ι
1480 1753 1628 1788 Ἐνιιξάμην
1650 1754 1714 1784 τοὺς
1734 1753 1817 1785 πόδας

1031 1810 1093 1837 μου,
1125 1801 1183 1833 πῶς
1215 1800 1319 1836 μολυνῶ
1346 1799 1459 1831 αὐτούς
1477 1808 1487 1824 ι
1503 1798 1557 1825 Καὶ
1589 1798 1659 1833 τάχα
1679 1798 1723 1824 διὰ
1738 1798 1817 1825 τοῦτο

1030 1849 1118 1875 νίπτει
1134 1848 1235 1882 Ἰησοῦς
1251 1847 1304 1873 τῶν
1322 1845 1449 1882 μαθητῶν
1463 1845 1525 1877 τοὺς
1544 1845 1635 1874 πόδας,
1654 1845 1706 1876 ἵνα,
1729 1846 1818 1881 ἥνπερ

1031 1891 1102 1928 εἶχον
1114 1894 1243 1928 πρότερον
1260 1892 1333 1918 κόνιν
1347 1890 1538 1922 ἀποϐαλόντες,
1551 1891 1648 1926 μηκέτι
1666 1891 1752 1925 χαμαὶ
1767 1899 1819 1917 πα-

1029 1940 1108 1970 τῶσι,
1117 1939 1183 1974 μηδὲ
1196 1938 1342 1974 μολύνωσιν
1350 1937 1452 1964 ἑαυτῶν
1461 1937 1515 1963 ἀπὸ
1522 1936 1567 1962 τοῦ
1581 1937 1628 1972 χοῦ
1638 1936 1688 1970 τῆς
1696 1937 1745 1970 γῆς
1754 1937 1819 1968 τοὺς

1031 1986 1124 2017 πόδας,
1140 1985 1207 2012 ἀλλὰ
1228 1984 1342 2020 καθαροὶ
1363 1983 1500 2018 γενόμενοι
1514 1983 1560 2009 ἐπὶ
1576 1982 1689 2017 ἱματίων
1711 1982 1820 2008 ἐπιϐαί-

1031 2040 1121 2058 νωσιν.
1144 2040 1153 2056 ‹
1166 2031 1208 2062 Ὠς
1225 2031 1319 2066 ὡραῖοι
1334 2039 1342 2055 ι
1360 2029 1424 2065 γὰρ,
1440 2030 1532 2064 φησιν,
1549 2039 1557 2054 ι
1572 2030 1596 2055 οἱ
1613 2029 1691 2060 πόδες
1705 2028 1758 2055 τῶν
1771 2029 1819 2055 εὑ-

1031 2076 1247 2112 αγγελιζομένων
1271 2075 1411 2111 εἰρήνην.»
1448 2074 1666 2110 Περιζωσώμεϐα
1698 2072 1743 2100 οὖν
1771 2075 1819 2101 καὶ

1030 2125 1111 2159 ἡμεῖς
1128 2123 1177 2154 τὰς
1197 2123 1299 2157 ὀσφύας
1314 2123 1363 2157 τῆς
1376 2121 1494 2152 διανοίας
1513 2121 1600 2156 ἡμῶν,
1615 2120 1663 2147 καὶ
1679 2120 1820 2146 ὑποδυσώ·

1034 2169 1104 2205 μεθα
1126 2169 1188 2200 τοὺς
1203 2168 1285 2200 πόδας
1303 2168 1330 2193 ὲν
1358 2167 1499 2202 ἑτοιμασίᾳ
1517 2166 1564 2193 τοῦ
1583 2166 1747 2200 Εὑαγγελίου
1768 2166 1819 2201 τῆς

1033 2215 1152 2250 εἰρήνης.
1169 2213 1270 2248 Συνέϐη
1283 2214 1336 2249 γὰρ
1352 2213 1423 2248 ἡμᾶς
1439 2221 1502 2239 ποτε
1520 2213 1566 2238 ἐπὶ
1579 2213 1630 2248 γῆς
1645 2212 1817 2248 πειραθῆναι,

1032 2261 1076 2287 ὅτε
1091 2260 1162 2287 κατὰ
1179 2260 1223 2286 τὸν
1250 2260 1343 2295 καιρὸν
1356 2260 1403 2294 τῆς
1426 2258 1615 2294 αἰχμαλωσίας
1634 2258 1820 2293 ἐξηχμαλωτί-

1033 2306 1136 2341 σθημεν
1147 2307 1187 2337 εἰς
1199 2305 1248 2340 τὴν
1260 2305 1311 2340 γῆν
1326 2305 1379 2332 τῶν
1391 2304 1540 2331 Χαλδαίων.
1555 2304 1603 2330 Διὰ
1614 2303 1692 2330 τοῦτο
1706 2303 1758 2339 γὰρ
1771 2304 1820 2330 καὶ

1031 2354 1045 2378 6
1062 2353 1202 2388 προφήτης
1218 2351 1351 2383 στενάζων
1361 2351 1461 2385 ἔλεγεν·
1476 2360 1486 2376 ί
1510 2351 1542 2377 Ἡ
1553 2350 1674 2386 τρυφερά
1691 2359 1740 2385 μου
1755 2351 1820 2377 ἑπο-

1034 2398 1116 2434 ρεύθη
1131 2397 1206 2428 ὁδους
1223 2398 1361 2433 τραχείας.
1375 2407 1384 2423 ι
1397 2397 1452 2432 Πρὸ
1469 2397 1523 2432 γὰρ
1539 2397 1589 2431 τῆς
1609 2397 1759 2432 παρουσίας
1772 2397 1820 2423 τοῦ

1032 2444 1135 2479 Κυρίου
1150 2445 1245 2479 πεῖραν
1269 2443 1363 2469 ἔλαϐεν
1385 2444 1400 2469 ὁ
1421 2443 1488 2474 ποῦς
1505 2443 1554 2478 τῆς
1580 2443 1716 2479 τρυφερᾶς
1731 2442 1822 2478 ψυχῆς

1035 2489 1136 2524 βαίνειν
1154 2490 1200 2515 ἐπὶ
1226 2490 1274 2523 τῆς
1287 2489 1355 2524 γῆς·
1381 2489 1425 2515 ὅτε
1443 2488 1471 2514 δὲ
1495 2488 1666 2524 ἐπεδήμησεν
1687 2489 1701 2514 6
1718 2487 1822 2523 Κύριος

1035 2535 1112 2570 ἡμῶν
1133 2535 1235 2570 Ίησοῦς
1254 2536 1267 2562 6
1287 2534 1412 2570 Χριστὸς,
1434 2533 1549 2569 κηρύξαι
1565 2535 1621 2565 τοῖς
1638 2533 1822 2569 αἰχμαλώτοις

1034 2582 1128 2617 ἄφεσιν
1138 2591 1144 2596 ·
1157 2592 1164 2607 ι
1176 2582 1241 2609 Τότε
1253 2582 1347 2608 ἔϐαλεν
1361 2581 1432 2617 ὕδωρ
1448 2581 1486 2612 είς
1500 2581 1545 2607 τὸν
1558 2581 1686 2615 νιπτῆρα,
1694 2581 1740 2606 καὶ
1753 2581 1823 2606 ἀπο-

1034 2628 1136 2655 τίθεται
1154 2629 1188 2655 τὰ
1213 2629 1317 2664 ἱμάτια,
1343 2629 1389 2655 καὶ
1415 2627 1517 2654 λέντιον
1542 2626 1748 2662 περιζώννυται,
1773 2626 1823 2652 καὶ

1035 2673 1122 2700 νίπτει
1136 2674 1190 2700 τῶν
1214 2673 1342 2710 μαθητῶν
1357 2674 1420 2705 τοὺς
1433 2673 1528 2704 πόδας·
1545 2673 1592 2699 καὶ
1615 2671 1685 2707 μετὰ
1699 2672 1728 2698 τὸ
1745 2671 1823 2705 νίέαι

1158 2785 1181 2802 ⁸⁰
1201 2785 1279 2814 Cant.
1296 2794 1323 2819 v,
1345 2786 1371 2814 3.
1410 2786 1431 2802 "
1452 2785 1531 2814 Rom.
1552 2793 1578 2819 ι,
1597 2784 1646 2818 Ιες
1661 2783 1714 2812 lsi.
1728 2791 1775 2812 ιιι.
1791 2783 1819 2812 'l.
