1940 3067
96 155 170 185 ἱθίί

582 157 728 185 HOlIILIA
751 157 785 185 IN
806 157 908 185 ILLUD
929 165 936 184 :
954 167 963 184 ι
980 157 1105 189 EUNTE,
1124 167 1132 182 ι
1152 155 1228 184 E'I‘C.

1655 153 1725 182 £0.42

95 215 192 241 αὐτῶν
203 215 265 246 τοὺς
281 215 373 247 πόδας,
392 215 513 242 ἐνδύεται
528 216 581 250 (1οὶ
595 215 629 242 τὰ
647 217 741 250 ἱμάτια
764 216 860 243 αὑτοῦ·
878 227 886 242 ι

945 215 1110 243 vestimentis
1125 216 1184 243 suis
1198 215 1222 232 “
1237 225 1245 242 :
1267 225 1276 242 ι
1291 219 1373 251 atque
1396 215 1510 242 indutus
1526 213 1645 241 cmttavit
1662 219 1725 240 cum

95 261 150 287 καὶ
179 260 348 295 ἐνδεδυμένος
369 261 509 297 συνήσθιεν
535 262 636 294 αὐτοῖς.
651 264 731 289 Ὥστε
747 263 790 289 διὰ
811 262 888 289 τοῦτο

95 306 278 342 ὑπέστρωσαν
294 308 328 333 τὰ
342 307 436 343 ἱμάτια
451 308 540 334 αὐτῶν
552 309 576 334 οἱ
600 308 720 344 μαθηταὶ
733 309 762 335 ἐν
775 310 808 344 τῇ
825 309 887 344 ὁδῷ,

95 355 145 381 ἵνα
158 353 194 389 μὴ
209 354 255 380 ἐπὶ
273 354 325 388 γῆς
339 354 483 389 βαίνωμεν,
499 354 565 390 μηδὲ
583 355 628 381 ἐπὶ
640 355 678 390 τῷ
692 355 784 390 στήθει
798 355 844 381 καὶ
856 357 888 391 τῇ

95 400 190 435 κοιλία.
203 399 382 435 πορευώμεθα
394 409 400 416 ·
421 400 477 427 ἀλλ’
494 401 554 426 ἀντὶ
568 400 614 427 τοῦ
631 401 661 426 τὸ
687 401 785 436 στῆθος
810 401 890 436 ἡμῶν

95 447 147 473 ἐπὶ
161 447 210 482 τῆς
225 447 276 481 γῆς
285 447 519 479 ἐπανακλίνεσθαι,
529 448 710 481 ὲτιικλίνωμεν
722 449 745 483 (1
755 449 776 482 I)
790 448 889 482 μᾶλλον

95 493 186 527 αὐτῷ,
203 493 239 525 ὡς
253 493 390 528 Ἰωάννης,
413 494 460 519 ἐπὶ
475 494 505 520 τὸ
526 493 623 528 στῆθος
644 493 690 520 τοῦ
712 494 808 529 Ἰησοῦ.
830 494 890 520 Κᾶν

95 539 155 574 γὰρ
171 538 210 564 ἔτι
233 539 280 564 ἐπὶ
302 539 352 573 τῆς
371 538 422 574 γῆς
435 540 449 566 6
462 539 581 570 τοιοῦτος
602 539 740 576 διατρίϐῃ,
760 540 810 566 οὐκ
833 539 890 574 ἔχει

94 584 163 614 τοὺς
180 583 262 615 πόδας
276 584 441 619 συρομένους
460 585 505 611 επ).
522 585 571 619 τῆς
584 585 635 620 γῆς
645 594 651 599 ·
668 585 724 611 ἀλλ’
740 586 777 616 ὡς
790 587 803 612 ὁ
818 585 892 612 Παῦ-

95 628 156 660 λος,
172 629 220 655 ἐπὶ
234 628 285 663 γῆς
301 629 471 664 περιπατῶν,
488 630 516 655 ὲν
532 629 639 665 οὐρανῴ
652 630 802 664 πολίτευμα
823 629 888 664 ἔχει.

135 674 163 699 6.
179 683 189 699 ι
205 674 385 701 Ἐπεκὰθισαν
417 673 473 706 οὖν,
494 676 570 710 φησὶ,
588 675 634 701 τὸν
657 676 760 711 Ἰησοῦν
777 675 823 702 ἐπὶ
846 676 891 702 τὸν

99 719 200 745 πῶλον.
211 719 276 750 Kal,
292 720 474 754 πορευομένου
488 721 579 752 αὑτοῦ,
595 720 772 755 ὑπέστρωσαν
782 721 816 747 τὰ
830 722 892 757 ἱμᾶ-

96 774 147 792 τια
166 765 255 792 αὐτῶν
274 766 303 792 ὲν
317 768 348 801 τῇ
364 766 425 801 ὀδῷ.
441 767 472 793 Ol.
486 767 514 793 δὲ
529 767 602 802 ὄχλοι
619 768 643 793 οἰ
660 768 825 803 προάγοντες
842 768 891 794 αὺο

96 811 146 837 τὸν
159 811 206 837 καὶ
219 811 426 843 ἀκολουθοῦντες
440 811 563 847 ἔκραζον,
572 812 696 846 λέγοντες
705 821 711 827 ·
731 812 843 839 Ὡσαννὰ
854 812 892 846 τῷ

97 856 152 891 υἱῷ
168 857 248 883 Δαὸίὸ
258 865 264 871 ·
279 857 460 892 εὐλογημένος
478 858 492 882 ὁ
506 857 652 892 ἐρχόμενος
666 858 694 883 ἐν
709 858 819 893 ὀνόματι
837 859 892 884 Κυ-

99 901 172 937 ρίου.
188 911 197 927 ›
214 901 311 937 Θαῦμα
327 903 418 929 καινὸν
432 903 478 929 καὶ
493 902 650 938 παράδοξον,
666 901 892 938 ἀγαπητοί.’Λρα

97 947 156 981 γὰρ
170 946 270 982 πλῆθος
289 945 323 982 ἦν
340 947 468 982 μαθητῶν
483 949 552 982 μετὰ
566 948 612 974 τοῦ
628 948 725 984 Ἰησοῦ,
740 949 788 983 οὐχ
805 949 829 974 οἱ
840 949 891 975 δώ-

98 994 170 1020 δεκα
184 991 252 1028 ἦσαν
268 994 361 1029 μόνοις
379 995 434 1021 Kal
447 995 504 1026 πῶς
523 995 624 1030 πλῆθος
636 995 750 1022 ἐνταῦθα
767 995 893 1030 σημαίνει

97 1039 130 1065 τὺ
146 1039 328 1073 Εὑιγγέλιονς
357 1039 437 1067 Ἀλλὰ
450 1041 519 1074 τάχα
534 1041 581 1066 καὶ
602 1041 711 1074 ἄγγελοι
732 1040 805 1076 αὑτῷ
823 1050 892 1076 συμ-

99 1086 241 1120 παρῆσαν,
258 1085 305 1112 καὶ
319 1085 447 1120 δυνάμεις
465 1086 535 1112 θεῖαι
552 1086 625 1121 αὐτῷ
640 1087 818 1121 ὲμαθήτενον.
837 1087 893 1122 Πρὺ

99 1130 156 1165 γὰρ
170 1132 285 1167 Πέτρου,
301 1132 348 1158 καὶ
367 1132 502 1164 Ἰωάννου,
516 1133 628 1159 καὶτῶν
644 1133 754 1164 λοιπῶν,
774 1133 893 1168 Γαϐριὴλ

101 1177 178 1212 αὑτῴ
198 1178 394 1212 μαθητεύεταγ
415 1178 495 1210 αὐτὸς
515 1179 568 1214 γάρ
595 1179 668 1205 ἐστιν
693 1179 706 1204 6
730 1179 893 1211 ἀποσταλεὶς

102 1222 171 1258 πρὸς
190 1223 238 1258 τὴν
254 1224 286 1250 ὲκ
304 1224 458 1259 σπέρματος
470 1225 550 1251 Δαεὶδ
566 1225 806 1261 μεμνηστευμένην
822 1234 893 1261 παρ-

102 1268 180 1295 θένον
199 1270 317 1304 Μαρίαν.
337 1271 423 1302 Αὐτός
439 1271 512 1297 ἐστιν
526 1271 540 1296 6
559 1271 656 1305 λέγων,
673 1269 772 1306 «τΑρον
786 1271 816 1297 τὸ
831 1280 892 1298 παι-

101 1313 168 1346 δίον,
187 1315 233 1341 καὶ
250 1315 332 1349 φεῦγε
349 1317 389 1347 εἰς
409 1316 555 1351 Αἴγυπτον.
572 1326 580 1342 ι
598 1317 683 1347 Αὐτός
698 1317 771 1343 ἐστιν
787 1317 801 1342 6
818 1318 892 1352 εἰρη-

102 1359 175 1390 κώς·
196 1369 204 1385 t
218 1360 328 1396 Πνεῦμα
344 1361 421 1395 ἅγιον
441 1362 615 1388 ἐπελεύσεται
631 1362 676 1388 ἐπὶ
701 1363 740 1392 σὲ,
757 1363 803 1388 καὶ
816 1362 894 1389 δύνα-

105 1414 151 1440 μις
170 1406 296 1440 Ὑψίστου
319 1408 472 1434 ἐπισκιάσει
488 1417 537 1434 σοι.
550 1418 560 1433 ι
578 1409 663 1440 Αὐτός
681 1409 753 1434 ἐστιν
772 1409 786 1434 6
803 1409 848 1434 ml
865 1410 893 1434 ὲν

103 1450 143 1485 τῷ
158 1452 282 1486 μνημείῳ
295 1452 462 1484 ἀποκυλίσας
477 1453 522 1480 τὸν
537 1453 626 1480 λίθοιν
643 1453 721 1484 αὑτός
736 1454 809 1480 ἐστιν
821 1455 834 1480 6
847 1454 894 1480 καὶ

103 1498 163 1528 ταῖς
189 1498 310 1531 γυναιξὶν
338 1499 593 1535 εὐαγγελισάμενος,
618 1501 663 1527 καὶ
687 1500 786 1527 εἰπών·
813 1511 821 1526 ι
837 1501 894 1528 Οὐκ

102 1541 175 1568 ἔστιν
191 1539 252 1575 ὧδε,
267 1543 296 1569 ὃν
311 1543 429 1578 ζητεῖτε·
446 1545 546 1581 ἀνέστη
557 1547 588 1572 ὲκ
602 1546 655 1572 τῶν
672 1546 786 1581 νεκρῶν,
798 1546 892 1582 ὥσπερ

103 1589 208 1625 εἴρηκε.
219 1590 312 1622 Δεῦτε,
329 1592 421 1627 φησὶν,
435 1592 503 1618 ἴδετε
523 1593 568 1618 τὸν
588 1593 679 1622 τόπον,
707 1593 772 1619 ὅπου
788 1594 891 1620 ἔκειτο·

104 1635 160 1661 ἰδοὺ
177 1636 292 1670 προάγει
307 1637 378 1672 ὑμᾶς
393 1639 432 1669 είς
443 1637 493 1673 τὴν
505 1638 659 1670 Γαλιλαίαν,
672 1640 731 1665 ἐκεῖ
743 1640 821 1666 αὑτὸν
831 1639 894 1675 ὂψε-

104 1679 161 1706 σθε.
175 1690 184 1706 ι
202 1681 247 1707 Διὸ
272 1682 318 1708 καὶ
343 1684 357 1709 ὁ
373 1684 514 1719 προφήτης
533 1685 585 1719 πρὸ
603 1685 700 1711 πολλοῦ
719 1685 768 1721 βοᾷ
790 1686 892 1720 λέγων·

105 1734 116 1751 ι
134 1725 264 1753 Γαλιλαία
277 1728 331 1754 τῶν
348 1728 443 1761 ἐθνῶν,
468 1731 481 1756 6
505 1730 569 1761 λαὸς
591 1732 604 1757 6
620 1731 774 1766 καθήμενος
788 1733 816 1758 ἐν
831 1733 894 1759 σκό-

102 1779 155 1804 τει,
175 1770 229 1799 εἶδε
253 1773 311 1808 φῶς
337 1774 420 1809 μέγα.
433 1785 443 1800 ι
462 1775 516 1801 Kal
530 1775 640 1809 ἄγγελοι
657 1775 702 1803 οὖν
720 1777 794 1812 αὺτῷ
810 1778 895 1814 μαθη-

102 1817 242 1853 τευόμενοι
267 1819 428 1846 διακονοῦσι.
450 1829 459 1845 ι
475 1821 528 1847 Kal
555 1821 620 1854 ἰδοὺ,
647 1822 737 1856 φησὶν,
764 1823 788 1849 ol
813 1823 895 1857 ἅγγε-

103 1863 145 1890 λοι
160 1864 322 1900 προσῆλθον,
335 1865 381 1891 καὶ
390 1865 530 1900 διηκόνουν
540 1866 623 1902 αὐτῷ.
637 1877 647 1892 ›
664 1868 718 1894 Kal
735 1868 834 1900 πάντες
846 1871 896 1896 αὑ-

103 1909 143 1946 τῷ
165 1911 364 1946 μαθητεύοντες
382 1912 437 1947 (12)
454 1913 609 1949 χαίρουσιν·
629 1915 782 1950 (Ἤρξαντο
794 1925 803 1941 ι
826 1916 894 1952 γὰρ,

105 1958 197 1993 φησὶν,
217 1967 226 1983 ι
244 1959 316 1985 ἆπαν
339 1959 370 1985 τὸ
389 1959 490 1994 πλῆθος
513 1959 566 1987 τῶν
585 1960 713 1996 μαθητῶν
726 1961 831 1998 χαίρειν
845 1971 895 1997 χα-

107 2004 156 2040 ρὰν
170 2005 301 2041 μεγάλην.
314 2015 323 2031 ι

139 2051 166 2077 7.
184 2052 262 2085 Ζητῶ
279 2050 336 2084 οὖν,
351 2052 397 2078 ἐπὶ
413 2053 465 2079 τίνι
481 2053 620 2089 χαίρουσιν
634 2055 658 2081 οἱ
672 2055 791 2090 μαθηταὶ
807 2056 853 2082 καὶ
867 2056 894 2082 al

104 2095 174 2122 θεῖαι
185 2097 324 2132 δυνάμεις,
336 2099 384 2124 καὶ
400 2098 541 2134 χαίρουσιν
556 2099 693 2131 αἰνοῦντες
707 2101 752 2126 τὸν
762 2101 827 2127 Θεὸν
841 2110 896 2136 φω-

105 2143 135 2177 νῇ
156 2143 277 2179 μεγὰλῃ;
294 2141 368 2180 Ἀρα
386 2144 425 2170 ὅτι
449 2145 462 2171 ὁ
488 2145 589 2181 Κύριος
612 2146 658 2172 ἐπὶ
684 2145 761 2180 ψιλοῦ
785 2147 894 2182 ὀναρίου

105 2189 259 2224 ὲκαθέσθη;
282 2190 335 2216 Kal
351 2190 394 2216 διὰ
410 2190 488 2217 τοῦτο
507 2192 647 2227 χαίρουσιν
668 2193 692 2219 οἰ
716 2192 835 2228 μαθηταὶ
849 2193 896 2220 καὶ

105 2236 134 2262 αι
157 2235 227 2262 θεῖαι
251 2237 389 2272 δυνάμεις,
407 2238 447 2263 ὅτι
470 2238 484 2264 6
508 2238 610 2273 Κύριος
634 2239 681 2265 ἐπὶ
705 2239 815 2275 ὀναρὶου
841 2240 892 2266 ὲπ-
911 2254 932 2280 D

105 2283 217 2317 ωχεῖτο;
240 2282 288 2314 Τίς
313 2284 329 2318 ὴ
353 2283 471 2318 τοσαύτη
497 2284 693 2319 ἀπειροκαλία;
716 2284 778 2311 Ἐάν
792 2294 833 2316 τις
849 2286 895 2312 ἐπὶ

106 2325 164 2353 ὗνου
182 2326 311 2362 καθεσθῇ,
329 2329 416 2362 χαρᾶς
432 2327 505 2360 ἄξιόν
522 2329 596 2360 seu;
614 2329 669 2355 Kal
687 2329 733 2355 ἐπὶ
746 2329 834 2365 τούτῳ
852 2338 895 2361 τις

106 2372 207 2407 ὀφείλει
231 2373 345 2408 χαίρειν,
360 2374 406 2400 καὶ
429 2374 515 2400 ταῦτα
531 2375 556 2402 οἰ
573 2375 618 2400 τοῦ
634 2375 736 2410 Κυρίου
755 2375 893 2411 μαθηταῖς

113 2419 182 2453 Ἐγὼ
200 2419 250 2446 οὐκ
263 2417 338 2454 οἶμαι
352 2420 395 2446 διὰ
409 2420 487 2447 τοῦτο
505 2420 608 2456 χαίρειν
630 2421 692 2453 τοὺς
706 2421 829 2457 μαθητὰς
845 2422 892 2448 τοῦ

113 2463 213 2499 Ἰησοῦ-
231 2465 346 2500 μάλιστα
358 2466 404 2492 καὶ
416 2466 539 2500 ἀγγέλων
547 2467 637 2497 αὐτοῖς
649 2468 792 2499 συνόντων,
805 2467 896 2499 καθὼς

109 2511 272 2545 ὑπεθέμεθα.
291 2511 403 2538 Ἐκεῖνοι
423 2512 477 2547 γὰρ
496 2512 578 2543 ἴσασι,
600 2512 644 2539 διὰ
662 2514 726 2539 ποῖα
745 2513 896 2548 πράγματα

109 2556 239 2591 χαίρουσι.
264 2557 375 2589 Πάντως
393 2558 447 2593 γὰρ
463 2558 546 2593 ὁρῶσί
559 2567 631 2590 τινα,
658 2559 700 2593 ἐφ’
719 2556 759 2590 οἷς
773 2559 846 2590 ἄξιον
861 2557 895 2594 ἦν

108 2602 203 2633 αὐτοὺς
218 2602 335 2638 χαίρειν.
345 2603 465 2638 Πρόσχες
476 2603 539 2638 γὰρ,
552 2604 578 2629 τί
591 2612 656 2638 φησι
669 2604 698 2630 τὸ
714 2604 892 2638 Εὐαγγέλιον·

107 2646 147 2673 ὅτι
155 2646 263 2683 ἔχαιρον
277 2657 285 2672 ι
299 2648 345 2673 ἐπὶ
355 2647 458 2679 πασῶν,
469 2645 506 2674 ὧν
516 2645 596 2680 εἶδον,
607 2648 757 2684 δυνάμεων.
771 2658 781 2674 ι
792 2649 857 2680 Dia;
865 2649 893 2676 δὲ

142 2725 165 2740 ⁸⁸
194 2724 273 2751 Juan.
291 2733 355 2756 xm,
373 2725 400 2754 4,
420 2725 447 2755 5,
462 2725 504 2751 I2.

109 2760 135 2793 6,
153 2760 177 2787 7.
215 2760 238 2779 ⁸ο
259 2759 308 2787 Isa.
327 2768 371 2791 Ix,
392 2761 457 2789 με.

544 2726 566 2741 ⁸⁵
587 2725 682 2752 Matth.
699 2734 744 2753 xxr
756 2747 762 2755 .
779 2725 839 2752 7-9.

496 2761 519 2776 ⁵ο
540 2761 633 2788 Matth.
655 2770 691 2793 Iv,
712 2762 753 2788 ll.

143 2839 197 2870 (10'
217 2837 272 2873 Reg
296 2837 490 2864 ὲνδιὸὑσχεται.

144 2875 166 2907 (ι
174 2874 197 2908 ί)
214 2873 278 2908 Reg.
295 2873 528 2907 ὲπανακλίνωμεν.

892 2727 916 2742 ⁸⁸
936 2726 1030 2753 Matth.
1050 2734 1088 2753 11.
1108 2727 1150 2752 1'5.

792 2763 812 2777 “
835 2761 902 2790 Luc.
920 2770 982 2793 XIX,
999 2762 1043 2789 57.

939 261 1004 288 illis.
1023 261 1083 288 Ideo
1098 268 1163 296 ergo
1182 261 1309 296 discipuli
1331 261 1540 288 substraverunt
1564 258 1726 286 vcslimenta

940 315 989 334 sua
1004 307 1031 334 in
1044 307 1096 339 via,
1111 315 1145 334 ne
1157 308 1184 335 in
1201 313 1272 334 terra
1285 307 1402 342 amplius
1416 305 1587 336 incedamus,
1599 311 1668 331 neve
1678 311 1726 332 su-

939 361 987 387 pra
999 357 1092 388 pectus
1105 358 1151 380 aut
1163 357 1284 380 ventrem
1295 353 1467 388 gradiamur;
1482 354 1529 379 sed
1542 351 1632 386 potius
1644 358 1726 386 quam

940 407 1023 434 supra
1037 404 1135 426 terram
1149 405 1244 434 pectus
1260 404 1384 426 nostrum
1397 399 1572 429 reclinemus,
1585 404 1667 432 supra
1683 404 1727 431 pe-

940 449 1001 471 ctus
1009 443 1084 475 Jesu,
1097 445 1324 479 quemadmodum
1334 444 1463 474 Joannes.
1474 444 1638 471 reclinemus
1647 442 1725 468 illud.

940 489 1007 516 Nam
1019 491 1064 525 qui
1076 491 1141 518 talis
1153 495 1206 522 est,
1220 492 1327 518 etiamsi
1340 491 1366 518 in
1382 495 1454 517 terra
1466 494 1600 522 versetur,
1613 498 1666 516 non
1681 489 1728 516 ha-

942 536 987 564 bet
1003 540 1093 563 tamen
1109 537 1192 572 pedes
1205 537 1231 564 in
1241 542 1313 564 terra
1326 542 1482 569 versantes;
1495 537 1542 563 sed
1558 536 1639 563 sicuti
1654 535 1727 563 Pau-

942 583 995 614 lus,
1012 582 1076 609 dum
1091 583 1118 610 in
1135 586 1206 610 terra
1219 583 1350 616 ambulat,
1362 582 1598 610 conversationem
1612 589 1689 609 suam
1699 582 1728 609 in

941 629 1018 656 caelis
1032 629 1121 655 habet.

977 676 1004 702 6.
1024 685 1032 701 ι
1053 675 1242 710 ltnpt-sucrunt
1265 683 1340 710 ergo,
1362 684 1371 700 ι
1389 675 1488 710 inquit,
1505 684 1514 700 ‹
1535 674 1628 702 Jesum
1647 682 1730 710 super

942 721 1055 756 pullum.
1073 721 1262 749 Euntevautem
1279 722 1324 748 illo
1341 721 1552 748 substernebant
1569 722 1731 748 vestimenta

942 772 992 791 sua
1008 764 1034 790 in
1053 765 1106 791 via.
1118 763 1218 791 Turbze
1233 769 1322 791 autem
1339 772 1400 799 qua:
1414 764 1613 799 pt'wcedebant,
1626 768 1653 791 et
1669 772 1730 799 quae

943 811 1136 844 sequebantur,
1148 810 1301 837 clamabant
1311 810 1433 837 dicentes
1447 819 1453 837 :
1468 809 1596 837 Ilosanna
1611 809 1666 836 lilio
1679 809 1731 836 Da-

943 856 999 886 vid,
1025 855 1184 883 benedictus
1200 856 1245 890 qui
1268 855 1342 882 venit
1358 856 1384 882 in
1402 856 1513 883 nomine
1534 854 1642 882 Domini
1662 855 1695 881 ".
1719 863 1729 880 ι

907 898 928 924 Β
942 902 1101 928 Miraculum
1127 910 1227 928 novum
1242 906 1270 928 et
1285 902 1459 936 stupendum,
1476 902 1579 929 dilecti.
1603 901 1731 936 Nunquid

943 947 1140 981 discipulorum
1155 946 1300 973 multitudo
1313 954 1374 973 cum
1390 945 1456 974 Jesu
1469 946 1545 973 erat?
1560 954 1652 974 nonne
1666 947 1733 974 duo-

943 992 1031 1019 decim
1049 991 1101 1018 soli
1126 991 1220 1018 erant?
1237 991 1338 1026 Ecquid
1366 999 1432 1026 ergo
1460 992 1662 1020 multitudinem
1685 992 1731 1019 hic

944 1038 1046 1064 iudicat
1064 1037 1260 1072 Evangelium?
1287 1037 1340 1065 Sed
1366 1037 1493 1065 fortassis
1510 1038 1598 1073 angeli
1622 1046 1732 1073 quoque

944 1083 1057 1110 aderant
1073 1083 1122 1115 illi,
1138 1091 1169 1110 ac
1184 1083 1283 1111 divinae
1295 1084 1411 1111 virtutes
1424 1091 1473 1119 pro
1487 1084 1631 1119 discipulis
1642 1089 1730 1113 erant.

945 1130 1011 1156 Nam
1034 1134 1096 1157 ante
1120 1129 1242 1161 Petrum,
1259 1129 1392 1157 Joannem
1416 1138 1448 1157 ac
1467 1131 1597 1165 reliquos,
1622 1129 1731 1157 Gabriel

945 1177 1032 1212 ipsius
1047 1181 1090 1204 est
1102 1176 1254 1208 discipulus
1272 1186 1278 1203 :
1303 1177 1361 1212 ipse
1384 1184 1501 1211 namque
1523 1177 1623 1204 missus
1639 1180 1680 1204 est
1696 1176 1732 1203 ad

945 1223 1057 1249 Mariam
1082 1223 1213 1258 virginem
1235 1231 1268 1250 ex
1287 1223 1391 1250 semine
1413 1222 1497 1249 David
1511 1242 1518 1254 ,
1540 1223 1733 1257 desponsatam

946 1269 1013 1296 viro.
1028 1269 1087 1304 Ipse
1105 1274 1147 1296 est
1162 1270 1210 1304 qui
1224 1269 1260 1296 ait
1276 1279 1282 1296 :
1299 1278 1308 1294 ι
1324 1269 1424 1304 Accipe
1449 1277 1562 1304 puerum
1576 1273 1603 1296 et
1621 1269 1684 1304 fuge
1703 1269 1732 1296 in

945 1313 1092 1350 Egyptum
1106 1315 1139 1340 ".
1165 1324 1174 1340 ι
1195 1314 1253 1350 Ipse
1269 1318 1311 1342 est
1325 1316 1370 1350 qui
1386 1315 1455 1342 dixit
1477 1325 1484 1342 :
1503 1325 1512 1340 ‹
1529 1315 1648 1350 Spiritus
1668 1322 1732 1343 san«

946 1365 1006 1388 ctus
1021 1361 1193 1396 superveniet
1207 1361 1234 1387 in
1248 1365 1285 1393 te,
1296 1366 1322 1388 et
1334 1361 1420 1388 virtus
1435 1361 1569 1388 Altissimi
1579 1361 1734 1397 lobumbra-

946 1408 985 1435 bit
1002 1409 1050 1435 tibi
1067 1408 1100 1436 ".
1120 1418 1130 1434 ›
1150 1408 1208 1442 Ipse
1222 1412 1264 1435 est
1288 1408 1336 1443 qui
1362 1407 1477 1442 lapidem
1503 1407 1531 1434 in
1557 1411 1734 1434 montttncnlo

945 1455 1108 1482 revolvehat.
1136 1454 1196 1489 Ipse
1221 1459 1262 1481 est
1287 1455 1333 1488 qui
1359 1453 1522 1481 mulieribus
1551 1453 1733 1480 annuntiabat

944 1501 1057 1528 dicens:
1078 1509 1086 1526 t
1111 1500 1170 1527 Non
1186 1505 1228 1528 est
1245 1500 1288 1526 hic
1303 1507 1384 1534 quem
1408 1499 1530 1534 qumritis
1556 1508 1563 1526 :
1583 1499 1701 1526 surrexit
1718 1506 1733 1526 α

946 1547 1072 1579 mortuis,
1092 1546 1164 1574 sicut
1185 1546 1262 1574 dixit.
1283 1545 1386 1575 Venite.
1407 1546 1504 1580 inquit,
1520 1545 1609 1573 videte
1631 1546 1732 1576 locum,

946 1592 991 1619 ubi
1004 1592 1108 1627 positus
1121 1595 1190 1619 erat.
1202 1591 1271 1619 Ecce
1285 1591 1418 1626 praecedet
1431 1599 1479 1619 vos
1491 1592 1518 1619 in
1530 1591 1678 1624 Galilaeam,
1695 1592 1732 1620 ibi

945 1646 1006 1665 eum
1021 1638 1148 1665 videbitis
1166 1639 1198 1665 ⁸⁸.
1217 1647 1226 1664 ›
1251 1637 1341 1671 Quare
1357 1638 1404 1665 diu
1422 1642 1501 1665 antea
1525 1638 1656 1673 propheta
1675 1638 1733 1665 cla-

945 1688 1066 1710 mavcrat
1085 1693 1091 1711 :
1112 1693 1120 1708 ι
1141 1683 1250 1711 Galil:ea
1267 1683 1398 1718 gentium,
1417 1685 1534 1719 populus
1557 1684 1602 1718 qui
1622 1684 1734 1711 sedebat

946 1731 972 1756 in
986 1730 1116 1761 tenebris,
1132 1731 1199 1757 vidit
1214 1731 1300 1758 lucem
1319 1739 1444 1767 magnam
1465 1731 1497 1758 ".
1517 1741 1526 1757 ι
1550 1730 1620 1766 Ergo
1638 1735 1665 1758 et
1684 1738 1734 1758 an—

946 1776 998 1810 geli
1024 1780 1054 1803 ut
1086 1776 1213 1811 discipuli
1237 1778 1262 1805 ei
1290 1778 1456 1805 ministrant.
1480 1786 1489 1803 (
1516 1777 1548 1804 Et
1571 1784 1644 1809 ecce,
1684 1778 1732 1809 ait,

945 1822 1032 1857 angeli
1063 1827 1254 1854 accesserunt,
1271 1827 1298 1850 et
1314 1823 1507 1851 ministrabant
1531 1823 1556 1851 ei
1572 1823 1594 1838 ‘°
1609 1832 1615 1850 ε
1637 1833 1646 1849 ι
1660 1823 1734 1850 Gau-

945 1867 1064 1902 dentque
1089 1876 1185 1896 omnes
1207 1869 1254 1903 qui
1276 1877 1290 1896 e
1314 1870 1510 1904 discipulorum
1539 1869 1599 1904 ejus
1618 1876 1733 1896 numero

946 1917 1020 1941 sunt.
1050 1913 1117 1940 Nam
1134 1923 1143 1940 ε
1165 1920 1323 1950 εωρετιιηι,
1352 1916 1409 1947 ait,
1432 1916 1520 1944 omnis
1547 1916 1626 1943 turba
1650 1915 1734 1943 disci-

947 1961 1072 1996 pulorum
1088 1961 1206 1996 gaudere
1218 1962 1317 1996 gaudio
1328 1970 1427 1998 magno
1440 1963 1473 1990 “.
1495 1972 1505 1989 ι

982 2051 1006 2078 7.
1022 2051 1120 2084 Ωυωῑο
1136 2052 1237 2088 itaque,
1257 2053 1322 2088 quid
1340 2061 1431 2081 causa:
1448 2057 1490 2081 est
1514 2054 1586 2089 quod
1604 2053 1731 2089 discipuli

945 2103 972 2126 et
985 2098 1084 2126 divinae
1099 2099 1214 2126 virtutes
1237 2099 1384 2135 gaudeant,
1410 2100 1464 2127 imo
1484 2101 1619 2135 gaudeant
1635 2108 1732 2135 magna

945 2151 1012 2171 voce
1033 2143 1118 2171 Deum
1134 2144 1296 2172 laudantes?
1311 2144 1379 2171 Num
1395 2144 1457 2172 ideo
1470 2145 1590 2179 gaudent
1603 2145 1732 2179 discipuli

946 2199 977 2218 ac
991 2191 1090 2218 divinae
1105 2192 1230 2222 virtutes,
1246 2191 1318 2226 quod
1333 2191 1465 2218 Dominus
1479 2191 1523 2218 vili
1545 2191 1630 2218 asello
1652 2192 1734 2218 veha-

947 2235 1008 2262 tur?
1021 2244 1080 2270 quae
1093 2239 1168 2262 tanta
1182 2236 1338 2270 imperitia?
1352 2235 1393 2263 An
1407 2236 1506 2271 gaudio
1526 2236 1637 2271 dignum
1654 2241 1696 2264 est
1709 2237 1732 2264 si

948 2282 1010 2316 quis
1025 2282 1108 2309 asello
1128 2282 1262 2309 vehatur?
1275 2282 1315 2308 An
1333 2282 1394 2309 ideo
1409 2282 1564 2314 laetandum,
1577 2287 1605 2310 et
1621 2283 1731 2318 quidem

948 2326 1054 2353 Domini
1070 2327 1230 2361 discipulis?
1247 2326 1307 2353 Non
1332 2327 1449 2362 putarim
1471 2334 1521 2361 ego
1541 2327 1601 2353 ideo
1614 2327 1733 2362 gaudere

947 2372 1098 2407 discipulos
1122 2371 1198 2404 Jesu,
1226 2373 1343 2400 maxime
1367 2373 1547 2408 prasentibus
1575 2372 1687 2407 angelis,
1703 2375 1732 2399 ut

948 2418 1169 2445 memoravimus.
1200 2417 1240 2445 Illi
1267 2426 1385 2454 namque
1402 2418 1494 2446 sciunt
1514 2426 1566 2453 qua
1591 2418 1624 2445 de
1647 2425 1731 2446 causa

947 2464 1081 2498 gaudeant
1097 2471 1105 2489 :
1129 2471 1236 2498 semper
1251 2465 1322 2490 enim
1342 2464 1472 2491 nonnulla
1489 2463 1592 2493 vident.
1614 2471 1730 2498 quorum

945 2517 1028 2537 causa
1049 2509 1167 2544 gaudere
1188 2510 1249 2537 illos
1265 2510 1401 2537 convenit.
1419 2509 1535 2538 Attende
1560 2510 1643 2541 enim,
1664 2510 1729 2545 quid

946 2555 1018 2582 dicat
1031 2556 1206 2591 Evangelium
1221 2565 1227 2583 :
1243 2556 1352 2591 gavisos
1365 2564 1412 2583 eos
1429 2557 1524 2590 fuisse,
1544 2565 1553 2581 ι
1570 2563 1653 2591 super
1671 2564 1731 2582 om-

945 2603 1025 2629 nibus
1044 2610 1113 2637 quas
1140 2602 1263 2629 viderant
1278 2602 1426 2630 virtutibus
1449 2602 1481 2629 ".
1502 2612 1511 2628 I
1541 2602 1615 2635 Quas
1638 2606 1728 2628 autem

945 2650 1059 2676 virtutes
1071 2649 1201 2676 videbant:
1214 2649 1352 2683 discipuli,
1366 2656 1427 2676 eum
1443 2648 1575 2676 Dominus
1589 2648 1672 2675 asinm
1685 2647 1729 2674 in-

1203 2727 1225 2742 ¹⁷
1246 2725 1312 2753 Luc.
1333 2734 1358 2758 ι,
1375 2726 1420 2753 56.
1472 2726 1494 2742 ⁵⁸
1513 2725 1608 2752 Matth.
1626 2732 1728 2758 xxvm,

1082 2762 1104 2778 ⁸·
1123 2762 1188 2789 ibid.

983 2837 1038 2872 (I2)
1057 2837 1104 2866 Sic
1120 2837 1185 2874 Reg.
1200 2837 1269 2865 Editi
1286 2845 1360 2870 vero,
1375 2837 1570 2870 διακονοῦντες.
