1940 3067
209 107 219 133 l
226 106 276 135 04⁸1

784 108 812 135 S.
831 108 1061 138 ATHANASIUS.
1076 123 1111 129 —
1130 108 1268 136 SPURIA.

1753 102 1837 130 1048

209 171 304 200 perum
319 164 501 191 recordemur.
515 164 553 190 lta
566 165 637 192 enim
652 165 785 197 viventes,
804 166 987 193 hseredilatem

1046 165 1087 201 τὴν
1107 166 1329 201 προτιμήσωμεν,
1344 164 1489 200 ἀγαπητοὶ,
1505 163 1624 194 καὶτοὺς
1640 161 1709 196 ὑπὲρ
1720 160 1838 194 ταύτης

209 211 284 245 regni
302 211 431 237 caelorum
456 217 663 245 consequemur,
690 211 716 237 in
734 210 842 239 Christo
855 212 919 240 Jcsu
934 213 986 239 Do-

209 255 284 284 mino
301 260 406 288 nostro,
418 256 461 284 cui
475 256 559 291 gloria
574 260 601 284 et
615 257 757 292 imperium
773 259 799 284 in
816 259 914 286 saecula
934 266 986 286 83‘:-

209 301 342 328 culorum.
359 303 455 328 Amen.

1039 212 1136 243 πόνους
1154 211 1284 243 ἑκουσίως
1302 210 1502 246 ἀσπασώμεθα·
1520 208 1680 245 ἐγκράτειαν
1694 207 1837 241 ἀσκήσω-

1041 265 1108 292 μεν·
1131 257 1186 284 τῶν
1206 257 1319 291 πτωχῶν
1346 256 1584 292 μνημονεύσωμεν,
1610 253 1686 280 Οὕτω
1707 253 1764 287 γὰρ
1788 251 1838 278 δι-

1041 303 1163 337 άγοντες,
1180 304 1226 329 καὶ
1243 303 1377 338 βασιλείαν
1393 302 1514 337 οὐρανῶν
1540 299 1779 336 κληρονομήσομεν
1800 297 1836 324 ἐν

209 348 318 384 Χριστῷ
337 347 422 383 Ἰησοῦ
437 347 475 383 τῷ
490 347 583 384 Κυρίῳ
596 348 683 384 ἡμῶν,
692 345 808 384 ᾦήδόξα
821 350 867 377 καὶ
876 349 905 376 τὸ
919 350 1016 386 κράτος
1032 351 1072 381 εἰς
1085 350 1148 381 τοὺς
1160 350 1260 381 αἰῶνας
1275 350 1330 376 τῶν
1343 349 1455 376 αἰώνων.
1479 348 1575 384 ’Λμήν.

675 517 709 545 ιΝ
737 517 944 552 SEQUENTE.“
974 519 1142 547 llOMlLlAM
1169 519 1366 548 ADMONITIO.

247 596 323 624 Hanc
341 601 417 632 putat
441 597 594 625 IIolstenius
616 597 756 624 Athanasii
779 606 845 631 esse,
870 599 896 625 in
912 607 992 634 eaque
1014 607 1041 626 se
1066 599 1243 627 Atlmnasiani
1261 599 1324 635 styli
1344 604 1431 631 notas,
1451 599 1560 631 scilicet,
1577 598 1606 625 τὸ
1621 598 1703 634 δριμὺ
1727 599 1777 624 καὶ
1800 598 1836 625 τὸ

210 644 365 680 ἀπέριττον,
382 653 398 671 a
414 644 511 671 Pltotio
525 645 675 671 observatas
692 645 803 679 reperire
815 645 972 672 arbitratur.
990 645 1024 672 At
1039 646 1123 677 nobis.
1140 647 1177 672 ita
1194 647 1297 673 variant
1317 647 1461 680 opiniones,
1478 649 1573 680 pra’ter
1588 653 1680 672 nomen
1701 644 1770 670 nihil
1788 645 1836 671 hic

211 691 312 718 videtur
325 692 547 720 Athanasianum.
571 692 642 720 Licet
656 694 724 720 enim
741 701 791 720 non
809 694 941 728 inelegans
955 695 990 721 sit
1004 693 1058 720 lucc
1080 694 1200 728 homilia,
1222 699 1249 721 at
1268 695 1374 722 minime
1391 694 1470 729 refert
1490 694 1565 720 illam
1581 692 1721 719 Athanasii
1741 692 1837 726 grati-

212 743 303 770 tatem,
322 745 346 765 el
362 740 477 765 natit-am
497 739 680 773 eloquentiam.
703 739 762 766 Iino
774 747 832 766 vero
849 740 967 774 fucatam
979 744 1018 767 est
1031 741 1161 767 orationis
1176 749 1267 776 genus,
1283 741 1326 767 cui
1340 741 1419 768 etiam
1435 739 1553 767 nonnihil
1570 738 1700 766 interdum
1715 738 1784 764 salis
1801 745 1837 763 ac

208 781 302 816 jndicii
318 782 404 810 deesse
420 783 591 818 deprehendet
607 789 699 811 acutus
716 784 806 811 lector.

1008 843 1044 850 _.

748 885 817 912 ΤΟΥ
836 886 880 912 EN
896 885 1006 913 ΑΓΙΟΙΣ
1025 885 1160 912 ΠΑΤΡΟΣ
1181 885 1279 912 ΠΜΩΝ

856 957 1172 1002 ΑΘΑΝΑΣΙΟΥ

326 1047 390 1074 ΕΙΣ
421 1047 492 1075 ΤΗΝ
516 1031 628 1075 ᾸΓΙΔΝ
651 1047 825 1076 ΠΕΜΠΊῊΝ
841 1049 920 1078 ςιςΑι
951 1048 1015 1074 ΕΙΣ
1051 1049 1121 1076 ΊΗΝ
1137 1050 1338 1077 ΠΡΟΔΟΣΙΑΝ
1357 1050 1427 1077 ΤΟΥ
1440 1050 1550 1078 ιοΥΔΑ
1569 1049 1695 1076 ΛΟΓΟΣ.

1003 1132 1037 1140 ν-

719 1181 766 1224 S.
805 1182 858 1224 P.
897 1182 955 1225 N.
994 1183 1314 1227 ATHANASII

385 1261 512 1291 SERHO
547 1263 592 1290 IN
618 1263 790 1292 SANCTAM
819 1265 993 1299 QUINTAH
1023 1267 1166 1295 FERIAM
1187 1267 1233 1294 ET
1250 1265 1514 1295 PRODITIONEH
1534 1264 1649 1293 JUDzE.

247 1379 273 1406 Ι.
304 1378 455 1408 Salvatoris
480 1380 567 1408 nostri
583 1381 687 1416 passio,
711 1381 865 1409 Judaeorum
890 1383 989 1416 luctus,

1078 1384 1103 1411 1.
1121 1382 1172 1409 Τοῦ
1184 1382 1309 1417 Σωτῆρος
1322 1380 1355 1407 τὰ
1371 1379 1454 1415 πάθη,
1464 1379 1560 1410 πένθος
1578 1375 1774 1413 μὲνἸουδαίων.
1786 1376 1832 1402 εὖ·

212 1425 339 1453 Ecclesia:
355 1425 446 1452 Iustitia
459 1430 501 1453 est
520 1436 526 1454 :
541 1427 596 1454 illis
614 1427 715 1462 quippe
729 1428 924 1460 calamitatem.
941 1437 990 1456 no~

211 1471 255 1498 bis
269 1471 396 1506 gaudium
411 1472 516 1506 peperit
529 1481 536 1505 ;
563 1473 624 1501 illos
639 1478 726 1500 morte
749 1474 898 1506 damnavit,
915 1475 993 1503 nobis

212 1518 271 1545 dies
284 1517 367 1545 festos
381 1519 496 1553 paravit.
513 1518 599 1547 Hodie
611 1519 731 1547 Iudaicae
746 1520 928 1555 improbitatis
942 1526 995 1548 ter-

212 1563 303 1591 minus
319 1568 474 1598 compertus
489 1569 542 1597 est,
555 1572 587 1591 ac
600 1564 746 1592 Dominicae
760 1566 944 1593 beneﬁcentia:
957 1566 995 1593 lu-

212 1616 301 1637 cernae
319 1616 440 1637 accensa:
456 1614 528 1638 sunt.
545 1609 632 1638 Hodie
650 1611 677 1637 in
693 1611 792 1645 angulo
816 1619 893 1638 coena
915 1619 995 1647 para-

211 1658 266 1686 tur.
285 1658 312 1682 et
337 1656 465 1683 universo
486 1656 547 1683 orbi
567 1663 660 1684 mensa
681 1656 836 1684 instruitur.
856 1656 919 1684 [hec
933 1657 994 1685 dies

212 1701 334 1729 caelestis
349 1701 401 1728 cibi
422 1702 524 1737 spicam
539 1702 682 1737 pullulavit
709 1711 716 1729 :
737 1703 816 1730 hodie
830 1703 933 1738 lignum
949 1711 996 1730 vo-

212 1747 325 1781 luptatis
349 1747 418 1774 citra
444 1748 594 1781 periculum
615 1748 697 1775 homo
718 1752 870 1775 contrectat
889 1758 896 1776 :
915 1748 995 1775 hodie

212 1792 406 1828 mysteriorum
418 1792 564 1820 thesaurus
577 1797 715 1820 reseratur
730 1802 737 1821 :
753 1793 832 1821 hodie
845 1801 908 1821 esca
921 1802 996 1829 para-

212 1842 258 1866 tur
270 1839 410 1873 apostolis,
427 1839 602 1867 beatitudinis
613 1847 709 1874 nempe
724 1840 804 1875 panis
820 1849 826 1867 :
843 1841 924 1867 hodie
939 1841 997 1875 spi-

212 1883 321 1911 ritualis
347 1884 465 1911 convivii
481 1885 619 1919 perceptio
637 1885 744 1912 initium
770 1886 875 1920 accepit
891 1895 897 1912 :
915 1885 996 1914 hodie

213 1930 313 1958 dicitur
327 1930 410 1957 illud:
423 1940 432 1956 ‹
444 1930 574 1966 Accipite,
589 1930 761 1963 manducate,
776 1931 827 1959 hoc
839 1936 880 1960 est
894 1940 996 1967 corpus

213 1983 304 2002 meum
325 1976 358 2002 '”.
379 1985 388 2002 ι
409 1975 524 2003 Crucem
541 1983 710 2011 prmoccupo,
728 1977 867 2011 portiones
892 1978 995 2010 divido.

213 2019 294 2054 383
305 2019 487 2047 venditionem
499 2024 571 2047 tuam
585 2024 735 2054 anteverto,
747 2028 763 2048 ο
772 2020 852 2055 Juda,
865 2021 996 2050 eﬂ'usione

213 2065 365 2099 sanguinis,
384 2069 506 2101 quem-tu
516 2065 634 2093 vendere
645 2074 725 2101 paras
741 2076 747 2094 :
764 2071 789 2094 te
802 2075 996 2103 prmoccupans

213 2111 299 2146 gratis
314 2111 465 2146 distrihuo;
482 2119 570 2139 meum
582 2113 691 2147 quippe,
706 2120 722 2139 0
732 2112 810 2144 Juda,
823 2120 923 2148 corpus
933 2117 976 2141 est
988 2124 995 2141 ε

214 2159 291 2182 tuum
307 2160 397 2184 autem
411 2162 452 2185 est
465 2158 559 2185 osculo
571 2158 660 2192 ipsum
679 2158 796 2186 vendere
819 2167 827 2186 :
850 2167 939 2186 meum
955 2164 997 2188 est

215 2209 284 2236 opus
296 2202 410 2230 salutem
420 2210 468 2238 per
479 2204 638 2239 sanguinem
652 2203 764 2238 aﬂ‘erre;
779 2208 854 2231 tuum
866 2209 906 2232 est
917 2213 996 2241 opus,

216 2248 357 2282 sanguinis
370 2249 540 2276 nundinatio.
557 2249 623 2276 Lavi
647 2250 729 2284 pedes
745 2254 806 2278 tuos
831 2251 865 2277 ad
884 2258 996 2278 cursura

216 2297 311 2320 contra
328 2301 371 2321 me
386 2294 590 2329 suscipiendum
619 2294 790 2322 festinantes.
819 2294 915 2322 Manus
935 2301 996 2323 tuas

216 2340 347 2367 miracula
358 2340 438 2368 edere
456 2341 547 2374 docui,
565 2341 728 2370 venditionis
750 2350 816 2369 mem
839 2343 927 2378 pretio
949 2342 997 2370 de-

216 2391 337 2418 pressas.
352 2385 485 2420 Accipite,
507 2386 649 2418 comedite,
673 2388 832 2414 antevertite
851 2387 997 2422 proditoris

216 2430 383 2458 celeritatem
399 2440 405 2458 :
419 2439 468 2458 esu
493 2432 592 2459 vincite
605 2432 800 2460 venditionem.
821 2432 879 2460 Non
902 2433 997 2461 dili'ero

217 2474 318 2502 donum
334 2475 490 2510 passionem
508 2481 679 2511 exspectans,
698 2485 753 2504 non
772 2485 864 2505 moror
877 2477 996 2512 donum;

217 2528 302 2555 prope
321 2529 438 2556 namque
452 2525 493 2549 est
506 2522 636 2549 venditio.
654 2523 805 2558 Impalihilc
820 2531 920 2558 corpus
934 2528 975 2552 cst
990 2534 997 2551 :

218 2567 426 2603 impatibilitatis
442 2568 641 2596 comedentium
654 2568 689 2596 do
704 2569 890 2596 testimonium
906 2579 912 2597 :
929 2577 998 2604 prte-

217 2614 298 2641 venio
306 2613 433 2641 dentibus
440 2613 596 2642 Judaeorum
612 2614 772 2651 phalangam
790 2625 796 2642 :
810 2615 873 2642 dum
888 2623 997 2643 crucem

253 2691 276 2707 τι
296 2691 391 2721 Matth.
411 2700 491 2725 xxvr,
508 2692 553 2719 26.

256 2781 310 2816 (15)
329 2780 396 2817 Reg.
412 2780 550 2815 ἀνάγεται.

1044 1429 1162 1465 φροσύνη
1182 1428 1210 1454 δὲ
1233 1428 1282 1462 τῆς
1296 1426 1473 1463 Ἐκκλησίας·
1495 1425 1610 1455 ἐκείνοις
1626 1424 1674 1459 μὲν
1689 1424 1744 1458 γὰρ
1760 1431 1831 1458 συμ-

1043 1474 1139 1510 φορὰν,
1150 1475 1216 1509 ἡμῖν
1230 1473 1257 1499 δὲ
1269 1473 1356 1508 χαρὰν
1372 1472 1556 1506 ἀπεγέννησεν
1568 1478 1575 1485 ·
1591 1469 1709 1500 ἐκείνους
1722 1469 1830 1503 θανάτῳ

1043 1520 1210 1555 κατέκρινεν,
1226 1519 1291 1554 ἡμῖν
1304 1517 1331 1544 δὲ
1347 1517 1442 1553 ἑορτὰς
1457 1516 1629 1551 προεξὲνησε.
1646 1515 1768 1550 Σήμερον
1780 1515 1831 1549 τῆς

1050 1564 1197 1599 Ἰουδαϊκῆς
1223 1563 1356 1599 πονηρίας
1379 1563 1408 1588 τὸ
1435 1562 1521 1597 πέρας
1546 1560 1682 1596 ἠλέγχθη,
1709 1560 1755 1586 καὶ
1781 1559 1831 1594 τῆς

1043 1609 1207 1644 δεσποτικῆς
1228 1609 1388 1645 εὐεργεσίας
1403 1609 1429 1634 αἱ
1445 1607 1583 1642 λαμπάδες
1598 1605 1765 1641 ἁνήφθησαν.
1779 1605 1831 1640 Σή-

1045 1663 1127 1690 μερον
1140 1656 1168 1681 ἐν
1181 1655 1267 1690 γωνίᾳ
1281 1654 1385 1681 δεῖπνον
1398 1654 1568 1686 σκευάζεται,
1582 1654 1627 1680 καὶ
1639 1654 1670 1688 τῇ
1685 1652 1829 1687 οἰκουμένῃ

1045 1701 1147 1735 γίνεται
1158 1701 1281 1735 τράπεζα
1291 1710 1297 1716 ·
1313 1702 1430 1736 σήμερον
1442 1701 1490 1736 τῆς
1500 1700 1624 1736 οὐρανίου
1637 1699 1739 1735 τροφῆς
1751 1699 1831 1725 ἄττα-

1045 1755 1093 1781 χυν
1107 1746 1257 1781 ἐϐλάστησε
1268 1755 1274 1761 ·
1290 1747 1407 1781 σήμερον
1422 1746 1469 1773 τοῦ
1487 1746 1564 1778 ξύλου
1580 1746 1630 1780 τῆς
1640 1745 1744 1780 τρυφῆς
1756 1745 1830 1771 ἀκιν-

1044 1790 1129 1822 δύνως
1151 1791 1291 1826 ἄνθρωπος
1315 1791 1444 1818 ἅπτεται·
1469 1792 1586 1826 σήμερον
1602 1790 1656 1816 τῶν
1675 1789 1830 1825 μυστηρίων

1046 1826 1180 1871 ἀνοίγεται
1197 1837 1253 1872 (15)
1273 1836 1422 1872 θησαυρός’
1443 1837 1563 1872 σήμερον
1589 1836 1691 1871 βρῶσις
1713 1835 1830 1861 ἀποστό-

1045 1883 1102 1914 λοις
1118 1883 1316 1919 εὐτρεπίζεται,
1332 1883 1529 1918 μακαριότητος
1540 1882 1619 1917 ἄρτος
1629 1890 1635 1896 ’
1650 1882 1767 1916 σήμερον
1783 1881 1830 1916 τῆς

1046 1929 1232 1964 πνευματικῆς
1245 1929 1359 1964 εὐωχίας
1373 1928 1518 1959 ἀπόλαυσις
1533 1929 1659 1964 ἄρχεται·
1672 1928 1789 1962 σήμερον
1800 1926 1830 1952 to

1050 1983 1058 1999 ι
1071 1974 1184 2005 Λάϐετε,
1199 1974 1309 2007 φάγετε,
1332 1973 1408 1999 τοῦτό
1427 1981 1477 2008 μου
1492 1973 1550 1998 ἐστὶ
1564 1972 1594 1998 τὸ
1619 1971 1708 2006 σῶμα.
1736 1981 1745 1996 ι
1762 1971 1830 2006 Προ-

1047 2019 1177 2055 λαμεάνω
1193 2020 1238 2045 τὸν
1250 2019 1374 2054 σταυρδν,
1388 2018 1536 2056 διαμερίζω
1548 2018 1581 2044 τὰ
1594 2017 1672 2053 μέλη,
1686 2017 1829 2052 προφοάνω

1048 2074 1094 2091 σου
1108 2065 1157 2100 τὴν
1175 2066 1284 2101 πρᾶσιν,
1307 2065 1401 2097 Ἰούδα,
1424 2066 1457 2100 τῇ
1484 2064 1592 2099 ἑκχύσει
1608 2063 1654 2090 τοῦ
1676 2064 1798 2098 αἵματος,
1815 2063 1829 2089 ὃ

1048 2111 1214 2147 πιπράσκειν
1238 2110 1334 2146 βούλῃ·
1361 2110 1556 2146 προλαμϐάνων
1582 2109 1742 2144 χαρίζομαι*
1768 2108 1828 2143 ἐμὸν

1047 2157 1101 2192 γάρ
1115 2158 1198 2189 ἐστιν,
1221 2156 1316 2189 Ἰούδα,
1332 2155 1362 2182 τὸ
1383 2156 1477 2190 cibus.“
1497 2155 1541 2182 σοῦ
1558 2155 1585 2182 δὲ
1606 2154 1636 2181 τὺ
1652 2154 1774 2189 πωλῆσαι
1788 2163 1828 2188 φι-

1047 2203 1163 2238 λήματι·
1183 2202 1250 2238 ἐμοῦ
1266 2202 1344 2238 ἔργον
1357 2204 1373 2238 ἡ
1386 2202 1429 2228 διὰ
1451 2201 1564 2237 αἵματος
1585 2201 1720 2237 σωτηρία·
1738 2200 1782 2227 σὺν
1802 2199 1828 2226 δὲ

1048 2249 1127 2284 ἔργον
1142 2250 1158 2284 ὴ
1176 2248 1223 2275 τοῦ
1238 2249 1352 2284 αἵματος
1369 2248 1497 2283 ἐμπορία.
1517 2247 1616 2282 Ἔνιψά
1637 2255 1682 2273 σου
1703 2247 1764 2278 τοὺς
1781 2246 1827 2272 πό-

1047 2294 1104 2327 δας,
1127 2295 1167 2326 είς
1191 2295 1236 2321 τὸν
1258 2295 1316 2321 κατ’
1332 2293 1398 2329 ἐμοῦ
1414 2293 1511 2329 δρόμον
1536 2293 1688 2329 ὁρμῶντας.
1712 2291 1826 2325 Ἐδέδαξα

1048 2340 1141 2374 χεῖρας
1157 2339 1383 2374 Θαυματουργεῖν,
1395 2338 1433 2374 τῷ
1448 2339 1498 2373 τῆς
1512 2338 1580 2373 ἐμῆς
1593 2338 1720 2372 πράσεως
1733 2337 1827 2363 κοιλαι-

1048 2385 1231 2421 νομέναςτιμή
1237 2394 1311 2420 ματι.
1321 2385 1434 2417 Λάΰετε,
1442 2385 1552 2419 φάγετεσ
1563 2383 1767 2420 προλαμϐάνετε
1775 2383 1826 2417 (l6)

1048 2433 1097 2468 τὴν
1113 2433 1159 2459 τοῦ
1177 2433 1304 2468 προδότου
1319 2433 1474 2468 ταχύτηταθ
1487 2433 1614 2466 νικήσατε
1629 2431 1677 2466 τὴν
1689 2431 1785 2466 πρᾶσιν
1795 2432 1825 2465 τῇ

1050 2478 1159 2513 βρώσει.
1178 2479 1214 2505 Ui:
1235 2478 1398 2514 χρονοτριεῶ
1416 2478 1446 2503 τὸ
1462 2477 1557 2513 δῶρον,
1581 2477 1720 2511 ἀναμένων
1733 2475 1762 2502 τὸ
1777 2475 1825 2501 πέμ

1049 2523 1108 2555 θος⁸
1126 2524 1175 2550 οὐκ
1189 2523 1372 2558 ἀναϐάλλομαι
1387 2522 1436 2558 τὴν
1452 2521 1540 2549 δόσιν·
1557 2521 1640 2555 ἐγγὺς
1658 2521 1713 2556 γὰρ
1731 2521 1747 2554 ὴ
1763 2519 1826 2553 πρᾶ-

1049 2577 1101 2601 σις.
1134 2569 1250 2601 Ἀπαϐές
1276 2570 1334 2596 ἐστι
1360 2569 1390 2595 τὺ
1413 2568 1506 2604 σῶμα·
1537 2567 1682 2603 χαρίζομαι
1709 2565 1757 2600 τῆς
1777 2563 1824 2591 τῶν

1048 2615 1192 2642 ἐσθιόντων
1217 2615 1350 2646 ἀπαθείας
1383 2614 1541 2650 μαρτύριον.
1566 2611 1753 2648 Προλαμὸάνω
1774 2610 1824 2640 τοῖς

1085 2779 1108 2815 (l
1114 2778 1140 2814 6)
1160 2777 1227 2813 Reg.
1241 2774 1425 2812 προλαμΰάνω
