1940 3067
103 150 175 179 1019

724 155 842 185 SERMO
863 156 897 184 IN
918 157 1044 185 FERIAM
1066 158 1098 186 ν.

1653 147 1725 194 i050

101 208 192 235 ὄὸοὖσι
212 207 265 234 τῶν
288 208 420 235 Ἰουδαὶων
440 209 488 245 τὴν
509 210 654 245 φάλαγγα·
672 211 724 243 ἓως
747 213 792 239 τὸν
808 221 886 239 σταυ‹

942 215 1047 246 (ἰὶῐῑει-ο,
1058 217 1192 244 comedite
1202 215 1227 244 et
1239 225 1296 249 vos,
1310 219 1444 246 eomedite
1470 228 1478 244 ι
1495 218 1553 246 Non
1565 223 1605 247 est
1620 221 1719 249 bonum

103 254 152 289 ρον
170 253 356 289 ὐπερτίθεμαι,
377 255 477 288 φάγετε
502 257 548 282 καὶ
571 258 659 292 ὑμεῖς,
678 259 789 292 φάγετε.
806 268 815 284 ι
835 260 891 286 Οὐκ

101 300 161 325 ἐστι
183 309 192 325 ι
210 299 263 335 γὰρ
281 309 290 325 ί
309 299 399 326 λαϐεῖν
415 301 460 327 τὸν
475 301 556 336 ἄρτον
579 302 633 329 τῶν
647 303 759 335 τέκνων,
775 304 821 330 καὶ
844 304 892 338 βα-

101 345 158 370 λεῖν
172 345 230 376 τοῖς
251 345 328 371 κυσὶν
351 354 360 370 ι
389 346 535 378 Ἰουδαίοις.
552 347 623 378 Ἕως
636 349 738 379 ἐκεῖνος
749 349 812 380 τοὺς
827 357 890 375 συν-

102 389 240 421 αλλακτὰς
268 389 364 425 ζητεῖ,
387 391 627 428 τὸν,πωλούμενον
650 394 822 430 μαργαρίτην
841 396 889 431 ἀρ-

101 435 218 462 πάσατε.

136 482 164 507 2.
183 491 192 506 ε
209 482 302 516 Τίμμοι
320 482 411 508 θέλετε
431 483 531 515 δοῦναι,
550 483 627 518 κάγὼ
642 484 705 518 ὑμῖν
723 485 805 511 αὐτὸν
823 494 891 521 προ-

100 526 197 559 δώσω;
218 537 226 552 ι
246 528 277 553 Τί
295 528 392 559 πωλεῖς
409 528 501 564 ἄρτον,
522 529 616 561 Ἰούδα,
638 530 682 556 τὸν
699 531 748 565 ἤδη
766 532 798 566 τῇ
819 531 890 566 βρώ-

102 581 145 599 σει
160 573 363 608 παραδοθέντα;
377 574 431 600 Ποῦ
446 583 491 600 σου
506 575 554 610 τῆς
569 575 751 610 φιλοπτωχίας
767 577 791 601 οἱ
805 576 889 610 λόγοι·

104 627 113 643 ι
138 617 265 644 Ἐδύνατο
286 618 364 645 τοῦτο
389 619 525 654 πραθῆναι
548 619 655 652 πολλοῦ,
675 630 684 645 ι
699 620 793 654 λέγων,
813 631 822 646 ‹
844 622 889 648 καὶ

100 663 210 699 δοθῆναι
222 665 354 699 πτωχοῖς;
371 674 379 690 ι
397 665 462 691 "Ore
477 666 599 699 γυναῖκα,
610 665 704 700 μύροις
716 666 888 701 ἀλείφονσαν,

101 708 151 734 καὶ
169 708 410 744 προλαμϐάνουσαν
425 711 457 745 τῇ
473 710 561 745 χρίσει
576 710 620 736 τὸν
633 711 726 744 τάφον,
742 712 788 737 καὶ
802 712 889 743 ζῶντα

99 753 235 787 τιμῶσαν,
258 753 351 788 ἐπειδὴ
375 754 471 789 νεκρὸν
495 755 545 781 οὐκ
566 755 695 790 ⁴ἠδύνατο·
714 756 816 790 ταύτην
845 757 888 789 ἐξ-

100 799 232 834 υϐρίζεις,
242 799 305 831 τοὺς
312 800 360 834 τῆς
368 800 550 835 φιλοπτωχίας
560 802 774 837 προῦαλλόμενος
781 803 887 838 νόμους·

105 853 115 870 ι
139 844 279 876 Ἢδύνατο,
313 845 408 879 λέγων,
439 847 518 873 τοῦτο
547 847 699 882 πραθῆναι·
719 849 887 881 »τουτέστιν,

98 889 215 925 ἠδύνατο
235 891 282 917 καὶ
305 891 383 917 τοῦτο
408 892 478 926 μετὰ
497 893 591 919 τούτου
615 894 760 930 πραθῆναι.
781 896 887 922 Ἔστω·
906 888 926 914 Β

100 937 235 971 φονεύεις,
261 937 320 963 οὐδὲ
347 937 496 965 θάπτεσθαι
524 939 661 972 κελεύεις
685 941 792 967 Ἔστω·
820 939 889 976 αἷμα

99 981 211 1013 πωλεῖς,
228 982 253 1008 τί
269 982 316 1008 καὶ
331 983 362 1009 τὸ
376 983 497 1018 ἄλειμμα
514 985 696 1020 πιπράσκεις;
713 987 745 1012 Ὢ
758 987 889 1023 φιλαργυ-

101 1027 163 1062 ρίας
190 1028 371 1063 φιλοπτωχῖας
394 1029 556 1066 ἐνδυομένης
580 1033 766 1066 προσωπεῖονῐ
784 1033 816 1059 Ὣ
841 1035 889 1067 τῆς

101 1072 295 1108 μισανθρώπου
319 1074 538 1110 ᾳιλανθρωπίαςῑ
556 1075 669 1110 ἠδύνατο
691 1077 769 1104 τοῦτο
785 1078 891 1113 πραθῆ-

98 1128 162 1151 ναι,
188 1120 235 1146 καὶ
259 1119 368 1155 δοθῆναι
396 1122 522 1155 πτωχοῖς.
551 1121 679 1156 Κάπηλος
707 1122 890 1158 φιλοπτωχίας

106 1164 216 1195 Ἰούδας,
239 1166 286 1191 καὶ
306 1165 371 1191 αὐτὸ
388 1166 437 1201 τῆς
459 1166 641 1202 φιλοπτωχίας
660 1168 690 1194 τὸ
713 1169 804 1204 σχῆμα
821 1164 890 1204 πρα-

98 1211 311 1246 Ἳματευόμενος.
327 1212 394 1237 Ἀλλ’
409 1212 458 1239 οὒκ
472 1213 602 1247 ὴτόνησεν
612 1215 628 1248 ἡ
638 1214 685 1240 τοῦ
700 1215 825 1250 Σωτῆρος
840 1224 891 1250 μα-

99 1257 236 1291 κροθυμία
262 1258 393 1284 ἐκτείνειν
413 1258 480 1293 μετὰ
506 1259 553 1285 τοῦ
578 1259 704 1294 σφαγέως
726 1260 775 1295 τὴν
796 1262 887 1298 χεῖρα.

99 1303 237 1330 amnem
264 1303 303 1339 τῷ
329 1304 461 1340 προδότῃ,
489 1305 619 1331 δυσωπῶν
643 1305 692 1341 τὴν
719 1306 887 1341 προαίρεσιν.

104 1349 276 1376 Ἐπιδίδωςιν
301 1350 392 1386 ἄρτον,
411 1351 458 1377 καὶ
473 1351 568 1386 τρέφει
587 1351 633 1378 τόν
656 1352 801 1387 ἁναιρέτην
813 1361 819 1366 ·
843 1352 890 1378 καὶ

99 1397 149 1431 τὴν
175 1396 249 1422 Νέαν
267 1396 404 1432 Διαθήκην
419 1397 465 1423 ἐπὶ
487 1396 626 1433 τραπέζης
649 1399 824 1433 ἀναγράφων,
840 1399 890 1425 οὐκ

98 1441 247 1477 ἀποστερεῖ
260 1442 309 1476 τῆς
325 1443 507 1478 κληρονομίας
520 1444 565 1470 τὸν
581 1444 722 1480 προδόντα,
743 1445 790 1471 καί
803 1444 890 1471 διαθέ-

99 1497 179 1524 μενος
205 1490 255 1516 οὐκ
278 1491 425 1526 ἀποστερεῖ
447 1490 493 1518 τοῦ
521 1492 620 1528 μέρους
644 1493 689 1519 τὸν
715 1492 784 1528 μετὰ
804 1492 888 1528 βραχὺ

98 1534 290 1569 παραδιδόντα.
311 1535 379 1561 Ἀλλ’
393 1537 442 1562 οὐκ
455 1536 569 1571 ὤφειλεν
581 1539 595 1565 ὁ
607 1538 706 1574 κλῆρος
722 1539 767 1565 τὸν
777 1540 886 1574 τρόπον·
901 1551 923 1582 C

98 1579 114 1613 ἡ
132 1579 198 1614 τιμὴ
215 1580 264 1615 τὴν
277 1579 390 1614 γνώμην
406 1581 435 1606 οὐ
453 1581 613 1616 μετέϐαλεν·
632 1583 669 1614 ὼς
683 1583 737 1619 γὰρ
760 1583 838 1610 ἔλαϐε
858 1584 887 1610 τὸ

97 1625 214 1660 ψωμίον,
230 1626 352 1661 εἰσῆλθεν
364 1628 377 1653 ὁ
394 1628 515 1659 Σατανᾶς
530 1629 567 1660 εἰς
580 1629 670 1655 αὐτόν.
694 1630 784 1656 Ἦτοῦ
803 1630 888 1656 Ἰούδα

98 1672 257 1707 προαίρεσις
280 1673 326 1699 τοῦ
341 1673 462 1700 διαεὶόλου
477 1673 572 1709 κλῆσις
582 1683 589 1690 ο
606 1675 636 1701 οὐ
655 1675 706 1711 γὰρ
719 1676 812 1707 ἁπλῶς
833 1677 888 1703 εἰσ-

95 1717 198 1752 ῆλθεν,
222 1718 278 1744 ἀλλ’
295 1715 358 1753 εὗρε
381 1719 411 1746 τὸ
437 1719 487 1754 τῆς
509 1720 597 1755 ψυχῆς
615 1721 785 1755 καταγώγιον
798 1731 804 1737 ·
825 1719 888 1758 εὗρε

95 1762 210 1798 γνώμην
224 1764 378 1798 ἐπιτηδείαν
399 1765 466 1800 πρὸς
481 1766 630 1792 οἶκείωσινε
647 1764 708 1802 εὗρε
732 1768 888 1803 σεσαρωμέ-

96 1817 158 1834 νον·
175 1806 235 1843 εὗρε
253 1809 418 1844 ποθούμενον
433 1810 526 1842 πάθος,
544 1811 590 1837 καὶ
604 1811 648 1837 τὸν
661 1809 735 1838 οἷκον
756 1813 806 1839 οὐκ
821 1813 887 1848 ἔφυ-

96 1861 162 1888 γεν⁸
179 1852 257 1890 εὗρεν
271 1855 362 1887 ὅπλον,
373 1852 395 1889 ᾧ
403 1856 577 1894 χρησάμενος
595 1857 794 1893 παρατάξηται.

98 1901 258 1928 tnttndatant

98 1950 185 1977 aciem
199 1951 357 1981 instrueret.

132 1995 167 2022 5.‘
182 2005 190 2020 ι
207 1996 239 2022 Τί
256 2005 301 2030 μοι
318 1996 409 2023 θέλετε
424 1997 535 2029 δοῦναι;
551 2007 560 2023 ι
577 1997 720 2033 Πειράζων
735 1999 782 2034 μὲν
805 2000 819 2025 δ
833 1999 890 2026 διά-

96 2040 175 2073 ϐολος
190 2041 235 2067 τὸν
252 2041 352 2077 Κύριον
367 2040 428 2068 εἶπε
442 2051 448 2057 ·
465 2051 474 2067 t
491 2043 582 2069 Ταῦτα
600 2043 687 2070 πάντα
711 2052 749 2070 σοι
765 2043 852 2070 δώσω.
876 2055 885 2070 ι

95 2087 154 2113 Νῦν
173 2087 200 2113 δὲ
218 2088 232 2113 ὁ
253 2088 352 2119 Ἰούδας
373 2088 439 2123 βοᾷ.-
457 2088 489 2114 Τί
512 2088 603 2115 θέλετε
627 2089 732 2116 {inSt/att!
753 2090 785 2115 Ὢ
799 2091 874 2125 ρημά

96 2141 150 2159 των
173 2133 219 2158 καὶ
243 2134 350 2168 τρόπων
378 2135 535 2168 συγγένεια;
558 2134 579 2161 ὣ
597 2136 740 2170 συμφωνία
768 2135 888 2163 διαϐόλου

96 2179 180 2205 πάλαι
197 2179 387 2214 μελετηθεῖσαι
401 2181 438 2207 Οὐ
450 2181 533 2215 λέγει,
550 2181 576 2206 τί
595 2190 639 2216 μοι
649 2181 762 2207 δύνασθε
775 2182 883 2215 Bait/at;

101 2224 146 2256 Ὦς
159 2224 257 2252 εὔωνον
277 2226 379 2261 κτίσμα
394 2226 438 2252 τὸν
449 2227 579 2261 δεσπότην
592 2227 750 2262 προτίθησιν
762 2236 768 2242 ·
785 2227 823 2258 ὡς
834 2228 888 2254 ἄτι-

97 2279 146 2305 μον
160 2273 299 2306 συμφωνεῖ
311 2271 355 2297 τὸν
367 2272 507 2307 ἀτίμητον.
521 2273 552 2298 Τί
566 2273 668 2298 τοιοῦτο
681 2273 711 2299 οὑ
725 2273 882 2308 λαμῦάνεις,

94 2313 150 2343 οἷον
163 2316 250 2348 δίδως,
269 2318 370 2350 Ὶούδα;
389 2319 558 2354 ’Υπόμνησον
579 2319 690 2345 σεαυτὸν
702 2319 757 2345 τῶν
779 2319 825 2345 τοῦ
841 2329 884 2346 πι-

95 2362 286 2397 πρασκομένου
310 2363 466 2399 θαυμάτων,
483 2365 529 2390 καλ⁴
541 2364 601 2390 τότε
614 2364 751 2398 ἀναλόγως
766 2365 809 2391 τὸν
821 2365 885 2391 θαυ-

96 2409 249 2444 ματουργὸν
264 2410 412 2445 καπήλευε.
430 2409 524 2441 Βάδιξε
542 2410 608 2445 πρὸς
624 2410 670 2436 τδν
683 2409 782 2445 λεπρόν
794 2418 800 2424 ·
818 2412 883 2446 παρ’

94 2454 199 2480 ἐκείνου
212 2454 336 2481 διδάσκου
353 2455 400 2490 τὴν
415 2456 464 2490 τῆς
479 2456 598 2491 ἰατρείας
614 2456 757 2490 ποσότητα.
780 2455 883 2491 Ἐρώτα

93 2499 220 2533 τυφλοὺς,
234 2499 306 2531 τίνος
321 2500 398 2533 ἀξίαν
411 2501 540 2535 ἡγοῦνται
554 2501 603 2536 τὴν
618 2501 697 2527 ἰάσιν.
721 2500 825 2536 Ἐρώτα
837 2501 883 2527 τὸν

93 2543 236 2580 Λάζαρον,
262 2545 346 2571 πόσου
370 2547 482 2580 τιμᾶται
502 2546 551 2582 τὴν
574 2546 620 2572 τοῦ
644 2546 759 2572 θανάτου
782 2547 881 2581 φυγήν.

100 2589 225 2621 Ἐξέταζε
239 2590 284 2616 τὸν
301 2590 454 2626 παράλυτον
469 2591 514 2618 τὸν
526 2591 573 2617 τοῦ
589 2591 683 2626 χρόνον
701 2592 747 2617 καὶ
766 2592 813 2626 τῆς
829 2591 882 2618 κλί-

93 2644 142 2671 νης
161 2635 205 2662 διὰ
219 2636 249 2662 τὸ
269 2635 354 2667 πάθος
374 2636 524 2671 δεσμώτην.
546 2637 748 2671 Ζυγοστάτησον
765 2638 813 2668 τὰς
833 2637 882 2662 αὐ-

93 2681 246 2716 τοσχεδίους
265 2682 293 2708 ὲν
310 2682 405 2717 ἐρήμῳ
419 2681 567 2718 τραπέζας.
591 2681 754 2717 Διατίμησον
773 2683 818 2708 τὸν
834 2682 880 2708 ἐπὶ

93 2727 148 2754 τῶν
166 2728 293 2762 κυμάτων
310 2728 468 2763 περίπατον.
492 2728 540 2759 τὰς
557 2728 605 2762 τῆς
617 2728 752 2763 Θαλάσσης
768 2729 814 2754 καὶ
827 2728 880 2754 τῶν

94 2773 203 2808 ἀνέμων
230 2773 416 2808 ἐπιτιμήσεις·
433 2773 481 2804 τὰς
507 2773 561 2800 τῶν
579 2773 778 2808 δαιμονιώντων
804 2774 883 2809 θερα-

129 2851 152 2866 ⁷¹
173 2849 266 2877 Matth.
285 2858 330 2884 xv,
347 2849 392 2878 26.
430 2850 452 2867 ⁷³
474 2850 565 2878 Matth.
585 2858 666 2884 [IV],
685 2851 727 2878 l5.

767 2852 789 2868 "‘
808 2851 872 2879 ibid.
890 2851 916 2878 9.

942 269 1050 289 sumere
1064 270 1159 297 panem
1180 263 1308 295 ﬁliorum,
1324 268 1351 291 et
1365 265 1471 292 ntittere
1485 266 1600 293 canibus
1611 267 1634 282 τε
1650 277 1659 293 ι
1676 267 1714 294 Ju-

942 308 1018 334 da-is.
1037 308 1104 338 Dum
1130 309 1174 336 ille
1193 310 1290 348 quaerit
1309 310 1471 345 quibuscum
1489 312 1653 346 paciscatur,
1675 322 1719 341 vos

943 354 1078 380 Venditatu
1094 355 1181 388 rapite
1196 357 1381 390 margaritam.

975 486 1002 512 2.
1022 495 1031 511 ι
1051 486 1120 519 Quid
1142 488 1224 516 vultis
1248 488 1315 515 milti
1336 489 1411 521 dare,
1436 494 1463 517 et
1492 498 1541 525 ego
1565 491 1641 519 vobis
1660 500 1720 520 eum

943 532 1045 559 tradant
1060 533 1103 559 '3?
1119 543 1128 559 ι
1145 533 1201 559 Cur
1223 541 1320 568 panem
1340 535 1452 567 vendis,
1468 543 1484 562 0
1504 535 1588 568 Juda,
1603 537 1658 570 jam
1674 545 1720 572 pre

941 577 1001 604 cibo
1017 577 1212 605 distributum?
1227 578 1361 610 Quorsum
1374 580 1465 607 abiere
1481 581 1562 608 verba
1583 582 1628 608 illa
1649 590 1710 609 amo

941 622 979 649 ris
990 629 1054 656 erga
1070 629 1202 656 pauperes
1215 623 1315 650 indicia
1329 632 1335 650 :
1351 633 1361 650 ‹
1379 623 1468 651 Potuit
1490 626 1560 653 istud
1573 626 1721 653 venundari

941 668 1037 699 multo,
1054 673 1080 694 et
1094 668 1153 695 dari
1168 669 1333 703 pauperibus
1349 669 1390 697 7"3
1407 680 1416 696 ι
1434 670 1500 697 Cum
1519 672 1657 698 mulierem
1672 681 1718 699 un-

941 714 1048 748 guentis
1069 713 1215 741 Dominum
1245 714 1466 749 perfundentem,
1488 720 1568 751 atque
1597 718 1722 745 unctione

940 761 1107 795 sepulturam
1127 761 1346 795 praevenientem,
1360 763 1475 796 vivoque
1501 762 1629 789 honorent
1647 763 1720 790 exhi-

940 805 1059 837 bentem,
1075 805 1147 840 qttod
1163 810 1269 833 mortuo
1292 814 1345 833 non
1365 811 1488 841 poterat;
1503 815 1577 839 eam,
1596 808 1704 842 inquam
1715 828 1723 840 ,

940 851 1104 877 contumelia
1117 851 1212 882 adicis,
1231 851 1370 887 legemque
1391 853 1538 886 prattendis
1558 854 1640 880 stttdii
1661 862 1723 889 erga

941 903 1084 930 pauperes.
1108 904 1116 920 ι
1139 894 1247 928 Potuit,
1282 896 1336 929 ait,
1379 897 1450 924 istud
1488 897 1637 924 venundari
1671 908 1677 925 :
1711 908 1721 924 ›

941 941 991 968 hoc
1005 944 1056 972 est,
1076 941 1164 975 potuit
1180 944 1206 968 et
1230 941 1302 968 istud
1320 949 1373 969 una
1396 950 1457 970 cum
1483 943 1542 977 ipso
1563 944 1723 970 venundari.

939 987 1014 1018 Esto,
1033 987 1145 1019 occidis,
1160 995 1194 1014 an
1208 995 1316 1022 quoque
1337 988 1445 1023 sepeliri
1462 989 1556 1015 vetas?
1570 988 1634 1016 Esto
1645 1009 1651 1020 ,
1663 996 1723 1015 san~

939 1034 1047 1069 guinem
1072 1033 1181 1065 vendis,
1205 1041 1255 1060 eur
1275 1038 1303 1060 et
1323 1038 1490 1068 unguentum
1514 1034 1674 1061 venundas?
1702 1033 1724 1062 0

940 1079 1081 1106 avaritiam
1097 1086 1156 1113 quae
1168 1086 1316 1114 pauperum
1330 1079 1431 1106 amoris
1445 1079 1545 1105 larvam
1560 1079 1692 1106 assumit!
1709 1086 1724 1106 0

942 1126 1117 1152 inhumanam
1141 1125 1336 1152 humanitatem
1351 1126 1357 1152 t
1382 1124 1473 1152 Potuit
1489 1125 1559 1152 istud
1576 1125 1724 1152 venundari

940 1176 966 1198 et
980 1172 1039 1198 dari
1060 1171 1235 1206 pauperibus.
1251 1171 1383 1201 Amorem
1404 1179 1553 1207 pauperum
1573 1172 1664 1198 vendit
1678 1171 1724 1198 Ju-

940 1218 999 1249 dtts,
1016 1223 1041 1245 et
1055 1219 1140 1253 ipsam
1159 1217 1354 1245 misericordiae
1371 1226 1433 1252 erga
1453 1226 1586 1253 pauperes
1606 1219 1724 1252 spectent

940 1264 1105 1298 negotiatur.
1132 1264 1166 1290 At
1189 1263 1337 1291 Salvatoris
1361 1264 1550 1298 mqnanimitas
1574 1264 1640 1290 nihil
1665 1263 1725 1290 ideo

940 1310 1054 1336 remissa
1069 1313 1120 1339 est.
1138 1313 1167 1335 ut
1183 1306 1265 1336 etiam
1280 1317 1342 1335 cttm
1357 1309 1493 1344 parricida
1509 1317 1618 1336 manum
1633 1313 1725 1336 exten-

940 1354 1023 1382 deret.
1038 1355 1097 1382 L‘na
1111 1362 1173 1381 cum
1197 1355 1335 1389 proditore
1355 1355 1529 1387 comedebat,
1549 1359 1577 1381 ut
1601 1355 1639 1382 illi
1663 1363 1725 1390 pro-

940 1400 1021 1435 positi
1037 1400 1078 1427 sui
1094 1400 1222 1434 pudorem
1237 1399 1353 1427 afferret.
1372 1399 1473 1427 Panem
1491 1401 1604 1435 porrigit
1615 1421 1621 1430 ,
1639 1401 1725 1427 inter-

940 1446 1124 1480 fectoremque
1146 1446 1251 1472 nutrit:
1283 1453 1315 1472 ac
1340 1444 1443 1472 Nomm
1468 1445 1672 1473 Testamentum
1697 1447 1726 1474 in

939 1500 1031 1520 mensa
1046 1491 1216 1526 perscribens
1227 1511 1234 1522 ,
1250 1492 1414 1525 proditorem
1438 1499 1607 1526 nequaquam
1630 1492 1719 1526 privat

939 1536 1094 1564 haereditate
1105 1547 1112 1563 :
1122 1544 1153 1562 ac
1162 1537 1225 1562 dum
1238 1535 1440 1563 Testamentum
1454 1535 1547 1566 tradit,
1562 1543 1622 1562 eum
1633 1536 1678 1569 qui
1695 1542 1725 1561 se

941 1590 1003 1610 mox
1017 1581 1168 1608 traditurus
1180 1584 1246 1608 esta
1266 1588 1314 1608 stta
1331 1584 1406 1614 parte
1422 1588 1474 1607 non
1490 1580 1582 1614 abigit.
1598 1579 1649 1606 Sed
1665 1587 1725 1607 sors

941 1629 986 1655 illa
1004 1635 1174 1662 nequaquam
1191 1634 1282 1653 mores
1300 1626 1369 1659 ejus.
1383 1633 1433 1652 nec
1456 1626 1542 1652 honor
1563 1624 1725 1652 sententiam

940 1674 1063 1701 mutavit.
1080 1672 1145 1699 Nam
1171 1672 1251 1700 simul
1274 1676 1352 1706 atque
1374 1672 1522 1698 buecellam
1549 1671 1662 1705 accepit,
1678 1671 1720 1696 itt-

940 1721 1020 1748 travit
1038 1719 1152 1746 Satanas
1168 1718 1194 1744 in
1212 1718 1310 1752 ipsum.
1326 1716 1401 1744 Judze
1411 1717 1579 1751 propositum
1594 1720 1653 1743 erat
1664 1715 1725 1742 dia-

941 1767 995 1794 boli
1020 1766 1153 1792 invitatio.
1174 1763 1233 1790 Non
1253 1763 1325 1791 enittt
1344 1763 1424 1790 modo
1447 1763 1587 1796 ingressus
1606 1766 1658 1793 est,
1677 1762 1725 1789 sed

940 1812 1042 1840 invenit
1068 1811 1165 1837 animat
1181 1809 1361 1836 diversorium
1379 1818 1385 1834 :
1413 1808 1515 1835 invenit
1540 1813 1656 1834 mentem
1673 1807 1724 1834 sibi

937 1859 973 1886 ad
995 1856 1169 1884 habitandum
1193 1854 1410 1885 accommodant,
1428 1855 1529 1881 invenit
1552 1861 1610 1880 eam
1635 1853 1724 1887 scopis

281 1911 287 1928 :
308 1903 413 1929 invenit
437 1903 619 1931 desideratum
639 1905 691 1932 sibi
716 1905 857 1938 allectum,
878 1915 928 1936 nec
947 1907 1057 1934 domum
1079 1907 1220 1931 aversatus
1241 1906 1301 1929 cst:
1326 1901 1428 1928 invenit
1451 1901 1545 1932 telutnl
1567 1908 1621 1935 quo
1647 1907 1724 1931 usus,

972 1999 998 2025 5.
1017 2007 1026 2023 ι
1047 1996 1116 2030 Quid
1135 1994 1216 2022 vultis
1230 1993 1295 2020 ntilti
1311 1993 1397 2020 dare?
1417 2003 1426 2018 ι
1443 1992 1572 2019 Diabolus
1594 1999 1655 2018 cum
1672 1991 1725 2018 Do-

937 2044 1040 2070 mittutn
1068 2045 1194 2071 tentaret,
1217 2041 1273 2066 ait:
1293 2049 1302 2064 ι
1322 2039 1383 2065 Ilaec
1398 2038 1488 2065 omnia
1504 2038 1550 2065 tibi
1567 2038 1636 2065 dabo
1653 2039 1685 2064 ⁷⁵.
1709 2049 1717 2064 ι

938 2089 1016 2116 Nune
1032 2092 1121 2115 autem
1136 2087 1235 2113 clamat
1251 2085 1336 2112 Jttdas
1351 2095 1356 2110 :
1376 2084 1445 2117 Qttid
1464 2084 1545 2111 vultis
1562 2085 1626 2110 tnilti
1645 2085 1725 2111 dare?

936 2134 958 2162 0
977 2135 1122 2162 verborum
1145 2139 1305 2166 morumque
1328 2131 1501 2157 aliittilatem!
1525 2137 1541 2155 0
1573 2137 1723 2157 consensus

937 2187 998 2206 cum
1014 2178 1133 2209 diabolo,
1155 2177 1210 2211 jam
1241 2177 1305 2203 olint
1332 2175 1494 2202 meditatus!
1516 2173 1574 2200 Non
1596 2175 1632 2201 ait
1658 2175 1724 2208 quid

939 2227 1052 2260 potestis
1068 2224 1133 2251 tnilti
1148 2223 1237 2250 dare?
1256 2222 1399 2248 Dominum
1417 2221 1494 2255 quasi
1512 2221 1555 2247 vili
1571 2221 1658 2255 pretio
1678 2229 1724 2247 ce-

935 2270 1051 2297 dendum
1066 2269 1191 2304 proponit
1207 2277 1212 2294 :
1229 2267 1305 2302 quasi
1316 2267 1416 2292 nttllitts
1430 2265 1508 2299 pretii
1521 2269 1593 2292 esset
1605 2265 1723 2299 pacisci-

938 2320 984 2342 tur
997 2316 1030 2342 de
1045 2323 1077 2342 eo
1093 2315 1139 2349 qui
1162 2313 1237 2340 ttullo
1259 2313 1347 2346 pretio
1367 2312 1528 2338 mstimatur.
1544 2310 1642 2343 Qttidni
1663 2315 1724 2337 lan-

936 2362 1057 2389 tumdem
1075 2361 1176 2395 accipis
1191 2364 1321 2394 quantum
1333 2358 1429 2389 tradis.
1448 2366 1463 2384 0
1479 2357 1565 2384 Inda?
1579 2356 1607 2384 ln
1620 2365 1723 2384 mento-

934 2409 975 2434 ria
992 2415 1088 2434 revoca
1105 2406 1235 2433 miracula
1249 2407 1309 2439 ejus
1322 2412 1400 2439 quem
1415 2405 1573 2431 venditurus
1584 2412 1624 2433 rs.
1641 2407 1723 2439 atque

933 2459 999 2481 tuttc
1010 2454 1085 2487 justo
1097 2453 1183 2487 pretio
1195 2452 1388 2479 miraculorum
1405 2455 1543 2477 auctorem
1557 2450 1721 2478 nnndinare.

933 2499 1082 2534 Leprosum
1092 2499 1144 2526 adi.
1157 2502 1237 2532 atque
1250 2498 1284 2524 ab
1297 2497 1342 2524 il!o
1354 2497 1442 2524 edisce
1452 2496 1545 2531 quanti
1559 2497 1593 2522 sit
1604 2496 1720 2522 curatio.

933 2545 1070 2581 interroga
1083 2552 1181 2576 ca‘cos,
1192 2545 1285 2578 qttanti
1299 2544 1466 2570 curationem
1481 2543 1617 2570 a'stitncnt
1632 2549 1720 2569 suam.

935 2591 1082 2619 Seiseitare
1100 2599 1113 2617 a
1131 2590 1251 2620 Lazaro.
1267 2589 1359 2624 quanti
1379 2588 1566 2615 mstimandum
1583 2588 1632 2619 sit.
1649 2587 1722 2622 quod

933 2642 1047 2664 mortem
1060 2637 1104 2664 ille
1116 2636 1367 2671 evaserit.Eanire
1382 2643 1396 2661 ει
1412 2635 1571 2670 paralytico,
1583 2642 1662 2669 quem
1673 2634 1721 2661 diu

936 2684 1049 2711 morbus
1067 2684 1093 2709 in
1112 2684 1182 2710 lecto
1198 2684 1317 2710 vinctum
1329 2681 1483 2708 detittuerat
1497 2689 1503 2706 :
1520 2681 1654 2715 perpende
1669 2680 1721 2706 nti-

936 2728 962 2754 hi
975 2728 1080 2754 subitas
1097 2727 1157 2755 illas
1171 2727 1196 2754 in
1207 2734 1298 2754 erettto
1314 2726 1453 2761 appositas
1468 2733 1585 2752 mensas.
1601 2724 1718 2752 Aistima

934 2774 1146 2808 ambulationem
1164 2781 1245 2808 supra
1263 2771 1372 2805 ﬂuctus,
1386 2771 1588 2807 increpationes
1604 2771 1671 2799 mari
1687 2779 1721 2799 ac

955 2852 977 2867 "
999 2850 1092 2878 Matth.
1111 2858 1147 2880 tv.
1165 2850 1191 2878 9.
