1940 3067
64 135 81 161 1
91 134 145 161 037

608 132 723 160 SERMO
742 132 776 159 1N
796 131 990 159 PASSIONEM
1009 131 1140 159 DOMINI.

1626 135 1698 162 4058

61 192 152 226 φύσιν
162 191 176 217 6
190 192 222 226 τῇ
235 190 314 225 φύσει
325 191 388 222 τοὺς
401 191 480 226 ὄρους
492 190 657 226 πηξάμενος.
669 191 800 226 Σταυρος,
813 192 860 217 καὶ

916 191 1091 216 commutavit
1115 189 1162 224 qui
1187 193 1292 217 natura:
1311 189 1442 217 terminos
1470 189 1574 217 deﬁxit.
1601 189 1697 224 Crux,

62 237 169 270 πάθος,
192 238 238 263 καὶ
267 237 362 271 λόγχη,
389 237 434 262 καὶ
465 234 535 272 ἧλοι,
555 237 602 263 καὶ
625 236 757 269 θάνατος,
776 236 862 263 ταῦτα

62 282 145 318 ζωῆς
161 282 294 309 ἀθανάτου
305 282 467 316 (ἓωγίνεται
484 282 627 317 σπάργανα
639 291 646 297 ·
668 282 792 314 τούτοιςὸ
803 282 862 308 δεύ-

62 336 150 364 τερος
176 328 318 363 ἄνθρωπος
346 329 385 359 εἰς
402 328 473 363 ζωὴν
496 329 645 364 ἀπετέχθη.
664 326 711 360 Οἷς
728 330 742 355 ὁ
756 329 862 364 πρῶτος

74 375 164 409 Ἀδὰμ
185 374 350 409 κατεκρίθη,
367 375 471 406 τούτοις
493 375 506 400 ὁ
530 375 656 410 δεύτερος
679 374 766 409 Ἀδὰμ
783 375 863 409 ἠλευ-

63 419 178 455 θερώοη
191 428 197 434 ·
214 421 259 454 ὑφ’
275 417 312 446 ὧν
342 420 359 454 ἡ
383 420 452 455 ἀρχὴ
467 420 521 446 τῶν
534 420 683 455 ἀνθρώπων
701 420 860 451 κατέπεσεν,

62 467 124 493 ὑπὸ
152 465 287 502 τούτωνή
309 467 419 501 ἀπαρχὴ
450 466 504 492 τῶν
532 466 681 501 ἀνθρώπων
702 466 861 501 ἀειυψοῦται.

62 502 196 548 Σήμερον
212 513 225 538 6
249 511 381 548 δεσπότης
400 512 446 538 καὶ
468 511 567 547 Κύριος
579 513 741 547 κατάκριτος
754 513 860 545 ἄγεται,

62 558 117 584 καὶ
132 559 164 584 ὲκ
180 558 355 592 δικαστηρίου
371 557 617 593 πρδςδικαστήριον
632 558 860 593 παραπέμτιεται⁸

64 605 117 631 καὶ
140 605 267 638 Καϊάφας
286 604 475 638 ἀποῃαίνεται,
509 605 556 630 καὶ
577 604 691 636 Πιλᾶτος
713 604 760 640 τὴν
774 605 863 639 ψῆφον

64 649 234 684 διαδέχεται.
264 650 319 676 Καὶ
340 650 370 676 οὺ
395 652 568 686 παραιτεῖται
596 650 645 681 τὴν
667 650 755 685 κρίσιν
771 651 864 686 ὁΧρι-

66 695 145 727 στὸς,
161 695 204 720 ἵνα
216 694 283 729 λύσῃ
297 694 345 730 τὴν
355 695 401 720 τοῦ
413 696 515 730 κόσμου
530 695 700 730 κατάκρισιν.

104 741 133 768 5.
153 742 185 767 Ὢ
201 741 359 776 παραδόξων
388 741 532 776 θαυμάτων
547 742 552 768 !
570 742 675 776 δέχεται
689 741 737 777 τὴν
751 741 798 768 τοῦ
814 741 863 768 θα-

66 788 153 814 νάτου
175 787 265 821 ψῆςαον
280 788 293 813 6
308 788 437 822 Χριστὸς,
453 789 499 814 καὶ
512 787 591 819 εὐθὺς
606 789 619 814 6
633 788 777 824 Βαραϐϐᾶς
797 789 864 815 ἀπο-

65 833 176 860 λύεται.
211 833 259 860 Ἐκ
282 832 431 868 προοιμίων
455 835 469 859 6
492 833 606 868 σταυρὸς
627 835 682 865 τοῖς
708 833 863 865 καταδίκοις

914 236 1017 271 passio,
1034 236 1138 268 lancea,
1155 235 1235 266 clavi,
1249 240 1276 262 et
1296 243 1390 268 mors;
1409 236 1481 267 lucc,
1508 236 1631 270 inquam,
1647 237 1699 264 im-

914 282 1039 309 mortalis
1054 282 1114 310 vilae
1128 282 1194 309 ﬁunt
1205 282 1368 310 incunabula
1383 291 1389 309 :
1407 282 1450 309 his
1466 283 1602 310 secundus
1616 282 1699 310 homo

916 328 949 354 ad
963 329 1044 354 vitam
1060 329 1216 363 progenitus
1231 333 1282 354 est.
1294 328 1398 360 Quibus
1415 328 1520 362 primus
1532 329 1617 354 Adam
1631 336 1698 355 con-

915 373 1059 401 demnatus
1072 379 1124 405 est,
1135 373 1227 401 iisdem
1242 374 1377 400 secundus
1389 374 1474 400 Adam
1489 378 1530 401 est
1547 374 1678 401 liberatus
1691 383 1697 401 :

914 427 962 455 per
974 428 1034 454 qua:
1051 420 1157 447 init.qu
1173 421 1312 447 hominum
1328 419 1438 451 decidit,
1463 428 1509 455 per
1524 427 1555 447 ea
1571 420 1700 455 primitias

915 467 1055 492 hominum
1072 467 1196 493 exaltala:
1218 470 1290 494 sunt.
1317 465 1399 492 Hodie
1421 466 1502 493 herus
1522 474 1553 493 ac
1570 466 1701 494 Dominus

914 517 1007 540 noster
1023 521 1085 539 reus
1101 514 1200 547 agitur,
1215 518 1241 540 et
1264 521 1295 539 ex
1315 512 1443 538 tribunali
1465 511 1498 538 ad
1514 513 1632 541 tribunal
1646 513 1698 540 du—

915 558 1004 584 citur:
1021 558 1138 592 Caiphas
1167 557 1268 592 profert
1287 559 1460 588 sententiam.
1477 557 1580 585 Pilatus
1602 558 1700 592 judicii

916 604 1049 630 calculum
1067 604 1177 637 excipit.
1196 603 1251 630 Nec
1272 607 1381 630 recusat
1401 603 1535 637 judicium
1549 603 1677 632 Christus

916 655 945 677 ut
959 650 1054 677 mundi
1069 650 1325 677 condemnationem
1337 649 1454 676 aboleat.

952 747 978 774 5.
999 746 1022 773 Ο
1037 746 1170 781 stupenda
1196 746 1347 773 miracula!
1376 746 1473 774 mortis
1499 747 1701 774 damnationem

917 792 1043 820 Christus
1057 793 1166 826 accipit.
1185 795 1212 819 et
1232 800 1293 818 mox
1311 792 1448 819 liarabbas
1464 792 1586 819 solvitur.
1604 792 1632 819 ln
1643 793 1703 827 ipso

919 837 1008 863 statim
1026 837 1140 863 exordio
1163 844 1230 863 crux
1250 837 1384 863 damnatis
1401 837 1515 871 largitur
1536 837 1701 864 libertatem.

65 879 229 914 ἐλευθερίαν
259 867 408 914 χαρίζεται.
437 879 482 914 Μὴ
502 867 566 914 γάρ
585 888 630 914 μοι
650 880 718 915 πρὸς
739 880 788 915 τὴν
808 880 861 907 τῶν

916 877 951 904 Ne
967 878 1032 904 mihi
1044 885 1160 911 namque
1173 877 1328 904 Judauorum
1347 867 1478 905 malitiam
1497 879 1602 913 respice
1617 888 1622 906 :
1651 886 1702 906 nec

74 924 214 950 Ἰουδαίων
248 924 380 959 πονηρίαν
417 924 473 958 (27)
511 924 627 961 ἀπίδῃς,
654 924 715 960 μήθ’
741 926 781 952 ὅτι
816 925 861 952 τὸν

66 969 220 1005 εὐεργέτην
236 969 461 1002 καταδικάζοντες
481 971 633 1006 προτιμῶσι
648 971 692 998 τὸν
711 972 861 1006 μιαιφόνον·

66 1016 128 1042 ἀλλ’
157 1015 198 1042 ὅτι
212 1017 228 1051 ἡ
252 1016 301 1051 τῆς
318 1016 464 1052 καταδίκης
479 1016 561 1052 ἀρχὴ,
579 1017 628 1051 τῆς
641 1018 695 1043 τῶν
712 1018 864 1044 καταδίκων

67 1061 230 1096 ἐλευθερίας
253 1061 375 1096 ὑπῆρχεν
391 1062 477 1097 ἀρχή·
495 1062 536 1088 ὅτι
552 1063 566 1088 6
581 1063 631 1097 τὴν
643 1063 697 1088 τῶν
711 1063 864 1090 καταδίκων

66 1107 147 1141 δίκην
160 1106 216 1141 (28)
228 1105 373 1141 δεξάμενος
382 1106 492 1138 δικαίως
502 1105 610 1138 ζώντων
625 1106 691 1142 ὁμοῦ
703 1107 749 1133 καὶ
759 1107 863 1142 νεκρῶν

65 1152 169 1188 κριτὴς
194 1152 384 1186 ἀναφαίνεται·
401 1162 410 1178 ι
429 1153 531 1179 Καθότι
557 1153 671 1187 ἔστησεν
686 1153 791 1188 ἡμέραν
802 1154 831 1178 ὲν

67 1197 165 1233 μέλλει
191 1197 293 1234 κρίνειν
305 1199 319 1224 6
334 1197 400 1229 Θεὸς
411 1197 461 1233 τὴν
487 1198 648 1233 οἰκουμένην
666 1199 694 1225 ὲν
707 1197 864 1233 δικαιοσύνῃ

66 1245 97 1271 ὲν
111 1244 190 1279 ἀνδρὶ
206 1241 228 1277 ᾧ
247 1243 347 1279 ὥρισεν
360 1244 374 1270 6
388 1244 464 1275 Θεὸς,
481 1244 572 1270 πίστιν
597 1243 746 1279 παρασχὼν
770 1245 862 1276 πᾶσιν,

65 1291 226 1325 ἀναστήσας
238 1290 318 1317 αὑτὸν
341 1291 372 1316 ὲκ
396 1290 509 1324 νεκρῶν.
529 1300 537 1316 ι
556 1291 587 1317 Οί
604 1291 652 1325 μὲν
668 1289 714 1317 οὖν
733 1290 862 1322 Ἰουδαῖοι,

65 1337 132 1368 τοὺς
148 1335 246 1367 ἄλλους
258 1335 304 1362 τοῦ
327 1336 440 1363 θανάτου
457 1337 573 1372 τρόπους
589 1337 722 1372 παρέντες
738 1337 804 1372 (29),
819 1337 864 1363 ἐπὶ

65 1390 113 1407 τον
143 1381 260 1416 σταυρὸν
277 1381 419 1417 ὥρμησαν,
437 1382 571 1417 τιμωρίας
595 1381 662 1416 ὁμοῦ
690 1382 736 1408 καί
753 1381 864 1416 ἀτιμίας

65 1427 264 1461 ἐπινοήσαντες
292 1427 422 1462 ὄργανονε
443 1427 490 1453 καὶ
512 1426 561 1462 τὴν
577 1427 623 1454 τοῦ
641 1427 722 1462 νόμου
739 1428 862 1463 κατάραν

65 1474 107 1510 τῴ
139 1474 182 1500 διὰ
213 1473 290 1506 ξύλου
320 1474 425 1510 θανάτῳ
446 1475 658 1510 προσάπτουσιν,
679 1475 864 1510 ὲπιφορτίζειν

66 1520 218 1556 ἡγούμενοι
245 1520 292 1547 τοῦ
316 1520 429 1547 θανάτου
451 1521 481 1546 τὸ
507 1521 597 1556 βάρος.
623 1521 796 1554 Ἠγνόουνδὲ
810 1520 862 1556 ἄρα

65 1566 115 1592 τὸν
145 1566 261 1600 σταυρὸν
293 1566 370 1601 νίκης
400 1566 455 1600 (50)
479 1566 587 1601 ἐντίμου
611 1566 861 1598 κατασκευάζοντες

69 1610 216 1646 σύμϐολον.
236 1611 290 1637 Καὶ
306 1611 365 1638 οὐδὲ
393 1612 471 1647 μέχρι
487 1611 588 1638 τούτων
608 1611 781 1647 ἀρκούμενοι,
806 1621 863 1638 κοι-

69 1657 172 1687 νωνοὺς
187 1655 232 1681 τοῦ
263 1655 377 1682 Θανάτου
396 1657 443 1682 καὶ
460 1655 560 1690 λῃστὰς
570 1655 696 1689 γενέσθαι
714 1655 860 1690 βιάζονται,

71 1703 115 1730 ἴνα
130 1704 146 1738 ἡ
163 1702 210 1729 τοῦ
227 1703 340 1730 Θανάτου
355 1704 481 1729 κοινωνία
490 1703 539 1737 τῆς
548 1702 674 1737 τελευτῆς
682 1702 795 1738 γένηται
806 1702 861 1737 (51)

71 1749 175 1781 ἀδοξία.
194 1749 323 1782 Ἥγνόουν
339 1749 367 1774 δὲ
385 1749 437 1784 ἄρα
451 1748 552 1784 λῃστὴν
565 1748 604 1784 τῷ
620 1749 730 1784 Χριστῷ
747 1757 863 1774 συσταυ-

73 1795 220 1830 ρώσαντες,
243 1796 350 1830 κήρυκα
370 1795 419 1828 τῆς
439 1795 485 1821 τοῦ
507 1795 711 1830 ἐσταυρωμένου
725 1794 863 1830 βασιλείας

70 1840 296 1876 χειροτονοῦντες.
316 1850 325 1865 ι
341 1840 483 1876 Μνήσθητί
509 1849 569 1875 μου,
586 1840 683 1875 Κύριε,
701 1840 763 1866 ὅταν
783 1840 862 1876 ἔλθῃς

72 1887 101 1913 ἐν
116 1888 150 1922 τῇ
178 1886 299 1922 βασιλεία
315 1895 372 1912 σου.
390 1896 399 1912 ι
423 1887 464 1917 Ὠς
478 1887 578 1922 λῃστὴς
599 1886 772 1922 ὲσταυρώθης
795 1887 861 1922 (52),

71 1934 118 1959 καὶ
132 1933 327 1968 εὐαγγελιστὴς
348 1933 503 1968 ἀνεδείχθης
517 1941 524 1965 ;
544 1933 587 1964 Ὡς
602 1933 713 1968 βασιλέα
728 1934 810 1968 τιμᾷς
833 1933 862 1960 ὃν

71 1979 215 2014 ἀτιμάζειν
235 1978 370 2014 ἐτάχθης;
388 1988 396 2004 ι
415 1979 556 2015 Μνήσθητί
588 1988 653 2014 μου,
678 1980 775 2014 Κύριε,
798 1980 862 2006 ὅταν

71 2025 152 2062 ἔλθῃς
166 2026 236 2061 ἐντῇ
246 2026 367 2061 βασιλείᾳ
382 2035 438 2053 σου.
454 2036 464 2051 )
480 2026 512 2052 Τί
529 2026 607 2061 ἔφης,
621 2024 643 2053 ὦ
653 2026 862 2062 λῃστά,ἁγνοεῐς

70 2071 88 2098 ἃ
104 2073 239 2107 aitque;
261 2072 405 2098 Ἐπελὰθου
422 2072 475 2098 τῶν
490 2071 578 2107 ἦλων;
601 2072 650 2097 οὐκ
667 2071 784 2106 ᾑσθάνου
809 2070 861 2097 τῶν

71 2117 190 2150 ὀδυνῶν;
216 2117 259 2149 Ὡς
286 2119 314 2143 ὲν
343 2117 407 2152 ἱερῴ
431 2116 658 2152 προσευχόμενος,
691 2116 739 2150 οὐχ
770 2115 808 2147 ὡς
832 2117 862 2142 ἐν

71 2163 142 2198 ξύλῳ
156 2163 211 2197 (53)
228 2162 410 2197 κρεμάμενος,
425 2162 509 2192 οὕτως
524 2159 765 2193 ίκετεύεις;Εἷδον.
783 2161 859 2196 φησι,

914 921 986 955 quod
1019 920 1217 947 benefactorum
1247 921 1447 952 condemnem,
1480 921 1702 956 homicidamquc

915 967 951 994 illi
976 971 1159 1002 anu-ponant;
1189 967 1236 994 sed
1261 967 1352 1001 potius
1369 967 1556 996 animadverte
1571 969 1702 996 condem-

914 1013 1032 1040 nationis
1058 1013 1175 1046 initium,
1191 1013 1381 1040 damnatorum
1397 1013 1568 1041 liberalionis
1591 1014 1700 1044 initium

915 1058 1009 1087 fuisse.
1036 1057 1170 1090 Quoniam
1196 1058 1243 1093 qui
1270 1066 1379 1085 reorum
1395 1058 1596 1086 damnationem
1621 1061 1650 1087 in
1671 1068 1702 1088 se

914 1105 1114 1138 suscepit.jurc
1129 1105 1252 1130 vivorum
1271 1104 1352 1131 simul
1376 1108 1403 1131 et
1429 1110 1599 1132 mortuorum
1616 1106 1701 1140 judex

914 1150 1067 1177 declaratur
1080 1159 1086 1176 :
1107 1159 1115 1174 ι
1126 1149 1171 1176 .Eo
1182 1149 1255 1184 quod
1270 1151 1367 1176 statuit
1380 1150 1462 1183 diem,
1478 1150 1505 1176 in
1520 1158 1574 1185 quo
1594 1151 1702 1185 judica-

914 1200 994 1223 turus
1013 1201 1054 1224 est
1078 1195 1150 1223 Deus
1175 1197 1269 1224 orbem
1287 1196 1313 1222 in
1341 1195 1460 1230 justitia,
1477 1196 1505 1223 in
1528 1198 1587 1224 viro
1603 1198 1628 1224 in
1647 1206 1702 1233 quo

915 1244 1010 1271 statuit
1027 1243 1107 1274 Deus,
1118 1243 1196 1270 ﬁdem
1210 1243 1333 1278 pra-hens
1345 1243 1483 1276 oumibus,
1493 1244 1629 1271 suscitans
1640 1252 1703 1272 eum

915 1297 930 1316 ιι
944 1289 1059 1316 mortuis
1081 1289 1115 1315 ⁸³.
1138 1298 1147 1314 ι
1176 1288 1262 1316 Judaei
1291 1296 1372 1323 porro
1398 1291 1507 1318 omissis
1524 1290 1586 1318 aliis
1604 1292 1703 1318 mortis

915 1335 1071 1370 generibus,
1085 1342 1194 1361 crttccm
1209 1335 1359 1369 elegerunt,
1382 1343 1435 1362 una
1449 1336 1587 1370 supplicii,
1603 1344 1635 1363 ac
1654 1338 1704 1364 de-

915 1381 1022 1408 decoris
1040 1381 1223 1408 iustrumento
1235 1381 1405 1416 excogitato:
1425 1386 1451 1408 et
1470 1381 1644 1408 maledictum
1662 1382 1703 1410 le-

916 1427 974 1461 gis,
990 1427 1070 1454 morti
1086 1435 1133 1462 per
1150 1427 1251 1461 lignum
1263 1427 1344 1454 illatae
1359 1427 1540 1462 conjungunt,
1557 1428 1608 1455 rati
1624 1436 1653 1455 se
1664 1429 1702 1455 ita

915 1473 1074 1508 gravitatem
1106 1473 1202 1500 nmrtis
1234 1481 1342 1507 augere.
1378 1472 1544 1508 lgnurabant
1566 1482 1648 1508 porro
1673 1483 1703 1502 se

916 1526 1024 1546 crucem
1042 1519 1068 1545 in
1085 1518 1233 1553 gloriosum
1250 1518 1531 1552 victorizesymbolum
1548 1518 1700 1546 adornare:

914 1572 1002 1598 neque
1017 1564 1059 1590 his
1083 1563 1225 1594 contenti,
1249 1562 1344 1589 mortis
1370 1563 1430 1597 ejus
1450 1568 1594 1591 consortes
1619 1564 1702 1590 etiam

914 1611 1034 1637 latrones
1047 1618 1108 1637 esse
1128 1609 1310 1644 compellunt,
1335 1613 1365 1635 ut
1386 1611 1483 1636 mortis
1508 1610 1678 1637 consortium

913 1657 997 1684 exitui
1013 1656 1073 1691 ejus
1087 1656 1214 1683 dedecori
1227 1663 1299 1683 esse
1315 1655 1476 1690 lgnorabant
1492 1663 1574 1690 porro
1590 1664 1619 1683 se
1635 1663 1698 1683 cum

913 1701 1024 1729 Christo
1051 1701 1182 1728 latronem
1206 1701 1416 1736 cruciligentes,
1442 1709 1593 1736 praeconem
1620 1703 1701 1737 regni

914 1746 987 1774 illius
1014 1747 1059 1781 qui
1088 1746 1298 1781 eruciligebatur
1325 1748 1519 1775 constituere:
1543 1756 1552 1772 ι
1568 1747 1704 1775 Memento

913 1793 978 1824 mei,
997 1792 1121 1824 Domine,
1137 1793 1201 1819 dum
1225 1793 1332 1820 veneris
1358 1793 1385 1819 in
1414 1801 1527 1828 regnum
1547 1797 1623 1820 tuum
1639 1793 1672 1820 ⁸⁸.
1689 1807 1699 1820 ο

914 1838 1054 1873 Tanquam
1068 1839 1136 1865 latro
1150 1839 1224 1865 cruci
1242 1838 1338 1865 allixus
1349 1845 1389 1870 es,
1408 1842 1435 1866 et
1452 1839 1627 1874 evangelista:
1641 1847 1702 1866 mu-

913 1892 965 1912 nus
979 1884 1107 1911 exhibes?
1125 1883 1158 1910 Ut
1174 1892 1264 1919 regem
1282 1884 1402 1911 honoras
1420 1892 1493 1916 eum,
1510 1893 1591 1919 quem
1614 1888 1642 1912 ut
1659 1885 1702 1912 in-

913 1932 1063 1958 honorarcs
1078 1931 1245 1958 consdtutus
1258 1930 1368 1957 fueras?
1387 1940 1395 1956 ι
1412 1930 1547 1958 Memento
1563 1932 1627 1963 mei,
1645 1931 1701 1958 Do-

913 1977 997 2008 mine,
1013 1977 1077 2003 duln
1093 1976 1200 2003 veneris
1220 1976 1248 2002 in
1263 1983 1376 2011 regnum
1393 1979 1481 2002 tuum.
1506 1986 1515 2002 r
1533 1976 1604 2009 Quid
1617 1978 1667 2008 ais,
1685 1985 1702 2004 0

914 2024 1002 2050 latro?
1015 2023 1128 2058 Ignoras
1145 2031 1205 2058 qua:
1222 2027 1278 2049 tute
1299 2022 1418 2058 pateris?
1444 2023 1551 2050 Oblitus
1565 2031 1596 2050 es
1610 2023 1702 2050 clavo-

913 2078 973 2097 rum
991 2074 1081 2097 etnon
1094 2070 1179 2097 sentis
1193 2069 1351 2096 cruciatus?
1376 2069 1449 2096 Itane
1464 2070 1613 2104 supplicos,
1630 2077 1661 2096 ac
1679 2070 1702 2097 si

913 2116 941 2142 iu
964 2115 1065 2150 templo
1081 2122 1187 2147 orares,
1200 2121 1250 2141 nec
1265 2114 1293 2140 in
1314 2115 1385 2148 ligno
1402 2114 1555 2148 penderes?
1574 2113 1644 2146 Vidi,
1661 2113 1703 2139 in-

912 2161 981 2194 quit,
1003 2168 1097 2187 verum
1121 2160 1225 2191 Deum,
1252 2164 1279 2187 et
1302 2159 1458 2194 supplicare
1477 2159 1642 2186 desideravi.
1662 2158 1700 2186 Ex

70 2208 135 2234 Θεὸν
147 2207 282 2243 ἀληθινὴν,
295 2209 340 2235 καὶ
353 2207 482 2234 ἱκετεύειν
495 2207 587 2233 τοῦτον
601 2206 732 2241 ὲπόθησα.
751 2207 857 2240 Ἐγνων

916 2207 1090 2240 inscriptione
1104 2206 1263 2241 dignitatem
1284 2205 1392 2240 agnovi.
1409 2203 1471 2231 Vidi
1492 2204 1701 2231 condemnatio-

69 2255 102 2281 ὲκ
121 2255 171 2289 τῆς
193 2255 348 2290 ἐπιγραφῆς
372 2254 421 2289 τὴν
444 2254 531 2286 ἀξίαν.
555 2252 630 2280 Εἶδον
646 2253 794 2286 καταδίκην
811 2253 859 2288 τὴν

71 2300 209 2335 βασιλείαν
232 2300 428 2336 κηρύττουσαν.
453 2299 527 2326 Εἶδον
541 2301 568 2326 ἐν
583 2301 615 2334 τῇ
634 2299 786 2334 κατηγορία
801 2299 859 2326 δια-

69 2345 190 2381 δήματος
215 2345 295 2381 χάριν
311 2345 527 2380 ἂστράπτουσαν.
545 2345 576 2370 Εί
594 2344 648 2378 γὰρ
660 2343 859 2380 σταυρούμενος

70 2391 271 2427 βασιλεύειετίς
290 2391 322 2418 ἂν
338 2393 380 2427 εἴη
402 2391 565 2426 στεφόμενος
577 2390 649 2424 (5i);
666 2390 793 2425 Γνωρίζει
809 2391 859 2425 τὴν

69 2437 209 2474 βασιλείαν
237 2438 254 2472 ἡ
275 2437 373 2469 κτίσις.
398 2437 491 2468 Ἥλιος
516 2435 713 2472 σταυρούμενον
730 2437 797 2472 ὁρᾷ,
813 2436 859 2463 καὶ

122 2516 147 2532 ⁸³
165 2515 225 2542 Act.
241 2523 310 2547 xvn,
326 2515 370 2543 5|.
410 2515 433 2531 ⁸⁵
451 2514 518 2542 Luc.
534 2523 601 2542 xxtn
613 2535 620 2547 ,
637 2514 682 2542 42.

106 2593 162 2629 (26)
177 2593 222 2629 Sic
236 2601 303 2620 mss.
318 2592 389 2619 Editi
406 2600 482 2623 vero,
501 2591 573 2626 ζωῆς
589 2592 635 2629 καὶ
649 2591 772 2629 θανάτου.

117 2627 217 2668 ἓηίιτι
233 2636 300 2656 mss.
401 2636 475 2659 veto,
491 2627 733 2668 σωτηρίανειιιιιΙο.

117 2632 163 2661 27)
180 2632 217 2655 lta
233 2636 300 2656 mss.
315 2632 384 2668 ladtti
401 2636 475 2659 vero,
491 2632 637 2668 σωτηρίαν.
654 2632 733 2654 male.

106 2632 215 2699 ξειςγιω
231 2671 297 2690 mss.
313 2663 384 2690 Edttt
399 2671 462 2690 vero
469 2671 524 2699 εις,
538 2663 614 2698 δίκην
626 2663 726 2694 ἀδίκως
741 2661 856 2697 δεξάμε-

69 2698 124 2731 νος.
138 2700 178 2726 ὅτι
195 2699 242 2726 καὶ
256 2699 292 2730 ὡς
309 2698 368 2731 ς....
390 2698 563 2733 ἀναφέρεται.

106 2734 162 2771 (τίθ)
182 2733 247 2769 Reg.
261 2734 404 2770 παρέντες.
418 2732 537 2771 Colliert.
554 2732 581 2764 2,
601 2732 789 2771 παρενθέντες.

181 2767 234 2797 816
249 2767 316 2796 mss.
340 2777 444 2805 omnes.
468 2769 538 2795 Editi
552 2767 646 2805 ivero,
664 2769 765 2800 νίκους.
794 2767 855 2795 Mox

68 2801 142 2835 unus
153 2801 235 2832 habet
250 2801 500 2836 κατασκευάζοντες
510 2804 648 2839 τρόπαιον.

105 2840 162 2876 (51)
181 2839 240 2868 Duo
256 2839 448 2874 manuscripti,
461 2838 572 2874 γένηται
587 2840 636 2875 τῆς
648 2839 736 2875 ταφῆς
751 2838 853 2871 ἀδοξία.

913 2260 974 2279 nem
992 2260 1104 2287 regnum
1118 2252 1203 2286 ipsius
1220 2251 1437 2278 annuntiautem.
1463 2249 1522 2277 Vidi
1543 2250 1570 2277 in
1587 2258 1702 2278 accusa-

912 2299 986 2325 tione
1000 2298 1161 2324 diadematis
1172 2298 1286 2332 gratiam
1307 2297 1496 2331 rrfulgeutem.
1513 2296 1579 2323 Nam
1596 2297 1619 2323 si
1635 2297 1699 2323 dum

913 2345 1080 2379 cruciﬁgitur
1102 2348 1215 2378 regnat,
1249 2343 1311 2378 quis
1331 2343 1384 2370 erit
1411 2351 1473 2370 cunt
1503 2343 1701 2370 coronabitur?

912 2390 1035 2425 Regnent
1056 2390 1116 2424 ejus
1127 2394 1258 2417 creatura:
1275 2390 1461 2417 manifestam.
1478 2389 1525 2416 Sol
1541 2389 1615 2417 videt
1634 2397 1701 2416 cru-

913 2437 1034 2471 ciﬁxum,
1050 2444 1101 2464 nec
1116 2436 1209 2463 lucere
1233 2435 1315 2463 audet
1336 2444 1342 2462 :
1365 2436 1453 2462 lucem
1480 2435 1576 2462 adimit
1592 2435 1702 2464 cruciﬁ-

909 2589 993 2622 Editi,
1011 2589 1059 2625 τῆς
1071 2589 1200 2625 τελευτῆς
1215 2589 1327 2625 γένηται
1344 2588 1446 2625 ἀδοξία.

947 2627 1003 2660 (52)
1032 2623 1240 2660 Ἐσταυρώθη...
1264 2623 1437 2659 ἀνεδείχθη...
1459 2625 1559 2659 τιμᾷ...
1585 2623 1697 2660 ἐτάχθη.

908 2660 1041 2722 6S'icéduo,
1060 2659 1175 2695 quorum
1191 2664 1282 2687 tamen
1305 2660 1373 2687 alter
1391 2659 1472 2686 habet.
1489 2660 1624 2695 ἀτιμάσας
1647 2659 1699 2685 ἐδι-

925 2705 958 2722 αν
977 2705 1005 2722 τι.

925 2696 1005 2722 ἀνθῇ.

1022 2732 1066 2767 Sic
1078 2739 1143 2759 mss.
1163 2730 1323 2767 Editivero,
1341 2731 1394 2767 ea?
1404 2729 1494 2767 ξύλου.
1509 2729 1575 2767 lbid_
1588 2737 1655 2767 mss.
1668 2733 1699 2767 u_t

909 2762 1037 2794 intexto.
1057 2766 1125 2793 Editi
1139 2773 1215 2798 vero,
1231 2762 1320 2796 Εἶδον,
1335 2766 1411 2801 φησὶ,
1433 2765 1495 2792 ναὸν
1510 2762 1635 2801 ἀληθινὸν
1651 2765 1698 2793 τοῦ

908 2801 987 2833 Θεοῦ,
1000 2802 1049 2828 καὶ
1064 2801 1204 2828 ἱκετεύειν.

945 2837 1001 2873 (54)
1021 2836 1067 2865 Sic
1087 2845 1153 2866 mss.
1168 2837 1240 2865 Editi
1256 2844 1332 2871 vero,
1350 2836 1575 2872 στεφανούμενος.
