1940 3067
97 127 165 156 1065

95 185 160 217 Θεὸς
177 185 251 220 λέγει
265 185 334 221 πρὸς
347 185 444 212 αὐτόν’
462 185 564 216 Θέλεις,
584 186 599 212 ὀ
619 185 711 218 Δαϐὶδ,
729 186 879 212 καταπολε-

97 232 216 268 μηθῆναι
229 232 291 264 τοὺς
304 231 494 268 ἐχθραίνοντάς
513 240 570 264 σοις
602 232 630 257 '0
648 231 677 257 δὲ
698 231 779 257 Δαῦίδ
790 239 796 245 “
817 231 881 262 Ναὶ,

94 277 192 314 Κύριε,
206 278 253 304 καὶ
268 278 338 305 πάνυ
362 278 460 310 αὐτοὺς
477 278 546 304 θέλω
565 276 833 312 καταπολεμηθῆναι.
854 277 882 303 Ὁ

94 325 123 351 δὲ
138 325 295 359 Μονογενής
305 333 311 339 ·
327 325 382 350 Καὶ
398 324 446 351 ἐὰν
471 325 556 351 ταῦτα
580 323 733 350 ὑποστῶσιν
748 324 772 349 oi.
791 322 882 358 ἐχθροί

96 377 154 400 σου,
175 369 227 395 ποῦ
243 378 289 395 σου
310 369 339 396 τὸ
360 370 563 405 ἀμνησίκακον;
581 369 643 401 Πῶς
656 369 685 396 δὲ
701 369 748 395 κα)¹
770 368 881 395 δύνασαι

93 414 207 448 ψάλλειν
236 415 391 449 ἀληθεύων·
412 425 422 440 ι
446 415 550 450 Κύριε,
573 415 598 440 εί
622 414 800 441 ἀνταπὲδωκα
826 415 882 445 τοῖς

93 461 298 488 ἀνταποδιδοῦσί
321 470 365 496 μοι
390 462 473 494 κακὰ,
489 461 654 496 ἁποπέσοιμι
678 461 732 495 ἄρα
745 461 799 487 ἀπὸ
827 460 881 487 τῶν

92 507 198 542 ἐχθρῶν
223 516 273 542 μου
295 507 388 540 κενό;;
417 517 426 533 ι
463 507 491 533 '0
505 507 533 533 δὲ
554 507 643 533 Δαϐίὸ·
660 507 724 539 Ναὶ,
749 507 880 538 Δέσποτα,

92 553 134 579 ὃτι
160 552 231 579 οὕτω
253 553 345 587 ψάλλω
373 552 475 588 ἀληθῆ,
503 552 561 579 ἀλλ’
582 553 629 579 ἐὰν
653 553 684 578 σὺ
714 552 813 584 αὐτοὺς
833 561 882 578 πο-

92 598 231 634 λεμήσῃς,
251 601 260 609 '
273 599 319 624 καὶ
340 597 384 624 διὰ
411 598 445 624 τὰ
458 597 542 633 ιπαρά
569 597 615 624 σοῦ
639 597 769 632 γινόμενα
793 596 882 623 πάντα

91 644 219 678 ἄγνωστα
237 645 288 682 καὶ.
299 644 479 679 ἀκατάληπτα
495 645 621 679 ὑπάρχει.
640 643 717 670 Οὕτω
733 643 761 669 δέ
779 651 823 678 μοι
835 643 881 669 καὶ

91 690 231 716 ἐνετείλω·
244 690 289 725 Μὴ
311 690 404 716 ἑαυτὸν
421 690 564 725 ὲκδικήσῃς
575 698 581 704 ·
602 698 612 715 ί
641 689 716 724 Ἐμοὶ
732 689 879 724 ἐκδίκησις,

90 734 148 769 ἐγὼ
169 734 350 761 ἀνταποδώσω
375 735 475 766 αὐτοῖς.
500 744 508 760 ι
529 735 558 761 '0
583 734 611 760 δὲ
631 735 799 770 Μονογενής·
825 734 881 760 Καὶ

89 781 151 812 πῶς
172 780 224 816 χρὴ
253 779 437 815 πολεμηθῆναι
465 781 527 811 τοὺς
547 779 737 815 ἐχθραίνοντάς
757 788 801 812 σεῖ
818 779 880 814 λέγε

89 828 139 853 καὶ
160 826 330 861 φανεροποίει
352 826 399 861 τὴν
413 826 510 853 αἰτίαν.
529 826 558 852 '0
577 825 605 852 δὲ
623 825 718 852 Δαὸίδ·
734 826 771 852 Οὺ
787 825 879 860 χρείαν

88 872 162 907 ἔχεις
172 892 179 904 ,
193 872 324 904 Δέσποτα,
352 872 511 907 ἐρωτήσεως
527 872 544 906 ἢ
564 871 750 906 ὑπομνήσεως,
763 870 799 898 ὢν
814 879 880 906 προ-

89 918 215 953 γνὼστης
244 919 291 945 καὶ
310 917 431 944 εἰδαίνων
452 918 486 944 τὰ
510 917 699 953 προγνώσεως,
730 917 775 943 καὶ
800 917 879 948 ποίας

89 964 277 999 προαιρέσεως
292 963 348 998 ἔχει
366 962 491 997 γενέσθαι
516 963 530 989 ὁ
550 963 652 998 μέλλων
668 962 804 989 τίκτεσθαι
829 963 871 989 ἇν-

88 1009 208 1045 θρωπος.
232 1008 298 1035 Οὐδὲ
327 1008 477 1043 ὑπάρχεις,
504 1008 542 1039 ὡς
570 1006 610 1040 εἷς
634 1007 689 1034 τῶν
716 1008 871 1042 ἀρχόντων,

87 1051 194 1085 ἀγνοῶν
205 1052 268 1083 τοὺς
281 1052 392 1087 νόμους,
405 1051 538 1087 ῆχρῄζων
556 1053 704 1088 συνηγόρου
719 1051 736 1087 ἢ
751 1051 871 1085 συγκαθ-

89 1098 177 1133 έδρου,
184 1097 208 1124 οἳ
216 1097 282 1133 πρὸς
289 1097 317 1124 ἒν
326 1097 392 1134 (45⁸)
399 1099 510 1124 ἕκαστον
516 1097 660 1132 κεφάλαιον
668 1097 870 1132 ἀποφαίνοντες.

89 1144 125 1169 Σὺ
137 1143 191 1178 γὰρ
206 1141 232 1170 εἷ
251 1144 393 1179 σύνθρονος
415 1143 462 1170 τοῦ
484 1143 601 1178 Πατρὸς,
623 1143 677 1169 τῶν
694 1143 783 1179 νόμων
798 1144 872 1177 εὐρε-

88 1189 148 1224 τὴς,
163 1189 217 1216 τῶν
234 1189 323 1224 σοφῶν
336 1189 491 1226 διορθωτὴς,
504 1190 552 1225 τῆς
562 1189 734 1224 δικαιοσύνης
743 1190 870 1225 χορηγὸς,

89 1234 144 1261 τῶν
167 1235 409 1270 καταπονουμένων
431 1235 642 1270 ὑπερασπιστὴς,
664 1235 718 1262 τῶν
738 1243 871 1270 συκοφαν-

86 1281 226 1316 τουμένων
247 1281 360 1313 ἔκδικος.
376 1281 430 1317 Τὴν
449 1281 504 1317 γὰρ
523 1281 674 1308 Σουσάνναν
699 1289 870 1317 συκοφαντη-

88 1327 180 1354 θείσαν
192 1327 244 1353 ὑπὸ
257 1327 309 1353 τῶν
320 1327 474 1354 ἀκολάστων
487 1328 621 1363 γερόντων
633 1327 740 1363 ὲρῤύσω
755 1327 809 1354 ἀπὸ
822 1327 869 1354 τοῦ

87 1372 231 1399 θανατικοῦ
252 1373 434 1408 ψηφίσματος,
461 1373 623 1404 ἀποστείλας
648 1374 688 1404 είς
716 1373 870 1406 δικολογίαν

86 1418 133 1444 τὸν
148 1418 228 1452 σοφὸν
247 1419 293 1444 καὶ
308 1418 460 1454 ἀνάργυρον
482 1418 582 1453 ῥήτορα
604 1418 712 1453 Δανιήλ.
736 1418 812 1445 Ἐπεὶ
823 1416 869 1445 οὖν

86 1465 195 1490 πάντων
207 1463 279 1498 ἔχεις
289 1463 399 1498 γνῶσιν,
410 1464 457 1490 καὶ
468 1463 621 1495 ἐπίστασαι,
635 1463 693 1495 πῶς
707 1464 759 1499 χρὴ
771 1465 869 1496 αὐτοὺς

87 1509 289 1545 πολεμηθῆναι·
307 1511 331 1536 εἰ
347 1510 375 1537 δὲ
391 1509 548 1545 ἐπιτρέτῆις
564 1518 618 1545 μοι,
631 1510 716 1544 λέγω·
742 1511 800 1545 εἰμὶ
815 1510 869 1546 γὰρ

85 1554 178 1586 δοῦλος
201 1555 251 1590 τῆς
272 1555 322 1590 σῆς
344 1554 557 1591 φιλανθρωπίας,
583 1555 725 1582 καὶτοῦτο
749 1555 867 1590 ἀχρεῖος,

86 1601 134 1627 καὶ
154 1601 185 1627 οὑ
204 1601 320 1636 δύναμαι
340 1601 501 1636 ἀντιπρᾶξαι
520 1604 552 1637 τῇ
576 1602 699 1629 κελεύσει
716 1610 772 1628 σου.
795 1602 823 1628 '0
839 1601 867 1627 δὲ

552 126 694 172 li0MlLIA
711 126 746 154 IN
766 126 815 155 SS.
836 126 972 154 PATRES
990 127 1034 154 ET
1053 127 1267 156 PROPHETAS.

1637 128 1707 157 £066

894 189 916 216 Α
930 186 967 212 ait
981 185 1020 212 illi
1032 196 1039 212 :
1056 185 1115 212 Vin’
1130 190 1170 218 tu,
1184 194 1200 214 ο
1214 185 1311 218 David,
1326 185 1474 221 expugnari
1489 185 1614 213 inimicos
1628 187 1710 214 tuos!

925 230 976 258 Cui
992 230 1096 258 David:
1112 231 1210 263 Etiam,
1229 230 1351 264 Domine,
1367 235 1393 258 et
1405 231 1551 259 admodum
1566 232 1646 265 cupio
1662 239 1710 258 ex-

925 277 1050 312 pugnari.
1063 277 1178 312 Reponit
1197 277 1357 312 Unigenitus
1387 287 1394 304 :
1426 277 1456 304 Si
1479 277 1535 304 hate
1555 278 1657 304 inimicr
1670 278 1709 304 tui

925 323 1052 355 subeant,
1068 323 1179 350 ubinam
1205 323 1251 350 illa
1275 327 1321 350 tua
1343 323 1509 358 'injuriarum
1525 323 1642 351 oblivio?
1656 323 1708 357 Qui

925 373 1002 404 potes
1015 377 1076 396 cum
1093 371 1207 397 veritate
1227 371 1361 404 psallere:
1380 379 1389 396 ε
1408 369 1536 402 Domine,
1559 371 1582 398 si
1601 370 1707 397 reddidi

926 416 1141 444 retribuentibus
1155 417 1221 443 mihi
1233 417 1314 448 mala,
1325 416 1448 443 deeidam
1462 418 1558 443 merito
1569 416 1602 443 ab
1618 416 1707 443 inimi-

926 459 967 488 cis
979 461 1046 487 meis
1058 460 1147 488 inanis
1156 460 1196 486 ἐἳ
1213 469 1222 486 ι
1240 460 1310 487 Tum
1318 460 1402 488 David
1415 470 1421 488 :
1438 461 1504 493 lmo,
1516 461 1638 493 Domine,
1651 461 1707 488 haec

924 514 988 533 vere
1014 506 1118 542 psalle.
1151 506 1198 533 sed
1232 506 1313 533 modo
1345 510 1375 533 tu
1409 506 1469 534 illos
1494 508 1706 541 expugnaveris;

924 551 988 586 quia
1001 555 1077 585 gesta
1091 555 1136 577 tua
1152 551 1279 578 universa
1290 551 1381 585 ignota
1401 554 1428 578 et
1443 551 1706 586 incomprehensibi-

923 595 961 622 lia
978 599 1057 628 sunt;
1073 595 1110 622 ita
1121 595 1221 630 quippe
1235 595 1304 621 mihi
1319 596 1471 630 praecepisti
1485 605 1491 623 :
1508 595 1546 623 Ne
1565 598 1706 633 temetipse

923 641 1077 668 vindicato:
1097 650 1106 666 ι
1118 639 1182 667 Mihi
1196 640 1325 672 vindicta,
1339 648 1389 675 ego
1402 641 1547 668 retribuam
1556 641 1596 669 eis
1606 642 1639 669 ”.
1651 652 1660 668 ι
1672 643 1706 669 At

924 685 1105 721 Unigenitus:
1136 685 1228 720 Ecqua
1260 686 1365 712 ratione
1399 691 1568 721 expugnatos
1600 692 1706 722 oportet

924 730 1051 758 inimicos
1075 730 1157 758 tuos?
1185 737 1296 757 causam
1313 729 1395 757 dicito
1421 738 1453 758 ac
1469 730 1616 758 declarato.
1636 731 1705 758 Tum

924 774 1008 803 David
1022 785 1028 803 :
1044 775 1102 803 Non
1116 780 1157 803 est
1172 775 1222 802 tibi
1236 783 1316 810 opus,
1331 783 1347 802 ο
1357 775 1482 809 Domine,
1493 777 1707 812 interrogatione

923 824 970 847 aut
985 820 1182 853 admonitione,
1197 828 1259 847 cum
1285 821 1435 855 praevideas
1462 826 1488 849 et
1512 829 1662 857 cognoscas
1674 831 1706 850 ea

923 874 983 901 qua:
999 867 1186 902 praevisionem
1204 871 1328 901 spectant
1343 886 1350 900 ,
1377 874 1404 894 et
1426 875 1546 902 quonam
1566 869 1706 903 proposito

923 913 1032 941 futurus
1055 918 1096 942 est
1110 914 1156 949 qui
1170 913 1328 942 nasciturus
1351 918 1393 940 est
1418 914 1508 941 homo.
1527 914 1620 950 Neque
1632 920 1662 942 tu
1675 923 1706 943 es

891 966 912 993 Β
927 964 956 987 ιιι
973 960 1071 995 aliquis
1096 967 1130 987 ex
1154 960 1321 994 principibus
1353 959 1399 994 qui
1430 959 1503 995 leges
1527 960 1650 995 ignoret,
1678 965 1705 987 et

924 1009 1001 1040 egeat
1011 1005 1168 1032 consiliario
1182 1011 1229 1032 aut
1247 1012 1396 1037 assessore,
1418 1006 1466 1040 qui
1489 1005 1523 1032 ad
1539 1006 1645 1041 singula
1659 1014 1704 1033 ca-

925 1051 981 1086 pita
992 1051 1152 1079 sententiam
1170 1051 1272 1078 dicant.
1290 1050 1330 1077 Tu
1346 1058 1464 1086 namque
1485 1051 1609 1079 eumdem
1624 1060 1704 1087 quem

924 1096 1004 1124 Pater
1015 1097 1142 1124 thronum
1155 1097 1272 1128 oblines,
1281 1104 1364 1131 esque
1375 1097 1464 1131 legum
1477 1101 1583 1130 auctor,
1596 1098 1703 1132 sapien-

924 1143 992 1170 tium
1006 1147 1155 1175 corrector,
1170 1142 1283 1177 justitim
1295 1143 1417 1178 largitor,
1433 1143 1593 1170 alllictorum
1608 1143 1703 1171 defen-

924 1197 980 1222 sor,
995 1194 1021 1217 et
1033 1189 1170 1217 calumnia
1191 1196 1384 1224 oppressorum
1410 1188 1519 1216 vindex.
1550 1188 1703 1217 Susannam

923 1237 1051 1271 quippea
1065 1235 1175 1263 lascivis
1198 1234 1310 1262 senibus
1341 1234 1544 1267 insimulatam,
1567 1241 1583 1261 a
1606 1234 1704 1270 capitis

923 1282 1057 1310 sententia
1069 1280 1176 1312 eruisti,
1187 1280 1272 1308 misso
1285 1280 1320 1307 ad
1333 1280 1518 1308 defensionem
1534 1281 1656 1316 sapiente
1672 1288 1704 1308 ac

923 1328 1037 1364 pecunia
1053 1329 1211 1363 incorrupto
1226 1333 1332 1356 oratore
1348 1326 1469 1354 Daniele.
1485 1326 1618 1360 Quoniam
1637 1335 1703 1362 ergo

921 1375 1043 1403 omnium
1057 1375 1139 1402 habes
1151 1374 1288 1406 notitiam,
1299 1377 1326 1402 et
1336 1374 1391 1402 scis
1406 1381 1516 1409 quoque
1528 1381 1582 1408 qua
1597 1374 1703 1401 ratione

922 1420 983 1449 illos
993 1420 1187 1455 expugnandos
1199 1424 1339 1458 oporteat;
1360 1420 1382 1450 si
1394 1423 1484 1449 tamen
1497 1419 1644 1454 concedas,
1661 1419 1704 1449 di-

921 1474 1000 1495 cam:
1018 1474 1114 1498 servus
1123 1468 1223 1503 quippe
1244 1467 1394 1496 clementiae
1406 1471 1460 1497 tua:
1473 1475 1544 1499 sum,
1559 1472 1584 1494 et
1594 1468 1702 1502 quidem

922 1513 1041 1545 inutilis,
1059 1521 1110 1540 nec
1131 1521 1243 1548 possum
1263 1513 1391 1540 mandato
1406 1521 1559 1548 repugnare
1573 1518 1630 1540 tuo.
1650 1513 1702 1540 Cui

923 1558 1082 1594 Unigenitus
1096 1569 1102 1586 :
1118 1558 1244 1587 Concedo
1259 1559 1324 1591 tibi,
1347 1559 1391 1586 dic
1415 1560 1518 1594 absque
1537 1564 1655 1586 tremore
1669 1568 1702 1586 ac

921 1605 1014 1632 libere.
1031 1604 1099 1631 Tum
1118 1604 1218 1631 David:
1233 1614 1243 1631 ‹
1267 1605 1446 1640 Apprehende
1463 1612 1539 1632 arma
1550 1610 1577 1633 et
1592 1610 1700 1633 scutum

87 1646 256 1681 Μονογενής“
287 1646 439 1681 Ἐπιτρέπω
459 1655 510 1679 σοι,
531 1647 580 1673 καὶ
600 1647 660 1673 είπὲ
679 1646 805 1682 ἀτρόμως
824 1646 870 1672 καὶ

921 1654 947 1677 et
964 1654 1080 1685 exsurge
1106 1650 1132 1677 in
1153 1650 1319 1685 adjutorium
1335 1651 1402 1677 mihi
1421 1651 1454 1678 '°.
1471 1659 1481 1676 ι
1497 1650 1539 1677 Ad
1560 1650 1618 1678 haec
1634 1649 1701 1678 Uni-

85 1694 340 1729 ἀνυπεσταλμένως.
361 1694 390 1721 Ὀ
409 1695 437 1721 δὲ
459 1695 547 1722 Δαϐίδ¹
573 1705 582 1721 t
621 1695 765 1722 Ἐπιλαϐοὖ
786 1694 867 1721 ὅπλου

86 1741 133 1767 καὶ
148 1740 256 1775 θυρεοῦ,
279 1741 325 1767 καὶ
345 1740 477 1776 ἀνάστηθι
499 1742 539 1773 εἰς
557 1741 606 1777 τὴν
627 1741 753 1777 βοήθειάν
776 1749 837 1775 μου.
858 1750 866 1765 ι

89 1787 119 1813 '0
134 1786 162 1813 δὲ
176 1787 343 1822 Μονογενήςν
361 1787 416 1813 Καὶ
431 1787 506 1813 ποίου
519 1787 600 1814 ὅπλου
612 1787 666 1823 ἔχω
682 1786 868 1816 ἐπιλαϐέσθαι,

85 1831 101 1867 ἢ
129 1833 206 1859 ποίου
235 1831 348 1868 θυρεοῢ;
374 1834 436 1864 Πῶς
461 1833 490 1859 δὲ
509 1832 563 1868 ἔχω
587 1833 641 1867 (4.6)
660 1833 808 1868 ἀναστῆναι
830 1832 869 1863 είς

85 1877 211 1913 βοήθειάν
227 1886 290 1910 σου,
313 1878 358 1913 Μὴ
374 1876 427 1914 ἄρα
446 1880 549 1905 ἐκείνου
567 1879 612 1906 τοῦ
628 1879 709 1905 ὅπλου
729 1879 746 1914 ἢ
765 1878 869 1905 ἐκείνου

83 1924 131 1950 τοῦ
157 1924 253 1959 θυρεοῦ
272 1924 326 1960 ἔχω
350 1925 536 1957 ὲπιλαῦἐσθαι,
566 1925 595 1951 ὃν
614 1925 723 1959 ἀφείλου
746 1925 800 1951 ἀπὸ
821 1925 868 1952 τοῦ

84 1969 233 2004 ἀλλοφύλου
249 1969 358 2002 Γολιὰθ,
382 1969 411 1996 ὃν
424 1970 470 1996 καὶ
483 1969 620 2002 ἑπάταξας
634 1970 680 1996 ἐπὶ
699 1971 732 2005 τῇ
748 1969 868 2002 κοιλάδι,

84 2015 151 2050 ὲμοῦ
168 2015 349 2050 όδηγήσαντος
363 2015 408 2042 τὸν
427 2015 499 2042 λίθον
521 2017 561 2047 εἰς
579 2016 610 2042 τὸ
628 2017 797 2051 ἀσημείωτον
824 2018 870 2044 καὶ

83 2060 236 2096 ἀφώτιστον
250 2061 331 2088 αὐτοῦ
344 2061 503 2096 πρόσωπονς
519 2061 588 2088 Ἀλλ’
605 2061 658 2088 ἴσθι
673 2061 752 2087 τοῦτο
766 2062 868 2096 σαφῶς,

83 2107 123 2133 ὅτι
137 2105 192 2141 ἐγὼ
201 2106 303 2133 τούτων
316 2107 370 2133 τῶν
385 2107 473 2133 ὃπλων
492 2107 578 2142 πάντη
591 2107 638 2134 καὶ
650 2108 761 2134 καθόλου
776 2108 870 2143 χρείαν

83 2152 133 2178 οὐκ
145 2152 209 2187 ἔχω.
224 2152 284 2178 Ἐὰν
298 2151 327 2178 δὲ
340 2152 385 2179 καὶ
398 2151 489 2186 συσχῶ
501 2152 530 2178 τὸ
545 2152 662 2187 πνεῦμα,
675 2152 788 2187 τελευτᾷ
796 2153 869 2179 πᾶσα

84 2198 153 2233 σὰρξ
167 2198 312 2235 κινουμένη
326 2198 372 2225 ἐπὶ
386 2199 435 2233 τῆς
452 2200 512 2234 γῆς.
536 2199 565 2224 '0
581 2199 609 2224 δὲ
624 2199 705 2225 Δαϐίδ
715 2208 721 2214 ·
740 2197 804 2225 οῖδα
823 2199 869 2226 καὶ

83 2243 149 2278 ἐγὼ,
169 2243 305 2275 Δέσποτα,
327 2244 367 2270 ὅτι
390 2244 491 2271 τούτων
513 2244 567 2270 τῶν
588 2245 677 2272 ὃπλων
705 2246 798 2281 χρείαν
819 2246 869 2273 οὐκ

83 2290 165 2326 ἔχεις,
180 2290 218 2317 ὣν
236 2291 360 2325 βασιλεὺς
380 2291 519 2325 κραταιὸς,
537 2291 748 2326 παντοδύναμος,
766 2292 868 2319 ἀκατα-

85 2338 214 2373 μάχητος,
240 2336 408 2368 διαιωνίζων.
438 2336 560 2363 Ὶκετεύω
580 2336 608 2362 δὲ
629 2336 678 2372 τὴν
703 2337 867 2372 ἀσύγκριτον

83 2383 260 2419 ἀγαθωσύνην
270 2392 315 2410 σου
331 2382 505 2409 ἐπιλαϐέσθαι
514 2382 596 2409 ὅπλου
607 2383 654 2409 καὶ
668 2382 775 2417 θυρεοῦ,
790 2391 867 2409 τουτη

83 2430 173 2460 ἐστιν,
204 2428 434 2463 ὲνανθρωπήσεως
455 2427 502 2454 καὶ
527 2426 645 2457 πάθους·
667 2427 814 2461 ἀναστῆναι
837 2428 866 2454 δὲ

84 2484 129 2510 μοι
142 2476 183 2506 είς
197 2473 321 2509 βοήθειαν
342 2475 374 2509 τῇ
392 2473 471 2510 τρίτῃ
485 2473 586 2508 ἡμέρᾳ.
605 2473 633 2499 ’0
650 2472 678 2498 δὲ
691 2473 845 2508 Μονογενής
858 2482 864 2487 ·

82 2519 137 2545 Καὶ
152 2518 183 2544 σὺ
197 2518 276 2544 πόθεν
295 2515 369 2549 οἶδας
382 2517 465 2544 ταῦτα
478 2518 510 2544 τὰ
520 2517 577 2544 θεῖα
590 2517 637 2543 καὶ
653 2516 798 2551 ἀπόκρυφα
817 2526 867 2552 μυ-

83 2564 191 2599 στήρια,
211 2572 221 2588 ι
235 2563 275 2594 είς
286 2562 304 2589 ἃ
314 2563 491 2598 ἐπιθυμοῦσιν
501 2563 525 2590 οἱ
542 2562 650 2596 ἄγγελοι
659 2562 834 2597 παρακύψαις
853 2573 862 2588 ι

89 2608 117 2635 '0
137 2608 165 2634 δὲ
182 2607 275 2634 Δαϐίδ·
297 2608 410 2634 Ἔλαὸον
429 2607 518 2634 αὐτῶν
537 2607 587 2643 τὴν
605 2606 705 2641 γνῶσιν
725 2606 801 2642 παρὰ
817 2607 863 2634 τοῦ

82 2654 160 2687 ἁγίου
185 2653 359 2688 παρακλήτου
384 2653 551 2688 Πνεύματος.
587 2653 615 2679 '0
635 2652 663 2678 δὲ
690 2653 861 2688 Μονογενής”

117 2730 140 2746 ⁸⁸
158 2729 231 2757 Psal.
250 2737 304 2762 vn,
321 2728 348 2757 5.
385 2729 407 2745 ⁸³
428 2729 508 2756 Hebr.
519 2737 546 2761 x,
565 2729 609 2756 50.
647 2729 670 2744 '°
690 2728 763 2756 Psal.
780 2736 873 2761 xxxtv,

130 2796 298 2833 @5‘)_Vulg..
313 2799 371 2825 οἱ...
388 2799 446 2826 ἕνα.
465 2797 544 2825 Eon.

130 2798 187 2833 45‘)
208 2798 298 2833 Vulg..
313 2799 371 2825 οἱ...
388 2799 446 2826 ἕνα.
465 2798 544 2825 Eon.

117 2798 173 2869 ξω)
192 2831 272 2868 Reg.,
281 2833 348 2859 Πότε
363 2833 392 2860 δὲ
405 2834 467 2868 ἔχω.
482 2834 565 2860 Paulo
577 2837 647 2869 post,
659 2833 727 2866 haec,
740 2831 794 2868 ἔχω
808 2833 863 2858 tm-

243 2881 338 2911 Pun.
355 2880 414 2912 Gn.
433 2880 582 2911 XXVIII.

918 1694 1025 1730 genitus
1043 1703 1049 1721 :
1075 1693 1166 1729 Ecqua
1188 1703 1264 1721 arma
1280 1695 1322 1722 vel
1337 1695 1408 1730 quod
1425 1701 1532 1723 scutum
1548 1695 1701 1731 apprehen‘

918 1739 997 1767 dam?
1022 1740 1161 1773 Quomodo
1177 1748 1320 1776 exsurgant
1338 1742 1366 1768 in
1383 1742 1548 1776 adjutorium
1567 1742 1634 1770 tibi?
1657 1744 1699 1770 An

918 1791 993 1811 arma
1010 1785 1055 1811 illa
1066 1804 1073 1816 ,
1089 1785 1189 1813 illudve
1203 1790 1311 1813 scutum
1335 1787 1535 1822 apprehendam
1549 1789 1622 1823 quod
1635 1789 1701 1816 abs-

919 1829 1003 1857 tulisti
1020 1830 1055 1857 ab
1073 1831 1223 1866 alienigena
1244 1831 1350 1859 Goliath
1367 1840 1447 1867 quem
1463 1841 1490 1860 in
1507 1833 1576 1861 valle
1589 1842 1700 1868 percus-

918 1876 1049 1908 sisti,‘me
1076 1875 1191 1911 lapidem
1216 1877 1244 1903 in
1270 1877 1329 1911 ejus
1346 1877 1442 1905 facient
1458 1879 1533 1905 omni
1550 1879 1628 1914 signo
1642 1888 1700 1908 oni-

919 1921 1000 1956 nique
1027 1921 1225 1949 iiiuminatione
1247 1922 1404 1950 destitutam
1420 1924 1572 1960 dirigente?
1596 1925 1649 1954 Sed
1671 1930 1700 1953 tu

919 1968 1002 2002 probe
1019 1968 1103 2000 nosti,
1117 1968 1185 1995 nihil
1201 1969 1309 2003 penitus
1327 1969 1394 1996 mihi
1415 1970 1551 2004 ejusmodi
1562 1978 1700 1998 armorum

918 2021 979 2040 esse
990 2020 1068 2047 opus.
1082 2012 1161 2046 Nam,
1175 2013 1198 2041 si
1214 2014 1256 2040 vel
1271 2015 1396 2049 spiritum
1415 2015 1555 2043 cohibeam
1566 2037 1573 2049 ,
1585 2018 1699 2044 moritur

918 2060 1007 2087 omnis
1024 2067 1088 2087 caro
1102 2067 1163 2094 qua:
1183 2064 1308 2088 movetur
1331 2069 1414 2096 super
1433 2067 1544 2089 terram.
1573 2063 1623 2090 Cui
1645 2063 1700 2090 Da-

918 2105 963 2132 vid
977 2114 983 2132 :
999 2104 1077 2137 Novi,
1093 2104 1206 2133 Domine
1219 2126 1226 2138 ,
1242 2106 1290 2133 tibi
1318 2114 1455 2134 armorum
1482 2108 1614 2143 ejusmodi
1632 2109 1698 2136 nihil

918 2157 979 2177 esse
993 2158 1062 2185 opus
1072 2171 1079 2182 ,
1096 2158 1140 2178 rex
1154 2159 1215 2178 cum
1231 2151 1269 2178 sis
1284 2151 1372 2183 fortis,
1390 2153 1573 2187 omnipotens,
1588 2154 1698 2188 quicum

918 2195 1033 2230 pugnari
1049 2199 1175 2230 nequeat,
1190 2203 1353 2230 permanens
1369 2197 1396 2223 in
1408 2202 1549 2224 aeternum.
1565 2197 1616 2225 Sed
1633 2206 1698 2233 rogo

919 2242 992 2266 tuam
1015 2240 1254 2274 incomparabilem
1283 2240 1448 2273 bonitatem,
1466 2245 1495 2268 ut
1510 2242 1698 2276 apprehendas

919 2291 993 2311 arma
1008 2289 1035 2311 et
1046 2289 1153 2312 scutum
1163 2305 1170 2316 ,
1195 2285 1222 2312 id
1236 2288 1288 2317 est,
1305 2285 1452 2313 humanam
1467 2290 1592 2313 naturam
1619 2291 1698 2322 atque

883 2324 904 2351 Β
918 2329 1089 2363 passionem,
1118 2333 1145 2356 et
1161 2329 1241 2357 tertia
1269 2330 1312 2357 die
1331 2338 1463 2365 exsurgas
1483 2332 1511 2358 in
1532 2331 1696 2366 adiutorium

917 2374 992 2401 mihi.
1002 2373 1316 2410 ResponditUnigenitus
1330 2375 1385 2402 :Tu
1397 2384 1461 2403 vero
1469 2377 1539 2403 unde
1553 2377 1624 2404 nosti
1641 2378 1696 2404 haec

915 2420 1038 2448 divinaet
1046 2428 1144 2447 arcana
1154 2421 1292 2456 mysteria,
1306 2431 1315 2446 ι
1332 2422 1359 2448 in
1373 2430 1432 2456 quae
1442 2422 1596 2450 desiderant
1612 2425 1697 2459 angeii

917 2467 1071 2501 prospicere
1083 2467 1125 2493 9‘?
1144 2477 1153 2492 ›
1169 2466 1219 2494 Cui
1231 2467 1336 2495 David:
1354 2467 1454 2495 Eorum
1471 2469 1562 2504 accepi
1574 2470 1697 2496 notitiam

917 2520 931 2539 a
942 2517 1037 2540 sancto
1045 2516 1071 2540 et
1086 2513 1222 2547 paracleto
1237 2514 1349 2548 Spiritu.
1361 2513 1430 2541 Tum
1439 2514 1614 2550 Unigenitus:
1630 2515 1697 2542 lium

918 2559 976 2586 haec
989 2559 1081 2591 noris,
1104 2559 1149 2586 dic
1174 2567 1240 2587 num
1263 2561 1400 2595 quidpiam
1415 2561 1487 2589 aliud
1506 2562 1606 2590 habeas
1623 2571 1629 2588 :
1649 2569 1696 2588 au-

917 2604 989 2632 diam
1005 2605 1076 2632 enim
1100 2609 1127 2632 te
1140 2605 1191 2633 hac
1214 2607 1247 2633 de
1263 2614 1293 2634 re
1318 2607 1431 2634 libenter
1455 2611 1482 2635 et
1503 2615 1580 2642 :equo
1595 2609 1698 2636 animo.

917 2652 1001 2680 David
1025 2656 1115 2680 autem
1134 2663 1140 2680 :
1163 2662 1173 2678 ι
1196 2653 1244 2680 Dic
1263 2653 1360 2680 animae
1382 2661 1466 2686 meae,
1495 2655 1570 2682 salus
1587 2659 1633 2682 tua
1649 2662 1698 2690 ego

890 2728 917 2755 2.
956 2729 978 2744 ’ί
999 2728 1098 2757 lPetr.
1118 2737 1144 2762 ι,
1165 2729 1207 2757 l2.

912 2796 1050 2834 Antisti-8a},
1067 2797 1291 2826 desiderabantur
1303 2799 1330 2826 in
1341 2799 1417 2834 prius
1434 2799 1523 2832 editis.
1539 2800 1586 2828 sed
1599 2800 1698 2829 haben-

916 2836 961 2859 tur
975 2833 1003 2860 in
1019 2832 1112 2869 Regio.

1539 2880 1574 2910 3h
