1940 3067
240 129 309 158 1067

818 128 846 156 S.
865 127 1096 156 ATHANASIUS.
1116 143 1152 150 —
1172 129 1309 157 SPURIA.

1786 131 1862 158 1068

239 197 301 219 σιω]
315 190 349 218 ’⁸.
367 200 376 217 ι
395 189 463 218 Tum
481 189 641 226 Unigenitns
655 200 662 218 :
680 189 709 218 Id
722 190 775 218 tibi
792 189 887 224 babes,
901 189 1018 222 conﬁde.

1072 189 1137 218 Μεθ’
1153 187 1190 218 ὧν
1206 190 1280 224 οἶδας
1305 191 1400 223 ταῦτα,
1416 192 1487 224 εἰπὲ,
1509 192 1536 219 cf
1556 200 1582 219 τι
1603 193 1648 219 καὶ
1674 193 1738 219 ἄλλο
1767 191 1862 226 ἐχειςο

240 237 342 264 salvam
355 236 427 264 enim
443 235 540 263 faciam
557 236 675 263 animam
695 240 770 263 tuam
794 244 842 272 per
857 237 1023 264 incarnatio-

239 290 302 310 nem
317 286 344 310 et
357 282 514 318 passionem
532 289 630 310 meam.
646 282 696 310 Cui
714 282 797 310 David
811 293 817 310 :
835 283 959 318 Magnam
975 290 1023 310 ac-

239 329 299 364 cepi
313 329 458 360 fiduciam,
484 332 511 356 et
536 329 627 357 statim
654 329 770 356 subdit:
795 338 805 355 ι
823 329 947 361 Domine,
962 329 1023 363 quis

239 375 336 403 similis
357 375 406 402 tibi
428 375 470 402 ”!
497 385 506 401 ι
537 374 689 410 Respondit
716 375 901 411 Unigenitus:
932 375 1023 403 Pater.

238 421 328 454 Quare
349 421 431 453 dico,
460 430 470 447 ‹
503 421 554 454 Qui
573 421 642 449 vidit
672 429 735 454 me.
759 421 828 449 vidit
856 425 883 449 et
912 421 1021 449 Patrem

238 475 329 495 meum
341 467 375 496 “.
401 476 411 493 ι
429 466 504 494 Vade
514 467 541 494 in
556 475 623 502 pace
634 472 795 503 exspectans
806 467 1021 502 promissionum

239 512 345 539 beatam
361 519 446 546 spem.

1073 237 1224 273 ἀκούσομαι
1242 238 1295 273 γάρ
1310 245 1357 264 σου
1377 237 1424 264 καὶ
1441 237 1506 273 περὶ
1523 236 1603 264 αὑτοῦ
1619 237 1741 273 εὐμενῶς
1757 237 1807 263 καὶ
1820 237 1861 262 δι-

1073 284 1168 315 καίως.
1187 284 1215 310 ’0
1227 284 1255 310 δὲ
1270 284 1351 310 Δαὸίδ
1360 293 1367 300 ’
1391 293 1400 309 ι
1419 282 1502 311 Εἶπον
1518 286 1551 320 τῇ
1566 284 1638 320 ψυχῇ
1654 293 1714 320 μου,
1734 283 1864 319 Σωτηρία

1074 337 1121 354 σου
1133 329 1201 363 είμί.
1221 338 1231 354 ›
1256 329 1285 355 '0
1299 329 1326 355 δὲ
1341 329 1508 365 Μονογενής·
1524 329 1609 356 Τοῦτο
1624 330 1706 364 ἔχεις,
1727 329 1774 355 καὶ
1794 329 1865 364 θάρ-

1074 382 1130 400 σει·
1154 374 1233 401 σώσω
1257 374 1310 410 γάρ
1330 383 1375 402 σου
1397 375 1446 410 τὴν
1467 375 1555 411 ψυχὴν
1581 375 1625 402 διὰ
1651 376 1700 410 τῆς
1722 375 1864 410 ὲνανθρω-

1073 419 1183 455 πήσεὼς
1198 428 1248 455 μου
1263 420 1368 446 καὶτοῦ
1386 420 1497 453 πάθους.
1517 421 1547 447 Ὀ
1565 421 1594 447 δὲ
1611 420 1708 447 Δαϐίδ·
1727 430 1736 446 ι
1763 421 1864 456 Ἐθαρ-

1075 465 1222 501 σοποιήθην
1249 465 1303 500 (47)
1333 465 1408 492 λίαν·
1429 466 1475 493 καὶ
1501 466 1627 502 παραυτὰ
1656 466 1861 502 ἀνθυποφέρει·

1077 510 1189 546 «Κύριε,
1205 511 1247 542 τίς
1262 511 1353 546 ὅμοιός
1374 519 1430 544 σοι;
1449 512 1464 538 ὁ
1478 511 1506 538 δὲ
1521 512 1691 546 Μονογενής·
1710 512 1738 538 ’0
1751 511 1861 546 Πατήρ.

239 559 319 586 Ὅθεν
348 560 394 586 καί
423 567 514 595 φημι·
542 567 552 585 ι
571 559 601 585 ’0
621 559 671 594 ἐμὲ
696 558 825 594 ἑωρακὼς
855 558 961 594 ἑώρακε
991 558 1038 585 τὸν
1061 558 1171 593 Πατέρα
1195 567 1256 593 μου.
1281 568 1290 584 ι
1314 560 1433 585 Ποοεύου
1457 560 1486 585 ὲν
1508 560 1602 596 είρήνῃ
1617 580 1624 592 ,
1644 559 1862 595 ἀπεκδεχόμενος

237 606 291 632 τῶν
307 605 475 639 ἐπαγγελιῶν
492 606 540 641 τὴν
554 605 691 640 μακαρίαν
706 605 810 632 ὲλπίδα.

273 655 300 682 3.
320 653 367 682 His
382 654 472 689 itaque
486 654 629 687 absolutis,
641 654 743 688 egressi
760 653 847 689 angeli
863 653 910 681 Dei
921 660 1020 689 magna

238 706 304 727 uoce
318 698 470 725 clamarunt
485 708 491 725 :
512 697 542 726 Si
556 699 617 734 quis
629 699 698 727 alius
715 699 836 726 eamdem
854 706 935 734 quam
957 705 1023 732 pro-

238 744 326 780 phetae
340 743 414 771 litem
430 743 537 776 habeat,
552 744 656 779 absque
671 744 866 779 impedimento
884 743 1021 779 ingredia-

238 793 292 821 tur.
305 789 386 825 390
411 797 442 817 ac
458 790 564 817 veritati
580 790 777 825 patrocinetur.
794 789 835 816 Ad
860 797 942 824 quam
960 789 1021 824 jus-

239 835 342 864 sionem
357 837 440 862 intrat
452 835 576 863 Nabuthe
589 835 712 863 Israelita
725 845 731 863 :
747 843 826 870 quem
844 835 1020 870 conspicatus

239 879 412 916 Unigenitus.
427 881 485 908 ait:
504 880 620 914 Quicum
633 880 681 908 tibi
697 881 730 909 lis
745 884 798 911 est.
814 880 914 906 autcui
930 879 1020 906 dicam

238 927 280 955 vis
294 926 463 962 impingere?
478 926 556 960 Quod
580 927 604 954 si
631 931 659 954 tu
683 926 740 961 ipse
757 933 812 953 non
836 929 914 960 potes
929 932 1020 952 causa:

238 978 291 1001 tua!
305 976 493 1008 argumentum
508 978 651 1004 enarrare,
678 971 817 1006 habesque
833 970 995 997 advocatum
1010 982 1022 999 ν

238 1019 407 1054 ingrediatur
420 1018 465 1046 ille
486 1017 589 1052 absque
614 1017 827 1052 impedimento,
859 1023 890 1043 ac
916 1015 1023 1043 veritati

237 1069 327 1092 tecum
340 1064 535 1099 patrocinetur.
550 1062 618 1090 Tum
634 1061 760 1090 Nabuthe
774 1069 782 1089 ξ
799 1061 902 1092 Etiam.
930 1060 1023 1088 Domi-

238 1118 284 1142 ne,
298 1110 458 1136 advocatum
487 1108 576 1136 habeo
592 1108 778 1143 aequissimum
793 1128 800 1140 ,
829 1106 950 1142 aurigam
965 1105 1021 1133 He-

237 1156 312 1188 liam,
331 1155 392 1182 dica
405 1158 496 1182 autem
512 1154 578 1181 mihi
593 1154 752 1189 impingitur
773 1161 836 1180 cum
853 1152 931 1180 falsis
944 1152 1022 1179 testi-

236 1203 299 1230 bus.
321 1201 491 1236 Quapropter
516 1207 597 1227 orsus
626 1207 737 1227 causam
768 1199 849 1227 modo
883 1198 1020 1226 enarrabo

237 1255 344 1276 meam:
361 1256 371 1273 ι
390 1246 537 1282 Surgentes
551 1249 636 1274 testes
659 1245 757 1281 iniqui,
775 1253 835 1281 qua:
859 1245 1019 1280 ignorabam

237 1293 441 1329 interrogabant
456 1300 499 1320 me
515 1292 550 1325 ",
566 1302 576 1318 ι
601 1291 766 1319 afﬁrmantes
791 1299 834 1318 me
848 1291 1020 1318 benedixisse

237 1339 321 1367 Deum
348 1343 374 1367 et
389 1338 500 1374 Regem.
517 1339 594 1373 Quos
619 1342 796 1374 percontatus
814 1337 944 1364 Dominus
959 1337 996 1364 ait
1010 1345 1017 1364 :

236 1385 324 1413 Dicite
343 1385 407 1412 mihi
425 1385 463 1412 rei
487 1386 647 1416 veritatem,
668 1383 730 1420 quis
745 1391 794 1411 vos
808 1383 897 1418 coegit
913 1383 1018 1410 calum-

236 1434 308 1460 niam
333 1432 465 1460 adversus
493 1438 601 1459 servum
624 1438 714 1458 meum
740 1429 861 1465 legisque
886 1429 1018 1456 cultorem

235 1476 370 1505 conﬂare?
386 1476 594 1512 Responderunt
618 1475 676 1502 illi:
703 1474 797 1501 Achab
823 1477 850 1501 et
871 1481 941 1500 uxor
959 1473 1018 1508 ejus

1106 651 1133 678 3.
1147 649 1252 677 υῦκοῦν
1266 650 1455 677 ἀπολυθέντων
1463 650 1564 678 τούτων
1575 650 1697 685 ἐφοδίων,
1712 653 1736 679 0i
1748 652 1859 687 ἄγγελοι

1071 697 1118 724 τοῦ
1137 697 1204 724 Θεοῦ
1225 696 1378 729 ἐξελθόντες
1400 696 1566 732 κεκράγασιν
1589 699 1693 735 μεγάλῃ
1713 700 1746 734 τῇ
1764 701 1857 734 φωνῇ·

1072 743 1107 769 Εἴ
1124 752 1167 775 τις
1180 743 1227 770 καὶ
1238 743 1316 775 ἄλλος
1330 743 1386 778 ἔχει
1398 743 1476 779 δίκην
1485 743 1538 769 τῶν
1556 745 1712 780 προφητῶν,
1736 746 1859 780 είσερχέ-

1073 787 1128 814 σθω
1141 787 1297 819 ἀκωλύτως,
1315 788 1472 823 συνηγορῶν
1497 789 1545 823 τὴν
1563 789 1697 824 ἀλήθειαν.
1716 789 1787 823 Πρὸς
1807 790 1858 824 τὴν

1072 834 1272 870 παρακέλευσιν
1288 834 1440 869 εἰσέρχεται
1455 834 1576 860 Ναόουοὲ
1591 835 1605 861 ὁ
1628 835 1805 870 Ίσραηλίτης,
1826 836 1857 861 ὃν

1074 881 1121 907 καὶ
1136 880 1302 915 Θεασάμενος
1318 880 1399 906 αὺτὸν
1415 880 1429 906 ὁ
1444 880 1598 915 Μονογενὴς
1610 880 1698 914 λέγει·
1717 881 1752 908 Σὺ
1769 881 1797 907 δὲ
1809 889 1859 916 μευ»

1073 925 1107 952 τὰ
1114 926 1186 957 τίνος
1195 925 1276 960 ἔχεις,
1293 925 1309 961 ἢ
1323 928 1331 936 ⁹
1342 925 1411 961 μετὰ
1425 925 1484 951 τίνα
1498 925 1577 960 βούλῃ
1591 925 1767 958 δικάσασθαι;
1781 926 1813 952 El
1827 925 1857 952 δὲ

1073 972 1154 1004 αὐτὸς
1168 971 1296 998 διἀὺτοῦ
1319 972 1349 998 οὐ
1367 971 1477 998 δύνασαι
1503 971 1696 1007 εἰσηγήσασθαι
1722 972 1770 1007 τὴν
1792 973 1857 998 ὑπό-

1073 1017 1146 1044 θεσιν
1167 1017 1214 1044 τοῦ
1235 1017 1395 1053 πράγματός
1417 1025 1473 1049 σου,
1491 1017 1562 1052 ἔχεις
1584 1017 1612 1043 δὲ
1636 1017 1782 1051 δικολόγον,
1808 1018 1856 1045 καὶ

1072 1063 1152 1094 αὐτὸς
1163 1062 1327 1098 είσερχέσϐω
1339 1062 1494 1094 ἀκωλύτως,
1508 1063 1664 1098 συνηγορῶν
1677 1071 1717 1089 σοι
1728 1063 1776 1098 τὴν
1789 1064 1856 1099 ἀλή-

1072 1108 1157 1135 θειαν.
1172 1109 1200 1135 '0
1219 1108 1248 1134 δὲ
1262 1107 1384 1134 Ναῦουθέ
1395 1115 1401 1123 ·
1417 1108 1480 1139 Ναὶ,
1497 1108 1627 1138 Δέσποτα,
1643 1108 1695 1143 ἔχω
1707 1109 1856 1144 συνήγορον

1070 1154 1247 1185 δικαιότατον,
1263 1154 1455 1189 ἁρματηλάτην
1472 1153 1564 1180 Ἠλίαν
1577 1154 1666 1190 (Ᾰ8)’ὴ
1683 1155 1711 1181 δὲ
1727 1155 1786 1190 δίκη
1803 1164 1856 1190 μου

1072 1202 1260 1236 συγκροτεῖται
1279 1199 1347 1235 μετὰ
1364 1199 1418 1226 τῶν
1447 1199 1683 1235 ψευδομαρτύρων.
1700 1200 1779 1226 Ὅθεν
1802 1201 1856 1234 ἁρ-

1070 1246 1182 1281 χόμενος
1205 1245 1253 1272 τοῦ
1282 1245 1443 1280 πράγματός
1467 1253 1516 1279 μου
1536 1245 1607 1279 λέγω
1631 1245 1701 1272 κατὰ
1719 1246 1750 1272 τὸ
1775 1246 1853 1281 ἑξῆς.

1073 1299 1082 1316 ι
1115 1290 1289 1321 Ἀναστάντες
1313 1298 1358 1324 μοι
1377 1289 1513 1325 μάρτυρες
1528 1289 1630 1321 ἄδικοι,
1647 1289 1663 1316 ει
1684 1289 1733 1316 οὐκ
1754 1290 1852 1323 ἐγίνω-

1071 1345 1133 1363 σκον
1142 1336 1255 1371 ἠρώτων
1268 1344 1312 1371 με,
1329 1345 1337 1361 ι
1346 1335 1578 1371 διαϐεϐαιούμενοι
1591 1336 1631 1362 ὅτι
1648 1336 1784 1371 ηὑλόγησα
1797 1337 1853 1373 (49)

1069 1381 1135 1408 Θεὸν
1151 1381 1198 1407 καὶ
1211 1380 1339 1415 βασιλέα·
1357 1379 1404 1412 οὓς
1421 1379 1467 1406 καὶ
1481 1378 1613 1411 ἐξετάζων
1630 1380 1644 1405 ὀ
1663 1379 1763 1414 Κύριος
1778 1379 1830 1414 ἔφη
1844 1387 1853 1394 ·

1069 1427 1171 1454 Εῐπατέ
1189 1435 1232 1462 μοι
1249 1425 1414 1461 φιλαλήθως,
1429 1425 1470 1457 τίς
1482 1426 1552 1461 ὑμᾶς
1564 1425 1701 1460 Ιἡνᾱιγκασε
1717 1433 1853 1460 συκοφαν-

1069 1475 1150 1509 τῆσαι
1166 1473 1212 1499 τὸν
1226 1472 1290 1507 ἐμὸν
1311 1471 1403 1498 δοῦλον
1421 1472 1467 1498 καὶ
1496 1471 1685 1506 νομοφύλακα;
1700 1472 1731 1497 ΟΞ
1747 1471 1773 1498 δὲ
1796 1473 1852 1498 ἀπ-

234 1522 353 1550 chabel.
379 1521 447 1548 Tum
463 1521 647 1556 Unigenitus:
674 1519 740 1547 Esto
759 1518 842 1554 igitur
871 1518 965 1545 Achab
990 1517 1018 1544 in

1072 1518 1223 1553 εκρίνοντο·
1243 1515 1343 1552 Ἀχαὰϐ
1360 1516 1408 1543 καὶ
1421 1514 1443 1551 ἦ
1457 1516 1524 1551 γυνὴ
1541 1516 1623 1542 αὑτοῦ
1646 1516 1769 1547 Ἰεζαϐέλ.
1784 1517 1812 1543 Ὀ
1823 1517 1852 1543 δὲ

235 1567 308 1595 beiio
320 1566 407 1594 veloci
426 1566 524 1601 sagitta
538 1564 682 1593 confossus
697 1564 725 1591 in
741 1563 847 1598 hcpate.
864 1566 911 1589 aut
926 1563 1016 1598 potius

1072 1564 1241 1598 Μονογενής·
1271 1563 1361 1588 Ἔστω
1384 1559 1429 1588 οὖν
1456 1563 1470 1586 ὁ
1501 1562 1602 1597 Ἀχαὰό
1627 1563 1655 1589 ἐν
1677 1563 1715 1598 τῷ
1743 1564 1853 1599 πολέμῳ

236 1613 264 1640 in
283 1613 427 1648 pulmone;
445 1613 491 1646 qui
507 1610 609 1646 injuste
625 1610 750 1645 spiritum
768 1608 852 1635 trahit
865 1608 898 1634 ad
911 1615 1018 1643 posses-

1072 1607 1244 1643 τοξευόμενος
1271 1607 1342 1643 βέλει
1371 1607 1505 1642 εὐθυῆόλῳ
1534 1608 1604 1635 κατὰ
1629 1609 1676 1636 τοῦ
1695 1610 1809 1644 ἥπατος,
1833 1612 1850 1647 ἦ

236 1660 322 1688 sionis
347 1658 607 1693 concupiscentiam.
624 1655 733 1684 Jezabel
750 1658 840 1682 autem
857 1654 1018 1689 projiciatur

1073 1654 1170 1690 μᾶλλον
1188 1653 1259 1680 κατὰ
1278 1653 1324 1680 τοῦ
1342 1653 1506 1689 πνεύμονος,
1526 1654 1573 1681 τοῦ
1597 1655 1695 1687 ἀδίκως
1720 1657 1853 1684 ἀναπνεύι

238 1707 266 1734 in
281 1713 371 1733 aream
386 1704 493 1736 domus,
507 1704 598 1738 sitque
609 1703 647 1730 illi
663 1709 763 1729 canum
779 1700 947 1735 sepulcrum.
964 1699 1018 1727 Na-

1072 1707 1166 1731 σαντος
1189 1700 1228 1730 είς
1244 1699 1291 1734 τὴν
1312 1699 1501 1734 πλεονεκτικὴν
1528 1700 1680 1735 ἐπιθυμίαν.
1703 1702 1736 1727 Ἦ
1755 1702 1783 1728 δὲ
1805 1703 1852 1729 Ἰε-

236 1754 320 1781 buthe
333 1761 396 1780 vero
418 1759 469 1788 pro
496 1750 585 1777 ablata
610 1748 704 1780 vinea,
721 1748 879 1775 haereditate
903 1747 1018 1783 accipiat

1072 1745 1150 1777 ζαὸὲλ
1163 1745 1233 1771 ἔστω
1242 1744 1391 1780 ριπτομένη
1399 1746 1427 1772 ὲν
1437 1746 1578 1781 οἰκοπέδῳ,
1589 1747 1708 1781 γενέσθω
1719 1748 1747 1774 δὲ
1763 1750 1852 1775 κυνῶν

235 1799 354 1834 paradisi
371 1798 536 1832 voluptatem
552 1799 634 1829 atque
649 1793 838 1821 mternitatem.

1067 1791 1161 1826 τάςρος.
1181 1790 1210 1817 Ὀ
1228 1790 1256 1817 δὲ
1276 1790 1398 1817 Ναόουθὲ
1416 1791 1610 1827 κληρονομήτω
1630 1792 1698 1829 (49‘)
1720 1795 1780 1820 ἀντὶ
1803 1795 1850 1822 τοῦ

234 1843 461 1878 ὲξαφανιζομένου
473 1840 631 1877 ἀμπελῶνος
647 1839 696 1875 τὴν
713 1839 817 1874 τρυφὴν
825 1838 874 1865 τοῦ
889 1837 1052 1874 παραδείσου
1068 1837 1114 1864 καὶ
1128 1836 1177 1872 τῆς
1189 1835 1363 1871 αἰωνιὸτητος
1376 1836 1443 1871 (50).

268 1889 296 1915 4.
316 1887 372 1914 llac
382 1893 464 1922 porro
476 1885 611 1913 sententia
626 1884 653 1911 in
667 1883 880 1910 commentarios
895 1883 1015 1915 redacta,

234 1933 387 1969 ingreditur
408 1939 507 1966 magna
521 1937 588 1958 voce
601 1929 730 1965 praeditus
757 1928 802 1956 ille
818 1928 902 1956 Isaias
926 1928 1018 1956 excla-

1103 1881 1130 1908 4.
1156 1881 1457 1917 ’Υπομνηματισθεὶσης
1483 1882 1510 1909 δὲ
1535 1882 1634 1918 ταύτης
1667 1884 1850 1918 ἀποφάσεως,

1068 1929 1219 1964 εἰσέρχεται
1242 1929 1256 1954 ὁ
1276 1927 1530 1962 μεγαλοφωνότατος
1558 1929 1669 1960 Ἡσαΐας
1688 1931 1848 1966 κεκραγώς·

233 1987 313 2006 mans
326 1988 333 2005 :
350 1977 472 2009 Domine,
487 1975 551 2003 audi
566 1975 682 2002 libenter
697 1978 724 2001 et
739 1981 817 2009 aequo
830 1973 933 2001 animo.
945 1972 1016 2001 Tum

1072 1975 1164 2011 Κύριε,
1183 1974 1298 2001 ἄκουσον
1321 1973 1387 2009 ἐμοῦ
1407 1974 1528 2010 εὐμενῶς
1547 1975 1594 2001 καὶ
1628 1975 1748 2007 δικαίως.
1776 1977 1806 2003 Ὀ
1822 1977 1851 2004 δὲ

229 2025 414 2061 'Uuigenitus:
429 2022 553 2058 Loquere
569 2021 699 2048 adversus
717 2027 779 2048 eum
806 2020 854 2055 qui
877 2019 946 2047 ltesit
969 2024 1013 2053 te;

1072 2021 1236 2056 Μονογενής·
1253 2020 1323 2054 Λέγε
1339 2020 1409 2046 κατὰ
1420 2020 1467 2047 τοῦ
1490 2020 1666 2056 ἀδικήσαντός
1686 2030 1726 2053 σε,
1750 2022 1851 2056 μᾶλλον

228 2078 295 2099 cum
309 2069 459 2106 praesertim
473 2067 604 2103 pmpbeta
623 2066 662 2094 sis
677 2069 716 2098 tu,
731 2065 834 2101 justus,
850 2065 1013 2101 spiritualis,

1072 2067 1100 2094 τυ
1112 2066 1149 2093 ῶν
1163 2067 1304 2102 προφήτης
1316 2066 1416 2098 δίκαιος
1426 2085 1433 2097 ,
1450 2065 1641 2100 πνευματικὸς,
1661 2067 1750 2098 ἱκανὸς
1762 2068 1851 2104 ἑαυτῷ

233 2121 366 2152 aptusque
380 2115 412 2142 ad
424 2121 514 2141 causa:
524 2116 577 2140 tua:
591 2115 780 2147 argumentum
796 2111 1012 2146 proponendum.

1072 2112 1251 2148 συστήσασθαι
1275 2112 1324 2148 τὴν
1343 2112 1469 2140 ὑπόθεσιν
1494 2111 1540 2138 τοῦ
1558 2112 1717 2148 πράγματός
1743 2122 1800 2141 σου.
1821 2115 1850 2141 '0

227 2162 282 2190 Cui
298 2161 446 2196 propheta:
459 2159 521 2187 Dica
536 2164 577 2186 est
591 2158 656 2185 mihi
671 2165 733 2185 cum
749 2157 882 2188 Manasse,
894 2157 958 2191 quia
972 2165 1014 2184 me

1072 2157 1095 2183 δὲ
1115 2158 1257 2192 προφήτης
1270 2165 1277 2171 ·
1289 2157 1363 2192 ’Ἐχω
1377 2156 1453 2192 δίκην
1469 2157 1537 2192 μετὰ
1558 2156 1606 2183 τοῦ
1626 2157 1772 2193 Μανασσῆ,
1790 2159 1850 2185 ἐπεὶ

225 2208 354 2236 ιὰὶνίιιυηι
370 2214 385 2233 a
402 2205 510 2240 Deoque
525 2204 687 2239 inspiratum
698 2202 818 2230 Verbum
836 2202 957 2230 studiose
972 2206 1011 2229 at,

1072 2202 1131 2238 ;μοῦ
1155 2203 1308 2234 σπουδαίως
1329 2203 1376 2229 καὶ
1394 2202 1498 2234 ἀόκνως
1521 2202 1701 2238 κηρύσσοντος
1720 2204 1765 2230 τὸν
1779 2204 1848 2230 θεῖον

231 2262 284 2291 que
300 2254 414 2289 impigre
427 2252 601 2287 praedicante,
619 2251 665 2278 ille
685 2250 833 2278 crudeliter
857 2253 884 2277 et
910 2249 1013 2284 absque

1072 2249 1111 2275 tat
1125 2249 1299 2275 θεόπνευστον
1323 2248 1410 2282 λόγον,
1437 2248 1515 2280 αὐτὸς
1538 2249 1706 2284 ἀσυμπαθῶς
1729 2250 1776 2277 καὶ
1803 2251 1848 2277 ἀν-

231 2301 287 2328 ulla
299 2298 496 2329 misericordia.
509 2305 559 2337 me
569 2297 657 2332 lignea
674 2303 749 2323 serra
762 2294 871 2322 occidit.
890 2293 1012 2329 Respon-

1072 2294 1217 2329 ελεημόνως
1242 2294 1337 2329 ξυλίνῳ
1348 2293 1437 2329 πρῖονί
1455 2302 1488 2329 με
1505 2294 1618 2320 ἀνεῖλεν.
1642 2295 1670 2321 ὐ
1689 2295 1717 2321 δὲ
1730 2297 1866 2330 Μονογε-”

231 2346 271 2373 dit
286 2343 447 2379 Unigenitus
460 2353 467 2370 :
480 2341 510 2370 Si
527 2342 553 2369 id
566 2341 704 2369 Mam-sses
716 2340 877 2375 designavit,
889 2339 1012 2367 tradatur

1072 2339 1112 2374 ρής
1124 2347 1130 2354 ·
1147 2340 1177 2365 El
1191 2339 1268 2365 τοῦτο
1294 2339 1419 2374 ἐποίησεν
1444 2340 1458 2365 ὁ
1477 2339 1634 2374 Μανασσῆς,
1661 2340 1847 2375 παραδιδόσθω

230 2390 364 2418 Chaldaeis
380 2389 408 2416 in
417 2387 601 2423 captivitatem
614 2406 622 2419 ,
643 2387 791 2414 ludibrium
805 2391 833 2414 et
844 2386 943 2414 caedem
957 2396 963 2414 :
983 2390 1011 2413 ut

229 2435 354 2462 ediscant
368 2440 467 2468 reges,
495 2431 642 2467 prophetas
665 2439 740 2459 meos
764 2431 939 2458 contumeliis
956 2438 1011 2458 non

230 2481 336 2508 allicere
350 2483 396 2506 aut
410 2478 568 2510 trucidare;
597 2476 644 2504 sed
660 2476 795 2504 honorare
822 2479 903 2510 atque
919 2475 1011 2511 magni

230 2526 329 2558 facere,
342 2524 558 2555 considerantes,
573 2522 646 2558 quod
663 2530 713 2557 per
734 2529 777 2549 me
789 2521 879 2549 omnis
904 2529 953 2548 rex
968 2528 1012 2548 re-

229 2577 305 2608 gnet,
326 2575 353 2598 et
374 2573 497 2606 potentes
521 2569 623 2604 scripto
638 2569 786 2596 decernant
803 2567 948 2602 justitiam.
967 2565 1009 2594 Tu

263 2649 287 2665 "
305 2649 378 2677 Psal.
395 2655 495 2680 “xw,
511 2646 539 2674 5.
576 2645 601 2662 ⁸³
620 2645 686 2673 ibid.
703 2644 748 2672 10.
784 2644 808 2660 ’⁸
827 2643 906 2671 Joan.
924 2651 981 2676 xiv,
999 2643 1026 2670 9.

274 2726 320 2760 47)
341 2725 379 2752 Ita
396 2723 550 2760 Reg.7Erditi
561 2730 637 2760 vero,
649 2720 871 2760 ῥαρῤῶ-ποιῃτά.

275 2755 320 2795 48)
341 2760 386 2788 Sic
399 2755 471 2786 haud
489 2759 570 2786 du'bie
580 2755 731 2793 legendum.
748 2755 830 2790 Editi',
847 2755 918 2789 τινα,
932 2755 1010 2791 Reg.,

227 2794 297 2825 λίαν.
311 2794 362 2830 pro
384 2794 487 2830 'ﬂliav.

263 2825 320 2867 (ιο)
340 2830 377 2856 lta
392 2829 456 2864 Reg.
472 2836 534 2856 cum
547 2829 585 2856 0‘.
607 2827 687 2859 Editi.
702 2825 896 2862 ὲκακολόγησα.

1063 2385 1119 2415 τοῖς
1130 2383 1273 2415 Χαλδαίοις
1287 2384 1325 2414 εἰς
1337 2383 1533 2418 αἰχμαλωσίαν.
1553 2384 1600 2410 καὶ
1623 2385 1780 2420 ὲμπαιγμὸν
1792 2386 1846 2420 (51)

1065 2430 1110 2456 καὶ
1130 2429 1237 2464 σφαγήν
1251 2437 1257 2443 ·
1275 2429 1318 2455 ἴνα
1342 2429 1463 2464 μάθωσιν
1487 2430 1512 2456 οξ
1537 2429 1654 2465 βασιλεῖς
1679 2431 1742 2461 τοὺς
1764 2433 1846 2467 ἐμοὺς

1065 2477 1206 2511 προφήτας
1230 2475 1266 2511 μὴ
1283 2475 1442 2511 ὑ6ρίζειν,ἤ
1468 2476 1646 2508 ἀποκτείνειν,
1671 2477 1739 2503 ἀλλὰ
1765 2480 1846 2514 τιμᾷν

1064 2521 1111 2548 καὶ
1131 2521 1306 2556 μεγαλύνειν·
1326 2521 1528 2556 ἐνθυμούμενοι,
1545 2521 1586 2547 ὅτι
1599 2521 1632 2547 δι’
1652 2521 1719 2556 ἐμοῦ
1735 2524 1788 2554 πᾶς
1800 2524 1848 2558 βα-

1064 2567 1154 2599 οκλευς
1172 2567 1318 2602 βασιλεύει,
1335 2567 1382 2594 καὶ
1403 2567 1428 2593 οἱ
1451 2567 1577 2595 δυνάσται
1595 2568 1730 2603 γράφουσι
1750 2569 1848 2597 δικαιο-

1064 2644 1088 2660 "
1107 2643 1178 2671 Psal.
1197 2652 1291 2677 xxxtv,
1308 2645 1354 2672 10.

1098 2720 1242 2757 ((49⁸)7Ρνο
1259 2721 1469 2757 κληρονομείτω,
1483 2722 1560 2751 Εοιτ.

1101 2757 1156 2793 (50)
1175 2756 1254 2793 Reg_.,
1273 2757 1325 2793 τῆς
1335 2757 1528 2793 ἁνεκπότητος,
1545 2758 1686 2787 mendose.

1099 2792 1155 2827 (5|)
1175 2791 1212 2819 Ita
1227 2791 1291 2827 Reg.
1308 2791 1378 2819 Editi
1393 2791 1469 2826 vero,
1481 2793 1638 2829 ἐμπαιγμα.
