1940 3067
100 129 174 159 1069

540 129 681 158 HOMILIA
701 129 733 156 IN
755 129 805 157 SS.
825 129 961 157 PATRES
979 129 1023 156 ET
1042 129 1259 159 PROPHETAS.

1641 130 1712 159 £070

99 186 195 222 σύνην.
225 185 260 212 Σὺ
277 185 325 221 μὲν
341 185 400 212 ἀντὶ
419 185 468 220 τῆς
491 185 612 219 ἐπιγείου
644 185 819 220 Ἰερουσαλὴμ.
835 184 883 219 τὴν

943 183 1043 218 μιίᾱοιη
1060 191 1109 218 pro
1124 187 1230 211 terrena
1246 183 1407 215 Jerusalem,
1425 185 1563 212 cmicstem
1578 185 1713 221 primoge-

99 231 262 266 ἐπουράνιον
286 231 390 266 μητέρα
411 231 465 257 τῶν
484 230 662 266 πρωτοτόκων
683 231 766 256 οῖκει’
790 231 884 256 κάκεῖ-

100 285 146 308 νος
155 277 194 312 (Si
203 278 222 312 ⁵)
230 277 257 302 δὲ
271 277 316 303 τὸν
327 277 417 308 τόπον,
429 285 438 302 ι
451 276 479 309 ἐξ
490 274 520 302 οὗ
529 276 632 312 ἀπέδρα
650 275 740 310 ὀδύνη,
752 275 822 310 λύπη
838 276 884 303 καὶ

101 323 264 357 στεναγμός.
283 331 292 348 ι

138 368 164 394 5.
181 368 383 403 Περαιωθείσης
406 367 434 394 δὲ
453 367 501 394 καὶ
519 367 620 402 ταύτης
637 368 687 403 τῆς
710 367 882 402 ἀποφάσεως,

101 415 255 451 εἰσέρχεται
271 415 285 441 ὁ
305 414 527 449 θαυμασιώτατος
556 414 700 450 Ἱερεμίας,
715 414 744 440 ὂν
762 415 807 440 καὶ
823 414 885 440 θεα-

102 461 219 496 σάμενος
232 461 246 486 ὸ
258 461 410 496 Μονογενὴς
423 461 511 495 λέγει·
530 461 566 487 Σὺ
579 460 607 486 δὲ
625 461 693 496 μετά
712 460 784 492 τίνος
802 460 883 496 ἔχεις,

101 506 118 542 ἢ
137 506 206 541 μετὰ
218 506 289 537 τίνος
305 505 428 541 βούλεσαι
442 504 618 539 δικάσασθαι;
641 506 670 532 '0
684 506 712 532 δὲ
732 506 883 541 Ὶερεμίας”

103 553 179 587 Ἐχω
196 551 274 587 δίκην
296 551 363 586 μετά
378 552 430 578 τῶν
447 551 590 583 Ἰουδαίων,
611 550 738 586 βούλομαι
763 551 790 577 δὲ
811 551 885 578 δικά-

102 598 201 625 σασθαι
218 598 263 624 ἐπὶ
280 597 326 624 σοῦ
343 597 388 624 τοῦ
403 594 652 633 ἆπροσωπολήπτου
662 597 806 623 Δεσπότου.
816 597 844 623 '0
857 597 885 623 δὲ

100 644 271 679 Μονογενήςσ
288 644 343 670 Καὶ
358 644 384 670 τί
401 645 562 679 κατηγορεῖς
574 644 636 674 τοὺς
654 643 802 678 ὁμοφύλους
823 651 885 676 σου;

107 689 138 716 Ὁ
152 689 181 715 ἃ
204 689 362 724 προφήτης·
384 689 535 724 Κατηγορῶ
560 688 672 720 αὐτοὺς,
701 688 762 714 ἐπεὶ
786 688 887 715 ἀνταπ-

101 735 206 761 έδωκάν
226 743 270 770 μοι
280 735 339 761 ἀντὶ
349 735 402 761 τῶν
415 734 504 761 καλῶν
513 735 595 766 κακὰ,
609 734 667 761 ἀντὶ
676 734 703 760 δὲ
711 734 764 761 τῶν
778 734 886 768 ἀγαθῶν

101 779 219 815 πονηρά.
243 779 324 814 Ἐμοῦ
346 779 492 814 εὐχομένου
519 779 588 814 ὑπὲρ
610 779 703 813 ὑγείας
726 779 817 806 αὐτῶν
840 780 886 805 καὶ

102 825 251 860 σωτηρίας,
268 826 344 852 αὐτοὶ
356 825 550 852 ἐϐουλεύσαντο
567 824 703 860 φαρμάκῳ
718 833 751 859 με
771 825 884 857 ἀνελεῖν,

935 229 1054 256 nitorum
1079 234 1192 257 matrem
1223 230 1359 263 habitata;
1389 230 1434 258 ille
1449 238 1513 258 vero
1532 231 1632 263 locum,
1651 241 1660 257 ι
1679 240 1713 260 ex

934 281 989 308 quo
1004 274 1073 310 fugit
1085 274 1164 302 dolor
1176 279 1202 302 et
1216 275 1325 302 tristitia
1337 282 1364 302 ct
1377 276 1494 311 gemitus
1505 276 1538 303 ³⁸.
1560 286 1571 303 ι

970 361 996 389 5.
1017 361 1073 389 Hac
1088 363 1220 398 completa
1234 364 1366 391 sententia
1384 386 1390 397 ,
1417 364 1568 400 ingreditur
1579 366 1714 394 admiran-

935 407 986 435 dus
998 409 1042 436 ille
1056 408 1185 438 Jeremias
1199 430 1206 442 ,
1233 419 1312 446 quem
1331 412 1447 440 intuitus
1476 412 1636 448 Unigenilus
1655 416 1712 442 ait:

935 453 1051 486 Quicum
1068 456 1101 483 lis
1115 459 1156 483 est
1172 457 1230 490 tibi,
1254 461 1300 483 aut
1314 465 1458 492 quemnam
1475 459 1515 486 vis
1532 459 1559 486 in
1581 459 1627 494 jus
1652 467 1716 495 pro-

935 501 1049 528 vocare?
1063 501 1194 530 Jeremias
1211 507 1299 529 autem
1312 513 1318 530 :
1333 503 1378 531 Lis
1392 508 1433 532 est
1448 505 1513 532 mihi
1526 513 1587 532 cum
1603 506 1714 539 Judaeis,

935 547 1050 582 voloque
1063 547 1166 582 judicio
1177 549 1340 576 contendere
1350 557 1441 577 coram
1464 555 1499 583 te,
1515 551 1643 585 Domine,
1667 554 1716 588 qui

936 600 1078 627 personam
1096 601 1149 621 non
1163 595 1275 629 accipis.
1290 594 1358 622 Tum
1372 595 1532 631 Unigenitus
1549 607 1556 625 :
1577 597 1669 634 Ecqua
1681 600 1716 628 de

935 646 966 666 re
989 646 1102 667 accusas
1127 640 1293 669 contribules
1313 642 1392 669 tuos?
1411 642 1461 669 Cui
1491 643 1643 678 propheta:
1663 646 1717 672 Ac-

937 693 1003 714 cuso
1028 686 1100 719 illos,
1118 687 1190 721 quod
1203 687 1380 714 retribuerint
1392 689 1457 715 mihi
1474 696 1524 723 pro
1539 689 1617 717 bonis
1634 691 1716 722 mala,

937 739 986 767 pro
999 731 1137 760 beneﬁciis
1155 733 1280 767 injurias.
1304 732 1346 760 Me
1363 741 1411 768 pro
1425 741 1518 761 eorum
1539 739 1654 762 sanitate
1680 740 1718 762 at-

936 785 989 813 que
1003 778 1090 806 salute
1104 779 1278 814 deprecante,
1293 779 1344 814 ipsi
1360 779 1464 808 interea
1487 788 1592 808 veneno
1610 789 1654 809 me
1670 782 1708 809 tol

937 823 992 850 lere
1001 823 1190 856 moliebantur,
1203 824 1374 852 occultantes
1388 824 1454 852 illud
1471 833 1568 861 magna
1583 826 1679 855 fraude
1691 828 1718 855 in

103 871 290 907 ὲγκρύψαντες
305 871 370 898 αὐτὸ
389 871 459 907 μετὰ
479 871 576 898 πολλοῦ
591 872 666 898 δόλου
686 873 726 903 εἰς
741 871 786 897 τὸν
806 871 886 906 ἄρτον

943 877 1006 904 pane
1033 877 1103 897 meo.
1132 869 1200 897 Tum
1231 870 1408 906 Unigenitus:
1431 871 1566 904 Quidnam
1583 873 1637 900 illis
1659 874 1718 901 ﬁeri

105 926 168 953 μου.
190 918 219 943 '0
240 917 268 944 δὲ
295 917 468 952 Μονογενής·
490 917 545 944 Καὶ
565 917 591 944 τί
606 918 697 948 αὐτοῖς
713 917 798 949 θέλεις
814 916 889 950 γενέ-

103 962 183 995 σθαι;
204 963 233 989 Ὀ
259 962 288 989 δὲ
307 963 466 998 προφήτης·
500 962 602 989 Ἐκεῖνο
622 963 712 994 αὐτοῖς
733 962 842 997 ποίησον
859 961 889 988 τὺ

102 1007 294 1042 γεγραμμένον
306 1008 334 1033 ὲν
347 1008 407 1038 ταῖς
423 1006 602 1042 Παροιμίαιςο
618 1016 627 1032 ι
654 1007 682 1033 '0
699 1006 889 1038 ἀνταποδιδοὺς

102 1054 190 1081 κακὸν
210 1054 269 1080 ἀντὶ
292 1054 405 1088 ἀγαθοῦ,
434 1053 464 1079 οὐ
492 1052 668 1089 κινηθήσεται
690 1053 762 1080 κακὰ
786 1054 818 1080 ὲκ
841 1052 887 1079 τοῦ

103 1101 178 1127 οἴκου
193 1099 287 1126 αὑτοῦ.
305 1109 314 1125 ι
336 1100 364 1126 '0
383 1099 411 1126 δὲ
426 1099 597 1134 Μονογενήςο
615 1099 697 1125 Οὐδὲν
714 1099 812 1126 ἄτοπον
827 1097 889 1133 ἐζή-

101 1154 199 1181 τησας.
216 1145 268 1171 Ἴδε
280 1145 310 1171 οὐ
324 1144 460 1172 κινοῦνται
475 1143 548 1170 κακά
563 1144 596 1169 ὲκ
609 1142 655 1170 τοῦ
669 1143 742 1169 οἴκου
758 1142 811 1170 τῶν
829 1143 888 1169 Ἰου-

102 1191 187 1217 δαίων
207 1190 256 1225 τῆς
276 1189 460 1225 Ἰερουσαλὴμ,
483 1189 534 1221 ἕως
545 1188 578 1215 ἂν
593 1189 625 1215 ἐκ
640 1187 771 1223 θεμελίων
781 1188 890 1222 ἐρημω-

103 1236 149 1271 θῇ.
166 1236 202 1262 Σὺ
215 1235 243 1262 δὲ
256 1234 395 1262 ἀναπαύου
417 1235 446 1260 ἐν
468 1235 524 1266 τοῖς
540 1233 700 1265 ἀστενώτοις
719 1233 827 1264 κόλποις
842 1231 888 1258 τοῦ

104 1281 274 1317 προπάτορος
297 1281 430 1316 Ἀϐραάμ.

140 1327 167 1353 6.
198 1326 402 1362 Περαιωθείσης
433 1327 479 1354 καὶ
506 1325 606 1361 ταύτης
632 1325 681 1360 τῆς
710 1324 888 1359 ἀποφάσεως,

104 1372 257 1408 εἰσέρχεται
273 1372 287 1398 ό
300 1373 441 1407 προφήτης
460 1371 596 1407 Ζαχαρίας
615 1370 774 1407 κεκραγώς·
792 1369 888 1403 Κύριε,

104 1419 220 1444 ὺκουσον
233 1417 279 1443 καὶ
291 1416 358 1452 ἐμοῦ
377 1416 498 1451 εὐμενῶς
514 1416 559 1443 καὶ
577 1415 697 1446 δικαίως.
720 1415 748 1441 '0
761 1415 789 1441 δὲ
805 1415 890 1441 Μονο-

103 1463 188 1498 γενής
198 1470 205 1478 ·
223 1453 292 1496 Λεγε
307 1462 377 1489 κατὰ
389 1462 443 1489 τῶν
455 1461 641 1497 ἀδικησάντων
656 1469 697 1488 σε.
720 1461 749 1486 '0
763 1460 792 1486 δὲ
803 1461 889 1494 Ζαχα-

105 1509 184 1544 ρίας·
201 1509 277 1535 Εἰσὶν
293 1509 317 1535 οἱ
342 1508 518 1543 ἀδικήσαντες
537 1515 569 1542 με
590 1508 613 1533 ot
637 1507 773 1542 ἀρχιερεῖς
797 1506 843 1532 καὶ
865 1507 889 1532 οἰ

104 1554 335 1590 νομοδιδάσκαλοι.
364 1554 392 1580 '0
406 1554 433 1580 δὲ
444 1553 613 1588 Μονογενήςι
629 1552 684 1579 Καὶ
699 1552 724 1578 τί
735 1551 839 1578 τοιοῦτό
858 1560 888 1577 σε

105 1598 237 1633 ἠδίκησαν
268 1598 293 1624 οἱ
313 1598 450 1632 ἀρχιερεῖς
476 1597 522 1624 καὶ
542 1598 567 1623 οἱ
594 1596 829 1632 νομοδιδάσκαλοι;
860 1596 889 1622 '0

105 1643 296 1678 δὲΖαχαρίας·
317 1642 479 1676 Ἐφόνευσάν
506 1651 539 1677 με
566 1640 667 1678 μεταξὺ
690 1640 737 1667 τοῦ
758 1639 821 1667 ναοῦ
843 1640 890 1666 καὶ

105 1688 152 1714 τοῦ
169 1688 372 1724 θυσιαστηρίου.
394 1687 499 1722 Ἐπάγη
522 1687 550 1714 δὲ
572 1687 619 1714 καὶ
640 1686 670 1713 τὺ
691 1683 759 1721 αἷμά
778 1694 826 1720 μου
846 1686 892 1711 ἐπὶ

104 1735 156 1769 τῆς
168 1734 280 1769 πέτρας,
300 1734 367 1770 πρὸς
380 1734 489 1769 ὲλεγχον
501 1733 551 1768 τῆς
568 1733 708 1768 μιαιφόνου
721 1731 810 1758 αὐτῶν
820 1730 891 1765 γνὼ-

107 1788 172 1815 μης.
192 1779 220 1806 ’0
231 1779 258 1806 δὲ
269 1780 441 1814 Μονογενής·
456 1779 558 1814 Τοίγαρ
572 1779 619 1805 καὶ
634 1778 709 1805 αὐτοὶ
724 1776 893 1812 ἀποθνησκέ-

106 1834 196 1852 τωσαν
224 1825 351 1852 ὑποκάτω
373 1825 420 1852 τοῦ
441 1825 631 1861 θυσιαστηρίου
654 1824 730 1860 παρὰ
754 1824 807 1850 τῶν
827 1824 893 1850 Ῥω-

108 1870 213 1905 μαίων·
240 1870 273 1897 δι’
295 1867 332 1897 ὧν
355 1870 384 1897 δέ
404 1879 446 1902 τις
469 1870 634 1906 ἁμαρτάνει,
658 1869 701 1895 διὰ
719 1868 820 1896 τούτων
845 1868 892 1895 καὶ¹

107 1915 250 1947 κολάζεται
261 1925 267 1931 ·
288 1917 334 1943 καὶ
348 1916 395 1951 οἴῳ
409 1924 451 1947 τις
468 1916 558 1951 μέτρῳ
574 1915 705 1951 μετρήσει
722 1914 759 1950 τῷ
779 1914 891 1949 πλησίον

107 1961 201 1994 αὑτοῦ,
226 1962 337 1998 τοιούτῳ
363 1962 437 1997 αὐτῷ
461 1961 722 1996 ἀντιμετρηθήσεται
749 1960 892 1995 οὐρανόθεν

106 2007 228 2038 δικαίως.
248 2007 373 2034 Ἐκείνων
397 2007 425 2033 δὲ
442 2006 580 2033 παθόντων
594 2005 629 2032 τὰ
646 2005 689 2032 ἴσα
707 2005 753 2032 καὶ
769 2003 806 2032 ὧν
822 2003 892 2041 ἦσαν

107 2052 192 2085 ἄξιοι,
208 2053 239 2079 σὺ
253 2052 281 2079 δὲ
296 2053 419 2088 εὶσέρχου
440 2053 479 2084 είς
499 2052 545 2078 τὸν
559 2051 653 2086 νοητὸν
673 2051 817 2086 νυμφῶνα.
840 2051 888 2077 ἐπ-

106 2097 215 2124 ακούων
229 2097 293 2133 παρ’
309 2097 375 2132 ἐμοῦ
399 2098 448 2132 τῆς
469 2097 662 2131 εὐκταιοτάτης
683 2096 788 2131 φωνῆς’
816 2105 824 2121 ι
844 2094 892 2130 Εὖ,

107 2143 183 2169 δοῦλε
201 2143 285 2176 ἀγαθὲ
301 2144 347 2169 καὶ
362 2143 449 2175 mm,
464 2143 510 2168 ἐπὶ
522 2142 599 2176 ὀλίγα
611 2139 644 2177 ἧς
658 2141 762 2172 πιστὸς,
777 2142 823 2167 ἐπὶ
834 2141 894 2167 πολ-

107 2187 161 2215 λῶν
178 2197 207 2214 σε
221 2189 397 2224 καταστήσω’
411 2187 513 2214 εἴσελθε
528 2189 568 2219 εἰς
579 2187 627 2223 τὴν
637 2186 723 2223 χαρὰν
733 2186 780 2213 τοῦ
790 2186 892 2222 Κυρίου
907 2208 932 2238 D

109 2243 167 2261 σου.
190 2244 200 2260 )

144 2281 172 2307 7.
193 2277 268 2312 Εἶτα,
283 2280 472 2316 πληρωθείσης
485 2280 533 2306 καὶ
546 2279 647 2314 ταύτης
656 2279 706 2314 τῆς
716 2279 891 2314 ἀποφάσεως,

109 2326 276 2361 εἰσέρχονται
297 2325 344 2352 καὶ
357 2325 391 2351 τὰ
405 2324 581 2360 ἀναιρεθέντα
597 2324 689 2350 παιδία
709 2324 737 2350 ἐν
759 2324 891 2359 Βηθλεὲμ,

109 2371 215 2406 βοῶντα
233 2371 281 2397 καὶ
295 2369 416 2404 λέγοντα·
439 2369 533 2406 Κύριε,
553 2370 600 2397 καί
617 2371 696 2405 ἡμεῖς
712 2369 754 2396 διά
770 2370 800 2396 τὸ
811 2369 895 2405 όνομά

111 2425 159 2443 σου
185 2416 288 2450 ξίφεσιν
312 2416 484 2452 ἀνῃρέθημεν
507 2416 558 2442 ὑπὸ
577 2415 623 2442 τοῦ
645 2415 825 2442 ἀσεὸεστάτου
848 2416 895 2442 καὶ

110 2462 269 2497 παρανόμου
291 2461 419 2498 Ἡρώδου.
451 2462 480 2488 '0
500 2461 529 2488 δὲ
553 2461 718 2496 Μονογενής·
741 2461 772 2487 Εἰ
792 2461 825 2487 δι’
845 2462 896 2497 ἐμὲ

111 2508 276 2543 ὑπεμείνατε
286 2507 330 2534 τὸν
341 2507 493 2543 ὲπικέρδιον
505 2506 618 2534 θάνατον
629 2509 676 2534 καὶ
687 2507 837 2544 προῦχοντα
846 2508 897 2542 τῆς

111 2554 196 2589 ζωῆς,
213 2553 263 2580 κᾶν
278 2553 361 2589 μυρία
374 2553 456 2589 μέρη,
473 2553 510 2589 μὴ
525 2553 662 2585 λυπεῖσθε,
680 2554 780 2585 εἰδότες
793 2553 896 2588 σαφῶς,

110 2599 152 2625 ὃτι
166 2599 190 2625 οἱ
205 2599 238 2625 δι’
251 2599 300 2634 ἐμὲ
318 2599 533 2634 ἀποθνήσκοντες
543 2599 574 2626 οὐ
591 2598 806 2633 καταθνήσκουσι
829 2598 895 2633 (54)-

111 2644 180 2676 ζῶσι
190 2644 244 2680 γάρ
258 2645 298 2675 εις
307 2644 351 2670 τὸν
367 2644 462 2671 αἰῶνα.
475 2644 556 2671 Ὅθεν
571 2644 673 2671 κελεύω
685 2644 730 2671 τὸν
747 2645 796 2679 μὲν
811 2643 898 2680 Ἡρώ-

148 2713 171 2729 ”
191 2713 242 2740 lsa.
260 2721 341 2745 xxnr,
360 2713 403 2741 10.
439 2713 462 2730 ⁹⁷
482 2713 561 2741 Prov.
578 2722 652 2746 xvu,
670 2715 712 2741 15.

147 2771 214 2807 (51⁸)
231 2770 298 2805 Quis
311 2771 347 2799 sit
360 2772 463 2804 ἑκεῖιος
482 2780 536 2799 non
556 2772 643 2802 video.
672 2773 724 2800 nisi
751 2773 820 2800 forte
840 2772 894 2800 Na—

113 2807 198 2834 bulhe
223 2807 381 2842 designetur
395 2816 401 2833 :
423 2808 562 2842 sequentia
574 2809 645 2842 enim
661 2809 817 2836 nullomodo
836 2809 892 2835 Ma-

114 2842 188 2869 nassi
205 2841 349 2870 convenire
364 2841 487 2877 possunt.
503 2842 580 2869 EDIT.
597 2841 716 2870 ΡΑτιιοι..

938 916 1033 950 optas?
1045 915 1093 943 Cui
1105 917 1235 952 propheta
1251 926 1258 945 :
1274 917 1347 945 Infer
1361 917 1428 952 ipsis
1443 919 1514 953 quod
1530 919 1662 954 scriptum
1677 923 1719 947 est

938 961 967 988 in
981 961 1154 990 Proverbiis:
1174 972 1182 988 ι
1204 963 1254 996 Qui
1274 963 1364 990 reddit
1382 964 1481 991 malum
1501 973 1550 1000 pro
1562 966 1645 998 bono,
1662 974 1717 993 non

938 1007 1065 1035 recedent
1087 1008 1156 1034 mala
1180 1008 1213 1036 de
1231 1009 1312 1036 domo
1334 1010 1393 1044 ejus
1407 1010 1441 1037 ⁸⁷.
1459 1020 1468 1036 ι
1492 1009 1641 1046 Respondit
1655 1011 1720 1039 Uni-

938 1053 1045 1088 genitus
1059 1063 1066 1081 :
1080 1053 1197 1082 Absurdi
1211 1055 1279 1082 nihil
1295 1056 1449 1089 postulasti.
1470 1056 1540 1084 Ecce
1564 1065 1618 1085 non
1643 1066 1718 1086 rece-

939 1096 1003 1123 dent
1020 1097 1089 1124 mala
1108 1098 1142 1125 de
1155 1098 1236 1127 domo
1248 1098 1413 1132 Iudaeorum,
1429 1108 1489 1135 quae
1503 1106 1545 1129 est
1555 1101 1718 1134 Jerusalem.

939 1142 1024 1170 donec
1038 1150 1054 1169 a
1071 1143 1255 1172 fundamentis
1265 1144 1414 1174 desoletur.
1429 1145 1469 1173 Tu
1478 1154 1558 1182 porro
1569 1147 1596 1175 in
1607 1148 1719 1175 minime

940 1191 1056 1223 angusto
1070 1189 1184 1218 Abrahze
1195 1190 1256 1218 sinu
1272 1191 1422 1227 requiesce.

974 1316 1001 1344 6.
1022 1315 1079 1344 Hac
1091 1320 1181 1345 autem
1197 1318 1321 1346 absoluta
1338 1320 1488 1353 sententia,
1505 1321 1654 1356 ingreditur
1667 1322 1716 1350 Za-

940 1362 1048 1390 charias
1065 1364 1194 1399 propheta
1207 1365 1364 1393 exclamans
1378 1375 1385 1393 :
1400 1366 1530 1399 Domine,
1553 1375 1596 1396 me
1613 1376 1720 1404 quoque

940 1409 1047 1441 audias,
1060 1418 1162 1445 quzeso,
1180 1411 1295 1438 libenter
1308 1416 1335 1439 et
1349 1420 1427 1447 atquo
1452 1413 1553 1440 animo.
1580 1413 1718 1449 Loquere,

941 1457 978 1483 ait
990 1456 1161 1492 Unigenitus.
1177 1458 1307 1485 adversus
1322 1466 1370 1486 eos
1387 1459 1433 1494 qui
1446 1464 1470 1486 te
1482 1459 1580 1493 injuria
1596 1461 1718 1488 affecere.

941 1502 989 1530 Cui
1006 1502 1170 1530 Zacharias:
1187 1503 1236 1536 Qui
1252 1511 1295 1531 me
1314 1505 1440 1531 laeserunt
1453 1509 1516 1531 sunt
1528 1506 1663 1541 principes
1677 1515 1720 1534 sa-

940 1548 1079 1576 cerdotum
1093 1569 1101 1581 ,
1127 1549 1248 1585 legisque
1270 1550 1404 1578 doctores.
1429 1550 1499 1584 Quid
1521 1552 1586 1579 illud
1612 1556 1663 1585 est,
1683 1554 1721 1579 ait

941 1594 1113 1630 Unigenitus,
1131 1595 1158 1622 in
1174 1604 1228 1630 quo
1243 1599 1269 1623 te
1286 1596 1414 1623 laeserunt
1433 1597 1571 1632 principes
1595 1598 1722 1625 sacerdo-

941 1644 997 1667 tum
1013 1648 1044 1667 ac
1058 1641 1122 1675 legis
1138 1641 1282 1668 doctores?
1304 1641 1353 1669 Cui
1372 1642 1519 1670 Zacharias
1533 1652 1538 1669 :
1556 1642 1721 1671 Occidcrunt

941 1694 984 1714 me
998 1686 1069 1714 inter
1088 1687 1216 1721 templum
1232 1691 1259 1714 et
1269 1687 1353 1714 altare
1371 1687 1485 1723 (ΒΞ-55).
1507 1687 1623 1723 Sanguis
1639 1697 1722 1724 porro

941 1741 1018 1761 meus
1031 1733 1057 1760 in
1077 1737 1152 1769 petra
1172 1738 1314 1762 concretus
1330 1739 1387 1766 est,
1405 1735 1432 1762 in
1453 1740 1639 1770 argumentum
1659 1743 1722 1763 san-

942 1779 1058 1815 guinarii
1078 1787 1171 1807 eorum
1194 1781 1310 1807 consilii.
1338 1780 1489 1808 Mactentur
1512 1789 1576 1815 ergo
1589 1782 1667 1816 391
1695 1786 1723 1809 et

943 1825 1005 1859 ipsi.
1022 1825 1059 1851 ait
1073 1823 1235 1860 Unigenitus
1249 1846 1257 1858 ,
1272 1825 1323 1853 sub
1342 1826 1420 1853 altari
1445 1833 1459 1852 a
1483 1825 1632 1854 Romanis:
1660 1834 1723 1853 nam

942 1877 1080 1905 per-quae
1103 1871 1164 1904 quis
1187 1876 1291 1906 peccat,
1316 1879 1364 1906 per
1395 1871 1450 1899 haec
1472 1876 1499 1899 et
1519 1872 1655 1906 punietur.
1691 1871 1724 1899 Et

943 1923 997 1950 qua
1026 1915 1140 1950 quisque
1165 1924 1292 1943 mensura
1321 1917 1474 1951 proximum
1508 1925 1586 1944 suum
1611 1925 1724 1945 mensus

943 1961 1034 1992 fuerit.
1051 1961 1144 1988 eadem
1159 1962 1218 1996 ipsa
1232 1963 1294 1996 jure
1309 1962 1360 1998 ipsi
1380 1963 1489 1990 coalitus
1504 1964 1671 1992 remetiatur.
1688 1963 1724 1990 lis

944 2012 1034 2036 autem
1058 2009 1138 2044 digna
1167 2010 1316 2037 sceleribus
1341 2011 1398 2038 suis
1430 2012 1615 2046 patientibus,
1638 2018 1668 2039 tu
1689 2013 1723 2039 ad

944 2054 1111 2087 spiritualem
1137 2055 1228 2089 sponsi
1249 2055 1395 2081 thalamum
1418 2055 1498 2087 intra,
1521 2057 1635 2084 audiens
1652 2065 1666 2084 a
1681 2065 1724 2084 mc-

944 2099 1141 2133 optatissimam
1161 2100 1233 2126 illam
1248 2107 1339 2126 vocem
1353 2107 1360 2127 :
1380 2109 1389 2125 ι
1401 2099 1474 2135 Euge
1484 2120 1491 2132 ,
1517 2108 1593 2128 serve
1612 2101 1682 2127 bone
1697 2106 1724 2127 et

945 2143 1042 2178 fidelis,
1059 2152 1140 2179 super
1168 2152 1252 2180 pauca
1279 2145 1354 2172 luisti
1379 2145 1480 2175 ﬁdelis.
1498 2154 1579 2180 super
1594 2147 1678 2173 multa
1698 2151 1725 2173 te

945 2191 1108 2217 constituam
1127 2200 1133 2217 :
1155 2191 1224 2217 intra
1237 2191 1264 2218 in
1278 2192 1404 2226 gaudium
1424 2191 1529 2219 Domini
1542 2193 1581 2219 tui
1592 2193 1624 2220 ".
1641 2202 1650 2218 ι

979 2279 1006 2307 7.
1026 2278 1156 2306 Absoluta
1171 2286 1236 2313 ergo
1254 2282 1281 2306 et
1305 2278 1356 2305 hac
1371 2278 1516 2310 sententia.
1535 2279 1726 2314 ingrediuntur

945 2325 1063 2352 infantes
1079 2325 1105 2351 in
1122 2324 1274 2352 Belhlehem
1288 2325 1362 2354 τεεί,
1377 2325 1527 2352 clamantes
1539 2333 1571 2352 ac
1582 2325 1703 2353 dicentes
1716 2334 1723 2351 :

946 2369 1069 2401 Domine,
1095 2375 1145 2396 nos
1169 2369 1251 2395 etiam
1276 2372 1385 2403 propter
1414 2377 1511 2396 nomen
1539 2374 1614 2396 tuum
1637 2370 1726 2404 gladio

945 2415 1030 2442 occisi
1050 2422 1145 2442 sumus
1161 2415 1195 2440 ab
1216 2414 1376 2448 impiissimo
1391 2418 1418 2441 et
1435 2415 1552 2442 scelesto
1570 2415 1675 2442 Herode
1692 2416 1725 2443 ”.

946 2461 1014 2487 Tum
1037 2460 1198 2495 Unigenitus
1224 2469 1230 2486 :
1254 2459 1281 2486 Si
1301 2463 1410 2494 propter
1431 2467 1474 2487 me
1493 2461 1635 2495 perutilem
1653 2460 1725 2487 illam

946 2510 973 2534 et
987 2506 1138 2533 sexcenties
1147 2506 1201 2532 vita
1216 2506 1348 2540 potiorem
1364 2509 1479 2533 mortem
1496 2505 1677 2536 sustinuistis.
1693 2514 1727 2533 ne

947 2551 1156 2583 contristemini,
1170 2552 1252 2586 probe
1279 2551 1407 2584 scientes,
1426 2559 1473 2579 eos
1499 2552 1545 2587 qni
1569 2552 1620 2579 mei
1645 2559 1728 2579 causa

947 2598 1102 2625 moriuntur
1116 2605 1170 2624 non
1188 2601 1275 2624 morte
1287 2597 1412 2629 detineri,
1430 2598 1524 2624 vivunt
1543 2598 1614 2625 enim
1632 2599 1658 2625 in
1678 2606 1728 2625 sa!-

947 2644 1049 2671 culum.
1064 2643 1236 2678 Quapropter
1251 2643 1384 2670 Herodem
1398 2643 1507 2678 quidem
1525 2644 1608 2678 jubeo
1630 2651 1726 2672 novem

750 2715 773 2731 ⁹⁸
792 2714 886 2742 Matth.
904 2721 966 2745 xxv,
984 2713 1030 2746 21,
1046 2713 1091 2740 25.
1129 2713 1152 2729 ⁸⁹
1171 2713 1263 2740 Matth.
1284 2721 1314 2745 ιι,
1331 2712 1375 2740 16.

982 2772 1085 2811 (ᾇᾷοδξ)
1100 2771 1293 2803 Tertullianus.
1313 2771 1468 2806 διωρίσθω
1492 2773 1527 2801 cf.
1560 2773 1729 2811 iiieronyr‘.,

946 2808 971 2834 in
990 2807 1086 2834 Manli.
1107 2816 1131 2834 c.
1150 2815 1227 2834 X.\'llt.

982 2842 1037 2878 (54)
1059 2841 1136 2878 Βεεη
1148 2842 1197 2868 οὐκ
1211 2841 1420 2878 ἀποθνήσκουσι.
