1940 3067
243 132 309 162 1071

803 132 830 160 S.
851 132 1082 162 ATHANASIUS.
1101 149 1136 155 ——-
1157 134 1291 162 SPURIA.

1786 135 1849 163 [0'32

243 191 440 220 insanabilibus
458 189 557 224 subjici
584 190 699 222 morbis,
713 197 762 217 vos
777 198 842 218 vero
860 191 1012 218 victoriaso-

1071 192 1119 226 δην
1136 193 1321 230 ὑποϐληθῆναι
1336 195 1390 226 τοῖς
1410 194 1487 221 ἐννέα
1505 194 1624 227 ἀνιάτοις
1643 194 1766 227 πάθεσιν,
1783 194 1852 230 ὑμᾶς

242 247 301 266 rum
320 242 468 273 martyrum
485 237 599 264 -choreis
622 237 806 270 annumerari,
819 245 881 264 cum
896 237 964 272 ipsis
981 238 1022 264 vi-

241 285 334 312 ctoria:
353 291 465 311 carmen
480 283 677 310 modulaturos.

275 330 302 358 8.
322 329 448 357 Omnium
469 333 606 364 postrema
632 328 785 364 ingreditur
802 328 924 356 Ecclesia
936 348 944 360 ,
961 336 1022 363 qua!

240 375 367 410 abnegari
394 382 446 401 non
466 378 554 409 potest
569 383 576 407 ;
603 381 685 408 quam
701 374 876 409 conspicatus
894 373 1022 409 Unigeni-

239 426 283 448 tus
299 422 336 447 ait
354 430 361 447 :
379 419 419 446 Tu
440 428 504 447 vero
522 419 587 454 quid
605 419 698 451 habes,
714 426 814 453 sponsa
836 426 907 450 mea,
925 419 1021 445 imma-

238 467 328 494 culata
353 467 418 498 lilia,
448 466 609 492 intemerata
639 465 737 499 virgo?
762 464 831 491 Tum
859 463 982 491 Ecclesia
1010 471 1018 490 :

237 511 379 539 {Erumnis
403 518 522 546 premor,
538 517 624 545 quare
647 517 722 543 rogo,
741 518 750 534 ι
771 508 877 542 indica,
894 509 1018 542 Domine,

238 563 367 586 nocentes
389 565 444 587 me,
465 564 592 591 expugna
614 556 804 590 impugnantes
831 562 874 582 me
890 555 911 581 '.
936 564 945 580 ι
968 554 1020 581 Cni

237 604 400 640 Unigenitus
418 612 425 630 ι
449 602 540 636 Ecqua
557 601 591 629 de
607 608 690 628 causa
716 601 905 635 impugnaris?
930 600 1019 628 Dicito

239 651 306 678 mihi
325 654 351 678 et
370 649 519 676 declarato.
542 647 698 682 lmpugnor,
715 647 804 682 inquit
817 646 950 679 Ecclesia,
966 646 1019 674 Do-

237 698 320 729 mine,
334 695 369 723 ob
383 698 506 723 exactam
528 694 746 728 erangclicorum
768 693 926 728 dogmaturn
948 694 1018 720 veri<

235 747 337 773 tatem,
370 744 453 775 atque
485 739 696 766 celebrationem
723 738 781 765 veri
811 742 838 765 et
869 738 1017 765 immobilis

235 785 377 813 Paschalis
406 794 413 812 :
441 787 468 811 et
493 783 528 811 ob
551 783 733 810 venerandam
756 790 789 810 ac
814 783 1017 810 immaculatam

235 836 308 858 tuam
331 829 488 865 imaginem,
504 836 586 863 quam
603 828 699 855 deiferi
715 828 782 855 mihi
801 828 918 864 apostoli
932 828 1017 855 tradi-

1071 238 1100 264 δὲ
1112 241 1295 275 καταταγῆναι
1308 241 1336 266 ὲν
1345 242 1405 272 ταῖς
1418 241 1537 277 χορείαις
1549 241 1605 267 τῶν
1617 241 1771 276 ἀϐλοφὸρων
1787 250 1852 277 μαρ-

1070 283 1171 320 τύρων,
1189 285 1365 318 κελαδοῦντας
1380 287 1438 322 μετ’
1455 287 1544 313 αὐτῶν
1563 287 1608 313 τὸν
1621 287 1751 313 ἐπινίκιον
1761 285 1850 321 ὕμνον.

1106 330 1132 356 8.
1154 330 1312 357 Τελευταῖον
1323 331 1350 357 δὲ
1365 331 1471 358 πάντων
1485 332 1636 367 εἰσέρχεται
1651 332 1725 366 καὶὴ
1741 331 1851 366 ἀνεξάρ-

1071 383 1150 410 νητος
1172 376 1328 411 Ἐκκλησία,
1353 377 1385 412 ἣν
1407 377 1454 404 καὶ
1477 377 1644 412 ϐεασάμενος
1666 377 1680 403 ό
1703 377 1852 412 Μονογενὴς

1071 421 1153 455 λέγει·
1173 422 1208 448 Σὺ
1218 422 1246 448 δὲ
1264 423 1290 448 τί
1312 423 1393 458 ἔχεις,
1410 424 1427 459 ἡ
1451 423 1504 459 ἐμὴ
1528 424 1619 459 νύμῳη
1641 424 1688 450 καὶ
1710 425 1726 459 ἡ
1750 423 1851 458 ὰμύσα-

1070 476 1133 499 κτος
1148 468 1203 502 (55)
1223 468 1303 504 κόρη,
1327 469 1374 495 καὶ
1390 470 1406 504 ἡ
1427 469 1591 504 ἁκηλίδωτος
1608 469 1756 504 παρθένος;
1780 469 1810 495 Ἡ
1825 469 1851 495 δὲ

1077 513 1224 548 Ἐκκλησία
1234 523 1240 529 ·
1250 514 1404 550 Λυποῧμαι,
1418 515 1450 541 δι’
1459 515 1526 541 ὃκαί
1539 524 1620 550 φημι·
1638 525 1646 541 ι
1659 515 1784 546 Δίκασον,
1799 515 1850 541 Κύ‹

1071 567 1122 593 ριε,
1140 559 1202 590 τοὺς
1218 558 1377 590 ἀδικοῦντάς
1392 568 1436 595 με.
1454 560 1608 595 πολέμησον
1626 560 1690 592 τοὺς
1706 559 1850 594 πολεμοῦνο

1068 604 1117 634 τὰς
1135 612 1178 638 με.
1195 614 1204 629 ι
1229 604 1259 630 '0
1281 604 1310 630 δὲ
1327 605 1494 640 Μονογενής·
1512 606 1567 632 Καὶ
1585 605 1628 632 διὰ
1649 606 1675 632 τί
1697 606 1848 640 πολεμήσῃ,

1067 648 1136 682 Λέγε
1158 649 1205 674 καὶ
1223 649 1394 683 φανεροποίει
1411 650 1461 685 τὴν
1478 650 1576 676 αἰτίαν.
1598 651 1629 677 'H
1646 651 1676 676 δὲ
1697 650 1847 685 Ἐκκλησία·

1067 692 1250 727 Πολεμοῦμαι,
1259 693 1392 726 Δέσποτα,
1405 694 1449 720 διὰ
1460 694 1508 729 τὴν
1519 694 1662 730 ἀκρίϐειαν
1676 695 1729 721 τῶν
1743 696 1848 729 εὐαγγε-

1067 737 1148 763 λικῶν
1163 737 1316 773 δογμάτων,
1340 740 1388 765 καὶ
1407 739 1456 775 τὴν
1477 741 1584 774 ποίησιν
1603 740 1650 766 τοῦ
1666 741 1792 775 ἀληθινοῦ
1806 741 1848 767 καὶ

1067 782 1174 817 βεϐαίου
1186 783 1291 818 Πάσχα,
1305 784 1351 810 καὶ
1361 784 1404 810 διὰ
1416 784 1466 819 τὴν
1479 785 1581 820 σεπτὴν
1598 785 1645 811 καὶ
1658 785 1790 821 ἄχραντον
1804 794 1846 812 σου

1066 827 1166 859 εἰκόνα,
1192 828 1226 862 ἦν
1254 836 1299 863 μοι
1322 829 1482 864 παρέδωκαν
1509 830 1534 855 oi
1562 829 1686 865 θεοφόροι
1713 831 1846 857 ἀπόστολοι

233 877 342 908 derunt,
356 880 386 904 ut
400 883 459 903 eam
474 881 653 906 asservarem,
672 874 754 901 veluti
767 874 920 909 exemplum
934 878 1012 909 atque

1066 875 1189 909 κατέχειν
1210 874 1294 910 αὐτὴν
1313 875 1353 906 εἰς
1371 874 1552 910 ὑπογραμμὸν
1565 874 1620 909 (56)
1643 876 1690 902 καὶ
1709 875 1846 911 ἀρραϐῶνα

233 924 332 959 pignus
347 927 400 950 tua:
411 922 438 949 in
452 928 535 948 carne
550 921 721 948 ceeonomize.
743 919 812 946 Tum
829 919 991 955 Unigenitus
1007 929 1014 948 :

234 970 307 997 Licet
318 976 350 997 ea
364 969 397 996 de
411 974 496 995 causa
514 966 692 1001 impugneris,
708 974 742 993 ne
756 966 877 994 animum
896 966 1015 1002 despon-

231 1016 306 1047 deas,
319 1022 369 1043 nec
392 1018 482 1042 mente
502 1018 548 1041 aut
568 1013 660 1040 animo
675 1012 832 1046 defatigere.
855 1011 922 1039 lllud
941 1013 1013 1040 enim

231 1061 406 1089 manifestum
418 1064 471 1092 est,
490 1060 605 1091 scilicet,
623 1059 670 1093 qui
694 1058 808 1090 Pascha,
824 1062 870 1085 aut
884 1059 1015 1085 immacu-

231 1108 314 1135 latam
337 1115 423 1135 meam
447 1107 591 1142 imaginem
612 1105 794 1141 abnegaverit,
814 1108 840 1132 et
861 1112 911 1140 ego
931 1105 1015 1131 abne-

229 1154 299 1189 gaho
313 1160 375 1180 eum
392 1159 484 1180 coram
498 1151 604 1179 ccelesli
620 1150 701 1178 Patre
717 1158 788 1182 meo,
804 1155 830 1178 et
844 1151 938 1178 electis
953 1151 1013 1186 ejus

230 1198 344 1233 angelis.
358 1197 411 1230 Qui
433 1205 498 1224 vero
521 1200 617 1223 contra
640 1203 746 1224 mecum
773 1203 826 1223 una
852 1197 955 1231 patitur
978 1197 1013 1223 ob

230 1243 352 1275 Pascha.
373 1244 397 1271 is
417 1242 679 1278 conglorilicabitur.
704 1243 801 1269 Annon
825 1242 926 1269 audisti
948 1242 1013 1277 quid

230 1289 401 1325 praeceperim
425 1288 573 1324 legislatori
595 1287 697 1323 Moysi:
715 1286 768 1314 Fac
784 1287 849 1315 mihi
871 1287 926 1314 duo
949 1288 1013 1315 che-

230 1335 319 1362 rubim
339 1335 366 1362 in
381 1334 558 1362 tabernaculo
584 1333 733 1361 testimonii
756 1334 777 1365 ¹,
798 1333 831 1360 ad
853 1334 1013 1369 praesigniﬁ-

228 1380 342 1407 candam
373 1380 517 1415 imaginem
544 1379 659 1407 meam?
678 1379 710 1406 Et
741 1387 850 1407 rursum
877 1387 939 1406 cum
969 1388 1012 1407 me

229 1429 364 1453 tentarent
383 1425 468 1452 Judmi
483 1424 606 1452 dicentes
625 1435 632 1452 :
651 1434 660 1449 ι
674 1424 815 1460 Magister,
832 1425 930 1452 licetne
947 1433 1012 1452 cen-

229 1480 289 1498 sum
297 1471 361 1499 dare
375 1470 487 1503 Casari,
506 1478 540 1498 an
558 1471 635 1498 non?
653 1480 663 1496 ι
677 1470 800 1497 dicebam
816 1474 906 1498 autem
921 1470 987 1505 ipsis
1003 1480 1009 1497 ι

232 1527 240 1542 ι
257 1517 397 1544 Ostendite
411 1517 478 1544 mihi
495 1516 641 1547 numisma,
659 1525 668 1542 ι
683 1520 709 1543 et
725 1516 813 1543 dicam
826 1516 913 1544 vobis.
927 1516 961 1543 At
974 1516 1011 1543 illi

1064 919 1115 954 τῆς
1138 919 1271 955 ὲνσάρκου
1293 920 1447 955 οἰκονομίας
1473 929 1529 947 σου.
1553 921 1580 947 '0
1597 921 1624 946 δὲ
1641 922 1804 957 Μονογενής·
1818 921 1846 947 Εἰ

1065 966 1112 992 καὶ
1121 965 1164 991 διὰ
1177 965 1254 992 τοῦτο
1267 965 1417 1001 πολεμήσῃ,
1433 965 1470 1000 μὴ
1478 965 1620 1002 ἀϐυμήσῃς
1633 966 1650 1002 ἢ
1662 966 1806 1002 ἀποκάμῃς
1816 967 1845 1001 τῇ

1064 1011 1176 1046 διανοίᾳ,
1188 1011 1204 1046 ἢ
1219 1011 1257 1046 τῷ
1269 1011 1400 1046 λογισμῷ.
1423 1011 1486 1037 Ἰδοὺ
1498 1011 1552 1046 γὰρ
1565 1011 1670 1045 σαξῶς,
1682 1012 1723 1038 ὅτι
1737 1013 1751 1038 ὁ
1765 1013 1846 1046 dmp—

1065 1057 1192 1091 νούμενος
1207 1057 1238 1082 τὺ
1254 1055 1421 1091 Πάσχοι“καὶ
1444 1056 1493 1092 τὴν
1516 1056 1650 1091 ἄχραντον
1675 1066 1726 1092 μου
1751 1057 1845 1087 εἰκόνα,

1064 1101 1141 1135 κάγὼ
1155 1101 1234 1128 αὐτὸν
1248 1102 1441 1137 ἀπαρνήσομαι
1459 1101 1610 1137 ἔμπροσθεν
1629 1102 1678 1129 τοῦ
1693 1103 1844 1138 ἐπουρανίου

1066 1156 1115 1182 μου
1131 1147 1246 1182 Πατρὺς,
1270 1147 1318 1174 καὶ
1338 1147 1392 1173 τῶν
1413 1147 1547 1174 ἐκλεκτῶν
1567 1148 1650 1174 αὑτοῦ
1668 1148 1798 1182 ἀγγέλων.
1820 1148 1845 1174 '0

1062 1192 1090 1219 δὲ
1104 1192 1183 1219 πάλιν
1199 1194 1365 1228 συμπάσχων
1377 1201 1420 1228 μοι
1430 1193 1473 1219 διὰ
1483 1193 1647 1228 τοῦΉὰσχα,
1663 1194 1711 1220 καὶ
1726 1192 1844 1226 ωνδοξά-
1882 1228 1883 1231 η

1064 1247 1148 1265 σεται.
1168 1239 1202 1264 Ἦ
1218 1239 1267 1265 οὐκ
1283 1239 1398 1274 ἤκουσας
1417 1239 1465 1270 τὸ,
1489 1239 1516 1265 τί
1539 1239 1706 1274 διεταξάμην
1722 1239 1759 1275 τῷ
1772 1246 1844 1274 νομο-

1063 1284 1126 1319 θέτῃ
1143 1285 1227 1319 Μωσῇ
1238 1291 1246 1300 ο
1263 1283 1377 1319 Ποίησόν
1395 1293 1440 1319 μοι
1457 1283 1503 1310 δύο
1518 1284 1661 1320 Χερουϐὶμ
1675 1286 1703 1311 ἐν
1716 1286 1749 1320 τῇ
1765 1285 1842 1318 σκηνῇ

1062 1330 1109 1356 τοῦ
1123 1330 1281 1366 μαρτυρίου,
1295 1331 1335 1362 είς
1349 1331 1717 1367 προμήνυσιν(57)τῆςὲμῆς
1731 1332 1842 1362 είκόνοςῖ,

1063 1375 1117 1401 Καὶ
1135 1375 1225 1406 πάλιν,
1241 1375 1285 1401 ὅτε
1307 1384 1340 1410 με
1358 1375 1501 1411 ἐπείραζον
1517 1376 1542 1402 οἱ
1571 1376 1693 1402 Ἰουδαῖοι
1716 1376 1840 1410 λέγοντες·

1065 1430 1074 1446 ι
1093 1420 1250 1453 Διδάσκαλε,
1264 1421 1366 1454 ἔξεστιν
1378 1422 1444 1456 ἡμῖν
1454 1421 1536 1447 δῶσαι
1550 1421 1651 1456 κῆνσον
1664 1421 1702 1457 τῷ
1718 1421 1840 1456 Καίσαρι,

1063 1466 1079 1502 ἢ
1098 1465 1145 1500 οὓς
1165 1476 1174 1492 ι
1198 1464 1275 1493 εἷπον
1295 1466 1322 1492 δὲ
1344 1466 1411 1502 πρὸς
1434 1466 1542 1498 αὐτούς·
1576 1476 1584 1492 ι
1609 1466 1781 1500 ’Υποδείξατέ
1802 1474 1842 1500 μοι

1062 1512 1194 1547 νόμισμα,
1213 1521 1223 1538 ›
1247 1513 1294 1538 καὶ
1314 1511 1385 1546 λέγω
1407 1512 1480 1547 ὑμῖν·
1507 1512 1538 1539 Οἰ
1561 1512 1590 1538 δὲ
1615 1512 1782 1548 προσέφερόν
1802 1519 1842 1546 μοι

229 1563 385 1590 obtulerunt
399 1563 465 1590 mihi
484 1563 637 1594 denarium,
657 1562 768 1597 dixique
793 1563 869 1595 illis;
893 1571 902 1588 ι
925 1562 1012 1597 Cujus

1064 1557 1196 1592 δηνάριον·
1212 1558 1260 1584 καὶ
1274 1558 1345 1592 λέγω
1358 1557 1424 1592 πρὸς
1438 1557 1546 1589 αὐτούς·
1563 1567 1572 1583 ‹
1588 1558 1668 1590 Τίνος
1688 1557 1767 1584 εἰκὼν
1779 1557 1841 1591 αὕτη

227 1615 270 1637 est
294 1609 384 1645 imago
407 1609 465 1636 brec
488 1614 515 1636 et
535 1608 751 1644 superscr-iptio?
779 1617 788 1634 ι
815 1607 913 1635 Dicunt
935 1609 973 1635 illi
1003 1617 1009 1634 :

230 1665 239 1678 ι
260 1655 377 1682 Ctesaris
392 1664 398 1681 :
418 1664 428 1680 ι
442 1659 469 1681 et
481 1653 608 1688 respondi
621 1653 673 1680 illis
690 1663 696 1680 :
717 1662 726 1678 ι
744 1652 860 1681 Reddite
874 1661 939 1688 ergo
952 1662 1012 1688 quin

228 1705 292 1728 sunt
312 1700 438 1731 (ἔξοδοι-ιε,
461 1700 573 1730 ϐιηςιιιὶ,
593 1703 621 1726 et
641 1706 701 1734 quae
726 1703 791 1726 sunt
814 1699 871 1732 Dei,
889 1699 944 1726 Deo
961 1699 982 1725 ³.
999 1708 1008 1725 ι

229 1746 261 1772 Et
274 1753 381 1773 rursum
399 1745 432 1772 ad
454 1744 564 1772 Petrum
589 1754 595 1772 :
617 1754 626 1770 ι
650 1744 721 1772 Vade
739 1744 772 1771 ad
795 1752 880 1776 mare,
897 1749 923 1772 et
936 1745 1012 1772 mitte

229 1793 338 1818 hamum
358 1795 446 1822 tuum,
470 1795 496 1817 et
516 1799 578 1818 eum
596 1791 700 1825 piscem
722 1790 769 1825 qui
789 1791 895 1826 primus
915 1798 1012 1818 ascen-

228 1837 308 1869 derit,
327 1837 404 1871 aperi
422 1843 454 1864 os
468 1836 538 1870 ejus,
550 1841 577 1864 ct
595 1836 715 1863 itm-nies
730 1839 871 1869 staterem;
886 1836 918 1863 Ja
934 1836 1010 1862 illum

228 1888 276 1916 pro
293 1889 337 1909 me
358 1885 385 1908 et
401 1888 450 1916 pro
467 1885 493 1908 te
507 1882 528 1908 ⁵.
547 1891 555 1906 ι
574 1881 631 1908 lloc
651 1885 692 1908 est
706 1881 739 1908 da
756 1881 858 1908 mundo
877 1889 964 1908 meam
984 1885 1010 1908 et

227 1930 302 1952 tuam
316 1925 472 1960 imaginem.
499 1924 594 1953 Nonne
618 1925 719 1952 audisti
747 1926 909 1953 monitorem
932 1930 1010 1953 tuum

226 1969 340 1998 Paulum
362 1971 496 1998 dicentem
515 1979 521 1997 :
540 1980 550 1997 ι
571 1971 600 1998 Si
619 1975 708 1998 tamen
727 1972 918 2006 compatimur,
940 1976 970 1999 ut
984 1977 1011 1999 et

226 2015 460 2051 congloriﬁcemur
476 2016 508 2043 εἳ
531 2025 540 2042 ι
565 2014 598 2042 Et
624 2015 658 2043 ad
679 2015 858 2042 Athenienses
884 2025 890 2042 :
919 2024 929 2040 ι
958 2014 1010 2042 Pcr

225 2062 317 2088 omnia
331 2061 408 2096 quasi
423 2061 671 2096 superstitiosiores
681 2068 730 2088 vos
746 2060 835 2087 video.
848 2059 1010 2088 Przcteriens

225 2107 298 2133 enim
323 2110 350 2134 et
369 2105 464 2134 videns
481 2106 629 2134 simulacra
650 2109 752 2138 vestra,
776 2105 866 2132 inveni
888 2108 915 2132 et
933 2112 1009 2131 aram

227 2153 396 2188 inscriptam,
412 2152 507 2189 Ignoto
522 2152 577 2180 Deo
593 2162 599 2180 :
613 2159 694 2187 quem
707 2159 772 2187 ergo
788 2159 836 2178 vos
853 2151 1008 2186 ignorantes

224 2200 325 2233 colitis,
348 2200 421 2227 hunc
449 2207 499 2235 ego
519 2200 650 2226 annuntio
667 2199 745 2226 vobis
762 2198 782 2224 ‘.
801 2207 811 2224 ι
828 2197 861 2224 Et
876 2197 910 2224 ad
929 2197 1009 2224 Gala-

1063 1602 1110 1628 καὶ
1119 1602 1279 1638 ὑπογραφής
1295 1611 1303 1628 ι
1318 1602 1349 1628 Οἱ
1361 1601 1387 1628 δὲ
1402 1599 1486 1628 εἷπονο
1502 1611 1511 1627 ι
1526 1602 1677 1637 Καίσαρος·
1692 1612 1702 1628 ι
1717 1603 1762 1629 καὶ
1772 1600 1841 1628 εἷπον

1062 1648 1131 1683 7:92,;
1144 1647 1251 1679 αὐτούς·
1268 1657 1278 1674 ι
1300 1647 1424 1674 ’Λπόδοτε
1440 1645 1486 1674 οὖν
1505 1648 1540 1674 τὰ
1562 1648 1699 1684 Καίσαρος
1719 1649 1756 1683 τῷ
1779 1648 1840 1674 Καζ-

1063 1702 1136 1729 σαρι,
1149 1694 1197 1719 καὶ
1210 1694 1244 1720 τὰ
1257 1693 1304 1720 τοῦ
1320 1694 1387 1720 Θεοῦ
1399 1694 1437 1729 τῷ
1453 1694 1522 1729 Θεῷ.
1540 1704 1549 1720 ι
1567 1695 1621 1720 Καὶ
1635 1695 1714 1721 πάλιν
1727 1695 1790 1730 πρὸς
1800 1694 1841 1720 τὸν

1062 1739 1173 1774 Πέτρον·
1190 1749 1199 1764 ι
1222 1739 1351 1775 Πορεύου,
1373 1740 1453 1775 βάλλε
1469 1740 1616 1776 ἄγκιστρον
1631 1742 1671 1771 εἰς
1687 1741 1735 1776 τὴν
1751 1740 1840 1767 θάλασ-

1063 1793 1122 1817 σαν,
1138 1785 1185 1811 καὶ
1200 1785 1245 1812 τὸν
1266 1787 1341 1821 ίχθὺν
1361 1786 1407 1812 τὸν
1428 1785 1523 1820 ἔχοντα
1545 1785 1678 1819 ἀνελθεῖν,
1696 1785 1796 1818 ἄνοιξον
1814 1785 1840 1810 τὸ

1062 1830 1148 1865 στόμα
1156 1831 1247 1862 αὑτοῦ,
1260 1831 1306 1857 καὶ
1315 1831 1439 1866 εὑρήσεις
1448 1831 1579 1866 στατῆρα·
1593 1831 1638 1864 δὸς
1651 1832 1709 1858 ἀντὶ
1721 1831 1784 1866 ἐμοῦ
1798 1830 1839 1857 καὶ

1062 1876 1119 1904 σοῦ.
1127 1887 1136 1903 ι
1147 1877 1284 1910 Τουτέστι,
1298 1877 1342 1910 δὺς
1355 1878 1402 1913 τὴν
1413 1878 1505 1905 εἰκόνα
1514 1879 1563 1913 τὴν
1577 1879 1647 1914 ἐμὴν
1659 1880 1703 1905 καὶ
1714 1878 1760 1913 σὴν
1773 1879 1798 1903 ἐν
1806 1875 1839 1911 τῷ

1061 1923 1164 1958 κόσμιι).
1182 1923 1217 1949 Ἢ
1236 1924 1285 1950 οὐκ
1306 1924 1425 1959 ἤκουσας
1441 1923 1488 1950 τοῦ
1511 1925 1662 1959 μνήστορός
1678 1933 1723 1951 σου
1740 1923 1837 1951 Παύλου

1060 1967 1193 2002 λὲγοντος·
1213 1977 1222 1993 ι
1240 1968 1271 1994 EI
1294 1968 1501 2003 συμπάσχομεν,
1528 1969 1571 1995 ἵνα
1596 1970 1645 1996 καὶ¹
1667 1966 1838 2000 συνδοξασοῶσ

1062 2022 1129 2048 μεν;
1148 2022 1157 2038 ι
1172 2014 1218 2040 καὶ
1237 2013 1305 2048 πρὸς
1325 2014 1491 2049 ’Δοηναίουςο
1510 2023 1519 2040 ι
1538 2014 1614 2041 Κατὰ
1635 2015 1722 2041 πάντα
1737 2014 1771 2045 ὡς
1786 2013 1836 2039 δει-

1061 2058 1310 2094 σιδαιμονεστέρους
1319 2058 1390 2094 ὑμᾶς
1407 2059 1511 2094 θεωρῶ.
1528 2059 1741 2095 Περιερχόμενος
1753 2059 1784 2085 τὰ
1796 2066 1836 2084 σε·

1060 2102 1185 2137 ϐάσματα
1197 2102 1283 2138 ὑμῶν,
1295 2103 1323 2129 ὲν
1340 2100 1361 2137 ᾧ
1374 2103 1463 2138 βωμὸν
1475 2101 1552 2139 εὖρον
1562 2107 1569 2114 ‘
1578 2105 1726 2139 γράφοντα·
1745 2102 1836 2137 Ἀγνώ-

1060 2156 1114 2182 στῳ
1129 2148 1198 2183 Θεῷ
1212 2150 1259 2176 καὶ
1273 2150 1302 2177 ὂν
1318 2150 1396 2185 ὑμεῖς
1413 2151 1570 2185 ἀγνοοῦντες
1590 2152 1736 2184 εὐσεϐεῖτε,
1751 2150 1834 2178 τοῦτον

1060 2193 1123 2228 ὑμῖν
1142 2195 1329 2228 καταγγέλλω.
1342 2206 1349 2221 ι
1360 2197 1414 2222 Καὶ
1431 2196 1497 2231 πρὸς
1516 2196 1647 2228 Γαλάτας
1669 2207 1677 2222 ι
1688 2196 1722 2223 Ὤ
1735 2196 1833 2230 ἀνόητοι

225 2251 266 2272 tas
283 2254 289 2272 :
310 2254 320 2270 ‹
338 2244 361 2272 0
378 2232 510 2272 insensati
527 2243 638 2277 Galatae,
655 2243 718 2278 quis
731 2250 778 2270 vos
795 2242 939 2270 fascinavit
955 2249 1009 2268 non

1064 2239 1189 2272 Γαλάται,
1206 2240 1247 2272 τίς
1262 2241 1332 2276 ὑμᾶς
1354 2241 1502 2268 ἐϐάσκανεν
1524 2242 1560 2277 μὴ
1578 2243 1717 2269 πείθεσθαι
1730 2243 1760 2276 τῇ
1775 2241 1833 2274 ἀλη-

224 2290 334 2318 obedire
350 2290 469 2323 veritati,
482 2294 546 2317 ante
557 2297 672 2325 quorum
684 2289 780 2316 oculos
790 2287 871 2316 Jesus
882 2287 1008 2315 Christus

225 2336 400 2371 praescriptus
419 2340 471 2369 est,
491 2339 573 2370 atque
589 2334 737 2362 cruciﬁxus
750 2333 782 2360 "?
808 2342 818 2358 ι
845 2332 877 2360 Ει
899 2326 938 2359 Μ’
955 2332 1008 2360 Go-

224 2381 342 2410 rinthios
359 2391 366 2409 :
391 2390 401 2407 (
421 2380 450 2408 Si
464 2382 526 2416 quis
542 2387 597 2408 non
615 2380 710 2407 adorat
722 2379 868 2407 Dominum
880 2382 1006 2406 nostrum

223 2427 315 2455 Jesum
326 2428 475 2460 Christum,
493 2427 539 2462 qui
556 2427 629 2454 venit
641 2426 669 2454 in
684 2433 777 2458 carne,
797 2425 834 2453 sit
849 2425 1005 2457 anathema,

223 2475 383 2502 maranatha
410 2474 431 2500 ⁸.
462 2483 472 2500 ι
497 2473 539 2500 Tu
558 2480 639 2504 vero,
663 2479 764 2508 sponsa
788 2479 865 2504 mea,
896 2471 1006 2498 hortare

224 2519 294 2547 liiios
314 2523 376 2547 tuos
402 2523 431 2546 ut
453 2519 480 2546 in
503 2518 646 2554 praeceptis
667 2518 735 2544 meis
760 2520 896 2550 maneant,
917 2523 1006 2550 neque

224 2573 318 2602 regum
345 2566 400 2592 iras
427 2563 600 2594 reformides,
624 2567 670 2590 aut
693 2562 782 2589 minas
813 2556 1012 2596 tyrannorum,

264 2677 272 2692 ¹
295 2676 367 2703 Psal.
385 2684 478 2707 xxxiv,
497 2675 524 2702 1.
561 2675 572 2690 ¹
592 2673 677 2701 Exod.
694 2681 757 2703 xxv,
776 2672 821 2701 18.

225 2711 236 2727 ‘
255 2712 314 2738 Act.
333 2719 398 2743 xvn,
416 2711 466 2745 22,
482 2711 528 2738 25.
565 2710 574 2725 ⁷
594 2709 683 2737 Galat.
701 2716 748 2740 ιιι,
767 2708 792 2735 i.

263 2802 318 2837 (55)
338 2801 376 2837 ita
392 2801 457 2837 ﬂes.
469 2801 542 2837 Editi
558 2808 631 2830 vero.
643 2802 659 2836 ἡ
673 2800 821 2837 ὲμυσαχθή.

263 2838 318 2872 (56)
338 2836 375 2863 ha
391 2836 456 2872 Reg.
468 2836 538 2863 Editi
551 2843 624 2869 vero,
640 2836 820 2871 ὑπόγραμμα.

879 2673 889 2688 ³
909 2672 1003 2699 Matth.
1020 2679 1095 2705 xm,
1114 2673 1206 2700 t7-2l.

830 2708 841 2724 ⁸
861 2708 870 2735 l
885 2707 949 2736 Cor.
966 2715 1012 2735 xvt
1024 2727 1032 2741 ,

1061 2284 1121 2320 θείᾳ
1131 2306 1138 2317 ,
1151 2283 1190 2317 οἷς
1201 2287 1261 2312 κατ’
1273 2287 1427 2322 ὀφθαλμοὺς
1444 2287 1546 2322 Ἰησοῦς
1557 2289 1673 2324 Χριστὸς
1685 2287 1830 2323 προεγράφη

1061 2331 1090 2357 ἐν
1107 2331 1180 2366 ὑμῖν,
1201 2331 1247 2358 καὶ
1268 2333 1346 2359 τοῦτο
1368 2333 1613 2368 ἐσταυρωμένος;ι
1632 2334 1686 2360 Καὶ
1702 2333 1765 2369 πρὸς
1786 2333 1831 2358 Κο-

1061 2377 1187 2414 ρινθίους·
1205 2386 1214 2402 ι
1230 2378 1264 2404 Εἴ
1274 2387 1315 2410 τις
1330 2378 1360 2404 οὑ
1375 2380 1521 2414 προσκυνεῖ
1529 2379 1574 2405 τὸν
1584 2379 1684 2414 Κύριον
1695 2379 1769 2414 ἡμῶν
1787 2377 1832 2410 Ἰη-

1060 2423 1122 2450 σοῦν
1138 2423 1254 2459 Χριστὸν
1271 2423 1414 2459 ἐληλυθότα
1427 2425 1455 2451 ὲν
1471 2425 1562 2460 σαρκὶ,
1578 2425 1634 2460 ἔχει
1648 2425 1736 2460 μαρὰν
1747 2423 1794 2450 aea
1805 2421 1831 2447 τὸ

1058 2469 1189 2504 ἀνάθεμα.
1202 2478 1210 2494 ι
1222 2470 1257 2495 Σὺ
1271 2469 1309 2501 δὲ,
1320 2469 1396 2505 ἠὲμὴ
1407 2469 1510 2505 νύμφη,
1525 2469 1642 2496 νουθέτει
1657 2470 1690 2496 τὰ
1701 2469 1778 2496 τέκνα
1789 2475 1830 2493 σου

1058 2515 1186 2550 ἐμμένειν
1201 2516 1258 2546 τοῖς
1273 2515 1348 2550 ἐμοῖς
1364 2516 1566 2551 προστάγμασι,
1587 2517 1632 2543 καὶ
1655 2516 1690 2551 μὴ
1705 2514 1831 2548 δειλιάσῃς

1058 2560 1159 2596 Θυμοὺς
1171 2560 1310 2595 βασιλέων,
1325 2560 1342 2596 ἢ
1357 2561 1471 2593 ἀπειλὰς
1485 2562 1633 2598 τυράννων,
1648 2563 1664 2597 ἢ
1681 2558 1831 2597 φρυαγμοὶς

1261 2674 1271 2688 ⁵
1291 2672 1383 2700 Matth.
1404 2681 1472 2707 xvu,
1489 2674 1532 2702 26.
1586 2675 1596 2691 ⁸
1615 2674 1691 2702 Rom.
1711 2681 1770 2706 Vill,
1788 2671 1828 2699 17.

1049 2707 1095 2734 22.

1093 2797 1150 2833 (57)
1168 2797 1246 2834 Reg.,
1263 2798 1455 2834 προσκύνησιν.
