1940 3067
123 169 195 197 1073
673 170 792 200 SERMO
811 171 845 198 ΙΝ
864 171 928 198 SAN

957 171 1025 200 TUM
1045 171 1190 200 PASCHA.
1668 172 1737 202 10H

121 227 347 282 alpeotdpxmvzﬂ
366 229 458 282 πῦρ,ῆ
474 229 560 282 ξίςὶος,
576 231 592 266 ἢ
609 231 703 282 ξδἠρία,
722 231 738 267 ἦ
752 233 908 267 ἀφαιρέσεις
922 266 929 282 Δ

960 232 1117 260 fremitusve
1141 231 1394 265 haeresiarcharum,
1416 236 1464 260 aut
1488 239 1588 268 ignem,
1607 232 1737 269 gladium,

123 273 283 309 χρημάτων,
300 273 316 308 ἦ
331 275 488 310 κτημάτων,
512 275 528 311 ἣ
550 276 652 308 οἰκιῶν,
675 277 692 312 ἢ
713 277 821 316 ὁμοίων.
843 278 907 304 Οἴαν
922 273 929 282 ¹

962 277 1044 310 feras,
1070 281 1116 304 aut
1144 277 1310 312 direptiones
1340 284 1420 312 opum
1449 278 1493 306 vel
1523 279 1736 313 possessionum,

960 323 1137 350 domorumve
1153 326 1200 350 aut
1224 321 1365 350 similium.
1385 321 1580 357 Quamcunque
1593 322 1666 350 enim
1682 323 1735 350 cla-

960 369 1022 396 tlem
1043 369 1190 397 decernent
1213 372 1430 403 transgressores
1445 369 1500 401 illi,
1516 369 1637 396 eamdem
1653 369 1736 396 susti-

959 415 1063 442 nebunt
1089 423 1096 442 :
1123 418 1150 442 et
1170 414 1350 450 quodcunque
1375 414 1516 442 consilium
1544 413 1664 446 inierint,
1687 421 1737 449 ego

960 460 1101 495 dissipabo
1125 469 1133 487 τ
1158 460 1243 488 habes
1260 461 1330 489 enim
1348 468 1363 487 a
1377 460 1559 488 fundamentis
1574 460 1677 487 ﬁrmam
1695 460 1736 487 vi-

958 512 1074 540 vamque
1088 509 1203 540 petram.
1215 506 1310 532 Amen.

122 318 179 355 γὰρ
192 320 239 346 καὶ
250 319 371 352 δόξουσιν
384 321 408 347 οἱ
421 321 576 357 παραϐάται
588 320 683 358 ἧτταν,
701 323 906 359 ἡττηθήσονταιο

122 366 171 392 καὶ
187 365 245 392 οἵαν
258 365 354 401 βουλὴν
369 366 566 402 βουλεύσονται,
584 368 638 403 ὲγὼ
651 369 824 396 διασκεδάσω·
836 369 907 404 ἔχεις

122 411 178 447 γὰρ
194 412 226 439 ὲκ
247 411 380 447 θεμελίων
398 413 448 449 τὴν
471 414 587 450 στερρὰν
610 415 658 442 καὶ
680 415 769 442 ζῶσαν
792 415 904 450 πέτραν.

127 458 216 493 Ἀμήν

545 642 579 670 ΙΝ
599 642 690 670 TRES
710 642 913 676 SEQUENTES
931 643 1096 671 HOMlLlAS
1120 642 1317 672 ADMONITIO.

157 698 239 733 .592
266 698 330 726 Tres
356 705 488 734 sequentes
509 701 625 729 homilia:
650 706 750 728 tantam
771 706 862 728 mutuo
889 701 1030 735 pra’ferunt
1055 701 1118 736 styli
1142 700 1303 736 afﬁnitatem,
1321 706 1348 727 ut
1371 700 1486 735 ejusdem
1502 701 1580 734 plane
1600 701 1736 735 scriptori:

121 752 178 771 esse
194 743 341 771 videantur.
365 744 399 771 In
422 745 554 774 codicibus
582 755 660 781 porro
679 747 835 782 quibusdam
862 746 1008 773 Athanasio
1035 746 1214 778 ascribuntur,
1234 746 1262 772 in
1280 746 1415 773 nonnullis
1440 745 1542 773 Basilio
1568 744 1736 773 Seleuciensi.

121 790 159 817 Et
191 791 295 826 quidem
319 796 394 818 tanta
418 792 459 819 hic
489 801 548 820 cum
572 794 753 821 Athanasium
778 794 846 829 stylo
875 794 989 821 occurrit
1013 793 1202 828 discrepantia,
1230 800 1259 822 ut
1283 794 1400 830 quisquis
1424 801 1482 820 eum
1508 793 1547 820 vel
1577 792 1737 828 primoribus

122 835 206 862 labris
223 837 348 871 attigerit.
363 837 440 863 hasce
458 837 499 864 illi
514 837 638 865 homilias
653 838 806 872 abjudicare
823 838 889 865 nihil
903 842 1047 865 cunctetur.
1061 837 1131 864 Nam
1146 839 1174 865 in
1187 839 1334 866 Athanasio
1351 838 1479 865 orationis
1492 846 1572 873 genus
1583 837 1642 872 plus
1661 833 1736 864 habe‘

121 889 270 915 nervorum,
285 882 344 917 plus
359 882 466 917 judicii,
483 885 671 919 gravitatisque
686 892 695 910 :
711 884 753 911 hic
775 889 862 911 autem
884 885 979 919 etylus,
994 884 1097 919 elegans
1112 884 1226 920 quidem,
1242 885 1286 912 sed
1306 884 1422 920 ﬂosculis
1451 883 1581 918 tropisque
1601 883 1737 910 rhetoricis

122 925 273 954 redundans
291 935 300 953 :
320 928 364 962 qui
383 927 486 955 Basilio
515 927 674 956 Seleuciensi
691 929 789 955 ascribi
818 929 902 956 verius
924 929 1007 963 possit
1031 937 1110 964 quam
1140 929 1294 958 Athanasio.
1318 929 1378 956 Ilua
1401 928 1526 955 accedunt
1551 937 1622 955 voces
1647 928 1736 955 multa!

120 972 193 1006 apud
218 972 394 1000 Athanasium
418 974 563 1008 inusitataz,
590 974 680 1009 quales
702 979 762 1002 sunt
780 974 845 1007 illm,
871 975 929 1001 ἀντι

957 973 1002 1007 ιτα,
1027 979 1052 1002 et
1077 975 1243 1010 μεταμαθεῖν
1267 983 1324 1011 pro,
1345 974 1491 1010 pmnitere,
1516 978 1541 1001 et
1561 974 1660 1002 similes
1681 981 1736 1008 per-

121 1020 222 1046 multm.

159 1066 277 1093 Primam
302 1070 389 1093 autem
407 1066 544 1094 homiliam
565 1066 598 1094 de
615 1065 746 1094 Paschate
757 1066 877 1101 'primum
893 1065 974 1093 edidit
991 1066 1024 1095 P.
1040 1066 1211 1102 Combe/irim
1227 1068 1254 1094 in
1274 1067 1399 1095 Auctario
1421 1076 1479 1095 suo.
1497 1066 1617 1095 Secunda
1631 1067 1692 1094 item
1706 1067 1738 1094 de

119 1113 263 1147 Paschate,
276 1115 303 1141 in
317 1114 431 1141 editione
446 1114 593 1141 Parisiensi
613 1114 676 1141 anni
691 1114 759 1142 1627
781 1113 852 1141 edim
868 1118 917 1146 est,
930 1122 994 1140 cura
1007 1118 1032 1140 et
1047 1114 1134 1142 studio
1153 1114 1297 1143 Holsteiuii
1312 1123 1372 1142 cum
1386 1115 1599 1150 interpretatione
1609 1115 1735 1150 ejusdem.

121 1158 219 1186 Postea
233 1168 292 1187 vero
307 1160 469 1188 cmendatior
484 1160 581 1196 prodiit
596 1161 623 1187 in
635 1160 762 1187 Auctario
770 1159 886 1194 ejusdem
901 1159 1051 1194 Combeﬁsii
1062 1168 1121 1187 cum
1137 1169 1203 1188 noua
1214 1161 1330 1195 ejusdem
1343 1161 1564 1194 interpretatione.
1583 1160 1687 1193 Tertia,
1705 1160 1737 1187 de

118 1207 279 1235 Ascensione
294 1207 412 1239 Domini,
433 1209 546 1242 primum
565 1208 662 1242 publici
671 1208 741 1243 juris
755 1208 826 1242 facta
845 1213 883 1234 est
899 1209 927 1234 in
947 1207 1059 1235 editione
1078 1208 1296 1241 Commeliniana,
1313 1209 1450 1244 interprete
1461 1207 1564 1236 Joanne
1580 1207 1736 1243 Lampadio,

118 1253 234 1280 secundo
252 1262 316 1280 cusa
340 1254 391 1288 fuit
412 1255 439 1281 in
461 1254 523 1281 edit.
542 1253 632 1281 Paris.
650 1262 712 1280 ann.
728 1253 807 1281 1627.
825 1253 943 1280 Tertium
958 1254 986 1281 in
1002 1255 1129 1282 Auctario
1143 1254 1293 1290 Combeﬁsii
1307 1254 1468 1282 emendatior
1483 1254 1578 1290 prodiit
1599 1262 1658 1281 cum
1672 1262 1736 1280 nova

117 1298 235 1334 ejusdem
253 1300 403 1336 Combeﬁsii
417 1301 642 1336 interpretatione.

663 1404 732 1430 ΤΟΥ
749 1404 794 1430 ΕΝ
813 1404 924 1431 ΑΓΙΟΙΣ
942 1404 1076 1431 ΠΑΤΡΟΣ
1092 1404 1190 1431 ΗΜΩΝ

770 1464 1086 1508 ΛΘΑΝΑΣΙΟΥ

659 1538 783 1565 ΛΟΓΟΣ
801 1539 863 1564 ΕΙΣ
882 1539 924 1564 T0
939 1538 1058 1565 ΑΓΙΟΝ
1068 1538 1201 1565 ΠΑΣΧΑ.

624 1661 670 1706 8.
709 1661 762 1705 Ρ.
801 1661 860 1705 Ν.
902 1654 1222 1703 ATHANASII

649 1743 773 1772 SERMO
793 1742 836 1770 ΙΝ
857 1739 1031 1770 SANCTUM
1062 1737 1216 1766 PASCHA.

155 1861 181 1888 Ι.
199 1861 231 1888 Ει
243 1861 301 1892 ταῖς
315 1861 370 1888 τῶν
389 1861 510 1896 ἀγγέλων
526 1861 590 1896 ὲνῆν
604 1860 671 1896 πρὸς
687 1861 717 1887 τδ
730 1861 816 1896 παρὸν
835 1861 902 1896 χρή·
915 1868 929 1895 Ι

987 1859 1012 1886 1.
1031 1857 1143 1886 Etiamsi
1154 1857 1254 1892 linguis
1269 1855 1424 1891 angelorum
1437 1854 1670 1890 inprmsentiarum
1695 1855 1733 1882 uti

117 1907 218 1934 σασθαι
231 1906 374 1941 γλώτταις,
392 1907 416 1933 εἰ
433 1906 524 1940 φωνὰς
538 1907 685 1938 ἀθανάτους
701 1908 718 1942 ὴ
732 1907 785 1933 τῶν
800 1906 903 1941 θνητῶν

957 1905 1049 1933 liceret
1078 1925 1085 1932 .
1115 1903 1221 1931 etiamsi
1251 1901 1451 1929 immortalibus
1477 1900 1601 1928 mortalis
1635 1904 1734 1928 natura

116 1953 252 1988 ἐκτήσατο
278 1953 374 1987 φύσιςι
393 1953 524 1988 ἐτόλμησε
545 1953 620 1988 μόλις
642 1952 697 1987 (58)
724 1953 757 1979 ἂν
781 1952 830 1984 τὰς
853 1953 903 1988 τῆς

957 1951 1070 1979 voeibus
1092 1950 1226 1978 instructa
1239 1951 1332 1981 esset;
1347 1947 1391 1974 vix
1414 1946 1526 1974 auderet
1544 1947 1605 1975 festi
1618 1947 1735 1983 hujusce

117 1999 215 2034 ἑορτῆς
235 1999 353 2034 ὑμνῆσαι
367 1999 480 2035 δωρεάς.
503 1999 570 2025 Νυνὶ
588 1998 617 2024 δὲ
634 1998 741 2032 γλῶττα
756 1997 839 2033 θνητὴ
856 1998 903 2024 καὶ

957 1998 1009 2026 diei
1029 1997 1100 2024 dona
1124 1996 1281 2032 praedicare.
1307 1993 1366 2022 Jam
1393 2001 1458 2021 vero
1481 1994 1603 2021 mortalis
1630 1994 1733 2029 lingua,

116 2045 230 2080 πήλινον
243 2044 357 2078 ὕργανον
374 2044 399 2070 τί
414 2044 463 2079 μὲν
477 2040 510 2070 ἂν
523 2044 603 2075 εἴποι,
617 2044 644 2069 τί
655 2043 682 2069 δὲ
693 2044 740 2069 καὶ⁸
752 2043 901 2078 φθέγξοιτο,

116 2088 190 2123 ἅπερ
199 2089 216 2123 ἡ
229 2088 360 2123 σύμπασα
370 2089 457 2120 κτίσις
465 2088 640 2123 όμοφωνοῧσα
650 2089 717 2124 πρὸς
726 2089 801 2121 ἀξίαν
811 2089 902 2123 ὑμνεῖν

115 2136 166 2162 οὐκ
186 2135 288 2170 ἰσχύει;
307 2135 478 2170 ’Υπερΰαίνει
495 2134 549 2170 γὰρ
563 2134 670 2170 ἀληθῶς
685 2134 798 2166 κτίσεως
817 2134 902 2169 μέτρα,

114 2181 151 2208 τὰ
166 2181 240 2216 δῶρα
253 2181 301 2216 τῆς
314 2181 433 2216 χάριτος.
449 2180 568 2212 Θάνατος
584 2179 614 2212 ἐξ
631 2179 780 2215 ἀνθρώπων
794 2179 902 2206 ἐλαύνε-

115 2233 171 2257 ται,
187 2225 233 2251 καὶ
243 2224 309 2260 ᾅδης
319 2225 367 2259 τὴν
379 2225 494 2259 πολυετῆ
507 2224 664 2251 δυναστείαν
677 2224 842 2251 ἀποτίθεται·
855 2225 901 2251 καὶ

115 2268 194 2302 γένος
217 2267 367 2304 ἀνθρώπων
383 2268 517 2304 ἁμαρτίας
539 2269 612 2304 νόμῳ
636 2269 780 2296 κατάδικον
799 2270 830 2303 τῇ
851 2269 900 2303 τῆς

115 2314 227 2350 χάριτος
243 2314 331 2350 δωρεᾷ
345 2314 496 2350 βασιλεύειν
507 2314 670 2342 διδάσκεται.
687 2315 742 2350 Τῆς
756 2315 846 2342 τοίνυν
853 2316 901 2341 Δε-

115 2359 247 2394 σποτικῆς
260 2360 355 2395 ἑορτῆς
368 2361 382 2386 ὁ
392 2360 586 2396 πρωτοστάτης
598 2361 646 2395 μὲν
660 2361 709 2396 τῆς
725 2360 900 2393 ἀπολαύσεως

114 2404 268 2439 ἄνθρωπος,
288 2405 414 2437 κοινωνὸς
429 2405 458 2432 δὲ
478 2406 529 2440 τῆς
544 2406 654 2441 χάριτος
673 2407 690 2442 ἡ
704 2406 782 2442 λοιπὴ
798 2406 899 2440 γίνεται

114 2451 214 2482 κτίσις.
235 2451 279 2477 Ἐν
293 2451 435 2487 ἀνθρώπου
447 2451 501 2488 γὰρ
520 2453 610 2487 μορφῇ
625 2453 768 2487 σήμερον,ὸ
782 2452 830 2487 τῆς
847 2451 899 2486 φύ-

115 2505 185 2528 σεως
197 2496 253 2531 (59)
265 2497 444 2526 ὰνεπλάττετο
453 2497 547 2533 δῆμος.
559 2497 636 2524 Οὕτω
647 2498 701 2532 γὰρ
711 2497 815 2529 Παῦλος
825 2499 839 2524 ὁ
849 2498 899 2533 τῆς

956 2044 1058 2071 luteum
1075 2044 1296 2073 instrumentum.
1312 2039 1378 2075 quid
1392 2039 1475 2072 dicat,
1491 2039 1589 2074 quidve
1609 2039 1735 2074 loquatur

955 2098 986 2117 ea
1002 2097 1062 2124 qua:
1076 2097 1109 2116 ne
1121 2093 1178 2115 tota
1191 2087 1301 2123 quidem
1318 2093 1434 2114 concors
1448 2093 1540 2112 rerum
1555 2088 1663 2116 natura,
1684 2093 1734 2120 pro

954 2136 993 2164 rei
1007 2136 1137 2171 dignitate
1147 2135 1292 2162 decantare
1302 2132 1408 2159 valeat?
1422 2131 1532 2158 Naturae
1547 2138 1612 2157 sane
1623 2131 1733 2157 modum

955 2185 1086 2216 superant
1098 2180 1193 2215 gratiae
1203 2179 1283 2207 dona.
1294 2178 1408 2206 Pellitur
1419 2185 1491 2204 mors
1508 2177 1541 2203 ab
1554 2176 1710 2204 hominibus
1723 2184 1731 2203 :

954 2228 1053 2254 amittit
1078 2226 1201 2253 infernus
1221 2225 1379 2252 diuturnum
1402 2223 1467 2250 illud
1492 2222 1634 2257 imperium
1659 2231 1666 2248 :
1688 2229 1734 2257 ge-

954 2280 1060 2307 nusque
1086 2272 1225 2298 hominum
1250 2269 1354 2304 peccati
1378 2269 1437 2303 lege
1457 2268 1625 2300 damnatum,
1641 2267 1733 2302 gratia:

953 2318 1024 2346 dono
1040 2325 1153 2352 regnare
1176 2316 1300 2343 docetur.
1318 2314 1450 2342 Dominici
1465 2314 1556 2349 itaque
1575 2313 1636 2341 festi
1652 2313 1732 2340 homo

954 2364 1091 2399 praecipue
1111 2370 1142 2389 ac
1159 2362 1246 2396 primo
1265 2360 1361 2388 ordine
1383 2360 1501 2387 fructum
1521 2359 1643 2394 percipit,
1660 2359 1733 2394 ejus~

952 2410 1067 2444 demque
1094 2408 1188 2443 gratia:
1216 2407 1352 2442 particeps
1377 2409 1419 2433 est
1442 2406 1548 2440 reliqua
1571 2408 1679 2432 natura.
1702 2403 1731 2431 lu

951 2455 1069 2482 hominis
1082 2460 1197 2488 namque
1212 2452 1297 2480 forma
1311 2451 1390 2479 hodie
1401 2455 1457 2477 tota
1472 2458 1563 2478 rerum
1578 2453 1731 2477 creatarum

952 2499 1099 2527 multitudo
1117 2498 1293 2526 reformatur.
1319 2497 1358 2523 Ita
1378 2497 1450 2523 cnim
1466 2496 1567 2523 Paulus
1583 2496 1678 2531 gratiae
1692 2495 1733 2522 di-

114 2542 226 2578 χάριτος
242 2543 366 2578 μαθητὴς
385 2543 584 2578 περιήγγειλεν*
609 2551 617 2568 ι
640 2542 674 2569 Εἴ
691 2551 732 2574 τις
748 2543 777 2569 ὲν
792 2543 901 2580 Χριστῷ
914 2549 929 2577 ε

957 2544 1073 2578 ςεὶρυὶιιε
1086 2542 1240 2578 praedicavit
1255 2551 1261 2569 :
1281 2551 1289 2567 ι
1303 2541 1330 2568 Si
1343 2548 1395 2576 qua
1411 2541 1438 2568 in
1451 2540 1559 2568 Christo
1572 2547 1641 2567 nova
1655 2546 1732 2567 crea-

114 2588 196 2624 καινὴ
206 2588 304 2620 κτίσις,
320 2588 354 2615 τὰ
366 2589 467 2624 ἀρχαῖα
482 2588 630 2624 παρῆλθεν·
645 2588 698 2615 ἰδοὺ
712 2588 806 2622 γέγονε
819 2589 898 2617 καινὰ

957 2593 1012 2617 Lura
1030 2599 1036 2617 ε
1051 2594 1144 2617 vetera
1161 2589 1330 2617 transierunt
1353 2597 1360 2615 ε
1382 2595 1446 2616 ecee
1465 2587 1536 2614 facta
1559 2591 1623 2614 sunt
1641 2585 1732 2623 omnia

112 2634 148 2660 τὰ
161 2634 260 2661 πάντα.
281 2644 290 2660 ι
309 2635 366 2670 Maii
381 2636 455 2670 φωνῇ
479 2634 594 2666 ἑλκύσας
609 2634 644 2661 τὰ
665 2634 809 2669 σύμπαντα
831 2635 898 2671 πρὸς

957 2642 1020 2662 nova
1037 2636 1057 2661 ³.
1080 2644 1090 2660 ι
1108 2633 1233 2661 Surrexit
1251 2633 1322 2661 enim
1335 2637 1439 2660 natura).
1454 2631 1544 2667 opifex
1559 2639 1565 2664 ;
1583 2634 1664 2665 atque
1678 2637 1732 2656 una

112 2680 254 2708 ἀνάκτισιν
267 2679 333 2714 (60),
346 2681 361 2706 ὁ
374 2680 423 2715 τῆς
435 2679 548 2712 κτίσεως
560 2680 723 2716 δημιουργὸς
738 2680 847 2717 ἀνέστη.
868 2681 899 2706 'H

957 2689 1020 2708 voce
1051 2681 1143 2708 omnia
1169 2680 1252 2707 traxit
1276 2679 1310 2707 ad
1335 2686 1433 2707 novam
1458 2678 1636 2706 creationem.
1663 2676 1731 2704 Nam

151 2757 161 2773 ’
182 2756 202 2782 ll
219 2756 283 2784 Cor.
302 2765 328 2789 ν,
346 2756 388 2783 17.

159 2814 214 2849 (38)
235 2814 319 2846 Μόλις
331 2814 407 2842 deest
420 2815 446 2841 in
463 2813 624 2841 Colbertino.

158 2849 214 2885 (39)
233 2849 365 2881 Colbcrt.,
379 2850 428 2885 τῆς
442 2849 563 2879 κτίσεως.

989 2810 1045 2839 (60)
1063 2810 1100 2839 lta
1113 2811 1178 2847 Reg.
1194 2811 1262 2840 Editi
1273 2821 1336 2840 vero
1348 2818 1375 2842 ct
1388 2813 1477 2846 Colb.,
1492 2813 1560 2850 πρὸς
1574 2813 1730 2841 avicum.
