1940 3067
235 156 305 185 1075

798 158 826 184 s.
847 157 1078 186 ATHANASIUS.
1089 174 1122 179 —
1134 157 1269 186 SPURIA.
1281 149 1289 158 '

1773 158 1839 186 1076

235 215 385 242 Salvatoris
396 216 561 243 resurrectio
573 235 580 248 .
595 217 748 244 communis
765 218 954 245 universorum
969 221 1011 246 est

1064 217 1115 255 γὰρ
1127 218 1174 245 τοῦ
1187 218 1313 254 Σωτῆρος
1325 219 1470 251 ἀνάστασις
1483 219 1558 255 κοινὴ
1569 218 1623 245 τῶν
1639 219 1746 246 πάντων
1758 218 1841 254 ὑπάρ-

234 271 305 291 nova
327 264 440 291 creatio.
459 263 537 296 Quod
563 263 621 298 ipse
644 264 724 291 nobis
745 263 846 292 Paulus
869 265 1013 292 annuntiat

234 308 278 336 his
293 309 383 337 verbis
402 318 409 336 :
430 317 439 334 ι
461 308 521 344 Ipsa
534 314 659 336 creatura
671 309 831 337 liberabitur
850 318 866 336 a
883 311 1014 338 servitute

234 355 428 389 corruptionis,
444 355 472 382 in
489 356 640 383 libertatem
651 355 766 382 ﬁliorum
781 356 827 383 Dei
837 356 870 388 ‘°,
890 366 899 382 ι
914 357 939 383 id
955 360 1012 389 est,

233 401 435 435 corruptionem
449 401 574 435 deponet,
595 401 754 428 servitutem
768 404 859 432 exuet,
878 401 1014 428 immorta-

233 447 336 473 litatem
349 445 470 480 recipiet,
492 444 526 471 ad
548 445 686 472 meliorem
702 445 885 472 transferetur
901 451 1012 473 sortem.

236 491 351 518 Homine
379 490 513 525 siquidem
538 489 572 517 ad
600 490 831 517 immortalitatem
859 495 1011 523 renovato.

233 536 322 563 omnis
346 535 447 570 pariter
471 538 595 562 creatura
616 541 676 568 qua:
693 535 753 569 ejus
776 535 862 570 gratia
882 535 1012 569 producta

233 581 285 608 fuit
299 580 482 608 renovabitur.

266 626 294 654 2.
313 627 421 654 Creavit
438 627 509 654 enim
523 627 594 655 Deus
611 627 681 655 hanc
697 635 824 663 magnam
842 636 932 656 rerum
952 629 1013 656 uni-

233 672 371 700 versitatis
388 672 483 700 urbem
506 682 513 699 :
533 674 646 708 solaque
667 681 733 701 voce
755 674 840 701 multa
858 675 986 709 produxit
1004 683 1010 701 :

234 719 291 747 sola
307 727 372 746 voce
386 719 507 747 omnium
524 720 704 749 substantiam
718 721 843 753 extraxit,
859 727 939 756 atque
951 722 1010 756 opi-

234 765 293 792 licis
316 765 456 799 sapientiae
480 773 536 796 suae
551 766 603 793 vim
627 766 756 795 ostendit.
774 767 857 793 Acin
879 767 1012 794 creaturis

233 809 306 835 velut
326 808 354 835 in
373 809 471 836 illustri
491 810 590 844 templo
609 817 684 837 suam
702 810 858 844 imaginem,
874 809 1011 838 hominem

234 854 338 882 scilicet
356 862 437 889 quem
461 860 603 882 creaverat
627 856 722 883 erexit.
750 854 897 890 Oportebat
920 856 1012 891 itaque

232 899 293 934 ejus
320 900 430 935 propria
460 905 589 932 renovata
611 901 738 935 imagine,
767 901 854 937 ipsam
885 902 1011 936 imaginis

232 946 342 972 domum
359 953 413 973 una
433 946 488 981 jam
508 947 643 974 renovari.
663 946 765 974 Horum
788 947 868 975 nobis
892 955 1012 982 praesens

233 992 392 1019 solemnitas
413 993 526 1027 sponsio
548 997 599 1020 est.
615 992 680 1028 Ejus
697 1000 779 1021 causa
800 993 933 1020 clamabat
949 994 1012 1021 bea-

232 1041 277 1064 tus
299 1036 398 1064 Paulus
429 1045 436 1064 :
468 1046 477 1062 ι
506 1036 618 1074 Oportet
645 1037 718 1067 enim
755 1037 932 1072 corruptibile
960 1037 1012 1064 hoc

232 1082 346 1110 induere
371 1083 614 1118 incorruptionem,
641 1086 667 1110 et
692 1083 806 1110 mortale
826 1083 878 1110 hoc
900 1083 1012 1110 induere

233 1128 463 1156 immortalitatem
481 1128 512 1155 ”.
541 1138 550 1154 ι
567 1127 686 1163 Respuet
709 1129 780 1156 enim
805 1129 901 1156 mortis
926 1129 1012 1164 legem

232 1182 342 1209 corpus,
371 1174 584 1202 immortalitatis
613 1174 726 1203 ﬂoribus
753 1179 923 1202 coronatum.
957 1175 1012 1203 Nec

232 1220 317 1247 ullum
343 1219 458 1254 reperiet
484 1220 573 1247 locum
603 1221 752 1255 corruptio,
784 1221 863 1256 393
889 1222 1012 1249 elucente

233 1265 447 1300 incorruptione.
468 1265 490 1293 0
516 1274 641 1301 magnam
660 1275 749 1295 rerum
778 1269 970 1296 mutationem!
995 1276 1012 1296 ο

232 1312 439 1339 conversionem
468 1320 528 1348 quae
556 1317 653 1348 praeter
679 1322 753 1348 spem
781 1314 894 1342 accidit!
916 1322 932 1341 ο
954 1321 1012 1341 ma-

232 1365 315 1394 guum
347 1358 450 1385 luctum
479 1359 507 1385 in
536 1366 660 1394 magnam
693 1367 800 1387 versum
828 1360 968 1386 lat-titiam!
995 1367 1012 1387 ο

232 1403 360 1438 gaudium
381 1403 562 1432 calamitatem
586 1405 743 1440 excipiens!
765 1405 851 1440 Auget
869 1406 941 1433 enim
957 1405 1011 1433 diei

232 1449 294 1476 festi
319 1448 425 1481 laudes.
448 1449 554 1477 Veteris
582 1450 703 1486 Novique
725 1451 891 1478 Testamenti
921 1459 1012 1478 recor-

232 1493 316 1522 datio.
333 1494 449 1522 Eramus
463 1495 562 1530 quippe
580 1500 642 1523 ante
656 1496 683 1523 in
698 1497 824 1531 paradiso
838 1505 870 1524 ex
886 1496 931 1524 Dei
948 1504 1011 1531 erga

232 1539 357 1568 homines
375 1540 552 1576 benignitate.
577 1542 654 1569 nullo
678 1542 770 1570 labore
795 1548 900 1577 partam
928 1542 1012 1577 possi-

231 1587 326 1615 dentes
339 1587 515 1623 voluptatem.
537 1587 661 1615 Accessit
687 1595 802 1623 serpens
822 1587 937 1616 eil'ossor
951 1596 1013 1615 mu-

232 1641 336 1665 rorum,
353 1633 400 1668 qui
416 1633 550 1668 ejusmodi
567 1634 732 1668 voluptatem
756 1634 876 1667 abstulit,
891 1638 918 1661 et
940 1634 1011 1669 quod

232 1687 318 1714 genus
335 1679 516 1714 cxspoliatum
539 1679 636 1711 fuerat.
654 1687 729 1707 reum
753 1681 817 1715 egit,
842 1682 950 1708 inventa
978 1681 1012 1708 ad

232 1729 345 1752 mortem
360 1725 414 1757 via,
435 1725 562 1760 praecepti
583 1725 687 1752 scilicet
703 1727 930 1761 transgressione.
942 1726 1012 1754 Hinc

233 1770 366 1803 infernus,
378 1771 479 1806 apertis
493 1771 609 1802 foribus,
626 1772 766 1799 hominum
780 1774 886 1806 excepit
902 1781 987 1807 genus
1003 1782 1010 1799 :

232 1820 314 1851 atque
332 1817 441 1850 pariens
465 1812 572 1849 natura,
587 1817 751 1845 horrendam
772 1817 837 1844 vidit
853 1818 936 1852 prolis
955 1825 1012 1845 suae

232 1865 347 1888 mortem
364 1871 371 1888 :
388 1869 420 1888 ac
440 1867 534 1897 partus
553 1862 638 1893 labor,
656 1863 699 1889 via
719 1861 830 1897 ell‘ectus
853 1866 894 1890 est
915 1863 948 1889 ad
969 1871 1012 1890 se-

232 1907 367 1941 pulcrum.
390 1907 508 1942 Eratque
535 1914 609 1934 mors
631 1915 664 1934 ex
687 1907 903 1942 transgressione
925 1907 1012 1935 haeres

232 1952 312 1985 facta,
333 1952 455 1990 singulas
472 1956 565 1980 aetates
578 1953 646 1980 citra
659 1953 763 1980 obicem
783 1953 919 1988 abripiens
933 1963 939 1986 ;
956 1961 1012 1981 non

230 1997 371 2033 embryoni
397 2005 523 2032 parcens,
553 2004 607 2024 non
630 2001 766 2025 recentem
793 2002 900 2033 partum
927 1999 1013 2032 respi-

232 2044 318 2076 ciens,
337 2051 391 2071 non
407 2043 540 2071 miserans
554 2044 704 2079 ephebum,
721 2052 776 2072 non
794 2045 950 2079 relinquens
965 2045 1010 2080 ju-

230 2096 323 2120 venes,
339 2097 394 2116 non
411 2088 526 2116 reverita
540 2097 629 2121 senes,
645 2096 698 2116 non
719 2090 787 2117 dans
800 2090 905 2116 veniam
920 2097 1013 2125 pecca-

231 2134 355 2167 toribus;
381 2134 450 2161 nihil
471 2135 589 2162 reverita
608 2135 744 2170 justorum
768 2136 933 2170 catalogum,
956 2143 1010 2163 non

230 2179 369 2214 prophetis
388 2187 514 2215 parcens,
536 2188 590 2207 non
605 2182 813 2215 praetermittens
828 2181 1008 2210 sacerdotem.

231 2225 283 2252 Sed
303 2225 446 2253 adversum
465 2233 560 2253 omnes
577 2227 765 2261 explicabatur
784 2228 879 2262 mortis
898 2235 1009 2264 sagena,

228 2280 288 2306 quae
302 2271 329 2298 in
345 2271 525 2307 quodcunque
540 2272 677 2300 incidebat
691 2273 836 2309 abriperet.

263 2317 290 2345 3.
307 2316 401 2344 Nullus
414 2322 472 2344 erat
485 2318 552 2345 tanti
564 2318 631 2345 mali
655 2319 793 2353 medicus;
822 2320 924 2347 nullum
941 2321 1009 2348 alla-

228 2367 285 2390 tum
318 2363 477 2396 remedium,
498 2367 581 2399 atque
607 2368 646 2392 tot
669 2367 856 2400 generationes
873 2374 933 2401 qua:
949 2367 1012 2394 vitae

228 2408 393 2435 curriculum
411 2416 528 2436 emensae
543 2413 616 2441 sunt,
631 2410 812 2437 insatiabilem
833 2411 929 2438 mortis
945 2415 1021 2438 ven-'

228 2458 298 2481 trem
308 2462 362 2481 non
379 2454 535 2489 implevere.
550 2455 590 2482 Ac
603 2460 659 2482 tam
675 2456 763 2491 gravis
788 2457 851 2483 mali
877 2457 951 2484 nulla
967 2458 1009 2484 lu-

227 2499 354 2535 gentibus
367 2504 428 2526 erat
450 2501 613 2532 consolatio,
635 2501 683 2528 sed
711 2501 863 2536 desperatio
889 2502 1009 2533 medelaa.

227 2544 281 2571 nisi
291 2543 418 2572 Christus
429 2545 504 2572 cruci
524 2544 629 2577 afﬁxus,
651 2545 747 2572 mortis
767 2546 946 2581 tyrannidem,
963 2547 1010 2574 illa

228 2590 309 2617 trium
321 2590 425 2618 dierum
438 2590 602 2625 totidemque
609 2591 729 2617 noctium
738 2592 876 2626 sepultura
886 2596 1009 2626 prostra-

226 2635 322 2667 visset,
338 2636 470 2663 subversa
480 2635 652 2663 diuturniore
663 2636 709 2663 illa
725 2636 824 2664 inferni
839 2637 912 2672 regia
933 2646 940 2664 :
953 2644 1008 2665 non

262 2713 284 2728 "
304 2712 383 2740 Rom.
402 2720 469 2746 vui,
485 2713 530 2740 21.
570 2713 590 2729 ¹¹
610 2712 698 2741 lCor.
716 2722 761 2747 xv,
776 2714 820 2742 53.

261 2791 366 2828 (Gl-6‘2)
377 2791 412 2817 Ita
425 2791 491 2827 Reg.
499 2791 581 2824 Editi,
591 2792 748 2828 ἀνάκτησις,
756 2791 844 2824 Colb.,
855 2792 1003 2824 ἁνάκλισις,

226 2834 275 2860 pro
290 2825 446 2861 ἀνάκλησις.

261 2862 316 2897 (65)
337 2862 425 2895 (1011).,
441 2861 628 2897 ἐπιλαϐούσης.

1063 273 1104 299 χει
1119 264 1260 296 ἀνάκτισις
1274 263 1388 299 (61-62).
1405 265 1460 291 Καὶ
1472 265 1549 292 τοῦτο
1565 265 1671 297 Παῦλος
1690 266 1754 300 ἡμῖν
1763 265 1841 300 εὐαγ-

1062 305 1312 344 γελίζεται.’λὲγων,
1327 309 1368 335 ὅτι
1379 320 1387 335 ι
1401 310 1454 336 Καὶ
1462 310 1553 345 αὑτὴ-ἡ
1565 310 1652 341 κτίσις
1662 309 1841 346 ἐλευθερωθή-

1064 362 1139 380 σεται
1150 354 1181 380 ἐκ
1197 354 1246 389 τῆς
1257 355 1377 386 δουλείας
1391 355 1441 390 τῆς
1456 355 1558 390 φθορᾶς
1570 356 1609 387 εἰς
1624 355 1673 390 τὴν
1690 354 1840 390 ἐλευθερίαν

1061 397 1115 424 τῶν
1129 398 1230 425 τέκνων
1246 398 1293 424 τοῦ
1308 399 1386 425 Θεοῦ⁶
1402 409 1412 425 ι
1430 400 1551 431 τουτέστι
1567 399 1617 434 τὴν
1632 399 1734 435 φθορὰν
1750 399 1840 426 ἀποτί-

1062 443 1147 475 θεται,
1170 444 1219 480 τὴν
1246 444 1366 472 δουλείαν
1407 445 1585 477 ἁποδύσεται,
1613 445 1662 481 τὴν
1697 446 1841 473 ἀθανασίαν

1062 489 1243 524 ἀπολήψεται,
1264 489 1331 525 πρὸς
1346 489 1474 525 ἀμείνονα
1487 491 1685 526 μεταστήσεται
1698 490 1783 526 λῆξιν.
1799 491 1841 526 Τῷ

1061 535 1115 571 γὰρ
1124 535 1256 571 ἀνθρώπῳ
1268 535 1335 571 πρὸς
1347 535 1498 571 ἀφθαρσίαν
1518 538 1755 572 καινουργουμένῳ
1767 538 1812 564 κιύ⁸
1824 537 1840 573 ή

1061 582 1095 609 δι’
1105 582 1185 609 αὑτὸν
1201 582 1371 618 παραχθεῖσα
1385 583 1638 618 ἀνακαινισθήσεται
1658 583 1756 615 κτίσις.

1095 628 1122 659 2.
1146 628 1254 654 Ἔκτισε
1280 627 1329 662 μὲν
1352 628 1406 663 γὰρ
1422 629 1436 655 ὁ
1459 629 1525 660 Θεὸς
1542 629 1591 663 τὴν
1609 629 1730 664 μεγάλην
1745 628 1841 664 ταύτην

1061 674 1110 709 τῆς
1123 673 1236 706 κτίσεως
1250 674 1335 700 πόλιν·
1353 675 1427 710 φωνῇ
1446 675 1514 710 μόνῃ
1524 675 1573 709 τὴν
1587 674 1641 707 τῶν
1657 675 1763 703 πολλῶν
1775 684 1840 710 παρ-

1061 719 1170 755 αγωγὴν
1194 721 1390 755 ποιησάμενος,
1412 722 1486 756 φωνῇ
1507 721 1572 756 μόνῃ
1586 721 1634 757 τὴν
1649 721 1704 747 τῶν
1719 721 1786 748 ὅλων
1798 721 1839 748 οὔ·

1062 766 1121 793 σίαν
1142 766 1267 799 ἑλκύσας,
1287 767 1335 802 τῆς
1355 767 1550 803 δημιουργικῆς
1572 767 1653 793 αὑτοῦ
1681 767 1776 802 σοφίας
1795 767 1840 802 τὴν

1061 811 1173 846 δύναμιν
1190 812 1297 845 ἔδειξεν·
1313 813 1351 844 ὡς
1365 813 1394 839 ἐν
1407 812 1464 848 ναῷ
1482 813 1510 839 δὲ
1531 815 1686 848 περιφανεῖ,
1699 815 1733 848 τῇ
1747 813 1838 844 κτίσει,

1061 858 1110 893 τὴν
1124 858 1190 884 ἰδίαν
1204 858 1294 884 εἰκόνα
1307 858 1351 884 τὸν
1363 858 1503 894 ἄνθρωπον
1516 858 1722 895 δημιουργήσας
1733 859 1840 894 ἀνέστη-

1027 893 1048 920 Β
1064 911 1118 935 σεν.
1135 903 1208 929 Ἔδει
1220 903 1363 938 τοιγαροῦν
1380 893 1425 930 καί
1440 903 1497 936 νῦν,
1514 904 1562 938 τῆς
1578 893 1646 934 ἰδίας
1663 893 1768 935 νείκόνος
1785 893 1840 930 και-

1062 949 1273 984 νουργουμένης,
1294 950 1341 976 καὶ
1360 949 1440 982 αὑτὸν
1453 950 1498 976 τὸν
1512 950 1561 985 τῆς
1576 950 1680 982 εἰκόνος
1696 949 1768 977 οἶκον
1784 959 1840 977 συν-

1062 994 1261 1027 ανακτίζεσθαι.
1275 995 1382 1023 Τούτων
1397 996 1461 1031 ἡμῖν
1474 995 1607 1032 ἐγγυητὴς
1623 996 1839 1034 σήμρονήπαρ-

1062 1039 1131 1067 οὖσα
1163 1041 1325 1078 πανήγυρις.
1356 1041 1404 1068 Διὰ
1426 1041 1528 1076 ταύτην
1549 1042 1563 1068 ὁ
1587 1042 1724 1077 μακάριος
1747 1041 1838 1076 ἐκραζε

1061 1086 1177 1118 Παῦλος·
1206 1096 1216 1114 (
1238 1088 1284 1113 Δεῖ
1302 1087 1356 1123 γὰρ
1380 1087 1411 1114 τὸ
1438 1087 1554 1124 φθαρτὸν
1579 1087 1660 1114 τοῦτο
1687 1087 1839 1114 ἐνδύσασθαι

1061 1131 1134 1166 ἀφθα
1138 1132 1271 1167 ρσίαν,καὶ
1277 1132 1307 1159 τὸ
1316 1123 1411 1167 θνητὸν
1417 1133 1494 1160 τοῦτο
1501 1133 1661 1159 ἐνδύσασθαι
1669 1133 1822 1160 ἀθανασίαν.
1827 1143 1836 1159 ι

1068 1178 1096 1204 Ἀ
1101 1179 1224 1214 ρνήσεται
1235 1178 1289 1215 γὰρ
1299 1179 1412 1206 θανάτου
1422 1180 1501 1215 νόμον
1513 1179 1543 1208 τὸ
1554 1180 1644 1215 σῶμα,
1655 1182 1709 1212 τοῖς
1720 1180 1768 1215 τῆς
1777 1179 1838 1206 ἀθα-

1062 1224 1157 1257 νασίας
1173 1224 1385 1260 στεφανούμενον
1404 1225 1504 1253 ἄνθεσι·
1520 1227 1566 1252 καὶ
1583 1225 1675 1262 χώραν
1692 1227 1740 1261 οὐχ
1755 1226 1839 1260 ὑφέξει

1062 1268 1159 1304 φθορὰ,
1176 1269 1227 1304 τῆς
1251 1270 1404 1305 ἀφθαρσίας
1428 1271 1635 1308 ὲπιλαμπούσης
1657 1273 1723 1308 (65).
1749 1273 1780 1298 Ὢ
1795 1273 1839 1307 τῆς

1063 1314 1183 1350 μεγάλης
1203 1315 1258 1341 τῶν
1277 1316 1444 1351 πραγμάτων
1469 1316 1634 1352 μεταϐολῆςί
1662 1318 1684 1343 ὣ
1708 1318 1757 1352 τῆς
1775 1317 1839 1351 ὑπὲρ

1061 1359 1171 1391 ἐλπίδας
1185 1360 1350 1396 ὲναλλαγῆςί
1365 1360 1387 1387 ὣ
1402 1362 1518 1396 μεγάλου
1531 1362 1648 1394 πένθους
1663 1364 1702 1394 εἰς
1715 1362 1839 1397 εὐθυμίαν

1061 1405 1259 1440 καταλήξαντος
1271 1406 1277 1432 ἰ
1293 1405 1315 1432 ὼ
1326 1407 1411 1442 χαρᾶς
1422 1406 1613 1442 διαδεξαμένης
1627 1407 1677 1442 τὴν
1690 1416 1720 1434 συ
1725 1407 1837 1443 μφοράνί

1061 1449 1141 1482 Αὔξει
1151 1450 1215 1485 γὰρ,
1226 1449 1301 1482 αὔξει
1313 1450 1363 1485 τῆς
1374 1451 1471 1486 ἑορτῆς
1481 1452 1530 1486 τὴν
1541 1451 1695 1486 δοξολογίαν
1704 1452 1758 1487 (64)
1768 1453 1783 1486 ἡ
1794 1452 1839 1485 τῆς

1025 1506 1046 1535 C
1062 1495 1181 1527 Παλαιᾶς
1189 1496 1236 1522 καὶ
1249 1495 1320 1526 Νέας
1332 1495 1466 1531 Διαθήκης
1479 1496 1640 1532 ὑπόμνησις.
1651 1495 1740 1532 τΗμεν
1753 1497 1804 1532 γὰρ
1813 1496 1839 1522 ἐν

1063 1541 1218 1576 παραδείσῳ
1230 1541 1260 1567 τὸ
1277 1541 1418 1577 πρότερον,
1437 1542 1611 1578 ἀγεωργήτου
1631 1543 1738 1578 τρυφῆς
1748 1542 1842 1577 κλῆρον

1062 1587 1094 1613 ὲκ
1113 1586 1316 1623 φιλανθρωπίας
1331 1587 1482 1622 δεξάμενοι.
1503 1587 1632 1623 Ἐπῆλθεν
1650 1590 1663 1615 ό
1678 1589 1737 1622 δφις
1752 1595 1839 1622 τοιχως

1063 1632 1153 1667 ρύχος,
1176 1632 1226 1667 τῆς
1241 1631 1417 1664 ἀπολαύσεως
1439 1632 1589 1669 λῃστεύσας
1607 1633 1658 1669 τὴν
1673 1632 1783 1669 τρυφὴν,
1796 1632 1839 1658 καὶ

1062 1677 1225 1712 κατάκριτον
1237 1677 1267 1703 τὸ
1278 1676 1422 1713 λῃστευθὲν
1432 1678 1580 1713 κατέστησε
1590 1677 1680 1711 γένος,
1692 1678 1748 1704 ὁδὸν
1759 1676 1840 1711 εὑρὼν

1061 1721 1108 1747 τοῦ
1123 1721 1248 1753 θανάτου,
1262 1720 1312 1756 τῆς
1326 1721 1435 1756 ἐντολῆς
1453 1722 1501 1757 τὴν
1521 1721 1689 1757 παράὸασιν.
1710 1721 1838 1748 Ἐντεῦθεν

1062 1767 1138 1802 ᾅδης,
1161 1766 1247 1798 πύλας
1266 1766 1384 1800 ἀνοίξας,
1407 1766 1437 1792 τὸ
1461 1766 1514 1793 τῶν
1532 1766 1684 1802 ἀνθρώπων
1703 1767 1839 1801 ὑπεδέχετο

1061 1812 1148 1846 γένος·
1163 1812 1210 1839 καὶ
1223 1812 1351 1838 τίκτουσα
1366 1811 1444 1847 φύσις
1458 1812 1571 1848 φοΰερὺν
1586 1810 1644 1848 εἶχε
1658 1813 1711 1839 τῶν
1721 1810 1838 1846 τικτομέ-

1062 1866 1115 1884 νων
1128 1858 1173 1884 τὸν
1187 1858 1311 1885 θάνατον’
1333 1858 1378 1885 καὶ
1391 1858 1445 1884 τῶν
1462 1858 1563 1884 ὠδίνων
1581 1859 1605 1884 οἰ
1626 1860 1702 1886 πόνοι
1718 1857 1837 1894 πρόσοδος

1062 1904 1165 1938 ἐγίνετο
1185 1904 1288 1938 τάφων.
1308 1904 1364 1930 Καὶ
1382 1902 1417 1939 ἦν
1438 1904 1601 1940 κληρονόμος
1623 1906 1657 1932 ὲκ
1676 1902 1838 1940 παρανομίας

1062 1950 1186 1983 θάνατος,
1203 1951 1321 1986 ἑκάστην
1339 1950 1393 1977 τῶν
1415 1950 1525 1986 ἡλικιῶν
1546 1951 1692 1983 ἀκωλύτως
1711 1950 1835 1986 ἀγρεύων·

1062 1997 1111 2023 οὐκ
1132 1997 1252 2032 ὲμϐρύου
1270 1997 1436 2032 φειδόμενος,
1458 1997 1488 2024 οὐ
1504 1997 1534 2023 τὸ
1552 1997 1649 2032 τεχθὲν
1666 1997 1794 2033 προορῶν,
1809 1995 1836 2021 οὐ

1061 2043 1107 2069 τὸν
1126 2043 1225 2078 ἔφηϐον
1240 2043 1333 2076 ἐλεῶν,
1355 2043 1386 2069 οὐ
1407 2037 1618 2078 καταλιμπάνων
1638 2043 1787 2075 νεάζοντας,
1808 2040 1835 2066 οὐ

1063 2088 1217 2124 πρεσϐύτας
1240 2089 1415 2124 αἰδούμενος,
1441 2089 1490 2124 οὐχ
1514 2089 1686 2124 ἁμαρτωλοῖς
1713 2085 1836 2121 συγγινώ-

1063 2143 1135 2161 σκων
1148 2135 1214 2171 (65),
1237 2135 1267 2161 οὐ
1288 2134 1398 2161 δικαίων
1419 2135 1566 2168 κατάλογον
1588 2134 1786 2169 αἰσχυνόμενος,
1807 2131 1836 2157 0‘5

1026 2171 1049 2199 D
1063 2180 1204 2215 προφήτας
1226 2179 1450 2215 παραιτούμενος,
1470 2179 1518 2214 οὑχ
1535 2178 1609 2213 ἱερέα
1625 2177 1836 2214 παραπεμπόμεν

1062 2234 1116 2257 νος·
1129 2225 1185 2252 ἀλλ’
1196 2225 1305 2259 ἦπλωτο
1318 2224 1389 2251 κατὰ
1401 2225 1533 2260 πάντωνή
1544 2224 1590 2251 τοῦ
1602 2224 1715 2251 θανάτου
1728 2223 1833 2257 σαγήνη,

1061 2272 1092 2297 τὸ
1107 2271 1275 2307 προσπίπτον
1291 2271 1459 2307 ἀρπάζουσα.

1098 2318 1123 2344 5.
1139 2318 1194 2344 Οὐκ
1210 2315 1243 2353 ἦν
1258 2317 1347 2352 ἰατρὸς
1370 2316 1416 2344 τοῦ
1435 2317 1520 2344 κακοῦ
1533 2325 1540 2332 ·
1563 2317 1612 2344 οὐκ
1629 2315 1663 2352 ἦν
1678 2315 1834 2349 ἐπαγόμενον

1063 2363 1216 2399 φάρμακον,
1234 2364 1281 2390 καὶ
1297 2362 1427 2390 τοσαῦται
1446 2363 1538 2397 γενεαὶ
1554 2363 1603 2398 τὴν
1616 2363 1688 2398 ζωὴν
1713 2357 1834 2395 παροδεύ-

1063 2417 1153 2439 σασαι,
1178 2408 1228 2443 τὴν
1251 2408 1396 2443 ἀκόρεστον
1412 2408 1461 2434 οὑκ
1476 2407 1635 2444 ἐπλήρωσαν
1656 2406 1702 2433 τοῦ
1728 2404 1834 2432 θανάτου

1061 2455 1190 2490 γαστέρα.
1204 2454 1258 2481 Καὶ
1274 2452 1308 2490 ἦν
1324 2454 1359 2481 τὸ,
1367 2454 1451 2481 δεινὸν
1463 2455 1518 2486 τοῖς
1535 2453 1677 2481 πενθοῦσιν
1697 2449 1833 2487 ἀπαραμύ-

1061 2500 1151 2535 θητον,
1171 2500 1218 2526 καὶ
1237 2500 1306 2536 πρὸς
1322 2499 1393 2526 ἔασιν
1409 2500 1519 2535 ἄπορον,
1534 2500 1558 2527 εἰ
1581 2499 1617 2535 μὴ
1631 2498 1745 2534 Χριστὸς
1759 2503 1833 2523 σταυ-

1063 2545 1159 2582 ρωθεὶς
1171 2546 1218 2574 τοῦ
1234 2546 1347 2573 θανάτου
1359 2545 1407 2582 τὴν
1423 2546 1566 2582 τυραννίδα
1579 2546 1738 2581 κατήνεγκε,
1751 2549 1835 2569 νυκτο-

1060 2592 1201 2628 τριημέρῳ
1210 2594 1280 2628 ταφῇ
1296 2592 1330 2619 τὰ
1344 2592 1506 2628 πολυχρόνια
1517 2592 1564 2619 τοῦ
1578 2592 1639 2628 ᾅδου
1654 2588 1834 2625 καταστρέψας

1061 2638 1196 2673 βασίλεια·
1215 2638 1244 2664 οὺ
1266 2637 1313 2665 νῦν
1336 2637 1450 2674 πρώτως
1470 2638 1538 2674 πρὸς
1560 2636 1759 2673 φιλανθρωπίαν
1773 2634 1833 2670 δρα-

1095 2791 1150 2830 (θρ)
1171 2792 1217 2830 §ic
1225 2800 1301 2830 _mss.
1318 2792 1487 2830 Editivero,
1499 2792 1615 2830 ᾼὺξήσει
1627 2790 1681 2826 γὰρ
1696 2789 1743 2830 τὴν
1752 2785 1830 2819 505°1-

1097 2827 1152 2863 (65)
1173 2827 1212 2855 Ita
1225 2827 1290 2865 Reg.
1304 2833 1331 2857 et
1341 2829 1418 2856 Coll).
1439 2828 1511 2856 Editi
1531 2827 1603 2860 vero,
1620 2827 1812 2861 συγγινώσκων.
