1940 3067
108 148 180 176 1077

675 149 793 181 SWMO
814 150 847 178 IN
868 150 1030 180 SANCTUM
1049 151 1193 179 PASCHA.

1654 152 1723 180 1078

108 210 178 246 μὼν,
194 210 248 237 οὐδ’
260 210 339 242 αὐτὸς
355 210 451 237 ἑαυτοῦ
463 210 530 247 πρὸς
547 211 578 237 τὸ
598 211 685 247 παρὸν
697 211 817 248 γεγονὼς
829 220 896 248 συμ-

958 220 1000 240 am
1015 213 1132 248 primum
1147 212 1180 239 ad
1197 211 1389 247 benignitatem
1397 218 1461 247 erga
1472 211 1596 240 homines
1611 218 1671 240 sese
1679 211 1723 238 in-

110 256 287 292 παθέστερος,
308 258 331 283 εί
347 257 392 283 καὶ
406 256 453 283 νῦν
466 257 538 292 ἔργῳ
553 257 603 292 τὴν
616 257 761 284 ἀνάστασιν
777 257 875 290 ἔδειξεν
885 266 892 273 °

109 301 178 327 ἀλλὰ
193 302 238 328 καὶ
256 302 338 329 πάλαι
350 302 500 338 κρατοῦντα
515 302 559 328 τὸν
570 302 682 329 Θάνατον
698 305 757 335 ταῖς
768 303 817 338 τῆς
831 304 894 330 ἀνα-

111 347 233 378 στάσεως
246 348 336 382 ὲφόὸει
362 350 463 379 σκιαῖς·
481 349 527 375 καὶ
542 348 588 375 τοῦ
608 348 670 384 ᾅδου
691 350 740 384 τὴν
758 349 894 384 βασιλείαν

111 392 269 428 ἐτάραττεν,
286 394 396 426 ἐλπίδας
412 394 559 426 ἀθανασίας
573 395 698 430 ἀμυδρῶς
712 394 750 429 τῷ
762 395 833 428 γένει
846 394 895 421 δω-

114 437 259 473 ρούμενος·
285 438 435 474 ίσοχρόνους
461 439 575 474 καὶτῆς
589 439 635 466 τοῦ
658 439 720 474 ᾅδου
743 439 896 475 τυραννίδος

111 483 162 514 τὰς
175 484 225 518 τῆς
239 484 410 516 καταλύσεως
424 485 576 519 ἀνυφαίνων
597 485 708 517 ἐννοίας.
731 486 785 512 Κα)¹
801 486 897 512 σκόπει

112 529 163 565 τὴν
183 530 338 566 ἀπόρρητον
357 530 411 556 τῶν
437 531 605 566 πραγμάτων
625 531 788 566 οἰκονομίαν.
815 531 897 558 ’Ἅϐελ

115 574 223 608 πρῶτος
236 575 288 601 ὑπὸ
306 575 351 601 τοῦ
367 575 480 601 Θανάτου
500 576 652 610 κατέχεται.
675 577 703 602 '0
724 576 845 607 δεδωκὼς
860 576 898 612 τῷ

114 619 223 655 θανάτῳ
237 620 286 654 τῆς
304 620 439 656 ἁμαρτίας
449 620 497 656 τὴν
511 622 655 656 πρόφασιν,
668 621 758 648 δίδωσι
770 624 803 657 τῇ
820 622 898 656 φύσει

114 664 187 692 κατὰ
200 665 245 691 τοῦ
259 665 371 692 Θανάτου
386 665 564 700 δικαιολογίας
575 667 709 693 ὑπόθεσιν.
731 667 762 693 Εἰ
779 667 831 703 γὰρ
847 667 900 693 ἁδί-

114 718 172 741 κως
194 710 347 745 κατέχεται,
363 710 474 742 δικαίως
494 711 647 738 ἀνίσταται·
670 712 830 747 ἁμαρτωλοῦ
846 712 899 747 γὰρ

115 755 307 787 ἀποθανόντος,
321 756 492 792 ἰσχυρότερος
503 757 677 792 δικαζόμενος
690 759 704 784 6
716 757 837 789 Θάνατος.
852 759 901 785 Σαι-

116 802 170 837 θρὰ
187 802 215 828 δὲ
230 803 300 829 κατὰ
319 802 428 829 δικαίων
441 802 480 838 τῷ
504 803 553 838 ᾄδῃ
569 805 585 838 ἡ
602 803 772 839 ἐγχείρησιςο
787 803 900 839 ἀσθενὴς

116 850 133 875 ὁ
146 848 193 874 τοῦ
210 848 324 875 Θανάτου
346 848 455 883 δεσμὸς,
470 848 571 876 δίκαιον
587 849 654 884 ἔχων
670 849 768 881 ἀδίκως
788 849 901 884 κρατού-

119 901 210 930 μενον.
227 894 258 920 Et
271 893 355 929 γὰρὴ
374 893 494 929 ἁμαρτία
507 895 556 928 τῆς
573 894 621 920 τοῦ
636 894 750 921 Θανάτου
765 894 901 930 βασιλείας
916 885 937 912 Β

118 939 205 973 ἰσχὺς,
222 939 236 965 ὁ
255 939 337 973 μήπω
359 938 474 970 πταίσας
493 939 645 970 ἀνεύθυνος.
661 939 711 965 Διὰ
729 939 807 966 τοῦτο
821 939 900 966 δυνά-

119 993 203 1020 μενος
217 984 231 1010 6
248 984 312 1016 θεὸς
328 983 479 1019 ἐξαρπάσαι
497 984 542 1010 τοῦ
563 984 641 1019 φόνου
656 985 701 1011 τὸν
717 984 808 1017 ΙἍϐελ,
825 985 902 1011 τοῦτο

120 1030 171 1066 μὲν
184 1031 214 1056 οὺ
240 1030 381 1065 πεποίηκε,
399 1029 569 1066 συνεχώρησε
586 1030 614 1057 δὲ
629 1031 677 1066 τὴν
695 1031 842 1066 ἀναίρεσιν,
859 1031 902 1058 ἵνα

118 1075 232 1112 ἇῤῥιζος
244 1074 299 1110 (66)
319 1074 431 1110 γένηται
449 1075 561 1107 Θάνατος
579 1075 682 1102 δικαίου
704 1076 903 1112 φυτουργούμε-

120 1129 167 1153 νος
181 1121 287 1156 αἵματι.
301 1120 350 1147 Διὰ
366 1117 446 1147 τοῦτο
458 1121 586 1155 Χριστὸς,
607 1121 675 1157 ὑπὲρ
687 1121 851 1157 τοῦκιόσμοε)
867 1122 904 1149 δι-

120 1164 223 1200 καζόμε
228 1173 279 1197 νος,
291 1165 374 1199 ἔλεγε“
389 1175 398 1191 ι
408 1165 464 1192 Νὖν
472 1166 559 1201 κρίσις
567 1167 625 1193 ἐστὶ
632 1167 678 1193 τοῦ
686 1167 786 1203 κόσμου
796 1168 900 1195 τούτου·

120 1211 169 1238 νῦν
184 1212 198 1237 6
219 1211 309 1246 ἄρχων
324 1210 371 1237 τοῦ
383 1211 587 1246 κόσμουτούτου
607 1212 802 1248 ὲκῦληθήσεται
811 1213 876 1247 ἔξω.
890 1224 900 1241 ι

122 1257 242 1285 ’Δνωθεν
252 1254 297 1283 οὖν
312 1257 385 1292 ὴτοῠ
401 1257 483 1283 Ἀὗελ
494 1257 538 1284 διὰ
550 1257 666 1293 Χριστοῦ
682 1260 902 1295 προκεκήρυκται

120 1302 182 1337 δίκη
194 1302 240 1329 καὶ
248 1302 329 1338 vim),
340 1302 412 1330 Λάσε
427 1312 469 1338 μοι
483 1303 587 1331 Παῦλον
600 1304 807 1340 συνηγοροῦντα·
821 1315 830 1331 ι
840 1306 904 1332 ,Καὶ

121 1347 265 1379 ἀποθανὼν
279 1367 288 1381 ,
310 1348 407 1383 φησὶν,
434 1348 532 1381 Ἀϐελ,
555 1349 595 1376 ἐτι
621 1349 712 1376 λαλεῖ·
740 1350 800 1377 ὅθεν
823 1351 903 1378 αὑτὸν

122 1394 170 1422 καὶ
186 1395 215 1421 ἐν
230 1393 369 1430 παραὸολῇ
388 1394 542 1430 ἐκομίσατο,
559 1404 568 1420 ι
585 1395 740 1430 παραϐολὴν
757 1396 806 1431 τὴν
820 1396 905 1431 ὁμοιό-

83 1449 86 1450 '
123 1449 193 1476 τητα
212 1441 307 1475 λέγων.
324 1441 402 1476 Φέρει
421 1440 475 1476 γὰρ
493 1441 606 1476 μίμησιν
616 1441 665 1476 τῆς
676 1441 721 1467 τοῦ
734 1441 903 1477 Χριστοῦδίςι

123 1495 176 1522 κης
189 1487 206 1522 ἡ
222 1486 268 1513 τοῦ
288 1486 370 1512 Ἀϐελ
384 1486 531 1521 ἀναίρεσις.
551 1486 600 1512 Διὰ
615 1486 693 1513 τοῦτο
711 1487 757 1513 καὶ
773 1487 847 1521 μετὰ,
857 1487 905 1517 ϐἀ,-

123 1540 204 1559 νατον
216 1531 373 1566 φθέγγεται,
387 1532 434 1558 καὶ
448 1532 595 1566 κατηγορεῖ
603 1531 649 1557 τοῦ
668 1532 853 1566 φονεύσαντος.
872 1533 905 1559 Ἠ
918 1547 939 1575 G

124 1577 179 1612 γὰρ
193 1577 240 1604 τοῦ
262 1577 319 1613 βίου
342 1578 476 1613 παρουσία
494 1578 560 1613 (67),
577 1577 624 1604 τοῦ
647 1577 760 1604 θανάτου
776 1577 825 1612 τὴν
845 1577 905 1613 βίαν

123 1623 264 1659 ινίκησεν.
281 1625 337 1651 Οὐκ
351 1624 463 1659 ἔστησεν
477 1623 558 1650 αὑτοῦ
573 1624 675 1659 βοῶσαν
690 1624 739 1659 τὴν
755 1623 880 1658 γλῶσσαν
892 1624 905 1650 6

125 1670 216 1705 φόνος,
233 1670 293 1697 οὐδὲ
312 1670 362 1702 τὰς
380 1670 426 1697 τοῦ
444 1670 558 1706 αἵματος
571 1669 751 1704 δικαιολογίας
766 1669 904 1704 ἐνέκοψεν·

124 1716 182 1744 ἀλλ’
205 1716 326 1743 ἀθάνατα
350 1716 497 1750 φθέγγεται
528 1715 636 1750 γλῶττα
660 1715 831 1751 κρατουμένη
860 1715 907 1742 Θα-

125 1763 208 1798 νάτῳ.
223 1763 280 1789 Οὐκ
294 1762 327 1789 ἂν
345 1759 379 1797 ἦν
397 1762 511 1797 εὔπορος
525 1763 564 1793 εἰς
578 1761 723 1796 ἀπολογίαν
737 1762 753 1796 ἡ
776 1760 865 1795 φύσις,
883 1762 907 1786 εἰ

123 1809 140 1835 ὸ
163 1807 248 1843 ’Λδὰμ
267 1808 492 1843 προανήρπαστο·
511 1806 593 1843 ἡγὰρ
603 1807 651 1842 τῆς
671 1806 851 1842 παραὸἀσεως
867 1806 908 1832 αἰ-

126 1854 212 1890 σχύνη
224 1855 272 1890 τὴν
290 1853 412 1888 γλῶτταν
430 1853 600 1889 ἀνέφραττεν»
612 1851 679 1887 (68).
697 1851 779 1878 Ἀὃελ
803 1851 908 1887 πρῶτος

126 1900 219 1929 πεσὼν
227 1900 322 1936 ,ῆγειρε
339 1899 388 1931 τὰς
405 1899 512 1931 ἐλπίδας
522 1899 572 1934 τῆς
586 1898 701 1934 φύσεως.

160 1987 188 2015 4.
202 1986 336 2021 Ἔφβασεν
356 1985 402 2012 ἐπὶ
420 1984 524 2016 τούτοις
547 1983 642 2019 Ἐνὼχ,
661 1983 708 2010 καὶ
725 1991 807 2014 τοπου
828 1991 910 2018 μετα-

127 2033 222 2064 στάσει
235 2032 280 2058 τὺν
297 2032 362 2067 ᾅδην
383 2031 532 2064 ἀπέφυγεν,
548 2029 720 2064 εὐδοκιμήσει
737 2028 794 2063 βίου
812 2028 911 2064 δραπε-

125 2079 214 2107 τεύων
223 2079 267 2105 τὸν
280 2078 402 2104 Θάνατον.
418 2076 494 2103 Μετὰ
504 2075 596 2102 τοῦτον
613 2075 705 2106 Ἠλίας
716 2076 730 2101 6
741 2075 836 2110 μέγας,
852 2074 910 2100 οὐδὲ

127 2125 209 2156 αὐτὸς
233 2123 305 2156 εῐξας
326 2123 365 2158 τῷ
384 2122 499 2157 Θανάτῳ,
520 2122 550 2148 τὸ
569 2121 618 2156 τῆς
643 2120 779 2155 ξενοδόχου
807 2119 911 2146 παιδίον

127 2171 291 2206 τελευτῆσαν
305 2169 467 2204 ἐξήρπασεν,
482 2167 564 2202 εὐχῆς
580 2167 722 2202 δυναστείᾳ
734 2166 780 2193 τοῦ
797 2165 911 2192 θανάτου

943 258 1060 290 clinans,
1077 265 1166 293 neque
1179 257 1236 292 ipse
1253 257 1344 292 seipso
1359 256 1518 292 propensior
1529 256 1562 284 ad
1573 256 1726 284 misericor-

945 303 1016 331 diam
1036 304 1137 335 factus,
1150 303 1256 330 etiamsi
1284 310 1356 330 nunc
1381 309 1474 329 revera
1497 302 1724 329 resurrectionem

947 350 1087 383 exhibuit;
1104 349 1150 377 sed
1163 349 1218 383 jam
1234 348 1298 376 olim
1314 352 1426 375 mortem
1444 347 1585 382 imperium
1601 347 1725 374 obtinen-

918 432 920 435 ι
946 399 1011 428 tem,
1034 395 1242 422 resurrectionis
1268 393 1371 421 umbris
1393 393 1533 426 exterruit,
1559 400 1725 429 regnumque

949 441 1050 468 inferni
1061 440 1244 471 conturbavit,
1258 439 1373 467 obscura
1389 439 1504 474 quadam
1518 439 1623 466 ratione
1634 438 1723 474 generi

947 485 1065 512 humano
1082 491 1157 519 spem
1173 484 1295 511 tribuens
1306 483 1535 518 incorruptionis;
1547 483 1725 518 indicansque

947 530 1048 564 aequale
1064 529 1121 556 fore
1136 532 1242 563 tempus
1259 528 1340 556 soluti
1354 528 1462 561 inferni,
1477 528 1591 563 tempori
1602 528 1724 564 tyranni-

948 576 990 603 dis
1009 575 1078 610 ejus.
1095 575 1218 606 Aemilii,
1232 582 1334 609 quaeso,
1350 574 1484 609 perpende
1493 581 1620 601 arcanam
1635 580 1725 601 rerum

949 620 1139 648 oeconomiam.
1154 619 1221 646 Abel
1234 619 1338 653 primus
1347 626 1362 645 a
1374 622 1461 646 morte
1478 618 1614 646 detinetur
1627 619 1660 645 ¹¹.
1675 618 1726 652 Qui

949 666 1030 694 morti
1042 665 1116 693 dedit
1132 665 1235 701 peccati
1261 664 1444 698 occasionem,
1463 664 1485 692 is
1500 668 1603 692 natura:
1618 664 1664 691 dat
1681 663 1728 692 ad-

949 717 1045 736 versus
1059 712 1174 736 mortem
1191 708 1316 736 vindictae
1344 708 1500 744 expetenda:
1527 712 1726 743 argumentum.

950 754 1029 787 Nam,
1049 755 1073 782 si
1093 755 1193 789 injuria
1207 754 1353 786 detinetur,
1367 753 1428 788 jure
1452 753 1570 788 resurgit
1590 761 1596 779 :
1621 756 1730 780 mortuo

950 796 1068 836 namque
1081 805 1232 836 peccatore,
1242 801 1269 828 in
1281 800 1327 835 jus
1338 803 1433 827 vocata
1448 807 1521 827 mors
1538 799 1633 826 fortior
1645 803 1728 827 esset.

952 847 1128 876 Perniciosus
1144 851 1234 874 autem
1254 845 1360 873 inferno
1376 845 1427 872 fuit
1442 845 1486 873 ille
1497 846 1628 873 adversus
1640 844 1730 879 juslos

952 897 1067 920 conatus
1084 902 1097 920 ι-
1105 892 1241 919 inﬁrmum
1254 891 1349 918 mortis
1366 891 1515 923 vinculum,
1530 890 1603 926 quod
1626 890 1730 925 justum

951 938 1053 973 injuria
1067 938 1230 966 obstrictum
1243 937 1385 965 detineret.
1411 936 1441 964 Si
1457 944 1574 972 namque
1589 940 1731 971 peccatum

952 990 994 1012 est
1006 983 1084 1019 regni
1098 983 1195 1010 mortis
1216 982 1310 1014 robur,
1332 982 1379 1017 qui
1404 981 1521 1009 necdum
1537 981 1658 1014 otl‘endit,
1677 988 1732 1008 non

952 1029 991 1057 illi
1006 1029 1141 1056 obnoxius
1155 1032 1207 1056 est.
1224 1027 1403 1061 Quamobrem
1419 1035 1480 1054 cum
1498 1035 1581 1062 penes
1592 1026 1675 1054 Deum
1688 1034 1733 1054 es-

953 1078 994 1102 set
1020 1073 1130 1101 Abelem
1155 1072 1217 1100 neci
1235 1072 1394 1106 subripere;
1419 1070 1448 1098 id
1464 1071 1575 1098 minime
1594 1069 1669 1102 fecit,
1685 1069 1733 1097 sed

952 1120 1075 1156 permisit
1098 1119 1217 1151 caedem;
1234 1122 1264 1145 ut
1277 1117 1345 1153 justi
1373 1116 1643 1156 sanguineplautata
1659 1123 1733 1143 mors

952 1155 1054 1193 nullam
1065 1164 1313 1192 haberetradicem.
1328 1163 1417 1196 Quare
1427 1155 1551 1190 Christus
1563 1160 1657 1188 mundi
1668 1168 1733 1187 cau-

952 1219 1010 1239 sam
1029 1218 1123 1246 agens,
1143 1210 1251 1237 dicebat
1268 1219 1275 1237 :
1295 1218 1304 1235 ι
1320 1208 1398 1236 Nunc
1411 1208 1543 1244 judicium
1569 1210 1612 1234 est
1637 1205 1734 1233 mumli

953 1257 1045 1292 hujus,
1073 1264 1148 1284 nunc
1173 1255 1300 1291 princeps
1325 1254 1406 1289 hujus
1434 1253 1528 1280 mundi
1548 1252 1672 1288 ejicietur
1694 1252 1735 1279 fo-

952 1311 998 1332 ras
1008 1303 1040 1331 ι’.
1061 1312 1071 1329 ι
1095 1303 1189 1338 Itaque
1200 1301 1257 1337 jam
1279 1301 1343 1328 olim
1369 1308 1417 1336 per
1430 1299 1570 1327 Christum
1589 1298 1735 1334 praedicata

952 1353 995 1376 est
1011 1348 1103 1376 Abelis
1121 1354 1204 1374 causa
1217 1350 1297 1381 atque
1306 1345 1431 1373 victoria.
1444 1344 1558 1372 Paulum
1568 1343 1661 1378 accipe
1669 1343 1735 1370 mihi

953 1394 1017 1421 huic
1041 1393 1182 1420 sententia:
1205 1391 1421 1426 patrocinantem
1449 1397 1456 1416 :
1480 1399 1489 1415 (
1514 1389 1547 1416 Et
1564 1393 1707 1420 mortuus,
1723 1397 1732 1414 ι

954 1439 1054 1474 inquit,
1071 1447 1081 1464 ι
1102 1438 1179 1469 Abel,
1201 1437 1290 1465 adhuc
1317 1437 1461 1472 loquitur:
1482 1435 1554 1463 unde
1572 1443 1635 1463 eum
1657 1439 1684 1462 et
1708 1434 1735 1461 in

956 1483 1111 1519 parabolam
1128 1482 1267 1516 accipit“,
1287 1491 1296 1508 ι
1314 1481 1470 1516 parabolam
1482 1481 1622 1516 appellans
1637 1480 1735 1508 simili-

955 1529 1086 1557 tudinem.
1099 1527 1191 1555 Abelis
1204 1528 1303 1562 quippe
1314 1526 1401 1554 caedes
1414 1526 1508 1561 judicii
1525 1525 1627 1553 Christi
1643 1529 1734 1560 typum

956 1575 1034 1611 gerit.
1047 1573 1136 1607 Quare
1150 1573 1231 1600 etiam
1245 1576 1307 1609 post
1325 1576 1440 1599 mortem
1459 1571 1589 1606 loquitur,
1604 1578 1636 1598 ac
1648 1570 1736 1605 parri-

955 1621 1045 1650 cidam
1060 1624 1182 1649 acwsat.
1198 1620 1266 1647 Nam
1281 1619 1345 1646 vita:
1362 1618 1493 1645 adventus
1509 1617 1604 1645 mortis
1624 1616 1678 1644 vim
1691 1624 1737 1644 su-

958 1665 1072 1701 peravit.
1089 1664 1264 1700 Nequaquam
1276 1664 1363 1692 caedes
1393 1664 1453 1698 ejus
1475 1663 1595 1698 linguam
1617 1662 1738 1689 claman-

956 1715 1010 1739 tem
1019 1711 1151 1744 cohibuit,
1163 1718 1252 1746 neque
1265 1709 1405 1745 sanguinis
1415 1708 1657 1745 expostulationem
1668 1715 1737 1743 prae-

957 1756 1024 1783 cidit
1034 1764 1041 1789 ;
1059 1755 1106 1783 sed
1114 1755 1315 1783 mortedetenta
1325 1754 1416 1789 lingua
1426 1757 1556 1780 mternum
1568 1751 1676 1779 clamat.
1686 1751 1739 1779 Ne-

957 1809 1093 1837 quaquam
1118 1805 1222 1829 naturze
1234 1800 1261 1827 in
1276 1803 1403 1836 promptu
1420 1798 1518 1825 fuisset
1540 1804 1589 1825 sua
1605 1797 1737 1829 defensio,

959 1849 982 1877 si
997 1848 1072 1884 prior
1092 1847 1176 1875 Adam
1192 1851 1286 1882 raptus
1306 1845 1413 1874 fuisset.
1431 1843 1498 1871 Nam
1514 1843 1739 1878 transgressionis

959 1895 1045 1929 pudor
1053 1901 1088 1921 .os
1103 1893 1304 1920 illi‘obturaret.
1319 1890 1386 1918 Abel
1402 1889 1477 1925 prior
1499 1888 1634 1916 decedens
1663 1895 1738 1923 spem

958 1940 1084 1970 excitavit
1100 1939 1213 1967 naturae.

993 1987 1021 2014 4.
1037 1986 1077 2013 Ad
1089 1986 1147 2013 hinc
1158 1984 1280 2013 occurrit
1290 1982 1393 2016 Euoch,
1414 1982 1460 2018 qui
1486 1982 1539 2010 loci
1562 1980 1740 2009 translatione

960 2031 1096 2060 infernum
1110 2031 1214 2066 etTugit,
1228 2037 1260 2057 ac
1274 2030 1367 2065 probae
1381 2028 1443 2056 vita
1457 2035 1513 2056 suae
1538 2027 1624 2062 gratia
1654 2026 1740 2054 evasit

960 2082 1074 2105 mortem
1090 2077 1122 2104 ¹⁸.
1140 2075 1206 2106 Post
1227 2075 1301 2103 hunc
1316 2082 1430 2110 magnus
1459 2074 1504 2100 ille
1525 2072 1627 2103 Helias,
1652 2078 1740 2106 neque

962 2123 1022 2159 ipse
1051 2120 1231 2156 morti-395.
1242 2119 1351 2152 cedens,
1380 2119 1493 2154 hOspIta:
1522 2116 1644 2144 mulieris
1660 2123 1740 2142 mor-

962 2173 1039 2197 tuum
1055 2168 1139 2195 tilium
1155 2166 1236 2194 morti
1248 2164 1377 2200 abripuit,
1391 2163 1496 2191 devicto
1510 2169 1558 2190 Der
1572 2161 1625 2189 vim
1639 2160 1740 2188 oratio-

128 2217 179 2252 τὴν
196 2204 256 2251 βίαν
276 2215 390 2250 νικήσας
407 2213 471 2249 (69),
485 2214 532 2240 καὶ
554 2213 603 2249 τὴν
625 2212 655 2244 ἐξ
666 2212 729 2248 ᾅδου
753 2213 819 2247 πρὸς
840 2211 904 2246 ζωὴ)

964 2214 1007 2242 nis
1024 2214 1120 2241 mortis
1139 2211 1264 2246 imperio,
1285 2217 1317 2237 ac
1344 2216 1415 2237 nova
1429 2216 1462 2236 ex
1476 2207 1582 2235 inferno
1602 2204 1635 2232 ad
1656 2205 1740 2232 vitam

129 2262 302 2298 ὑποστροφὴν
325 2261 533 2296 καινουργήσας.
563 2259 713 2290 Ἐλισσαῖος
735 2258 781 2284 ἐπὶ
806 2257 911 2288 τούτοις

129 2307 259 2339 ἀνέτειλε,
284 2306 382 2341 διπλῆν
398 2305 428 2337 ἐξ
440 2304 528 2340 ἁπλῆς
539 2304 589 2338 τὴν
612 2303 691 2340 χάριν
707 2302 861 2338 δεξάμενος,
883 2301 912 2333 ὃς

129 2354 160 2380 τὸ
175 2354 225 2388 τῆς
237 2351 416 2387 Σωμανίτιδος
429 2350 532 2377 παιδίον
549 2350 578 2383 ἐξ
595 2349 658 2384 ᾇδου
675 2349 743 2384 πρὸς
757 2348 812 2384 βίον
824 2348 857 2378 δι’
871 2347 915 2374 εὑ-

130 2400 183 2435 χῆς
195 2399 393 2434 μετεπέμπετο.
413 2396 489 2423 Ἐπεὶ
501 2395 530 2422 δὲ
547 2395 594 2421 καὶ
609 2395 688 2427 αὐτὸς
703 2396 757 2427 τοῖς
773 2394 819 2422 τοῦ
836 2393 915 2421 θανά-

129 2454 177 2472 του
198 2443 363 2479 περιεὸλήοη
386 2442 514 2476 δικτύοις,
534 2442 581 2469 καὶ
604 2441 699 2477 νεκρὸς
717 2440 765 2473 ὣν,
780 2441 853 2476 ὅμως
870 2439 914 2466 τὸν

130 2491 196 2527 ᾅδην
209 2490 332 2525 ἐσύλησε,
344 2491 377 2526 τῇ
392 2489 440 2516 τοῦ
452 2488 576 2524 σώματος
591 2489 646 2524 ἁφῇ
661 2487 707 2514 τὸν
722 2487 816 2523 νεκρὸν
831 2495 914 2521 φυγα-

129 2537 237 2570 δεύσας,
254 2537 301 2564 καὶ
315 2536 360 2564 διὰ
375 2534 471 2571 νεκροῦ
491 2534 586 2571 νεκρὸς
598 2535 665 2570 πρὸς
681 2533 737 2569 βίον
759 2532 912 2563 ἐκλέπτετο.

169 2626 190 2641 ¹¹
210 2625 277 2652 Gen.
297 2632 334 2656 iv,
352 2624 378 2652 8.
417 2624 438 2640 ¹⁸
457 2622 535 2650 Ioan.
553 2630 610 2655 xu,
627 2621 672 2649 51.
711 2621 732 2638 ¹⁶
749 2619 832 2648 Hebr.
848 2628 894 2654 ιι,
909 2620 937 2647 4.

131 2669 170 2693 ιι,
188 2661 230 2692 10,
248 2660 277 2687 ‘ll
290 2668 297 2692 ;
312 2667 349 2692 iv,
364 2658 409 2686 34.
448 2658 470 2674 "
490 2657 523 2686 IV
542 2657 607 2693 Reg.
626 2665 693 2689 ιιιι,
709 2656 755 2684 21.

167 2737 224 2773 (66)
243 2737 332 2769 Colb.,
348 2735 450 2771 ἂριζος.
463 2734 526 2763 Mox
545 2735 574 2762 in
595 2733 678 2770 Regio
697 2737 724 2760 et
745 2731 823 2760 Colb.
838 2731 915 2760 deest

131 2773 256 2804 θάνατος.

169 2807 224 2842 (67)
245 2806 311 2842 Reg.
328 2809 355 2834 et
363 2805 453 2842 Colb.,
467 2804 615 2842 παρρησία.
634 2838 640 2842 Δ
670 2816 672 2819 ·

180 2838 224 2878 68)
245 2838 324 2877 Reg,
339 2838 513 2877 ὲνιφραπενξ
525 2838 613 2873 (2611),,
629 2838 808 2874 ἀπέφραττεν.

961 2259 1153 2295 remigratione
1167 2256 1316 2284 constituta
1334 2255 1365 2282 “.
1376 2254 1441 2281 Post
1453 2253 1509 2280 haec
1533 2252 1646 2280 Elisaeus
1660 2258 1740 2278 exor-

962 2309 1007 2332 tus
1022 2308 1073 2334 est.
1092 2303 1138 2339 qui
1160 2302 1293 2338 duplicem
1308 2308 1357 2336 pro
1371 2299 1486 2335 simplici
1499 2303 1594 2325 nactus
1614 2297 1738 2333 gratiam,

966 2349 1143 2378 Sunamitidis
1161 2348 1245 2375 ﬁlium
1263 2354 1296 2374 ex
1311 2345 1416 2373 inferno
1432 2344 1467 2379 ad,
1476 2344 1555 2371 vitam
1568 2343 1593 2370 vi
1609 2341 1739 2370 orationis

964 2395 1073 2422 reduxit
1087 2394 1119 2421 ”.
1137 2393 1204 2420 Cum
1217 2395 1307 2419 autem
1319 2394 1346 2418 et
1363 2390 1421 2426 ipse
1438 2389 1534 2417 mortis
1549 2388 1653 2416 retibus
1667 2394 1742 2414 com-

964 2442 1081 2477 plicatus
1097 2443 1149 2471 est,
1169 2441 1293 2466 mortuus
1314 2436 1388 2468 licet,
1408 2434 1545 2462 infernum
1569 2437 1660 2461 tamen
1676 2431 1742 2459 diri-

967 2486 1035 2522 puit,
1051 2485 1142 2520 fugato
1154 2491 1202 2519 per
1213 2483 1300 2511 solum
1314 2480 1436 2516 corporis
1451 2482 1607 2507 contactum
1621 2481 1740 2509 mortuo,

967 2539 1000 2558 ac
1018 2535 1074 2557 tum
1098 2537 1145 2565 per
1174 2526 1331 2556 defunctum
1357 2525 1502 2554 defunctus
1522 2524 1677 2559 rapiebatur
1708 2523 1738 2549 ι’.

976 2619 998 2635 ¹⁸
1018 2617 1084 2646 Gen.
1103 2625 1130 2645 ν,
1147 2617 1190 2644 24.
1232 2616 1253 2632 ¹⁸
1274 2614 1306 2642 ¹11
1322 2614 1389 2650 Reg.
1405 2621 1480 2646 xvu,
1500 2612 1543 2640 22.
1583 2612 1604 2628 ¹⁷
1624 2609 1657 2639 IV
1675 2609 1741 2646 Reg.

1002 2728 1057 2763 (69)
1077 2728 1116 2755 Ita
1129 2726 1195 2763 Reg.
1212 2730 1238 2754 et
1252 2725 1331 2763 Colb.
1346 2724 1417 2752 Editi
1436 2731 1510 2755 vero,
1525 2722 1682 2763 δυναστείας
1695 2719 1743 2763 φῦ

967 2757 1086 2803 θανάτου.
1098 2762 1145 2798 τὴν
1166 2757 1224 2797 βίαν
1239 2760 1419 2803 νικησασης...
1440 2757 1728 2819 καιπυργησύἮω

968 2800 1007 2819 rm
1024 2798 1122 2819 Ωρσιιις
1136 2802 1162 2819 ρι
1179 2796 1267 2819 Cnlh..
1277 2795 1424 2819 ἀνετελλεν.
1442 2794 1513 2819 Mox-
1528 2794 1619 2819 iidem.
1691 2800 1728 2819 nu

968 2800 1008 2861 fuga
1020 2794 1424 2860 ἓοεὶιιεέιόοιὶιηἀνέτελλεν.
1441 2794 1513 2828 Mox,
1528 2794 1619 2826 iidem,
1637 2794 1743 2829 Empu-

967 2844 981 2861 ν
994 2843 1018 2861 τι
1034 2842 1073 2866 ος.
