1940 3067
203 112 272 140 εο79

765 112 795 140 S.
817 112 1048 141 ATHANASIUS.
1068 129 1103 134 —-—
1121 112 1255 140 SPL'BlA.

1753 113 1833 141 1080

201 173 321 207 Eratque
346 176 471 200 mortuus
500 173 631 208 propheta
657 173 737 200 morti
758 173 867 201 noxius.
893 173 988 202 Elisan

1041 174 1094 200 Kal.
1103 170 1136 208 ἦν
1150 174 1165 199 ὸ
1175 173 1316 208 προφήτης
1330 171 1368 207 τῷ
1381 170 1488 207 θανάτῳ
1498 171 1593 207 νεκρὸς
1603 171 1757 207 ἐπιζήμιος.
1768 172 1832 199 Τοῦ

201 218 302 253 quippe
318 222 437 250 mortuo,
454 223 626 246 mortuorum
649 226 781 247 numerus
803 220 988 247 accessionem

202 271 258 290 non
274 263 379 290 habuit.
401 262 457 291 Nec
487 264 595 292 inferno
617 264 756 300 quidpiam
777 265 846 292 lucri
867 265 988 297 obvenit,

201 309 274 345 quod
289 309 393 344 justum
404 310 485 345 quasi
506 310 625 345 praedam
639 311 813 345 abripuisset.
833 310 912 338 llisce
928 318 990 338 cor-

202 356 469 391 ruptionelabentem
478 362 614 390 naturam,
627 357 839 385 resurrectionis
855 357 911 393 typi
927 364 986 383 mu-

201 402 313 429 niebant
330 411 336 428 :
352 409 402 429 nec
416 402 543 429 valebant
563 406 655 430 tamen
673 403 707 430 iis
718 403 764 438 qui
781 402 838 437 jam
859 402 930 438 capti
948 406 988 430 te-

200 452 332 474 nerentur
343 454 420 482 opem
435 447 507 475 ferre
519 458 526 475 :
547 458 555 473 (
577 447 630 475 Sed
644 448 767 483 regnavit
778 456 851 476 mors
860 449 893 476 ab
903 449 988 476 Adam

201 501 287 527 usque
295 493 329 519 ad
340 492 452 529 Moysen
465 494 514 525 ",i
528 494 596 529 legis
617 498 724 529 tempus
739 495 843 522 habens
855 495 882 522 in
895 495 989 522 termi-

201 546 252 566 nos
269 539 385 573 imperii.
400 539 434 566 At
447 544 592 575 postquam
607 540 735 568 Christus
752 548 784 568 ex
799 541 877 569 cmlis
902 548 987 576 appa—

201 583 268 616 ruit,
281 588 338 611 tum
352 592 414 620 spes
429 585 537 620 generis
561 585 675 612 humani
692 585 719 612 in
735 592 806 620 opus
829 587 964 620 processit
979 595 986 613 :

201 634 258 656 tum
288 628 428 657 Dominica
455 637 523 657 voee
544 630 642 658 inferni
663 631 785 658 claustra
800 635 894 666 aperta
912 635 987 664 sunt,

201 681 233 700 ac
244 677 367 701 mortuos
378 674 522 710 colligatos
539 674 689 702 reddebant
704 675 830 710 sepulcra
844 679 918 702 .tum
936 684 987 703 vo-

201 719 271 746 catio
284 718 365 751 facta,
380 724 437 746 tum
462 720 616 755 sepulcrum
645 724 769 755 apertum
795 725 847 754 est,
875 729 907 748 ac
933 721 988 750 Deo

201 764 347 798 conjuncta
358 765 476 793 humana
488 770 597 797 natura,
608 766 745 793 infernum
752 767 909 802 perterruit.
920 767 988 796 Hinc

201 809 325 838 Infernus
336 811 468 838 adversus
479 816 649 838 mortuorum
660 816 799 847 raptorem
810 813 985 840 inclamabat:

201 855 272 888 Quid
298 860 328 883 tu
350 856 453 884 editum
476 857 505 884 in
531 857 658 892 paradiso
682 846 847 894 rescriptum
869 859 988 887 evertis?
1003 846 1023 873 Β

201 909 286 937 quare
317 902 529 938 chirographum
556 903 689 931 adversus
710 908 835 932 naturam
865 906 987 933 conscri-

201 952 277 983 ptum
288 947 447 977 exscindis?
463 948 614 984 Rescriptis
627 949 689 985 jure
700 950 780 978 editis
793 951 923 980 adversus
935 951 986 979 ho-

201 994 289 1022 mines
305 994 457 1022 instruclus
465 1003 537 1022 sum.
555 994 722 1023 llabeoillud
736 1005 760 1022 ε(
778 996 863 1025 Terra
873 1005 902 1025 es
920 998 986 1025 etin

201 1043 303 1066 terram
319 1040 465 1068 reverteris
479 1041 518 1074 ²⁶ς
539 1050 548 1067 ι
562 1041 670 1076 generis
682 1042 787 1070 scilicet
802 1043 913 1071 humani
924 1052 987 1080 sup-

202 1086 322 1120 plicium.
336 1085 458 1121 Lugebat
468 1094 549 1121 porro
558 1088 696 1123 sigillatim
709 1089 835 1124 abreptos
850 1094 985 1118 mortuos.

201 1130 345 1166 lgnorabat
362 1128 443 1164 forte,
465 1132 605 1160 Christum
623 1141 686 1161 cum
702 1134 891 1168 descenderet,
915 1144 988 1164 mor-

201 1180 264 1203 tuos
283 1176 427 1205 universos
442 1177 567 1206 libertate
577 1179 754 1206 donaturum.
771 1179 810 1208 Ne
829 1181 893 1216 quis
914 1182 986 1209 enim

202 1222 275 1248 ultra
289 1222 317 1249 in
332 1222 440 1250 inferno
466 1224 575 1252 vinctus
590 1230 752 1258 remaneret,
773 1226 914 1255 descendit
928 1228 987 1263 ipse

201 1267 328 1295 Christus
342 1267 369 1295 in
384 1267 538 1296 infernum:
553 1269 600 1304 qui
616 1277 698 1297 carne
710 1278 759 1298 sua
775 1279 856 1306 quam
865 1273 988 1307 gestabat

201 1312 286 1339 veluti
299 1319 363 1340 esca
381 1320 449 1340 usus
474 1317 571 1341 contra
599 1314 749 1350 infernum,
772 1316 882 1345 deitatis
896 1323 988 1346 autem

202 1358 303 1386 virtute
313 1358 417 1394 regiam
429 1358 490 1394 ejus
506 1361 678 1394 subvertens,
694 1361 768 1390 brevi
781 1364 910 1399 temporis
925 1372 989 1400 spa-

201 1404 241 1431 tio
255 1405 368 1440 antiqua
379 1405 447 1441 legis
469 1406 580 1434 discidit
602 1408 791 1444 chirographa,
815 1414 845 1437 ut
864 1410 988 1439 homines

202 1451 237 1478 ad
255 1451 340 1479 caelos
363 1451 525 1487 adduceret;
554 1452 588 1480 ad
606 1454 702 1487 caelos,
724 1455 846 1490 inquam,
867 1456 957 1484 locum
973 1464 989 1484 a

202 1500 290 1524 morte
305 1496 437 1530 liberum,
453 1498 668 1535 incorruptionis
682 1500 874 1535 diversorium,
907 1502 989 1537 justi-
1002 1512 1024 1541 α

201 1542 246 1569 tiae
259 1543 405 1571 ollicinam.

236 1589 264 1616 5.
281 1589 311 1616 1η
330 1590 405 1617 hisce
422 1589 502 1618 bonis
520 1595 560 1623 tu,
578 1599 674 1619 recens
690 1592 851 1627 illuminate,
867 1594 989 1630 baptiza-

202 1637 247 1661 tus
261 1642 291 1662 es
309 1643 315 1649 '
332 1635 433 1670 pignus
450 1636 499 1664 tibi
525 1638 735 1665 resurrectionis
748 1639 845 1672 evasit,
864 1647 880 1666 ο
895 1647 1004 1668 τεεοηει

203 1679 366 1713 illuminate,
383 1682 477 1716 gratiae
491 1682 609 1710 initiatio
626 1692 632 1710 :
649 1684 749 1718 pignus
773 1684 823 1711 tihi
838 1688 881 1712 est
901 1685 990 1720 bapti-

204 1731 262 1752 sma
273 1724 372 1753 futurae
385 1727 413 1753 in
425 1727 495 1755 cmlo
509 1728 581 1755 vitae.
595 1728 720 1756 Imitatus
736 1737 766 1756 es
782 1737 831 1764 per
841 1730 990 1758 demersio-

202 1778 264 1797 nem
282 1770 389 1798 Domini
405 1772 573 1807 sepulcrum.
593 1772 646 1799 Sed
662 1773 726 1800 inde
751 1781 861 1801 rursum
876 1775 991 1802 emersi-

205 1817 251 1850 sti,
269 1817 334 1844 visis
348 1818 560 1845 resurrectionis
584 1818 724 1853 operibus.
747 1823 810 1846 ante
828 1827 910 1854 opera
926 1820 989 1847 alia.

204 1861 326 1894 Quorum
340 1862 431 1890 vidisti
449 1863 583 1898 symbola,
601 1871 695 1891 eorum
715 1872 772 1891 rem
788 1864 874 1900 ipsam
886 1866 988 1900 accipe.

204 1907 275 1934 Dicti
289 1911 387 1935 testem
403 1916 480 1936 sume
491 1909 540 1936 tibi
555 1909 670 1936 Paulum
691 1911 739 1945 qui
756 1911 812 1938 ait:
836 1920 846 1936 ι
862 1911 892 1938 Si
916 1913 989 1940 enim

205 1954 382 1988 complantati
406 1953 471 1981 facti
493 1962 590 1983 sumus
617 1955 790 1983 similitudini
809 1958 905 1985 mortis
919 1958 989 1992 ejus,

205 1999 287 2027 etiam
302 2003 329 2027 et
343 2001 555 2029 resurrectionis
571 2001 675 2030 erimus
688 2003 722 2030 ¹¹.
741 2012 750 2028 ι
767 2002 883 2031 Pulchre
912 2004 989 2038 illud,

207 2045 383 2080 complantati
400 2055 407 2074 :
424 2046 559 2082 baptisma
571 2047 671 2082 quippe
686 2048 818 2082 plantatio
829 2053 871 2077 est
890 2049 923 2076 ad
938 2050 990 2076 im-

208 2091 413 2125 mortalitatem,
427 2092 455 2119 in
467 2093 573 2127 piscina
594 2093 725 2128 plantata.
751 2094 779 2121 in
806 2095 877 2122 cmlo
901 2095 992 2123 ferens

208 2136 337 2165 fructum.
353 2137 410 2165 Illic
427 2137 544 2174 Spiritus
573 2140 661 2174 gratia
678 2147 775 2167 arcana
795 2141 900 2168 ratione
926 2149 990 2176 ope-

1039 218 1093 254 γὰρ
1117 218 1267 245 Ἐλισσαίου
1286 217 1421 249 θανόντος,
1445 217 1602 253 προσθήκην
1616 218 1631 244 ὁ
1648 217 1702 244 τῶν
1718 217 1832 252 νεκρῶν

1040 265 1155 300 ἀριθμὸς
1172 265 1221 291 οὐκ
1237 263 1396 299 ελάμΰανεν.
1417 264 1486 291 ’Δλϊ
1500 263 1612 299 ἀκερδὲς
1629 263 1668 298 τῷ
1687 263 1737 299 ᾄδῃ
1753 264 1834 290 κατὰ

1038 309 1086 336 τοῦ
1100 309 1203 336 δικαίου
1217 310 1273 344 (70)
1287 310 1318 336 τὸ
1333 309 1451 345 θήραμα.
1471 310 1514 336 Ἐν
1529 309 1633 341 τούτοις
1645 310 1670 335 οἱ
1680 309 1760 336 τύποι
1775 310 1833 345 τῆς

1039 356 1213 388 ἀναστάσεως
1225 356 1348 391 ὠχύρουν
1361 356 1540 392 φθειρομένην
1550 357 1598 392 τὴν
1615 356 1694 391 φύσιν
1703 365 1710 371 ·
1727 357 1832 392 βοηθῆ-

1040 411 1084 428 σαι
1100 402 1122 428 δ’
1134 402 1208 437 ὅμως
1223 403 1279 433 τοῖς
1299 402 1407 428 ἁλοῦσιν
1424 403 1474 429 οὐκ
1490 403 1595 437 ίσχυοψ
1613 412 1623 428 ι
1644 402 1712 428 Ἀλλ’
1731 402 1830 429 ἐϐασί-

1038 447 1132 474 λευσεν
1145 448 1159 473 ὁ
1174 447 1287 478 θάνατος
1310 447 1363 474 ἀπὸ
1385 447 1469 482 Ἀδὰμ
1485 448 1566 482 μέχρι
1577 448 1725 479 Μωῦσὶως,
1748 457 1758 473 ι
1777 447 1831 473 τοῦ

1038 493 1120 527 νόμου
1147 495 1191 519 τὸν
1217 493 1311 528 χρόνον
1331 493 1410 528 ὅρους
1437 493 1483 520 τοῦ
1511 494 1628 528 κράτους
1653 493 1829 527 ποιούμενος.

1045 537 1153 573 Ἐπειδὴ
1166 537 1195 564 δὲ
1206 538 1322 574 Χριστὸς
1333 538 1363 570 ἐξ
1378 538 1499 573 οὺρανιῖν
1509 538 1638 574 ἀνεφάνη,
1652 538 1761 573 ἔτρεχον
1777 539 1829 573 μὲν

1037 584 1077 616 εἰς
1094 584 1172 619 ἔργον
1185 584 1213 610 αἱ
1224 583 1272 610 τοῦ
1286 584 1381 618 γένους
1394 584 1499 616 ἐλπίδες
1509 593 1516 599 ·
1528 584 1574 611 καὶ
1591 586 1665 619 φωνῇ
1672 586 1829 620 Δεσποτικῇ

1037 629 1071 655 τά
1097 628 1160 663 ᾅδου
1178 628 1327 664 διηνοίγετο
1343 629 1465 664 κλεῖθρα,
1486 629 1533 656 καὶ
1550 629 1693 664 δεσμώτας
1712 630 1831 664 νεκροὺς

1036 675 1179 703 ἀπεδίδουν
1202 677 1226 702 οί
1244 675 1340 709 τάφοι·
1362 675 1409 702 καὶ
1430 675 1526 710 κλῆσις
1544 676 1657 709 ἐγίνετο,
1675 676 1722 702 καὶ
1740 675 1831 709 τάφος

1037 722 1176 756 ὴνοίγετο·
1198 721 1244 748 καὶ
1262 721 1343 756 φύσις
1366 721 1521 756 ἀνθρωπίνη
1538 721 1598 756 Θεῷ
1623 721 1749 756 ἡνωμένη
1779 721 1830 748 τὸν

1037 765 1104 800 ᾅδην
1128 766 1322 801 κατέπληττεν.
1343 765 1482 792 Ἐντεῦθεν
1504 767 1518 792 ὁ
1531 765 1597 800 ᾅδης
1612 766 1681 801 πρὸς
1695 765 1741 791 τὸν
1761 766 1830 797 τοὺς

1037 811 1151 847 νεκροὺς
1177 811 1378 848 ἀφαιρούμενον
1393 811 1473 838 ἐϐόα·
1489 811 1522 838 Τί
1544 811 1593 847 τὴν
1616 813 1645 838 ὲν
1667 811 1829 847 παραδείσῳ

1038 857 1198 894 συγγραφὴν
1211 858 1388 893 ἀνατρέπεις;
1405 858 1431 884 τί
1449 857 1479 884 τὸ
1498 857 1568 884 κατὰ
1585 857 1635 892 τῆς
1648 857 1755 892 φύσεως
1776 866 1830 885 κα-

1036 904 1174 939 τασχὶζεις
1204 904 1400 940 χειρόγραφον;
1430 904 1594 939 Ἐγγράφοις
1617 904 1731 936 δικαίοις
1754 905 1829 931 κατά

1036 949 1090 975 τῶν
1105 949 1256 985 ἀνθρώπων
1266 949 1424 984 ὡχύρωμαι.
1440 950 1515 984 Ἐχω
1528 949 1559 976 τὺ
1570 970 1578 982 ,
1597 959 1606 975 ι
1623 950 1661 985 Γῆ
1676 947 1712 981 εἴ,
1727 950 1773 976 καὶ
1786 951 1828 982 είς

1037 995 1088 1030 γῆν
1105 995 1252 1030 ἀπελεύσῃ,
1268 1004 1278 1021 ι
1295 995 1343 1022 τοῦ
1365 995 1459 1030 γένους
1478 995 1508 1022 τὸ
1525 995 1683 1031 πρόστιμον.
1702 996 1828 1030 Ὧδύρετο

1039 1041 1088 1076 μὲν
1102 1041 1134 1076 δὴ
1155 1040 1215 1067 καθ’
1229 1041 1277 1067 ἕνα
1300 1040 1354 1068 τῶν
1377 1041 1480 1076 νεκρῶν
1500 1041 1715 1078 ἀφαιρούμενος·
1732 1043 1828 1077 ἠγνόει

1036 1086 1065 1113 δὲ
1080 1086 1145 1122 ἄρα,
1163 1086 1202 1118 ὡς
1222 1086 1349 1122 Χριστὸς,
1372 1086 1506 1119 καταϐὰς,
1526 1088 1665 1123 πάνδημον
1681 1088 1828 1123 ἀφαίρεσιν

1036 1133 1092 1163 τοῖς
1106 1132 1251 1167 θνήσκουσι
1262 1133 1413 1168 χαρίσεται.
1430 1134 1488 1160 Ίνα
1498 1133 1552 1169 γὰρ
1566 1134 1658 1169 μηδεὶς
1673 1133 1713 1159 ἔτι
1725 1133 1764 1168 τῷ
1774 1133 1826 1169 ᾄδῃ

1038 1178 1225 1214 περιλειφθείη
1245 1178 1299 1214 (71)
1313 1178 1466 1214 δεσμώτης,
1479 1179 1599 1206 κάτεισιν
1616 1180 1697 1211 αὐτὸς
1709 1180 1749 1211 είς
1762 1179 1826 1215 ᾅδου

1037 1224 1169 1260 Χριστός·
1193 1226 1226 1260 τῇ
1255 1224 1304 1259 μὲν
1330 1226 1482 1261 φορουμένη
1513 1226 1595 1261 σαρκὶ
1623 1225 1755 1258 δελεάζων
1779 1226 1827 1252 τὸν

1038 1270 1115 1306 ᾅδην,
1133 1270 1258 1306 θεότητος
1270 1270 1299 1297 δὲ
1313 1270 1426 1306 δυνάμει
1449 1271 1587 1307 καθαιρῶν
1603 1271 1684 1298 αὑτοῦ
1698 1271 1733 1298 τά
1750 1271 1827 1307 βασί-

1039 1317 1108 1347 λεια.
1129 1316 1226 1352 βραχεί
1249 1317 1337 1352 χρόνῳ
1355 1317 1389 1344 τὰ
1407 1317 1508 1345 παλαιὰ
1521 1318 1567 1344 τοῦ
1592 1319 1675 1354 νόμου
1691 1317 1826 1354 διατεμὼν

1038 1363 1216 1398 χειρόγραφα,
1234 1363 1277 1389 ¹(ἵνα
1298 1363 1457 1400 ἀνθρώπους
1471 1364 1510 1396 εἰς
1531 1365 1660 1400 οὐρανοὺς
1682 1365 1824 1400 ἀναγάγῃ-

1038 1410 1217 1445 οὒρανοϋς,τὸ
1227 1409 1368 1446 ἐλεύθερο)
1375 1410 1421 1436 τοῦ
1430 1410 1545 1437 θανάτου
1557 1411 1666 1447 χωρίον,
1673 1411 1826 1447 ἀφθαρσίας

1040 1455 1219 1491 καταγώγιον,
1235 1455 1405 1492 δικαιοσύνης
1416 1457 1607 1492 ἐργαστήριον.

1075 1589 1101 1616 5.
1125 1589 1170 1616 Ἑν
1180 1588 1285 1620 τούτοις
1304 1586 1470 1623 ἐϐαπτίσθης
1485 1588 1541 1617 τοῖς
1554 1586 1675 1621 ἀγαθοῖς,
1697 1587 1824 1621 νεοφὼτι-

1041 1644 1102 1661 στε·
1119 1633 1247 1670 ἀρῤαεών
1268 1642 1309 1660 σοι
1323 1633 1433 1667 γέγονεν
1453 1633 1635 1664 ἀναστάσεως,
1650 1633 1824 1667 νεοφὼτιστε,

1039 1682 1056 1716 ὴ
1069 1681 1118 1716 τῆς
1133 1680 1242 1716 χάριτος
1258 1679 1373 1715 μύησις⁵
1388 1679 1514 1715 ἐνέχυρον
1530 1679 1578 1714 τῆς
1592 1681 1620 1705 ὲν
1633 1679 1740 1714 οὐρανῷ
1756 1679 1825 1705 διαί-

1039 1735 1090 1761 της
1105 1726 1176 1761 ἔχεις
1188 1726 1218 1752 τὺ
1233 1726 1381 1761 βάπτισμα.
1407 1725 1548 1761 Ὲμιμήσω
1561 1726 1594 1760 τῇ
1615 1725 1759 1751 καταδύσει
1777 1725 1824 1751 τοῦ

1040 1773 1174 1798 Δεσπότου
1191 1772 1236 1798 τὸν
1253 1771 1338 1806 τάφον
1348 1780 1355 1787 ’
1369 1772 1437 1798 ἀλλὰ
1457 1771 1550 1803 ἁνέδυς
1564 1771 1644 1798 πάλιν
1661 1771 1776 1803 ἐκεῖθεν,
1792 1771 1825 1798 τὰ

1039 1817 1089 1850 τῆς
1103 1817 1274 1847 ἀναστάσεως
1287 1816 1356 1852 ἔργα
1373 1816 1426 1851 πρὸ
1441 1816 1496 1842 τῶν
1515 1815 1602 1851 ἔργων
1617 1816 1762 1851 θεώμενος.
1776 1812 1826 1843 Ὧν

1040 1860 1108 1894 εἶδες
1125 1861 1158 1889 τὰ
1183 1861 1313 1896 σύμϐολα,
1334 1861 1436 1888 τούτων
1463 1861 1594 1897 ἀποδέχου
1621 1861 1678 1898 (72)
1699 1862 1735 1888 τά
1755 1861 1825 1896 πρά-

1042 1916 1145 1942 γματα.
1159 1907 1241 1942 Δέχου
1258 1907 1385 1942 μάρτυρα
1408 1907 1462 1933 τῶν
1483 1907 1635 1942 λεγομένων
1653 1907 1697 1934 τὸν
1721 1907 1825 1933 Παῦλον

1040 1954 1170 1988 λέγοντα·
1191 1964 1200 1980 ι
1219 1954 1251 1980 Et
1263 1953 1317 1989 γὰρ
1342 1953 1475 1989 σύμφυτοι
1497 1954 1646 1989 γεγόναμεν
1667 1953 1706 1989 τῷ
1728 1954 1824 1989 ὁμοιώ-

1042 2009 1106 2036 ματι
1125 1999 1173 2027 τοῦ
1194 1999 1307 2027 θανάτου
1328 2000 1420 2032 αὐτοῦ,
1438 2000 1505 2027 ἀλλὰ
1525 2000 1635 2035 καὶτῆς
1654 2000 1826 2032 ἀναστάσεως

1040 2046 1168 2080 ἐσόμεθα.
1189 2055 1198 2072 ι
1217 2045 1315 2077 Καλῶς
1338 2046 1378 2078 τὸ,
1397 2045 1546 2080 σύμφυτοι·
1567 2045 1662 2080 φυτεία
1678 2044 1733 2080 γὰρ
1757 2045 1825 2080 πρὸς

1041 2091 1189 2118 ἀθανασίαν
1201 2091 1232 2117 τὸ
1249 2091 1400 2126 βάπτισμα,
1416 2091 1444 2117 ὲν
1456 2090 1631 2126 κολυμϐήθρᾳ
1646 2090 1826 2125 φυτευομένη,

1040 2138 1087 2164 καὶ
1103 2137 1208 2172 οὐρανῷ
1229 2137 1448 2172 καρποφοροῦσα.
1477 2137 1550 2163 Ἐκεῖ
1566 2136 1611 2163 τοῦ
1633 2136 1790 2171 Πνεύματος
1807 2137 1823 2171 ή

207 2186 285 2210 ratur
302 2193 309 2210 :
322 2191 354 2210 ac
372 2192 407 2211 ne
421 2188 525 2211 natura;
537 2185 627 2213 indole
641 2186 988 2221 miraculumignoraveris.

1041 2182 1121 2217 χάρις
1135 2182 1297 2217 ἀπορῤήτως
1310 2181 1454 2216 ἐργάζεται
1463 2189 1471 2196 “
1486 2182 1532 2208 καὶ
1548 2180 1584 2216 μὴ
1604 2181 1644 2216 τῷ
1657 2181 1708 2216 τῆς
1722 2181 1824 2215 φύσεως

205 2228 246 2254 Ad
262 2236 341 2256 usum
367 2237 437 2264 aqua
462 2230 611 2263 ministrat,
637 2233 872 2266 regenerationem
899 2237 989 2260 autem

205 2278 335 2308 operatur
347 2275 445 2309 gratia,
459 2279 541 2311 atque
558 2276 586 2303 in
602 2276 709 2311 piscina
724 2278 803 2313 quasi
818 2278 845 2305 in
863 2279 954 2310 vulva,
966 2280 991 2307 ei

205 2318 278 2352 quod
294 2318 450 2346 immittitur
461 2327 559 2347 novam
570 2320 615 2347 dat
624 2320 748 2348 formam.
759 2321 788 2348 ln
797 2329 866 2356 aqua
873 2322 950 2357 quasi
963 2322 991 2348 in

206 2363 326 2397 fornace,
343 2364 550 2393 descendentem
579 2366 687 2394 conﬂat.
705 2367 917 2395 lmmortalitatis
934 2376 993 2404 my-

206 2411 298 2438 steriis
314 2411 396 2438 donat
412 2411 500 2446 ipsum
515 2421 523 2439 :
538 2414 749 2441 resurrectionis
757 2413 854 2441 tribuit
865 2414 990 2448 signacu-

206 2455 272 2482 lum.
290 2455 394 2483 Horum
410 2458 458 2485 tibi
473 2458 678 2491 miraculorum,
691 2467 708 2486 ο
720 2467 814 2487 recens
829 2459 989 2492 illuminate,

206 2502 290 2529 vestis
303 2502 362 2537 ipsa
374 2503 427 2530 fert
439 2505 573 2539 symbola.
596 2504 635 2532 Te
656 2505 714 2540 ipse
728 2506 833 2540 respice
856 2505 989 2532 bonorum

207 2547 340 2583 imagines
369 2548 509 2577 ferentem.
529 2549 675 2584 Splendida
701 2550 810 2585 quidem
826 2558 859 2577 ac
885 2550 991 2585 fulgens

243 2626 391 2662 ".Romm,
410 2627 452 2655 M.
490 2629 513 2644 ὀ
533 2628 601 2655 Gen.
619 2637 662 2656 ιιι.
683 2628 725 2655 19.
766 2628 787 2644 ¹¹
808 2627 886 2655 “om.
903 2635 948 2660 vu,
965 2626 992 2655 5.

244 2716 300 2752 (70)
319 2717 439 2744 Colbert.
454 2717 525 2744 κατὰ
537 2717 583 2744 τοῦ
599 2718 726 2745 θανάτου.

249 2751 305 2789 (Ἡ)
324 2751 400 2789 90.1,”-
416 2753 444 2789 2,
460 2752 650 2789 περιληφθείη-

247 2786 302 2822 ('12)
321 2786 506 2816 Colbertinus}
517 2786 679 2823 ἀπεκδέχου.

1042 2229 1167 2262 συγγενεῖ
1191 2228 1327 2263 ἀγνοήσῃς
1349 2227 1379 2253 τὸ
1405 2227 1507 2262 θαῦμα.
1525 2227 1672 2262 ’Υπηρετεῑ
1690 2227 1758 2262 πρὸς
1778 2227 1824 2262 τὴν

1041 2275 1135 2310 χρείαν
1154 2274 1185 2300 τὸ
1208 2273 1295 2309 ὕδωρ·
1311 2273 1472 2309 δημιουργεῖ
1486 2273 1515 2300 δὲ
1539 2273 1588 2308 τὴν
1610 2273 1786 2308 ἀναγέννησιν
1807 2273 1823 2307 ἡ

1041 2319 1121 2355 χάρις
1136 2319 1202 2353 (75),
1219 2318 1257 2350 ὡς
1271 2320 1300 2345 ὲν
1317 2319 1408 2354 μήτρα
1417 2319 1449 2353 τῇ
1466 2318 1641 2354 κολυμϐήθρᾳ
1655 2318 1686 2344 τὸ
1700 2317 1824 2353 susque

1045 2374 1124 2401 μενον
1137 2365 1310 2392 ἀναπλάττει.
1333 2365 1376 2396 Ὠς
1393 2366 1422 2391 ὲν
1440 2364 1614 2400 χωνευτηρίῳ
1633 2363 1671 2399 τῷ
1684 2363 1760 2390 ὕδατι
1781 2363 1824 2390 τὸν

1043 2411 1170 2437 κατιόντα
1192 2410 1379 2446 ἀναχαλκεύει.
1398 2411 1508 2437 Δίδωσιν
1528 2410 1602 2445 αὐτῷ
1616 2411 1665 2446 τῆς
1680 2409 1824 2441 ἀθανασίας

1046 2459 1181 2494 μυστήρια
1210 2457 1284 2494 (74)’
1309 2458 1484 2490 ἀναστάσεως
1511 2457 1645 2493 σφραγῖδα
1677 2456 1823 2492 χαρίζεται.

1044 2503 1152 2530 Τούτων
1165 2511 1206 2529 σοι
1220 2503 1274 2529 τῶν
1293 2503 1451 2538 θαυμάτων,
1463 2500 1486 2529 ὧ
1500 2501 1672 2536 νεοιρώτιστε,
1690 2501 1762 2535 καὶὴ
1775 2501 1824 2535 ἀμ-

1045 2549 1132 2583 φίεσις
1149 2549 1225 2584 φέρει
1240 2548 1274 2576 τὰ
1288 2548 1419 2584 σύμϐολα.
1442 2548 1604 2582 ’Δπὸσλεψον
1618 2548 1657 2579 είς
1671 2547 1765 2574 ἑαυτὸν
1777 2546 1824 2578 τὰς

1084 2714 1140 2749 ('15)
1161 2713 1207 2741 Sic
1226 2722 1294 2742 mss.
1312 2713 1384 2745 Haec,
1404 2714 1564 2750 δημιουργεῖ
1577 2714 1606 2741 δὲ
1618 2713 1668 2749 τὴν
1680 2713 1823 2748 ἀναγέννη-

1049 2758 1090 2776 σιν
1105 2750 1221 2785 ὴχάρις,
1236 2750 1350 2785 deerant
1364 2750 1391 2776 in
1406 2751 1471 2776 edit.

1083 2784 1138 2818 (7t)
1158 2783 1202 2812 Sic
1220 2792 1288 2812 mss.
1306 2783 1390 2816 Edit.,
1407 2784 1563 2820 μνηστείαν.
