1940 3067
101 163 169 192 1081

649 162 765 190 SERMO
783 162 817 189 IN
838 162 1000 190 SANCTUM
1018 161 1162 189 PASCHA.

1655 159 1725 187 1082

99 223 157 250 τῶν
173 221 282 256 ἀγαθῶν
301 221 408 254 εἰκόνας
422 221 567 257 φοροῦντα.
582 221 702 257 Λαμπρά
717 222 766 257 μὲν
779 222 833 258 γὰρ
846 223 893 249 καὶ

947 222 990 249 illa
1007 221 1104 252 vestis,
1121 220 1337 255 incorruptionis
1348 219 1396 246 tibi
1415 227 1492 254 signa
1508 218 1638 253 depingit.
1661 219 1728 245 Can-

100 267 215 302 διαυγὴς
234 267 250 303 ἡ
274 266 356 301 ἐσθής
377 275 434 300 σου,
454 267 505 301 τῆς
529 266 682 302 ἀφθαρσίας
711 266 892 302 ζωγραφοῦσα

100 313 136 339 τὰ
150 312 281 348 σύμϐολα.
300 312 393 348 Ὀθόνη
412 321 452 339 σοι
473 312 556 348 λευκὴ
574 313 698 349 καθάπερ
713 313 829 348 διάδημα
842 313 891 348 τὴν

102 356 223 392 κεφαλὴν
240 357 404 391 διασφίγγει,
422 357 472 392 τὴν
488 357 643 393 ἐλευθερίαν
662 357 844 393 κηρύττουσα.
859 359 891 384 'H

102 403 165 438 χεὶρ
179 403 229 438 τῆς
242 402 312 429 κατὰ
329 401 376 428 τοῦ
391 402 514 429 διαϐόλου
530 403 608 438 νίκης
626 403 768 438 περιφέρει
781 404 816 430 τά
838 412 891 439 μη-

107 448 220 483 ρύματα.
239 448 342 481 Ἔδειξε
365 448 419 484 γάρ
444 457 474 475 σε
497 449 614 484 Χριστὸς
636 449 823 484 ἐγειρόμενον·
844 449 892 476 νῦν

103 495 155 530 μὲν
167 494 322 529 συμϐόλοις,
332 494 413 527 δείξει
424 495 453 521 δὲ
463 495 533 522 κατὰ
548 495 644 531 μικρὸν
657 496 685 521 ὲν
700 497 756 527 τοῖς
768 496 893 531 πρᾶγμα.

103 549 156 573 σιν,
176 540 282 579 ὲὰνιτὸν
297 540 396 576 χιτῶνα
412 541 461 576 τῆς
481 541 599 572 πίστεως
618 541 654 576 μὴ
673 542 732 572 ταῖς
747 541 892 576 ἁμαρτίαις

103 585 293 621 ρυπώσωμεψ
306 586 353 613 ἐὰν
375 587 424 621 τὴν
447 586 577 621 λαμπάδα
593 587 642 621 τῆς
658 587 768 622 χάριτος
783 587 893 618 ἀτόποις

104 630 143 666 μὴ
161 630 371 666 κατασϐέσωμεν
391 630 536 666 πράξεσιν·
552 631 598 658 ἐὰν
613 631 658 657 τὸν
673 630 720 657 τοῦ
736 631 893 666 Πνεύμοιτος

102 675 310 711 διαφυλάξωμεν
333 676 472 710 στέφανον.
498 677 562 703 Τότε
576 677 668 712 σαφῶς
683 678 697 703 ὁ
708 678 844 713 Δεσπότης
864 678 892 710 ἐξ

103 721 226 757 οὐρανῶν
243 722 312 758 μετὰ
334 722 452 758 φοϐερᾶς
471 723 518 749 καὶ
534 722 724 758 φιλανθρώπου
749 724 813 758 βοῆς
827 724 892 750 ἁνα-

104 768 231 803 ϐοήσειε-
246 778 256 794 ι
272 769 365 800 Δεῦτε,
383 770 408 796 οἱ
432 770 610 805 εὐλογημένοι
634 770 680 796 τοῦ
702 771 809 806 Πατρός
830 779 891 806 μου,

104 813 328 850 κληρονομήσατε
337 815 386 850 τὴν
402 815 604 851 ἡτοιμασμένην
615 816 679 851 ὑμῖν
694 816 829 851 βασιλείαν
839 816 893 843 ἀπὸ

944 267 1036 295 didum
1065 267 1117 294 tibi
1140 266 1265 298 linteum,
1283 266 1370 293 instar
1389 265 1550 292 diadematis
1573 264 1728 299 astringons

945 318 1037 349 caput,
1050 314 1203 341 libertatem
1216 312 1356 348 prazdicat.
1374 311 1479 343 Manus,
1496 310 1617 337 victoriaa
1628 310 1661 337 de
1669 310 1728 336 dia-

943 360 1006 387 bolo
1022 364 1168 400 reportatae
1182 359 1259 394 signa
1272 358 1352 394 gerit.
1371 357 1438 384 Nam
1455 360 1481 384 te
1497 356 1623 384 Christus
1645 356 1730 383 susci-

943 409 1031 432 tatum
1047 405 1167 433 ostendit
1183 415 1189 432 :
1207 412 1279 432 nunc
1288 403 1395 438 quidem
1410 403 1548 438 symbolis,
1570 402 1649 436 paulo
1665 405 1729 436 post

943 455 1044 482 autem,
1058 452 1140 478 rebus
1157 451 1224 485 ipsis
1240 449 1382 482 ostendet;
1398 450 1419 476 si
1440 449 1520 475 modo
1533 448 1592 475 ﬁdei
1608 448 1727 474 tunicam

945 497 1064 532 peccatis
1080 505 1135 524 non
1154 497 1328 532 inquinemus
1350 504 1356 521 :
1374 496 1396 522 si
1415 495 1508 530 gratiae
1522 493 1730 529 lampademim-

945 543 1038 578 probis
1065 543 1221 570 actionibus
1244 550 1298 569 non
1322 538 1588 569 exstinxerimus:si
1611 540 1729 575 Spiritus

946 594 1086 614 servemus
1104 595 1245 614 coronam.
1266 586 1335 613 Tum
1360 587 1433 613 clare
1452 585 1583 613 Domitius
1601 585 1634 612 de
1647 585 1729 613 caalo.

945 635 1060 662 terribili
1084 634 1130 662 sed
1143 633 1223 669 395
1238 641 1301 668 erga
1316 633 1441 660 homines
1451 633 1567 667 benigna
1583 640 1649 660 voce
1673 632 1729 659 cla-

945 680 1030 707 mabit
1049 687 1056 706 :
1080 688 1089 704 ‹
1115 678 1222 711 Venite,
1246 678 1381 706 benedicti
1397 677 1485 705 Patris
1502 678 1554 705 mei
1571 685 1577 702 ι
1594 677 1730 712 possidete

945 728 1069 759 paratum
1089 724 1168 751 vobis
1183 731 1297 758 regnum
1313 730 1328 749 a
1343 723 1536 750 constitutione
1558 723 1650 749 mundi
1667 722 1700 749 “.
1717 731 1727 747 ι

948 770 1000 805 Ipsi
1030 769 1115 804 gloria
1137 773 1164 797 et
1194 769 1351 803 imperium,
1378 768 1406 794 in
1433 768 1531 795 sazcula
1555 767 1728 795 swculorum.

946 817 1042 843 Amen.

104 861 260 896 καταϐολῆς
277 861 390 897 κόσμου.
407 870 417 887 ι
433 860 512 896 Αὐτῷ
525 862 543 897 ἡ
557 861 619 894 δόξα
634 861 700 898 (75),
714 862 761 888 καὶ
774 862 804 888 τὺ
822 861 920 897 κράτος
933 862 973 893 είς
987 861 1050 892 τοὺς
1065 859 1166 891 αἰῶνας
1180 860 1235 887 τῶν
1251 859 1366 886 αἰώνων.
1390 859 1486 895 Ἀμήν.

145 982 168 997 ¹¹
188 981 284 1009 Matth.
303 989 366 1014 xxv,
385 981 430 1009 54.

141 1058 196 1092 (75)
217 1058 336 1085 Colbert.
351 1058 390 1085 sic
403 1068 409 1085 :
423 1055 456 1093 ἧς
471 1058 574 1092 γένοιτο
593 1058 695 1089 πάντας
711 1057 784 1092 ἡμᾶς
795 1058 891 1093 ,ἐπιτυ-

103 1095 164 1129 χείν
182 1093 339 1129 χάριτιῌκαὶ
358 1092 546 1129 φιλανθρωπίᾳ
561 1093 608 1129 τοῦ
625 1093 727 1129 Κυρίου
741 1092 820 1128 ἡμῶν
841 1093 892 1129 Ἰητ

106 1126 155 1157 ἆοῦ
176 1126 306 1163 Χριστοῦ,
322 1128 354 1154 δι’
365 1126 404 1155 ὀὗ
426 1126 473 1155 καὶ
489 1126 547 1164 μεθ’
566 1126 597 1155 οὗ
613 1128 651 1163 τῷ
665 1126 724 1162 Θεῷ
739 1126 786 1154 καὶ
804 1126 891 1163 Πατρὶ

948 1056 1079 1094 apert-eti;
1093 1056 1219 1094 Bééaiaiiv
1238 1057 1277 1092 τῷ
1294 1058 1419 1093 παναγίῳ
1430 1059 1475 1085 καὶ
1492 1058 1585 1094 ἀγαθῷ
1599 1059 1645 1085 καὶ
1666 1059 1732 1092 ζωο-

945 1092 1015 1126 ποιῷ
1037 1092 1118 1118 αὑτοῦ
1152 1092 1289 1127 Πνεύματι
1319 1093 1366 1120 νῦν
1389 1094 1434 1120 καὶ
1453 1094 1496 1120 άεὶ
1521 1092 1576 1121 καί
1599 1095 1639 1126 εἰς
1670 1094 1731 1125 τοὺς

945 1127 1047 1159 αἰῶνας
1061 1127 1116 1153 τῶν
1133 1127 1248 1155 αἰώνων.
1272 1128 1365 1164 Ἀμην.

651 1263 719 1290 ΤΟΥ
736 1263 782 1290 ΕΝ
800 1263 910 1290 ΔΓΙΟΙΣ
929 1263 1064 1289 ΠΑΤΡυΣ
1083 1263 1182 1291 ΗΜΩΝ

756 1334 1075 1381 ΑΘΑΝΑΣΙΟΥ

140 1420 200 1447 ΕΙΣ
223 1421 264 1446 T0
275 1420 394 1447 APION
412 1420 536 1447 ΠΑΣΧΑ
558 1421 621 1448 ΚΑΙ
639 1419 702 1447 ΕΙΣ
724 1421 811 1448 ΤΟΥΣ
828 1421 1104 1483 ΝξὲῗὲΞΙΣΤΟΥΣ
1121 1422 1164 1457 Τῼ
1180 1422 1348 1457 ΣΑΒΒΔΤῼ
1373 1423 1443 1449 ΤΗΣ
1463 1422 1705 1450 ΑΠΟΛΥΣῙΜΟΥ

612 1577 658 1621 S.
700 1577 752 1620 P.
793 1577 852 1621 N.
891 1578 1217 1623 ATHANASII

108 1660 154 1689 IN
186 1659 362 1689 SANCTUH
380 1660 523 1689 PASCHA
543 1660 590 1688 ET
618 1660 663 1689 ΙΝ
689 1659 895 1724 RECEAIVI’jug

947 1660 1139 1725 ἓῗὲἵὲτθε,
1160 1662 1230 1691 SEU
1249 1662 1482 1691 BAPTIZATOS
1501 1662 1668 1691 SABBATO
1686 1663 1731 1691 IN

891 1716 899 1730 ,
925 1716 1018 1725 ..μ-..ιιι-
1027 1716 1058 1725 ν.

146 1810 172 1836 Ι.
191 1809 308 1844 Χριστὸς
330 1808 453 1844 ἐγερθεὶς
470 1809 503 1836 ὲκ
525 1809 628 1845 νεκρῶν
645 1808 708 1844 ὅλην
725 1809 780 1836 τῶν
793 1810 895 1846 ἀνθρώ-

981 1811 1007 1838 1.
1022 1811 1149 1838 Christus
1160 1817 1307 1845 resurgens
1321 1817 1354 1836 ex
1363 1809 1487 1841 mortuis,
1497 1813 1579 1836 totam
1592 1809 1732 1838 hominum

108 1864 170 1882 πων
182 1855 230 1890 τὴν
248 1854 320 1890 ζωὴν
335 1854 430 1890 ἑορτὴν
445 1854 630 1890 ἀπειργάσατο
642 1855 715 1890 μίαν.
729 1854 788 1881 Τῶν
799 1855 852 1891 γὰρ
868 1857 896 1882 ὲν

107 1903 144 1937 τῇ
159 1903 195 1936 γῇ
214 1901 245 1927 τὸ
264 1901 412 1936 πολίτευμα
431 1901 500 1936 πρὸς
514 1901 626 1936 οὐρανὸν
650 1902 833 1938 μεταστήσας,
849 1902 898 1934 τὰς

107 1947 156 1973 τοῦ
177 1946 370 1982 πανηγυρίζειν
386 1946 513 1981 ἀφορμὰς
534 1947 698 1983 ἐδωρήσατο.
716 1948 771 1974 Καὶ
794 1948 897 1984 μάρτυς

106 1991 164 2018 τῶν
186 1992 337 2027 εἰρημένων
357 1993 371 2018 ὀ
388 1991 502 2024 Παῦλος,
523 1994 538 2019 ὁ
561 1993 614 2019 τῶν
630 1993 748 2029 Χριστοῦ
769 1993 897 2028 ῥημάτων

107 2038 223 2073 ὄργανον
247 2038 296 2073 τὴν
323 2037 448 2071 γλῶσσαν
473 2037 650 2073 κτησάμενος.
683 2047 692 2064 ι
725 2038 817 2073 Ἡμῶν
844 2039 898 2074 γὰρ

108 2085 193 2120 φησὶ,
211 2084 241 2111 τὸ
255 2084 404 2119 πολίτευμα
424 2085 453 2111 ὲν
473 2085 597 2119 οὐρανοῖς
617 2084 742 2120 ὑπάρχει,
759 2085 788 2118 ἐξ
808 2081 838 2111 οὗ
852 2086 898 2112 καὶ

107 2131 224 2166 Σωτῆρα
235 2131 439 2166 ἀπεκδεχόμεθα
450 2130 615 2166 (76)Κύριον
630 2131 733 2165 Ἰησοῦν
745 2131 871 2166 Χριστόν.
885 2140 894 2156 ι

107 2177 158 2208 Τίς
174 2176 228 2212 γάρ
248 2177 464 2212 ἀπεκδεχόμενος
484 2177 544 2207 ταῖς
567 2176 671 2202 ἐλπίσιν
692 2176 741 2211 οὐχ
758 2176 897 2211 ἑορτάζεις

108 2222 168 2254 Τίς,
184 2222 233 2258 τὴν
252 2222 298 2248 τοῦ
321 2223 446 2258 Σωτῆρος
465 2222 610 2258 ἐπιδημίαν
625 2221 746 2257 λογισμῷ
769 2222 899 2256 φανταζό-

110 2276 201 2303 μενος,
216 2268 246 2294 οὺ
263 2268 448 2303 προλαμϐάνει
471 2268 572 2304 χαίρων
593 2267 646 2294 τῶν
662 2268 834 2303 πραγμάτων
848 2268 898 2304 τὴν

109 2315 227 2348 πεῖραν;
243 2313 290 2344 Τίς
309 2313 347 2344 δὲ,
369 2313 501 2347 βασιλέως
523 2312 619 2348 θνητοῦ
634 2312 746 2340 κάθοδον
767 2314 898 2349 ἐσομένην

62 2387 65 2390 _
109 2358 226 2390 dtxo-Jwv,
240 2359 289 2384 οὐκ
301 2359 442 2385 ἀνίσταται
459 2359 508 2394 μὲν
519 2358 568 2394 τὴν
579 2358 708 2391 διάνοιαν,
725 2359 899 2394 εὐφραίνεται

109 2405 138 2431 δὲ
148 2404 198 2440 τὴν
211 2404 309 2440 ψυχὴν,
324 2404 480 2440 προτρέχων
493 2404 532 2439 τῷ
544 2403 618 2439 πόθῳ
637 2405 687 2439 τῆς
704 2404 767 2436 θέσις
782 2404 827 2431 τὸν
837 2405 899 2440 χρό-

109 2459 172 2483 νον;
189 2450 254 2477 Τὸτε
267 2450 456 2485 συγκινοῦνται
472 2449 622 2485 μὲνδῆμοι,
641 2448 772 2484 σκιρτῶσι
790 2449 819 2475 δὲ
835 2451 897 2475 παῖ-

110 2497 166 2528 δες,
190 2497 330 2533 χορεύουσι
346 2497 436 2533 κόραι,
453 2496 603 2532 πρεσϐῦται
624 2496 654 2522 τὸ
670 2496 757 2531 γῆρας
781 2496 900 2531 ἀναιρεῖ-

113 2542 176 2569 σθαι
193 2542 338 2577 βιάζονται,
355 2544 415 2574 ταῖς
429 2542 534 2570 ἐλπίσιν
552 2541 734 2578 ἀκμάζοντες·
748 2543 795 2569 καὶ
816 2544 900 2578 χωρεῖ

111 2587 156 2614 διὰ
166 2588 273 2616 πάντων
289 2589 305 2624 ἡ
318 2589 367 2624 τῆς
381 2588 522 2624 βασιλικῆς
533 2589 683 2625 παρουσίας
692 2590 854 2625 πανήγυρις.
866 2587 898 2616 Τί

111 2631 158 2660 οὖν
166 2634 198 2661 ἂν
204 2635 275 2662 είποι
282 2643 335 2667 τις,
345 2636 560 2671 παραγινομένου
569 2635 687 2671 Χριστοῦ
696 2635 825 2670 βασιλέως
834 2635 900 2663 ἀθα-

112 2680 206 2712 νάτου,
222 2680 271 2716 οὐχ
285 2680 328 2707 ῑνα
340 2680 430 2713 πόλεις
442 2681 584 2717 φαιδρύνῃ,
597 2681 644 2708 καὶ
661 2682 781 2718 πύργους
794 2681 899 2718 ἐγείρῃ,

149 2758 171 2774 ’³
191 2757 308 2793 Philipp.
326 2766 355 2786 ιιι
366 2779 375 2792 ,
392 2758 438 2787 20.

150 2837 206 2874 ('15)
226 2837 266 2865 Ita
280 2846 347 2866 mss.
363 2838 435 2866 Editi
449 2845 525 2871 vero,
541 2837 701 2873 ἑκδεχόμεθς

947 1857 1030 1884 vitam
1047 1856 1145 1884 festum
1161 1855 1249 1884 ell‘ccit
1260 1864 1354 1883 unum.
1365 1854 1507 1883 Translata
1517 1855 1617 1890 quippe
1630 1856 1658 1882 in
1676 1863 1733 1883 cae-

948 1903 1014 1935 lum,
1028 1899 1167 1930 hominum
1185 1902 1213 1929 in
1229 1902 1309 1929 terris
1334 1901 1489 1939 degentium
1515 1903 1732 1935 conversatione,

948 1948 1079 1976 festorum
1103 1948 1208 1975 dierum
1233 1947 1392 1974 occasiones
1421 1947 1505 1974 dedit.
1527 1946 1628 1974 llorum
1656 1948 1734 1975 testis

948 1994 1060 2027 Paulus,
1088 1994 1168 2029 cujus
1189 1994 1281 2028 lingua
1303 1993 1405 2020 Christi
1432 1993 1577 2020 verborum
1601 2001 1734 2028 organum

948 2040 1010 2067 fuit.
1029 2050 1038 2066 ι
1054 2039 1151 2067 Nostra
1167 2041 1250 2072 enim,
1270 2049 1279 2066 ›
1299 2039 1398 2074 inquit,
1412 2049 1421 2065 ι
1440 2040 1611 2066 conversatio
1627 2040 1654 2066 in
1679 2046 1735 2066 c03-

948 2087 982 2114 lis
994 2090 1045 2120 est,
1062 2087 1133 2114 unde
1149 2086 1230 2113 etiam
1249 2085 1416 2112 Salvatorem
1432 2088 1622 2119 exspectamus
1640 2084 1734 2112 Domi-

948 2138 1014 2157 num
1030 2134 1153 2158 nostrqu
1171 2129 1264 2157 Jcsum
1281 2130 1421 2158 Christum
1431 2129 1463 2155 ".
1478 2139 1486 2155 ι
1498 2129 1564 2162 Quis
1584 2129 1655 2155 enim
1669 2129 1733 2156 dum

948 2179 1102 2211 exspectat,
1119 2183 1174 2202 non
1197 2183 1244 2209 spe
1260 2174 1359 2202 festum
1376 2174 1511 2202 celebrat?
1525 2174 1592 2207 Quis
1610 2174 1734 2202 Salvato-

949 2223 988 2250 ris
1017 2222 1163 2249 adventum
1189 2222 1279 2248 animo
1295 2222 1428 2256 cogitans,
1449 2229 1502 2248 non
1528 2222 1616 2256 ipsum
1640 2229 1732 2248 rerum

948 2268 1163 2303 experimentum
1173 2275 1234 2294 cum
1248 2268 1346 2302 gaudio
1358 2268 1521 2295 antevertit?
1531 2268 1598 2301 Quis
1611 2268 1732 2295 futurum

949 2315 1063 2341 audiens
1078 2314 1202 2341 mortalis
1218 2314 1289 2348 regis
1305 2313 1477 2346 descensum,
1491 2321 1545 2341 non
1568 2321 1628 2341 sese
1643 2319 1735 2341 mente

948 2361 1038 2396 erigit,
1056 2361 1201 2395 animoque
1227 2361 1354 2393 lzctatur,
1379 2365 1507 2396 aspectus
1527 2361 1600 2388 illius
1627 2365 1733 2394 tempus

949 2413 1043 2432 amore
1068 2406 1265 2432 antevertens?
1294 2405 1362 2433 Tum
1392 2412 1597 2433 commoventur
1624 2406 1732 2440 populi,

949 2451 1188 2486 exsultantpueri,
1205 2451 1320 2480 choreas
1345 2455 1428 2488 agunt
1443 2452 1575 2487 virgines,
1597 2460 1675 2479 senes
1690 2459 1734 2478 se-

953 2501 1090 2526 nectutem
1104 2498 1136 2525 de
1151 2498 1241 2526 medio
1257 2499 1351 2526 tollere
1367 2499 1548 2530 contendunt,
1563 2497 1596 2525 ad
1606 2498 1734 2533 juventu-

953 2545 989 2572 tis
1005 2545 1099 2572 ﬂorem
1116 2553 1164 2580 spe
1180 2544 1305 2572 reducti:
1324 2545 1445 2580 regiique
1467 2544 1600 2571 adventus
1619 2542 1733 2570 celebri-

952 2594 994 2618 tas
1005 2591 1096 2618 omnia
1111 2591 1245 2625 pervadit.
1264 2590 1335 2624 Quid
1352 2598 1416 2626 ergo
1429 2590 1490 2625 quis
1502 2589 1611 2621 dixerit,
1623 2588 1733 2617 Christo

951 2636 1100 2664 immortali
1121 2644 1184 2672 rege
1205 2637 1376 2670 adveniente,
1394 2644 1448 2663 non
1468 2640 1497 2663 ut
1513 2635 1595 2663 urbes
1608 2637 1733 2666 exornet,

952 2686 979 2709 et
997 2686 1089 2719 turres
1104 2681 1203 2717 erigat,
1218 2689 1307 2718 neque
1320 2685 1350 2708 ut
1371 2681 1440 2709 dona
1466 2680 1576 2712 tribuat,
1589 2687 1649 2715 qua:
1663 2683 1732 2707 tem-
