1940 3067
209 111 278 138 1085

210 169 284 202 poris
291 169 357 196 vitio
366 172 518 196 atterantur
528 177 534 201 ;
543 169 590 197 sed
601 173 630 196 ut
640 169 776 197 hominem
790 169 993 197 immortalitate
1008 173 1028 199 Α

210 214 316 246 induat,
332 218 358 242 et
387 206 466 250 quem
491 223 565 242 mors
590 215 743 250 depmdata
766 219 826 249 est,
846 216 875 242 in
894 222 992 243 securo

210 260 280 294 loco,
302 261 328 288 in
341 261 410 288 coelo
426 262 532 291 scilicet
543 262 713 290 constituat?

245 348 272 374 2.
291 348 375 375 Hodie
398 348 495 376 iterum
525 349 650 377 Christus
675 354 737 384 post
765 350 994 378 resurrectionem

211 394 287 420 visus
310 398 352 420 est
369 395 521 428 discipulis,
538 403 570 422 ac
596 395 716 422 secunda
745 396 790 422 illa
814 397 994 430 apparitione,

211 439 357 466 ﬁrmiorem
374 439 462 466 eti'ecit
474 441 682 468 resurrectionis
699 441 789 468 ﬁdem.
806 441 889 468 Visus
904 446 994 468 autem

211 487 253 510 est
278 483 369 518 januis
385 485 504 517 clausis;
521 493 582 512 itam
601 486 647 520 qui
663 486 766 520 absque
781 494 860 513 muro
881 494 942 513 esse
957 486 996 513 in-

213 528 318 556 fernum
336 529 503 561 ostenderat,
521 530 612 564 januis
631 531 664 557 ad
691 532 845 566 ingressum
861 540 915 559 non
931 540 995 566 ege-

214 574 269 601 bat.
287 573 463 610 Ubinamque
474 576 551 610 jubet
563 575 644 607 Deus.
655 577 691 603 ibi
703 578 909 605 consuetudinis
924 577 996 612 leges

215 625 333 647 ceSsant.
360 620 447 655 Supra
464 629 537 649 mare
556 622 632 656 prius
655 623 853 655 ambulaverat,
868 630 900 649 ac
919 623 997 657 liqui-

214 666 278 692 dum
307 666 469 693 elementum
501 667 593 694 carnis
619 668 734 702 pedibus
760 669 996 699 substerncbatur.

215 712 368 746 pedumque
383 713 521 746 gressibus
537 712 634 740 ﬂuctus
655 714 825 746 metiebatur.
842 715 951 749 pelagus
963 715 996 742 ad

215 765 295 783 usum
307 758 366 791 ejus
380 758 430 784 soli
452 758 539 785 instar
558 763 704 786 concretus
723 765 774 786 est.
792 759 903 786 Intravit
917 759 996 788 Jesus

216 802 306 837 januis
323 803 435 830 clausis.
458 803 570 832 Etiamsi
582 812 643 831 cum
657 807 820 833 resurrectio
837 805 898 838 fuit,
911 807 996 840 sepul-

217 848 256 874 cri
274 847 343 882 lapis
359 849 497 876 revolutus
510 854 562 884 est,
583 857 615 877 ac
627 852 793 878 monumenti
806 851 889 886 janua
903 857 996 886 aperta
1014 839 1036 866 Β

217 893 280 921 fuit.
297 894 350 920 Sed
364 894 417 921 illic
437 896 546 929 quidem
562 895 730 924 declaratum
746 900 798 927 est,
813 896 886 931 quod
899 898 999 935 visibili

218 939 344 973 sepulcro
355 939 464 972 accidit,
483 941 598 976 idipsum
621 941 728 968 inferno
744 941 919 970 invisibiliter
933 950 1000 970 con-

218 984 337 1019 tigisse:
356 989 437 1020 atque
463 990 558 1020 aperto
585 990 778 1020 monumento,
799 993 914 1015 mortem
940 996 1002 1016 esse

219 1029 305 1071 multo
331 1031 416 1065 magis
439 1031 532 1065 januis
553 1037 691 1071 expertem
715 1033 914 1068 deprehensum
938 1033 1000 1064 fuit.

219 1069 423 1110 Oportuitenim
439 1085 490 1104 una
503 1085 564 1103 cum
578 1069 684 1105 inferno
692 1078 824 1105 denudari
835 1079 1000 1114 sepulcrum,

219 1126 247 1149 et
261 1130 323 1149 cum
340 1123 504 1154 visibilibus.
527 1123 741 1159 inaspectabilia,
758 1125 874 1152 traduci.
891 1124 940 1152 Hic
954 1133 1002 1152 au-

220 1171 274 1193 tem
299 1167 400 1194 clausis
426 1168 510 1194 intrat
529 1168 639 1202 januis;
659 1174 689 1196 ut
710 1170 756 1204 qui
787 1170 859 1197 circa
881 1178 1004 1198 resurre—

220 1212 340 1238 ctionem
356 1212 489 1239 increduli
501 1218 603 1245 essent,
618 1214 650 1240 ad
667 1214 817 1249 ingressum
827 1215 1002 1249 obstupesce-

222 1262 292 1288 rent.
305 1265 336 1284 ac
349 1259 481 1286 miraculo
496 1259 527 1286 ad
550 1259 709 1286 miraculum
726 1261 799 1288 velut
815 1269 895 1288 manu
920 1261 1003 1289 duce—

222 1307 327 1331 rentur.
352 1303 420 1331 Cum
436 1313 500 1339 ergo
512 1305 639 1333 Christus
657 1307 863 1339 resurrexisset,
880 1307 1004 1335 mulieri-

222 1349 274 1375 bus
291 1353 435 1384 antequam
452 1349 595 1385 discipulis
611 1356 731 1386 apparet.
747 1353 787 1380 Ac
798 1353 925 1380 mulieres
941 1361 1005 1387 apo-

223 1391 300 1419 stolis
333 1392 515 1426 pracdicarunt
537 1392 638 1420 Christi
670 1394 906 1426 resurrectionem.
925 1399 1005 1429 atque

222 1436 290 1463 illud
312 1436 373 1471 jure
397 1437 504 1465 merito.
530 1437 567 1464 lta
579 1438 650 1464 enim
667 1438 770 1465 illatum
786 1446 801 1465 a
813 1439 921 1467 diabolo
941 1439 1004 1467 Evae

223 1481 352 1509 damnum
367 1482 393 1508 in
409 1483 497 1517 ipsum
511 1483 623 1510 cedebat
632 1483 780 1510 diabolum.
796 1483 871 1511 Unde
883 1492 1001 1520 namque

226 1526 360 1560 processit
376 1527 498 1559 morbus,
520 1527 584 1554 hinc
597 1527 701 1554 medela
725 1529 906 1564 progreditur.
924 1530 1006 1566 396

226 1571 302 1600 Unde
321 1580 382 1600 orsa
394 1581 467 1601 mors
482 1578 534 1605 est,
549 1574 612 1601 inde
623 1579 733 1609 apparet
749 1576 924 1603 resurrectio.
942 1577 1007 1603 Mu-

226 1618 276 1644 lier
290 1625 406 1652 namque
419 1619 645 1658 transgressionis
658 1624 699 1646 cst
714 1627 806 1651 causa,
823 1628 854 1648 ac
864 1628 951 1655 praeco
963 1629 1007 1648 re-

227 1663 424 1696 surrectionis;
450 1671 510 1698 quae
537 1664 655 1698 primum
677 1664 810 1692 Adamum
836 1665 870 1692 ad
901 1666 1006 1700 lapsum

228 1708 351 1740 induxit,
377 1709 525 1736 secundum
552 1708 685 1736 Adamum
714 1710 898 1738 rcsurrexisse
926 1715 1009 1738 testa-

228 1757 283 1780 tur.

263 1798 290 1824 5.
309 1797 391 1824 Visus
404 1803 446 1825 est
460 1798 550 1833 itaque
570 1798 696 1826 Christus
712 1800 841 1834 apostolis
853 1801 1009 1831 infzedicula

229 1842 357 1875 occultis,
373 1848 454 1877 atque
477 1844 616 1878 ingressus
639 1849 682 1872 est
697 1845 789 1879 januis
810 1847 921 1874 clausis.
938 1847 1010 1875 Tho-

229 1896 289 1915 mas
303 1896 367 1915 vero
381 1889 428 1924 qui
452 1896 571 1925 praesens
597 1897 651 1916 non
681 1890 780 1923 fuerat,
805 1891 961 1920 incredulus
984 1897 1010 1921 et

230 1939 405 1970 conspectum
415 1934 583 1966 desiderans,
591 1935 711 1962 auditum
721 1944 774 1963 non
787 1936 953 1970 admittebat,
964 1946 1011 1966 au-

231 1988 275 2008 res
301 1981 455 2012 clandchat,
479 1981 591 2015 cupiens
607 1981 713 2015 aperire
734 1983 828 2010 oculos
845 1992 852 2010 :
869 1983 1010 2011 desiderio

231 2028 398 2059 vulneratus.
415 2035 476 2054 cum
495 2035 559 2054 voce
577 2027 722 2054 feriretur:
740 2037 750 2053 ι
766 2027 823 2055 Nisi
846 2029 952 2056 mittam
970 2029 1012 2056 di~

233 2074 317 2107 gilum
333 2081 423 2100 meutn
447 2073 473 2100 in
491 2072 604 2101 ﬁxuram
627 2072 776 2105 clavorum,
792 2077 818 2100 et
835 2075 938 2100 mittam
956 2083 1013 2102 ma-

233 2125 298 2145 num
310 2125 396 2145 meam
413 2118 440 2144 in
453 2118 523 2146 latus
538 2118 607 2154 ejus,
626 2126 679 2145 non
693 2118 802 2145 credam
814 2118 845 2146 “.
866 2129 876 2144 ι
900 2119 1014 2146 lnsatia»

755 111 784 138 S.
806 110 1038 138 ATHANASIUS.

1057 126 1093 132 —
1112 110 1246 138 SPURIA.
1765 107 1850 136 1084

1044 169 1103 194 οὐδὲ
1129 169 1172 195 ἵνα
1196 167 1300 204 δωρεὰς
1320 167 1459 203 παράσχῃ,
1481 166 1650 202 πατουμένας
1668 165 1707 200 τῷ
1726 166 1846 201 χρόνῳ·

1043 214 1100 242 ἀλλ’
1117 215 1160 240 ἵνα
1175 214 1220 240 τὸν
1239 213 1380 248 ἄνθρωπον
1397 213 1453 248 ('17)
1475 211 1622 240 ἀθανασίαν
1638 211 1733 245 ἐνδύσῃ
1750 210 1847 245 (ΤΡ),

1043 260 1090 286 καὶ
1114 259 1225 294 θανάτῳ,
1244 259 1437 295 λῃστευόμενον
1456 259 1485 284 ὲν
1501 257 1591 293 ἀσύλῳ
1606 257 1697 292 χωρίῳ
1715 255 1847 291 οὐρανοῦ

1044 306 1184 340 κατοικίσῃ
1196 315 1202 337 ;

1081 351 1106 377 2.
1126 351 1250 386 Σήμερον
1265 350 1341 386 ὤφθη
1358 350 1473 386 Χριστὸς
1488 351 1544 381 τοῖς
1560 348 1693 385 μαθηταῖς
1711 346 1848 378 ἀναστὰς

1045 396 1077 422 ἐκ
1093 396 1208 432 νεκρῶν,
1232 397 1279 423 καὶ
1298 396 1378 423 πάλιν
1391 395 1504 431 δευτέρᾳ
1517 395 1575 431 θέᾳ,
1600 393 1774 430 βεϐαιοτέραν
1788 393 1847 427 τῆς

1046 442 1220 473 ἀναστάσεως
1234 443 1282 476 τὴν
1298 442 1388 468 πίστιν
1408 441 1589 476 ἐργαζόμενος
1602 439 1668 474 (78).
1690 438 1782 473 Ὠφθη
1798 438 1844 469 δὲ,

1045 488 1099 514 τῶν
1112 488 1201 523 θυρῶν
1216 487 1427 522 κεκλεισμένων·
1441 488 1454 512 ὁ
1467 486 1520 522 γάρ
1532 485 1577 512 τὸν
1587 485 1652 520 ᾅδην
1663 484 1751 517 δείξας
1764 484 1846 510 ἀτεί-

1047 542 1138 568 χιστον
1152 534 1201 559 οὐκ
1215 534 1302 559 ἐδέετο
1315 533 1403 569 θυρῶν
1418 533 1484 568 πρὸς
1496 532 1546 567 τὴν
1560 530 1669 557 εἴσοδον.
1682 531 1769 556 Ὅπου
1782 529 1844 565 γὰρ

1048 579 1210 614 προστάττει
1232 579 1308 610 θεὸς,
1326 579 1376 613 τῆς
1395 577 1536 612 συνηθείας
1557 575 1684 610 ἀργοῦσιν
1698 575 1722 601 οἱ
1743 575 1842 609 νόμοι.

1053 625 1115 651 Ἐπὶ
1132 625 1181 659 τῆς
1200 624 1335 658 θαλάσσης
1358 623 1463 655 ἐϐάδιζε
1478 622 1618 658 πρότερον·
1633 621 1680 647 καὶ
1696 621 1713 655 ἡ
1736 620 1844 655 ῥέουσα

1049 669 1129 704 φύσις
1144 671 1200 700 τοῖς
1213 671 1262 704 τῆς
1280 668 1380 704 σαρκὸς
1395 668 1472 694 ποσὶν
1491 665 1705 701 ὑπεπρώννυτο,
1722 664 1771 690 καὶ

1049 724 1114 750 μασι
1135 715 1189 750 (79)
1203 714 1291 740 ποδῶν
1310 715 1449 749 ὲμετρεῖτο
1469 712 1504 738 τά
1516 712 1634 747 κύματα,
1648 711 1694 737 καί
1710 710 1740 736 τὸ
1751 709 1845 736 πέλα-

1047 768 1094 792 γος
1109 759 1175 794 πρὸς
1190 759 1238 794 τὴν
1254 758 1346 793 χρείαν
1358 759 1398 789 είς
1412 757 1507 791 ἔδαφος
1523 756 1716 791 μετεπήγνυτο.
1736 755 1844 790 Εἰσῆλ-

1051 804 1095 830 θεν
1111 805 1125 830 ὁ
1147 803 1259 840 Ἰησοῦς,
1275 803 1471 838 κεκλεισμένων
1482 802 1535 828 τῶν
1550 801 1648 838 θυρῶν.
1663 801 1771 833 Καίτοι,
1788 801 1843 835 τῆς

1051 849 1223 880 ἀναστάσεως
1247 848 1400 883 γινομένης,
1423 849 1438 874 ὁ
1452 846 1498 873 τοῦ
1522 846 1607 880 τάφου
1629 845 1772 872 κεκύλιστο
1796 845 1843 871 λί-

1049 895 1094 926 θος
1110 894 1176 930 (80),
1189 894 1260 928 καὶὴ
1273 893 1319 919 τοῦ
1334 893 1473 928 μνήματος
1486 891 1656 927 ἀνεστόμωτο
1668 891 1746 926 θύρα.
1765 891 1842 916 Ἀλλ’

1049 941 1108 966 ἐκεῖ
1122 939 1170 974 μὲν
1189 939 1305 974 ἐδείχθη,
1321 939 1361 965 ὅτι
1378 939 1449 974 άπερ
1469 937 1586 972 ἔπασχεν
1605 938 1618 964 ὸ
1633 937 1716 971 τάφος
1731 936 1844 972 όριὲιμε-

1049 992 1103 1016 νος,
1121 983 1206 1012 ταῦτα
1222 984 1236 1008 ὁ
1255 983 1320 1021 ἀδης
1339 983 1460 1018 ἀοράτως
1477 983 1610 1018 ύπέμενε’
1627 983 1673 1008 καὶ
1695 982 1844 1017 ἀνοιγομέ-

1050 1038 1095 1056 νου
1111 1029 1156 1055 τοῦ
1181 1030 1330 1064 μνήματος,
1352 1027 1490 1064 ἀθύρωτος
1510 1027 1591 1054 πλέον
1610 1027 1664 1062 (81)
1686 1027 1700 1053 ὁ
1723 1027 1844 1058 θάνατος

1051 1076 1233 1111 ἀπηλέγχετοο
1249 1076 1302 1102 ἔδει
1316 1076 1370 1110 γὰρ
1387 1073 1656 1110 συναπογυμνοῦσθαι
1676 1073 1715 1109 τῷ
1730 1073 1784 1110 ᾄδῃ
1794 1073 1843 1100 τὸν

1051 1121 1145 1155 τάφον,
1163 1121 1209 1148 καὶ
1221 1122 1277 1153 τοῖς
1291 1121 1437 1156 ὁρωμένοις
1451 1120 1485 1147 τὰ
1500 1121 1536 1156 μὴ
1549 1120 1695 1155 φαινόμενα
1707 1119 1763 1155 (82)
1779 1127 1843 1155 στη-

1051 1166 1212 1192 λιτεύεσθαν
1224 1165 1338 1192 ἐνταῦθα
1347 1166 1374 1192 δὲ
1380 1166 1432 1192 τῶν
1443 1164 1532 1200 θυρῶν
1545 1164 1743 1200 κεκλεισμένων
1753 1163 1844 1198 είσέρ-

1052 1220 1142 1246 χεται·
1157 1211 1200 1238 ’ίνα
1217 1211 1311 1247 οἱπερὶ
1325 1211 1373 1246 τὴν
1382 1211 1527 1238 ἀνάστασιν
1540 1209 1715 1240 ἀπιστοῦντες
1735 1209 1843 1235 ἐκπλα-

1053 1257 1122 1292 γῶσι
1129 1257 1177 1292 τὴν
1185 1257 1295 1289 εἴσοδον,
1305 1258 1351 1284 καὶ
1356 1256 1580 1292 χειραγωγηθῶσι
1588 1256 1654 1292 πρὸς
1661 1256 1692 1282 τὸ
1700 1255 1793 1290 θαῦμα
1802 1254 1844 1289 τῷ

1054 1303 1181 1338 θαύματι.
1200 1303 1329 1334 Ἀναστὰς
1349 1300 1394 1329 οὖν
1407 1304 1420 1329 ὑ
1439 1302 1554 1337 Χριστὸς
1571 1301 1623 1337 πρὸ
1637 1301 1691 1327 τῶν
1711 1300 1842 1336 μαθητῶν

1054 1351 1113 1380 ταῖς
1130 1349 1251 1383 γυναιξὶν
1263 1348 1438 1384 ἐμφανίζεται
1453 1347 1523 1383 (85)·
1537 1348 1585 1374 καὶ
1599 1348 1627 1374 αί.
1642 1348 1769 1382 γυναῖκες
1786 1347 1843 1377 τοῖς

1055 1395 1211 1426 ἀποστόλοις
1224 1393 1426 1429 εὐηγγελίζοντο
1437 1393 1483 1420 τοῦ
1496 1393 1614 1429 Χριστοῦ
1625 1393 1673 1428 τὴν
1682 1393 1841 1422 ἀνάστασιν,

1056 1441 1101 1467 καὶ
1114 1440 1192 1467 τοῦτο
1206 1440 1326 1472 εἰκότως.
1340 1440 1417 1466 Οὕτω
1429 1440 1482 1475 γὰρ
1493 1441 1542 1475 τῆς
1555 1439 1626 1470 Εὓας
1639 1440 1654 1474 ἠ
1672 1439 1785 1475 ὲπήρεια
1801 1438 1841 1473 τῷ

1056 1484 1170 1519 διαϐόλῳ
1195 1484 1399 1520 περιετρέπετο.
1419 1483 1498 1509 Ὅθεν
1516 1482 1570 1517 γάρ
1589 1482 1703 1508 ὢδευσεν
1717 1483 1733 1516 ἡ
1753 1482 1840 1512 νόσος,

1056 1529 1158 1556 ἐκεῖθεν
1170 1531 1187 1565 ἡ
1202 1529 1333 1566 θεραπεία
1347 1528 1455 1563 ἔρχεται
1470 1527 1534 1562 (84).
1549 1527 1629 1554 Ὅθεν
1640 1528 1653 1553 ὁ
1668 1527 1782 1558 Θάνατος
1792 1527 1842 1562 ἡρ-

1057 1575 1129 1607 ξατο,
1148 1568 1250 1601 ἐκεῖθεν
1267 1576 1283 1610 ἡ
1309 1575 1454 1604 ἀνάστασις
1476 1573 1609 1612 φαίνεται.
1629 1573 1705 1611 Γυνὴ
1716 1573 1770 1608 γὰρ
1790 1572 1842 1607 τῆς

1057 1621 1237 1657 παραϐάσεως
1261 1621 1345 1653 αἰτία,
1370 1622 1415 1647 καὶ
1433 1621 1485 1656 τῆς
1508 1620 1680 1650 ἀναστάσεως
1699 1617 1801 1654 κήρυξ”
1823 1620 1840 1654 ἡ

1056 1666 1100 1693 τὸν
1122 1665 1226 1701 πρῶτον
1245 1665 1329 1700 Ἀδὰμ
1358 1665 1425 1701 πρὸς
1435 1665 1483 1701 τὴν
1495 1665 1598 1692 πτῶσιν
1606 1664 1840 1700 χειραγωγὴσασα,

1057 1713 1103 1738 τὸν
1117 1711 1240 1748 δεύτερον
1260 1711 1345 1746 Ἀδὰμ
1355 1711 1506 1738 ἀναστάντα
1527 1710 1700 1746 μαρτύρεται.

1093 1797 1118 1825 3.
1139 1796 1224 1832 Ὠφοιη
1239 1796 1327 1823 τοίνυν
1343 1795 1398 1831 (85)
1415 1796 1460 1823 καὶ
1482 1797 1537 1828 τοῖς
1552 1795 1709 1826 ἀποστόλοις
1727 1794 1840 1829 Χριστὸς

1059 1843 1094 1874 ὲκ
1101 1842 1167 1877 οἴκῳ
1181 1841 1390 1877 κεκρυμμένοις,
1406 1841 1513 1877 εἰσῆλθε
1527 1841 1580 1868 τῶν
1591 1841 1678 1876 θυρῶν
1689 1840 1842 1875 κεκλεισμέα-

1059 1897 1122 1914 νων.
1146 1888 1201 1914 Καὶ
1223 1888 1332 1914 ἀπιστεῖ
1346 1889 1401 1919 τοῖς
1418 1888 1569 1923 γινομένοις
1592 1887 1628 1922 μὴ
1647 1886 1740 1921 παρὼν
1753 1887 1766 1912 ὁ
1784 1886 1841 1912 Θω-

1062 1935 1123 1969 μᾶς·
1145 1934 1191 1960 καὶ
1214 1932 1303 1960 ποθῶν
1317 1932 1365 1968 τὴν
1383 1933 1456 1964 θέαν,
1473 1933 1521 1968 τὴν
1541 1933 1623 1968 ἀκοὴν
1647 1931 1839 1967 ἀπεστρέφετο·

1062 1980 1176 2015 ἑφραττε
1192 1980 1240 2015 τὴν
1257 1980 1350 2015 ἀκοὴν,
1363 1980 1425 2011 τοὺς
1437 1979 1592 2013 ὀφθαλμοὺς
1607 1978 1772 2005 ἀναπετάσαι
1783 1976 1842 2011 βου.

1061 2026 1174 2061 λόμενος
1185 2034 1191 2040 ·
1217 2025 1361 2060 έπλήττετο
1377 2025 1416 2060 τῷ
1437 2025 1520 2060 πόθῳ,
1542 2024 1585 2051 διὰ
1599 2025 1689 2059 φωνῆς
1705 2023 1841 2058 τοξευόμε-

1063 2081 1106 2103 νος
1115 2081 1122 2087 ’
1141 2082 1150 2097 ι
1172 2072 1234 2098 Ἐάν
1245 2072 1281 2106 μὴ
1300 2071 1373 2105 βάλω
1389 2071 1432 2097 τὸν
1445 2070 1572 2097 δάκτυλόν
1591 2078 1641 2105 μου
1654 2071 1694 2101 είς
1706 2069 1750 2095 τὸν
1761 2068 1841 2095 τύπον

1063 2117 1115 2147 τῶν
1130 2117 1212 2152 ἦλων,
1231 2118 1278 2144 καὶ
1301 2117 1372 2152 βάλω
1386 2117 1434 2153 τὴν
1448 2116 1526 2152 χεῖρά
1548 2125 1595 2152 μου
1612 2116 1649 2147 εἰς
1664 2116 1713 2152 τὴν
1728 2115 1841 2150 πλευρὰν

235 2163 298 2190 bilis
313 2163 409 2190 aﬂ'ectu
421 2162 541 2190 Thomas
555 2162 632 2190 ﬁderit
649 2171 702 2190 non
715 2163 858 2195 adhibens,
868 2164 1005 2195 increduli-

1066 2163 1158 2197 αὑτοῦ,
1176 2163 1205 2189 οὐ
1222 2163 1259 2199 μὴ
1276 2163 1422 2190 πιστεύσω.
1442 2173 1451 2188 ι
1472 2162 1625 2197 ’Ἀπληστος
1641 2161 1696 2195 (86)
1710 2162 1775 2197 πρὸς
1786 2161 1840 2188 διά-

233 2213 314 2236 tatem
324 2209 473 2243 praetendit,
486 2213 515 2236 ut
528 2208 632 2236 fruatur
642 2209 906 2245 conspectu.Solvct,
917 2210 1016 2245 inquit,

235 2255 452 2282 incredulitatem
473 2263 561 2282 meam
578 2263 639 2282 cum
658 2257 813 2290 apparuerit
830 2265 836 2283 :
851 2256 956 2282 mittam
973 2257 1017 2283 di-

235 2301 320 2335 gitum
340 2309 428 2328 meum
444 2301 470 2328 in
498 2301 600 2328 tixuras
621 2301 759 2328 clavorum
773 2310 779 2327 ι
795 2309 875 2336 quem
891 2301 1016 2330 desidero

235 2347 378 2374 Dominum
398 2347 598 2381 complexahor.
616 2346 770 2382 Redarguat
786 2347 1016 2380 incredulitatem,

234 2398 262 2421 et
273 2397 449 2429 conspectum
464 2393 604 2428 largiatur.
617 2392 651 2420 Ut
667 2393 828 2422 incredulus.
846 2393 953 2427 videbo,
969 2392 1017 2420 sed

271 2472 295 2489 ³⁵
311 2471 390 2499 Joan.
407 2480 441 2499 xx
454 2492 462 2505 ,
482 2472 529 2500 25.

273 2550 329 2586 (77)
349 2550 414 2586 Reg.
430 2551 456 2586 1,
470 2549 498 2582 ‘2,
517 2554 543 2577 et
558 2549 647 2586 Colb..
660 2549 690 2575 τὸ
697 2549 758 2586 *τῶν
766 2547 916 2586 ἀνθρώπων
931 2547 1018 2586 γένος.

239 2586 299 2613 Mox
321 2584 399 2620 prius
424 2585 500 2617 edit...
515 2586 561 2611 καὶ
588 2585 665 2619 γένος
694 2584 800 2618 θανάτῳ
824 2584 1021 2620 λῃστευὸμενον

199 2627 204 2632 ”
237 2618 451 2656 ἀσύλῴγχωρίῳ
474 2621 512 2656 τῷ
536 2620 652 2656 οὐρανίῳ
677 2618 927 2656 κατοικήσῃίΔΜδε.
945 2623 976 2656 _ut
993 2618 1020 2644 ili

239 2653 324 2682 textu:
341 2653 407 2682 Ibid:
424 2653 443 2682 5
460 2653 540 2684 mss.,
556 2653 643 2690 Ὤφθη
659 2655 738 2681 πάλιν
755 2653 826 2690 μετά
836 2653 885 2689 τὴν
899 2653 1021 2681 ,ἀνάστα-

240 2699 282 2717 σιν
293 2691 307 2716 ὁ
320 2690 434 2725 Χριστὸς
450 2690 572 2725 δευτέρᾳ.

276 2725 342 2760 (77⁸)
363 2725 452 2759 Vulg.,
469 2726 577 2760 ἐνδήσῃ.
595 2725 675 2751 Ευιτ.

276 2758 336 2795 (78)
352 2761 397 2787 Sic
418 2758 434 2788 3
465 2758 531 2787 mss;
555 2758 626 2786 Editi
649 2767 723 2795 vero,
748 2758 1016 2794 ἀπεργασόμενος.,..

240 2795 401 2830 ἀτείχιστον,
414 2796 440 2822 τί
456 2796 513 2822 ἐκεῖ
522 2795 561 2821 δεῖ
571 2795 623 2821 τῶν
637 2794 725 2829 θυρῶν
740 2795 799 2830 τήν,
816 2798 867 2822 etc.

277 2830 332 2862 (79)
352 2831 389 2857 lla
403 2839 469 2859 mss.
490 2830 569 2863 Edili,
588 2830 697 2865 βήματι.

1067 2211 1151 2242 θεσιν,
1168 2211 1213 2237 καὶ
1231 2210 1268 2245 μὴ
1285 2210 1419 2236 πιστεύων
1435 2210 1449 2236 ὁ
1468 2209 1577 2244 Θωμᾶς,
1593 2208 1768 2244 προὸάλλεται
1783 2209 1840 2234 ἀπι-

1067 2256 1154 2288 στίαν,
1175 2256 1219 2282 ἵνα
1234 2255 1375 2292 ἀπολαύσῃ
1385 2256 1433 2290 τῆς
1447 2255 1572 2290 θεωρίας,
1587 2253 1670 2280 Λύσει
1693 2262 1753 2289 μου,
1768 2254 1838 2288 φησὶ,

1066 2302 1115 2337 τὴν
1129 2302 1255 2328 ἀπιστίαν
1267 2302 1374 2336 φανείς·
1392 2300 1464 2336 βαλῶ
1474 2299 1519 2326 τὸν
1529 2299 1656 2326 δάκτυλόν
1671 2307 1720 2334 μου
1735 2299 1772 2330 είς
1784 2298 1839 2329 τοὺς

1065 2347 1167 2379 τύπους
1188 2346 1242 2373 τῶν
1260 2346 1348 2381 ἥλων·
1365 2344 1514 2379 Δεσπότην,
1533 2343 1562 2370 ὃν
1581 2342 1666 2375 ποθῶ,
1687 2340 1838 2377 περιπτύξο-

1068 2402 1126 2428 μαι.
1148 2392 1314 2428 Μεμψάσθω»
1334 2391 1382 2426 τὴν
1398 2390 1534 2423 ἀπιστίαν,
1557 2389 1603 2415 καὶ
1628 2386 1839 2423 χαρισάσθωμτὴν

1105 2546 1161 2581 (80)
1181 2544 1218 2571 Ita
1235 2549 1414 2581 ms_s._o_ron_es.
1425 2540 1510 2581 Εᾱίιὶι
1519 2539 1683 2572 έξεκύλιστο.
1695 2537 1756 2565 Mox
1766 2545 1836 2570 mss.,

1069 2576 1250 2615 ἁνέστὸμωτα,
1267 2578 1347 2609 Editi.
1365 2576 1553 2615 ἁνξστομοῦτο.
1567 2609 1592 2615 η
1603 2608 1609 2615 ¹
1752 2607 1769 2615 ,-

1105 2608 1207 2651 (81)llta
1218 2622 1312 2651 omnes
1321 2620 1386 2651 mss.
1395 2608 1467 2638 Edili
1478 2618 1552 2651 vero,
1561 2608 1698 2651 ἀθύρωτον
1708 2608 1838 2651 σπήλαιογ,

1182 2650 1259 2681 Mss,
1277 2648 1314 2684 μὴ
1327 2646 1462 2683 ὁρώμενα.
1477 2641 1549 2672 Infra
1565 2641 1621 2671 duo
1633 2650 1712 2675 mss.,
1728 2641 1838 2678 περὶτὴν

1110 2687 1225 2712 ἱστασιν.

1069 2687 1225 2714 ἀνάστασιν.

1106 2721 1163 2755 (85)
1185 2719 1262 2755 MSS“,
1280 2719 1338 2755 ταῖς
1351 2715 1473 2750 γυναιξὶν
1487 2716 1600 2751 ἑωρᾶτοι

1118 2756 1161 2789 8έι)
1182 2754 1258 2791 μεθ-ν
1273 2753 1443 2791 @0591?“-
1525 2785 1531 2791 .
1651 2784 1657 2791 .
1709 2782 1727 2791 -.

1118 2757 1161 2789 SA)
1182 2757 1258 2786 “55.,
1273 2757 1443 2788 προέρχεται.
1709 2782 1727 2791 ,ἓ

1106 2757 1163 2826 (85)
1183 2789 1220 2826 l_ta
1234 2797 1301 2816 mss.
1315 2787 1386 2814 Editi
1401 2785 1579 2826 verg,__‘totvuv
1596 2784 1664 2826 infit
1677 2791 1763 2810 τουτο.

1109 2820 1164 2860 (86)
1185 2824 1229 2851 Sic
1244 2831 1310 2851 mss.
1326 2829 1429 2849 omnes.
1448 2820 1518 2848 Editi
1532 2827 1606 2853 vero,
1623 2820 1743 2850 ἄπιστος.
