1940 3067
115 172 183 200 1085

656 171 771 200 SERMO
790 171 823 198 IN
843 171 1006 199 SANCTUM
1024 172 1168 203 PASCHA.

1661 174 1671 199 Ι
1677 171 1727 199 086

113 230 239 265 Θεωρίαν.
261 230 304 261 Ὠς
319 230 431 262 ἄπιστος
453 231 509 263 ῐδω,
535 231 581 257 καὶ
597 231 635 262 ὼς
650 231 743 262 πιστὸς
764 229 892 265 περιπτύ-

950 235 977 257 ut
1001 231 1088 260 ﬁdelis
1116 233 1318 268 complexabor,
1347 235 1428 265 alque
1455 230 1589 265 perfruar.
1617 229 1727 258 Videam

113 275 205 312 ξομαι,
217 276 264 306 καὶ
281 276 434 303 ἀπολαύσω.
449 277 509 303 Ἰδω
520 278 613 312 χεῖρας
628 276 797 312 ὀρυχθείσας,
814 277 847 303 δι’
857 273 895 302 ὧν

115 324 142 349 αἰ
154 323 311 358 παραϐᾶσαι
323 323 370 349 τοῦ
389 323 475 357 ’Λδάμ
490 322 709 358 ἐθεραπεύθησαν
729 323 834 357 χεῖρες·
848 321 895 348 ἴδω

116 370 243 405 πλευρὰν,
260 370 293 395 δι’
306 366 339 405 ἦς
355 370 369 395 ὁ
383 369 415 395 ὲκ
430 369 480 404 τῆς
492 368 611 404 πλευρᾶς
623 368 755 404 ἀνῄρηται
772 368 894 400 θάνατος.

114 415 229 450 Θεατὴς,
249 415 298 442 οὐκ
309 415 454 450 ἀκροατὴς,
476 414 664 441 τοῦΔεσπότου
679 414 802 447 γενέσθαι
814 413 894 441 θέλω.

114 461 153 495 Τῇ
164 461 288 496 διηγήσει
298 460 377 487 πλέον
389 461 456 496 πρὸς
468 459 614 494 ἐπιθυμίαν
628 460 780 494 ἀνάπτομαι
789 468 796 475 ο
814 459 847 485 δι’
858 456 896 486 ὧν

115 505 332 540 ιῦαγγελίζεσθε,
344 505 387 531 διὰ
398 505 500 532 τούτων
507 505 555 540 τὴν
567 504 662 540 ὀδύνην
672 505 806 539 ἑπαυξῆτε
816 504 893 539 (86‘).

119 551 190 586 Ἐγὼ
209 551 237 577 δέ
261 559 310 586 μου
327 551 487 586 θεραπεύσω
509 551 558 586 τὴν
580 551 666 585 ἀνίαν,
687 551 736 586 τὴν
750 550 895 586 θεραπείαν

116 597 358 633 προχειριζόμενος.

147 645 174 671 4.
196 644 265 671 Ἀλλ’
277 642 354 675 αὖθις
370 643 482 679 παρῆνὸ
494 643 641 678 Δεσπότης,
657 642 704 669 καὶ
717 642 774 668 λύει
790 641 828 677 τῷ
843 650 895 676 μα-

114 690 182 725 θητῇ
198 689 266 725 μετὰ
278 690 327 724 τῆς
342 689 417 721 ἀνίας
429 689 476 724 τὴν
492 689 629 716 ἀπιστίαν.
643 688 750 718 Μᾶλλον
768 688 795 714 δὲ
807 688 836 714 οὑ
847 687 896 722 τὴν

113 736 241 764 ἀπιστίαν
255 736 357 767 ἔλυσεν,
367 736 435 762 ἀλλά
448 736 496 770 τὴν
506 734 650 770 ἐπιθυμίαν
668 733 809 769 ἐνέπλησε.
822 734 896 769 Παρ-

114 783 147 818 ῆν
169 783 223 809 τῶν
239 782 328 818 θυρῶν
351 782 566 817 κεκλεισμένων·
584 781 770 816 ἀπιστουμένῃ
788 780 836 815 θέᾳ
851 788 896 807 πι-

113 829 222 856 στοῦται
236 829 284 864 τὴν
308 829 508 864 ἀπιστουμένην
523 828 681 854 ἀνάστασιν·
698 827 745 853 καὶ
766 826 844 853 πάλιν
858 826 896 852 δι-

113 876 258 909 πλασιάζει
280 876 310 902 τὸ
327 875 426 910 θαῦμα,
446 875 489 901 ἵνα
510 874 703 909 πληροφορήσῃ
724 873 770 899 τὸν
785 872 895 907 Θωμᾶν.

116 932 126 948 ι
148 922 227 954 Βάλε,
267 921 343 957 φησὶ,
371 920 416 947 τὸν
435 919 563 947 δάκτυλόν
598 928 643 946 σου
676 920 717 950 εἰς
741 918 786 945 τὸν
812 917 895 945 τύπον

113 968 168 994 τῶν
184 967 270 1002 ἦλων·
289 976 298 993 ι
313 967 342 993 ὃν
362 966 467 1001 ἐζήτεις
483 966 596 997 ἀπόντα,
616 965 747 1000 παρόντος
767 964 894 991 ἀπόλαυε.

114 1013 180 1041 Οἶδά
193 1022 238 1040 σου
253 1013 300 1048 τὴν
316 1012 462 1048 ἐπιθυμίαν
478 1012 524 1038 καὶ
541 1010 709 1042 σιωπῶντος’
725 1010 778 1046 πρὸ
789 1009 843 1036 τῶν
853 1009 896 1036 λό-

115 1069 180 1095 γων,
198 1059 246 1095 τὴν
262 1058 373 1094 γνώμην
396 1058 554 1092 ἐπίσταμαι.
573 1056 690 1083 Ἥκουόν
711 1064 757 1082 σου
777 1055 831 1082 τῶν
848 1056 896 1091 ρη-

115 1106 218 1141 μάτων,
244 1105 291 1131 καὶ
316 1103 353 1139 μὴ
378 1103 560 1138 βλεπόμενος,
575 1102 706 1137 παρήμην
729 1101 894 1134 ἀπιστοῦντι,

114 1152 161 1178 καὶ
174 1151 211 1187 μὴ
225 1150 383 1185 φαινόμενος
392 1169 399 1181 ,
414 1148 544 1175 ἐνεδίδουν
554 1147 608 1182 (8'7)
621 1149 653 1182 τῇ
666 1147 778 1182 ἀπιστίᾳ
790 1146 894 1181 καιρὸν,

114 1197 157 1222 ἵνα
174 1204 219 1222 σου
233 1195 281 1230 τὴν
299 1193 444 1228 ἐπιθυμίαν
460 1192 600 1228 θαυμάσω.
612 1201 621 1217 ι
633 1191 701 1217 Βάλε
714 1191 759 1218 τὸν
768 1190 896 1217 δάκτυλόν

115 1250 161 1268 σου
178 1242 216 1272 εἰς
224 1241 286 1272 τοὺς
296 1239 396 1271 τύπους
410 1239 553 1273 τῶνῆλων·
567 1238 613 1264 καὶ
626 1237 688 1273 βάλε
702 1237 751 1272 τὴν
762 1235 841 1272 χεῖρά
849 1244 895 1262 σου

114 1289 155 1319 εἰς
171 1287 220 1322 τὴν
248 1286 366 1320 πλευράν
385 1294 446 1320 μου,
466 1284 513 1311 καὶ
533 1283 569 1319 μὴ
584 1283 658 1318 γίνου
679 1282 801 1314 ἄπιστος,
829 1281 896 1308 ἀλλά

114 1334 237 1365 πιστός.)
259 1333 287 1359 '0
297 1332 325 1359 δὲ
335 1331 443 1366 Θωμᾶς,
455 1330 626 1366 ψηλαφήσας,
642 1329 688 1355 ml.
704 1327 753 1363 τὴν
769 1327 896 1354 ἀπιστίαν

113 1379 249 1414 ἑξορίσας,
266 1377 356 1403 πίστει
373 1375 514 1410 εἰλικρινεῖ
534 1374 579 1401 καὶ
600 1373 674 1408 πόθῳ
688 1372 832 1408 θεοπρεπεϊ
848 1371 895 1398 κέ-

113 1432 215 1460 κραγεν
225 1432 231 1438 -
248 1433 256 1449 ι
280 1423 308 1448 '0
321 1420 421 1457 Κύριός
437 1429 488 1456 μου
501 1419 547 1447 καὶ
561 1419 649 1450 ὁΘεός
662 1427 723 1453 μου.
739 1428 748 1443 ι
764 1417 817 1444 Καί
832 1425 896 1452 φησι

115 1469 183 1505 πρὸς
199 1468 278 1495 αὐτὴν
295 1468 309 1493 '3
322 1466 435 1501 Κύριος·
452 1474 461 1490 ‹
480 1465 540 1491 Ὅτι
554 1463 678 1499 ἑώρακάς
689 1470 732 1497 με,
750 1461 896 1488 πεπίστευ-

115 1522 185 1546 κας·
212 1513 338 1549 μακάριοι
362 1511 417 1546 (88)
432 1511 456 1537 οἱ
477 1510 513 1546 μὴ
538 1509 645 1540 ἰδόντες,
671 1508 717 1534 καὶ
736 1506 884 1533 πιστεύσειν

113 1569 169 1592 τες.
192 1570 201 1586 ι
215 1559 348 1595 Κήρυξον,
368 1558 463 1592 Θωμᾶ,
485 1557 540 1587 τοῖς
564 1555 600 1590 μὴ
622 1553 756 1590 ὲωρακόσι
782 1561 831 1588 μου
848 1551 896 1588 τὴν
910 1567 930 1596 C

115 1607 272 1634 ἀνάστασιν.
288 1604 421 1631 ’Ἑλκυσον
435 1601 483 1637 τὴν
495 1600 665 1635 οἰκουμένην,
679 1599 728 1625 οὐκ
741 1597 896 1632 ὀφθαλμοῖς,

115 1653 185 1680 ἀλλὰ
204 1652 292 1686 λόγοις
313 1649 508 1676 πιστεύουσαν·
525 1646 650 1682 περίελθε
674 1645 818 1680 βαρϐάρων
835 1642 898 1678 ἔθνη

116 1699 163 1726 καὶ
184 1698 274 1729 πόλεις
287 1705 293 1711 ·
310 1694 412 1728 δίδαξον
431 1694 489 1721 ἀνθ’
508 1692 599 1720 ὃπλων
618 1689 725 1726 σταυρῷ
748 1688 899 1724 Θωρακίζε-

117 1745 189 1771 σθαι.
208 1742 333 1778 Κήρυξον
354 1741 443 1776 μόνον,
457 1739 504 1766 καὶ
518 1736 731 1774 προσκυνοῦντες
742 1734 900 1761 πιστεύσου-

116 1797 173 1817 σιν·
192 1790 240 1816 οὒκ
253 1787 427 1822 ἀπαιτηθήσῃ
439 1786 502 1821 παρ’
519 1783 607 1811 αὐτῶν
622 1782 670 1818 τὴν
687 1782 750 1808 θέαν
761 1780 809 1816 τὴν
819 1780 898 1816 ἐμήν.

116 1835 185 1863 Εἰπὲ
196 1835 245 1871 τὴν
260 1834 364 1869 κλῆσιν,
383 1832 429 1858 καὶ
449 1831 500 1867 ὅρα.
517 1829 567 1865 τὴν
582 1829 687 1855 πίστιν
707 1836 715 1852 ι
730 1825 866 1861 Μακάριοι
886 1834 895 1850 ι

115 1882 171 1917 γὰρ
194 1879 300 1916 ἀληθῶς
318 1888 327 1905 ι
346 1879 371 1905 ol.
388 1877 425 1913 μὴ
451 1876 568 1908 ἰδόντες,
593 1874 640 1900 καὶ
668 1872 869 1903 πιστεύσαντες.
887 1880 896 1896 t

115 1926 241 1958 Τοιοῦτος
258 1927 272 1952 ὁ
293 1925 428 1955 νεόλεκτος
447 1922 501 1959 (89)
517 1918 595 1952 οὗτος
608 1919 654 1946 τοῦ
667 1918 802 1945 Δεσπότου
819 1926 899 1953 στρα-

116 1973 172 2004 τὸς,
187 1973 237 2007 τῆς
255 1970 442 2006 πνευματικῆς
464 1965 654 2002 κολυμῦήθρας
668 1965 768 1995 ὠδῖνες,
783 1963 816 1990 τὰ
831 1963 900 1998 ἔργα

115 2020 164 2054 τῆς
178 2019 297 2054 χάριτος,
311 2018 327 2051 ἡ
345 2014 464 2052 γεωργία
482 2013 528 2040 τοῦ
546 2011 702 2046 Πνεύματος
714 2019 720 2025 ·
738 2010 787 2035 οὐκ
803 2009 900 2040 ἰδόντες

115 2065 284 2099 ὑπήκουσαν,
301 2061 367 2088 ἁ).λά
379 2059 522 2090 ποθοῦντες
534 2058 708 2084 ἐπίστευσαν.
727 2055 899 2088 Ἐπέγνωσαν

116 2108 233 2144 Χριστὸν
246 2108 295 2134 οὐκ
306 2107 412 2141 δμμασι
424 2104 559 2138 σώματος,
573 2103 629 2129 ἀλλ’
649 2102 754 2137 ὄμμασι
771 2100 898 2130 πίστεως.

115 2155 173 2181 Οὐκ
186 2152 279 2179 ἔϐαλον
288 2151 350 2182 τους
364 2149 509 2180 δακτύλους
520 2150 558 2180 εἰς
569 2149 631 2179 τοὺς
641 2147 741 2177 τύπους
752 2145 805 2171 τῶν
817 2145 899 2180 ἥλων,

116 2199 185 2226 ἀλλά
197 2197 234 2233 τῷ
252 2196 359 2232 σταυρῷ
372 2194 585 2231 περιπλακέντες
597 2193 627 2220 τὸ
637 2192 722 2223 πάθος
733 2191 898 2225 ἠσπάσαντο·

946 277 1090 306 confessas
1107 287 1214 311 manus,
1231 278 1329 313 quibus
1345 277 1408 304 Atla:
1433 276 1727 311 manusprzevaricatat

946 324 1058 351 sanitati
1082 328 1146 352 sunt
1169 325 1309 352 restitutae.
1329 323 1439 350 Videam
1467 323 1555 355 latus,
1586 330 1633 357 per
1655 321 1727 357 quod

945 377 1020 397 mors
1043 370 1077 398 de
1103 371 1186 398 latere
1198 378 1341 405 progressa
1363 370 1471 397 sublata
1488 369 1548 396 luit.
1565 368 1723 403 Spectator,

945 424 1000 443 non
1017 417 1136 448 auditor,
1152 417 1259 444 Domini
1273 425 1334 444 esse
1350 416 1421 443 volo.
1439 415 1599 442 Narratione
1609 415 1640 442 ad
1655 415 1727 442 desi-

947 461 1051 488 derium
1065 463 1126 497 plus
1141 463 1275 490 accendor
1293 463 1344 490 :iis
1357 469 1417 497 qua:
1432 461 1610 493 aununtiatis,
1631 461 1727 488 iisdem

946 507 1053 541 augetis
1069 508 1201 535 dolorem.
1220 507 1346 534 Medehor
1360 511 1449 535 autem
1465 506 1590 538 tristitiae,
1606 506 1652 534 ubi
1672 513 1727 534 orte

945 552 1073 580 manibus
1085 553 1168 580 fuerit
1181 552 1325 580 medicina.

979 637 1006 664 4.
1024 636 1078 664 Sed
1101 637 1198 665 iterum
1211 637 1288 666 adest
1306 638 1449 670 Dominus,
1466 642 1546 673 atque
1561 645 1614 664 una
1627 645 1728 665 moero-

945 690 1002 710 rem
1014 682 1149 717 discipulo
1160 683 1240 715 levat,
1249 689 1274 711 et
1286 683 1511 710 incredulitatem.
1526 683 1558 710 At
1569 683 1658 718 potius
1671 690 1727 710 non

946 727 1045 757 levavit
1070 728 1305 762 incredulitatem,
1336 729 1383 756 sed
1406 729 1571 756 desiderium
1599 728 1725 762 explevit.

945 774 1048 803 Aderat
1069 775 1162 810 januis
1183 775 1308 802 clausis:
1326 775 1479 802 incredibili
1499 778 1647 808 conspectu
1672 780 1728 800 non

947 821 1077 848 creditam
1095 821 1322 848 resurrectionem
1345 822 1487 848 conﬁrmat
1502 827 1508 846 :
1524 823 1605 854 atque
1629 819 1727 846 iterum

946 866 1108 893 miraculum
1123 866 1252 901 geminat,
1272 870 1301 893 ut
1320 865 1453 892 Thomam
1469 865 1614 893 certiorem
1635 864 1726 892 faciat.

949 922 958 937 ‹
977 911 1061 944 lnl‘er,
1081 921 1090 938 ι
1109 912 1206 946 inquit,
1223 921 1232 937 ι
1246 911 1359 946 digitum
1373 915 1449 937 tuum
1466 911 1493 938 in
1507 911 1622 937 ﬁxttram
1633 911 1727 938 clav0<

947 964 1008 982 rum
1027 956 1061 987 ",
1077 965 1086 981 ›
1103 964 1183 991 quem
1198 956 1336 983 absentem
1357 955 1509 991 quaerebas,
1525 963 1557 983 eo
1570 963 1643 983 nunc
1659 963 1729 990 pra:-

946 1005 1022 1030 sente
1050 1001 1151 1030 fruere.
1164 1001 1214 1028 Tui
1231 1002 1311 1029 etiam
1336 1002 1451 1029 tacentis
1476 1002 1540 1029 novi
1562 1001 1727 1029 desiderium

946 1051 1008 1074 ante
1030 1047 1111 1074 verba
1135 1047 1248 1083 prolata,
1264 1048 1426 1074 sententiam
1440 1047 1503 1074 novi
1526 1050 1610 1074 tuam.
1629 1047 1727 1074 Audivi

945 1093 1027 1120 verba
1038 1096 1094 1124 tua.
1106 1101 1138 1120 ac
1149 1094 1213 1121 licet
1225 1101 1278 1120 non
1294 1101 1460 1128 apparerem,
1475 1101 1529 1120 non
1542 1093 1662 1120 credenti
1678 1093 1726 1120 ad-

945 1146 1018 1166 eram
1034 1147 1041 1172 ;
1056 1146 1089 1166 ac
1109 1139 1172 1166 licet
1205 1147 1259 1166 non
1285 1138 1402 1171 viderer,
1418 1138 1515 1165 dabam
1541 1138 1725 1166 incredulitati

947 1188 1070 1220 tempus,
1086 1189 1116 1212 ut
1142 1184 1309 1212 desiderium
1336 1185 1451 1211 mirarer
1476 1188 1561 1211 tuum.
1580 1193 1589 1210 ι
1613 1184 1695 1216 infer,
1713 1193 1724 1210 ι

946 1231 1044 1266 inquit,
1065 1241 1074 1257 ι
1091 1231 1204 1267 digitum
1217 1234 1291 1257 tuum
1307 1231 1334 1257 in
1350 1230 1451 1258 ﬁxuras
1465 1230 1614 1262 clavorum,
1625 1234 1652 1257 et
1664 1230 1727 1256 mit-

947 1281 972 1305 te
985 1286 1093 1305 manum
1108 1284 1182 1305 tuam
1200 1278 1227 1305 in
1243 1278 1314 1305 latus
1337 1285 1437 1311 meum,
1452 1280 1479 1304 et
1494 1276 1548 1304 noli
1561 1284 1620 1304 esse
1637 1276 1726 1303 incre-

945 1324 1026 1351 dulus
1040 1324 1086 1351 sed
1098 1323 1186 1351 ﬁdelis
1194 1324 1226 1350 “.
1242 1332 1251 1349 ι
1264 1323 1382 1350 Thomas
1398 1330 1462 1350 vero
1472 1323 1517 1350 ubi
1532 1322 1728 1350 contrectando

945 1369 1162 1396 incredulitatem
1192 1368 1356 1404 depulisset.
1374 1368 1480 1395 sincera
1507 1367 1558 1395 ﬁde
1581 1367 1728 1402 divinoque

946 1414 1073 1441 incensus
1087 1413 1222 1441 desiderio
1241 1414 1401 1441 exclamavit
1413 1422 1419 1429 ·
1439 1422 1449 1439 ι
1465 1413 1596 1440 Dominus
1610 1421 1687 1440 meus
1701 1417 1729 1440 et

946 1460 1017 1487 Deus
1044 1468 1120 1488 meus
1133 1460 1165 1487 ’⁷.
1190 1469 1199 1486 ι
1216 1459 1260 1486 Ait
1286 1460 1319 1487 ad
1344 1460 1421 1487 illum
1447 1459 1578 1487 Dominus
1599 1469 1606 1487 :
1625 1468 1634 1484 ι
1657 1459 1728 1492 Quia

945 1505 1039 1532 vidisti
1064 1513 1116 1537 me.
1132 1504 1271 1532 credidisti
1286 1512 1295 1531 :
1312 1506 1382 1532 beati
1402 1505 1448 1540 qui
1471 1513 1524 1532 non
1548 1505 1683 1535 viderunt,
1701 1507 1728 1532 et

947 1550 1121 1577 crediderunt
1135 1551 1168 1579 ’³.
1188 1560 1198 1576 ›
1213 1550 1461 1583 Resurrectionem,
1480 1558 1495 1577 ο
1510 1550 1624 1583 Thema,
1640 1557 1728 1577 meam

947 1596 1062 1630 pmdica
1079 1597 1111 1624 iis
1123 1596 1169 1631 qui
1187 1604 1240 1623 non
1252 1596 1376 1624 viderunt
1391 1596 1617 1623 resurrectionem
1628 1602 1727 1623 meam.

948 1641 1037 1669 Trahe
1049 1646 1183 1669 terrarum
1200 1642 1306 1673 orbem,
1323 1649 1376 1668 non
1392 1642 1489 1675 oculis,
1501 1641 1548 1669 sed
1566 1641 1656 1668 verbis
1667 1648 1729 1668 cre-

948 1686 1054 1714 dentem
1069 1695 1075 1713 ε
1093 1687 1244 1715 circumeas
1259 1687 1438 1714 barbarorum
1452 1691 1545 1722 gentes
1556 1690 1582 1714 et
1593 1687 1728 1718 civitates,

948 1731 1048 1759 doceas
1064 1740 1110 1759 eos
1139 1740 1279 1759 armorum
1294 1733 1370 1767 loco,
1389 1740 1472 1760 cruce
1491 1737 1520 1760 ut
1538 1731 1622 1759 lorica
1641 1731 1727 1758 indui.

949 1778 1125 1806 Solummodo
1151 1779 1282 1814 praedica,
1307 1779 1506 1814 atlorantesque
1534 1778 1572 1805 illi
1601 1777 1729 1805 credituri

949 1828 1023 1858 sunt,
1039 1832 1093 1852 non
1121 1825 1173 1852 mei
1197 1829 1374 1860 conspectum
1394 1833 1409 1851 a
1431 1829 1457 1852 te
1483 1824 1667 1859 postulabunt.
1684 1823 1730 1850 ln-

949 1869 1010 1897 dica
1040 1869 1095 1897 illis
1121 1869 1311 1899 vocationem.
1337 1877 1368 1896 ac
1399 1869 1460 1896 vide
1487 1868 1578 1895 ﬁdem.
1599 1877 1608 1894 ι
1629 1867 1728 1894 Beati»

949 1916 1021 1942 enitn
1045 1922 1138 1942 revera
1153 1924 1162 1940 ι
1180 1915 1227 1949 qui
1247 1922 1301 1941 non
1317 1914 1454 1946 viderunt,
1470 1919 1496 1941 et
1512 1913 1695 1941 crediderunt.
1718 1923 1728 1938 ι

951 1959 1024 1987 Talis
1035 1960 1081 1987 ille
1094 1964 1136 1987 est
1151 1967 1247 1986 recens
1263 1959 1386 1986 delectus
1400 1958 1506 1985 Domini
1522 1959 1676 1991 exercitus;
1693 1958 1730 1984 ita

950 2015 980 2034 se
1003 2006 1101 2034 habent
1126 2007 1276 2041 spiritualis
1299 2007 1374 2033 illius
1400 2006 1512 2041 piscina:
1528 2009 1631 2040 partus,
1649 2011 1732 2039 opera

949 2051 1053 2086 gratiae,
1070 2052 1176 2078 cultura
1192 2051 1307 2086 Spiritus
1325 2061 1331 2078 :
1350 2059 1403 2078 non
1421 2051 1542 2078 videntes
1560 2050 1730 2080 obedternnt,

950 2097 997 2124 sed
1007 2097 1191 2124 desiderantes
1201 2097 1386 2124 crediderunt.
1393 2097 1529 2123 Christum
1537 2098 1731 2131 cognoverunt,

951 2151 1004 2170 non
1013 2144 1136 2178 corporis
1147 2145 1245 2174 oculis,
1255 2144 1301 2171 sed
1309 2143 1396 2170 oculis
1406 2143 1477 2170 ﬁdei.
1486 2142 1542 2168 Non
1555 2140 1729 2169 miseruntdi-

950 2190 1019 2225 gitos
1028 2190 1054 2216 in
1065 2191 1165 2217 lixuras
1176 2191 1323 2222 clavorum,
1333 2189 1378 2216 sed
1386 2196 1494 2216 crucem
1504 2187 1649 2222 complexi,
1670 2193 1732 2221 pas-

117 2232 284 2279 Δεσποτικῆς
296 2243 413 2278 πλευρᾶς
427 2241 520 2268 θεαταὶ¹
533 2241 581 2267 οὐκ
594 2237 798 2273 ὲγένοντο,ἀλλὰ
810 2236 898 2272 χάριτι

953 2235 1055 2262 sionem
1064 2236 1208 2270 amplexati
1223 2241 1286 2262 sunt
1298 2245 1303 2262 :
1317 2243 1372 2262 non
1385 2232 1733 2263 fueruntDominicilateris

118 2292 292 2322 Δεσποτικοῖς
308 2288 481 2323 συνήφθησαν
508 2286 608 2322 μέλεσι,
624 2283 770 2321 κυροῦντες
784 2284 825 2317 ἐφ’
839 2283 902 2308 ἑαυ-

116 2337 172 2366 τοΞς
188 2335 236 2370 τὴν
252 2334 297 2360 τοῦ
312 2332 444 2359 Δεσπότω
459 2331 549 2366 φωνήν
563 2330 630 2365 (90)'
648 2339 657 2353 σ
675 2328 808 2363 Μακάριοι
824 2327 849 2352 οἰ
864 2327 901 2361 μὴ

119 2381 229 2412 ἰδόντες,
243 2380 288 2406 καὶ
302 2378 495 2408 πιστεύσαντες
505 2385 512 2392 ·
533 2386 542 2402 ι
558 2376 581 2402 οἱ
600 2375 636 2410 μὴ
655 2374 761 2404 ἰδόντες,
777 2373 824 2398 καὶ
837 2372 902 2407 Χρι-

117 2427 174 2462 στῷ
192 2426 378 2461 συναφθέντες.

155 2474 182 2501 5.
200 2474 321 2509 Σήμερον
349 2470 496 2498 ἀποδύεσθε
517 2468 566 2504 τὴν
588 2466 755 2503 φορουμένην
781 2464 899 2498 ἐσθῆτα,

119 2520 188 2548 ἀλλὰ
207 2519 243 2554 μὴ
257 2517 388 2545 ἀπόθεσθε
402 2518 451 2553 τὴν
468 2514 660 2551 κεκρυμμένην
673 2511 807 2547 σφραγῖδα
816 2518 822 2524 ·
835 2510 902 2536 ἀπο-

117 2565 215 2593 δύεσθε
227 2564 262 2590 τὰ
276 2563 423 2598 φαινόμενα
437 2561 567 2598 σύμϐολα,
582 2558 650 2586 ἀλλὰ
663 2557 699 2593 μὴ
711 2555 845 2583 ἀπόθεσθε
854 2555 903 2590 τῆς

120 2611 251 2648 στρατιᾶς
265 2610 299 2637 τὰ
309 2609 495 2645 γνωρίσματα.
517 2605 687 2633 ’Δποτίθεσαι
701 2602 750 2638 τὴν
763 2600 902 2636 ἁμιρίεσιν,

955 2286 1138 2315 spectatores;
1159 2281 1205 2309 sed
1227 2289 1273 2315 per
1293 2281 1406 2316 gratiam
1432 2279 1581 2306 Dominicis
1604 2278 1734 2305 membris

954 2326 1176 2360 suntconjuncti,
1192 2326 1383 2353 conﬁrmantes
1406 2325 1433 2352 in
1453 2323 1605 2358 semetipsis
1627 2323 1733 2350 Domini

953 2379 1046 2398 vocem
1060 2379 1066 2397 :
1087 2381 1096 2397 ι
1110 2371 1183 2398 Beati
1193 2371 1237 2406 qui
1247 2379 1300 2398 non
1316 2371 1453 2402 Viderunt,
1468 2374 1495 2398 et
1508 2369 1700 2397 crediderunt:
1721 2378 1730 2394 ι

955 2417 1000 2451 qui
1025 2425 1078 2443 non
1094 2416 1232 2448 viderunt,
1250 2420 1276 2444 et
1292 2417 1402 2443 Christo
1419 2415 1558 2450 conjuncti
1574 2417 1649 2441 sunt.

990 2463 1016 2490 5.
1036 2462 1122 2490 Hodie
1141 2467 1242 2489 vestem
1265 2470 1346 2497 quam
1373 2463 1487 2496 gestatis
1502 2460 1617 2492 exuitis;
1633 2458 1685 2499 sed,
1701 2466 1736 2486 ne

955 2508 1093 2536 occultum
1113 2508 1234 2544 sigillum
1251 2508 1411 2544 deponatis:
1428 2507 1518 2534 exuite
1538 2509 1648 2533 externa
1663 2512 1736 2540 sym-

955 2554 1026 2586 bola,
1048 2554 1095 2581 sed
1116 2562 1150 2581 ne
1176 2555 1279 2581 militiae
1305 2560 1436 2581 tesseram
1456 2552 1593 2587 deponite.
1619 2551 1735 2585 Depmtis

956 2599 1035 2635 397
1048 2600 1188 2634 amictum,
1204 2608 1220 2628 0
1233 2599 1334 2628 Christi
1348 2599 1436 2632 miles,
1452 2598 1500 2626 sed
1516 2605 1549 2625 ne
1563 2604 1663 2625 exuare
1675 2595 1736 2623 ﬁdei

155 2673 179 2688 ’⁸
198 2671 276 2699 Joan.
290 2669 389 2703 “,27.
426 2669 449 2685 ’⁸
468 2668 533 2695 ibid.
572 2667 593 2683 "
614 2666 680 2693 ibid.
698 2665 744 2692 ‘28.
781 2663 804 2680 ³³
824 2661 887 2688 ibid.
907 2660 952 2687 29.

158 2729 228 2763 ί86’)
246 2728 336 2759 Forte,
350 2726 591 2763 ὲπαυξετε.-Ὲζι›ιτ.

158 2758 270 2798 (sum
287 2758 353 2790 mss.
372 2758 477 2798 otnnes.
498 2761 578 2793 Editi,
594 2760 630 2796 μὴ
648 2759 809 2794 βλεπόμενος
822 2758 904 2784 ἐνεδί-

121 2802 193 2830 am.
210 2799 320 2826 omissis
335 2797 507 2833 quihusdam;

159 2835 214 2869 (88)
233 2833 271 2860 Ila
287 2829 354 2860 mss'.
373 2840 477 2869 omnes.
490 2831 526 2859 Ed
543 2852 550 2864 ,
569 2829 606 2866 μὴ
622 2830 696 2864 γίνου
712 2829 833 2861 ἄπιστος.
846 2830 903 2856 Μα-

123 2867 223 2905 κάριοι,
241 2868 334 2896 multis
350 2867 469 2895 omissis.

993 2722 1048 2756 (89)
1070 2720 1115 2747 Sic
1131 2727 1197 2746 mss.
1209 2725 1311 2745 omnes.
1418 2723 1493 2748 vero,
1506 2714 1674 2756 νεόπλεειιτος.

994 2745 1048 2789 {tibi
1069 2745 1113 2782 lia
1128 2745 1229 2789 ciuiles?
1244 2761 1312 2779 mss.
1331 2751 1402 2777 Editi
1418 2745 1491 2782 vero,
1515 2749 1558 2776 cr.‘
1578 2748 1668 2789 αύτοῖς

958 2782 1052 2818 τούτου
1075 2788 1260 2824 φωνήν.1ιιίιιι
1279 2794 1373 2824 omnes
1394 2794 1473 2819 mss.,
1493 2783 1673 2819 owatpeéwat,
1690 2782 1738 2809 ba-

959 2827 1035 2857 bent,
1047 2822 1093 2853 ubi
1108 2822 1183 2858 editi,
1194 2822 1382 2857 συνταφέντες.
