  <div class='ocr_page' id='page_1' title='image "/cluster/home/n/w/nwhite01/storage/ocr_20150623/28/njp.32101007506148/555.png"; bbox 0 0 1940 3067; ppageno 0'>
   <div class='ocr_carea' id='block_1_1' title="bbox 237 159 308 188">
    <p class='ocr_par' dir='ltr' id='par_1_1' title="bbox 237 159 308 188">
     <span class='ocr_line' id='line_1_1' title="bbox 237 159 308 188; baseline -0.014 0"><span class='ocrx_word' id='word_1_1' title='bbox 237 159 308 188; x_wconf 77' lang='grc'><strong>1087</strong></span> 
     </span>
    </p>
   </div>
   <div class='ocr_carea' id='block_1_2' title="bbox 825 155 1309 186">
    <p class='ocr_par' dir='ltr' id='par_1_2' title="bbox 825 155 1309 186">
     <span class='ocr_line' id='line_1_2' title="bbox 825 155 1309 186; baseline -0.002 0"><span class='ocrx_word' id='word_1_2' title='bbox 825 158 855 186; x_wconf 91' lang='lat' dir='ltr'><strong>S.</strong></span> <span class='ocrx_word' id='word_1_3' title='bbox 879 155 1155 186; x_wconf 39' lang='lat' dir='ltr'><strong>ATHANASIUSE—</strong></span> <span class='ocrx_word' id='word_1_4' title='bbox 1173 156 1309 185; x_wconf 71' lang='lat' dir='ltr'><strong>SPERIA.</strong></span> 
     </span>
    </p>
   </div>
   <div class='ocr_carea' id='block_1_3' title="bbox 1783 157 1855 184">
    <p class='ocr_par' dir='ltr' id='par_1_3' title="bbox 1783 157 1855 184">
     <span class='ocr_line' id='line_1_3' title="bbox 1783 157 1855 184; baseline 0 0"><span class='ocrx_word' id='word_1_5' title='bbox 1783 157 1855 184; x_wconf 72' lang='grc'><strong>1088</strong></span> 
     </span>
    </p>
   </div>
   <div class='ocr_carea' id='block_1_4' title="bbox 234 212 1015 250">
    <p class='ocr_par' dir='ltr' id='par_1_4' title="bbox 234 215 1015 250">
     <span class='ocr_line' id='line_1_4' title="bbox 234 215 1015 250; baseline 0 -8"><span class='ocrx_word' id='word_1_6' title='bbox 234 216 318 243; x_wconf 87' lang='lat' dir='ltr'><strong>armis</strong></span> <span class='ocrx_word' id='word_1_7' title='bbox 333 223 340 241; x_wconf 90' lang='lat'>:</span> <span class='ocrx_word' id='word_1_8' title='bbox 355 215 410 249; x_wconf 77' lang='lat' dir='ltr'><strong>iam</strong></span> <span class='ocrx_word' id='word_1_9' title='bbox 423 215 472 242; x_wconf 94' lang='lat' dir='ltr'><strong>tibi</strong></span> <span class='ocrx_word' id='word_1_10' title='bbox 495 215 612 242; x_wconf 77' lang='lat' dir='ltr'><strong>maxime</strong></span> <span class='ocrx_word' id='word_1_11' title='bbox 633 215 730 242; x_wconf 86' lang='lat' dir='ltr'><strong>omnis&#39;</strong></span> <span class='ocrx_word' id='word_1_12' title='bbox 745 215 853 250; x_wconf 75' lang='lat' dir='ltr'><strong>generis</strong></span> <span class='ocrx_word' id='word_1_13' title='bbox 867 221 1015 245; x_wconf 68' lang='lat' dir='ltr'><strong>armatura</strong></span> 
     </span>
    </p>
   </div>
   <div class='ocr_carea' id='block_1_5' title="bbox 1068 212 1856 250">
    <p class='ocr_par' dir='ltr' id='par_1_5' title="bbox 1068 212 1856 249">
     <span class='ocr_line' id='line_1_5' title="bbox 1068 212 1856 249; baseline -0.001 -8"><span class='ocrx_word' id='word_1_14' title='bbox 1068 212 1089 242; x_wconf 77' lang='grc' dir='ltr'><strong>ὦ</strong></span> <span class='ocrx_word' id='word_1_15' title='bbox 1110 214 1156 241; x_wconf 87' lang='grc' dir='ltr'><strong>τοῦ</strong></span> <span class='ocrx_word' id='word_1_16' title='bbox 1172 214 1291 249; x_wconf 82' lang='grc' dir='ltr'><strong>Χριστοῦ</strong></span> <span class='ocrx_word' id='word_1_17' title='bbox 1318 212 1469 248; x_wconf 80' lang='grc' dir='ltr'>στρατιῶτα</span> <span class='ocrx_word' id='word_1_18' title='bbox 1483 212 1548 248; x_wconf 81' lang='grc'>(91),</span> <span class='ocrx_word' id='word_1_19' title='bbox 1568 212 1634 239; x_wconf 73' lang='grc' dir='ltr'>ἀλλὰ</span> <span class='ocrx_word' id='word_1_20' title='bbox 1652 212 1688 248; x_wconf 86' lang='grc' dir='ltr'>μὴ</span> <span class='ocrx_word' id='word_1_21' title='bbox 1706 213 1856 249; x_wconf 79' lang='grc' dir='ltr'>γυμνωοῇς</span> 
     </span>
    </p>
   </div>
   <div class='ocr_carea' id='block_1_6' title="bbox 233 259 1016 295">
    <p class='ocr_par' dir='ltr' id='par_1_6' title="bbox 233 259 1016 295">
     <span class='ocr_line' id='line_1_6' title="bbox 233 259 1016 295; baseline 0 -8"><span class='ocrx_word' id='word_1_22' title='bbox 233 267 302 288; x_wconf 78' lang='lat' dir='ltr'><strong>opus</strong></span> <span class='ocrx_word' id='word_1_23' title='bbox 314 263 367 288; x_wconf 86' lang='lat' dir='ltr'><strong>est.</strong></span> <span class='ocrx_word' id='word_1_24' title='bbox 381 259 458 286; x_wconf 84' lang='lat' dir='ltr'><strong>Nunc</strong></span> <span class='ocrx_word' id='word_1_25' title='bbox 472 260 545 286; x_wconf 87' lang='lat' dir='ltr'><strong>enim</strong></span> <span class='ocrx_word' id='word_1_26' title='bbox 558 259 644 286; x_wconf 93' lang='lat' dir='ltr'><strong>multo</strong></span> <span class='ocrx_word' id='word_1_27' title='bbox 656 260 742 295; x_wconf 79' lang='lat' dir='ltr'><strong>magis</strong></span> <span class='ocrx_word' id='word_1_28' title='bbox 751 267 831 294; x_wconf 88' lang='lat' dir='ltr'><strong>quam</strong></span> <span class='ocrx_word' id='word_1_29' title='bbox 848 264 911 287; x_wconf 88' lang='lat' dir='ltr'><strong>ante</strong></span> <span class='ocrx_word' id='word_1_30' title='bbox 930 260 1016 288; x_wconf 87' lang='lat' dir='ltr'><strong>hostis</strong></span> 
     </span>
    </p>
   </div>
   <div class='ocr_carea' id='block_1_7' title="bbox 232 305 1014 341">
    <p class='ocr_par' dir='ltr' id='par_1_7' title="bbox 232 305 1014 341">
     <span class='ocr_line' id='line_1_7' title="bbox 232 305 1014 341; baseline 0 -8"><span class='ocrx_word' id='word_1_31' title='bbox 232 306 377 333; x_wconf 85' lang='lat' dir='ltr'><strong>adversum</strong></span> <span class='ocrx_word' id='word_1_32' title='bbox 393 309 420 333; x_wconf 89' lang='lat' dir='ltr'><strong>te</strong></span> <span class='ocrx_word' id='word_1_33' title='bbox 437 305 546 340; x_wconf 75' lang='lat' dir='ltr'><strong>vigilat,</strong></span> <span class='ocrx_word' id='word_1_34' title='bbox 562 310 642 340; x_wconf 83' lang='lat' dir='ltr'><strong>atque</strong></span> <span class='ocrx_word' id='word_1_35' title='bbox 659 305 829 341; x_wconf 80' lang='lat' dir='ltr'><strong>ingravatum</strong></span> <span class='ocrx_word' id='word_1_36' title='bbox 852 307 1014 334; x_wconf 86' lang='lat' dir='ltr'><strong>estbellum.</strong></span> 
     </span>
    </p>
   </div>
   <div class='ocr_carea' id='block_1_8' title="bbox 233 342 1016 386">
    <p class='ocr_par' dir='ltr' id='par_1_8' title="bbox 233 342 1016 386">
     <span class='ocr_line' id='line_1_8' title="bbox 233 342 1016 386; baseline 0.001 -8"><span class='ocrx_word' id='word_1_37' title='bbox 233 351 301 379; x_wconf 85' lang='lat' dir='ltr'><strong>Dum</strong></span> <span class='ocrx_word' id='word_1_38' title='bbox 321 352 446 386; x_wconf 89' lang='lat' dir='ltr'><strong>captivus</strong></span> <span class='ocrx_word' id='word_1_39' title='bbox 471 359 545 383; x_wconf 83' lang='lat' dir='ltr'><strong>eras,</strong></span> <span class='ocrx_word' id='word_1_40' title='bbox 563 359 594 378; x_wconf 87' lang='lat' dir='ltr'><strong>ac</strong></span> <span class='ocrx_word' id='word_1_41' title='bbox 605 359 702 378; x_wconf 87' lang='lat' dir='ltr'><strong>servus</strong></span> <span class='ocrx_word' id='word_1_42' title='bbox 718 351 832 383; x_wconf 89' lang='lat' dir='ltr'><strong>inimici,</strong></span> <span class='ocrx_word' id='word_1_43' title='bbox 846 342 908 378; x_wconf 74' lang='lat' dir='ltr'><strong>eum</strong></span> <span class='ocrx_word' id='word_1_44' title='bbox 922 355 948 379; x_wconf 89' lang='lat' dir='ltr'><strong>te</strong></span> <span class='ocrx_word' id='word_1_45' title='bbox 964 352 1016 379; x_wconf 85' lang='lat' dir='ltr'><strong>sub</strong></span> 
     </span>
    </p>
   </div>
   <div class='ocr_carea' id='block_1_9' title="bbox 232 397 1014 432">
    <p class='ocr_par' dir='ltr' id='par_1_9' title="bbox 232 397 1014 432">
     <span class='ocr_line' id='line_1_9' title="bbox 232 397 1014 432; baseline 0.003 -9"><span class='ocrx_word' id='word_1_46' title='bbox 232 398 346 431; x_wconf 89' lang='lat' dir='ltr'><strong>imperio</strong></span> <span class='ocrx_word' id='word_1_47' title='bbox 359 401 474 429; x_wconf 86' lang='lat' dir='ltr'><strong>teneret,</strong></span> <span class='ocrx_word' id='word_1_48' title='bbox 487 397 662 424; x_wconf 83' lang='lat' dir='ltr'><strong>noncurabat</strong></span> <span class='ocrx_word' id='word_1_49' title='bbox 682 401 708 424; x_wconf 89' lang='lat' dir='ltr'><strong>te</strong></span> <span class='ocrx_word' id='word_1_50' title='bbox 723 405 895 432; x_wconf 81' lang='lat' dir='ltr'><strong>oppugnare;</strong></span> <span class='ocrx_word' id='word_1_51' title='bbox 913 402 941 424; x_wconf 90' lang='lat' dir='ltr'><strong>at</strong></span> <span class='ocrx_word' id='word_1_52' title='bbox 954 405 1014 425; x_wconf 91' lang='lat' dir='ltr'><strong>cum</strong></span> 
     </span>
    </p>
   </div>
   <div class='ocr_carea' id='block_1_10' title="bbox 231 443 1015 480">
    <p class='ocr_par' dir='ltr' id='par_1_10' title="bbox 231 443 1015 480">
     <span class='ocr_line' id='line_1_10' title="bbox 231 443 1015 480; baseline 0.001 -10"><span class='ocrx_word' id='word_1_53' title='bbox 231 443 341 471; x_wconf 86' lang='lat' dir='ltr'><strong>Christo</strong></span> <span class='ocrx_word' id='word_1_54' title='bbox 357 452 454 472; x_wconf 89' lang='lat' dir='ltr'><strong>nomen</strong></span> <span class='ocrx_word' id='word_1_55' title='bbox 471 444 582 476; x_wconf 86' lang='lat' dir='ltr'><strong>dedisti,</strong></span> <span class='ocrx_word' id='word_1_56' title='bbox 603 448 685 479; x_wconf 90' lang='lat' dir='ltr'><strong>atque</strong></span> <span class='ocrx_word' id='word_1_57' title='bbox 700 444 734 471; x_wconf 90' lang='lat' dir='ltr'><strong>ab</strong></span> <span class='ocrx_word' id='word_1_58' title='bbox 746 444 824 471; x_wconf 87' lang='lat' dir='ltr'><strong>hoste</strong></span> <span class='ocrx_word' id='word_1_59' title='bbox 848 444 963 480; x_wconf 78' lang='lat' dir='ltr'><strong>fugiens,</strong></span> <span class='ocrx_word' id='word_1_60' title='bbox 981 444 1015 471; x_wconf 89' lang='lat' dir='ltr'><strong>ad</strong></span> 
     </span>
    </p>
   </div>
   <div class='ocr_carea' id='block_1_11' title="bbox 233 488 1016 524">
    <p class='ocr_par' dir='ltr' id='par_1_11' title="bbox 233 488 1016 524">
     <span class='ocr_line' id='line_1_11' title="bbox 233 488 1016 524; baseline 0 -8"><span class='ocrx_word' id='word_1_61' title='bbox 233 488 377 516; x_wconf 89' lang='lat' dir='ltr'><strong>Dominum</strong></span> <span class='ocrx_word' id='word_1_62' title='bbox 393 490 537 517; x_wconf 83' lang='lat' dir='ltr'><strong>accurristi</strong></span> <span class='ocrx_word' id='word_1_63' title='bbox 550 510 556 520; x_wconf 82' lang='lat'><strong>,</strong></span> <span class='ocrx_word' id='word_1_64' title='bbox 571 493 598 516; x_wconf 81' lang='lat' dir='ltr'><strong>ct</strong></span> <span class='ocrx_word' id='word_1_65' title='bbox 622 497 637 516; x_wconf 89' lang='lat' dir='ltr'><strong>a</strong></span> <span class='ocrx_word' id='word_1_66' title='bbox 660 490 724 524; x_wconf 86' lang='lat' dir='ltr'><strong>lupo</strong></span> <span class='ocrx_word' id='word_1_67' title='bbox 748 490 883 523; x_wconf 81' lang='lat' dir='ltr'><strong>resiliens,</strong></span> <span class='ocrx_word' id='word_1_68' title='bbox 901 490 964 516; x_wconf 86' lang='lat' dir='ltr'><strong>ovili</strong></span> <span class='ocrx_word' id='word_1_69' title='bbox 985 497 1016 517; x_wconf 88' lang='lat' dir='ltr'><strong>es</strong></span> 
     </span>
    </p>
   </div>
   <div class='ocr_carea' id='block_1_12' title="bbox 233 533 1015 569">
    <p class='ocr_par' dir='ltr' id='par_1_12' title="bbox 233 533 1015 569">
     <span class='ocr_line' id='line_1_12' title="bbox 233 533 1015 569; baseline 0.001 -10"><span class='ocrx_word' id='word_1_70' title='bbox 233 537 412 568; x_wconf 75' lang='lat' dir='ltr'><strong>aggregatus;</strong></span> <span class='ocrx_word' id='word_1_71' title='bbox 438 539 464 560; x_wconf 94' lang='lat' dir='ltr'><strong>te</strong></span> <span class='ocrx_word' id='word_1_72' title='bbox 489 535 566 568; x_wconf 91' lang='lat' dir='ltr'><strong>quasi</strong></span> <span class='ocrx_word' id='word_1_73' title='bbox 596 533 734 568; x_wconf 86' lang='lat' dir='ltr'><strong>antiquam</strong></span> <span class='ocrx_word' id='word_1_74' title='bbox 758 534 875 569; x_wconf 64' lang='lat' dir='ltr'><strong>prxdam</strong></span> <span class='ocrx_word' id='word_1_75' title='bbox 902 534 1015 566; x_wconf 90' lang='lat' dir='ltr'><strong>invadit,</strong></span> 
     </span>
    </p>
   </div>
   <div class='ocr_carea' id='block_1_13' title="bbox 232 578 1016 613">
    <p class='ocr_par' dir='ltr' id='par_1_13' title="bbox 232 578 1016 613">
     <span class='ocr_line' id='line_1_13' title="bbox 232 578 1016 613; baseline 0.004 -10"><span class='ocrx_word' id='word_1_76' title='bbox 232 579 325 606; x_wconf 88' lang='lat' dir='ltr'><strong>multis</strong></span> <span class='ocrx_word' id='word_1_77' title='bbox 340 578 498 613; x_wconf 76' lang='lat' dir='ltr'><strong>excogitatis</strong></span> <span class='ocrx_word' id='word_1_78' title='bbox 513 579 594 606; x_wconf 88' lang='lat' dir='ltr'><strong>dolis.</strong></span> <span class='ocrx_word' id='word_1_79' title='bbox 613 579 654 605; x_wconf 83' lang='lat' dir='ltr'><strong>Ad</strong></span> <span class='ocrx_word' id='word_1_80' title='bbox 677 579 734 605; x_wconf 76' lang='lat' dir='ltr'><strong>inec</strong></span> <span class='ocrx_word' id='word_1_81' title='bbox 760 587 810 606; x_wconf 91' lang='lat' dir='ltr'><strong>nos</strong></span> <span class='ocrx_word' id='word_1_82' title='bbox 834 583 925 606; x_wconf 88' lang='lat' dir='ltr'><strong>castra</strong></span> <span class='ocrx_word' id='word_1_83' title='bbox 951 579 1016 607; x_wconf 86' lang='lat' dir='ltr'><strong>bea-</strong></span> 
     </span>
    </p>
   </div>
   <div class='ocr_carea' id='block_1_14' title="bbox 233 623 1014 659">
    <p class='ocr_par' dir='ltr' id='par_1_14' title="bbox 233 623 1014 659">
     <span class='ocr_line' id='line_1_14' title="bbox 233 623 1014 659; baseline 0.004 -10"><span class='ocrx_word' id='word_1_84' title='bbox 233 627 278 650; x_wconf 88' lang='lat' dir='ltr'><strong>tus</strong></span> <span class='ocrx_word' id='word_1_85' title='bbox 291 623 396 658; x_wconf 77' lang='lat' dir='ltr'><strong>inungit</strong></span> <span class='ocrx_word' id='word_1_86' title='bbox 409 627 436 650; x_wconf 85' lang='lat' dir='ltr'><strong>et</strong></span> <span class='ocrx_word' id='word_1_87' title='bbox 452 624 544 650; x_wconf 77' lang='lat' dir='ltr'><strong>invitat</strong></span> <span class='ocrx_word' id='word_1_88' title='bbox 566 623 678 655; x_wconf 84' lang='lat' dir='ltr'><strong>Paulus,</strong></span> <span class='ocrx_word' id='word_1_89' title='bbox 689 624 822 659; x_wconf 83' lang='lat' dir='ltr'><strong>ducisque</strong></span> <span class='ocrx_word' id='word_1_90' title='bbox 845 625 930 652; x_wconf 86' lang='lat' dir='ltr'><strong>instar</strong></span> <span class='ocrx_word' id='word_1_91' title='bbox 945 632 1014 659; x_wconf 60' lang='lat' dir='ltr'><strong>pra;-</strong></span> 
     </span>
    </p>
   </div>
   <div class='ocr_carea' id='block_1_15' title="bbox 231 668 1016 705">
    <p class='ocr_par' dir='ltr' id='par_1_15' title="bbox 231 668 1016 705">
     <span class='ocr_line' id='line_1_15' title="bbox 231 668 1016 705; baseline 0.004 -11"><span class='ocrx_word' id='word_1_92' title='bbox 231 673 309 701; x_wconf 90' lang='lat' dir='ltr'><strong>cepta</strong></span> <span class='ocrx_word' id='word_1_93' title='bbox 326 668 427 694; x_wconf 87' lang='lat' dir='ltr'><strong>tradit:</strong></span> <span class='ocrx_word' id='word_1_94' title='bbox 452 677 460 693; x_wconf 79' lang='grc' dir='ltr'><strong>ι</strong></span> <span class='ocrx_word' id='word_1_95' title='bbox 477 668 535 695; x_wconf 80' lang='lat' dir='ltr'><strong>Non</strong></span> <span class='ocrx_word' id='word_1_96' title='bbox 560 673 602 696; x_wconf 90' lang='lat' dir='ltr'><strong>est</strong></span> <span class='ocrx_word' id='word_1_97' title='bbox 621 670 709 701; x_wconf 85' lang='lat' dir='ltr'><strong>nobis,</strong></span> <span class='ocrx_word' id='word_1_98' title='bbox 729 680 738 694; x_wconf 76' lang='grc' dir='ltr'><strong>ι</strong></span> <span class='ocrx_word' id='word_1_99' title='bbox 759 670 865 705; x_wconf 80' lang='lat' dir='ltr'><strong>inquit,</strong></span> <span class='ocrx_word' id='word_1_100' title='bbox 892 679 901 696; x_wconf 78' lang='grc' dir='ltr'><strong>ι</strong></span> <span class='ocrx_word' id='word_1_101' title='bbox 928 671 1016 697; x_wconf 88' lang='lat' dir='ltr'><strong>collu-</strong></span> 
     </span>
    </p>
   </div>
   <div class='ocr_carea' id='block_1_16' title="bbox 232 714 1016 750">
    <p class='ocr_par' dir='ltr' id='par_1_16' title="bbox 232 714 1016 750">
     <span class='ocr_line' id='line_1_16' title="bbox 232 714 1016 750; baseline 0.006 -11"><span class='ocrx_word' id='word_1_102' title='bbox 232 714 316 740; x_wconf 91' lang='lat' dir='ltr'><strong>ctatio</strong></span> <span class='ocrx_word' id='word_1_103' title='bbox 339 714 470 741; x_wconf 86' lang='lat' dir='ltr'><strong>adversus</strong></span> <span class='ocrx_word' id='word_1_104' title='bbox 486 722 595 741; x_wconf 87' lang='lat' dir='ltr'><strong>carnem</strong></span> <span class='ocrx_word' id='word_1_105' title='bbox 612 719 638 742; x_wconf 86' lang='lat' dir='ltr'><strong>et</strong></span> <span class='ocrx_word' id='word_1_106' title='bbox 655 715 830 750; x_wconf 82' lang='lat' dir='ltr'><strong>sanguinem:</strong></span> <span class='ocrx_word' id='word_1_107' title='bbox 845 716 893 744; x_wconf 76' lang='lat' dir='ltr'><strong>sed</strong></span> <span class='ocrx_word' id='word_1_108' title='bbox 922 717 1016 744; x_wconf 86' lang='lat' dir='ltr'><strong>adver-</strong></span> 
     </span>
    </p>
   </div>
   <div class='ocr_carea' id='block_1_17' title="bbox 231 759 1017 794">
    <p class='ocr_par' dir='ltr' id='par_1_17' title="bbox 231 759 1017 794">
     <span class='ocr_line' id='line_1_17' title="bbox 231 759 1017 794; baseline 0.006 -10"><span class='ocrx_word' id='word_1_109' title='bbox 231 765 279 785; x_wconf 88' lang='lat' dir='ltr'><strong>sus</strong></span> <span class='ocrx_word' id='word_1_110' title='bbox 294 759 461 793; x_wconf 82' lang='lat' dir='ltr'><strong>principatus</strong></span> <span class='ocrx_word' id='word_1_111' title='bbox 471 763 496 786; x_wconf 89' lang='lat' dir='ltr'><strong>et</strong></span> <span class='ocrx_word' id='word_1_112' title='bbox 506 764 662 794; x_wconf 80' lang='lat' dir='ltr'><strong>potestates,</strong></span> <span class='ocrx_word' id='word_1_113' title='bbox 674 761 806 788; x_wconf 87' lang='lat' dir='ltr'><strong>adversus</strong></span> <span class='ocrx_word' id='word_1_114' title='bbox 821 762 914 789; x_wconf 90' lang='lat' dir='ltr'><strong>mundi</strong></span> <span class='ocrx_word' id='word_1_115' title='bbox 932 766 1017 790; x_wconf 84' lang='lat' dir='ltr'><strong>recto-</strong></span> 
     </span>
    </p>
   </div>
   <div class='ocr_carea' id='block_1_18' title="bbox 232 804 1015 842">
    <p class='ocr_par' dir='ltr' id='par_1_18' title="bbox 232 804 1015 842">
     <span class='ocr_line' id='line_1_18' title="bbox 232 804 1015 842; baseline 0.006 -12"><span class='ocrx_word' id='word_1_116' title='bbox 232 811 277 830; x_wconf 87' lang='lat' dir='ltr'><strong>res</strong></span> <span class='ocrx_word' id='word_1_117' title='bbox 299 804 472 831; x_wconf 85' lang='lat' dir='ltr'><strong>tenebrarum</strong></span> <span class='ocrx_word' id='word_1_118' title='bbox 502 806 582 840; x_wconf 89' lang='lat' dir='ltr'><strong>hujus</strong></span> <span class='ocrx_word' id='word_1_119' title='bbox 606 807 698 833; x_wconf 63' lang='grc' dir='ltr'>ηουιὶ</span> <span class='ocrx_word' id='word_1_120' title='bbox 716 815 722 832; x_wconf 91' lang='lat'><strong>:</strong></span> <span class='ocrx_word' id='word_1_121' title='bbox 740 811 836 834; x_wconf 89' lang='lat' dir='ltr'><strong>contra</strong></span> <span class='ocrx_word' id='word_1_122' title='bbox 862 808 1015 842; x_wconf 84' lang='lat' dir='ltr'><strong>spiritualia</strong></span> 
     </span>
    </p>
   </div>
   <div class='ocr_carea' id='block_1_19' title="bbox 232 850 1010 889">
    <p class='ocr_par' dir='ltr' id='par_1_19' title="bbox 232 850 1010 889">
     <span class='ocr_line' id='line_1_19' title="bbox 232 850 1010 889; baseline 0.006 -13"><span class='ocrx_word' id='word_1_123' title='bbox 232 851 358 883; x_wconf 63' lang='lat' dir='ltr'><strong>nequitiae</strong></span> <span class='ocrx_word' id='word_1_124' title='bbox 376 851 407 877; x_wconf 83' lang='grc'><strong>²⁹.</strong></span> <span class='ocrx_word' id='word_1_125' title='bbox 430 859 438 876; x_wconf 74' lang='grc' dir='ltr'><strong>ι</strong></span> <span class='ocrx_word' id='word_1_126' title='bbox 454 850 539 878; x_wconf 80' lang='lat' dir='ltr'><strong>\‘iden</strong></span> <span class='ocrx_word' id='word_1_127' title='bbox 553 852 671 879; x_wconf 90' lang='lat' dir='ltr'><strong>hostium</strong></span> <span class='ocrx_word' id='word_1_128' title='bbox 688 860 793 887; x_wconf 77' lang='lat' dir='ltr'><strong>agmen,</strong></span> <span class='ocrx_word' id='word_1_129' title='bbox 807 853 1010 889; x_wconf 78' lang='lat' dir='ltr'><strong>ferventemque</strong></span> 
     </span>
    </p>
   </div>
   <div class='ocr_carea' id='block_1_20' title="bbox 232 887 1050 933">
    <p class='ocr_par' dir='ltr' id='par_1_20' title="bbox 232 887 1050 933">
     <span class='ocr_line' id='line_1_20' title="bbox 232 887 1050 933; baseline 0.009 -13"><span class='ocrx_word' id='word_1_130' title='bbox 232 896 369 930; x_wconf 76' lang='lat' dir='ltr'><strong>pugnam?</strong></span> <span class='ocrx_word' id='word_1_131' title='bbox 387 895 470 930; x_wconf 85' lang='lat' dir='ltr'><strong>Cujus</strong></span> <span class='ocrx_word' id='word_1_132' title='bbox 492 905 557 932; x_wconf 78' lang='lat' dir='ltr'><strong>ergo</strong></span> <span class='ocrx_word' id='word_1_133' title='bbox 584 898 670 932; x_wconf 75' lang='lat' dir='ltr'><strong>gratia</strong></span> <span class='ocrx_word' id='word_1_134' title='bbox 693 897 792 925; x_wconf 86' lang='lat' dir='ltr'><strong>bellum</strong></span> <span class='ocrx_word' id='word_1_135' title='bbox 808 899 931 933; x_wconf 78' lang='lat' dir='ltr'><strong>geritur?</strong></span> <span class='ocrx_word' id='word_1_136' title='bbox 945 887 1010 933; x_wconf 31' lang='lat' dir='ltr'><strong>Q‘ua:</strong></span> <span class='ocrx_word' id='word_1_137' title='bbox 1029 887 1050 914; x_wconf 73' lang='grc' dir='ltr'><strong>Β</strong></span> 
     </span>
    </p>
   </div>
   <div class='ocr_carea' id='block_1_21' title="bbox 232 938 1016 977">
    <p class='ocr_par' dir='ltr' id='par_1_21' title="bbox 232 938 1016 977">
     <span class='ocr_line' id='line_1_21' title="bbox 232 938 1016 977; baseline 0.01 -13"><span class='ocrx_word' id='word_1_138' title='bbox 232 938 307 965; x_wconf 84' lang='lat' dir='ltr'><strong>lucra</strong></span> <span class='ocrx_word' id='word_1_139' title='bbox 325 941 437 975; x_wconf 75' lang='lat' dir='ltr'><strong>pugnae?</strong></span> <span class='ocrx_word' id='word_1_140' title='bbox 457 941 527 968; x_wconf 86' lang='lat' dir='ltr'><strong>Idem</strong></span> <span class='ocrx_word' id='word_1_141' title='bbox 544 942 602 976; x_wconf 83' lang='lat' dir='ltr'><strong>ipse</strong></span> <span class='ocrx_word' id='word_1_142' title='bbox 621 941 674 968; x_wconf 81' lang='lat' dir='ltr'><strong>dux</strong></span> <span class='ocrx_word' id='word_1_143' title='bbox 693 942 834 977; x_wconf 68' lang='lat' dir='ltr'><strong>subiungit.</strong></span> <span class='ocrx_word' id='word_1_144' title='bbox 850 953 857 971; x_wconf 90' lang='lat'><strong>:</strong></span> <span class='ocrx_word' id='word_1_145' title='bbox 880 953 889 968; x_wconf 77' lang='grc' dir='ltr'><strong>ι</strong></span> <span class='ocrx_word' id='word_1_146' title='bbox 914 944 942 970; x_wconf 94' lang='lat' dir='ltr'><strong>ln</strong></span> <span class='ocrx_word' id='word_1_147' title='bbox 959 953 1016 972; x_wconf 66' lang='grc' dir='ltr'><strong>ρω-</strong></span> 
     </span>
    </p>
   </div>
   <div class='ocr_carea' id='block_1_22' title="bbox 233 983 1014 1022">
    <p class='ocr_par' dir='ltr' id='par_1_22' title="bbox 233 983 1014 1022">
     <span class='ocr_line' id='line_1_22' title="bbox 233 983 1014 1022; baseline 0.009 -13"><span class='ocrx_word' id='word_1_148' title='bbox 233 983 358 1014; x_wconf 84' lang='lat' dir='ltr'><strong>lestibus.</strong></span> <span class='ocrx_word' id='word_1_149' title='bbox 370 994 379 1010; x_wconf 79' lang='grc' dir='ltr'><strong>ι</strong></span> <span class='ocrx_word' id='word_1_150' title='bbox 395 985 420 1011; x_wconf 89' lang='lat' dir='ltr'><strong>id</strong></span> <span class='ocrx_word' id='word_1_151' title='bbox 433 990 483 1016; x_wconf 78' lang='lat' dir='ltr'><strong>est,</strong></span> <span class='ocrx_word' id='word_1_152' title='bbox 494 993 542 1020; x_wconf 79' lang='lat' dir='ltr'><strong>pro</strong></span> <span class='ocrx_word' id='word_1_153' title='bbox 553 986 710 1014; x_wconf 72' lang='lat' dir='ltr'><strong>cmlestibus</strong></span> <span class='ocrx_word' id='word_1_154' title='bbox 724 988 953 1022; x_wconf 85' lang='lat' dir='ltr'><strong>possessionibus.</strong></span> <span class='ocrx_word' id='word_1_155' title='bbox 963 989 1014 1016; x_wconf 85' lang='lat' dir='ltr'><strong>Pro</strong></span> 
     </span>
    </p>
   </div>
   <div class='ocr_carea' id='block_1_23' title="bbox 232 1028 1016 1069">
    <p class='ocr_par' dir='ltr' id='par_1_23' title="bbox 232 1028 1016 1069">
     <span class='ocr_line' id='line_1_23' title="bbox 232 1028 1016 1069; baseline 0.009 -14"><span class='ocrx_word' id='word_1_156' title='bbox 232 1028 436 1064; x_wconf 84' lang='lat' dir='ltr'><strong>incorruptione</strong></span> <span class='ocrx_word' id='word_1_157' title='bbox 449 1035 546 1063; x_wconf 88' lang='lat' dir='ltr'><strong>armat,</strong></span> <span class='ocrx_word' id='word_1_158' title='bbox 563 1040 613 1067; x_wconf 90' lang='lat' dir='ltr'><strong>pro</strong></span> <span class='ocrx_word' id='word_1_159' title='bbox 627 1032 847 1061; x_wconf 84' lang='lat' dir='ltr'><strong>immutabilitate</strong></span> <span class='ocrx_word' id='word_1_160' title='bbox 859 1038 970 1069; x_wconf 77' lang='lat' dir='ltr'><strong>pugnat,</strong></span> <span class='ocrx_word' id='word_1_161' title='bbox 986 1040 1016 1062; x_wconf 86' lang='lat' dir='ltr'><strong>ut</strong></span> 
     </span>
    </p>
   </div>
   <div class='ocr_carea' id='block_1_24' title="bbox 232 1075 1014 1113">
    <p class='ocr_par' dir='ltr' id='par_1_24' title="bbox 232 1075 1014 1113">
     <span class='ocr_line' id='line_1_24' title="bbox 232 1075 1014 1113; baseline 0.009 -13"><span class='ocrx_word' id='word_1_162' title='bbox 232 1081 294 1100; x_wconf 88' lang='lat' dir='ltr'><strong>cum</strong></span> <span class='ocrx_word' id='word_1_163' title='bbox 311 1075 422 1102; x_wconf 84' lang='lat' dir='ltr'><strong>Christo</strong></span> <span class='ocrx_word' id='word_1_164' title='bbox 439 1077 474 1103; x_wconf 88' lang='lat' dir='ltr'><strong>sit</strong></span> <span class='ocrx_word' id='word_1_165' title='bbox 495 1077 580 1103; x_wconf 88' lang='lat' dir='ltr'><strong>aciem</strong></span> <span class='ocrx_word' id='word_1_166' title='bbox 601 1077 723 1104; x_wconf 89' lang='lat' dir='ltr'><strong>instruit.</strong></span> <span class='ocrx_word' id='word_1_167' title='bbox 738 1077 785 1106; x_wconf 74' lang='lat' dir='ltr'><strong>liae</strong></span> <span class='ocrx_word' id='word_1_168' title='bbox 799 1079 933 1113; x_wconf 84' lang='lat' dir='ltr'><strong>siquidem</strong></span> <span class='ocrx_word' id='word_1_169' title='bbox 950 1085 1014 1108; x_wconf 91' lang='lat' dir='ltr'><strong>sunt</strong></span> 
     </span>
    </p>
   </div>
   <div class='ocr_carea' id='block_1_25' title="bbox 233 1122 1014 1159">
    <p class='ocr_par' dir='ltr' id='par_1_25' title="bbox 233 1122 1014 1159">
     <span class='ocr_line' id='line_1_25' title="bbox 233 1122 1014 1159; baseline 0.006 -12"><span class='ocrx_word' id='word_1_170' title='bbox 233 1122 360 1150; x_wconf 72' lang='lat' dir='ltr'><strong>cmlestes</strong></span> <span class='ocrx_word' id='word_1_171' title='bbox 370 1122 557 1157; x_wconf 77' lang='lat' dir='ltr'><strong>possessiones</strong></span> <span class='ocrx_word' id='word_1_172' title='bbox 573 1132 579 1149; x_wconf 89' lang='lat'><strong>:</strong></span> <span class='ocrx_word' id='word_1_173' title='bbox 598 1123 648 1150; x_wconf 87' lang='lat' dir='ltr'><strong>has</strong></span> <span class='ocrx_word' id='word_1_174' title='bbox 660 1124 705 1150; x_wconf 88' lang='lat' dir='ltr'><strong>ille</strong></span> <span class='ocrx_word' id='word_1_175' title='bbox 722 1123 809 1158; x_wconf 88' lang='lat' dir='ltr'><strong>abripi</strong></span> <span class='ocrx_word' id='word_1_176' title='bbox 823 1129 942 1159; x_wconf 77' lang='lat' dir='ltr'><strong>exoptat.</strong></span> <span class='ocrx_word' id='word_1_177' title='bbox 956 1124 1014 1153; x_wconf 77' lang='lat' dir='ltr'><strong>Non</strong></span> 
     </span>
    </p>
   </div>
   <div class='ocr_carea' id='block_1_26' title="bbox 233 1166 1014 1198">
    <p class='ocr_par' dir='ltr' id='par_1_26' title="bbox 233 1166 1014 1198">
     <span class='ocr_line' id='line_1_26' title="bbox 233 1166 1014 1198; baseline 0.005 -6"><span class='ocrx_word' id='word_1_178' title='bbox 233 1167 298 1193; x_wconf 89' lang='lat' dir='ltr'><strong>sinit</strong></span> <span class='ocrx_word' id='word_1_179' title='bbox 319 1170 345 1194; x_wconf 86' lang='lat' dir='ltr'><strong>te</strong></span> <span class='ocrx_word' id='word_1_180' title='bbox 367 1166 468 1194; x_wconf 83' lang='lat' dir='ltr'><strong>Paulus</strong></span> <span class='ocrx_word' id='word_1_181' title='bbox 483 1167 584 1194; x_wconf 86' lang='lat' dir='ltr'><strong>nudum</strong></span> <span class='ocrx_word' id='word_1_182' title='bbox 598 1167 745 1198; x_wconf 86' lang='lat' dir='ltr'><strong>dimicare,</strong></span> <span class='ocrx_word' id='word_1_183' title='bbox 760 1168 870 1195; x_wconf 88' lang='lat' dir='ltr'><strong>instruit</strong></span> <span class='ocrx_word' id='word_1_184' title='bbox 884 1172 911 1196; x_wconf 84' lang='lat' dir='ltr'><strong>te</strong></span> <span class='ocrx_word' id='word_1_185' title='bbox 925 1173 1014 1196; x_wconf 84' lang='lat' dir='ltr'><strong>autem</strong></span> 
     </span>
    </p>
   </div>
   <div class='ocr_carea' id='block_1_27' title="bbox 233 1209 1014 1247">
    <p class='ocr_par' dir='ltr' id='par_1_27' title="bbox 233 1209 1014 1247">
     <span class='ocr_line' id='line_1_27' title="bbox 233 1209 1014 1247; baseline 0.006 -11"><span class='ocrx_word' id='word_1_186' title='bbox 233 1209 323 1238; x_wconf 85' lang='lat' dir='ltr'><strong>Patris</strong></span> <span class='ocrx_word' id='word_1_187' title='bbox 340 1212 435 1239; x_wconf 90' lang='lat' dir='ltr'><strong>armis.</strong></span> <span class='ocrx_word' id='word_1_188' title='bbox 453 1211 486 1238; x_wconf 82' lang='lat' dir='ltr'><strong>Et</strong></span> <span class='ocrx_word' id='word_1_189' title='bbox 510 1211 582 1242; x_wconf 76' lang='lat' dir='ltr'><strong>vide,</strong></span> <span class='ocrx_word' id='word_1_190' title='bbox 599 1219 702 1246; x_wconf 71' lang='lat' dir='ltr'><strong>quteso,</strong></span> <span class='ocrx_word' id='word_1_191' title='bbox 718 1219 857 1239; x_wconf 88' lang='lat' dir='ltr'><strong>armorum</strong></span> <span class='ocrx_word' id='word_1_192' title='bbox 880 1213 1014 1247; x_wconf 85' lang='lat' dir='ltr'><strong>ejusmodi</strong></span> 
     </span>
    </p>
   </div>
   <div class='ocr_carea' id='block_1_28' title="bbox 232 1256 1016 1290">
    <p class='ocr_par' dir='ltr' id='par_1_28' title="bbox 232 1256 1016 1290">
     <span class='ocr_line' id='line_1_28' title="bbox 232 1256 1016 1290; baseline 0.006 -9"><span class='ocrx_word' id='word_1_193' title='bbox 232 1256 410 1290; x_wconf 76' lang='lat' dir='ltr'><strong>fulgurquam</strong></span> <span class='ocrx_word' id='word_1_194' title='bbox 422 1256 457 1283; x_wconf 87' lang='lat' dir='ltr'><strong>sit</strong></span> <span class='ocrx_word' id='word_1_195' title='bbox 473 1257 594 1283; x_wconf 88' lang='lat' dir='ltr'><strong>terribile</strong></span> <span class='ocrx_word' id='word_1_196' title='bbox 609 1257 790 1289; x_wconf 87' lang='lat' dir='ltr'><strong>inimicis;ait</strong></span> <span class='ocrx_word' id='word_1_197' title='bbox 803 1257 875 1283; x_wconf 88' lang='lat' dir='ltr'><strong>enim</strong></span> <span class='ocrx_word' id='word_1_198' title='bbox 893 1267 899 1284; x_wconf 92' lang='lat'><strong><em>:</em></strong></span> <span class='ocrx_word' id='word_1_199' title='bbox 914 1267 923 1283; x_wconf 77' lang='grc' dir='ltr'>ἰ</span> <span class='ocrx_word' id='word_1_200' title='bbox 941 1257 1016 1286; x_wconf 84' lang='lat' dir='ltr'><strong>State</strong></span> 
     </span>
    </p>
   </div>
   <div class='ocr_carea' id='block_1_29' title="bbox 232 1302 1014 1336">
    <p class='ocr_par' dir='ltr' id='par_1_29' title="bbox 232 1302 1014 1336">
     <span class='ocr_line' id='line_1_29' title="bbox 232 1302 1014 1336; baseline 0.004 -9"><span class='ocrx_word' id='word_1_201' title='bbox 232 1308 297 1336; x_wconf 78' lang='lat' dir='ltr'><strong>ergo</strong></span> <span class='ocrx_word' id='word_1_202' title='bbox 309 1302 440 1328; x_wconf 88' lang='lat' dir='ltr'><strong>succincti</strong></span> <span class='ocrx_word' id='word_1_203' title='bbox 459 1302 567 1329; x_wconf 88' lang='lat' dir='ltr'><strong>lumbos</strong></span> <span class='ocrx_word' id='word_1_204' title='bbox 587 1307 694 1330; x_wconf 86' lang='lat' dir='ltr'><strong>vestros</strong></span> <span class='ocrx_word' id='word_1_205' title='bbox 707 1302 735 1329; x_wconf 89' lang='lat' dir='ltr'><strong>in</strong></span> <span class='ocrx_word' id='word_1_206' title='bbox 745 1303 871 1333; x_wconf 86' lang='lat' dir='ltr'><strong>veritate,</strong></span> <span class='ocrx_word' id='word_1_207' title='bbox 886 1308 912 1330; x_wconf 91' lang='lat' dir='ltr'><strong>et</strong></span> <span class='ocrx_word' id='word_1_208' title='bbox 926 1303 1014 1330; x_wconf 88' lang='lat' dir='ltr'><strong>induti</strong></span> 
     </span>
    </p>
   </div>
   <div class='ocr_carea' id='block_1_30' title="bbox 232 1347 1016 1384">
    <p class='ocr_par' dir='ltr' id='par_1_30' title="bbox 232 1347 1016 1384">
     <span class='ocr_line' id='line_1_30' title="bbox 232 1347 1016 1384; baseline 0.004 -11"><span class='ocrx_word' id='word_1_209' title='bbox 232 1347 478 1381; x_wconf 67' lang='lat' dir='ltr'><strong>loricamjustitiaz,</strong></span> <span class='ocrx_word' id='word_1_210' title='bbox 492 1352 519 1376; x_wconf 84' lang='lat' dir='ltr'><strong>et</strong></span> <span class='ocrx_word' id='word_1_211' title='bbox 531 1349 645 1375; x_wconf 84' lang='lat' dir='ltr'><strong>calceali</strong></span> <span class='ocrx_word' id='word_1_212' title='bbox 665 1351 747 1384; x_wconf 81' lang='lat' dir='ltr'><strong>pedes</strong></span> <span class='ocrx_word' id='word_1_213' title='bbox 769 1349 797 1376; x_wconf 91' lang='lat' dir='ltr'><strong>in</strong></span> <span class='ocrx_word' id='word_1_214' title='bbox 817 1350 1016 1384; x_wconf 75' lang='lat' dir='ltr'><strong>praeparatione</strong></span> 
     </span>
    </p>
   </div>
   <div class='ocr_carea' id='block_1_31' title="bbox 233 1391 1014 1428">
    <p class='ocr_par' dir='ltr' id='par_1_31' title="bbox 233 1391 1014 1428">
     <span class='ocr_line' id='line_1_31' title="bbox 233 1391 1014 1428; baseline 0.005 -10"><span class='ocrx_word' id='word_1_215' title='bbox 233 1391 370 1428; x_wconf 76' lang='lat' dir='ltr'><strong>Evangelii</strong></span> <span class='ocrx_word' id='word_1_216' title='bbox 388 1394 479 1428; x_wconf 77' lang='lat' dir='ltr'><strong>pacis;</strong></span> <span class='ocrx_word' id='word_1_217' title='bbox 497 1402 579 1428; x_wconf 87' lang='lat' dir='ltr'><strong>super</strong></span> <span class='ocrx_word' id='word_1_218' title='bbox 598 1395 688 1421; x_wconf 90' lang='lat' dir='ltr'><strong>omnia</strong></span> <span class='ocrx_word' id='word_1_219' title='bbox 716 1400 890 1422; x_wconf 84' lang='lat' dir='ltr'><strong>assumentes</strong></span> <span class='ocrx_word' id='word_1_220' title='bbox 906 1400 1014 1423; x_wconf 88' lang='lat' dir='ltr'><strong>scutum</strong></span> 
     </span>
    </p>
   </div>
   <div class='ocr_carea' id='block_1_32' title="bbox 233 1437 1015 1477">
    <p class='ocr_par' dir='ltr' id='par_1_32' title="bbox 233 1437 1015 1477">
     <span class='ocr_line' id='line_1_32' title="bbox 233 1437 1015 1477; baseline 0.006 -13"><span class='ocrx_word' id='word_1_221' title='bbox 233 1437 306 1471; x_wconf 83' lang='lat' dir='ltr'><strong>ﬁdei,</strong></span> <span class='ocrx_word' id='word_1_222' title='bbox 324 1439 351 1465; x_wconf 92' lang='lat' dir='ltr'><strong>in</strong></span> <span class='ocrx_word' id='word_1_223' title='bbox 366 1447 420 1474; x_wconf 91' lang='lat' dir='ltr'><strong>quo</strong></span> <span class='ocrx_word' id='word_1_224' title='bbox 436 1440 548 1474; x_wconf 88' lang='lat' dir='ltr'><strong>possitis</strong></span> <span class='ocrx_word' id='word_1_225' title='bbox 571 1441 661 1468; x_wconf 87' lang='lat' dir='ltr'><strong>omnia</strong></span> <span class='ocrx_word' id='word_1_226' title='bbox 682 1442 734 1468; x_wconf 91' lang='lat' dir='ltr'><strong>tela</strong></span> <span class='ocrx_word' id='word_1_227' title='bbox 759 1442 920 1476; x_wconf 88' lang='lat' dir='ltr'><strong>nequissimi</strong></span> <span class='ocrx_word' id='word_1_228' title='bbox 938 1443 1015 1477; x_wconf 78' lang='lat' dir='ltr'><strong>ignea</strong></span> 
     </span>
    </p>
   </div>
   <div class='ocr_carea' id='block_1_33' title="bbox 233 1485 1016 1523">
    <p class='ocr_par' dir='ltr' id='par_1_33' title="bbox 233 1485 1016 1523">
     <span class='ocr_line' id='line_1_33' title="bbox 233 1485 1016 1523; baseline 0.005 -12"><span class='ocrx_word' id='word_1_229' title='bbox 233 1485 425 1520; x_wconf 78' lang='lat' dir='ltr'><strong>exstinguere:</strong></span> <span class='ocrx_word' id='word_1_230' title='bbox 450 1490 476 1513; x_wconf 91' lang='lat' dir='ltr'><strong>et</strong></span> <span class='ocrx_word' id='word_1_231' title='bbox 499 1487 603 1521; x_wconf 76' lang='lat' dir='ltr'><strong>galeam</strong></span> <span class='ocrx_word' id='word_1_232' title='bbox 626 1487 722 1515; x_wconf 86' lang='lat' dir='ltr'><strong>salutis</strong></span> <span class='ocrx_word' id='word_1_233' title='bbox 751 1488 882 1522; x_wconf 87' lang='lat' dir='ltr'><strong>accipite;</strong></span> <span class='ocrx_word' id='word_1_234' title='bbox 902 1492 929 1514; x_wconf 89' lang='lat' dir='ltr'><strong>et</strong></span> <span class='ocrx_word' id='word_1_235' title='bbox 957 1488 1016 1523; x_wconf 65' lang='grc' dir='ltr'>εἰοι-</span> 
     </span>
    </p>
   </div>
   <div class='ocr_carea' id='block_1_34' title="bbox 232 1530 1016 1567">
    <p class='ocr_par' dir='ltr' id='par_1_34' title="bbox 232 1530 1016 1567">
     <span class='ocr_line' id='line_1_34' title="bbox 232 1530 1016 1567; baseline 0.005 -10"><span class='ocrx_word' id='word_1_236' title='bbox 232 1530 307 1558; x_wconf 94' lang='lat' dir='ltr'><strong>dium</strong></span> <span class='ocrx_word' id='word_1_237' title='bbox 323 1531 451 1566; x_wconf 84' lang='lat' dir='ltr'><strong>Spiritus,</strong></span> <span class='ocrx_word' id='word_1_238' title='bbox 469 1532 541 1567; x_wconf 87' lang='lat' dir='ltr'><strong>quod</strong></span> <span class='ocrx_word' id='word_1_239' title='bbox 553 1536 594 1560; x_wconf 87' lang='lat' dir='ltr'><strong>est</strong></span> <span class='ocrx_word' id='word_1_240' title='bbox 608 1533 721 1560; x_wconf 89' lang='lat' dir='ltr'><strong>verbum</strong></span> <span class='ocrx_word' id='word_1_241' title='bbox 742 1533 787 1561; x_wconf 88' lang='lat' dir='ltr'><strong>Dei</strong></span> <span class='ocrx_word' id='word_1_242' title='bbox 803 1534 836 1561; x_wconf 74' lang='grc' dir='ltr'><strong>³ο.</strong></span> <span class='ocrx_word' id='word_1_243' title='bbox 854 1544 863 1560; x_wconf 75' lang='grc' dir='ltr'><strong>ι</strong></span> <span class='ocrx_word' id='word_1_244' title='bbox 879 1534 1016 1562; x_wconf 76' lang='lat' dir='ltr'><strong>Adversus</strong></span> 
     </span>
    </p>
   </div>
   <div class='ocr_carea' id='block_1_35' title="bbox 232 1566 1049 1610">
    <p class='ocr_par' dir='ltr' id='par_1_35' title="bbox 232 1566 1049 1610">
     <span class='ocr_line' id='line_1_35' title="bbox 232 1566 1049 1610; baseline 0.005 -7"><span class='ocrx_word' id='word_1_245' title='bbox 232 1577 382 1605; x_wconf 86' lang='lat' dir='ltr'><strong>invisibiles</strong></span> <span class='ocrx_word' id='word_1_246' title='bbox 394 1578 496 1610; x_wconf 83' lang='lat' dir='ltr'><strong>hostes,</strong></span> <span class='ocrx_word' id='word_1_247' title='bbox 515 1579 697 1607; x_wconf 88' lang='lat' dir='ltr'><strong>invisibilibus</strong></span> <span class='ocrx_word' id='word_1_248' title='bbox 710 1587 760 1607; x_wconf 88' lang='lat' dir='ltr'><strong>nos</strong></span> <span class='ocrx_word' id='word_1_249' title='bbox 774 1580 857 1607; x_wconf 87' lang='lat' dir='ltr'><strong>armis</strong></span> <span class='ocrx_word' id='word_1_250' title='bbox 874 1581 1012 1607; x_wconf 78' lang='lat' dir='ltr'><strong>instruxit.</strong></span> <span class='ocrx_word' id='word_1_251' title='bbox 1029 1566 1049 1592; x_wconf 63' lang='grc' dir='ltr'>Ο</span> 
     </span>
    </p>
   </div>
   <div class='ocr_carea' id='block_1_36' title="bbox 1069 257 1857 294">
    <p class='ocr_par' dir='ltr' id='par_1_36' title="bbox 1069 257 1857 294">
     <span class='ocr_line' id='line_1_36' title="bbox 1069 257 1857 294; baseline -0.004 -7"><span class='ocrx_word' id='word_1_252' title='bbox 1069 261 1123 287; x_wconf 83' lang='grc' dir='ltr'>τῶν</span> <span class='ocrx_word' id='word_1_253' title='bbox 1137 260 1227 286; x_wconf 76' lang='grc' dir='ltr'>ὃπλων</span> <span class='ocrx_word' id='word_1_254' title='bbox 1239 260 1291 294; x_wconf 77' lang='grc' dir='ltr'>τῆς</span> <span class='ocrx_word' id='word_1_255' title='bbox 1308 259 1426 290; x_wconf 78' lang='grc' dir='ltr'>πίστεως</span> <span class='ocrx_word' id='word_1_256' title='bbox 1437 267 1443 273; x_wconf 93' lang='grc'><strong>·</strong></span> <span class='ocrx_word' id='word_1_257' title='bbox 1458 257 1505 285; x_wconf 87' lang='grc' dir='ltr'><strong>νῦν</strong></span> <span class='ocrx_word' id='word_1_258' title='bbox 1523 267 1564 285; x_wconf 87' lang='grc' dir='ltr'><strong>σοι</strong></span> <span class='ocrx_word' id='word_1_259' title='bbox 1582 258 1697 293; x_wconf 75' lang='grc' dir='ltr'>μάλιστα</span> <span class='ocrx_word' id='word_1_260' title='bbox 1711 259 1791 294; x_wconf 74' lang='grc' dir='ltr'>χρεία</span> <span class='ocrx_word' id='word_1_261' title='bbox 1806 260 1857 294; x_wconf 80' lang='grc' dir='ltr'>τῆς</span> 
     </span>
    </p>
   </div>
   <div class='ocr_carea' id='block_1_37' title="bbox 1069 302 1857 339">
    <p class='ocr_par' dir='ltr' id='par_1_37' title="bbox 1069 302 1857 339">
     <span class='ocr_line' id='line_1_37' title="bbox 1069 302 1857 339; baseline -0.001 -8"><span class='ocrx_word' id='word_1_262' title='bbox 1069 304 1230 336; x_wconf 83' lang='grc' dir='ltr'>πανοπλίας.</span> <span class='ocrx_word' id='word_1_263' title='bbox 1247 304 1304 330; x_wconf 74' lang='grc' dir='ltr'>Νῦν</span> <span class='ocrx_word' id='word_1_264' title='bbox 1325 304 1380 339; x_wconf 79' lang='grc' dir='ltr'>γὰρ</span> <span class='ocrx_word' id='word_1_265' title='bbox 1397 302 1466 329; x_wconf 78' lang='grc' dir='ltr'>κατὰ</span> <span class='ocrx_word' id='word_1_266' title='bbox 1485 302 1531 329; x_wconf 85' lang='grc' dir='ltr'><strong>σοῦ</strong></span> <span class='ocrx_word' id='word_1_267' title='bbox 1547 302 1625 329; x_wconf 83' lang='grc' dir='ltr'>πλέον</span> <span class='ocrx_word' id='word_1_268' title='bbox 1642 302 1658 338; x_wconf 79' lang='grc' dir='ltr'>ἢ</span> <span class='ocrx_word' id='word_1_269' title='bbox 1675 302 1720 329; x_wconf 84' lang='grc' dir='ltr'><strong>τοῦ</strong></span> <span class='ocrx_word' id='word_1_270' title='bbox 1737 303 1857 338; x_wconf 61' lang='grc' dir='ltr'>πρόσθεν</span> 
     </span>
    </p>
   </div>
   <div class='ocr_carea' id='block_1_38' title="bbox 1068 347 1846 387">
    <p class='ocr_par' dir='ltr' id='par_1_38' title="bbox 1068 347 1846 387">
     <span class='ocr_line' id='line_1_38' title="bbox 1068 347 1846 387; baseline -0.005 -9"><span class='ocrx_word' id='word_1_271' title='bbox 1068 352 1220 387; x_wconf 79' lang='grc' dir='ltr'><strong>ἐγρήγορεν</strong></span> <span class='ocrx_word' id='word_1_272' title='bbox 1236 351 1250 376; x_wconf 84' lang='grc' dir='ltr'>ὁ</span> <span class='ocrx_word' id='word_1_273' title='bbox 1275 349 1414 384; x_wconf 77' lang='grc' dir='ltr'>πολέμιος,</span> <span class='ocrx_word' id='word_1_274' title='bbox 1431 350 1478 375; x_wconf 78' lang='grc' dir='ltr'><strong>καὶ</strong></span> <span class='ocrx_word' id='word_1_275' title='bbox 1496 347 1666 383; x_wconf 82' lang='grc' dir='ltr'>ὲκραταιώθη</span> <span class='ocrx_word' id='word_1_276' title='bbox 1687 349 1701 374; x_wconf 82' lang='grc' dir='ltr'>ὁ</span> <span class='ocrx_word' id='word_1_277' title='bbox 1723 349 1846 384; x_wconf 79' lang='grc' dir='ltr'>πόλεμος</span> 
     </span>
    </p>
   </div>
   <div class='ocr_carea' id='block_1_39' title="bbox 1068 393 1854 437">
    <p class='ocr_par' dir='ltr' id='par_1_39' title="bbox 1068 393 1854 437">
     <span class='ocr_line' id='line_1_39' title="bbox 1068 393 1854 437; baseline -0.005 -13"><span class='ocrx_word' id='word_1_278' title='bbox 1068 398 1140 429; x_wconf 86' lang='grc' dir='ltr'><strong>Ἕως</strong></span> <span class='ocrx_word' id='word_1_279' title='bbox 1151 396 1321 432; x_wconf 81' lang='grc' dir='ltr'>αἰχμάλωτος</span> <span class='ocrx_word' id='word_1_280' title='bbox 1343 393 1376 430; x_wconf 73' lang='grc' dir='ltr'>ἧς</span> <span class='ocrx_word' id='word_1_281' title='bbox 1392 395 1438 422; x_wconf 77' lang='grc' dir='ltr'><strong>καὶ</strong></span> <span class='ocrx_word' id='word_1_282' title='bbox 1456 394 1546 426; x_wconf 78' lang='grc' dir='ltr'>δοῦλος</span> <span class='ocrx_word' id='word_1_283' title='bbox 1562 394 1610 420; x_wconf 84' lang='grc' dir='ltr'><strong>τοῦ</strong></span> <span class='ocrx_word' id='word_1_284' title='bbox 1631 393 1726 429; x_wconf 76' lang='grc' dir='ltr'>ἐχθροῦ</span> <span class='ocrx_word' id='word_1_285' title='bbox 1743 395 1812 437; x_wconf 62' lang='grc' dir='ltr'>(ιβ),</span> <span class='ocrx_word' id='word_1_286' title='bbox 1825 395 1854 422; x_wconf 57' lang='grc' dir='ltr'>τὶ</span> 
     </span>
    </p>
   </div>
   <div class='ocr_carea' id='block_1_40' title="bbox 1068 440 1852 479">
    <p class='ocr_par' dir='ltr' id='par_1_40' title="bbox 1068 440 1852 479">
     <span class='ocr_line' id='line_1_40' title="bbox 1068 440 1852 479; baseline -0.006 -9"><span class='ocrx_word' id='word_1_287' title='bbox 1068 444 1177 479; x_wconf 82' lang='grc' dir='ltr'>κρατεῖν</span> <span class='ocrx_word' id='word_1_288' title='bbox 1192 443 1260 477; x_wconf 73' lang='grc' dir='ltr'><strong>ἔχων</strong></span> <span class='ocrx_word' id='word_1_289' title='bbox 1285 442 1397 474; x_wconf 80' lang='grc' dir='ltr'>ἐκεῖνος,</span> <span class='ocrx_word' id='word_1_290' title='bbox 1410 440 1454 467; x_wconf 81' lang='grc' dir='ltr'><strong>τοῦ</strong></span> <span class='ocrx_word' id='word_1_291' title='bbox 1474 440 1600 475; x_wconf 82' lang='grc' dir='ltr'><strong>πολεμεῖν</strong></span> <span class='ocrx_word' id='word_1_292' title='bbox 1615 440 1664 466; x_wconf 78' lang='grc' dir='ltr'><strong>οὐκ</strong></span> <span class='ocrx_word' id='word_1_293' title='bbox 1676 440 1852 475; x_wconf 78' lang='grc' dir='ltr'><strong>ἐφρόντιζεν·</strong></span> 
     </span>
    </p>
   </div>
   <div class='ocr_carea' id='block_1_41' title="bbox 1068 486 1856 524">
    <p class='ocr_par' dir='ltr' id='par_1_41' title="bbox 1068 486 1856 524">
     <span class='ocr_line' id='line_1_41' title="bbox 1068 486 1856 524; baseline -0.005 -8"><span class='ocrx_word' id='word_1_294' title='bbox 1068 489 1160 524; x_wconf 79' lang='grc' dir='ltr'>ἐπειδὴ</span> <span class='ocrx_word' id='word_1_295' title='bbox 1179 489 1208 515; x_wconf 82' lang='grc' dir='ltr'><strong>δὲ</strong></span> <span class='ocrx_word' id='word_1_296' title='bbox 1224 487 1292 523; x_wconf 78' lang='grc' dir='ltr'>πρὸς</span> <span class='ocrx_word' id='word_1_297' title='bbox 1306 487 1422 522; x_wconf 75' lang='grc' dir='ltr'>Χριστὸν</span> <span class='ocrx_word' id='word_1_298' title='bbox 1438 486 1614 521; x_wconf 83' lang='grc' dir='ltr'>μετετάχθης,</span> <span class='ocrx_word' id='word_1_299' title='bbox 1630 487 1686 518; x_wconf 69' lang='grc' dir='ltr'>καὶ,</span> <span class='ocrx_word' id='word_1_300' title='bbox 1702 486 1795 521; x_wconf 74' lang='grc' dir='ltr'>φυγὼν</span> <span class='ocrx_word' id='word_1_301' title='bbox 1809 486 1856 512; x_wconf 75' lang='grc' dir='ltr'><strong>τὸν</strong></span> 
     </span>
    </p>
   </div>
   <div class='ocr_carea' id='block_1_42' title="bbox 1069 531 1857 570">
    <p class='ocr_par' dir='ltr' id='par_1_42' title="bbox 1069 531 1857 570">
     <span class='ocr_line' id='line_1_42' title="bbox 1069 531 1857 570; baseline -0.005 -8"><span class='ocrx_word' id='word_1_302' title='bbox 1069 535 1176 570; x_wconf 73' lang='grc' dir='ltr'>ἐχθρὸν,</span> <span class='ocrx_word' id='word_1_303' title='bbox 1189 533 1228 569; x_wconf 77' lang='grc' dir='ltr'>τῷ</span> <span class='ocrx_word' id='word_1_304' title='bbox 1237 533 1361 569; x_wconf 81' lang='grc' dir='ltr'>Δεσπότῃ</span> <span class='ocrx_word' id='word_1_305' title='bbox 1376 531 1572 568; x_wconf 78' lang='grc' dir='ltr'>προσέδραμες,</span> <span class='ocrx_word' id='word_1_306' title='bbox 1587 533 1633 558; x_wconf 79' lang='grc' dir='ltr'><strong>καὶ</strong></span> <span class='ocrx_word' id='word_1_307' title='bbox 1651 532 1731 558; x_wconf 74' lang='grc' dir='ltr'>λύκον</span> <span class='ocrx_word' id='word_1_308' title='bbox 1745 533 1857 568; x_wconf 83' lang='grc' dir='ltr'>ἀποπη-</span> 
     </span>
    </p>
   </div>
   <div class='ocr_carea' id='block_1_43' title="bbox 1067 577 1854 615">
    <p class='ocr_par' dir='ltr' id='par_1_43' title="bbox 1067 577 1854 615">
     <span class='ocr_line' id='line_1_43' title="bbox 1067 577 1854 615; baseline -0.004 -9"><span class='ocrx_word' id='word_1_309' title='bbox 1067 580 1162 615; x_wconf 77' lang='grc' dir='ltr'>δήσας,</span> <span class='ocrx_word' id='word_1_310' title='bbox 1179 578 1344 613; x_wconf 80' lang='grc' dir='ltr'>συνετάχοης</span> <span class='ocrx_word' id='word_1_311' title='bbox 1361 579 1394 613; x_wconf 84' lang='grc' dir='ltr'>τῇ</span> <span class='ocrx_word' id='word_1_312' title='bbox 1410 577 1522 613; x_wconf 80' lang='grc' dir='ltr'><strong>ποίμνῃ,</strong></span> <span class='ocrx_word' id='word_1_313' title='bbox 1538 577 1576 608; x_wconf 80' lang='grc' dir='ltr'>ὡς</span> <span class='ocrx_word' id='word_1_314' title='bbox 1587 577 1704 604; x_wconf 82' lang='grc' dir='ltr'>παλαιάν</span> <span class='ocrx_word' id='word_1_315' title='bbox 1718 586 1747 603; x_wconf 88' lang='grc' dir='ltr'><strong>σε</strong></span> <span class='ocrx_word' id='word_1_316' title='bbox 1765 577 1854 613; x_wconf 77' lang='grc' dir='ltr'>Θήραν</span> 
     </span>
    </p>
   </div>
   <div class='ocr_carea' id='block_1_44' title="bbox 1069 623 1854 660">
    <p class='ocr_par' dir='ltr' id='par_1_44' title="bbox 1069 623 1854 660">
     <span class='ocr_line' id='line_1_44' title="bbox 1069 623 1854 660; baseline -0.001 -9"><span class='ocrx_word' id='word_1_317' title='bbox 1069 625 1238 660; x_wconf 78' lang='grc' dir='ltr'><strong>μετέρχεται,</strong></span> <span class='ocrx_word' id='word_1_318' title='bbox 1247 623 1662 658; x_wconf 77' lang='grc' dir='ltr'>πολυτρόπουςὲκμηχανώμενος</span> <span class='ocrx_word' id='word_1_319' title='bbox 1670 623 1771 655; x_wconf 82' lang='grc' dir='ltr'>δόλους.</span> <span class='ocrx_word' id='word_1_320' title='bbox 1780 624 1854 659; x_wconf 72' lang='grc' dir='ltr'>Πρὸς</span> 
     </span>
    </p>
   </div>
   <div class='ocr_carea' id='block_1_45' title="bbox 1067 668 1852 705">
    <p class='ocr_par' dir='ltr' id='par_1_45' title="bbox 1067 668 1852 705">
     <span class='ocr_line' id='line_1_45' title="bbox 1067 668 1852 705; baseline -0.003 -9"><span class='ocrx_word' id='word_1_321' title='bbox 1067 670 1168 705; x_wconf 79' lang='grc' dir='ltr'>ταύτην</span> <span class='ocrx_word' id='word_1_322' title='bbox 1192 671 1266 705; x_wconf 75' lang='grc' dir='ltr'>ἡμᾶς</span> <span class='ocrx_word' id='word_1_323' title='bbox 1286 669 1335 704; x_wconf 79' lang='grc' dir='ltr'>τὴν</span> <span class='ocrx_word' id='word_1_324' title='bbox 1359 668 1510 703; x_wconf 75' lang='grc' dir='ltr'><strong>παράταξιν</strong></span> <span class='ocrx_word' id='word_1_325' title='bbox 1534 669 1548 694; x_wconf 85' lang='grc' dir='ltr'><strong>ὁ</strong></span> <span class='ocrx_word' id='word_1_326' title='bbox 1577 669 1708 703; x_wconf 81' lang='grc' dir='ltr'>μακάριος</span> <span class='ocrx_word' id='word_1_327' title='bbox 1732 669 1852 702; x_wconf 67' lang='grc' dir='ltr'>ἀλείφων</span> 
     </span>
    </p>
   </div>
   <div class='ocr_carea' id='block_1_46' title="bbox 1067 713 1851 751">
    <p class='ocr_par' dir='ltr' id='par_1_46' title="bbox 1067 713 1851 751">
     <span class='ocr_line' id='line_1_46' title="bbox 1067 713 1851 751; baseline -0.004 -8"><span class='ocrx_word' id='word_1_328' title='bbox 1067 716 1183 748; x_wconf 79' lang='grc' dir='ltr'><strong>Παῦλος,</strong></span> <span class='ocrx_word' id='word_1_329' title='bbox 1193 717 1340 751; x_wconf 81' lang='grc' dir='ltr'>στρατηγεῖ</span> <span class='ocrx_word' id='word_1_330' title='bbox 1351 715 1396 742; x_wconf 75' lang='grc' dir='ltr'><strong>καὶ</strong></span> <span class='ocrx_word' id='word_1_331' title='bbox 1411 713 1611 750; x_wconf 70' lang='grc' dir='ltr'>προχειρίζεται</span> <span class='ocrx_word' id='word_1_332' title='bbox 1623 715 1851 750; x_wconf 77' lang='grc' dir='ltr'><strong>παραγγέλματα,</strong></span> 
     </span>
    </p>
   </div>
   <div class='ocr_carea' id='block_1_47' title="bbox 1070 759 1852 798">
    <p class='ocr_par' dir='ltr' id='par_1_47' title="bbox 1070 759 1852 798">
     <span class='ocr_line' id='line_1_47' title="bbox 1070 759 1852 798; baseline -0.005 -8"><span class='ocrx_word' id='word_1_333' title='bbox 1070 773 1079 789; x_wconf 81' lang='grc' dir='ltr'><strong>ι</strong></span> <span class='ocrx_word' id='word_1_334' title='bbox 1097 764 1153 790; x_wconf 73' lang='grc' dir='ltr'><strong>Οὐκ</strong></span> <span class='ocrx_word' id='word_1_335' title='bbox 1173 763 1246 790; x_wconf 75' lang='grc' dir='ltr'>ἐστιν</span> <span class='ocrx_word' id='word_1_336' title='bbox 1264 763 1346 798; x_wconf 79' lang='grc' dir='ltr'>ἡμῖν,</span> <span class='ocrx_word' id='word_1_337' title='bbox 1376 761 1476 795; x_wconf 78' lang='grc' dir='ltr'>λέγων,</span> <span class='ocrx_word' id='word_1_338' title='bbox 1501 762 1517 796; x_wconf 87' lang='grc' dir='ltr'><strong>ἡ</strong></span> <span class='ocrx_word' id='word_1_339' title='bbox 1541 761 1611 796; x_wconf 78' lang='grc' dir='ltr'>πάλη</span> <span class='ocrx_word' id='word_1_340' title='bbox 1631 761 1698 795; x_wconf 76' lang='grc' dir='ltr'>πρὸς</span> <span class='ocrx_word' id='word_1_341' title='bbox 1713 759 1782 796; x_wconf 77' lang='grc' dir='ltr'>αἷμα</span> <span class='ocrx_word' id='word_1_342' title='bbox 1805 761 1852 787; x_wconf 83' lang='grc' dir='ltr'><strong>καὶ</strong></span> 
     </span>
    </p>
   </div>
   <div class='ocr_carea' id='block_1_48' title="bbox 1068 805 1852 844">
    <p class='ocr_par' dir='ltr' id='par_1_48' title="bbox 1068 805 1852 844">
     <span class='ocr_line' id='line_1_48' title="bbox 1068 805 1852 844; baseline -0.004 -10"><span class='ocrx_word' id='word_1_343' title='bbox 1068 808 1166 844; x_wconf 79' lang='grc' dir='ltr'>σάρκα,</span> <span class='ocrx_word' id='word_1_344' title='bbox 1176 807 1242 833; x_wconf 77' lang='grc' dir='ltr'>ἀλλὰ</span> <span class='ocrx_word' id='word_1_345' title='bbox 1254 805 1322 842; x_wconf 80' lang='grc' dir='ltr'>πρὸς</span> <span class='ocrx_word' id='word_1_346' title='bbox 1332 805 1380 837; x_wconf 78' lang='grc' dir='ltr'><strong>τὰς</strong></span> <span class='ocrx_word' id='word_1_347' title='bbox 1392 805 1487 841; x_wconf 72' lang='grc' dir='ltr'>ἀρχάς,</span> <span class='ocrx_word' id='word_1_348' title='bbox 1499 805 1566 840; x_wconf 73' lang='grc' dir='ltr'>πρὸς</span> <span class='ocrx_word' id='word_1_349' title='bbox 1578 805 1626 836; x_wconf 78' lang='grc' dir='ltr'><strong>τὰς</strong></span> <span class='ocrx_word' id='word_1_350' title='bbox 1639 805 1771 838; x_wconf 80' lang='grc' dir='ltr'>ἐξουσίας,</span> <span class='ocrx_word' id='word_1_351' title='bbox 1784 805 1852 840; x_wconf 83' lang='grc' dir='ltr'>πρὸς</span> 
     </span>
    </p>
   </div>
   <div class='ocr_carea' id='block_1_49' title="bbox 1067 850 1852 887">
    <p class='ocr_par' dir='ltr' id='par_1_49' title="bbox 1067 850 1852 887">
     <span class='ocr_line' id='line_1_49' title="bbox 1067 850 1852 887; baseline -0.004 -8"><span class='ocrx_word' id='word_1_352' title='bbox 1067 853 1128 884; x_wconf 72' lang='grc' dir='ltr'>τοὺς</span> <span class='ocrx_word' id='word_1_353' title='bbox 1141 851 1366 887; x_wconf 70' lang='grc' dir='ltr'>κοσμοκράτορας</span> <span class='ocrx_word' id='word_1_354' title='bbox 1384 851 1431 877; x_wconf 81' lang='grc' dir='ltr'><strong>τοῦ</strong></span> <span class='ocrx_word' id='word_1_355' title='bbox 1449 850 1559 882; x_wconf 80' lang='grc' dir='ltr'>σκότους</span> <span class='ocrx_word' id='word_1_356' title='bbox 1574 851 1620 877; x_wconf 81' lang='grc' dir='ltr'><strong>τοῦ</strong></span> <span class='ocrx_word' id='word_1_357' title='bbox 1637 851 1733 882; x_wconf 71' lang='grc' dir='ltr'>αἰῶνος</span> <span class='ocrx_word' id='word_1_358' title='bbox 1745 850 1852 882; x_wconf 77' lang='grc' dir='ltr'>τούτου,</span> 
     </span>
    </p>
   </div>
   <div class='ocr_carea' id='block_1_50' title="bbox 1067 896 1852 934">
    <p class='ocr_par' dir='ltr' id='par_1_50' title="bbox 1067 896 1852 934">
     <span class='ocr_line' id='line_1_50' title="bbox 1067 896 1852 934; baseline -0.003 -10"><span class='ocrx_word' id='word_1_359' title='bbox 1067 898 1133 934; x_wconf 82' lang='grc' dir='ltr'>πρὸς</span> <span class='ocrx_word' id='word_1_360' title='bbox 1149 898 1182 924; x_wconf 81' lang='grc' dir='ltr'><strong>τὰ</strong></span> <span class='ocrx_word' id='word_1_361' title='bbox 1197 897 1368 932; x_wconf 79' lang='grc' dir='ltr'>πνευματικὰ</span> <span class='ocrx_word' id='word_1_362' title='bbox 1379 896 1428 931; x_wconf 77' lang='grc' dir='ltr'>τῆς</span> <span class='ocrx_word' id='word_1_363' title='bbox 1440 897 1570 931; x_wconf 75' lang='grc' dir='ltr'>πονηρίας</span> <span class='ocrx_word' id='word_1_364' title='bbox 1583 896 1650 931; x_wconf 74' lang='grc'>(93).</span> <span class='ocrx_word' id='word_1_365' title='bbox 1671 906 1680 922; x_wconf 66' lang='grc' dir='ltr'><strong>ν</strong></span> <span class='ocrx_word' id='word_1_366' title='bbox 1699 897 1779 932; x_wconf 80' lang='grc' dir='ltr'>Ὁρᾷς</span> <span class='ocrx_word' id='word_1_367' title='bbox 1795 897 1852 923; x_wconf 79' lang='grc' dir='ltr'>στῖ-</span> 
     </span>
    </p>
   </div>
   <div class='ocr_carea' id='block_1_51' title="bbox 1066 941 1852 978">
    <p class='ocr_par' dir='ltr' id='par_1_51' title="bbox 1066 941 1852 978">
     <span class='ocr_line' id='line_1_51' title="bbox 1066 941 1852 978; baseline -0.001 -9"><span class='ocrx_word' id='word_1_368' title='bbox 1066 952 1113 977; x_wconf 68' lang='grc' dir='ltr'><strong>φος</strong></span> <span class='ocrx_word' id='word_1_369' title='bbox 1128 943 1272 978; x_wconf 75' lang='grc' dir='ltr'>πολεμικὸν</span> <span class='ocrx_word' id='word_1_370' title='bbox 1290 943 1337 969; x_wconf 79' lang='grc' dir='ltr'><strong>καὶ</strong></span> <span class='ocrx_word' id='word_1_371' title='bbox 1356 942 1468 974; x_wconf 82' lang='grc' dir='ltr'>ζέουσαν</span> <span class='ocrx_word' id='word_1_372' title='bbox 1484 942 1591 978; x_wconf 81' lang='grc' dir='ltr'>μάχην;</span> <span class='ocrx_word' id='word_1_373' title='bbox 1613 942 1697 978; x_wconf 77' lang='grc' dir='ltr'>Ὑπὲρ</span> <span class='ocrx_word' id='word_1_374' title='bbox 1714 943 1794 969; x_wconf 81' lang='grc' dir='ltr'>τίνων</span> <span class='ocrx_word' id='word_1_375' title='bbox 1806 941 1852 969; x_wconf 72' lang='grc' dir='ltr'>οὖν</span> 
     </span>
    </p>
   </div>
   <div class='ocr_carea' id='block_1_52' title="bbox 1065 987 1853 1024">
    <p class='ocr_par' dir='ltr' id='par_1_52' title="bbox 1065 987 1853 1024">
     <span class='ocr_line' id='line_1_52' title="bbox 1065 987 1853 1024; baseline 0 -10"><span class='ocrx_word' id='word_1_376' title='bbox 1065 987 1120 1024; x_wconf 86' lang='grc' dir='ltr'>ἆρα</span> <span class='ocrx_word' id='word_1_377' title='bbox 1143 990 1157 1015; x_wconf 87' lang='grc' dir='ltr'><strong>ὀ</strong></span> <span class='ocrx_word' id='word_1_378' title='bbox 1180 989 1311 1023; x_wconf 81' lang='grc' dir='ltr'>πόλεμος;</span> <span class='ocrx_word' id='word_1_379' title='bbox 1330 989 1397 1014; x_wconf 78' lang='grc' dir='ltr'>Ποῖα</span> <span class='ocrx_word' id='word_1_380' title='bbox 1410 988 1460 1022; x_wconf 82' lang='grc' dir='ltr'>τῆς</span> <span class='ocrx_word' id='word_1_381' title='bbox 1482 989 1571 1023; x_wconf 76' lang='grc' dir='ltr'>μάχης</span> <span class='ocrx_word' id='word_1_382' title='bbox 1594 989 1626 1014; x_wconf 66' lang='grc' dir='ltr'>τὰ</span> <span class='ocrx_word' id='word_1_383' title='bbox 1650 989 1748 1024; x_wconf 82' lang='grc' dir='ltr'>κέρδη;</span> <span class='ocrx_word' id='word_1_384' title='bbox 1766 989 1853 1020; x_wconf 76' lang='grc' dir='ltr'>Αὐτὸς</span> 
     </span>
    </p>
   </div>
   <div class='ocr_carea' id='block_1_53' title="bbox 1065 1032 1846 1069">
    <p class='ocr_par' dir='ltr' id='par_1_53' title="bbox 1065 1032 1846 1069">
     <span class='ocr_line' id='line_1_53' title="bbox 1065 1032 1846 1069; baseline -0.004 -9"><span class='ocrx_word' id='word_1_385' title='bbox 1065 1034 1162 1067; x_wconf 78' lang='grc' dir='ltr'><strong>ἐπάγει</strong></span> <span class='ocrx_word' id='word_1_386' title='bbox 1177 1033 1348 1069; x_wconf 73' lang='grc' dir='ltr'>ὁστράτηγὺς</span> <span class='ocrx_word' id='word_1_387' title='bbox 1362 1032 1461 1066; x_wconf 85' lang='grc' dir='ltr'>λέγων·</span> <span class='ocrx_word' id='word_1_388' title='bbox 1477 1042 1486 1058; x_wconf 85' lang='grc' dir='ltr'><strong>ι</strong></span> <span class='ocrx_word' id='word_1_389' title='bbox 1512 1033 1555 1059; x_wconf 84' lang='grc' dir='ltr'>Ἐν</span> <span class='ocrx_word' id='word_1_390' title='bbox 1564 1033 1620 1064; x_wconf 87' lang='grc' dir='ltr'>τοῖς</span> <span class='ocrx_word' id='word_1_391' title='bbox 1635 1032 1817 1067; x_wconf 72' lang='grc' dir='ltr'>ἐπουρανίοις,</span> <span class='ocrx_word' id='word_1_392' title='bbox 1838 1042 1846 1057; x_wconf 80' lang='grc' dir='ltr'><strong>ι</strong></span> 
     </span>
    </p>
   </div>
   <div class='ocr_carea' id='block_1_54' title="bbox 1065 1076 1851 1112">
    <p class='ocr_par' dir='ltr' id='par_1_54' title="bbox 1065 1076 1851 1112">
     <span class='ocr_line' id='line_1_54' title="bbox 1065 1076 1851 1112; baseline -0.004 -7"><span class='ocrx_word' id='word_1_393' title='bbox 1065 1079 1214 1108; x_wconf 71' lang='grc' dir='ltr'><strong>τουτέστιν,</strong></span> <span class='ocrx_word' id='word_1_394' title='bbox 1235 1078 1304 1112; x_wconf 74' lang='grc' dir='ltr'>ὑπὲρ</span> <span class='ocrx_word' id='word_1_395' title='bbox 1325 1077 1379 1103; x_wconf 78' lang='grc' dir='ltr'>τῶν</span> <span class='ocrx_word' id='word_1_396' title='bbox 1398 1077 1564 1112; x_wconf 73' lang='grc' dir='ltr'>ἐπουρανίων</span> <span class='ocrx_word' id='word_1_397' title='bbox 1585 1076 1741 1111; x_wconf 76' lang='grc' dir='ltr'>κτημάτων.</span> <span class='ocrx_word' id='word_1_398' title='bbox 1765 1076 1851 1112; x_wconf 83' lang='grc' dir='ltr'>’Υπὲρ</span> 
     </span>
    </p>
   </div>
   <div class='ocr_carea' id='block_1_55' title="bbox 1066 1123 1852 1160">
    <p class='ocr_par' dir='ltr' id='par_1_55' title="bbox 1066 1123 1852 1160">
     <span class='ocr_line' id='line_1_55' title="bbox 1066 1123 1852 1160; baseline -0.004 -9"><span class='ocrx_word' id='word_1_399' title='bbox 1066 1126 1114 1160; x_wconf 77' lang='grc' dir='ltr'>τῆς</span> <span class='ocrx_word' id='word_1_400' title='bbox 1129 1123 1283 1160; x_wconf 73' lang='grc' dir='ltr'><strong>ἀφθαρσίας</strong></span> <span class='ocrx_word' id='word_1_401' title='bbox 1303 1123 1417 1156; x_wconf 80' lang='grc' dir='ltr'>ὁπλίζει,</span> <span class='ocrx_word' id='word_1_402' title='bbox 1435 1124 1482 1151; x_wconf 75' lang='grc' dir='ltr'><strong>καὶ</strong></span> <span class='ocrx_word' id='word_1_403' title='bbox 1497 1123 1567 1158; x_wconf 77' lang='grc' dir='ltr'>ὑπὲρ</span> <span class='ocrx_word' id='word_1_404' title='bbox 1589 1123 1788 1158; x_wconf 81' lang='grc' dir='ltr'>ἀτρεπτότητος</span> <span class='ocrx_word' id='word_1_405' title='bbox 1804 1131 1852 1148; x_wconf 85' lang='grc' dir='ltr'>πο-</span> 
     </span>
    </p>
   </div>
   <div class='ocr_carea' id='block_1_56' title="bbox 1065 1169 1852 1205">
    <p class='ocr_par' dir='ltr' id='par_1_56' title="bbox 1065 1169 1852 1205">
     <span class='ocr_line' id='line_1_56' title="bbox 1065 1169 1852 1205; baseline -0.003 -9"><span class='ocrx_word' id='word_1_406' title='bbox 1065 1170 1158 1205; x_wconf 84' lang='grc' dir='ltr'>λεμεῖ·</span> <span class='ocrx_word' id='word_1_407' title='bbox 1173 1170 1243 1204; x_wconf 74' lang='grc' dir='ltr'>ὑπὲρ</span> <span class='ocrx_word' id='word_1_408' title='bbox 1255 1169 1301 1196; x_wconf 79' lang='grc' dir='ltr'><strong>τοῦ</strong></span> <span class='ocrx_word' id='word_1_409' title='bbox 1317 1171 1435 1196; x_wconf 80' lang='grc' dir='ltr'>συνεῖναι</span> <span class='ocrx_word' id='word_1_410' title='bbox 1448 1169 1556 1205; x_wconf 82' lang='grc' dir='ltr'>Χριστῷ</span> <span class='ocrx_word' id='word_1_411' title='bbox 1566 1169 1743 1204; x_wconf 84' lang='grc' dir='ltr'>παρατάττει.</span> <span class='ocrx_word' id='word_1_412' title='bbox 1758 1169 1852 1195; x_wconf 74' lang='grc' dir='ltr'>Ταῦτα</span> 
     </span>
    </p>
   </div>
   <div class='ocr_carea' id='block_1_57' title="bbox 1066 1215 1851 1252">
    <p class='ocr_par' dir='ltr' id='par_1_57' title="bbox 1066 1215 1851 1252">
     <span class='ocr_line' id='line_1_57' title="bbox 1066 1215 1851 1252; baseline 0 -9"><span class='ocrx_word' id='word_1_413' title='bbox 1066 1217 1120 1252; x_wconf 80' lang='grc' dir='ltr'>γὰρ</span> <span class='ocrx_word' id='word_1_414' title='bbox 1139 1217 1288 1251; x_wconf 76' lang='grc' dir='ltr'>ἐπουράνια</span> <span class='ocrx_word' id='word_1_415' title='bbox 1306 1217 1448 1251; x_wconf 77' lang='grc' dir='ltr'>κτήματα·</span> <span class='ocrx_word' id='word_1_416' title='bbox 1468 1216 1553 1242; x_wconf 75' lang='grc' dir='ltr'>ταῦτα</span> <span class='ocrx_word' id='word_1_417' title='bbox 1581 1217 1682 1247; x_wconf 75' lang='grc' dir='ltr'>ἐκεῖνος</span> <span class='ocrx_word' id='word_1_418' title='bbox 1704 1215 1851 1250; x_wconf 74' lang='grc' dir='ltr'><strong>ἀφελέσθαι</strong></span> 
     </span>
    </p>
   </div>
   <div class='ocr_carea' id='block_1_58' title="bbox 1068 1261 1850 1297">
    <p class='ocr_par' dir='ltr' id='par_1_58' title="bbox 1068 1261 1850 1297">
     <span class='ocr_line' id='line_1_58' title="bbox 1068 1261 1850 1297; baseline -0.001 -9"><span class='ocrx_word' id='word_1_419' title='bbox 1068 1262 1191 1297; x_wconf 82' lang='grc' dir='ltr'>βούλεται</span> <span class='ocrx_word' id='word_1_420' title='bbox 1213 1262 1280 1297; x_wconf 69' lang='grc'>(94).</span> <span class='ocrx_word' id='word_1_421' title='bbox 1307 1263 1363 1288; x_wconf 77' lang='grc' dir='ltr'><strong>Οὐκ</strong></span> <span class='ocrx_word' id='word_1_422' title='bbox 1377 1261 1471 1297; x_wconf 72' lang='grc' dir='ltr'>ἀφίησί</span> <span class='ocrx_word' id='word_1_423' title='bbox 1494 1270 1522 1288; x_wconf 87' lang='grc' dir='ltr'><strong>σε</strong></span> <span class='ocrx_word' id='word_1_424' title='bbox 1544 1261 1713 1296; x_wconf 74' lang='grc' dir='ltr'>πολεμοῦντα</span> <span class='ocrx_word' id='word_1_425' title='bbox 1732 1262 1850 1296; x_wconf 66' lang='grc' dir='ltr'><strong>γυμνόν⁸</strong></span> 
     </span>
    </p>
   </div>
   <div class='ocr_carea' id='block_1_59' title="bbox 1067 1307 1852 1343">
    <p class='ocr_par' dir='ltr' id='par_1_59' title="bbox 1067 1307 1852 1343">
     <span class='ocr_line' id='line_1_59' title="bbox 1067 1307 1852 1343; baseline -0.003 -8"><span class='ocrx_word' id='word_1_426' title='bbox 1067 1307 1224 1340; x_wconf 79' lang='grc' dir='ltr'>καθοπλίζει</span> <span class='ocrx_word' id='word_1_427' title='bbox 1234 1308 1262 1334; x_wconf 78' lang='grc' dir='ltr'><strong>δὲ</strong></span> <span class='ocrx_word' id='word_1_428' title='bbox 1277 1309 1332 1339; x_wconf 89' lang='grc' dir='ltr'>τοῖς</span> <span class='ocrx_word' id='word_1_429' title='bbox 1345 1307 1436 1339; x_wconf 76' lang='grc' dir='ltr'>ὅπλοις</span> <span class='ocrx_word' id='word_1_430' title='bbox 1448 1307 1493 1334; x_wconf 81' lang='grc' dir='ltr'><strong>τοῦ</strong></span> <span class='ocrx_word' id='word_1_431' title='bbox 1509 1307 1624 1343; x_wconf 74' lang='grc' dir='ltr'>Πατρός.</span> <span class='ocrx_word' id='word_1_432' title='bbox 1641 1308 1693 1333; x_wconf 73' lang='grc' dir='ltr'><strong>Καὶ</strong></span> <span class='ocrx_word' id='word_1_433' title='bbox 1710 1316 1754 1342; x_wconf 90' lang='grc' dir='ltr'><strong>μοι</strong></span> <span class='ocrx_word' id='word_1_434' title='bbox 1769 1307 1852 1341; x_wconf 80' lang='grc' dir='ltr'>βλέπε</span> 
     </span>
    </p>
   </div>
   <div class='ocr_carea' id='block_1_60' title="bbox 1067 1350 1850 1388">
    <p class='ocr_par' dir='ltr' id='par_1_60' title="bbox 1067 1350 1850 1388">
     <span class='ocr_line' id='line_1_60' title="bbox 1067 1350 1850 1388; baseline -0.003 -9"><span class='ocrx_word' id='word_1_435' title='bbox 1067 1353 1120 1379; x_wconf 84' lang='grc' dir='ltr'><strong>τῶν</strong></span> <span class='ocrx_word' id='word_1_436' title='bbox 1135 1353 1224 1379; x_wconf 79' lang='grc' dir='ltr'>ὃπλων</span> <span class='ocrx_word' id='word_1_437' title='bbox 1235 1353 1283 1388; x_wconf 79' lang='grc' dir='ltr'>τὴν</span> <span class='ocrx_word' id='word_1_438' title='bbox 1295 1353 1437 1388; x_wconf 82' lang='grc' dir='ltr'>ἀστραπὴν</span> <span class='ocrx_word' id='word_1_439' title='bbox 1447 1352 1565 1387; x_wconf 68' lang='grc' dir='ltr'>φοϐερὰν</span> <span class='ocrx_word' id='word_1_440' title='bbox 1574 1350 1602 1378; x_wconf 76' lang='grc' dir='ltr'>οὗ</span> <span class='ocrx_word' id='word_1_441' title='bbox 1608 1360 1655 1378; x_wconf 84' lang='grc' dir='ltr'><strong>σαν</strong></span> <span class='ocrx_word' id='word_1_442' title='bbox 1666 1353 1721 1382; x_wconf 84' lang='grc' dir='ltr'>τοῖς</span> <span class='ocrx_word' id='word_1_443' title='bbox 1733 1351 1850 1386; x_wconf 77' lang='grc' dir='ltr'><strong>ἐχθροῖς·</strong></span> 
     </span>
    </p>
   </div>
   <div class='ocr_carea' id='block_1_61' title="bbox 1068 1397 1852 1435">
    <p class='ocr_par' dir='ltr' id='par_1_61' title="bbox 1068 1397 1852 1435">
     <span class='ocr_line' id='line_1_61' title="bbox 1068 1397 1852 1435; baseline -0.003 -9"><span class='ocrx_word' id='word_1_444' title='bbox 1068 1399 1134 1434; x_wconf 76' lang='grc' dir='ltr'>φησὶ</span> <span class='ocrx_word' id='word_1_445' title='bbox 1157 1400 1211 1435; x_wconf 83' lang='grc' dir='ltr'>γὰρ</span> <span class='ocrx_word' id='word_1_446' title='bbox 1233 1399 1332 1430; x_wconf 78' lang='grc' dir='ltr'>οὕτως·</span> <span class='ocrx_word' id='word_1_447' title='bbox 1354 1408 1363 1424; x_wconf 79' lang='grc' dir='ltr'><strong>ι</strong></span> <span class='ocrx_word' id='word_1_448' title='bbox 1380 1399 1465 1433; x_wconf 77' lang='grc' dir='ltr'>Στῆτε</span> <span class='ocrx_word' id='word_1_449' title='bbox 1487 1397 1533 1425; x_wconf 74' lang='grc' dir='ltr'>οὖν</span> <span class='ocrx_word' id='word_1_450' title='bbox 1561 1398 1777 1433; x_wconf 75' lang='grc' dir='ltr'>περιζωσάμενοι</span> <span class='ocrx_word' id='word_1_451' title='bbox 1802 1397 1852 1430; x_wconf 81' lang='grc' dir='ltr'><strong>τὰς</strong></span> 
     </span>
    </p>
   </div>
   <div class='ocr_carea' id='block_1_62' title="bbox 1068 1442 1853 1479">
    <p class='ocr_par' dir='ltr' id='par_1_62' title="bbox 1068 1442 1853 1479">
     <span class='ocr_line' id='line_1_62' title="bbox 1068 1442 1853 1479; baseline -0.001 -9"><span class='ocrx_word' id='word_1_452' title='bbox 1068 1444 1170 1478; x_wconf 67' lang='grc' dir='ltr'>ὀσφύας</span> <span class='ocrx_word' id='word_1_453' title='bbox 1195 1444 1272 1479; x_wconf 81' lang='grc' dir='ltr'>ὑμῶν</span> <span class='ocrx_word' id='word_1_454' title='bbox 1289 1444 1317 1470; x_wconf 79' lang='grc' dir='ltr'>ἐν</span> <span class='ocrx_word' id='word_1_455' title='bbox 1333 1443 1456 1479; x_wconf 80' lang='grc' dir='ltr'>ἀληθείᾳ.</span> <span class='ocrx_word' id='word_1_456' title='bbox 1479 1443 1525 1470; x_wconf 77' lang='grc' dir='ltr'><strong>καὶ</strong></span> <span class='ocrx_word' id='word_1_457' title='bbox 1542 1443 1715 1478; x_wconf 75' lang='grc' dir='ltr'>ἐνδυσάμενοι</span> <span class='ocrx_word' id='word_1_458' title='bbox 1733 1443 1778 1469; x_wconf 83' lang='grc' dir='ltr'>τὸν</span> <span class='ocrx_word' id='word_1_459' title='bbox 1800 1442 1853 1469; x_wconf 81' lang='grc' dir='ltr'><strong>Θώ-</strong></span> 
     </span>
    </p>
   </div>
   <div class='ocr_carea' id='block_1_63' title="bbox 1070 1489 1852 1526">
    <p class='ocr_par' dir='ltr' id='par_1_63' title="bbox 1070 1489 1852 1526">
     <span class='ocr_line' id='line_1_63' title="bbox 1070 1489 1852 1526; baseline -0.003 -8"><span class='ocrx_word' id='word_1_460' title='bbox 1070 1500 1140 1526; x_wconf 83' lang='grc' dir='ltr'>ρακα</span> <span class='ocrx_word' id='word_1_461' title='bbox 1153 1491 1200 1526; x_wconf 80' lang='grc' dir='ltr'><strong>τῆς</strong></span> <span class='ocrx_word' id='word_1_462' title='bbox 1213 1491 1394 1526; x_wconf 77' lang='grc' dir='ltr'>δικαιοσύνης,</span> <span class='ocrx_word' id='word_1_463' title='bbox 1409 1491 1457 1517; x_wconf 76' lang='grc' dir='ltr'>καὶ</span> <span class='ocrx_word' id='word_1_464' title='bbox 1476 1491 1675 1526; x_wconf 76' lang='grc' dir='ltr'>ὑποδησάμενοι</span> <span class='ocrx_word' id='word_1_465' title='bbox 1693 1491 1756 1522; x_wconf 73' lang='grc' dir='ltr'>τοὺς</span> <span class='ocrx_word' id='word_1_466' title='bbox 1769 1489 1852 1522; x_wconf 81' lang='grc' dir='ltr'>πόδας</span> 
     </span>
    </p>
   </div>
   <div class='ocr_carea' id='block_1_64' title="bbox 1069 1536 1852 1573">
    <p class='ocr_par' dir='ltr' id='par_1_64' title="bbox 1069 1536 1852 1573">
     <span class='ocr_line' id='line_1_64' title="bbox 1069 1536 1852 1573; baseline 0 -10"><span class='ocrx_word' id='word_1_467' title='bbox 1069 1538 1096 1563; x_wconf 85' lang='grc' dir='ltr'>ὲν</span> <span class='ocrx_word' id='word_1_468' title='bbox 1111 1536 1253 1572; x_wconf 73' lang='grc' dir='ltr'>ἑτοιμασίᾳ</span> <span class='ocrx_word' id='word_1_469' title='bbox 1267 1537 1312 1563; x_wconf 87' lang='grc' dir='ltr'><strong>τοῦ</strong></span> <span class='ocrx_word' id='word_1_470' title='bbox 1325 1537 1490 1571; x_wconf 84' lang='grc' dir='ltr'>Εὐαγγελίου</span> <span class='ocrx_word' id='word_1_471' title='bbox 1511 1537 1560 1572; x_wconf 79' lang='grc' dir='ltr'>τῆς</span> <span class='ocrx_word' id='word_1_472' title='bbox 1576 1537 1701 1573; x_wconf 78' lang='grc' dir='ltr'>εἰρήνης·</span> <span class='ocrx_word' id='word_1_473' title='bbox 1719 1537 1764 1563; x_wconf 71' lang='grc' dir='ltr'>ἐπὶ</span> <span class='ocrx_word' id='word_1_474' title='bbox 1785 1537 1852 1563; x_wconf 82' lang='grc' dir='ltr'>πᾶσι</span> 
     </span>
    </p>
   </div>
   <div class='ocr_carea' id='block_1_65' title="bbox 1066 1579 1852 1618">
    <p class='ocr_par' dir='ltr' id='par_1_65' title="bbox 1066 1579 1852 1618">
     <span class='ocr_line' id='line_1_65' title="bbox 1066 1579 1852 1618; baseline -0.001 -9"><span class='ocrx_word' id='word_1_475' title='bbox 1066 1582 1170 1614; x_wconf 73' lang='grc' dir='ltr'>τούτοις</span> <span class='ocrx_word' id='word_1_476' title='bbox 1193 1583 1372 1615; x_wconf 73' lang='grc' dir='ltr'>ἀναλαϐόντες</span> <span class='ocrx_word' id='word_1_477' title='bbox 1387 1583 1432 1610; x_wconf 80' lang='grc' dir='ltr'>τὸν</span> <span class='ocrx_word' id='word_1_478' title='bbox 1451 1582 1547 1618; x_wconf 79' lang='grc' dir='ltr'>θυρεὸν</span> <span class='ocrx_word' id='word_1_479' title='bbox 1567 1583 1617 1618; x_wconf 76' lang='grc' dir='ltr'>τῆς</span> <span class='ocrx_word' id='word_1_480' title='bbox 1636 1583 1762 1614; x_wconf 79' lang='grc' dir='ltr'>πίστεως,</span> <span class='ocrx_word' id='word_1_481' title='bbox 1780 1583 1809 1609; x_wconf 82' lang='grc' dir='ltr'>ὲν</span> 
     </span>
    </p>
   </div>
   <div class='ocr_carea' id='block_1_66' title="bbox 231 1621 1851 1664">
    <p class='ocr_par' dir='ltr' id='par_1_66' title="bbox 231 1621 1851 1664">
     <span class='ocr_line' id='line_1_66' title="bbox 231 1621 1851 1664; baseline 0.004 -16"><span class='ocrx_word' id='word_1_482' title='bbox 231 1621 376 1657; x_wconf 51' lang='grc' dir='ltr'>δυνήσεσθε.</span> <span class='ocrx_word' id='word_1_483' title='bbox 399 1623 486 1650; x_wconf 83' lang='grc' dir='ltr'>πάντα</span> <span class='ocrx_word' id='word_1_484' title='bbox 511 1623 545 1650; x_wconf 76' lang='grc' dir='ltr'><strong>τὰ</strong></span> <span class='ocrx_word' id='word_1_485' title='bbox 568 1623 631 1660; x_wconf 74' lang='grc' dir='ltr'>βέλη</span> <span class='ocrx_word' id='word_1_486' title='bbox 655 1624 700 1651; x_wconf 84' lang='grc' dir='ltr'><strong>τοῦ</strong></span> <span class='ocrx_word' id='word_1_487' title='bbox 723 1626 841 1660; x_wconf 85' lang='grc' dir='ltr'>πονηροῦ</span> <span class='ocrx_word' id='word_1_488' title='bbox 867 1625 901 1651; x_wconf 77' lang='grc' dir='ltr'><strong>τὰ</strong></span> <span class='ocrx_word' id='word_1_489' title='bbox 925 1627 1108 1661; x_wconf 81' lang='grc' dir='ltr'>πεπυρωμένα</span> <span class='ocrx_word' id='word_1_490' title='bbox 1139 1627 1250 1654; x_wconf 72' lang='grc' dir='ltr'>σϐέσαι·</span> <span class='ocrx_word' id='word_1_491' title='bbox 1268 1628 1315 1654; x_wconf 76' lang='grc' dir='ltr'>καὶ</span> <span class='ocrx_word' id='word_1_492' title='bbox 1338 1628 1388 1664; x_wconf 84' lang='grc' dir='ltr'>τὴν</span> <span class='ocrx_word' id='word_1_493' title='bbox 1407 1627 1619 1663; x_wconf 76' lang='grc' dir='ltr'>περικεφαλαίαν</span> <span class='ocrx_word' id='word_1_494' title='bbox 1649 1627 1695 1654; x_wconf 88' lang='grc' dir='ltr'><strong>τοῦ</strong></span> <span class='ocrx_word' id='word_1_495' title='bbox 1718 1627 1851 1662; x_wconf 74' lang='grc' dir='ltr'>σωτηρίου</span> 
     </span>
    </p>
   </div>
   <div class='ocr_carea' id='block_1_67' title="bbox 232 1669 1852 1711">
    <p class='ocr_par' dir='ltr' id='par_1_67' title="bbox 232 1669 1852 1711">
     <span class='ocr_line' id='line_1_67' title="bbox 232 1669 1852 1711; baseline 0.004 -16"><span class='ocrx_word' id='word_1_496' title='bbox 232 1669 352 1703; x_wconf 74' lang='grc' dir='ltr'>δέξασθε,</span> <span class='ocrx_word' id='word_1_497' title='bbox 368 1671 414 1697; x_wconf 78' lang='grc' dir='ltr'><strong>καὶ</strong></span> <span class='ocrx_word' id='word_1_498' title='bbox 430 1671 478 1706; x_wconf 88' lang='grc' dir='ltr'>τὴν</span> <span class='ocrx_word' id='word_1_499' title='bbox 496 1671 632 1708; x_wconf 77' lang='grc' dir='ltr'>μάχαιραν</span> <span class='ocrx_word' id='word_1_500' title='bbox 655 1671 702 1698; x_wconf 86' lang='grc' dir='ltr'><strong>τοῦ</strong></span> <span class='ocrx_word' id='word_1_501' title='bbox 719 1672 884 1708; x_wconf 79' lang='grc' dir='ltr'>Πνεύματος,</span> <span class='ocrx_word' id='word_1_502' title='bbox 897 1673 911 1699; x_wconf 86' lang='grc' dir='ltr'><strong>ὃ</strong></span> <span class='ocrx_word' id='word_1_503' title='bbox 925 1674 982 1700; x_wconf 77' lang='grc' dir='ltr'>ἐστι</span> <span class='ocrx_word' id='word_1_504' title='bbox 1003 1674 1077 1710; x_wconf 72' lang='grc' dir='ltr'>ῥῆμα</span> <span class='ocrx_word' id='word_1_505' title='bbox 1091 1674 1170 1702; x_wconf 83' lang='grc' dir='ltr'>Θεοῦ.</span> <span class='ocrx_word' id='word_1_506' title='bbox 1189 1685 1198 1701; x_wconf 74' lang='grc' dir='ltr'><strong>ι</strong></span> <span class='ocrx_word' id='word_1_507' title='bbox 1216 1675 1287 1710; x_wconf 85' lang='grc' dir='ltr'>Πρὸς</span> <span class='ocrx_word' id='word_1_508' title='bbox 1306 1676 1437 1711; x_wconf 82' lang='grc' dir='ltr'>ἀοράτους</span> <span class='ocrx_word' id='word_1_509' title='bbox 1453 1676 1565 1711; x_wconf 73' lang='grc' dir='ltr'>ἐχθροὺς</span> <span class='ocrx_word' id='word_1_510' title='bbox 1578 1675 1632 1711; x_wconf 81' lang='grc'>(95)</span> <span class='ocrx_word' id='word_1_511' title='bbox 1652 1675 1776 1711; x_wconf 75' lang='grc' dir='ltr'>ἁοράτοις</span> <span class='ocrx_word' id='word_1_512' title='bbox 1792 1675 1852 1702; x_wconf 76' lang='grc' dir='ltr'><strong>ἑκό-</strong></span> 
     </span>
    </p>
   </div>
   <div class='ocr_carea' id='block_1_68' title="bbox 236 1719 454 1753">
    <p class='ocr_par' dir='ltr' id='par_1_68' title="bbox 236 1719 454 1753">
     <span class='ocr_line' id='line_1_68' title="bbox 236 1719 454 1753; baseline 0.009 -9"><span class='ocrx_word' id='word_1_513' title='bbox 236 1726 291 1753; x_wconf 86' lang='grc' dir='ltr'><strong>σμη</strong></span> <span class='ocrx_word' id='word_1_514' title='bbox 296 1727 339 1745; x_wconf 79' lang='grc' dir='ltr'><strong>σεν</strong></span> <span class='ocrx_word' id='word_1_515' title='bbox 353 1719 454 1751; x_wconf 83' lang='grc' dir='ltr'>ὅπλοις.</span> 
     </span>
    </p>
   </div>
   <div class='ocr_carea' id='block_1_69' title="bbox 268 1764 1015 1800">
    <p class='ocr_par' dir='ltr' id='par_1_69' title="bbox 268 1764 1015 1800">
     <span class='ocr_line' id='line_1_69' title="bbox 268 1764 1015 1800; baseline 0.005 -9"><span class='ocrx_word' id='word_1_516' title='bbox 268 1765 295 1792; x_wconf 85' lang='lat'><strong>6.</strong></span> <span class='ocrx_word' id='word_1_517' title='bbox 319 1764 393 1793; x_wconf 88' lang='lat' dir='ltr'><strong>Talis</strong></span> <span class='ocrx_word' id='word_1_518' title='bbox 418 1765 527 1800; x_wconf 88' lang='lat' dir='ltr'><strong>quidem</strong></span> <span class='ocrx_word' id='word_1_519' title='bbox 543 1771 584 1794; x_wconf 87' lang='lat' dir='ltr'><strong>est</strong></span> <span class='ocrx_word' id='word_1_520' title='bbox 598 1773 735 1794; x_wconf 92' lang='lat' dir='ltr'><strong>armorum</strong></span> <span class='ocrx_word' id='word_1_521' title='bbox 750 1769 801 1795; x_wconf 85' lang='lat' dir='ltr'><strong>vis.</strong></span> <span class='ocrx_word' id='word_1_522' title='bbox 825 1767 902 1800; x_wconf 83' lang='lat' dir='ltr'><strong>Quod</strong></span> <span class='ocrx_word' id='word_1_523' title='bbox 925 1772 1015 1795; x_wconf 86' lang='lat' dir='ltr'><strong>autem</strong></span> 
     </span>
    </p>
   </div>
   <div class='ocr_carea' id='block_1_70' title="bbox 233 1809 1015 1847">
    <p class='ocr_par' dir='ltr' id='par_1_70' title="bbox 233 1809 1015 1847">
     <span class='ocr_line' id='line_1_70' title="bbox 233 1809 1015 1847; baseline 0.005 -12"><span class='ocrx_word' id='word_1_524' title='bbox 233 1817 296 1836; x_wconf 91' lang='lat' dir='ltr'><strong>cum</strong></span> <span class='ocrx_word' id='word_1_525' title='bbox 306 1817 338 1836; x_wconf 87' lang='lat' dir='ltr'><strong>eo</strong></span> <span class='ocrx_word' id='word_1_526' title='bbox 350 1810 385 1836; x_wconf 87' lang='lat' dir='ltr'><strong>sit</strong></span> <span class='ocrx_word' id='word_1_527' title='bbox 395 1809 591 1844; x_wconf 88' lang='lat' dir='ltr'><strong>dimicandum,</strong></span> <span class='ocrx_word' id='word_1_528' title='bbox 600 1811 707 1839; x_wconf 88' lang='lat' dir='ltr'><strong>etiamsi</strong></span> <span class='ocrx_word' id='word_1_529' title='bbox 719 1811 744 1838; x_wconf 92' lang='lat' dir='ltr'><strong>id</strong></span> <span class='ocrx_word' id='word_1_530' title='bbox 756 1812 866 1839; x_wconf 89' lang='lat' dir='ltr'><strong>minime</strong></span> <span class='ocrx_word' id='word_1_531' title='bbox 878 1817 1015 1847; x_wconf 85' lang='lat' dir='ltr'><strong>appareat,</strong></span> 
     </span>
    </p>
   </div>
   <div class='ocr_carea' id='block_1_71' title="bbox 235 1854 1017 1891">
    <p class='ocr_par' dir='ltr' id='par_1_71' title="bbox 235 1854 1017 1891">
     <span class='ocr_line' id='line_1_71' title="bbox 235 1854 1017 1891; baseline 0.004 -10"><span class='ocrx_word' id='word_1_532' title='bbox 235 1854 286 1881; x_wconf 87' lang='lat' dir='ltr'><strong>hac</strong></span> <span class='ocrx_word' id='word_1_533' title='bbox 308 1859 335 1881; x_wconf 90' lang='lat' dir='ltr'><strong>tu</strong></span> <span class='ocrx_word' id='word_1_534' title='bbox 355 1855 460 1882; x_wconf 87' lang='lat' dir='ltr'><strong>ratione</strong></span> <span class='ocrx_word' id='word_1_535' title='bbox 481 1857 614 1891; x_wconf 77' lang='lat' dir='ltr'><strong>perspice.</strong></span> <span class='ocrx_word' id='word_1_536' title='bbox 631 1856 698 1883; x_wconf 85' lang='lat' dir='ltr'><strong>Nam</strong></span> <span class='ocrx_word' id='word_1_537' title='bbox 716 1857 803 1891; x_wconf 88' lang='lat' dir='ltr'><strong>ipsum</strong></span> <span class='ocrx_word' id='word_1_538' title='bbox 820 1861 923 1884; x_wconf 87' lang='lat' dir='ltr'><strong>tentare</strong></span> <span class='ocrx_word' id='word_1_539' title='bbox 937 1857 1017 1884; x_wconf 86' lang='lat' dir='ltr'><strong>Chri-</strong></span> 
     </span>
    </p>
   </div>
   <div class='ocr_carea' id='block_1_72' title="bbox 233 1900 1017 1938">
    <p class='ocr_par' dir='ltr' id='par_1_72' title="bbox 233 1900 1017 1938">
     <span class='ocr_line' id='line_1_72' title="bbox 233 1900 1017 1938; baseline 0.003 -10"><span class='ocrx_word' id='word_1_540' title='bbox 233 1903 306 1928; x_wconf 84' lang='lat' dir='ltr'><strong>stum</strong></span> <span class='ocrx_word' id='word_1_541' title='bbox 317 1900 443 1929; x_wconf 87' lang='lat' dir='ltr'><strong>diabolus</strong></span> <span class='ocrx_word' id='word_1_542' title='bbox 457 1909 510 1928; x_wconf 92' lang='lat' dir='ltr'><strong>non</strong></span> <span class='ocrx_word' id='word_1_543' title='bbox 522 1902 668 1936; x_wconf 86' lang='lat' dir='ltr'><strong>dubitavit;</strong></span> <span class='ocrx_word' id='word_1_544' title='bbox 683 1903 729 1930; x_wconf 91' lang='lat' dir='ltr'><strong>scd</strong></span> <span class='ocrx_word' id='word_1_545' title='bbox 741 1907 861 1930; x_wconf 76' lang='lat' dir='ltr'><strong>extrema</strong></span> <span class='ocrx_word' id='word_1_546' title='bbox 874 1904 1017 1938; x_wconf 85' lang='lat' dir='ltr'><strong>impuden-</strong></span> 
     </span>
    </p>
   </div>
   <div class='ocr_carea' id='block_1_73' title="bbox 233 1945 1017 1980">
    <p class='ocr_par' dir='ltr' id='par_1_73' title="bbox 233 1945 1017 1980">
     <span class='ocr_line' id='line_1_73' title="bbox 233 1945 1017 1980; baseline 0.006 -10"><span class='ocrx_word' id='word_1_547' title='bbox 233 1945 271 1971; x_wconf 85' lang='lat' dir='ltr'><strong>tia</strong></span> <span class='ocrx_word' id='word_1_548' title='bbox 287 1945 374 1979; x_wconf 77' lang='lat' dir='ltr'><strong>ipsum</strong></span> <span class='ocrx_word' id='word_1_549' title='bbox 395 1945 506 1973; x_wconf 88' lang='lat' dir='ltr'><strong>adortus</strong></span> <span class='ocrx_word' id='word_1_550' title='bbox 525 1950 566 1973; x_wconf 84' lang='lat' dir='ltr'><strong>est</strong></span> <span class='ocrx_word' id='word_1_551' title='bbox 581 1946 733 1974; x_wconf 88' lang='lat' dir='ltr'><strong>Dominum.</strong></span> <span class='ocrx_word' id='word_1_552' title='bbox 751 1947 802 1980; x_wconf 85' lang='lat' dir='ltr'><strong>Qui</strong></span> <span class='ocrx_word' id='word_1_553' title='bbox 818 1955 867 1975; x_wconf 87' lang='lat' dir='ltr'><strong>sua</strong></span> <span class='ocrx_word' id='word_1_554' title='bbox 882 1953 976 1975; x_wconf 87' lang='lat' dir='ltr'><strong>contra</strong></span> <span class='ocrx_word' id='word_1_555' title='bbox 992 1953 1017 1975; x_wconf 88' lang='lat' dir='ltr'><strong>le</strong></span> 
     </span>
    </p>
   </div>
   <div class='ocr_carea' id='block_1_74' title="bbox 234 1988 1014 2027">
    <p class='ocr_par' dir='ltr' id='par_1_74' title="bbox 234 1988 1014 2027">
     <span class='ocr_line' id='line_1_74' title="bbox 234 1988 1014 2027; baseline 0.005 -12"><span class='ocrx_word' id='word_1_556' title='bbox 234 1989 374 2016; x_wconf 84' lang='lat' dir='ltr'><strong>molimina</strong></span> <span class='ocrx_word' id='word_1_557' title='bbox 396 1988 572 2018; x_wconf 77' lang='lat' dir='ltr'><strong>intermittet?</strong></span> <span class='ocrx_word' id='word_1_558' title='bbox 595 1990 668 2017; x_wconf 77' lang='lat' dir='ltr'><strong>Vidit</strong></span> <span class='ocrx_word' id='word_1_559' title='bbox 689 1991 827 2019; x_wconf 85' lang='lat' dir='ltr'><strong>Christum</strong></span> <span class='ocrx_word' id='word_1_560' title='bbox 850 1993 1014 2027; x_wconf 86' lang='lat' dir='ltr'><strong>baptizatum</strong></span> 
     </span>
    </p>
   </div>
   <div class='ocr_carea' id='block_1_75' title="bbox 234 2034 1015 2071">
    <p class='ocr_par' dir='ltr' id='par_1_75' title="bbox 234 2034 1015 2071">
     <span class='ocr_line' id='line_1_75' title="bbox 234 2034 1015 2071; baseline 0.004 -9"><span class='ocrx_word' id='word_1_561' title='bbox 234 2034 275 2071; x_wconf 89' lang='lat' dir='ltr'><strong>(tu</strong></span> <span class='ocrx_word' id='word_1_562' title='bbox 295 2043 370 2068; x_wconf 87' lang='lat' dir='ltr'><strong>vero,</strong></span> <span class='ocrx_word' id='word_1_563' title='bbox 392 2043 409 2063; x_wconf 90' lang='grc' dir='ltr'><strong>ο</strong></span> <span class='ocrx_word' id='word_1_564' title='bbox 429 2043 525 2064; x_wconf 81' lang='lat' dir='ltr'><strong>reCens</strong></span> <span class='ocrx_word' id='word_1_565' title='bbox 545 2037 706 2068; x_wconf 88' lang='lat' dir='ltr'><strong>illuminate,</strong></span> <span class='ocrx_word' id='word_1_566' title='bbox 729 2037 843 2065; x_wconf 87' lang='lat' dir='ltr'><strong>observa</strong></span> <span class='ocrx_word' id='word_1_567' title='bbox 857 2039 927 2065; x_wconf 87' lang='lat' dir='ltr'><strong>hanc</strong></span> <span class='ocrx_word' id='word_1_568' title='bbox 947 2043 1015 2065; x_wconf 83' lang='lat' dir='ltr'><strong>tem-</strong></span> 
     </span>
    </p>
   </div>
   <div class='ocr_carea' id='block_1_76' title="bbox 234 2082 1015 2118">
    <p class='ocr_par' dir='ltr' id='par_1_76' title="bbox 234 2082 1015 2118">
     <span class='ocr_line' id='line_1_76' title="bbox 234 2082 1015 2118; baseline 0.003 -9"><span class='ocrx_word' id='word_1_569' title='bbox 234 2082 308 2117; x_wconf 90' lang='lat' dir='ltr'><strong>poris</strong></span> <span class='ocrx_word' id='word_1_570' title='bbox 323 2082 517 2118; x_wconf 83' lang='lat' dir='ltr'><strong>occasionem),</strong></span> <span class='ocrx_word' id='word_1_571' title='bbox 534 2087 645 2118; x_wconf 87' lang='lat' dir='ltr'><strong>tumque</strong></span> <span class='ocrx_word' id='word_1_572' title='bbox 661 2083 818 2110; x_wconf 85' lang='lat' dir='ltr'><strong>tentandum</strong></span> <span class='ocrx_word' id='word_1_573' title='bbox 828 2084 903 2110; x_wconf 94' lang='lat' dir='ltr'><strong>illum</strong></span> <span class='ocrx_word' id='word_1_574' title='bbox 919 2092 1015 2118; x_wconf 76' lang='lat' dir='ltr'><strong>aggre-</strong></span> 
     </span>
    </p>
   </div>
   <div class='ocr_carea' id='block_1_77' title="bbox 233 2128 1014 2163">
    <p class='ocr_par' dir='ltr' id='par_1_77' title="bbox 233 2128 1014 2163">
     <span class='ocr_line' id='line_1_77' title="bbox 233 2128 1014 2163; baseline -0.001 -7"><span class='ocrx_word' id='word_1_575' title='bbox 233 2128 398 2156; x_wconf 86' lang='lat' dir='ltr'><strong>ditur.Vidit</strong></span> <span class='ocrx_word' id='word_1_576' title='bbox 411 2129 436 2155; x_wconf 94' lang='lat' dir='ltr'><strong>in</strong></span> <span class='ocrx_word' id='word_1_577' title='bbox 449 2129 557 2156; x_wconf 87' lang='lat' dir='ltr'><strong>deserto</strong></span> <span class='ocrx_word' id='word_1_578' title='bbox 571 2129 746 2160; x_wconf 83' lang='lat' dir='ltr'><strong>esurientem,</strong></span> <span class='ocrx_word' id='word_1_579' title='bbox 764 2129 914 2163; x_wconf 67' lang='lat' dir='ltr'><strong>[utilemque</strong></span> <span class='ocrx_word' id='word_1_580' title='bbox 928 2133 957 2156; x_wconf 88' lang='lat' dir='ltr'><strong>ut</strong></span> <span class='ocrx_word' id='word_1_581' title='bbox 972 2130 1014 2155; x_wconf 92' lang='lat' dir='ltr'><strong>in-</strong></span> 
     </span>
    </p>
   </div>
   <div class='ocr_carea' id='block_1_78' title="bbox 233 2174 1014 2209">
    <p class='ocr_par' dir='ltr' id='par_1_78' title="bbox 233 2174 1014 2209">
     <span class='ocr_line' id='line_1_78' title="bbox 233 2174 1014 2209; baseline -0.001 -7"><span class='ocrx_word' id='word_1_582' title='bbox 233 2178 413 2202; x_wconf 83' lang='lat' dir='ltr'><strong>strumentum</strong></span> <span class='ocrx_word' id='word_1_583' title='bbox 421 2174 452 2201; x_wconf 92' lang='lat' dir='ltr'><strong>ad</strong></span> <span class='ocrx_word' id='word_1_584' title='bbox 462 2174 636 2201; x_wconf 82' lang='lat' dir='ltr'><strong>lentationem</strong></span> <span class='ocrx_word' id='word_1_585' title='bbox 646 2174 760 2208; x_wconf 75' lang='lat' dir='ltr'><strong>accepit,</strong></span> <span class='ocrx_word' id='word_1_586' title='bbox 769 2182 855 2208; x_wconf 86' lang='lat' dir='ltr'><strong>neque</strong></span> <span class='ocrx_word' id='word_1_587' title='bbox 868 2174 951 2209; x_wconf 88' lang='lat' dir='ltr'><strong>ipsam</strong></span> <span class='ocrx_word' id='word_1_588' title='bbox 960 2174 1014 2202; x_wconf 90' lang='lat' dir='ltr'><strong>cibi</strong></span> 
     </span>
    </p>
   </div>
   <div class='ocr_carea' id='block_1_79' title="bbox 233 2214 1014 2255">
    <p class='ocr_par' dir='ltr' id='par_1_79' title="bbox 233 2214 1014 2255">
     <span class='ocr_line' id='line_1_79' title="bbox 233 2214 1014 2255; baseline 0.003 -8"><span class='ocrx_word' id='word_1_589' title='bbox 233 2220 423 2248; x_wconf 83' lang='lat' dir='ltr'><strong>necessitatem</strong></span> <span class='ocrx_word' id='word_1_590' title='bbox 435 2219 542 2247; x_wconf 79' lang='lat' dir='ltr'><strong>insidiis</strong></span> <span class='ocrx_word' id='word_1_591' title='bbox 558 2220 669 2247; x_wconf 78' lang='lat' dir='ltr'><strong>liberant</strong></span> <span class='ocrx_word' id='word_1_592' title='bbox 683 2214 809 2255; x_wconf 52' lang='lat' dir='ltr'><strong>reliquiti</strong></span> <span class='ocrx_word' id='word_1_593' title='bbox 823 2220 870 2247; x_wconf 85' lang='lat' dir='ltr'><strong>sed</strong></span> <span class='ocrx_word' id='word_1_594' title='bbox 883 2221 1014 2249; x_wconf 86' lang='lat' dir='ltr'><strong>accedens</strong></span> 
     </span>
    </p>
   </div>
   <div class='ocr_carea' id='block_1_80' title="bbox 233 2265 1015 2299">
    <p class='ocr_par' dir='ltr' id='par_1_80' title="bbox 233 2265 1015 2299">
     <span class='ocr_line' id='line_1_80' title="bbox 233 2265 1015 2299; baseline 0.001 -6"><span class='ocrx_word' id='word_1_595' title='bbox 233 2266 276 2294; x_wconf 86' lang='lat' dir='ltr'><strong>his</strong></span> <span class='ocrx_word' id='word_1_596' title='bbox 295 2267 387 2294; x_wconf 89' lang='lat' dir='ltr'><strong>verbis</strong></span> <span class='ocrx_word' id='word_1_597' title='bbox 407 2270 492 2293; x_wconf 88' lang='lat' dir='ltr'><strong>tentat</strong></span> <span class='ocrx_word' id='word_1_598' title='bbox 507 2267 582 2293; x_wconf 89' lang='lat' dir='ltr'><strong>illum</strong></span> <span class='ocrx_word' id='word_1_599' title='bbox 602 2275 609 2294; x_wconf 88' lang='lat'>:</span> <span class='ocrx_word' id='word_1_600' title='bbox 632 2276 641 2292; x_wconf 78' lang='grc' dir='ltr'><strong>ι</strong></span> <span class='ocrx_word' id='word_1_601' title='bbox 661 2265 688 2293; x_wconf 88' lang='lat' dir='ltr'><strong>Si</strong></span> <span class='ocrx_word' id='word_1_602' title='bbox 704 2265 790 2293; x_wconf 85' lang='lat' dir='ltr'><strong>Filius</strong></span> <span class='ocrx_word' id='word_1_603' title='bbox 806 2266 851 2294; x_wconf 88' lang='lat' dir='ltr'><strong>Dei</strong></span> <span class='ocrx_word' id='word_1_604' title='bbox 867 2275 906 2299; x_wconf 82' lang='lat' dir='ltr'><strong>es,</strong></span> <span class='ocrx_word' id='word_1_605' title='bbox 927 2267 970 2294; x_wconf 86' lang='lat' dir='ltr'><strong>dic</strong></span> <span class='ocrx_word' id='word_1_606' title='bbox 985 2271 1015 2295; x_wconf 87' lang='lat' dir='ltr'><strong>ut</strong></span> 
     </span>
    </p>
   </div>
   <div class='ocr_carea' id='block_1_81' title="bbox 233 2311 1012 2348">
    <p class='ocr_par' dir='ltr' id='par_1_81' title="bbox 233 2311 1012 2348">
     <span class='ocr_line' id='line_1_81' title="bbox 233 2311 1012 2348; baseline 0.001 -8"><span class='ocrx_word' id='word_1_607' title='bbox 233 2313 337 2348; x_wconf 81' lang='lat' dir='ltr'><strong>lapides</strong></span> <span class='ocrx_word' id='word_1_608' title='bbox 347 2313 390 2341; x_wconf 90' lang='lat' dir='ltr'><strong>isti</strong></span> <span class='ocrx_word' id='word_1_609' title='bbox 402 2320 486 2347; x_wconf 88' lang='lat' dir='ltr'><strong>panes</strong></span> <span class='ocrx_word' id='word_1_610' title='bbox 498 2312 562 2339; x_wconf 77' lang='lat' dir='ltr'><strong>(iant</strong></span> <span class='ocrx_word' id='word_1_611' title='bbox 573 2312 606 2339; x_wconf 82' lang='lat'><strong>&quot;.</strong></span> <span class='ocrx_word' id='word_1_612' title='bbox 620 2322 629 2338; x_wconf 86' lang='grc'><strong>›</strong></span> <span class='ocrx_word' id='word_1_613' title='bbox 642 2311 758 2339; x_wconf 88' lang='lat' dir='ltr'><strong>Tantum</strong></span> <span class='ocrx_word' id='word_1_614' title='bbox 768 2320 822 2339; x_wconf 91' lang='lat' dir='ltr'><strong>non</strong></span> <span class='ocrx_word' id='word_1_615' title='bbox 834 2313 870 2340; x_wconf 87' lang='lat' dir='ltr'><strong>ita</strong></span> <span class='ocrx_word' id='word_1_616' title='bbox 882 2313 1012 2347; x_wconf 83' lang='lat' dir='ltr'><strong>loquens:</strong></span> 
     </span>
    </p>
   </div>
   <div class='ocr_carea' id='block_1_82' title="bbox 234 2358 1015 2395">
    <p class='ocr_par' dir='ltr' id='par_1_82' title="bbox 234 2358 1015 2395">
     <span class='ocr_line' id='line_1_82' title="bbox 234 2358 1015 2395; baseline -0.001 -8"><span class='ocrx_word' id='word_1_617' title='bbox 234 2358 356 2394; x_wconf 84' lang='lat' dir='ltr'><strong>Superbe</strong></span> <span class='ocrx_word' id='word_1_618' title='bbox 367 2359 424 2395; x_wconf 77' lang='lat' dir='ltr'><strong>agis</strong></span> <span class='ocrx_word' id='word_1_619' title='bbox 436 2359 508 2394; x_wconf 91' lang='lat' dir='ltr'><strong>quod</strong></span> <span class='ocrx_word' id='word_1_620' title='bbox 521 2359 606 2386; x_wconf 86' lang='lat' dir='ltr'><strong>Filius</strong></span> <span class='ocrx_word' id='word_1_621' title='bbox 619 2358 665 2386; x_wconf 88' lang='lat' dir='ltr'><strong>Dei</strong></span> <span class='ocrx_word' id='word_1_622' title='bbox 678 2359 794 2390; x_wconf 83' lang='lat' dir='ltr'><strong>voceris.</strong></span> <span class='ocrx_word' id='word_1_623' title='bbox 806 2359 916 2386; x_wconf 85' lang='lat' dir='ltr'><strong>nomine</strong></span> <span class='ocrx_word' id='word_1_624' title='bbox 928 2360 1015 2386; x_wconf 88' lang='lat' dir='ltr'><strong>hallu-</strong></span> 
     </span>
    </p>
   </div>
   <div class='ocr_carea' id='block_1_83' title="bbox 233 2405 1013 2440">
    <p class='ocr_par' dir='ltr' id='par_1_83' title="bbox 233 2405 1013 2440">
     <span class='ocr_line' id='line_1_83' title="bbox 233 2405 1013 2440; baseline 0 -8"><span class='ocrx_word' id='word_1_625' title='bbox 233 2406 341 2433; x_wconf 87' lang='lat' dir='ltr'><strong>cinatus</strong></span> <span class='ocrx_word' id='word_1_626' title='bbox 357 2414 398 2433; x_wconf 89' lang='lat' dir='ltr'><strong>es.</strong></span> <span class='ocrx_word' id='word_1_627' title='bbox 416 2405 493 2433; x_wconf 89' lang='lat' dir='ltr'><strong>Nuda</strong></span> <span class='ocrx_word' id='word_1_628' title='bbox 514 2413 652 2440; x_wconf 86' lang='lat' dir='ltr'><strong>vacuaque</strong></span> <span class='ocrx_word' id='word_1_629' title='bbox 676 2405 856 2440; x_wconf 81' lang='lat' dir='ltr'><strong>appellatione</strong></span> <span class='ocrx_word' id='word_1_630' title='bbox 878 2405 1013 2440; x_wconf 75' lang='lat' dir='ltr'><strong>gloriaris.</strong></span> 
     </span>
    </p>
   </div>
   <div class='ocr_carea' id='block_1_84' title="bbox 233 2450 1016 2485">
    <p class='ocr_par' dir='ltr' id='par_1_84' title="bbox 233 2450 1016 2485">
     <span class='ocr_line' id='line_1_84' title="bbox 233 2450 1016 2485; baseline 0.001 -7"><span class='ocrx_word' id='word_1_631' title='bbox 233 2451 404 2479; x_wconf 86' lang='lat' dir='ltr'><strong>Esurientem</strong></span> <span class='ocrx_word' id='word_1_632' title='bbox 415 2451 505 2482; x_wconf 84' lang='lat' dir='ltr'><strong>video,</strong></span> <span class='ocrx_word' id='word_1_633' title='bbox 518 2456 544 2478; x_wconf 89' lang='lat' dir='ltr'><strong>et</strong></span> <span class='ocrx_word' id='word_1_634' title='bbox 553 2450 651 2478; x_wconf 85' lang='lat' dir='ltr'><strong>Filium</strong></span> <span class='ocrx_word' id='word_1_635' title='bbox 665 2450 711 2478; x_wconf 88' lang='lat' dir='ltr'><strong>Dei</strong></span> <span class='ocrx_word' id='word_1_636' title='bbox 724 2450 883 2485; x_wconf 82' lang='lat' dir='ltr'><strong>appellabo?</strong></span> <span class='ocrx_word' id='word_1_637' title='bbox 894 2450 941 2478; x_wconf 91' lang='lat' dir='ltr'><strong>llla</strong></span> <span class='ocrx_word' id='word_1_638' title='bbox 953 2458 1016 2485; x_wconf 90' lang='lat' dir='ltr'><strong>pas-</strong></span> 
     </span>
    </p>
   </div>
   <div class='ocr_carea' id='block_1_85' title="bbox 233 2496 1016 2531">
    <p class='ocr_par' dir='ltr' id='par_1_85' title="bbox 233 2496 1016 2531">
     <span class='ocr_line' id='line_1_85' title="bbox 233 2496 1016 2531; baseline -0.001 -8"><span class='ocrx_word' id='word_1_639' title='bbox 233 2497 311 2524; x_wconf 91' lang='lat' dir='ltr'><strong>sione</strong></span> <span class='ocrx_word' id='word_1_640' title='bbox 325 2496 412 2524; x_wconf 88' lang='lat' dir='ltr'><strong>honor</strong></span> <span class='ocrx_word' id='word_1_641' title='bbox 425 2496 582 2531; x_wconf 82' lang='lat' dir='ltr'><strong>illegitimus</strong></span> <span class='ocrx_word' id='word_1_642' title='bbox 596 2496 697 2524; x_wconf 86' lang='lat' dir='ltr'><strong>evadit.</strong></span> <span class='ocrx_word' id='word_1_643' title='bbox 711 2496 842 2524; x_wconf 84' lang='lat' dir='ltr'><strong>Miraculo</strong></span> <span class='ocrx_word' id='word_1_644' title='bbox 858 2496 1016 2524; x_wconf 78' lang='lat' dir='ltr'><strong>neceSsitati</strong></span> 
     </span>
    </p>
   </div>
   <div class='ocr_carea' id='block_1_86' title="bbox 232 2542 1016 2578">
    <p class='ocr_par' dir='ltr' id='par_1_86' title="bbox 232 2542 1016 2578">
     <span class='ocr_line' id='line_1_86' title="bbox 232 2542 1016 2578; baseline -0.003 -8"><span class='ocrx_word' id='word_1_645' title='bbox 232 2542 345 2578; x_wconf 88' lang='lat' dir='ltr'><strong>provide</strong></span> <span class='ocrx_word' id='word_1_646' title='bbox 363 2547 415 2570; x_wconf 77' lang='lat' dir='ltr'><strong>tua:</strong></span> <span class='ocrx_word' id='word_1_647' title='bbox 432 2552 438 2569; x_wconf 94' lang='lat'><strong>:</strong></span> <span class='ocrx_word' id='word_1_648' title='bbox 457 2542 564 2578; x_wconf 84' lang='lat' dir='ltr'><strong>jubenti</strong></span> <span class='ocrx_word' id='word_1_649' title='bbox 587 2542 692 2577; x_wconf 85' lang='lat' dir='ltr'><strong>lapides</strong></span> <span class='ocrx_word' id='word_1_650' title='bbox 708 2542 904 2577; x_wconf 89' lang='lat' dir='ltr'><strong>obsequantur,</strong></span> <span class='ocrx_word' id='word_1_651' title='bbox 925 2545 952 2570; x_wconf 88' lang='lat' dir='ltr'><strong>et</strong></span> <span class='ocrx_word' id='word_1_652' title='bbox 966 2549 1016 2568; x_wconf 90' lang='lat' dir='ltr'><strong>no-</strong></span> 
     </span>
    </p>
   </div>
   <div class='ocr_carea' id='block_1_87' title="bbox 267 2618 1059 2656">
    <p class='ocr_par' dir='ltr' id='par_1_87' title="bbox 267 2618 1059 2656">
     <span class='ocr_line' id='line_1_87' title="bbox 267 2618 1059 2656; baseline -0.003 -9"><span class='ocrx_word' id='word_1_653' title='bbox 267 2621 290 2638; x_wconf 81' lang='lat'><strong>&quot;</strong></span> <span class='ocrx_word' id='word_1_654' title='bbox 309 2620 409 2656; x_wconf 84' lang='lat' dir='ltr'><strong>Ephes.</strong></span> <span class='ocrx_word' id='word_1_655' title='bbox 427 2628 464 2653; x_wconf 82' lang='lat' dir='ltr'><strong>Vl,</strong></span> <span class='ocrx_word' id='word_1_656' title='bbox 486 2620 529 2648; x_wconf 74' lang='grc'><strong>12.</strong></span> <span class='ocrx_word' id='word_1_657' title='bbox 567 2620 590 2636; x_wconf 71' lang='grc' dir='ltr'><strong>³ο</strong></span> <span class='ocrx_word' id='word_1_658' title='bbox 609 2619 675 2648; x_wconf 87' lang='lat' dir='ltr'><strong>ibid.</strong></span> <span class='ocrx_word' id='word_1_659' title='bbox 693 2619 785 2646; x_wconf 65' lang='lat'><strong>1447.</strong></span> <span class='ocrx_word' id='word_1_660' title='bbox 823 2619 844 2635; x_wconf 84' lang='lat'>&quot;</span> <span class='ocrx_word' id='word_1_661' title='bbox 864 2618 960 2646; x_wconf 86' lang='lat' dir='ltr'><strong>Matth.</strong></span> <span class='ocrx_word' id='word_1_662' title='bbox 978 2626 1015 2651; x_wconf 90' lang='lat' dir='ltr'><strong>tv,</strong></span> <span class='ocrx_word' id='word_1_663' title='bbox 1032 2618 1059 2646; x_wconf 79' lang='lat'><strong>5.</strong></span> 
     </span>
    </p>
   </div>
   <div class='ocr_carea' id='block_1_88' title="bbox 269 2676 1014 2712">
    <p class='ocr_par' dir='ltr' id='par_1_88' title="bbox 269 2676 1014 2712">
     <span class='ocr_line' id='line_1_88' title="bbox 269 2676 1014 2712; baseline -0.003 -7"><span class='ocrx_word' id='word_1_664' title='bbox 269 2677 324 2712; x_wconf 85' lang='lat'><strong>(9|)</strong></span> <span class='ocrx_word' id='word_1_665' title='bbox 344 2677 390 2712; x_wconf 72' lang='lat' dir='ltr'><strong>Sic</strong></span> <span class='ocrx_word' id='word_1_666' title='bbox 401 2685 496 2705; x_wconf 90' lang='lat' dir='ltr'><strong>omnes</strong></span> <span class='ocrx_word' id='word_1_667' title='bbox 508 2685 573 2705; x_wconf 90' lang='lat' dir='ltr'><strong>mss.</strong></span> <span class='ocrx_word' id='word_1_668' title='bbox 587 2677 658 2704; x_wconf 89' lang='lat' dir='ltr'><strong>Editi</strong></span> <span class='ocrx_word' id='word_1_669' title='bbox 675 2682 777 2711; x_wconf 80' lang='lat' dir='ltr'><strong>autem,</strong></span> <span class='ocrx_word' id='word_1_670' title='bbox 788 2677 949 2705; x_wconf 82' lang='grc' dir='ltr'>ἀποτίθεσθε</span> <span class='ocrx_word' id='word_1_671' title='bbox 964 2676 1014 2712; x_wconf 84' lang='grc' dir='ltr'>τὴν</span> 
     </span>
    </p>
   </div>
   <div class='ocr_carea' id='block_1_89' title="bbox 233 2710 750 2748">
    <p class='ocr_par' dir='ltr' id='par_1_89' title="bbox 233 2710 750 2748">
     <span class='ocr_line' id='line_1_89' title="bbox 233 2710 750 2748; baseline 0.002 -8"><span class='ocrx_word' id='word_1_672' title='bbox 233 2710 344 2747; x_wconf 63' lang='grc' dir='ltr'>ἐσθῆτα,</span> <span class='ocrx_word' id='word_1_673' title='bbox 357 2710 380 2740; x_wconf 79' lang='grc' dir='ltr'><strong>ὦ</strong></span> <span class='ocrx_word' id='word_1_674' title='bbox 395 2712 442 2739; x_wconf 79' lang='grc' dir='ltr'><strong>τοῦ</strong></span> <span class='ocrx_word' id='word_1_675' title='bbox 459 2712 575 2748; x_wconf 82' lang='grc' dir='ltr'>Χριστοῦ</span> <span class='ocrx_word' id='word_1_676' title='bbox 589 2712 750 2748; x_wconf 72' lang='grc' dir='ltr'>στρατιῶται.</span> 
     </span>
    </p>
   </div>
   <div class='ocr_carea' id='block_1_90' title="bbox 269 2748 577 2781">
    <p class='ocr_par' dir='ltr' id='par_1_90' title="bbox 269 2748 577 2781">
     <span class='ocr_line' id='line_1_90' title="bbox 269 2748 577 2781; baseline 0 -7"><span class='ocrx_word' id='word_1_677' title='bbox 269 2748 325 2781; x_wconf 65' lang='lat'><strong>(9‘3)</strong></span> <span class='ocrx_word' id='word_1_678' title='bbox 344 2749 382 2774; x_wconf 91' lang='lat' dir='ltr'><strong>Ita</strong></span> <span class='ocrx_word' id='word_1_679' title='bbox 400 2755 496 2775; x_wconf 83' lang='lat' dir='ltr'><strong>omnes</strong></span> <span class='ocrx_word' id='word_1_680' title='bbox 510 2756 577 2775; x_wconf 82' lang='lat' dir='ltr'><strong>mss.</strong></span> 
     </span>
    </p>
   </div>
   <div class='ocr_carea' id='block_1_91' title="bbox 269 2782 1014 2823">
    <p class='ocr_par' dir='ltr' id='par_1_91' title="bbox 269 2782 1014 2823">
     <span class='ocr_line' id='line_1_91' title="bbox 269 2782 1014 2823; baseline -0.001 -14"><span class='ocrx_word' id='word_1_681' title='bbox 269 2782 372 2823; x_wconf 45' lang='grc' dir='ltr'>(93)·1η</span> <span class='ocrx_word' id='word_1_682' title='bbox 383 2782 465 2811; x_wconf 84' lang='lat' dir='ltr'><strong>editis</strong></span> <span class='ocrx_word' id='word_1_683' title='bbox 481 2783 612 2818; x_wconf 81' lang='lat' dir='ltr'><strong>adjicitur</strong></span> <span class='ocrx_word' id='word_1_684' title='bbox 630 2783 686 2815; x_wconf 86' lang='lat' dir='ltr'><strong>hic,</strong></span> <span class='ocrx_word' id='word_1_685' title='bbox 706 2784 736 2810; x_wconf 79' lang='grc' dir='ltr'>ἐν</span> <span class='ocrx_word' id='word_1_686' title='bbox 759 2784 815 2814; x_wconf 86' lang='grc' dir='ltr'>τοῖς</span> <span class='ocrx_word' id='word_1_687' title='bbox 835 2782 1014 2818; x_wconf 80' lang='grc' dir='ltr'>ἐπουρανίοις,</span> 
     </span>
    </p>
   </div>
   <div class='ocr_carea' id='block_1_92' title="bbox 235 2825 436 2846">
    <p class='ocr_par' dir='ltr' id='par_1_92' title="bbox 235 2825 436 2846">
     <span class='ocr_line' id='line_1_92' title="bbox 235 2825 436 2846; baseline -0.01 0"><span class='ocrx_word' id='word_1_688' title='bbox 235 2825 314 2846; x_wconf 72' lang='grc' dir='ltr'>εεουε</span> <span class='ocrx_word' id='word_1_689' title='bbox 329 2826 355 2844; x_wconf 86' lang='grc' dir='ltr'>ιη</span> <span class='ocrx_word' id='word_1_690' title='bbox 370 2825 436 2845; x_wconf 87' lang='lat' dir='ltr'><strong>mss.</strong></span> 
     </span>
    </p>
   </div>
   <div class='ocr_carea' id='block_1_93' title="bbox 270 2852 973 2888">
    <p class='ocr_par' dir='ltr' id='par_1_93' title="bbox 270 2852 973 2888">
     <span class='ocr_line' id='line_1_93' title="bbox 270 2852 973 2888; baseline -0.001 -9"><span class='ocrx_word' id='word_1_691' title='bbox 270 2852 326 2888; x_wconf 66' lang='grc'>(96)</span> <span class='ocrx_word' id='word_1_692' title='bbox 345 2852 384 2880; x_wconf 87' lang='lat' dir='ltr'><strong>lta</strong></span> <span class='ocrx_word' id='word_1_693' title='bbox 403 2860 499 2882; x_wconf 87' lang='lat' dir='ltr'><strong>omnes</strong></span> <span class='ocrx_word' id='word_1_694' title='bbox 515 2861 571 2882; x_wconf 77' lang='lat' dir='ltr'><strong>is</strong></span> <span class='ocrx_word' id='word_1_695' title='bbox 600 2854 670 2882; x_wconf 76' lang='lat' dir='ltr'><strong>Editi</strong></span> <span class='ocrx_word' id='word_1_696' title='bbox 688 2861 763 2886; x_wconf 83' lang='lat' dir='ltr'><strong>vero,</strong></span> <span class='ocrx_word' id='word_1_697' title='bbox 784 2852 973 2888; x_wconf 76' lang='grc' dir='ltr'>συμὸούλεται.</span> 
     </span>
    </p>
   </div>
   <div class='ocr_carea' id='block_1_94' title="bbox 1030 2205 1052 2232">
    <p class='ocr_par' dir='ltr' id='par_1_94' title="bbox 1030 2205 1052 2232">
     <span class='ocr_line' id='line_1_94' title="bbox 1030 2205 1052 2232; baseline 0 0"><span class='ocrx_word' id='word_1_698' title='bbox 1030 2205 1052 2232; x_wconf 92' lang='lat' dir='ltr'><strong>D</strong></span> 
     </span>
    </p>
   </div>
   <div class='ocr_carea' id='block_1_95' title="bbox 1103 1766 1851 1803">
    <p class='ocr_par' dir='ltr' id='par_1_95' title="bbox 1103 1766 1851 1803">
     <span class='ocr_line' id='line_1_95' title="bbox 1103 1766 1851 1803; baseline -0.001 -9"><span class='ocrx_word' id='word_1_699' title='bbox 1103 1767 1130 1794; x_wconf 86' lang='lat'><strong>6.</strong></span> <span class='ocrx_word' id='word_1_700' title='bbox 1145 1767 1263 1802; x_wconf 82' lang='grc' dir='ltr'>Τοιαύτη</span> <span class='ocrx_word' id='word_1_701' title='bbox 1282 1767 1331 1802; x_wconf 78' lang='grc' dir='ltr'>μὲν</span> <span class='ocrx_word' id='word_1_702' title='bbox 1343 1767 1359 1802; x_wconf 80' lang='grc' dir='ltr'>ὴ</span> <span class='ocrx_word' id='word_1_703' title='bbox 1377 1766 1431 1793; x_wconf 80' lang='grc' dir='ltr'><strong>τῶν</strong></span> <span class='ocrx_word' id='word_1_704' title='bbox 1445 1766 1535 1793; x_wconf 80' lang='grc' dir='ltr'>ὅπλων</span> <span class='ocrx_word' id='word_1_705' title='bbox 1545 1766 1621 1802; x_wconf 76' lang='grc' dir='ltr'>ἰσχύς</span> <span class='ocrx_word' id='word_1_706' title='bbox 1633 1775 1639 1781; x_wconf 92' lang='grc'><strong>·</strong></span> <span class='ocrx_word' id='word_1_707' title='bbox 1654 1766 1694 1793; x_wconf 80' lang='grc' dir='ltr'>δτι</span> <span class='ocrx_word' id='word_1_708' title='bbox 1713 1767 1741 1793; x_wconf 78' lang='grc' dir='ltr'><strong>δὲ</strong></span> <span class='ocrx_word' id='word_1_709' title='bbox 1755 1767 1790 1794; x_wconf 77' lang='grc' dir='ltr'>τέι</span> <span class='ocrx_word' id='word_1_710' title='bbox 1803 1768 1851 1803; x_wconf 80' lang='grc' dir='ltr'>τῆς</span> 
     </span>
    </p>
   </div>
   <div class='ocr_carea' id='block_1_96' title="bbox 1066 1812 1852 1849">
    <p class='ocr_par' dir='ltr' id='par_1_96' title="bbox 1066 1812 1852 1849">
     <span class='ocr_line' id='line_1_96' title="bbox 1066 1812 1852 1849; baseline 0.001 -10"><span class='ocrx_word' id='word_1_711' title='bbox 1066 1813 1252 1848; x_wconf 79' lang='grc' dir='ltr'>παρατάξεως,</span> <span class='ocrx_word' id='word_1_712' title='bbox 1271 1812 1322 1839; x_wconf 83' lang='grc' dir='ltr'>κᾶν</span> <span class='ocrx_word' id='word_1_713' title='bbox 1344 1813 1380 1848; x_wconf 85' lang='grc' dir='ltr'>μὴ</span> <span class='ocrx_word' id='word_1_714' title='bbox 1401 1813 1538 1848; x_wconf 83' lang='grc' dir='ltr'>φαίνηται,</span> <span class='ocrx_word' id='word_1_715' title='bbox 1563 1813 1685 1847; x_wconf 80' lang='grc' dir='ltr'><strong>γίνεται¹</strong></span> <span class='ocrx_word' id='word_1_716' title='bbox 1716 1813 1852 1849; x_wconf 76' lang='grc' dir='ltr'>σκόπησον</span> 
     </span>
    </p>
   </div>
   <div class='ocr_carea' id='block_1_97' title="bbox 1066 1858 1852 1893">
    <p class='ocr_par' dir='ltr' id='par_1_97' title="bbox 1066 1858 1852 1893">
     <span class='ocr_line' id='line_1_97' title="bbox 1066 1858 1852 1893; baseline 0 -9"><span class='ocrx_word' id='word_1_717' title='bbox 1066 1858 1160 1889; x_wconf 71' lang='grc' dir='ltr'>οὕτως.</span> <span class='ocrx_word' id='word_1_718' title='bbox 1179 1859 1210 1884; x_wconf 88' lang='grc' dir='ltr'><strong>Εἰ</strong></span> <span class='ocrx_word' id='word_1_719' title='bbox 1222 1858 1276 1893; x_wconf 80' lang='grc' dir='ltr'>γὰρ</span> <span class='ocrx_word' id='word_1_720' title='bbox 1287 1858 1332 1884; x_wconf 74' lang='grc' dir='ltr'>τὸν</span> <span class='ocrx_word' id='word_1_721' title='bbox 1349 1858 1465 1892; x_wconf 77' lang='grc' dir='ltr'>Χριστὸν</span> <span class='ocrx_word' id='word_1_722' title='bbox 1483 1858 1623 1893; x_wconf 79' lang='grc' dir='ltr'>πειράζειν</span> <span class='ocrx_word' id='word_1_723' title='bbox 1637 1859 1686 1885; x_wconf 75' lang='grc' dir='ltr'><strong>οὐκ</strong></span> <span class='ocrx_word' id='word_1_724' title='bbox 1699 1858 1822 1893; x_wconf 73' lang='grc' dir='ltr'>ὤκνησεν</span> <span class='ocrx_word' id='word_1_725' title='bbox 1838 1860 1852 1885; x_wconf 86' lang='grc' dir='ltr'><strong>ὀ</strong></span> 
     </span>
    </p>
   </div>
   <div class='ocr_carea' id='block_1_98' title="bbox 1065 1903 1851 1938">
    <p class='ocr_par' dir='ltr' id='par_1_98' title="bbox 1065 1903 1851 1938">
     <span class='ocr_line' id='line_1_98' title="bbox 1065 1903 1851 1938; baseline 0 -8"><span class='ocrx_word' id='word_1_726' title='bbox 1065 1903 1195 1935; x_wconf 78' lang='grc' dir='ltr'>διάϐολος,</span> <span class='ocrx_word' id='word_1_727' title='bbox 1209 1904 1266 1930; x_wconf 82' lang='grc' dir='ltr'>ἀλλ’</span> <span class='ocrx_word' id='word_1_728' title='bbox 1285 1904 1475 1938; x_wconf 71' lang='grc' dir='ltr'>ἀναισχυντίας</span> <span class='ocrx_word' id='word_1_729' title='bbox 1491 1903 1627 1938; x_wconf 77' lang='grc' dir='ltr'>ὑπερϐολῇ</span> <span class='ocrx_word' id='word_1_730' title='bbox 1651 1904 1697 1930; x_wconf 77' lang='grc' dir='ltr'>καὶ</span> <span class='ocrx_word' id='word_1_731' title='bbox 1720 1904 1791 1930; x_wconf 84' lang='grc' dir='ltr'>κατὰ</span> <span class='ocrx_word' id='word_1_732' title='bbox 1804 1903 1851 1930; x_wconf 83' lang='grc' dir='ltr'><strong>τοῦ</strong></span> 
     </span>
    </p>
   </div>
   <div class='ocr_carea' id='block_1_99' title="bbox 1066 1949 1852 1985">
    <p class='ocr_par' dir='ltr' id='par_1_99' title="bbox 1066 1949 1852 1985">
     <span class='ocr_line' id='line_1_99' title="bbox 1066 1949 1852 1985; baseline 0.001 -9"><span class='ocrx_word' id='word_1_733' title='bbox 1066 1950 1198 1976; x_wconf 76' lang='grc' dir='ltr'>Δεσπάτου</span> <span class='ocrx_word' id='word_1_734' title='bbox 1208 1949 1367 1984; x_wconf 73' lang='grc' dir='ltr'>τετόλμηκε·</span> <span class='ocrx_word' id='word_1_735' title='bbox 1377 1949 1435 1980; x_wconf 83' lang='grc' dir='ltr'>πῶς</span> <span class='ocrx_word' id='word_1_736' title='bbox 1443 1949 1497 1975; x_wconf 86' lang='grc' dir='ltr'><strong>τῶν</strong></span> <span class='ocrx_word' id='word_1_737' title='bbox 1509 1950 1579 1976; x_wconf 79' lang='grc' dir='ltr'>κατὰ</span> <span class='ocrx_word' id='word_1_738' title='bbox 1593 1949 1640 1976; x_wconf 89' lang='grc' dir='ltr'><strong>σοῦ</strong></span> <span class='ocrx_word' id='word_1_739' title='bbox 1650 1951 1852 1985; x_wconf 80' lang='grc' dir='ltr'>μηχανημάτων</span> 
     </span>
    </p>
   </div>
   <div class='ocr_carea' id='block_1_100' title="bbox 1067 1993 1852 2030">
    <p class='ocr_par' dir='ltr' id='par_1_100' title="bbox 1067 1993 1852 2030">
     <span class='ocr_line' id='line_1_100' title="bbox 1067 1993 1852 2030; baseline 0 -9"><span class='ocrx_word' id='word_1_740' title='bbox 1067 1995 1202 2030; x_wconf 82' lang='grc' dir='ltr'>παύσηται</span> <span class='ocrx_word' id='word_1_741' title='bbox 1212 1994 1266 2029; x_wconf 83' lang='lat'><strong>(96)</strong></span> <span class='ocrx_word' id='word_1_742' title='bbox 1280 2003 1287 2027; x_wconf 88' lang='lat'><strong>;</strong></span> <span class='ocrx_word' id='word_1_743' title='bbox 1301 1993 1361 2021; x_wconf 81' lang='grc' dir='ltr'>Εἷδε</span> <span class='ocrx_word' id='word_1_744' title='bbox 1375 1994 1420 2021; x_wconf 86' lang='grc' dir='ltr'>τὸν</span> <span class='ocrx_word' id='word_1_745' title='bbox 1436 1995 1552 2030; x_wconf 79' lang='grc' dir='ltr'>Χριστὸν</span> <span class='ocrx_word' id='word_1_746' title='bbox 1567 1994 1747 2029; x_wconf 80' lang='grc' dir='ltr'>βαπτισθέντα</span> <span class='ocrx_word' id='word_1_747' title='bbox 1768 1995 1811 2028; x_wconf 77' lang='grc' dir='ltr'>(σὺ</span> <span class='ocrx_word' id='word_1_748' title='bbox 1824 1995 1852 2021; x_wconf 76' lang='grc' dir='ltr'><strong>δὲ</strong></span> 
     </span>
    </p>
   </div>
   <div class='ocr_carea' id='block_1_101' title="bbox 1068 2037 1852 2076">
    <p class='ocr_par' dir='ltr' id='par_1_101' title="bbox 1068 2037 1852 2076">
     <span class='ocr_line' id='line_1_101' title="bbox 1068 2037 1852 2076; baseline 0 -10"><span class='ocrx_word' id='word_1_749' title='bbox 1068 2040 1215 2067; x_wconf 75' lang='grc' dir='ltr'>σκόπειτδν</span> <span class='ocrx_word' id='word_1_750' title='bbox 1228 2041 1332 2076; x_wconf 72' lang='grc' dir='ltr'>καιρὸν,</span> <span class='ocrx_word' id='word_1_751' title='bbox 1343 2037 1364 2067; x_wconf 79' lang='grc' dir='ltr'><strong>ὦ</strong></span> <span class='ocrx_word' id='word_1_752' title='bbox 1381 2039 1569 2075; x_wconf 73' lang='grc' dir='ltr'>νεοφώτιστε),</span> <span class='ocrx_word' id='word_1_753' title='bbox 1589 2040 1635 2066; x_wconf 70' lang='grc' dir='ltr'><strong>καὶ</strong></span> <span class='ocrx_word' id='word_1_754' title='bbox 1659 2040 1718 2066; x_wconf 75' lang='grc' dir='ltr'>τότε</span> <span class='ocrx_word' id='word_1_755' title='bbox 1735 2040 1802 2076; x_wconf 71' lang='grc' dir='ltr'>πρὸς</span> <span class='ocrx_word' id='word_1_756' title='bbox 1822 2041 1852 2067; x_wconf 81' lang='grc' dir='ltr'><strong>τὺ</strong></span> 
     </span>
    </p>
   </div>
   <div class='ocr_carea' id='block_1_102' title="bbox 1067 2084 1850 2122">
    <p class='ocr_par' dir='ltr' id='par_1_102' title="bbox 1067 2084 1850 2122">
     <span class='ocr_line' id='line_1_102' title="bbox 1067 2084 1850 2122; baseline -0.001 -9"><span class='ocrx_word' id='word_1_757' title='bbox 1067 2085 1207 2122; x_wconf 77' lang='grc' dir='ltr'>πειράζειν</span> <span class='ocrx_word' id='word_1_758' title='bbox 1229 2086 1343 2121; x_wconf 83' lang='grc' dir='ltr'><strong>ὴγὲροη.</strong></span> <span class='ocrx_word' id='word_1_759' title='bbox 1360 2084 1435 2112; x_wconf 85' lang='grc' dir='ltr'>Εἷδεν</span> <span class='ocrx_word' id='word_1_760' title='bbox 1460 2087 1488 2112; x_wconf 84' lang='grc' dir='ltr'>ὲν</span> <span class='ocrx_word' id='word_1_761' title='bbox 1517 2087 1549 2121; x_wconf 81' lang='grc' dir='ltr'><strong>τῇ</strong></span> <span class='ocrx_word' id='word_1_762' title='bbox 1564 2086 1658 2121; x_wconf 79' lang='grc' dir='ltr'>ἐρήμῳ</span> <span class='ocrx_word' id='word_1_763' title='bbox 1676 2085 1850 2115; x_wconf 79' lang='grc' dir='ltr'>πεινάσαντα.</span> 
     </span>
    </p>
   </div>
   <div class='ocr_carea' id='block_1_103' title="bbox 1067 2130 1851 2167">
    <p class='ocr_par' dir='ltr' id='par_1_103' title="bbox 1067 2130 1851 2167">
     <span class='ocr_line' id='line_1_103' title="bbox 1067 2130 1851 2167; baseline -0.003 -9"><span class='ocrx_word' id='word_1_764' title='bbox 1067 2131 1114 2158; x_wconf 67' lang='grc' dir='ltr'>καὶ</span> <span class='ocrx_word' id='word_1_765' title='bbox 1130 2131 1258 2167; x_wconf 72' lang='grc' dir='ltr'>συνεργὸν</span> <span class='ocrx_word' id='word_1_766' title='bbox 1266 2131 1315 2165; x_wconf 82' lang='grc' dir='ltr'>τῆς</span> <span class='ocrx_word' id='word_1_767' title='bbox 1331 2131 1428 2165; x_wconf 76' lang='grc' dir='ltr'>πείρας</span> <span class='ocrx_word' id='word_1_768' title='bbox 1441 2131 1490 2166; x_wconf 84' lang='grc' dir='ltr'>τὴν</span> <span class='ocrx_word' id='word_1_769' title='bbox 1504 2132 1598 2156; x_wconf 77' lang='grc' dir='ltr'>πεῖναν</span> <span class='ocrx_word' id='word_1_770' title='bbox 1618 2130 1778 2165; x_wconf 75' lang='grc' dir='ltr'>ἐλάμϐανεν,</span> <span class='ocrx_word' id='word_1_771' title='bbox 1792 2130 1851 2156; x_wconf 73' lang='grc' dir='ltr'>οὐδὲ</span> 
     </span>
    </p>
   </div>
   <div class='ocr_carea' id='block_1_104' title="bbox 1068 2175 1851 2212">
    <p class='ocr_par' dir='ltr' id='par_1_104' title="bbox 1068 2175 1851 2212">
     <span class='ocr_line' id='line_1_104' title="bbox 1068 2175 1851 2212; baseline -0.001 -9"><span class='ocrx_word' id='word_1_772' title='bbox 1068 2177 1151 2212; x_wconf 74' lang='grc' dir='ltr'>αὐτῆς</span> <span class='ocrx_word' id='word_1_773' title='bbox 1162 2178 1210 2212; x_wconf 77' lang='grc' dir='ltr'><strong>τῆς</strong></span> <span class='ocrx_word' id='word_1_774' title='bbox 1223 2177 1325 2212; x_wconf 67' lang='grc' dir='ltr'>τροφῆς</span> <span class='ocrx_word' id='word_1_775' title='bbox 1337 2176 1386 2212; x_wconf 73' lang='grc' dir='ltr'>τὴν</span> <span class='ocrx_word' id='word_1_776' title='bbox 1392 2176 1485 2212; x_wconf 82' lang='grc' dir='ltr'>χρείαν</span> <span class='ocrx_word' id='word_1_777' title='bbox 1497 2175 1697 2211; x_wconf 83' lang='grc' dir='ltr'>μηχανημάτων</span> <span class='ocrx_word' id='word_1_778' title='bbox 1707 2175 1851 2211; x_wconf 68' lang='grc' dir='ltr'>ἐλευθέραν</span> 
     </span>
    </p>
   </div>
   <div class='ocr_carea' id='block_1_105' title="bbox 1066 2221 1851 2258">
    <p class='ocr_par' dir='ltr' id='par_1_105' title="bbox 1066 2221 1851 2258">
     <span class='ocr_line' id='line_1_105' title="bbox 1066 2221 1851 2258; baseline -0.004 -9"><span class='ocrx_word' id='word_1_779' title='bbox 1066 2223 1154 2258; x_wconf 80' lang='grc' dir='ltr'>ἀφείς,</span> <span class='ocrx_word' id='word_1_780' title='bbox 1177 2223 1246 2249; x_wconf 83' lang='grc' dir='ltr'><strong>ἀλλὰ</strong></span> <span class='ocrx_word' id='word_1_781' title='bbox 1263 2221 1417 2257; x_wconf 81' lang='grc' dir='ltr'>προσελθὼν</span> <span class='ocrx_word' id='word_1_782' title='bbox 1432 2221 1561 2257; x_wconf 74' lang='grc' dir='ltr'>ἐνεχείρει</span> <span class='ocrx_word' id='word_1_783' title='bbox 1579 2221 1718 2256; x_wconf 76' lang='grc' dir='ltr'>πειράζειν</span> <span class='ocrx_word' id='word_1_784' title='bbox 1741 2221 1788 2247; x_wconf 76' lang='grc' dir='ltr'><strong>καὶ</strong></span> <span class='ocrx_word' id='word_1_785' title='bbox 1810 2221 1851 2247; x_wconf 80' lang='grc' dir='ltr'><strong>λέ-</strong></span> 
     </span>
    </p>
   </div>
   <div class='ocr_carea' id='block_1_106' title="bbox 1066 2265 1850 2303">
    <p class='ocr_par' dir='ltr' id='par_1_106' title="bbox 1066 2265 1850 2303">
     <span class='ocr_line' id='line_1_106' title="bbox 1066 2265 1850 2303; baseline -0.001 -10"><span class='ocrx_word' id='word_1_786' title='bbox 1066 2267 1206 2303; x_wconf 80' lang='grc' dir='ltr'>γειν(97)’</span> <span class='ocrx_word' id='word_1_787' title='bbox 1225 2276 1234 2292; x_wconf 78' lang='grc' dir='ltr'><strong>ι</strong></span> <span class='ocrx_word' id='word_1_788' title='bbox 1247 2267 1278 2292; x_wconf 83' lang='grc' dir='ltr'><strong>Εἰ</strong></span> <span class='ocrx_word' id='word_1_789' title='bbox 1292 2266 1356 2298; x_wconf 79' lang='grc' dir='ltr'><strong>Υἱὸς</strong></span> <span class='ocrx_word' id='word_1_790' title='bbox 1381 2265 1406 2292; x_wconf 82' lang='grc' dir='ltr'>εἷ</span> <span class='ocrx_word' id='word_1_791' title='bbox 1426 2266 1472 2292; x_wconf 77' lang='grc' dir='ltr'><strong>τοῦ</strong></span> <span class='ocrx_word' id='word_1_792' title='bbox 1488 2265 1565 2298; x_wconf 84' lang='grc' dir='ltr'>Θεοῦ,</span> <span class='ocrx_word' id='word_1_793' title='bbox 1591 2266 1651 2292; x_wconf 78' lang='grc' dir='ltr'>εἰπὲ</span> <span class='ocrx_word' id='word_1_794' title='bbox 1671 2267 1713 2292; x_wconf 77' lang='grc' dir='ltr'>ἵνα</span> <span class='ocrx_word' id='word_1_795' title='bbox 1739 2267 1763 2292; x_wconf 76' lang='grc' dir='ltr'>οἱ</span> <span class='ocrx_word' id='word_1_796' title='bbox 1784 2266 1850 2303; x_wconf 77' lang='grc' dir='ltr'>λίβοι</span> 
     </span>
    </p>
   </div>
   <div class='ocr_carea' id='block_1_107' title="bbox 1066 2309 1851 2348">
    <p class='ocr_par' dir='ltr' id='par_1_107' title="bbox 1066 2309 1851 2348">
     <span class='ocr_line' id='line_1_107' title="bbox 1066 2309 1851 2348; baseline -0.003 -8"><span class='ocrx_word' id='word_1_797' title='bbox 1066 2309 1139 2340; x_wconf 80' lang='grc' dir='ltr'>οῦτοι</span> <span class='ocrx_word' id='word_1_798' title='bbox 1152 2313 1227 2348; x_wconf 84' lang='grc' dir='ltr'>ἄρτοι</span> <span class='ocrx_word' id='word_1_799' title='bbox 1240 2313 1381 2346; x_wconf 83' lang='grc' dir='ltr'>γένωνται.</span> <span class='ocrx_word' id='word_1_800' title='bbox 1401 2322 1410 2338; x_wconf 68' lang='grc' dir='ltr'><strong>ι</strong></span> <span class='ocrx_word' id='word_1_801' title='bbox 1423 2312 1572 2347; x_wconf 75' lang='grc' dir='ltr'>Μονονουχὶ</span> <span class='ocrx_word' id='word_1_802' title='bbox 1587 2312 1665 2338; x_wconf 89' lang='grc' dir='ltr'>τοῦτο</span> <span class='ocrx_word' id='word_1_803' title='bbox 1674 2312 1772 2346; x_wconf 74' lang='grc' dir='ltr'>λέγων’</span> <span class='ocrx_word' id='word_1_804' title='bbox 1789 2313 1851 2344; x_wconf 70' lang='grc' dir='ltr'><strong>Υἱὸς</strong></span> 
     </span>
    </p>
   </div>
   <div class='ocr_carea' id='block_1_108' title="bbox 1067 2357 1849 2394">
    <p class='ocr_par' dir='ltr' id='par_1_108' title="bbox 1067 2357 1849 2394">
     <span class='ocr_line' id='line_1_108' title="bbox 1067 2357 1849 2394; baseline -0.003 -9"><span class='ocrx_word' id='word_1_805' title='bbox 1067 2359 1134 2385; x_wconf 79' lang='grc' dir='ltr'>Θεοῦ</span> <span class='ocrx_word' id='word_1_806' title='bbox 1161 2358 1317 2394; x_wconf 75' lang='grc' dir='ltr'>σοϐαρεύεις</span> <span class='ocrx_word' id='word_1_807' title='bbox 1344 2357 1523 2393; x_wconf 82' lang='grc' dir='ltr'>καλούμενος“,</span> <span class='ocrx_word' id='word_1_808' title='bbox 1556 2357 1700 2393; x_wconf 79' lang='grc' dir='ltr'>ἠπατήοης</span> <span class='ocrx_word' id='word_1_809' title='bbox 1729 2357 1849 2392; x_wconf 80' lang='grc' dir='ltr'>ὀνόματι.</span> 
     </span>
    </p>
   </div>
   <div class='ocr_carea' id='block_1_109' title="bbox 1068 2403 1851 2440">
    <p class='ocr_par' dir='ltr' id='par_1_109' title="bbox 1068 2403 1851 2440">
     <span class='ocr_line' id='line_1_109' title="bbox 1068 2403 1851 2440; baseline -0.003 -9"><span class='ocrx_word' id='word_1_810' title='bbox 1068 2404 1241 2440; x_wconf 74' lang='grc' dir='ltr'>Προσηγορίᾳ</span> <span class='ocrx_word' id='word_1_811' title='bbox 1261 2406 1351 2440; x_wconf 83' lang='grc' dir='ltr'>γυμνῇ</span> <span class='ocrx_word' id='word_1_812' title='bbox 1374 2404 1535 2439; x_wconf 86' lang='grc' dir='ltr'>πράγματος</span> <span class='ocrx_word' id='word_1_813' title='bbox 1561 2403 1689 2438; x_wconf 80' lang='grc' dir='ltr'>σεμνύνῃ.</span> <span class='ocrx_word' id='word_1_814' title='bbox 1713 2403 1851 2430; x_wconf 85' lang='grc' dir='ltr'>Πεινῶντα</span> 
     </span>
    </p>
   </div>
   <div class='ocr_carea' id='block_1_110' title="bbox 1068 2448 1851 2485">
    <p class='ocr_par' dir='ltr' id='par_1_110' title="bbox 1068 2448 1851 2485">
     <span class='ocr_line' id='line_1_110' title="bbox 1068 2448 1851 2485; baseline -0.003 -9"><span class='ocrx_word' id='word_1_815' title='bbox 1068 2450 1168 2485; x_wconf 76' lang='grc' dir='ltr'>βλέπω,</span> <span class='ocrx_word' id='word_1_816' title='bbox 1185 2450 1232 2476; x_wconf 71' lang='grc' dir='ltr'><strong>καὶ</strong></span> <span class='ocrx_word' id='word_1_817' title='bbox 1247 2450 1310 2476; x_wconf 77' lang='grc' dir='ltr'><strong>Υἱὸν</strong></span> <span class='ocrx_word' id='word_1_818' title='bbox 1324 2449 1391 2476; x_wconf 82' lang='grc' dir='ltr'>Θεοῦ</span> <span class='ocrx_word' id='word_1_819' title='bbox 1415 2449 1557 2484; x_wconf 81' lang='grc' dir='ltr'>ὀνομάσω;</span> <span class='ocrx_word' id='word_1_820' title='bbox 1585 2449 1615 2475; x_wconf 87' lang='grc' dir='ltr'><strong>Ἡ</strong></span> <span class='ocrx_word' id='word_1_821' title='bbox 1632 2448 1698 2483; x_wconf 75' lang='grc' dir='ltr'>τιμὴ</span> <span class='ocrx_word' id='word_1_822' title='bbox 1723 2448 1761 2483; x_wconf 84' lang='grc' dir='ltr'><strong>τῷ</strong></span> <span class='ocrx_word' id='word_1_823' title='bbox 1772 2448 1851 2474; x_wconf 79' lang='grc' dir='ltr'>πάθει</span> 
     </span>
    </p>
   </div>
   <div class='ocr_carea' id='block_1_111' title="bbox 1067 2493 1849 2531">
    <p class='ocr_par' dir='ltr' id='par_1_111' title="bbox 1067 2493 1849 2531">
     <span class='ocr_line' id='line_1_111' title="bbox 1067 2493 1849 2531; baseline -0.003 -9"><span class='ocrx_word' id='word_1_824' title='bbox 1067 2495 1213 2522; x_wconf 82' lang='grc' dir='ltr'>νοθεύεται.</span> <span class='ocrx_word' id='word_1_825' title='bbox 1245 2495 1416 2531; x_wconf 83' lang='grc' dir='ltr'>Θεράπευσον</span> <span class='ocrx_word' id='word_1_826' title='bbox 1444 2494 1493 2530; x_wconf 74' lang='grc' dir='ltr'>τὴν</span> <span class='ocrx_word' id='word_1_827' title='bbox 1532 2493 1626 2530; x_wconf 85' lang='grc' dir='ltr'>χρείαν</span> <span class='ocrx_word' id='word_1_828' title='bbox 1656 2493 1693 2528; x_wconf 85' lang='grc' dir='ltr'>τῷ</span> <span class='ocrx_word' id='word_1_829' title='bbox 1717 2493 1849 2528; x_wconf 72' lang='grc' dir='ltr'>θαύματν</span> 
     </span>
    </p>
   </div>
   <div class='ocr_carea' id='block_1_112' title="bbox 1068 2539 1850 2576">
    <p class='ocr_par' dir='ltr' id='par_1_112' title="bbox 1068 2539 1850 2576">
     <span class='ocr_line' id='line_1_112' title="bbox 1068 2539 1850 2576; baseline -0.004 -8"><span class='ocrx_word' id='word_1_830' title='bbox 1068 2541 1258 2568; x_wconf 85' lang='grc' dir='ltr'>ὑπακούσωσιν</span> <span class='ocrx_word' id='word_1_831' title='bbox 1271 2542 1296 2568; x_wconf 76' lang='grc' dir='ltr'><strong>οι</strong></span> <span class='ocrx_word' id='word_1_832' title='bbox 1309 2540 1378 2567; x_wconf 80' lang='grc' dir='ltr'>λίθοι</span> <span class='ocrx_word' id='word_1_833' title='bbox 1395 2540 1598 2576; x_wconf 81' lang='grc' dir='ltr'>προστάττοντι,</span> <span class='ocrx_word' id='word_1_834' title='bbox 1613 2539 1661 2566; x_wconf 77' lang='grc' dir='ltr'>καὶ</span> <span class='ocrx_word' id='word_1_835' title='bbox 1672 2539 1850 2574; x_wconf 79' lang='grc' dir='ltr'>πιοτεύσωτῇ</span> 
     </span>
    </p>
   </div>
   <div class='ocr_carea' id='block_1_113' title="bbox 1102 2674 1812 2737">
    <p class='ocr_par' dir='ltr' id='par_1_113' title="bbox 1102 2674 1812 2737">
     <span class='ocr_line' id='line_1_113' title="bbox 1102 2674 1812 2737; baseline -0.006 -33"><span class='ocrx_word' id='word_1_836' title='bbox 1102 2677 1157 2710; x_wconf 74' lang='grc'>(95)</span> <span class='ocrx_word' id='word_1_837' title='bbox 1176 2677 1251 2709; x_wconf 85' lang='lat' dir='ltr'><strong>Mss.,</strong></span> <span class='ocrx_word' id='word_1_838' title='bbox 1265 2676 1396 2711; x_wconf 77' lang='grc' dir='ltr'>ἁοράτους</span> <span class='ocrx_word' id='word_1_839' title='bbox 1412 2674 1564 2737; x_wconf 52' lang='grc' dir='ltr'>πολεμίους.</span> <span class='ocrx_word' id='word_1_840' title='bbox 1806 2706 1812 2713; x_wconf 52' lang='grc'>.</span> 
     </span>
     <span class='ocr_line' id='line_1_114' title="bbox 1103 2707 1812 2737; baseline -0.006 0"><span class='ocrx_word' id='word_1_841' title='bbox 1103 2712 1158 2737; x_wconf 67' lang='grc'>(96)</span> <span class='ocrx_word' id='word_1_842' title='bbox 1178 2712 1254 2737; x_wconf 66' lang='grc' dir='ltr'>Μες..</span> <span class='ocrx_word' id='word_1_843' title='bbox 1272 2712 1336 2737; x_wconf 72' lang='grc' dir='ltr'>ποτε</span> <span class='ocrx_word' id='word_1_844' title='bbox 1351 2710 1405 2737; x_wconf 72' lang='grc' dir='ltr'>τῶν</span> <span class='ocrx_word' id='word_1_845' title='bbox 1422 2719 1472 2737; x_wconf 83' lang='grc' dir='ltr'>κατ</span> <span class='ocrx_word' id='word_1_846' title='bbox 1507 2710 1553 2736; x_wconf 87' lang='grc' dir='ltr'><strong>σοῦ</strong></span> <span class='ocrx_word' id='word_1_847' title='bbox 1573 2707 1774 2737; x_wconf 78' lang='grc' dir='ltr'>μηγανημάτων</span> <span class='ocrx_word' id='word_1_848' title='bbox 1800 2714 1812 2734; x_wconf 85' lang='grc' dir='ltr'><strong>ο</strong></span> 
     </span>
    </p>
   </div>
   <div class='ocr_carea' id='block_1_114' title="bbox 1103 2707 1852 2747">
    <p class='ocr_par' dir='ltr' id='par_1_114' title="bbox 1103 2707 1852 2747">
     <span class='ocr_line' id='line_1_115' title="bbox 1103 2707 1852 2747; baseline -0.007 -9"><span class='ocrx_word' id='word_1_849' title='bbox 1103 2707 1158 2747; x_wconf 69' lang='grc'>(96)</span> <span class='ocrx_word' id='word_1_850' title='bbox 1178 2707 1254 2744; x_wconf 53' lang='lat' dir='ltr'><strong>Mss,</strong></span> <span class='ocrx_word' id='word_1_851' title='bbox 1272 2707 1336 2738; x_wconf 67' lang='grc' dir='ltr'>πότε</span> <span class='ocrx_word' id='word_1_852' title='bbox 1351 2710 1405 2737; x_wconf 72' lang='grc' dir='ltr'>τῶν</span> <span class='ocrx_word' id='word_1_853' title='bbox 1422 2707 1491 2738; x_wconf 81' lang='grc' dir='ltr'>κατὰ</span> <span class='ocrx_word' id='word_1_854' title='bbox 1507 2710 1553 2736; x_wconf 89' lang='grc' dir='ltr'><strong>σοῦ</strong></span> <span class='ocrx_word' id='word_1_855' title='bbox 1572 2707 1774 2745; x_wconf 79' lang='grc' dir='ltr'>μηχανημάτων</span> <span class='ocrx_word' id='word_1_856' title='bbox 1800 2707 1852 2741; x_wconf 80' lang='grc' dir='ltr'><strong>ἁφ-</strong></span> 
     </span>
    </p>
   </div>
   <div class='ocr_carea' id='block_1_115' title="bbox 1068 2747 1848 2846">
    <p class='ocr_par' dir='ltr' id='par_1_115' title="bbox 1068 2747 1848 2846">
     <span class='ocr_line' id='line_1_116' title="bbox 1068 2747 1848 2846; baseline -0.008 -37"><span class='ocrx_word' id='word_1_857' title='bbox 1183 2781 1220 2808; x_wconf 90' lang='lat' dir='ltr'><strong>lta</strong></span> <span class='ocrx_word' id='word_1_858' title='bbox 1235 2789 1301 2810; x_wconf 90' lang='lat' dir='ltr'><strong>mss.</strong></span> <span class='ocrx_word' id='word_1_859' title='bbox 1322 2782 1352 2808; x_wconf 86' lang='grc' dir='ltr'><strong>ιιι</strong></span> <span class='ocrx_word' id='word_1_860' title='bbox 1371 2780 1438 2808; x_wconf 85' lang='lat' dir='ltr'><strong>edit.</strong></span> <span class='ocrx_word' id='word_1_861' title='bbox 1456 2779 1525 2813; x_wconf 72' lang='lat' dir='ltr'><strong>haec,</strong></span> <span class='ocrx_word' id='word_1_862' title='bbox 1539 2779 1680 2815; x_wconf 78' lang='grc' dir='ltr'>πειράζειν</span> <span class='ocrx_word' id='word_1_863' title='bbox 1689 2779 1735 2806; x_wconf 75' lang='grc' dir='ltr'><strong>καὶ</strong></span> <span class='ocrx_word' id='word_1_864' title='bbox 1747 2776 1848 2811; x_wconf 73' lang='grc' dir='ltr'>λέγειν,</span> 
     </span>
     <span class='ocr_line' id='line_1_117' title="bbox 1089 2826 1177 2846; baseline -0.023 0"><span class='ocrx_word' id='word_1_865' title='bbox 1089 2826 1156 2846; x_wconf 88' lang='lat' dir='ltr'><strong>esun</strong></span> <span class='ocrx_word' id='word_1_866' title='bbox 1172 2838 1177 2844; x_wconf 94' lang='lat'><strong>.</strong></span> 
     </span>
    </p>
   </div>
   <div class='ocr_carea' id='block_1_116' title="bbox 1089 2826 1177 2846">
    <p class='ocr_par' dir='ltr' id='par_1_116' title="bbox 1089 2826 1177 2846">
     <span class='ocr_line' id='line_1_118' title="bbox 1089 2826 1177 2846; baseline -0.023 0"><span class='ocrx_word' id='word_1_867' title='bbox 1089 2826 1177 2846; x_wconf 75' lang='lat' dir='ltr'><strong>CSUnl.</strong></span> 
     </span>
    </p>
   </div>
  </div>
