1940 3067
91 140 159 169 1089

615 137 731 166 SERMO
749 137 783 164 ΙΝ
803 136 965 165 SANCTUM
983 136 1128 165 PASCllA.

1639 141 1652 168 1
1657 138 1709 168 090

89 198 192 234 κλήσει·
204 197 363 224 αίδεσθῶσιν
375 197 472 224 ἐκεῖνοι
480 197 510 224 τὸ
521 197 668 233 ἐπίταγμα,
677 197 724 224 καὶ
737 195 870 231 συντρέχω

926 194 991 221 mini
1014 194 1093 222 tidem
1115 194 1219 222 habebo
1235 204 1242 222 :
1258 199 1435 223 revereantur
1450 195 1488 222 illi
1503 196 1666 231 jussionem,
1682 201 1710 224 et

89 242 129 280 τῷ
145 242 278 278 θαύματι·
295 243 406 278 δέξομαι
423 243 471 278 τὴν
488 243 590 278 φωνὴν,
610 243 657 269 καὶ
671 241 827 277 συντίθεμαι
838 242 873 276 τῇ

88 291 166 325 τιμῇ.
195 289 274 316 Ἀλλὰ
291 289 438 324 Γραφικοῖς
467 287 604 320 ὲτοξεύετο
626 289 742 324 ῥήμασιν
759 293 767 302 ⁸
791 296 801 312 ι
817 287 874 313 Οὐκ

90 336 132 362 ἐπ’
145 335 219 371 ἄρτῳ
236 335 308 370 μόνῳ
318 334 429 370 ζήσεται
443 334 489 361 ᾶνο
495 343 593 369 ρωπος,
606 333 663 360 ἀλλ’
677 333 724 360 ἐπὶ
737 333 817 359 ἰἰαντ)¹
827 333 875 368 ρή-

92 389 155 417 ματι
181 380 387 416 ἐκπορευομένῳ
401 380 444 407 διὰ
459 381 591 415 στὸματος
604 379 669 406 Θεοῦ
685 379 752 415 (98).
770 388 779 404 )
802 378 874 404 Ἀλλ’

89 427 241 462 αἰσχυνθεὶς
256 428 288 462 τῇ
306 427 426 463 προτέρᾳ
452 427 534 463 πάλῃ,
562 427 607 452 καὶ
623 425 751 461 δευτέραν
776 425 873 460 πεῖραν

89 473 272 508 προσήγαγενι
287 482 295 499 ι
316 473 406 507 Ῥίψον
418 482 427 498 ι
440 472 521 508 φησὶν
539 481 547 497 ι
560 472 654 498 ἑαυτὸν
667 471 768 498 ἄνωθεν
782 471 856 498 κάτω
865 480 871 486 ⁸

89 518 240 555 γέγραπται
252 519 306 553 γὰρ
316 518 382 553 (99),
398 519 437 545 ὅτι
451 519 512 550 Τοῖς
523 518 647 553 ἀγγέλοις
661 517 742 544 αὐτοῦ
759 517 873 543 ἐντελεῖ-

86 572 132 592 ται
149 565 212 600 περὶ
228 564 284 596 σοῦ,
296 565 343 591 τοῦ
357 564 516 600 διαφυλάξαι
534 573 562 590 σε
579 566 608 591 ἐν
622 565 721 595 πάσαις
733 564 793 595 ταῖς
806 563 875 594 ὁδοῖς

90 619 145 638 σου.
171 621 180 636 ι
203 611 270 636 Ἀλλ’
285 611 383 646 ἤκουσε
407 611 496 638 πάλιν·
516 621 524 636 ι
542 610 599 637 Οὐκ
620 610 792 646 ἐκπειράσεις
817 609 874 636 Κύ-

90 663 146 691 ριον
157 655 202 681 τὸν
210 655 274 682 θεόν
290 664 346 682 σου.
367 665 376 681 ›
393 656 447 682 Καὶ
456 656 506 682 οὐκ
520 655 653 690 ὲνὰρκησε
674 654 787 689 δευτέρα
800 653 874 679 πτώ-

88 709 140 732 σει,
153 701 209 726 ἀλλ*
224 700 322 734 ἐπάγει
335 701 382 726 καὶ
396 700 489 736 τρίτην
502 700 624 736 μηχανὴν
637 696 784 735 προσδοκία
795 699 874 733 νίκης

87 746 154 782 πρὸς
166 746 268 773 πτῶσιν
291 747 494 782 δελεαζόμενος·
523 755 532 772 ι
551 746 642 773 Ταῦτα
658 746 712 781 γάρ
729 754 770 772 σοι
786 745 874 771 πάντα

86 791 180 824 δώσω,
196 793 288 827 φησὶν,
308 793 354 819 ἐὰν
370 792 459 819 πεσὼν
476 793 666 828 προσκυνήσῃς
685 801 740 827 μοι,
764 800 774 817 ›
792 790 874 826 Ὁρᾷς

90 846 194 873 μηχανη
200 838 291 873 μάτων
300 847 331 872 γο
336 839 451 874 ργότητα
460 847 466 871 ;
480 839 560 874 Ὁρᾷς
568 838 673 874 ἀπάτης
684 847 720 864 πα
726 837 872 872 ρασχευήν;

123 894 148 921 7.
167 894 245 921 Ἀλλὰ
271 896 345 930 τρεῖς
361 895 409 930 μὲν
434 895 505 926 ίδέας
527 894 592 926 ἴσως
622 894 782 929 πειρασμῶν
804 891 871 919 εἶναι

86 942 239 977 νενόμικας,
256 941 295 976 τῷ
307 940 352 968 τοῦ
369 941 485 976 ἀριθμοῦ
503 941 633 976 ἑπόμενος
648 941 781 975 σχήματι·
799 939 872 966 ἅπαν

85 988 114 1015 δὲ
126 987 282 1023 πειρασμῶν
295 985 363 1019 εἶδος
372 987 424 1023 ἄρα
442 988 470 1013 ἐν
480 988 536 1018 τοῖς
553 986 626 1022 τρισὶ
638 985 792 1021 περιέξεται
808 993 815 1000 '
841 985 871 1011 οὺ

85 1034 139 1069 γὰρ
155 1034 187 1060 ἂν
201 1033 339 1060 ἐπαύσατο
349 1033 495 1068 πειράζων,
505 1033 529 1058 εἰ
545 1032 581 1068 μὴ
598 1033 687 1058 πᾶσαν
714 1031 795 1058 αὑτοῦ
823 1031 872 1066 τὴν

86 1079 222 1115 φαρέτραν
235 1079 289 1106 τῶν
308 1079 391 1114 βελῶν
417 1078 566 1111 ἐξεκένωσε
579 1078 626 1114 (l).
641 1078 733 1109 Πασας
752 1078 806 1114 γὰρ
821 1077 870 1109 τὰς

87 1124 116 1157 ἐξ
125 1124 219 1160 ἡδονῆς
239 1124 361 1160 μηχανὰς
375 1124 419 1150 διὰ
434 1125 482 1159 τῆς
499 1124 563 1158 περὶ
579 1123 626 1159 τὴν
653 1123 752 1159 βρῶσιν
778 1123 871 1149 ἐπιου-

87 1171 150 1207 μίας
168 1171 337 1206 προσήγαγε,
355 1171 404 1206 μιᾷ
413 1170 549 1206 προσϐολῃ
556 1169 604 1204 τὴν
616 1169 668 1195 τῶν
682 1168 796 1204 ὀρέξεων
807 1169 872 1196 ἁνα-

85 1220 196 1252 κινησας
211 1217 377 1251 συγγένειαν.
404 1215 494 1242 Εἰπὼν
516 1216 554 1248 δὲ,
578 1225 587 1240 ι
608 1215 699 1249 Ῥίψον
716 1215 836 1246 σεαυτὸν,
859 1224 868 1240 ›

84 1263 133 1294 τὰς
159 1264 190 1289 ἐκ
220 1263 400 1298 μεγαλαυχίας
423 1262 460 1297 (2)
490 1262 616 1297 μεθόδους
638 1262 755 1296 ἐκίνησε.
779 1261 815 1287 Τὸ
831 1261 870 1294 δὲ,

89 1318 97 1333 ι
112 1308 202 1335 Ταῦτα
219 1308 306 1334 πάντα
327 1316 367 1333 σοι
381 1307 468 1339 δωσω,
487 1316 496 1331 ι
511 1306 560 1341 τὴν
579 1305 773 1340 χαλεπωτάτην
794 1305 871 1338 ῥίζαν

84 1353 138 1379 τῶν
172 1352 391 1388 ἁμαρτημάτων,
415 1351 463 1386 τὴν
493 1349 681 1386 φιλαργυρίαν,
713 1349 867 1382 εἰσήγαγεν.

86 1397 175 1424 ’Ἄττιν
189 1397 242 1432 γὰρ
255 1395 322 1428 εἶδος
335 1395 540 1431 ἁμαρτημάτων
556 1395 588 1420 ἐκ
604 1395 667 1429 μιᾶς
689 1393 791 1428 ταύτης
805 1391 870 1425 φύε-

84 1452 128 1469 ται
142 1442 228 1478 ῥίζης.
242 1442 296 1469 Καὶ
310 1442 381 1477 παρὰ
398 1441 550 1476 ἀνθρώποις
567 1440 688 1475 ἁμαρτία
710 1438 801 1474 χώραν
819 1438 869 1464 οὐκ

83 1489 151 1524 ἔχει,
169 1489 208 1525 μὴ
218 1489 262 1515 διὰ
282 1488 383 1515 τούτων
402 1487 540 1514 ὀδεύουσα.
553 1487 588 1513 ἸΙ
604 1486 659 1522 γὰρ
673 1485 704 1512 δι’
718 1485 814 1521 ἡδονή.θ
829 1493 869 1510 τι-

887 873 909 900 Β

924 239 1057 267 miraculo
1080 240 1268 272 consentiam,
1292 247 1386 267 vocetn
1409 241 1482 267 illam
1505 241 1665 274 admittam,
1683 246 1710 270 et

923 287 1053 314 honorem
1079 287 1235 322 approbabo
1251 297 1258 315 :
1273 287 1320 315 sed
1342 288 1423 315 etiam
1441 296 1473 314 ex
1499 287 1640 323 Scriptura
1663 288 1711 316 de-

924 334 1057 369 promptis
1081 334 1262 368 impetebatur
1281 333 1379 361 verbis.
1402 343 1411 359 ι
1436 333 1495 360 Νοη
1514 334 1542 360 in
1560 334 1619 361 solo
1641 342 1711 369 pane

924 380 995 406 vivet
1010 379 1100 409 homo.
1114 379 1161 406 sed
1174 380 1201 406 in
1214 379 1287 406 omni
1301 380 1384 407 verbo
1397 380 1468 414 quod
1483 380 1605 414 procedit
1618 381 1652 407 de
1663 388 1711 408 ore

924 423 972 451 Dei
988 425 1020 450 “.
1042 434 1051 450 ι
1070 423 1171 451 Verum
1187 424 1277 459 priore
1294 424 1340 450 illa
1355 432 1444 459 pugna
1460 425 1562 459 pudore
1585 425 1708 458 all‘ectus,

925 470 1044 497 secunda
1055 470 1206 497 tentatione
1217 470 1389 504 aggreditur:
1403 480 1411 496 ι
1425 470 1498 498 Mille
1508 475 1534 498 te
1544 471 1683 502 deorsum,
1697 481 1706 496 ι

925 515 1023 550 inquit,
1039 524 1048 541 ι
1064 517 1197 550 scriptum
1212 520 1253 542 est
1267 516 1339 542 enim
1356 526 1360 543 :
1373 516 1483 550 Angelis
1498 517 1556 543 suis
1571 517 1710 544 mandavit

924 561 958 589 de
979 565 1015 593 te,
1034 566 1062 588 ut
1077 561 1232 589 custodiant
1249 565 1276 588 te
1301 562 1328 588 in
1349 562 1475 590 omnibus
1496 563 1548 590 viis
1569 563 1624 590 tuis
1644 563 1677 590 ³³.
1697 573 1706 589 ι

926 607 978 634 Sed
991 607 1094 634 audivit
1110 608 1207 634 iterum
1222 616 1228 634 :
1244 616 1253 632 ι
1269 607 1328 633 Non
1343 607 1460 635 tentabis
1469 607 1612 635 Dominum
1624 608 1709 636 Deum

926 657 1002 680 tuum
1022 653 1054 680 ".
1076 663 1085 679 υ
1105 653 1160 680 Nec
1183 653 1304 680 secundo
1324 653 1375 681 hoc
1392 653 1469 688 lapsu
1492 655 1644 689 obtorpuit,
1662 654 1710 682 sed

925 706 973 734 spe
986 699 1108 726 victoria:
1122 699 1229 726 tertiam
1247 699 1350 726 inducit
1367 699 1531 733 machinam,
1544 708 1597 735 qua
1620 701 1648 727 in
1670 701 1710 727 la-

925 753 1004 779 psum
1020 745 1149 780 pelliciat.
1170 744 1253 772 illaec
1272 745 1374 777 omnia,
1389 755 1398 771 ι
1417 746 1516 780 inquit,
1537 756 1546 771 ι
1561 747 1610 773 tibi
1627 746 1708 778 dabo,

926 791 947 817 si
963 791 1064 818 cadens
1081 791 1238 818 adoravcris
1254 799 1296 818 me
1312 791 1344 818 ³⁵.
1365 801 1374 818 ›
1394 791 1490 819 Viden‘
1505 793 1710 820 machinamen-

925 839 1015 863 torum
1030 837 1105 863 vim?
1120 836 1214 864 Viden’
1230 837 1356 864 fraudum
1376 839 1556 872 apparatum?

959 892 984 919 7.
1003 892 1100 920 Verum
1118 892 1234 920 fortasse
1248 898 1374 920 autumas
1391 893 1442 920 tria
1457 895 1544 920 solum
1566 902 1627 922 esse
1650 899 1709 922 ten-

923 937 1058 964 tationum
1083 946 1193 973 genera,
1215 939 1295 972 hujus
1322 939 1425 965 numeri
1446 940 1562 974 speciem
1586 945 1707 968 secutus.

922 983 979 1010 [tuo
992 991 1071 1011 omne
1080 986 1256 1012 tentationum
1266 993 1350 1020 genus
1359 986 1446 1012 tribus
1457 986 1531 1013 hisce
1542 987 1706 1020 continetur;

924 1039 1011 1065 neque
1033 1031 1104 1058 enim
1121 1031 1203 1066 398
1225 1032 1304 1059 linem
1320 1033 1442 1059 tentandi
1460 1032 1580 1065 fecissﬂ,
1596 1033 1647 1060 nisi
1663 1041 1708 1060 sa-

924 1077 1000 1111 gittis
1014 1081 1097 1104 totam
1112 1082 1272 1105 evacuasset
1284 1078 1447 1113 pharetram.
1460 1077 1556 1105 Omnia
1572 1079 1706 1113 siquidem

925 1123 1071 1157 voluptatis
1090 1123 1307 1151 machinamenta
1324 1132 1371 1159 per
1387 1124 1439 1151 cibi
1456 1125 1707 1159 concupiscentiam

925 1169 1038 1201 obtulit,
1068 1176 1176 1203 unoque
1197 1169 1314 1203 impetu,
1340 1170 1505 1204 appetituum
1524 1177 1603 1196 omne
1622 1177 1706 1204 genus

924 1214 1079 1249 concitavit.
1094 1215 1161 1241 Cum
1175 1214 1243 1241 dixit
1258 1220 1359 1246 autetn,
1375 1224 1384 1241 ι
1405 1215 1481 1241 Mille
1495 1219 1520 1242 te
1534 1215 1674 1247 deorsum,
1693 1225 1704 1241 ι

923 1269 1016 1289 omnes
1026 1262 1189 1295 arrogantia:
1197 1262 1275 1288 dolos
1285 1262 1412 1288 admovit.
1423 1261 1491 1288 lllud
1500 1270 1564 1289 vero
1574 1262 1704 1297 loquens:

926 1317 934 1333 ι
952 1307 1012 1334 llrec
1024 1307 1114 1334 omnia
1127 1308 1173 1334 tibi
1185 1308 1264 1341 dabo;
1281 1318 1289 1333 ι
1303 1309 1446 1343 pessimam
1459 1313 1631 1343 peccatorum
1644 1316 1707 1344 pro-

924 1354 1015 1388 posuit
1032 1353 1167 1386 radicem,
1185 1354 1334 1381 avaritiam.
1352 1354 1390 1381 Ex
1404 1355 1455 1381 hac
1470 1357 1568 1389 quippe
1588 1363 1640 1382 una
1662 1363 1707 1382 ra—

924 1399 984 1426 dice
1005 1404 1178 1434 peccatorum
1198 1408 1279 1427 omne
1298 1407 1384 1435 genus
1405 1404 1523 1426 emanat.
1543 1400 1707 1436 anlnmque

924 1445 994 1480 apud
1008 1445 1130 1472 homines
1144 1450 1283 1480 peccatum
1300 1446 1379 1472 habet
1393 1445 1492 1478 locum,
1504 1454 1564 1481 quae
1575 1454 1628 1473 non
1644 1447 1706 1474 inde

924 1491 1052 1526 procedat
1069 1501 1075 1518 :
1094 1496 1140 1518 aut
1157 1492 1228 1518 enim
1246 1493 1384 1527 voluptate
1405 1494 1538 1525 vulnerat,
1555 1494 1595 1520 vel
1613 1494 1706 1528 glorize

83 1535 210 1571 τρώσκει,
228 1535 296 1570 ἣδιὰ
312 1535 389 1569 δόξης
402 1533 540 1568 τοξεύει,ἣ
554 1532 700 1568 χρημάτων
713 1531 792 1566 ἔρωτι
804 1530 870 1566 προς

924 1537 1069 1571 cupiditate
1088 1537 1162 1569 ferit,
1182 1541 1228 1564 aut
1244 1538 1419 1572 pecuniarum
1438 1546 1529 1565 amore
1551 1539 1584 1566 ad
1601 1540 1704 1567 scelera

85 1579 272 1615 πλημμέλειαν
286 1579 368 1605 ἕλκει.
382 1577 536 1613 Γυμνωθεὶς
553 1575 598 1603 οὖν
627 1575 681 1602 τῶν
708 1575 792 1610 βελῶν
809 1574 869 1601 τότε

83 1624 130 1652 τοῦ
161 1625 280 1658 τοξεύειν
301 1624 452 1651 ἐπαύσατο·
474 1623 520 1650 καὶ
545 1621 646 1657 γυμνὸν
675 1622 741 1657 ἡμῖν
760 1620 840 1646 αὑτὸν
856 1620 869 1645 ὁ

82 1670 200 1706 Χριστὸς
215 1671 267 1696 τῶν
285 1670 486 1706 μηχανημάτων
507 1668 684 1703 κατέστησεν,
713 1666 870 1701 ἀπράκτους

83 1713 166 1743 αὑτοῦ
183 1717 231 1746 τὰς
246 1715 341 1746 ἀκίδας
360 1715 554 1750 ἐργασάμενος·
573 1713 728 1747 γνωρίμους
751 1712 813 1742 τοὺς
829 1711 870 1736 δό‹

82 1761 147 1792 λονς
156 1761 192 1796 (ὅ)
201 1761 375 1796 κατέστησεν,
390 1760 551 1796 εὐχείρωτον
563 1759 643 1786 αὑτὸν
653 1759 708 1790 τοῖς
718 1756 870 1793 ἀνθρώποις

83 1808 255 1842 ποιούμενος.

117 1855 146 1882 8.
162 1855 223 1886 Τοῖς
236 1854 409 1884 Δεσποτικοῖς
418 1852 506 1879 τοίνυν
521 1853 608 1887 ἀγῶσι
622 1853 670 1888 τὴν
681 1852 758 1888 νίκην
771 1851 868 1887 κερδα-

81 1900 120 1926 νῶ
124 1907 182 1935 μεν·
191 1900 212 1925 Χ
218 1899 306 1934 ριστοῦ
315 1898 493 1933 πολεμοῦντος
501 1900 586 1925 οἰκεῖα
595 1899 735 1934 στήσωμεν
743 1897 869 1933 τρόπαια.

81 1946 129 1980 Μὴ
142 1944 312 1981 ῥυπώσωμεν
333 1945 377 1970 τὸν
394 1944 494 1979 χιτῶνα
509 1945 556 1979 τῆς
574 1945 699 1975 πίστεως,
721 1944 776 1978 ὂνὴ
791 1944 870 1978 χάρις

81 1990 209 2025 ὲξὺφανε·
225 1990 261 2025 μὴ
281 1990 382 2024 δωρεὰν
396 1991 538 2026 ἀτιμάσῃς.
551 1991 583 2026 ἢν
596 1990 670 2025 παρὰ
684 1989 751 2015 Θεοῦ
765 1989 868 2020 ἔλαϐες·

81 2036 168 2062 ἐννόει
177 2036 220 2061 τὸν
231 2035 373 2067 δεδωκότα,
386 2037 432 2062 καὶ
442 2036 472 2061 τὺ
481 2036 555 2062 δοθὲν
564 2035 736 2069 διαφύλαξον.
798 2043 870 2065 τινος

82 2081 253 2116 μαργαρίτου
267 2081 352 2114 φύλαξ
369 2081 384 2116 ἣ
399 2081 553 2116 ἁλουργίδος
568 2082 701 2116 κατέστης
717 2080 868 2116 βασιλικῆς,

81 2125 138 2162 ἆρα
148 2127 196 2152 οὐκ
206 2126 238 2152 ἂν
254 2126 333 2161 μέχρι
349 2126 463 2153 θανάτου
478 2127 526 2162 τῆς
542 2126 664 2161 φυλακῆς
679 2125 807 2157 ἐπεδείξω
821 2126 870 2160 τὴν

79 2172 255 2206 ὲπιμέλειανς
280 2172 358 2198 Ἀλλὰ
385 2171 432 2198 νῦν
460 2173 490 2198 οὐ
520 2172 686 2207 μαργαρίτου
708 2171 795 2206 μόνον,
810 2171 870 2197 οὐδὲ

920 1584 1061 1618 pertrahit.
1075 1583 1148 1611 Telis
1160 1592 1224 1619 ergo
1235 1585 1364 1618 Inundatus,
1376 1585 1513 1619 jaculandi
1528 1585 1607 1613 linetn
1619 1586 1700 1613 fecit:

920 1636 952 1656 ac
964 1629 1065 1656 nttdum
1079 1629 1306 1657 machinamentis
1322 1631 1396 1657 illum
1410 1631 1489 1658 nobis
1501 1632 1626 1659 Christus
1637 1639 1704 1659 con-

920 1675 1018 1706 stituit,
1033 1675 1125 1702 irritas
1139 1676 1199 1710 ejus
1215 1676 1343 1711 cuspides
1366 1676 1454 1704 elfeeit
1473 1687 1479 1704 :
1498 1678 1640 1712 palamque
1666 1677 1705 1704 fa—

920 1721 972 1747 ctis
991 1720 1051 1756 ejus
1066 1721 1152 1753 dolis,
1169 1725 1250 1757 captu
1264 1722 1370 1749 facilem
1386 1723 1466 1750 nobis
1484 1723 1559 1749 illum
1574 1723 1702 1751 reddidit.

955 1852 981 1880 8.
998 1851 1146 1879 Dominicis
1162 1860 1227 1886 ergo
1243 1853 1440 1881 certaminibus
1455 1854 1596 1882 victoriam
1610 1862 1705 1889 repor-

920 1902 1018 1926 temus.
1036 1897 1175 1934 Pugnantc
1195 1899 1304 1926 Christo
1323 1903 1415 1926 nostra
1433 1907 1483 1926 nos
1497 1904 1597 1934 tropica
1614 1901 1704 1935 eriga-

921 1952 991 1971 mus.
1013 1944 1052 1971 Ne
1073 1944 1246 1979 inquinemtls
1269 1944 1329 1971 fidei
1351 1945 1487 1977 tunicam,
1513 1954 1593 1980 quam
1618 1946 1704 1980 gratia

920 1989 1059 2016 contexuit
1076 1998 1082 2016 :
1099 1997 1133 2016 ne
1156 1989 1257 2017 dcnum
1281 1994 1440 2017 contemnas
1463 1991 1534 2025 quod
1553 1999 1566 2017 a
1585 1991 1637 2018 Deo
1656 1999 1703 2017 ar-

920 2034 1015 2068 cepisti
1033 2044 1040 2061 :
1055 2035 1143 2070 cogita
1159 2035 1221 2069 quis
1240 2035 1360 2069 dederit,
1379 2037 1525 2070 datutnqne
1541 2040 1658 2063 servato.
1675 2036 1703 2062 Si

920 2080 1073 2114 margarita:
1092 2081 1233 2115 cujusdam
1254 2085 1300 2108 aut
1316 2082 1395 2117 regiae
1409 2090 1535 2117 purpura:
1549 2087 1642 2110 custos
1656 2083 1704 2110 de-

920 2129 1031 2160 putatus
1046 2133 1132 2157 esses,
1155 2134 1246 2154 nonne
1266 2127 1299 2154 ad
1323 2133 1436 2154 mortem
1455 2136 1540 2162 usque
1569 2129 1628 2162 ejus
1655 2137 1704 2155 cu-

921 2171 1016 2198 stodire
1037 2179 1131 2198 curam
1157 2173 1319 2200 exhiberes?
1337 2173 1370 2200 At
1392 2182 1465 2201 nunc
1480 2182 1533 2200 non
1550 2175 1704 2209 margaritae

79 2217 233 2254 πορφύρας,
253 2218 311 2244 οὐδὲ
328 2219 466 2253 κτήματος
489 2218 580 2250 ἁπλῶς
603 2218 750 2253 βασιλικοῦ,
765 2218 828 2244 αὐτὸ
843 2217 870 2244 δὲ

924 2223 1044 2252 tantum,
1073 2229 1160 2256 neque
1184 2229 1327 2257 purpurae,
1351 2222 1393 2249 vel
1411 2222 1586 2256 pecuniarum
1613 2222 1702 2249 solum

76 2263 110 2290 τὺ
127 2263 173 2289 τοῦ
188 2264 320 2290 Δεσπότου
338 2264 551 2299 κατεπιστεύθης
564 2264 599 2299 (4)
617 2263 708 2299 σῶμα·
730 2263 828 2298 μᾶλλον
841 2263 870 2290 δέ

77 2317 106 2336 τι
121 2309 204 2343 λέγω,
216 2309 330 2343 γέγονας
342 2309 420 2344 σῶμα
432 2309 604 2340 Δεσποτικὸν,
613 2309 691 2345 μέλος
703 2310 795 2343 ἐγένου
807 2310 871 2344 Χρι-

78 2354 146 2381 στοῦ
157 2363 165 2370 ·
183 2355 298 2381 ὲνεδύσω
310 2356 436 2391 Χριστὸν,
455 2355 526 2382 κατὰ
535 2355 583 2391 τὴν
596 2355 642 2381 τοῦ
649 2355 755 2382 Παύλου
764 2355 866 2390 φωνήν·

80 2400 178 2427 «Ὅσοι
188 2400 242 2436 γὰρ
250 2401 289 2432 εἰς
298 2401 413 2437 Χριστὸν
425 2401 638 2436 ἐϐαπτίσθησαν,
648 2401 764 2436 Χριστὸν
775 2400 866 2427 ἐνεδύ-

78 2454 192 2473 σαντο.»
206 2447 251 2482 Μὴ
260 2447 338 2480 γενοῦ
348 2447 398 2482 (ι)
412 2447 465 2474 τῶν
479 2446 524 2473 τοῦ
539 2445 657 2482 Χριστοῦ
671 2446 803 2482 προδότης
817 2454 866 2481 με-

76 2491 146 2519 λῶν.
155 2491 223 2528 ’Υπῆ
228 2491 291 2527 ρξας
297 2491 343 2518 τοῦ
352 2492 507 2528 Πνεύματος
515 2492 552 2528 (5)
559 2492 723 2527 οἰκητήριον,
732 2491 778 2518 καὶ
788 2491 867 2527 μέλος

116 2580 141 2596 ⁸³
159 2579 237 2608 Deut.
256 2588 320 2611 vm.
335 2581 361 2608 5.

78 2617 104 2632 ⁸⁵
120 2615 210 2643 Galat.
223 2623 264 2649 In,
276 2616 322 2643 27.

113 2673 185 2713 (9_8)A
193 2673 239 2713 Sig,
253 2681 319 2701 mss.
340 2681 445 2701 omnes.
464 2673 534 2701 Editi
549 2680 624 2706 vero,
640 2672 862 2711 ἐπιπορευομένῳ

72 2710 156 2744 παρὰ
167 2709 245 2735 Θεοῦ.

113 2744 171 2778 (99)
199 2744 238 2770 lta
269 2744 445 2778 depravatum
469 2743 542 2771 hunc
568 2743 659 2771 locum
689 2743 861 2771 restituimus

71 2786 221 2850 Θιᾶἲδέἰε
239 2821 305 2841 mss.
321 2813 402 2846 Editi,
415 2813 464 2849 τὴν
477 2813 613 2850 φαρέτραν
628 2815 753 2841 ὲκενωσε.

113 2848 154 2884 (2)
174 2849 239 2877 Mss.
256 2856 361 2882 omnes,
375 2848 584 2885 μεγαλοψυχίαν,
599 2857 648 2885 pro
664 2849 860 2885 μεγαλαυχίαν.

419 2581 441 2597 ³⁸
460 2580 554 2609 Matth.
574 2589 611 2613 tv,
629 2579 667 2613 6;
684 2579 756 2608 Psal.
776 2588 825 2614 xc,
842 2581 886 2608 ll.

921 2265 1055 2299 regiarum
1080 2273 1146 2292 cura
1163 2265 1210 2292 tibi
1234 2266 1394 2297 commissa;
1419 2266 1465 2293 sed
1491 2266 1578 2301 ipsutn
1597 2266 1703 2292 Domini

920 2317 1019 2345 corpus
1035 2310 1082 2337 tibi
1097 2311 1284 2338 concreditum
1301 2315 1353 2338 est.
1368 2311 1432 2338 Plus
1447 2311 1519 2343 dico,
1536 2311 1595 2346 ipse
1613 2311 1703 2338 Domi-

919 2356 1011 2383 nicum
1032 2363 1148 2391 corpus,
1169 2356 1376 2391 membrumqne
1395 2356 1495 2384 Christi
1517 2357 1628 2384 allectus
1649 2365 1701 2384 es:

919 2399 1056 2429 Christum
1069 2401 1180 2428 induisti
1192 2402 1342 2429 secundant
1353 2401 1428 2429 Pauli
1441 2410 1549 2429 vocem:
1564 2412 1572 2427 ι
1586 2401 1704 2436 Quicun-

920 2455 972 2482 que
986 2447 1058 2474 enim
1073 2447 1101 2474 in
1113 2447 1222 2474 Christo
1238 2448 1366 2482 haptizati
1383 2453 1445 2475 sunt
1459 2448 1598 2475 Christum
1613 2448 1704 2474 unlne-

918 2497 983 2520 runt
993 2493 1025 2519 ³⁸.
1033 2503 1041 2519 ι
1052 2492 1090 2520 Ne
1101 2493 1139 2520 sis
1150 2493 1334 2521 membrorum
1345 2494 1446 2522 Christi
1458 2494 1588 2529 proditor.
1605 2493 1703 2523 Factus

934 2581 958 2597 "
977 2581 1071 2609 Matth.
1100 2589 1126 2608 Iv
1153 2582 1189 2616 7;
1208 2581 1286 2610 Deut.
1304 2590 1347 2616 vl,
1367 2582 1410 2611 l6.
1461 2583 1484 2598 "
1500 2583 1594 2610 Matth.
1615 2592 1652 2616 tv,
1673 2584 1701 2611 9.

914 2671 986 2699 Infra
1003 2671 1096 2701 iidem.
1115 2671 1307 2707 φιλαργυρίαν,
1323 2680 1373 2702 pro
1385 2672 1614 2707 φιλοχρηματίαν.

949 2707 986 2742 (5)
1008 2707 1054 2733 Sic
1080 2714 1147 2734 mss.
1167 2706 1273 2734 o'tnnes.
1300 2707 1370 2734 Editi
1391 2706 1472 2740 vero,
1491 2706 1555 2739 τοὺς
1581 2706 1703 2740 δούλους,

1074 2777 1190 2813 ιηεεηΑι
1203 2777 1281 2813 editi,
1300 2777 1498 2813 διεπιστεύοης.

949 2812 998 2846 Μ’)
1015 2811 1105 2845 V'ulg..
1123 2811 1211 2845 γένου.
1233 2812 1311 2839 Εοιτ.

950 2846 986 2882 (5)
1008 2846 1054 2874 Sic
1072 2854 1138 2875 mss.
1153 2847 1233 2880 Editi,
1250 2847 1297 2874 τοῦ
1313 2848 1442 2884 Χριστοῦ.
