1940 3067
235 135 301 163 1091

795 131 824 158 S.
845 129 1076 158 ATHANASIUS.
1098 144 1134 150 —
1153 127 1288 156 spuma.

1779 127 1850 155 £093

233 196 265 216 es
281 187 399 223 Spiritus
413 187 499 215 sancti
516 187 710 218 habitaculum.
741 187 945 221 membrumquc
959 193 1012 214 cce-

1065 186 1112 212 τοῦ
1125 187 1153 212 ἐν
1164 186 1286 222 οὐρανοῖς
1304 185 1500 220 βασιλεύοντος.
1516 185 1637 221 ’Λρεταῖς
1650 182 1696 212 οὖν
1710 184 1740 211 τὸ
1764 184 1850 220 δῶρον

233 234 311 262 testis
330 233 422 268 Regis.
443 232 549 259 Donum
569 240 635 267 ergo
655 231 802 259 virtutibus
821 231 986 258 honoremus
1004 240 1010 258 :

232 281 418 315 temperantiae
446 283 595 306 sectatores
625 277 784 310 eﬂiciamur,
817 278 1012 305 humanitatem

231 332 416 355 exerceamus,
429 325 628 359 eleemosynam
641 323 788 358 largiamur
798 333 805 350 :
815 323 1013 350 incredulitatis

231 379 365 398 venenum
380 371 560 401 excutiamus,
577 370 668 396 dolum
681 369 790 396 diabolo
804 369 921 396 amicum
936 376 1014 396 aver-

231 425 323 445 semur
339 427 345 444 :
361 416 542 448 mendacium,
563 416 665 442 inimici
684 415 770 442 nostri
789 423 933 450 organum,
947 415 1013 442 odio

231 463 389 490 habeamus.
402 462 512 489 Beatum
529 462 666 488 imitemur
673 461 851 495 Paulum,qui
862 461 1013 495 baptizatus

231 510 307 537 illum
323 509 495 544 praedicavit,
512 516 590 543 quem
607 512 669 535 ante
685 508 849 542 baptismum
867 515 1013 542 perseque-

231 556 322 583 batur.
338 556 477 583 lmitemur
492 554 637 589 [Ethiopize
652 554 806 581 eunuchum
818 574 824 586 ,
841 554 885 588 qui
901 557 1012 587 accepto

232 602 259 630 in
274 602 315 628 via
331 602 501 636 baptismate,
521 601 565 626 via
580 601 636 634 ipse
652 599 824 626 credentibus
839 598 1012 633 Ethiopibus

231 648 293 675 fuit.
305 647 514 682 Multiplicemus
529 647 621 681 gratiae
635 646 775 676 lalenlum,
789 649 818 671 ut
831 652 923 672 vocem
938 644 1012 670 illam

231 693 494 721 desideratissimam
535 690 678 717 audiamus
714 689 818 716 Domini
855 689 971 716 dicentis
1004 697 1010 715 :

235 749 244 764 ι
265 739 348 773 Euge,
364 746 441 765 serve
460 738 530 765 bone
551 742 578 764 et
602 736 703 769 ﬁdelis;
729 743 810 771 super
826 743 912 770 pauca
938 734 1012 762 fuisti

231 784 329 816 ﬁdelis,
351 790 434 817 supra
451 782 535 809 multa
550 785 576 808 te
590 781 754 808 constitutam
779 790 784 806 :
804 780 875 807 intra
898 781 925 807 in
946 787 1012 814 gau-

231 828 305 855 dium
328 828 434 855 Domini
454 829 494 855 tui
513 827 546 854 ²⁷.
569 837 578 853 ι
596 828 650 862 1ρεὶ
671 827 758 862 gloria
779 829 805 853 et
823 825 966 861 imperium
984 825 1011 852 in

232 875 330 902 saecula
347 875 520 901 saeculorum.
536 873 629 901 Amen.

265 953 287 969 "
307 953 401 982 Matth.
418 961 480 985 xxv,
497 952 542 985 Ἦ,
560 952 606 980 25.

267 1032 304 1068 (6)
323 1032 361 1059 Ita
377 1040 444 1060 mss.
462 1039 566 1059 omnes.
582 1029 613 1058 In
627 1029 693 1058 edit.
710 1028 820 1057 brevius
832 1027 980 1056 clauditur.

1062 231 1221 266 τιμήσωμεν
1232 239 1238 245 ·
1270 229 1447 265 σωφροσύνης
1475 230 1638 265 ἐπιμεληταὶ
1653 229 1849 263 καταστῶμεν·

1063 277 1266 313 φιλανθρωπίαν
1283 277 1472 312 μετέλθωμεν·
1504 277 1686 312 ἐλεημοσύνην
1711 285 1854 312 προχειρι-

1064 322 1186 358 ζώμεθα·
1195 323 1322 354 ἀπιστίας
1333 323 1370 349 ἰὸν
1380 322 1604 358 ἀποτιναξώμεθα
1613 331 1619 337 ·
1631 323 1704 349 δόλον
1713 323 1853 358 ἀποστρα-

1063 369 1156 404 φῶμεν
1170 369 1216 395 τοῦ
1244 369 1366 395 διαϐόλου
1389 368 1481 403 φίλον·
1515 371 1673 405 μισήσωμεν
1693 369 1788 404 ψεῦδος
1802 369 1851 396 τοῦ

1062 414 1192 449 πολεμίου
1225 414 1255 441 τὸ
1282 414 1406 449 ὄργανον.
1428 414 1620 450 Μιμησώμεθα
1644 415 1688 441 τὸν
1714 415 1852 451 μακάριον

1062 460 1176 492 Παῦλον,
1186 461 1214 491 ὃς
1226 460 1380 495 βαπτισθεὶς
1402 461 1559 495 ἐκήρυττεν,
1579 460 1608 487 ὃν
1620 460 1672 496 πρὸ
1682 460 1729 488 τοῦ
1752 461 1852 496 βαπτί-

1064 514 1164 541 σματος
1178 506 1285 541 ἤλαυνε.
1301 506 1493 542 Μιμησώμεθα
1515 506 1560 533 τὸν
1575 507 1624 542 τῆς
1645 507 1788 538 Αἰθιοπίας
1803 508 1852 533 εὑ-

1062 553 1165 588 νοῦχον,
1177 553 1206 585 ὃς
1220 555 1248 580 ὲν
1264 553 1315 588 ὁδῷ
1328 553 1415 589 τυχὼν
1428 554 1474 580 τοῦ
1491 554 1685 589 βαπτίσματος,
1697 555 1755 587 ὁδὸς
1770 556 1852 588 αὐτὸς

1061 601 1117 632 τοῖς
1129 599 1285 626 πιστεύουσι
1301 600 1355 626 τῶν
1376 600 1510 627 Αἰθιόπων
1530 601 1646 633 ἐγένετο.
1659 601 1850 629 Πολυπλασιά⁴

1063 654 1153 681 σωμεν
1167 645 1196 672 τὺ
1209 646 1258 681 τῆς
1269 645 1380 682 χάριτος
1395 646 1534 677 τάλαντον,
1557 647 1599 673 ἵνα
1611 649 1660 682 τῆς
1683 647 1850 675 πολυεύκτου

1063 691 1154 726 φωνῆς
1167 690 1326 726 ἀκούσωμεν
1337 692 1374 726 (6)
1392 691 1439 718 τοῦ
1459 693 1592 719 Δεσπότου
1616 693 1755 726 λέγοντοςσ
1773 702 1783 718 ‹
1801 691 1850 724 Εὖ,

1061 737 1135 763 δοῦλε
1149 736 1234 770 ἀγαθὲ
1242 737 1289 763 καὶ¹
1298 737 1385 767 πιστὲν
1395 738 1442 764 ἐπὶ
1455 736 1572 773 ὀλίγαῆς
1587 739 1694 770 πιστὸς,
1711 739 1758 765 ἐπὶ
1783 738 1850 765 πολ-

1063 782 1116 808 λῶν
1126 791 1154 808 σε
1167 784 1328 817 καταστήσω
1338 791 1345 798 ·
1363 783 1465 810 εἴσελθε
1474 785 1514 815 εἰς
1523 784 1573 820 τὴν
1590 785 1676 820 χαρὰν
1683 785 1730 811 τοῦ
1746 785 1850 820 Κυρίου

1065 836 1122 855 σου,
1141 837 1150 854 ι
1170 828 1248 863 Αὑτῷ
1257 830 1273 863 ὴ
1285 828 1347 862 δόξα
1360 829 1445 856 καὶτὸ
1460 829 1558 862 κοὰτος
1566 831 1605 862 εἰς
1613 831 1674 862 τοὺς
1687 829 1787 862 αἰῶνας
1796 829 1851 857 τῶν

1027 868 1050 898 Β
1063 873 1179 900 αἰώνων.
1198 873 1293 909 Ἀμήν.

242 1102 1831 1118 .—_____—_._—————-————I—-————————~————

767 1174 834 1201 ΤΟΥ
852 1173 898 1200 ΕΝ
917 1173 1027 1199 ΔῙΊΟΙΣ
1045 1172 1180 1199 ΠΑΤΡΟΣ
1198 1171 1297 1199 ΗΜΩΝ

878 1233 1195 1279 ΑΘΑΝΑΣΙΟΥ

452 1302 574 1329 ΛΟΓΟΣ
590 1303 653 1330 ΕΙΣ
671 1303 743 1329 ΤΗΝ
758 1303 956 1331 ΑΝΑΛΗΨΙΝ
973 1302 1043 1329 ΤΟΥ
1057 1302 1200 1330 ΚΥΡῙΟΥ
1212 1302 1317 1329 ΙΙΜΩΝ
1330 1302 1449 1330 ΙΗΣΟΥ
1462 1302 1630 1329 ΧΡΙΣΤΟΥ.

736 1404 782 1447 S.
823 1404 876 1448 P.
917 1405 975 1448 N.
1014 1404 1337 1449 ATHANASII

490 1489 611 1517 SERMO
632 1488 676 1516 IN
693 1488 993 1517 ASSUMPTIONEU
1008 1489 1153 1517 DOMINI
1170 1488 1309 1517 NOSTRI
1322 1488 1414 1516 IESU
1430 1487 1581 1516 CHRISTI

268 1603 293 1630 Ι.
316 1601 532 1630 Resurrectionis
549 1602 678 1629 memoria
692 1603 780 1638 palma
796 1603 920 1632 homines
931 1604 1012 1633 donat

1101 1606 1127 1633 1.
1142 1605 1175 1632 Ἡ
1184 1605 1232 1640 μὲν
1248 1604 1297 1639 τῆς
1311 1604 1485 1634 ἀναστάσεως
1502 1604 1595 1638 μνήμη
1608 1602 1643 1628 τὰ
1658 1600 1728 1628 κατά
1738 1601 1785 1628 τοῦ
1803 1601 1852 1628 θα-

232 1649 362 1676 adversus
382 1652 494 1676 mortem
510 1658 517 1675 :
532 1652 559 1674 at
574 1656 693 1683 praesens
708 1649 865 1677 solemnitas
879 1649 1015 1677 hominem

232 1695 343 1721 adducit
358 1694 390 1721 ad
405 1694 514 1725 coelum,
524 1694 751 1728 commutatisque
767 1698 846 1722 terra:
865 1696 1016 1723 mansioni-

231 1741 294 1773 bus,
309 1740 406 1767 coelum
425 1740 580 1766 hominibus
600 1740 722 1774 pervium
739 1740 830 1767 cﬂicit.
850 1739 908 1767 Non
924 1741 1016 1768 decuit

231 1789 319 1819 enim,
342 1787 491 1813 humanum
511 1794 607 1821 genus,
631 1786 702 1821 quod
728 1791 841 1814 mortem
859 1787 1013 1820 devicerat,

231 1837 340 1860 terrena
355 1833 452 1859 iterum
469 1832 587 1859 incolere
603 1833 671 1858 loca.
690 1831 750 1858 Jam
770 1839 812 1859 me
830 1841 923 1877 reveora
943 1833 1015 1860 subit

231 1886 346 1914 magnus
368 1878 500 1905 adversus
516 1878 616 1904 diaboli
639 1878 809 1912 tyrannidem
829 1879 936 1906 animus
952 1887 1014 1906 cum

231 1924 312 1951 hodie
323 1924 401 1950 video
415 1924 521 1958 generis
534 1924 586 1950 mei
603 1923 737 1958 primitias
749 1924 776 1950 in
789 1925 866 1952 cmlis
882 1933 1013 1960 regnare:

231 1978 305 1998 nunc
318 1969 416 1996 cecidit
431 1970 518 1996 hostis
540 1969 634 2000 robur,
652 1969 900 2005 defecerunt399
916 1971 1015 1998 diaboli

231 2014 517 2043 machinationesNon
529 2019 570 2042 est
578 2015 621 2041 hic
629 2015 699 2041 ultra
710 2015 863 2048 paradisus,
874 2016 1013 2048 odiabole,

231 2069 285 2089 non
303 2061 410 2088 arboris
424 2061 549 2096 voluptas
566 2068 626 2095 quae
650 2060 684 2087 ad
701 2059 822 2088 fraudem
841 2061 960 2092 alliciat,
986 2064 1016 2087 ut

230 2114 340 2134 rursum
358 2107 424 2141 legis
448 2110 521 2133 metu
543 2106 643 2139 soluto,
662 2110 776 2133 mortem
798 2106 931 2134 stabilias.
955 2105 1015 2133 Non

231 2154 344 2182 ulterius
355 2153 436 2180 audio
448 2162 455 2179 :
467 2162 476 2178 ‹
489 2152 573 2180 Terra
585 2160 623 2182 es.
635 2156 662 2179 et
673 2152 699 2179 in
712 2156 811 2179 terram
822 2153 984 2184 reverteris;
1001 2161 1010 2177 ι

231 2199 295 2230 sed,
309 2198 390 2225 etiam
406 2198 429 2224 si
444 2201 517 2224 terra
533 2205 572 2230 es,
589 2197 648 2231 ejus
664 2197 710 2231 qui
727 2201 754 2223 te
778 2204 886 2223 sursum
904 2196 1014 2222 adducit

231 2245 375 2272 clementia
389 2245 414 2270 in
427 2244 526 2271 caelum
540 2243 681 2270 ascendes.
696 2243 861 2270 Delictorum
875 2243 1012 2277 regionem

1067 1651 1146 1678 νάτου
1161 1651 1216 1681 τοῖς
1224 1649 1375 1685 ἀνθρώποις
1384 1648 1524 1685 χαρίζεται
1533 1649 1676 1684 νικητήρια
1685 1656 1693 1664 ·
1705 1649 1722 1682 ἡ
1737 1647 1765 1673 δὲ
1777 1656 1851 1682 παρ-

1066 1696 1136 1723 οῦσα
1154 1697 1304 1732 πανήγυρις
1320 1695 1388 1731 πρὸς
1409 1695 1522 1731 οὐρανὸν
1534 1695 1628 1728 ἀνάγει
1638 1694 1683 1720 τὸν
1696 1693 1850 1729 ἄνθρωπον,

1067 1744 1113 1770 καὶ
1123 1743 1172 1774 τὰς
1194 1743 1223 1769 ὲν
1234 1744 1266 1777 τῇ
1287 1743 1322 1777 γῇ
1350 1741 1489 1776 διατριϐὰς
1514 1740 1660 1773 ἀλλάξασα,
1676 1740 1721 1766 τὸν
1738 1740 1850 1776 οὐρανὶν

1068 1789 1148 1824 βατὺν
1171 1790 1226 1820 τοῖς
1251 1788 1402 1823 ἀνθρώποις
1418 1787 1571 1823 ἐργάζεται.
1589 1787 1626 1812 Οὐ
1640 1786 1694 1820 γὰρ
1711 1785 1748 1820 (7)
1766 1785 1851 1821 ὲχρῆν

1066 1835 1111 1861 τὸν
1130 1835 1253 1866 θάνατον,
1282 1834 1469 1870 κεκρατηκότα
1493 1833 1540 1860 τοῦ
1561 1833 1728 1868 ἀνθρωπίνου
1743 1832 1848 1866 γένους,

1066 1881 1147 1908 πάλιν
1163 1881 1228 1908 αὐτὸ
1240 1882 1296 1911 τοῖς
1304 1880 1350 1907 τοῦ
1367 1879 1481 1907 θανάτου
1496 1879 1603 1915 χωρίοις
1616 1877 1781 1910 αὐλίζεσθαι.
1793 1877 1850 1904 Νῦν

1068 1937 1111 1964 μοι
1129 1927 1200 1962 μέγα
1224 1928 1331 1963 φρονεῖν
1348 1926 1454 1961 ἀληθῶς
1473 1925 1544 1952 κατὰ
1558 1925 1608 1959 τῆς
1630 1924 1785 1958 διαϐολικῆς
1804 1932 1852 1949 τυ-

1068 1975 1188 2011 ραννίδος
1202 1974 1356 2009 ἐπέρχεται,
1375 1974 1438 1999 ὅταν
1454 1972 1500 1999 ἴδω
1527 1973 1645 2007 σήμερον
1664 1971 1710 1997 τοῦ
1725 1970 1792 2005 ἐμοῦ
1807 1970 1851 2003 γέ-

1066 2030 1126 2052 νους
1141 2021 1189 2056 τὴν
1217 2019 1342 2054 ἀπαρχὴν
1368 2019 1396 2044 ἐν
1413 2018 1536 2053 οὐρανοῖς
1565 2016 1769 2052 βασιλεύουσαν.
1793 2015 1850 2041 Νῦν

1066 2067 1192 2092 πέπτωκε
1220 2064 1267 2090 τοῦ
1289 2063 1417 2098 πολεμίου
1433 2063 1461 2089 τὸ
1477 2063 1575 2098 κράτος
1588 2082 1596 2093 ,
1621 2061 1735 2087 ἀπέλιπε
1750 2060 1787 2095 (8)
1801 2059 1850 2086 τοῦ

1065 2112 1185 2139 διαϐόλου
1198 2111 1231 2137 τὰ
1248 2111 1352 2146 μηχανή
1358 2117 1438 2144 ματα.
1451 2109 1507 2134 Οὐκ
1523 2108 1562 2134 ἑτι
1575 2107 1662 2134 ταῦτα
1675 2107 1849 2141 παράδεισος.

1065 2155 1087 2184 ὧ
1110 2157 1231 2184 διάϐολε-
1249 2156 1308 2181 οὐδὲ
1327 2153 1409 2189 φυτοῦ
1424 2154 1518 2188 τέρψις
1540 2153 1607 2189 πρὸς
1628 2153 1735 2187 ἀπάτην
1752 2152 1851 2188 0119:5-

1065 2210 1141 2232 ουσα,
1161 2201 1203 2226 ἵνα
1223 2199 1301 2226 πάλιν
1317 2199 1400 2230 λύσας
1419 2207 1468 2233 μου
1484 2198 1529 2224 τὸν
1546 2198 1641 2232 φόϐον,
1659 2197 1786 2234 κυρώσῃς
1804 2198 1849 2224 τὸν

1066 2246 1189 2272 θάνατον.
1215 2244 1323 2275 Οὐκέτι,
1341 2253 1350 2268 ί
1363 2244 1401 2278 Γῆ
1420 2241 1454 2274 εἷ,
1472 2243 1519 2269 καὶ
1536 2244 1575 2274 εἰς
1592 2243 1644 2277 γῆν
1671 2242 1818 2278 ἀπελεύο-ῃ,
1838 2253 1847 2268 ι

231 2292 337 2323 desero,
356 2295 458 2318 terram
476 2290 524 2317 tibi
547 2289 677 2322 concedo,
694 2289 720 2316 in
739 2297 792 2325 qua
811 2293 903 2320 natus,
919 2288 945 2315 in
960 2295 1012 2322 qua

1066 2291 1171 2318 ἀκούω·
1193 2290 1260 2321 ἀλλ’,
1283 2291 1306 2316 εἰ
1324 2290 1370 2316 καὶ
1385 2290 1421 2324 γῆ
1444 2286 1479 2321 εἷ,
1504 2289 1572 2324 πρὸς
1595 2288 1710 2323 οὐρανὸν
1736 2288 1773 2322 (9)
1795 2289 1849 2314 ἀπ-

231 2339 362 2366 educatus
381 2346 456 2371 sum,
477 2337 505 2365 in
520 2338 618 2365 cmlum
635 2342 681 2364 tua
695 2337 790 2364 fraude
803 2336 872 2364 liber
886 2336 1014 2363 transmi-

230 2393 289 2421 gro.
304 2384 376 2412 Satis
390 2384 455 2411 olim
470 2384 519 2411 tibi
535 2383 585 2410 fuit
604 2383 695 2417 arbor,
711 2391 765 2418 qua
781 2383 914 2409 Adamum
929 2390 1014 2417 expu-

231 2438 345 2466 gnares,
372 2430 481 2465 quando
506 2430 572 2464 ligni
597 2428 686 2456 fructu
711 2436 870 2463 percussum
896 2428 1013 2463 primum

230 2481 368 2512 parentem
386 2476 504 2511 paradisi
515 2476 653 2510 voluptate
663 2474 821 2502 eliminasti.
833 2474 910 2501 Nunc
922 2478 1011 2502 autem

231 2523 338 2550 etiamsi
355 2525 436 2548 totam
452 2521 599 2549 exhaurias
614 2522 780 2556 pharetram,
795 2521 822 2547 in
837 2521 1011 2555 temetipsum

231 2568 323 2596 omnia
337 2569 407 2604 jacis
429 2568 491 2595 tela.
506 2567 641 2600 Quorsum
662 2567 718 2602 jam
739 2567 831 2594 abiere
849 2566 909 2598 tibi,
922 2574 938 2594 ο
953 2565 1012 2592 dia-

268 2646 305 2682 (7)
323 2645 411 2677 Colb.,
421 2646 571 2682 χαρίζεται.
588 2646 624 2672 Οὐ
641 2645 783 2682 γάρ-ΗΜ
799 2644 880 2682 idem,
899 2643 946 2682 τοῦ
965 2644 1013 2682 ἀ)-

232 2679 366 2717 omium
382 2679 487 2716 γένους,
503 2682 583 2708 πάλιν
600 2679 689 2717 αὐτόνξ
707 2680 777 2707 Editi
788 2684 812 2707 et
825 2680 901 2714 Reg,
917 2679 946 2705 τὸ
962 2679 1009 2705 ἀν-

232 2716 364 2753 θρῲπινον
382 2717 469 2753 γένος,
488 2717 567 2753 πάλιν
579 2716 653 2742 αὑτό.

267 2752 304 2787 (8)
324 2749 402 2787 Πειςξ,
422 2752 537 2785 ἐξέλιπε.
551 2751 634 2778 Paulo
650 2756 711 2785 post
730 2750 795 2785 Reg.
812 2749 935 2781 ctColh.,
954 2749 1010 2775 Οὐκ

232 2787 287 2814 ἔστι
298 2787 391 2813 ταῦτα.
410 2787 491 2818 Editi,
511 2788 560 2814 οὐκ
573 2786 613 2812 ἔτι
623 2786 719 2813 ταῦτα.

267 2821 303 2857 (9)
322 2821 420 2857 [ἦρε.οι
434 2823 523 2855 Colb.,
536 2821 656 2856 οὐρανόν.
671 2821 752 2851 Ε‹Ιιιὶ,
765 2819 902 2854 οὐρανούς,

1067 2337 1164 2372 ελεύσῃ
1180 2336 1223 2362 διὰ
1236 2336 1285 2372 τὴν
1300 2335 1345 2362 τοῦ
1374 2335 1518 2368 ἀνάγοντος
1533 2334 1697 2368 ἁγαθότητα.
1710 2333 1850 2368 Καταλιμ-

1067 2383 1143 2410 πάνω
1163 2382 1193 2408 τὸ
1211 2381 1265 2408 τῶν
1282 2381 1485 2416 ἁμαρτημάτων
1502 2380 1611 2416 χωρίον,
1634 2379 1793 2414 παραχωρῶ
1808 2387 1850 2405 σοι

1066 2430 1115 2464 τῆς
1123 2429 1183 2464 γῆς,
1193 2428 1235 2462 ἐφ’
1249 2425 1282 2463 ἧς
1295 2427 1418 2462 ὲτέχθην,
1436 2427 1477 2460 ἐφ’
1490 2424 1523 2461 ἧς
1540 2425 1661 2461 ὲτράςξην
1670 2425 1737 2460 (10)”
1748 2426 1787 2457 εἰς
1802 2425 1849 2451 οὑ-

1068 2474 1146 2510 ρανὸν
1155 2473 1352 2509 μετοικίςομαι,
1364 2473 1412 2508 τῆς
1421 2473 1470 2508 σῆς
1479 2472 1586 2507 ἀπάτης
1604 2471 1754 2506 ἐλεύθερος.
1763 2472 1850 2497 Πάλαι

1066 2521 1114 2556 μὲν
1141 2518 1187 2546 οῦν
1213 2528 1253 2545 σοι
1280 2519 1360 2553 φυτὸν
1389 2519 1457 2554 πρὺς
1484 2518 1533 2553 τὴν
1553 2517 1600 2544 τοῦ
1628 2517 1713 2552 Ἀδὰμ
1744 2517 1851 2553 αἰρεσιν

1064 2566 1192 2601 ἧρκεσεν,
1212 2565 1256 2591 ὅτε
1274 2564 1376 2599 πλήξας
1392 2563 1431 2598 τῷ
1447 2563 1492 2590 τοῦ
1505 2563 1582 2595 ξύλου
1601 2562 1699 2604 καρπῷ
1715 2562 1760 2589 τὸν
1773 2571 1850 2598 πρω-

1105 2643 1159 2677 (10)
1179 2644 1217 2677 lla
1238 2641 1339 2675 Regius
1359 2646 1386 2669 et
1408 2641 1593 2677 Colhertinus.
1619 2639 1689 2677 Editi
1705 2647 1782 2677 vero,
1800 2639 1852 2675 τὴν

1065 2674 1127 2714 γῆν,
1147 2676 1244 2714 ὲφίῆς-
1255 2674 1381 2714 ἐτάχθην,
1398 2674 1636 2714 ἀφ’νῆς-ὲτ-ράφην.
1652 2675 1750 2714 ΑΡιξιιῐι»
1762 2674 1850 2714 Just,

1064 2709 1152 2743 (1611),,
1168 2709 1429 2747 ’ὲλέύθερρξγέγοναξ
1449 2709 1515 2738 1[›ίίΙ.
1531 2710 1596 2747 Reg.
1610 2709 1739 2747 et_Colb.,
1762 2710 1851 2747 ῘΙάλαι

1064 2749 1113 2784 μὲν
1129 2747 1186 2780 οὖν,
1202 2747 1248 2775 sed
1262 2745 1308 2774 οὖν
1316 2745 1392 2776 deest
1408 2748 1436 2774 in
1449 2747 1542 2774 editis.
1561 2745 1620 2773 Mox
1643 2745 1726 2780 Reg,
1744 2745 1852 2780 αἰρεσιν

1062 2786 1154 2820 ἤρεσε.
