1940 3067
95 123 106 149 1
111 122 160 151 093

600 119 718 148 εειιΜο
733 119 768 147 ΙΝ
787 118 1059 148 ASSUMPTIONEM
1079 119 1210 148 DOMlNl.

1637 121 1705 150 1091

94 180 238 207 τόπλαστον
249 177 301 211 ἔξω
319 177 444 212 γενέσθαι
459 177 509 213 τῆς
526 177 573 204 τοῦ
589 178 753 214 παραδείσου
768 179 872 214 τρυφῆς

931 178 996 209 sole,
1012 177 1131 212 antiqua:
1147 177 1250 204 fraudis
1269 177 1505 206 machinamenta?
1520 176 1635 206 Ubinam
1651 178 1707 206 doli

95 224 314 260 κατηνάγκασας’
343 223 390 249 νῦν
410 223 453 254 δὲ,
486 221 536 249 κᾶν
565 223 655 249 πᾶσαν
679 222 801 259 κενὼσῃς
820 223 870 258 τὴν

96 271 236 306 φαρέτραν,
251 269 322 295 κατὰ
339 269 452 296 σεαυτοῦ
467 268 559 305 φέρεις
572 268 627 295 τῶν
649 268 822 303 τοξευμάτων
836 268 871 294 τὰ

97 317 215 351 βλήματα
225 315 289 351 (11).
305 315 359 341 Ποῦ
379 323 419 341 σοι
437 315 539 346 λοιπὸν,
561 314 677 346 διάϐολε,
690 315 739 350 τῆς
754 314 871 346 παλαιᾶς

96 362 197 397 ἀπάτης
207 361 240 387 τὰ
256 362 454 396 μηχανήματα;
468 360 522 386 Ποῦ
540 369 580 387 σοι
595 361 609 386 ὁ
625 360 788 394 σοφιστεύων
801 360 870 394 δφις,

97 404 137 433 ἱνα
150 407 198 441 τὴν
214 405 284 432 Εὕαν
298 405 401 441 χωρίσῃ
417 403 464 431 τοῦ
482 404 655 439 παραδείσου,
672 404 713 435 τὸ,
730 413 739 429 ‹
752 400 790 439 ᾟ
802 404 824 430 δ’
839 403 871 430 ἂν

95 451 182 487 ἡμέρα
196 451 312 485 φάγητε,
325 450 418 477 ἔσεσθε
432 451 469 482 ὡς
487 450 552 482 θεοὶ,
568 460 576 475 ι
599 449 870 485 προσφθεγγόμενοςς

96 497 208 530 Γέγονάς
226 496 281 531 (12)
301 504 345 531 μοι
362 495 415 521 τῶν
436 494 545 528 ἀγαθῶν
569 495 710 530 προφήτης
736 494 870 526 ἀκούσιος.

96 540 142 574 Δίς
151 542 203 578 γὰρ
217 542 284 575 πρὸς
301 542 408 576 ἀπάτην
434 541 609 576 ὑποσχέσεσιν
637 541 754 576 ἐχρήσω,
773 541 873 572 ταύτας

96 588 138 614 διὰ
155 587 321 623 πραγμάτων
342 586 489 621 ἐκέρδανα·
506 585 600 620 γέγονέ
622 595 665 621 μοι
686 586 735 621 τῆς
755 587 873 620 ἐπαγγε-

97 633 154 662 λίας
167 633 181 666 ἢ
199 631 331 666 φαντασία
343 631 388 657 διὰ
401 631 451 664 τῆς
467 631 563 666 πείρας
582 631 703 666 ἀλήθεια.
719 631 750 656 Ὤ
765 630 872 665 θαυμά-

97 685 147 703 των
171 675 361 702 ἀπίστων-καὶ
385 675 467 708 ξένων
488 675 537 710 τῆς
553 674 674 709 φύσεωςί
696 672 736 706 οἷς
751 675 765 700 ὁ
786 674 874 710 παρά-

98 722 180 752 δεισος
199 719 375 755 ἀπεκλείσθη,
394 719 500 751 τούτοις
520 720 534 745 ὁ
555 719 667 754 οὐρανὸς
692 719 825 754 ὴνεῴχθη.
845 719 873 746 '0

98 767 148 803 πρὸ
177 766 289 802 βραχέος
317 766 363 792 ἐπὶ
375 766 488 793 Πιλάτου
519 766 687 800 κρινόμενος,
703 766 821 801 σήμερον
845 766 874 791 ἐν

97 812 200 849 οὐρανῷ
217 812 312 848 κριτὴς
335 811 524 847 ἐνθρονίζεται.
542 811 570 837 '0
586 810 661 845 παρά
681 810 814 836 Ἰουδαίων
829 818 875 844 γε-

97 858 224 893 λώμενος,
239 859 270 884 ἐκ
291 856 384 888 δεξιῶν
398 856 444 882 τοῦ
471 855 576 890 Πατρδς
602 855 648 881 ἐπὶ
672 855 726 882 τῶν
746 855 877 890 χερουόὶμ

99 903 222 939 κάθηται,
245 903 339 938 δήμοις
354 901 477 936 ἀγγέλων
493 900 660 936 ὑμνούμενος
682 900 746 936 (15).
772 900 800 926 Ὁ
818 901 878 932 ταῖς

104 949 260 980 Ἰουδαῖκαῐς
284 946 416 978 ἀκάνθαις
440 946 488 982 τὴν
514 946 633 981 κεφαλὴν
650 945 876 980 στεφανούμενος,

99 994 190 1029 θεῖκῆς
205 993 283 1025 ἀξίας
297 993 441 1027 διαδήματι
463 992 656 1026 σφίγγεται.¹Ὤ
672 991 786 1023 ποσάκις
801 992 817 1026 ή
831 991 876 1017 τοῦ

97 1040 176 1067 Δαόὶδ
191 1039 323 1074 ὲνηχοῦσα
337 1038 392 1074 (14)
408 1038 507 1073 κιθάρα
528 1037 561 1064 τὰ
581 1037 702 1072 παρόντα
717 1036 875 1068 ἐθέσπιζενι

100 1095 111 1113 ι
134 1083 215 1112 Εἶπεν
229 1086 242 1111 ὁ
258 1085 360 1121 Κύριος
372 1083 411 1119 τῷ
431 1084 524 1119 Κυρίῳ
545 1091 605 1119 μου·
622 1083 712 1110 Κάθου
738 1084 769 1110 ὲκ
783 1082 877 1115 δεξιῶν

100 1131 216 1167 μου,’έως
227 1130 259 1157 ἃν
270 1130 308 1156 θῶ
319 1130 380 1161 τοὺς
394 1129 504 1164 ἐχθρούς
518 1138 564 1155 σου
578 1129 720 1155 ὑποπόδιον
728 1129 780 1154 τῶν
791 1128 878 1154 ποδῶν

99 1184 154 1203 σου.
170 1185 179 1201 ι
197 1175 253 1202 Νῦν
266 1175 373 1211 ἀληθῶς
391 1175 484 1208 γέγονε
496 1174 529 1201 τὰ
543 1174 701 1210 κρούσματα
714 1174 876 1209 πράγματα·

98 1223 144 1250 καὶ
159 1221 176 1248 ἃ
191 1221 322 1257 πρότερον
339 1221 402 1247 ίδεῑν
414 1222 442 1247 ἐν
461 1220 567 1255 μέλεσιν
582 1220 737 1255 ἐπεθύμησε
748 1219 814 1255 (15),
832 1219 880 1254 σή-

100 1275 180 1302 μερον
195 1265 262 1293 εἶδεν
273 1267 300 1292 ἐν
311 1266 453 1301 πράγμασι
462 1274 468 1279 ·
483 1265 529 1292 καὶ
541 1265 635 1300 γέγονε
647 1265 733 1300 μελῶν
744 1264 880 1300 ὑπουργὸς

98 1312 220 1347 οὐρανὸς,
232 1312 277 1338 τὸν
289 1313 353 1347 παρ’
365 1311 460 1346 ἐκείνῳ
472 1310 703 1346 μνημονευόμενον
713 1311 769 1341 τοῖς
784 1309 878 1341 νώτοις

98 1358 308 1394 ὑποδεχόμενος·
337 1358 424 1384 καίτοι
452 1357 498 1383 καὶ
526 1358 590 1392 παρ’
618 1357 698 1383 αὑτὸν
724 1356 769 1382 τὸν
800 1356 878 1382 τόκον

924 222 1022 250 artifex
1036 223 1081 250 ille
1096 230 1218 257 serpens,
1235 223 1281 257 qui
1298 222 1379 249 Evam
1397 223 1523 257 paradiso
1537 223 1636 258 exigat,
1651 223 1708 250 haec

921 269 1037 295 dicendo
1051 277 1057 295 :
1074 277 1083 293 ‹
1101 268 1268 303 Quacunque
1284 268 1327 295 die
1343 268 1526 299 comederitis,
1540 269 1618 296 eritis
1634 269 1708 295 sicut

921 313 975 340 dii?
988 313 1019 339 ³⁸.
1037 323 1046 338 ι
1063 313 1198 340 Bonorum
1215 313 1278 340 mihi
1301 313 1430 348 propheta
1448 312 1521 339 fuisti
1537 313 1578 339 vel
1596 313 1706 340 invitus.

921 359 1027 392 Quibus
1043 359 1115 387 enim
1128 360 1161 386 ad
1176 359 1298 386 fraudem
1316 359 1459 393 promissis
1477 366 1541 386 usus
1558 366 1598 391 es,
1612 359 1707 385 eadem

922 406 1012 439 reipsa
1025 406 1146 432 lucratus
1159 412 1220 432 sttm
1235 414 1240 431 :
1256 405 1446 438 promissionis
1471 405 1612 439 phantasia
1625 411 1708 439 expe«

923 451 1041 477 rimento
1062 450 1127 477 mihi
1144 451 1247 477 veritas
1262 450 1322 476 fuit.
1344 451 1365 477 Ο
1383 450 1515 477 miracula
1536 450 1707 478 incredibilia

931 496 1071 531 alienaque
1083 503 1098 522 a
1112 497 1224 522 natura!
1241 496 1345 529 Quibus
1359 497 1501 530 paradisus
1516 497 1625 523 clausus
1641 496 1706 530 fuit,

926 542 961 568 iis
986 542 1084 568 coelum
1115 546 1236 575 apertum
1257 546 1308 569 est.
1341 541 1392 574 Qui
1422 541 1500 576 paulo
1529 546 1591 568 ante
1614 549 1707 568 coram

923 586 1009 613 Pilato
1022 586 1113 621 judice
1125 590 1247 617 steterat.
1262 586 1342 613 hodie
1355 587 1381 613 in
1394 587 1463 614 coelo
1477 586 1559 621 judex
1577 587 1707 614 thronum

923 637 1048 667 occupat.
1069 632 1120 665 Qui
1144 640 1158 659 a
1181 632 1281 660 Judzeis
1307 633 1483 664 irridebatur,
1508 633 1542 659 ad
1568 634 1707 660 dexteram

923 677 1013 705 Patris
1027 679 1102 706 sedet
1118 686 1200 713 super
1215 678 1355 705 cherubim
1367 682 1394 705 et
1409 678 1442 705 ab
1457 679 1612 713 angelorum
1628 680 1708 706 turba

923 724 1031 758 hymnis
1047 725 1210 752 celebratur.
1228 724 1312 758 Cujus
1329 724 1449 752 Judaieis
1466 725 1552 759 spinis
1566 730 1648 759 caput
1660 733 1708 752 co—

923 774 1049 797 ronatum
1072 774 1123 801 est,
1150 771 1173 798 is
1192 770 1290 797 divinxe
1307 771 1447 805 dignitatis
1466 770 1617 798 diademate
1639 771 1711 798 redi-

925 813 1017 839 mitur.
1034 812 1056 840 0
1082 814 1190 848 quotics
1213 813 1321 841 Davidis
1346 815 1450 841 cithara
1475 822 1576 842 sonans
1598 815 1655 842 lucc
1674 822 1707 842 ex

927 857 1016 884 alllatu
1042 858 1134 885 divino
1160 859 1299 893 praedixit!
1324 869 1333 884 ε
1357 859 1428 885 Dixit
1447 859 1576 887 Dominus
1595 859 1709 886 Domino

926 911 1005 930 meo:
1025 903 1094 931 Sede
1110 912 1125 930 a
1143 904 1247 932 dextris
1256 905 1324 932 meis
1342 915 1348 932 :
1366 905 1452 932 donec
1470 913 1567 940 ponam
1584 906 1709 933 inimicos

925 952 987 976 tuos
1002 949 1147 977 scabellum
1164 950 1262 984 pedum
1277 955 1386 977 tuorum
1401 950 1433 978 θ’.
1454 961 1463 976 ι
1480 950 1538 978 Jam
1554 951 1633 985 plane
1649 953 1711 986 pul-

930 996 1051 1022 sationes
1067 1003 1098 1023 ac
1112 996 1172 1023 soni
1189 996 1227 1023 illi
1243 1004 1287 1024 res
1306 1000 1390 1031 gest-az
1411 1002 1475 1024 sunt
1492 1006 1498 1023 :
1515 1001 1541 1024 et
1556 997 1627 1032 quod
1645 997 1710 1024 olim

927 1039 954 1067 in
965 1041 1079 1069 canticis
1088 1041 1178 1069 videre
1189 1042 1352 1076 concupivit,
1365 1042 1444 1069 hodie
1454 1043 1616 1076 completum
1625 1042 1708 1070 vidit:

929 1085 1034 1121 fuitque
1052 1087 1151 1113 ccelum
1168 1087 1334 1114 canticorum
1351 1087 1485 1119 minister,
1502 1095 1563 1114 eum
1585 1096 1647 1116 eum
1664 1088 1711 1123 qui

930 1132 1002 1167 apud
1037 1135 1174 1159 cautorem
1196 1137 1361 1160 memoratur
1381 1133 1464 1167 dorso
1491 1132 1610 1168 suscepit
1631 1141 1681 1160 suo
1701 1142 1709 1161 :

930 1185 1084 1212 quanquam
1104 1181 1132 1205 et
1147 1178 1206 1212 ipso
1223 1182 1317 1213 partus
1333 1181 1454 1212 tempore
1480 1183 1635 1206 nascentem
1655 1183 1712 1205 tum

931 1222 1064 1249 infantem
1086 1230 1134 1256 per
1153 1223 1257 1249 stellam
1280 1224 1378 1250 coelum
1395 1223 1524 1257 respexit,
1554 1223 1630 1258 quasi
1650 1228 1713 1251 ante

930 1272 1036 1302 tempus
1051 1267 1191 1295 festinaret
1204 1276 1265 1295 eum
1283 1268 1409 1303 excipere
1423 1269 1468 1303 qui
1486 1269 1512 1295 in
1528 1269 1657 1303 spelunca
1673 1269 1714 1296 la-

931 1313 1012 1340 tebat.
1052 1312 1105 1340 Sed
1129 1314 1270 1348 oportebat
1294 1314 1453 1342 mconomiae
1473 1318 1596 1349 tempora
1621 1315 1713 1342 termi-

930 1365 1035 1392 nosque
1056 1358 1169 1385 Servari.

97 1405 262 1440 οὐρανὸς.ἔτι
277 1404 426 1439 τικτομένῳ
436 1404 469 1430 δι’
483 1404 595 1438 ἀστέρος
607 1402 876 1438 ὑπέκυπτεν,ὦσπερ
897 1403 1073 1439 ἐπειγόμενος
1108 1404 1164 1440 (l6)
1199 1413 1245 1431 και
1268 1411 1321 1442 προ
1348 1404 1443 1441 καιροῦ
1465 1405 1592 1437 δέξασθαι
1617 1405 1662 1432 τὸν
1684 1406 1714 1432 ἐν

98 1451 222 1487 σπηλαίῳ
236 1451 430 1487 κρυπτόμενον.
445 1450 514 1477 Ἀλλ’
527 1451 579 1477 ἔδει
590 1451 653 1483 τοὺς
662 1451 711 1486 τῆς
725 1449 879 1485 οἰκονομίας
897 1452 1008 1487 καιροὺς
1026 1453 1073 1478 καὶ
1087 1452 1166 1486 ὅρους
1181 1452 1369 1487 φυλάττεσθαι.

132 1499 158 1526 2.
179 1499 255 1534 Ἐμοὶ
277 1499 324 1534 μὲν
342 1498 490 1533 θαυμάζειν
517 1498 662 1534 ἐπέρχεται
684 1497 743 1529 πῶς
766 1497 814 1533 τὴν
830 1496 877 1523 τοῦ

963 1498 990 1525 2.
1010 1498 1042 1526 Ει
1058 1499 1166 1533 quidem
1182 1500 1274 1526 tuirari
1289 1500 1372 1532 subit,
1388 1508 1442 1534 quo
1463 1503 1544 1534 pacto
1563 1498 1651 1526 nostri
1667 1506 1715 1534 ge-

97 1545 193 1579 γένους
203 1544 333 1581 αἰσχύνην
352 1545 393 1576 είς
406 1544 526 1577 εὐδοξίαν
540 1544 670 1579 μετέϐαλε
680 1552 687 1559 ·
713 1544 798 1578 πόσην
812 1543 879 1570 Θεοῦ

97 1591 168 1626 πρὸς
193 1591 267 1626 ἡμᾶς
294 1590 481 1626 ἀγανάκτησιν
506 1591 546 1621 είς
582 1589 712 1625 μεγίστην
739 1589 880 1625 εὐμένειαν

97 1637 222 1672 1ἱλνεγκεν.
244 1636 379 1663 Ἐπλασεν
401 1637 475 1672 ἡμᾶς
500 1636 592 1672 χερσὶν
615 1636 727 1667 οἰκείαις
754 1636 768 1662 ὁ
796 1636 878 1668 Θεὸς,

100 1682 203 1717 τροφῆς
220 1682 391 1717 αὐτοσχεδίου
408 1682 541 1717 κτήτορας
567 1681 667 1713 ἔδειξε,
687 1681 792 1717 τρυφῆς
807 1680 881 1713 ἐξου-

98 1728 171 1759 σίαν,
185 1727 237 1761 γῆς
252 1727 400 1763 ὑπουργίαν
417 1727 525 1759 ἔδωκεν,
544 1727 622 1762 ἀέρος
635 1727 764 1758 δουλείαν,
781 1727 879 1754 θαλάτ-

97 1783 148 1809 της
166 1774 295 1809 εὐπορίαν
311 1774 460 1808 παρέσχετο
473 1774 495 1809 (1
503 1774 540 1807 7),
559 1773 633 1808 ήλίου
656 1772 745 1808 βολὰς,
768 1773 881 1808 σελήνης

97 1821 200 1854 αὐγὰς,
228 1819 349 1854 ἀστέρων
375 1819 479 1856 φορὰς,
505 1818 581 1851 ζώων
601 1819 708 1846 πάντων
731 1819 879 1853 ὑποταγάς.

97 1866 223 1901 Παρῆλθέ
238 1874 279 1896 τις
291 1866 319 1892 ὲν
336 1865 409 1900 μέσῳ
424 1865 549 1900 πολέμιος
565 1864 713 1891 διαϐάλλων
730 1866 769 1896 είς
786 1865 881 1898 φθόνον

97 1912 176 1943 Θεὸν,
190 1912 298 1938 ἔπεισεν
311 1911 437 1939 ἀπατῶν·
455 1911 558 1946 γίνεται
574 1912 623 1946 τῆς
643 1912 747 1938 ἐκείνου
775 1911 882 1947 μερίδος

96 1959 112 1984 ὀ
132 1957 322 1992 ἀπατώμενος,
348 1957 483 1989 ἀντιθεῖας
508 1957 619 1992 ἐνόσησε
642 1956 742 1989 πάθος,
759 1957 882 1983 συνέθετο

97 2004 186 2040 λάθρα
203 2005 273 2030 κατά
283 2003 330 2030 τοῦ
350 2003 427 2035 Θεοῦ,
443 2003 556 2030 ἐκτείνει
571 2003 620 2039 τὴν
642 2004 720 2038 χεῖρα
746 2003 816 2030 κατὰ
829 2003 882 2029 τῶν

96 2049 145 2076 τοῦ
160 2049 227 2076 Θεοῦ
245 2049 470 2084 προσταγμάτων.
490 2049 675 2083 Ἐπιφαίνεται
692 2048 766 2080 Θεὸς,
778 2048 883 2084 ἐλέγχει

97 2095 148 2126 τὰς
173 2095 347 2130 παρανόμους
372 2094 497 2126 ἐλπίδας,
528 2094 621 2129 φεύγει
635 2094 683 2129 τὴν
709 2093 772 2121 θέαν
794 2095 810 2130 ἡ
836 2094 882 2120 τοῦ

97 2141 196 2174 γένους
212 2140 293 2175 ἁρχὴ,
312 2141 358 2166 καὶ
375 2141 547 2176 παραιτεῖται
565 2140 611 2166 τὸν
628 2140 745 2174 ἔλεγχον,
762 2139 814 2166 ὑπὸ
826 2139 882 2166 δέψ

97 2187 162 2222 δρον
177 2185 336 2221 κρύπτεται,
346 2185 499 2220 φοὸουμένη
510 2185 555 2211 τὸν
567 2185 668 2211 κτύπον
679 2186 695 2220 ὴ
711 2185 883 2220 παρανόμους
899 2176 920 2202 Ῑ)

98 2229 286 2266 φαντασθεῖσα
299 2230 424 2265 θεότητα.
435 2229 491 2264 Τῆς
503 2227 549 2256 οὖν
562 2229 640 2262 ἀξίας
652 2229 796 2264 γυμνώσας
807 2229 881 2260 Θεὸς,

98 2276 252 2303 ἀπωθεῖται
263 2274 310 2301 τοῦ
329 2275 493 2311 παραδείσου
510 2274 555 2301 τὸν
569 2274 721 2310 ἄνθρωπον,
743 2274 883 2309 μονονουχὶ

99 2320 214 2348 τοιαῦτα
234 2321 301 2355 πρὸς
315 2320 395 2347 αὐτὸν
410 2320 663 2355 ἀποφθεγγόμενος·
680 2320 736 2346 Οὺκ
757 2319 802 2345 ἐπὶ
819 2319 884 2345 ταύ-

99 2375 162 2398 ταις
174 2374 205 2392 σε
218 2366 273 2401 (18)
284 2367 342 2398 ταῖς
355 2365 459 2392 ἐλπίσιν
475 2365 661 2400 ὲτεκτηνάμην
675 2363 744 2398 ἐγώ·
763 2363 824 2390 οὔτε
837 2364 882 2390 διὰ

102 2411 205 2443 ταύτας
224 2412 252 2437 ἐν
272 2412 331 2443 ταῖς
355 2411 433 2446 χερσί
449 2418 499 2445 μου
533 2409 644 2441 ταύταις
667 2409 813 2440 διέπλασα,
840 2409 884 2435 τὸν

98 2457 188 2493 πηλὸν
213 2457 252 2488 είς
269 2457 348 2492 φύσιν
373 2455 598 2492 μεταμορφώσας.
625 2456 660 2482 Σὺ
671 2455 709 2487 δὲ,
736 2456 768 2491 ἢν
792 2454 885 2486 ἔλαϐες

137 2535 161 2552 ³⁸
181 2534 250 2563 Gen.
268 2535 344 2567 "1,5.
384 2534 406 2550 "
425 2533 496 2561 Psal.
513 2540 576 2566 clx,
597 2534 620 2559 l.

152 2612 195 2646 11)
216 2611 399 2644 Colbertinus,
415 2610 449 2637 τὰ
463 2610 656 2646 ἀκοντίσματα.

153 2645 196 2680 12)
215 2647 397 2679 Colbertinus,
410 2645 537 2680 γεγονώς.

139 2678 198 2720 (15)
219 2682 257 2720 Ita
271 2681 380 2720 Regius.
391 2678 432 2720 λι
445 2678 511 2708 Colb
527 2680 697 2720 ,γελώμενος
709 2678 824 2720 κάθηται
839 2680 885 2716 δή-

100 2714 166 2753 μοις
181 2714 303 2751 ἀγγέλων
312 2714 524 2751 ἀνυμνούμενος.
542 2716 570 2742 ’0
580 2717 650 2746 ταῖς.
663 2719 715 2742 etc.
728 2714 796 2742 Editi
807 2714 883 2747 vero,

100 2752 259 2777 γελώμενος
272 2751 386 2777 κάθηται
397 2751 502 2777 δήμιος.
527 2751 555 2777 '0
567 2752 637 2777 ταῖς.
653 2750 762 2777 omissis
779 2751 882 2777 multis.

119 2753 259 2787 ελώμενος
272 2753 386 2786 κάθηται
397 2753 502 2786 δήμιος.
527 2753 555 2777 '0
567 2753 637 2782 ταῖς,
653 2753 762 2777 omissis
779 2753 882 2778 multis.

119 2788 194 2824 'aulo
207 2786 382 2824 postLColb"
396 2786 547 2824 διαδήμασι.
582 2819 598 2824 __
614 2820 620 2824 _
652 2820 658 2824 _
733 2819 745 2824 _
805 2820 810 2824 _

139 2819 256 2858 (“)‘lta
271 2821 373 2856 Regius
383 2825 410 2848 et
424 2819 500 2848 Colb.
515 2819 541 2848 in
557 2819 637 2848 editis
651 2819 783 2855 ἐνηχοῦσα
796 2820 881 2848 deest.

930 1544 1004 1572 neris
1019 1543 1158 1571 infamiam
1182 1544 1208 1571 in
1226 1545 1355 1572 honorem
1379 1545 1564 1572 converterit:
1585 1548 1715 1579 quantam

929 1589 957 1616 in
969 1597 1018 1617 nos
1029 1589 1075 1617 Dei
1088 1590 1299 1624 indignationem
1312 1591 1338 1617 in
1351 1595 1479 1625 quantam
1499 1590 1715 1618 benevolentiam

930 1636 1148 1663 commutaverit.
1161 1636 1216 1664 Nos
1233 1637 1358 1664 manibus
1376 1637 1434 1664 suis
1449 1636 1550 1664 ellinxit
1563 1635 1643 1666 Deus.
1660 1635 1715 1662 cibi

931 1685 1026 1717 sponte
1043 1683 1179 1709 nascentis
1195 1690 1370 1718 possessores
1388 1683 1549 1715 constituit,
1568 1682 1715 1717 voluptatis

931 1728 1048 1763 copiam,
1068 1732 1148 1756 terra:
1168 1728 1348 1756 ministerium
1367 1728 1451 1760 dedit,
1467 1728 1538 1755 aeris
1563 1728 1715 1758 servitium,

931 1775 1014 1802 maris
1029 1775 1138 1802 divitias
1152 1775 1277 1810 przebuit,
1295 1775 1361 1802 solis
1373 1775 1476 1807 radios,
1490 1775 1562 1802 lunze
1573 1775 1716 1810 fulgorem,

932 1823 1067 1857 astrorum
1083 1819 1217 1851 influxus,
1234 1820 1391 1847 animalium
1408 1820 1529 1847 omnium
1545 1820 1716 1855 obsequium.

932 1864 983 1892 Per
1000 1865 1117 1892 medium
1131 1865 1239 1892 transiit
1253 1865 1340 1892 hostis
1352 1864 1472 1900 quidam,
1489 1865 1535 1900 qui
1548 1864 1631 1892 Deum
1648 1865 1718 1891 invi-

932 1911 982 1938 diae
996 1919 1129 1938 accusans
1150 1911 1214 1938 dolo
1235 1912 1379 1946 persuasit.
1400 1911 1441 1938 Ad
1467 1912 1540 1938 illius
1556 1915 1645 1945 partes
1671 1911 1718 1939 de.

933 1960 1027 1992 ceptus
1040 1957 1084 1984 ille
1100 1958 1208 1989 transit,
1223 1958 1369 1992 impietatis
1385 1958 1411 1984 in
1427 1957 1511 1984 Deum
1527 1957 1622 1984 morbo
1642 1957 1718 1983 labo-

932 2006 984 2033 rat,
1009 2006 1116 2036 pactum
1139 2002 1208 2028 clam
1231 2002 1280 2029 init
1305 2005 1401 2029 contra
1428 2001 1528 2033 Deum,
1552 2005 1646 2028 contra
1670 2000 1718 2027 Dei

930 2047 1006 2082 jussa
1020 2055 1128 2074 manum
1140 2047 1270 2075 extendit.
1282 2048 1400 2082 Apparet
1415 2047 1495 2077 Deus.
1509 2047 1628 2081 iniquam
1642 2054 1716 2081 spem

933 2092 1085 2124 confundit,
1116 2092 1185 2128 fugit
1210 2097 1385 2128 conspectum
1412 2093 1471 2126 ejus
1499 2092 1606 2127 generis
1630 2091 1717 2117 nostri

934 2138 1020 2174 origo,
1038 2139 1146 2173 depellit
1162 2146 1176 2166 a
1196 2147 1226 2167 se
1246 2139 1367 2171 crimen,
1385 2139 1435 2166 sub
1453 2139 1548 2165 arbore
1572 2136 1717 2164 abscondi-

936 2189 990 2215 tur,
1001 2184 1150 2219 metuitque
1165 2185 1320 2219 strepitum,
1335 2191 1395 2219 quae
1410 2183 1542 2218 flagitiose
1564 2182 1597 2208 de
1617 2181 1718 2208 deitate

936 2229 1078 2264 cogitarat.
1092 2229 1233 2257 Hominem
1246 2230 1337 2264 itaque
1357 2229 1428 2255 Deus
1440 2235 1490 2255 sua
1510 2227 1640 2261 dignitate
1654 2232 1718 2259 spo-

936 2275 1030 2301 liatum
1048 2274 1123 2309 pellit
1144 2282 1177 2301 ex
1194 2274 1338 2309 paradiso,
1358 2277 1517 2306 tantumque
1533 2279 1587 2298 non
1603 2271 1639 2297 ita
1655 2277 1718 2297 eum

937 2320 1108 2354 compellavit
1126 2328 1132 2346 :
1149 2318 1207 2346 Non
1222 2327 1273 2355 ego
1288 2319 1320 2345 ad
1344 2317 1499 2352 lmjusmodi
1513 2324 1587 2352 spem
1609 2320 1634 2343 te
1652 2322 1719 2342 con-

937 2365 1008 2397 didi;
1021 2373 1077 2392 non
1090 2365 1122 2391 ad
1134 2372 1193 2392 eam
1207 2373 1281 2399 spem
1301 2369 1328 2391 te
1341 2364 1466 2390 manibus
1478 2363 1548 2389 meis
1562 2361 1659 2391 eﬂinxi.
1674 2361 1717 2387 lu-

937 2414 994 2436 tum
1017 2410 1216 2437 transformans
1237 2410 1264 2437 in
1291 2409 1410 2437 hominis
1433 2411 1569 2434 naturam.
1590 2405 1630 2432 Tu
1653 2411 1718 2432 vero

937 2463 1017 2491 quam
1033 2463 1049 2482 a
1065 2463 1108 2483 me
1122 2455 1250 2491 accepisti
1261 2463 1381 2487 manum,
1396 2457 1491 2481 contra
1504 2453 1611 2487 jussum
1627 2457 1717 2478 meum

973 2609 1029 2645 (l5)
1039 2608 1129 2640 Colb.,
1141 2607 1203 2645 ᾖδεν
1215 2608 1244 2634 ὲν
1257 2607 1358 2645 μέλεσι,
1369 2606 1497 2645 σήμερον,
1508 2603 1575 2645 Reg.
1587 2611 1649 2645 cum
1660 2602 1718 2630 edi-

936 2639 983 2674 tis,
1000 2639 1061 2671 ἰδεῖν
1073 2645 1101 2669 ἐν
1114 2639 1221 2678 μέλεσιν
1234 2639 1540 2678 ἐπεθύμησεξξσῆμερον.
1551 2640 1633 2678 Paulo
1645 2645 1717 2673 p083,

936 2679 1010 2709 editi.
1029 2680 1074 2706 καὶ
1087 2674 1131 2705 τδν
1149 2679 1211 2713 παρ’
1223 2674 1328 2712 ἐκείνῳ,
1343 2674 1389 2703 sed
1406 2677 1431 2702 in
1443 2675 1519 2713 golb.
1537 2674 1582 2713 καί
1596 2675 1683 2713 deest.

973 2708 1027 2749 (16)
1047 2715 1084 2740 lta
1101 2714 1178 2740 Colb.
1190 2708 1271 2749 'Etliti
1294 2708 1430 2749 \7ero_cur_n
1443 2708 1717 2749 Rt-g;,_§rra1féttsvoc.

973 2744 1027 2784 (ιτ)
1047 2749 1205 2784 Παρέσχετο-
1219 2747 1336 2784 deestin
1354 2745 1438 2779 Regio
1453 2744 1659 2784 et_Colltertiuo.

973 2780 1028 2818 (lsi
1050 2780 1178 2811 Ita'Culb.
1198 2781 1225 2809 In
1242 2782 1322 2809 editis
1338 2788 1411 2813 vero,
1430 2788 1457 2806 σε
1473 2780 1559 2807 deest.
