1940 3067
225 137 294 166 1095

785 137 813 164 8.
832 135 1063 164 ATIIANASIUS.
1085 151 1119 156 -
1137 136 1273 164 SPURIA.

1769 139 1844 167 £096

225 196 381 228 extendisti,
399 195 541 231 factusque
551 203 581 223 es
591 195 691 222 diaboli
706 195 808 226 socius,
821 202 874 222 una
889 202 951 221 cum
964 194 1010 220 illo

1063 194 1202 230 παρ’ἐμοῦ
1217 196 1305 230 χεῖρα,
1321 195 1392 221 κατά
1414 196 1463 230 τῆς
1481 195 1550 231 ἐμῆς
1569 188 1703 229 ἐξέτεινας
1718 197 1845 232 ἐντολῆς,

226 243 335 270 rebellis
347 246 441 268 contra
451 242 609 268 Creatorem
621 246 707 268 tuum.
720 240 886 267 Proindeexi
895 247 910 266 a
923 239 1009 274 digni-

227 292 281 315 tate
298 292 364 314 tua:
389 287 542 314 honorabili
564 286 664 314 excede
685 287 765 314 loco:
787 290 860 312 terra
877 293 916 317 es,
932 289 958 311 et
980 285 1006 311 in

227 337 326 360 terrain
341 333 483 359 reverteris
497 340 504 357 :
517 336 651 358 revertere
674 331 707 358 ad
725 331 812 358 illam.
827 331 873 366 qui
891 338 922 357 ea
939 338 1009 357 smn-

199 372 203 378 ’
227 377 307 404 niasti
321 384 380 411 qua:
391 380 417 403 te
432 380 615 410 exsuperant;
634 377 803 410 regrediatur
819 379 916 402 natura
927 395 934 406 ,
951 377 1009 401 m'a-

226 427 295 450 trem
310 423 384 449 disce
395 425 506 453 terram,
521 425 608 448 morte
626 421 707 457 5.00
723 423 755 448 ad
776 422 847 448 illam
870 421 1008 448 remitten-

227 469 290 496 dus.
306 467 368 495 llaec
384 472 446 495 sunt
460 468 599 495 diabolicre
615 467 717 494 fraudis
729 468 848 502 praemia,
860 467 915 494 haec
932 468 1008 501 prin-

227 514 290 548 cipii
305 514 412 548 generis
426 514 511 540 nostri
528 513 651 544 scientia,
667 513 718 539 hoc
734 513 891 539 miserabile
901 513 1006 542 drama,

227 570 281 588 una
294 569 355 588 cum
372 567 468 588 natura
488 564 581 588 nostra
595 560 726 586 introivit.
751 558 803 585 Sed
824 566 878 585 non
897 558 1008 584 omnino

227 608 356 635 sustinuit
370 607 484 634 Creator
498 606 633 640 opiliciuin
650 612 729 631 suum
746 605 782 630 ita
803 604 924 630 attritum
946 611 1007 630 eer-

227 661 309 685 nere;
331 653 378 680 sed
395 652 497 686 pudore
514 655 541 678 et
564 651 637 677 luctu
654 649 778 676 alllictam
799 653 936 680 naturam,
959 655 1007 674 nec

227 707 282 726 non
300 706 377 725 suam
398 698 426 724 iu
450 697 584 724 creaturis
596 701 731 723 errantem
754 695 914 730 imaginem,
927 694 1008 721 mise-

226 749 304 772 ratus
318 749 369 770 est.
385 743 455 775 Quid
478 743 533 777 agit
556 743 639 778 ergo?
662 741 751 776 Fingit
772 742 886 768 alterutri
909 740 1007 770 Adam,

227 798 314 824 exque
332 794 444 821 natura,
463 793 568 815 natura:
591 792 734 822 patronum
757 786 902 818 excitavit;
928 790 1008 820 atque

227 840 327 864 terram
342 843 375 861 ex
389 834 496 869 Virgine
511 837 661 865 mutuatus,
680 833 804 860 cilormat
819 833 846 858 iu
868 832 958 866 scipso
973 832 1006 858 ad

228 882 360 909 veriorem
383 881 527 914 imaginem
548 887 647 906 novum
663 878 757 905 letum.
779 878 903 912 Elliugit,
929 883 1009 912 atque

228 931 328 958 manet,
342 927 493 961 stolamque
507 930 601 952 texens
617 926 645 952 in
661 930 748 954 utero.
760 924 835 959 quasi
853 924 878 950 in
892 923 1010 950 thalamo

229 973 303 1007 regio
319 972 406 998 induit
422 972 577 1006 imaginem,
591 974 620 997 ut
635 970 760 1004 imaginis
773 969 920 996 nuditatem
939 969 1011 995 vela-

228 1022 280 1046 ret.
292 1017 391 1044 Eduxit
411 1017 483 1043 enim
506 1016 582 1043 illum
601 1015 695 1042 fraude
709 1016 887 1049 potentiorem
904 1020 930 1041 et
948 1021 1011 1046 pec-

228 1068 291 1090 cato
305 1063 482 1097 superiorem,
499 1061 679 1088 immortalem
703 1061 784 1100 etiam
810 1064 870 1094 post
886 1065 1009 1091 mortem,

228 1109 443 1136 liberatoremex
460 1107 603 1142 (sepulcris,
619 1107 664 1141 qui
683 1107 709 1133 in
731 1107 857 1141 sepulcro
881 1106 952 1133 fuit:
971 1109 1012 1132 at-

228 1163 282 1190 que
293 1155 646 1188 immortalitate_eoronans
664 1153 768 1188 ipsum,
783 1152 863 1180 hodie
881 1153 908 1178 in
926 1153 1011 1178 caelos

229 1200 386 1231 transtulit,
411 1206 582 1226 communem
617 1198 846 1232 pulchritudinem
878 1198 1011 1224 creaturis

231 1245 366 1277 tribuens,
380 1243 485 1271 scilicet
498 1247 603 1270 natura:
617 1243 762 1278 primitias.

264 1347 291 1374 5.
308 1346 349 1374 An
365 1346 456 1380 igitur,
470 1345 569 1373 dixerit
584 1345 729 1380 quispiam,
747 1345 792 1380 qui
808 1349 873 1372 tunc
888 1345 927 1371 ira
938 1352 1013 1371 com-

230 1397 321 1419 motus
337 1397 394 1418 erat
410 1391 540 1423 Creator,
555 1399 617 1417 cum
638 1398 732 1418 recens
751 1391 839 1417 adhuc
861 1394 1014 1424 transgres-

231 1439 273 1466 sio
285 1441 369 1470 esset,
388 1437 531 1472 imaginem
549 1437 759 1468 exsecrabatur,
777 1441 804 1463 et
827 1445 888 1463 cum
911 1438 1014 1464 odisset

231 1485 405 1514 sententiam.
433 1483 623 1510 condemnavit
651 1487 796 1516 naturain;
824 1490 897 1510 nunc
924 1487 1013 1510 autem

1059 240 1105 267 καὶ
1120 240 1234 274 γέγονας
1251 241 1375 267 διαϐόλου
1391 241 1563 276 συμμύστης,
1576 242 1644 269 κατά
1660 242 1707 268 τοῦ
1720 242 1844 278 IIem-.05

1059 286 1509 323 συμφραξάμενος(19).Τοιγαροῦν
1522 288 1588 320 ἔξιθι
1599 289 1648 323 τῆς
1664 288 1757 321 ἀξίας·
1769 289 1847 316 ἐντί-

1059 341 1109 366 μου
1129 333 1226 368 χωρίου
1240 333 1398 368 μεθίστασο·
1413 335 1446 369 γῆ
1462 332 1495 365 εἴ,
1512 334 1559 360 καὶ
1575 335 1614 366 εἰς
1626 335 1676 369 γῆν
1691 334 1844 371 ἀπελεύσῃ.

1064 378 1230 414 Ὑπόστρεφε
1247 379 1315 415 πρὸς
1337 380 1431 415 αὐτὴν,
1449 380 1482 406 τὰ
1504 381 1574 415 ὑπὲρ
1588 381 1684 407 σαυτὸν
1702 381 1758 414 (20)
1771 390 1846 415 φαν-

1057 425 1178 456 τασθείςε
1204 426 1404 460 ἀνακαμπτέτω
1426 426 1505 452 πάλιν
1530 427 1546 461 ὴ
1572 426 1664 461 φύσις·
1695 427 1763 461 μάθε
1787 436 1847 462 μη-

1056 470 1122 506 τέρα
1137 470 1185 505 τὴν
1198 471 1259 505 γῆν,
1273 470 1378 506 θανάτῳ
1397 471 1463 506 πρὶς
1480 470 1562 506 αὐτὴν
1577 472 1844 506 παραπεμπόμενος.

1059 516 1151 542 Ταῦτα
1167 517 1215 551 τῆς
1229 516 1384 551 διαϐολικῆς
1397 517 1503 552 ἀπάτης
1513 517 1546 543 τά
1564 516 1680 543 ἔπαθλα·
1696 517 1781 543 ταῦτα
1791 517 1846 551 τῆς

1058 562 1104 588 τοῦ
1117 562 1212 596 γένους
1230 563 1317 598 ἀρχῆς
1329 562 1362 588 τὰ
1378 563 1568 598 γνωρίσματα·
1584 563 1662 589 τοῦτο
1677 563 1706 589 τὸ
1724 563 1845 589 ἐλεεινὸν

1057 607 1148 643 δρᾶμα
1176 609 1333 643 συνεισῆλθε
1350 609 1405 643 (21)
1429 610 1461 642 τῇ
1490 609 1579 643 φύσει.
1608 609 1677 635 Ἀλλ’
1702 609 1752 635 οὐκ
1776 609 1844 644 ἄχρι

1057 654 1156 685 παντὸς
1170 654 1283 688 ἦνεγκεν
1298 655 1312 680 ὁ
1327 654 1496 689 Δημιουργὸς
1513 653 1584 689 ὀρῶν
1598 653 1628 680 τὸ
1649 654 1846 689 δημιούργημα

1059 699 1277 735 σνντριϐόμενονε
1291 700 1404 735 ῷκτειρε
1414 700 1442 725 δὲ
1455 699 1615 734 αἰδουμένην
1626 699 1673 725 καὶ
1690 699 1845 725 πενθοῦσαν

1057 745 1106 780 τὴν
1121 746 1211 780 φύσιν,
1230 746 1276 772 καὶ
1288 746 1386 780 ἠλέησε
1400 746 1448 781 τὴν
1465 747 1493 772 ὲν
1512 747 1545 781 τῇ
1564 746 1648 772 κτίσει
1663 745 1845 780 πλανωμένην

1058 792 1157 817 εἰκόνα.
1176 792 1208 817 Τί
1219 791 1264 817 οὖν
1282 793 1368 824 ποιεῖς
1396 792 1511 818 Πλάττει
1534 792 1614 818 πάλιν
1633 792 1725 826 ἕτερον
1744 790 1843 826 Ἀδὰμ,

1060 839 1092 864 ἐκ
1115 839 1163 874 τῆς
1191 838 1297 872 φύσεως
1310 837 1423 873 ἐγείρων
1451 838 1604 873 προστάτην
1631 839 1663 872 τῇ
1679 837 1773 872 φύσει,
1796 837 1845 863 καὶ

1060 884 1124 919 χοῦν
1147 885 1178 910 ὲκ
1202 884 1338 919 Παρθένου
1359 883 1558 918 δανεισάμενος,
1575 884 1672 919 μορῳοῖ
1694 884 1762 918 πρὸς
1774 883 1844 918 ἀλη-

1061 929 1187 965 θεστέραν
1205 930 1296 955 εἰκόνα
1320 931 1348 956 ἐν
1371 929 1458 964 ἑαυτῷ
1473 929 1502 954 τὸ
1520 929 1700 964 πλαττόμενον
1713 929 1844 965 ἔμϐρυον.

1060 976 1174 1002 Πλάττει
1198 975 1243 1001 καὶ
1267 975 1352 1010 μένει,
1368 976 1414 1001 καὶ
1429 975 1523 1011 στολὴν
1540 975 1658 1010 ὑφαίνων
1671 975 1725 1010 (22)
1743 976 1771 1001 ἐν
1789 976 1844 1012 μή·

1060 1030 1122 1057 τρᾳ.
1145 1022 1182 1053 ώς
1202 1023 1229 1047 ὲν
1248 1022 1361 1056 θαλάμῳ
1383 1021 1511 1056 βασιλικῷ
1531 1021 1649 1048 ἐνδύεται
1668 1022 1717 1057 τὴν
1739 1022 1843 1053 εἰκόνα,

1062 1067 1103 1094 ἵνα
1118 1067 1168 1102 τῆς
1183 1068 1286 1098 εἰκόνος
1305 1066 1416 1102 περιέλῃ
1435 1067 1483 1101 τὴν
1503 1066 1651 1102 γύμνωσιν.
1667 1066 1770 1100 Ἐδειξε
1789 1067 1846 1103 γὰρ

1060 1113 1167 1147 ἀπάτης
1188 1113 1360 1148 ἰσχυρότερον
1380 1115 1425 1139 καὶ
1447 1113 1583 1148 ἁμαρτίας
1607 1112 1754 1148 ἀνώτερον,
1777 1113 1846 1140 ἀθάε

1060 1167 1138 1185 νατον
1152 1159 1198 1185 καὶ
1217 1159 1285 1193 μετὰ
1299 1159 1420 1190 θάνατον,
1438 1159 1486 1185 καὶ
1499 1159 1600 1194 λυτῆρα
1616 1159 1708 1193 τάιρων
1720 1160 1750 1185 ὲν
1765 1160 1845 1194 τάφῳ

1060 1205 1217 1239 γενόμενον·
1239 1205 1286 1231 καὶ
1300 1204 1432 1239 ἀθανασία
1449 1204 1631 1239 στεφανώσας,
1645 1205 1762 1240 σήμερον
1775 1206 1846 1240 πρὸς

1061 1249 1190 1285 οὐρανοὺς
1211 1250 1366 1285 ἀνεκόμισε,
1384 1249 1471 1276 κοινὸν
1493 1249 1704 1285 ἐγκαλλώπισμα
1726 1251 1758 1285 τῇ
1783 1250 1845 1276 κτί-

1062 1305 1103 1323 σει
1117 1297 1185 1332 (⁵2⁵5),
1202 1297 1251 1332 τὴν
1269 1298 1318 1332 τῆς
1337 1297 1444 1332 φύσεως
1460 1297 1585 1333 ἀπαρχὴν
1605 1297 1808 1332 δωρησάμενος.

1095 1343 1122 1370 '5.
1137 1341 1200 1378 Ἆρ’
1213 1342 1269 1375 οὖν,
1281 1344 1352 1369 εἴποι
1369 1352 1410 1375 τις
1428 1343 1471 1374 ἂν,
1489 1344 1526 1374 ὡς
1536 1343 1595 1369 τότε
1614 1342 1689 1378 θυμῷ
1709 1343 1757 1378 μὲν
1776 1352 1846 1378 κρα-

1061 1388 1190 1423 τούμενος
1205 1390 1218 1415 ὁ
1235 1388 1404 1424 Δημιουργδς
1416 1388 1489 1424 παρὰ
1504 1388 1587 1419 πόδας
1598 1387 1680 1423 οὖσης
1693 1389 1742 1423 τῆς
1755 1396 1846 1423 παρα-

1062 1433 1178 1466 ϐάσεως,
1203 1436 1252 1469 τὴν
1274 1434 1365 1460 εἰκόνα
1385 1434 1574 1469 βδελύττεται,
1601 1434 1646 1459 καὶ
1666 1435 1783 1469 μισήσας
1795 1435 1845 1467 τὴν

1062 1480 1174 1516 γνώμην
1189 1480 1365 1512 καταδικάζει
1380 1481 1429 1516 τὴν
1454 1481 1550 1515 φύσιν·
1567 1481 1624 1507 νυνὶ
1638 1480 1666 1506 δὲ
1687 1481 1774 1515 χρόνῳ
1797 1489 1846 1514 με-

230 1530 323 1564 elapso
348 1530 481 1562 tempore,
504 1528 627 1562 deposita
648 1527 843 1563 indignatione,
868 1527 1011 1561 animoque

1063 1526 1193 1561 ταμαθὼν
1207 1527 1256 1561 τὴν
1275 1527 1471 1561 ἀγανάκτησιν,
1489 1526 1669 1561 μαλαχθέντος
1686 1526 1732 1552 τοῦ
1747 1526 1844 1560 θυμοῦ,

231 1575 335 1606 eedalo,
350 1582 412 1601 eum
429 1573 475 1609 qui
496 1577 683 1608 transgressus
702 1574 789 1600 fuerat
812 1573 1013 1608 perhumaniter

231 1621 347 1656 accipit?
358 1620 543 1655 Nequaquam,
565 1627 652 1654 neque
667 1620 739 1646 enim
760 1619 805 1646 illa
826 1619 900 1654 prius
920 1625 1010 1654 gesta.

232 1669 289 1700 ira;
310 1675 398 1701 neque
420 1667 489 1697 lucc,
505 1666 616 1693 allectus
637 1666 801 1700 pmnitentite
824 1666 935 1700 largitus
952 1670 1012 1698 est;

231 1713 279 1740 sed
295 1713 411 1747 desuper
428 1711 586 1746 respiciens,
602 1711 647 1737 dat
662 1711 784 1738 ordinem
801 1712 893 1739 rebus.
915 1710 1013 1738 Vidcns

231 1758 305 1785 enim
337 1757 509 1784 damnatione
545 1756 642 1783 mortis
671 1760 834 1791 prostratam
867 1761 1011 1788 naturam,

231 1807 257 1830 et
291 1803 415 1829 humanis
441 1802 581 1828 doloribus
616 1806 739 1836 paratum
772 1802 927 1836 sepulcrum
967 1810 1013 1829 re-

232 1848 414 1882 ceptaculum,
428 1846 591 1881 divitiasque
606 1846 703 1873 inferni
720 1846 776 1873 fore
794 1847 932 1873 hominum
948 1855 1015 1882 pra:-

232 1893 306 1925 dam,
321 1901 353 1920 ac
368 1893 489 1927 quotidie
509 1897 623 1919 mortem
648 1894 784 1927 grassari;
811 1893 920 1920 solvens
938 1902 1013 1921 eom-

232 1939 389 1966 minationis
404 1939 489 1965 aciem
505 1937 585 1969 Deus,
598 1945 673 1973 spem
690 1939 781 1965 statim
801 1939 1014 1967 immortalitatis

232 1983 324 2018 generi
339 1983 449 2010 exhibet
465 1984 594 2021 humano,
611 1988 742 2018 raptoque
761 1991 793 2010 ex
810 1985 906 2012 mediis
927 1985 1014 2011 homi-

233 2028 315 2053 nibus
327 2026 446 2057 Enocho,
461 2030 577 2053 mortem
590 2026 729 2053 hominum
747 2031 902 2061 superatam
922 2033 1015 2054 osten-

232 2072 296 2099 dit:
317 2072 464 2106 docuitque
490 2072 631 2098 mortalem
655 2076 779 2098 naturam
802 2073 1014 2100 immortalitatis

232 2119 364 2146 terminos
381 2118 518 2152 accipere.
536 2121 617 2152 atque
638 2121 703 2144 tunc
723 2117 833 2145 edidicit
854 2118 899 2145 illa
919 2119 1013 2146 mortis

232 2171 343 2191 cursum
358 2163 506 2198 impedire:
523 2163 644 2197 iustique
655 2163 808 2195 translatio,
828 2165 923 2191 mortis
941 2165 1014 2191 cohi-

232 2209 299 2236 bitio
314 2209 374 2235 fuit.
391 2209 419 2235 ld
442 2209 470 2235 in
491 2208 581 2235 medio
596 2209 670 2235 luctu
689 2212 790 2239 actum,
809 2213 933 2236 naturam
949 2211 1013 2237 edo-

231 2253 288 2280 cuit
301 2253 465 2288 palinodiam
478 2260 585 2284 canere,
606 2260 638 2280 ac
653 2261 727 2288 spem
743 2261 851 2281 sumere
864 2255 1012 2282 meliorem.

232 2298 270 2325 Ne
280 2303 369 2326 autem
386 2300 483 2325 iterum
512 2299 590 2325 mulli
612 2300 741 2334 temporis
761 2300 892 2328 decursus
910 2309 1014 2329 memo-

232 2343 301 2370 riam
328 2344 453 2371 miraculi
477 2344 550 2372 illius
562 2344 739 2377 oblitteraret,
767 2346 879 2380 speique
902 2348 1014 2382 vestigia

232 2389 343 2420 deleret,
358 2389 440 2416 animi
454 2390 701 2417 consternationem
712 2396 822 2425 augeret
838 2399 844 2417 :
861 2400 927 2420 neve
941 2401 1014 2421 mors

233 2435 389 2462 hominibus
408 2435 564 2462 horribilior
584 2440 743 2470 appareret,
758 2437 918 2464 miraculum
935 2447 1014 2474 repe-

232 2481 275 2512 tit,
288 2480 444 2515 donumque
459 2480 590 2515 duplicat,
607 2481 746 2516 adl'uitque
764 2483 850 2509 victor
870 2483 942 2511 Elias
967 2484 1016 2511 ad-

233 2533 328 2554 versus
341 2531 454 2554 mortem
467 2531 595 2559 vocatus;
608 2527 654 2560 qui
666 2535 731 2554 voce
742 2528 829 2554 nubes
841 2536 1013 2563 percurrens,

266 2626 407 2664 (l9lReg.
428 2630 455 2654 et
465 2626 555 2659 Colb.,
578 2627 815 2663 συμφραξάμενος.
839 2628 922 2661 Edili,
943 2637 1014 2664 συμ-

234 2662 432 2698 ιορμαξάμενρς-

267 2697 321 2731 (20)
342 2697 388 2724 Sic
402 2697 468 2732 Reg.
483 2702 509 2723 et
521 2697 597 2724 Colb.
615 2697 686 2724 Editi
699 2705 773 2728 vero.
785 2698 855 2732 ὑπὲρ
870 2698 960 2725 αὐτόν.

276 2732 321 2770 gl)
342 2732 430 2770 ςοιοη
439 2731 566 2770 συνῆλθε.
580 2731 652 2760 infra
662 2732 815 2768 ideui,69g‘tv
827 2731 857 2760 τδ
866 2734 1012 2770 δημιούργ.

277 2766 322 2802 ﬁt)
341 2766 419 2802 Reg”
437 2767 586 2802 ἐμφαίνων.

265 2800 322 2838 (23)
337 2800 512 2838 italiegihet
540 2802 617 2838 ροιι).
650 2803 720 2830 Editi
745 2811 820 2834 vero,
839 2803 1014 2838 στεφανώσας

235 2835 319 2862 κοινὸν
335 2835 444 2870 ὲγκαλλζ
456 2836 524 2864 Ibid.
548 2835 625 2873 Reg.,
647 2840 680 2874 τῇ
702 2839 791 2872 φύσει,
809 2847 857 2873 pro
872 2835 903 2874 τῇ
916 2835 1012 2867 κτίσειζ

1063 1573 1108 1598 τὸν
1118 1572 1265 1608 ἠδικηκότα
1277 1572 1526 1608 φιλανθρωπεύεται
1537 1581 1543 1605 ;
1554 1572 1705 1607 Οὐμενοῡν·
1719 1571 1779 1597 οὔτε
1790 1571 1845 1607 γὰρ

1063 1619 1154 1644 ἐκεῖνα
1169 1618 1253 1653 θυμὸς
1271 1618 1342 1653 (24),
1367 1617 1428 1645 οὔτε
1451 1618 1535 1644 ταῦτα
1560 1618 1722 1652 μεταμέλεια
1743 1617 1845 1649 πάθους

1063 1666 1217 1700 χαρίζεται·
1232 1665 1289 1691 ἀλλ’
1313 1665 1415 1693 ἄνωθεν
1440 1664 1521 1700 ὀρῶν,
1545 1665 1619 1697 τάξιν
1648 1664 1773 1700 βραϐεύει
1790 1665 1846 1695 τοῖς

1063 1711 1237 1746 πράγμασιν·
1254 1711 1324 1746 ὁρῶν
1341 1711 1395 1746 γὰρ
1408 1713 1440 1747 τῇ
1455 1712 1503 1738 τοῦ
1522 1711 1636 1738 θανάτου
1653 1710 1783 1746 καταδίκῃ
1797 1709 1846 1745 τὴν

1063 1758 1143 1792 φύσιν
1169 1757 1352 1789 ὀκλάζουσαν,
1379 1757 1426 1784 καὶ
1457 1757 1511 1784 τῶν
1541 1756 1717 1792 ἀνθρωπίνων
1743 1756 1845 1782 ὠδίνων

1063 1803 1170 1838 ἕτοιμον
1194 1804 1239 1830 τὸν
1263 1804 1348 1838 τάφον
1369 1803 1499 1838 διάδοχον,
1515 1804 1561 1829 καὶ
1582 1803 1695 1829 πλοῦτον
1718 1801 1764 1828 τοῦ
1783 1802 1844 1837 ᾆδον

1064 1849 1205 1884 γινόμενον
1223 1848 1276 1875 τῶν
1292 1848 1442 1884 ἀνθρώπων
1452 1849 1501 1884 τὴν
1514 1848 1611 1883 Θήραν,
1628 1848 1674 1874 καὶ
1686 1847 1846 1883 καθημέραν

1065 1895 1179 1921 θανάτου
1199 1895 1339 1930 γινόμενον
1356 1894 1544 1930 παρανάλωμα
1561 1894 1627 1929 (25),
1649 1893 1719 1920 λύων
1735 1894 1784 1929 τὴν
1798 1894 1846 1929 τῆς

1064 1940 1178 1975 ἀπειλῆς
1203 1941 1294 1976 ἀκμὴν
1320 1940 1333 1966 ὁ
1357 1940 1440 1972 Θεὸς,
1469 1940 1564 1966 ἐλπίδα
1592 1939 1672 1971 εὐθὺς
1698 1939 1845 1970 ἀθανασίας

1063 1986 1202 2013 ἀνατέλλει
1217 1986 1255 2022 τῷ
1271 1986 1353 2020 γένει,
1367 1986 1414 2012 καὶ
1427 1986 1471 2012 τὸν
1490 1985 1573 2021 Ἑνὼχ
1595 1987 1626 2012 ἐκ
1645 1986 1733 2020 μέσων
1755 1985 1845 2020 ἀρπά-

1065 2041 1125 2063 σας,
1143 2032 1254 2058 θάνατον
1270 2031 1420 2067 ἀνθρώπων
1434 2031 1588 2066 ἡττώμενον
1603 2031 1696 2063 ἔδειξε,
1716 2031 1763 2057 καὶ
1784 2030 1847 2065 θνη-

1064 2076 1112 2110 τὴν
1123 2076 1203 2111 φύσιν
1219 2076 1355 2103 ἐδίδασκεν
1368 2077 1446 2111 ὅρους
1460 2075 1607 2107 ἀθανασίας
1618 2076 1785 2111 ἐκδέχεσθαι,
1799 2076 1846 2102 καὶ

1063 2123 1132 2155 τέως
1149 2123 1263 2150 θανάτου
1282 2123 1381 2158 δρόμον
1401 2122 1456 2158 (‘26)
1470 2122 1619 2158 ἐμάνθανεν
1644 2121 1843 2156 ἐμποδίζεσθαι·

1065 2169 1112 2196 καὶ
1124 2170 1140 2204 ἡ
1153 2168 1199 2194 τοῦ
1207 2168 1311 2194 δικαίου
1321 2167 1494 2202 μετάστασις,
1503 2167 1617 2193 θανάτου
1627 2167 1721 2197 στάσις
1732 2165 1844 2200 ἐγίνετο.

1027 2209 1150 2239 Πτοῦτο
1175 2213 1315 2248 γινόμενον
1337 2213 1366 2238 ὲν
1393 2212 1467 2247 μέσῳ
1480 2211 1582 2243 πένθει,
1608 2210 1771 2246 παλινῳδίαν
1797 2211 1845 2243 τὴν

1065 2259 1145 2293 φύσιν
1160 2258 1290 2290 ἐδίδασκε,
1307 2259 1354 2284 καὶ
1373 2260 1504 2293 χρησταῖς
1520 2257 1624 2283 ἐλπίσιν
1640 2257 1771 2283 ἀνίεσθαι.
1788 2256 1846 2282 Ἵνα

1064 2305 1093 2330 δὲ
1113 2304 1149 2340 μὴ
1164 2304 1258 2339 χρόνος
1272 2303 1351 2330 πάλιν
1366 2304 1395 2329 ἐν
1416 2303 1490 2338 μέσῳ
1505 2303 1572 2338 ῥέων
1594 2303 1676 2333 πολὺς
1689 2301 1845 2337 κατακλύσει

1064 2348 1114 2383 τὴν
1137 2349 1244 2384 μνήμην
1278 2348 1325 2374 τοῦ
1347 2348 1500 2383 θαύματος,
1522 2348 1582 2377 καὶ,
1608 2348 1641 2374 τὰ
1670 2348 1719 2382 τῆς
1741 2347 1845 2378 ἐλπίδος

1065 2396 1216 2430 ἀπαλείψας
1239 2395 1310 2431 ἴχνη,
1332 2395 1380 2431 τὴν
1401 2395 1520 2430 ἀθυμίαν
1542 2395 1656 2431 αὐξήσῃ,
1676 2395 1723 2421 καὶ
1741 2394 1819 2420 πάλιν
1832 2394 1845 2419 ὁ

1066 2442 1179 2474 θάνατος
1193 2442 1263 2468 κατὰ
1275 2442 1328 2468 τῶν
1341 2441 1490 2477 ἀνθρώπων
1505 2441 1690 2476 φοϐερώτερος
1704 2440 1844 2475 φαίνηται·

1065 2488 1247 2522 ἀναλαμϐάνει
1263 2488 1292 2514 τὺ
1303 2488 1396 2523 θαῦμα
1410 2488 1456 2514 καὶ
1469 2487 1638 2519 διπλασιάζει
1651 2487 1682 2513 τὸ
1696 2487 1792 2522 δῶρον,
1801 2487 1846 2513 καὶ

1066 2531 1155 2567 παρῆν
1169 2532 1259 2564 Ἠλίας
1275 2533 1388 2568 νικητὴς
1401 2532 1471 2559 κατὰ
1480 2532 1527 2559 τοῦ
1543 2532 1656 2559 Θανάτου
1668 2531 1845 2566 καλούμενος·

1101 2631 1156 2666 (24)
1176 2631 1265 2661 Colb..
1277 2632 1424 2667 Οὐμενοῦν,
1434 2631 1495 2658 οὒτε
1509 2632 1563 2667 γὰρ
1575 2633 1666 2659 ὲκεῖνα
1681 2631 1769 2667 θυμῷ,
1780 2631 1845 2667 Reg.

1064 2674 1139 2703 uero,
1153 2667 1300 2703 Οὑμενορψ
1315 2666 1378 2703 οὒτε
1392 2667 1446 2699 1L0
1461 2666 1552 2694 ἐκεῖνα
1566 2667 1660 2702 θυμός.
1678 2666 1763 2694 Paulo
1776 2666 1845 2703 posi,

1064 2701 1153 2734 Colb.,
1163 2701 1237 2734 τάξει
1254 2701 1380 2737 βραϐεύει

1066 2747 1155 2809 1295)
1176 2747 1225 2774 Hic
1241 2748 1318 2775 locus
1330 2749 1430 2777 citatur
1447 2756 1461 2775 a
1480 2748 1610 2776 Michaele
1628 2748 1712 2784 Glyca
1730 2749 1761 2784 p.‘
1775 2748 1809 2776 89
1820 2752 1846 2776 et

1101 2828 1155 2863 ('20)
1176 2828 1361 2863 Colbertinus,
1370 2828 1495 2864 δρίμους.
1507 2828 1585 2864 Reg.,
1597 2828 1706 2865 δρόμος.
