1940 3067
98 91 171 119 1097

577 93 691 120 SERMO
710 94 742 120 IN
762 93 1029 124 ASSUMPTlONEM
1049 97 1174 126 DOMINL

1645 101 1712 129 1098

97 151 147 182 ὃς,
176 153 252 187 φωνῇ
279 151 328 183 τὰς
345 152 460 192 νεφέλας
486 153 665 188 ὑποδραμὼν,
689 154 795 189 οὐρανῷ
820 156 873 189 περ

933 157 1002 183 ccelo
1016 157 1207 186 interminatus
1221 163 1264 187 est
1276 168 1310 187 ne
1322 160 1435 195 plueret,
1448 166 1529 195 atque
1539 161 1620 196 ligata
1633 162 1715 189 verbo

96 196 231 231 ἀϐροχίας
255 197 405 233 ἠπείλησε,
427 199 472 224 καὶ
496 199 595 234 ῥήματι
618 200 699 234 δήσας
722 199 770 234 τὴν
794 200 882 226 κτίσιν

97 242 208 276 ἡνίοχος
233 241 287 268 τῶν
300 241 447 277 ’στοιχείων
464 244 581 277 ἐγένετο,
605 244 710 280 γλώττῃ
727 246 812 279 μικρᾷ
826 245 880 279 (27)

96 288 150 321 τῆς
170 286 283 318 κτίσεως
302 288 443 319 συστείλας
462 289 525 319 τοὺς
547 290 650 321 οἴακας.
667 291 732 316 Τότε
758 291 788 316 τὸ
810 290 882 325 μέγα

98 333 194 368 θαῦμα
213 333 366 365 δείκνυται,
384 333 527 369 ἄνθρωπον
544 336 656 370 οὐρανὸς
674 336 880 371 αἰσχυνόμενος·

98 378 144 405 ἵνα
156 379 208 414 γὰρ
223 378 260 413 μὴ
272 379 301 405 τὺ
312 379 357 405 τοῦ
371 380 465 414 ἀνδρὸς
478 380 583 412 εὐτελὲς
598 381 735 416 ὑποκλέψῃ
749 382 798 416 τῆς
811 381 880 408 κατὰ

95 423 147 450 τοῦ
172 423 287 450 θανάτου
306 424 384 458 νίκης
408 424 457 460 τὴν
480 425 614 460 αἴσθησιν,
639 425 775 461 γνώριμον
801 427 880 452 αὑτὸν

96 469 209 504 πρῶτον
224 471 256 504 τῇ
285 469 340 504 (28)
363 470 449 496 κτίσει
472 472 546 506 πάσῃ
570 472 728 507 προτίθησι,
758 473 804 498 καὶ
821 472 879 499 τότε

95 515 186 549 πυρὸς
203 515 320 550 ὀχήματι
335 515 429 548 ἐπιϐὰς
448 517 589 551 παραδόξῳ
608 518 705 553 πτήσει
725 518 771 544 καὶ
789 518 880 553 δρόμῳ

95 562 175 588 κάτω
202 561 399 596 καταλιμπάνει
421 561 465 588 τὸν
486 562 614 589 θάνατον·
630 564 676 589 καὶ
693 563 818 590 ἀλλάσσει
835 565 880 590 τὸν

94 607 181 642 νόμον
206 608 253 642 τῆς
273 607 379 641 φύσεως
404 607 497 642 ἠὰξία
515 609 564 644 τῆς
587 609 706 644 χάριτος.
731 609 878 645 Ἀνελήφθη

93 654 152 689 γὰρ
173 653 265 685 Ἠλίας
286 654 324 685 ὡς
350 655 389 685 είς
412 654 456 680 τὸν
478 655 604 689 οὐρανὸν,
630 656 677 682 καὶ
706 657 841 692 κέκραγεν
865 658 879 692 ἡ

94 700 192 735 Γραφὴ
205 700 236 725 τὸ
249 699 350 735 θαῦμα,
368 701 423 732 τοῖς
443 700 513 731 ὅλοις
536 701 615 727 αἰὼσι
637 702 669 736 τῇ
692 702 766 736 φωνῇ
788 710 878 736 παρα-

91 746 130 772 νπέ
135 754 208 781 μπου
212 754 256 772 σα.

131 791 159 818 4.
178 792 213 818 Σὺ
228 792 257 818 δέ
280 801 323 827 μοι
348 792 454 824 λοιπὸν,
479 793 612 828 ἀγαπητὲ,
635 793 683 827 τῆς
708 793 804 825 λέξεως
829 793 877 829 τὴν

91 837 238 873 ἀκρίϐειαν
262 837 411 873 σκὸπησον·
429 837 475 864 καὶ
505 839 541 873 μή
561 847 590 864 σε
611 838 723 874 διαλάθῃ
744 839 876 874 συλλαϐῆς

92 883 234 919 γραφικῆς
250 884 392 919 περιουσία
415 884 461 910 καὶ
475 883 602 918 δύναμις·
625 884 692 920 μηδὲ
715 886 748 919 τῇ
767 885 816 919 τῆς
832 885 875 911 λέ-

93 929 164 962 ξεως
183 929 343 965 παραδρομῇ
368 929 407 964 τῷ
421 930 537 966 δεσπότῃ
560 930 606 957 τὸν
629 930 738 965 οἰκέτην
763 930 876 966 νομίσῃς

90 976 230 1009 ἰσότιμον·
257 975 287 1003 οὐ
314 975 368 1011 γὰρ
395 977 434 1007 εἰς
456 975 568 1011 οὐρανὸν
595 975 686 1007 Ἠλίας
715 975 874 1011 ἀνέρχεται,

92 1020 165 1051 οὐδὲ,
181 1019 334 1055 διαδραμὼν
357 1020 388 1045 τὸ
407 1020 560 1056 στερέωμα,
577 1022 632 1051 τοῖς
657 1021 745 1046 ἐκεῖσε
767 1021 875 1056 χωρίοις

91 1066 250 1098 adligetur
268 1065 324 1092 ἀλλ’
337 1060 465 1097 ἄκουσον,
481 1065 506 1092 τί
526 1074 607 1100 φησιν
627 1067 640 1092 ὁ
663 1066 783 1100 ἀνάγων·
802 1075 811 1091 ι
833 1067 875 1093 Ἐν

91 1112 122 1138 δὲ
136 1112 173 1147 τῷ
191 1112 301 1146 ἀνάγειν
321 1112 420 1148 Κύριον
440 1112 484 1139 τὸν
504 1112 605 1144 Ἠλίαν,
623 1113 660 1144 ὡς
681 1113 719 1144 είς
736 1113 780 1139 τὸν
796 1113 876 1148 οὐρα-

93 1157 156 1183 νόν⁴
176 1166 185 1182 ι
200 1158 246 1183 καὶ
260 1157 339 1183 πάλιν
355 1157 440 1193 μικρὰ
451 1157 524 1189 λέξις
535 1166 541 1173 ·
558 1166 567 1182 ι
585 1158 701 1193 Ἔστησε
721 1158 765 1185 τὸν
783 1158 876 1185 Ἠλίαν

92 1203 163 1238 πρὸς
172 1203 205 1229 τὰ
216 1204 271 1230 ἄνω
284 1204 440 1240 φερόμενον*
450 1205 540 1239 ’Λρκεῖ
549 1203 602 1239 γὰρ
612 1203 650 1238 τῷ
662 1205 785 1240 προφήτῃ
796 1213 876 1240 τιμηο

93 1247 175 1281 θῆναι
185 1247 224 1282 τῷ
233 1247 318 1282 τύπῳ.
328 1248 384 1283 Πρὸ
397 1248 450 1283 γὰρ
460 1248 506 1273 τοῦ
518 1247 647 1274 δεσπότου
658 1248 703 1274 τὸν
715 1249 821 1284 οἰκέτην
831 1249 876 1275 οὑ-

93 1292 176 1327 ρανὸς
185 1293 233 1328 οὐχ
244 1293 399 1328 ὑποδέχεται
407 1302 414 1309 ·
427 1303 435 1318 ι
447 1293 532 1324 οὐδεὶς
541 1293 594 1328 γὰρ
603 1294 771 1329 ἀναϐέϐηκεν
781 1296 820 1327 εἰς
830 1295 876 1322 τὸν

92 1338 207 1373 οὐρανὸν
220 1339 244 1364 εί
259 1338 319 1373 μὴὸ
337 1340 369 1365 ἐκ
382 1339 428 1365 τοῦ
444 1338 558 1375 οὐρανοῦ
573 1340 704 1372 καταΰὲις,
719 1341 734 1366 ὁ
749 1340 812 1372 Υίὸς
828 1340 875 1368 τοῦ

93 1383 248 1421 ἀνθρώπου,
262 1386 275 1411 ὁ
288 1384 325 1411 ὢν
336 1387 363 1411 ἐν
379 1385 417 1421 τῷ
433 1386 547 1422 οὐρανῷ.
569 1397 577 1413 ι
605 1388 741 1423 Ἐτηρεῖτο
764 1388 818 1424 γὰρ
841 1390 874 1424 τῇ

92 1430 147 1456 τῶν
163 1431 312 1466 ἀνθρώπων
327 1432 435 1468 ἀπαρχῇ
448 1433 491 1460 διὰ
505 1433 550 1460 τὸν
563 1434 617 1460 τῶν
634 1434 785 1471 ἀνθρώπων
798 1444 875 1470 ποιη-

934 209 1024 229 rerum
1040 207 1147 236 natura,
1163 206 1256 239 auriga
1269 205 1463 233 elementorum
1482 206 1568 233 factus
1587 209 1642 238 est.
1653 214 1716 236 conr-

932 249 1026 275 tractis
1043 255 1124 282 parva
1139 257 1187 276 sua
1201 250 1290 285 lingua
1305 255 1490 278 creaturarum
1511 251 1713 285 gubernaculis.

933 292 1000 319 Tum
1017 295 1117 328 grande
1131 295 1275 322 exhibetur
1292 296 1452 324 miraculum
1462 316 1469 329 ,
1484 297 1582 324 coelum
1604 305 1714 325 revere-

932 341 977 364 tur
999 339 1154 366 hominem:
1172 348 1232 367 nam
1257 349 1290 368 ne
1316 342 1434 369 hominis
1460 343 1578 370 tenuitas
1601 351 1711 371 Sensum

931 383 1053 411 victoriae
1079 385 1112 412 de
1138 389 1223 412 morte
1251 390 1393 420 reportata:
1427 386 1621 419 suﬂ‘uraretur,
1649 395 1711 414 eum

932 429 1020 463 primo
1050 431 1183 457 creaturis
1203 431 1330 458 omnibus
1356 436 1449 458 notum
1475 432 1578 464 reddit,
1598 440 1630 459 ac
1653 437 1711 459 tum

932 474 977 502 ille
996 475 1110 509 ignitum
1131 476 1318 503 conscendens
1342 483 1464 509 currum,
1488 477 1603 504 mirabili
1621 479 1712 505 volatu

929 525 957 547 et
968 528 1062 552 cursu,
1085 525 1198 547 mortem
1225 521 1294 547 infra
1319 522 1445 556 relinquit
1461 543 1468 555 ,
1500 526 1639 557 mutatque
1662 531 1712 550 na-

932 571 999 593 turae
1013 566 1098 601 legem
1113 567 1230 601 dignitas
1246 568 1347 602 gratiae.
1361 567 1523 602 Assumptus
1542 576 1658 604 namque
1671 573 1713 597 est

931 611 1022 639 Helias
1048 612 1126 646 quasi
1154 612 1182 638 in
1209 613 1318 644 coelum,
1337 611 1531 648 Scripturaque
1551 614 1713 641 miraculum

931 657 1118 691 proclamavit,
1137 658 1263 685 omnibus
1283 659 1371 693 ipsum
1393 659 1500 686 seculis
1519 667 1584 687 voce
1607 660 1713 695 signiﬁ-

930 709 1008 730 cans.

965 789 992 817 4.
1010 789 1069 817 1am
1083 795 1112 818 tu
1130 791 1195 819 mihi
1207 813 1214 824 ,
1232 791 1345 825 dilecte,
1365 793 1439 820 vocis
1455 793 1654 820 accurationem
1673 797 1712 819 at-

929 837 1019 870 tende,
1035 845 1086 865 nec
1107 838 1155 865 tibi
1183 839 1283 866 lateant
1308 839 1451 874 descriptae
1477 840 1586 875 syllabae
1613 840 1714 867 divitiae

928 886 1009 917 atque
1029 883 1142 910 virtus:
1171 891 1259 918 neque
1288 884 1435 911 dictionem
1463 885 1714 922 prmtercurrendo'

927 927 1041 956 Domino
1057 936 1165 956 servum
1183 929 1285 956 honore
1295 937 1387 965 parem
1400 930 1549 958 existimes.
1564 929 1622 957 Non
1636 931 1709 958 enim

927 974 954 1001 in
970 974 1069 1002 caelum
1085 975 1175 1003 Helias
1190 976 1322 1008 ascendit,
1340 984 1425 1010 neque
1437 976 1634 1004 firmamentum
1647 985 1709 1011 prr-

926 1020 1027 1047 vadens
1041 1021 1074 1048 iis
1090 1021 1115 1047 in
1130 1021 1197 1049 locis
1209 1021 1330 1055 habitat;
1347 1021 1394 1049 sed
1408 1021 1471 1048 audi
1488 1021 1552 1057 quid
1569 1023 1650 1054 dicat,
1663 1023 1710 1057 qui

926 1075 1036 1095 sursum
1055 1068 1109 1103 agit
1129 1067 1225 1095 illum:
1245 1078 1253 1093 ‹
1276 1067 1343 1095 Cum
1367 1071 1457 1094 autem
1481 1068 1599 1095 elevaret
1620 1067 1711 1094 Domi-

926 1122 979 1142 nus
1005 1113 1123 1143 Heliam.
1139 1114 1217 1148 quasi
1237 1114 1264 1141 in
1274 1114 1373 1141 crelum
1391 1114 1436 1140 ⁸ος
1457 1123 1466 1140 ι
1482 1119 1509 1141 et
1528 1121 1638 1141 rursum
1654 1114 1711 1141 haec

926 1166 1038 1194 pauca:
1059 1168 1069 1184 ι
1092 1159 1192 1186 Statuit
1222 1159 1323 1189 lleliam
1350 1159 1376 1185 in
1405 1159 1488 1185 altum
1508 1162 1631 1186 evectum
1645 1158 1677 1185 λι.
1698 1168 1708 1184 ι

927 1203 1031 1230 Sufﬁcit
1045 1203 1116 1230 enim
1139 1203 1280 1238 Propheta:
1296 1208 1325 1230 ut
1344 1203 1427 1238 figura
1442 1204 1599 1231 honoretur.
1618 1202 1711 1238 Siqui-

926 1249 986 1277 dem
1001 1250 1100 1277 caalum
1115 1257 1170 1277 non
1191 1250 1308 1276 admittit
1327 1257 1433 1276 srrvum
1460 1255 1521 1276 ante
1546 1249 1709 1277 Dominum:

925 1304 988 1324 nam
999 1317 1007 1330 ,
1022 1306 1032 1322 ι
1047 1304 1128 1324 nemo
1145 1296 1266 1324 ascendit
1281 1297 1307 1323 in
1328 1296 1438 1328 cmlum,
1454 1297 1505 1324 nisi
1522 1297 1568 1331 qui
1594 1297 1627 1324 de
1642 1296 1711 1324 coelo

926 1344 1066 1372 descendit
1085 1343 1170 1371 Filius
1185 1343 1263 1379 40],
1278 1343 1405 1375 hominis.
1419 1343 1464 1377 qui
1481 1347 1523 1370 est
1538 1343 1564 1370 in
1577 1343 1681 1370 coelo".
1698 1352 1707 1367 ι

926 1387 1126 1415 Reservabatur
1142 1389 1213 1415 enim
1228 1388 1326 1415 cretum
1342 1388 1482 1414 hominum
1504 1388 1631 1422 primitiis
1646 1395 1710 1422 pro.

926 1437 986 1468 pter
1009 1434 1149 1460 hominum
1177 1433 1357 1461 conditorem.
1381 1431 1474 1467 Itaque
1497 1432 1567 1460 Deus
1585 1434 1709 1467 exemplo

92 1476 300 1512 τῆνὸοὐρανύς.
326 1478 402 1504 Οὕτω
428 1479 477 1514 μὲν
495 1477 542 1506 οὗν
563 1482 619 1512 τοῖς
636 1481 699 1515 περὶ
725 1481 769 1506 τὸν
792 1481 873 1516 Ἑνὼχ

927 1477 1030 1506 Enochi
1061 1482 1088 1505 et
1115 1477 1179 1504 Elia:
1213 1477 1283 1504 bona
1311 1485 1359 1512 spe
1387 1477 1508 1505 homines
1536 1478 1707 1509 exhilaravit,

92 1524 140 1550 καὶ
160 1524 276 1550 Ἠλίανὸ
293 1524 358 1556 Θεὸς
377 1525 463 1560 ἀγαθῇ
480 1526 563 1552 ἐλπίδι
582 1526 718 1561 εὐφράνας
741 1527 807 1557 τοὺς
828 1527 874 1553 ἀν-

91 1568 228 1604 θρώπους,
248 1569 280 1595 δι’
296 1566 333 1596 ὧν
357 1569 508 1605 ἀνθρώποις
529 1569 587 1597 οὖσι
600 1571 644 1596 τὸν
663 1571 709 1597 τοῦ
724 1570 803 1606 ἀέρος
814 1571 875 1606 δρό-

94 1624 144 1649 μον
158 1615 306 1651 ἱππήλατον
318 1616 452 1650 ἥπλωσεν.
480 1617 516 1643 Ub
548 1626 600 1652 μην
626 1618 690 1653 ἄχρι
717 1626 748 1651 γε
772 1618 874 1644 τούτων

92 1661 189 1696 ἔστησε
202 1663 255 1688 τῶν
271 1662 341 1689 ὑπὲρ
355 1662 402 1697 τὴν
417 1663 496 1696 φύσιν
514 1663 562 1698 τὴν
575 1663 664 1690 πίστιν
673 1672 680 1678 θ
694 1663 761 1690 ἀλλὰ
774 1664 820 1690 καλ⁵
830 1664 874 1691 διὰ

90 1707 143 1742 τῆς
155 1707 314 1743 καθημέραν
329 1708 443 1743 θεωρίας
460 1708 556 1739 ἐθάδας
572 1708 698 1743 γενέσθαι
718 1718 874 1745 παρασκευ-

92 1753 150 1786 άζει
162 1753 208 1780 τοῦ
221 1753 365 1789 θαύματος.
375 1753 407 1779 Τί
417 1753 470 1788 γὰρ
481 1755 566 1786 ποιεῖς
578 1754 744 1790 Προστάττει
756 1755 801 1781 τὸν
813 1764 874 1790 συγ-

92 1799 201 1834 γραφέα
216 1799 316 1826 Μωσέα
326 1800 515 1835 εὶκονογράφον
534 1799 582 1834 τῆς
599 1800 713 1832 κτίσεως
727 1800 852 1834 γενέσθαι
863 1809 870 1816 ·

86 1845 140 1881 3ιαὶ
155 1845 198 1871 διὰ
213 1845 314 1880 σκηνῆς
330 1844 496 1880 μιμήσασθαι
509 1846 554 1871 τὸν
564 1846 677 1880 ποιητὴν
690 1846 870 1880 ὲγκελεύεται·

92 1890 145 1924 γῆς
159 1891 207 1925 μὲν
225 1890 336 1925 μίμημα
351 1891 397 1917 καὶ
420 1891 473 1917 τῶν
490 1892 518 1917 ἐν
535 1893 567 1926 τῇ
595 1893 628 1927 γῇ
649 1893 678 1918 τὸ
704 1893 753 1927 τῆς
772 1893 874 1927 σκηνῆς

92 1935 236 1970 πρόσωπον
252 1935 434 1971 θεωρούμενον
445 1944 451 1950 “
467 1936 500 1962 τὰ
515 1936 543 1962 δὲ
557 1936 606 1971 τῆς
625 1937 726 1972 σκηνῆς
744 1937 873 1973 ἐνδοτέρω

90 1981 254 2015 διατειχίσας
279 1981 504 2016 παραπετάσματι
525 1981 686 2016 (ἀνθρώποις
701 1982 873 2016 [καταλείψας

91 2025 203 2052 ἀθέατον
219 2025 333 2060 οὐρανοῦ
346 2034 406 2052 τινα
417 2024 517 2060 τάξιν),
528 2025 566 2061 τῷ
579 2026 615 2061 μὴ
632 2027 784 2062 φαινομένῳ
794 2027 871 2062 μέρει

91 2071 240 2106 χαρίζεται.
263 2070 332 2097 Ἀλλ’
357 2070 442 2102 οὕτως
460 2071 574 2107 οὐρανοῦ
600 2072 647 2098 καὶ
675 2072 726 2106 γῆς
747 2071 790 2098 διὰ
819 2072 872 2098 τῶν

93 2117 238 2152 σχημάτων
249 2116 430 2151 νομοθετήσας
454 2116 502 2151 τὴν
531 2116 656 2152 μίμησιν,
677 2117 710 2144 τὰ
732 2118 761 2143 ὲν
783 2117 872 2153 ἀδύτῳ

89 2162 177 2189 ἄὸατα
192 2162 271 2188 πάλιν
286 2161 437 2197 ἀνθρώποις
454 2160 523 2188 εἶναι
540 2161 662 2197 θελήσας,
674 2163 745 2197 μόνῳ
754 2163 791 2198 τῷ
805 2152 872 2199 ἀρχέ
887 2152 908 2178 D

92 2207 255 2242 ιερατεύοντι
273 2208 326 2233 τῶν
346 2208 507 2243 ἀπορρήτων
525 2207 626 2241 ἀνοίγει
642 2207 690 2243 τὴν
699 2208 810 2238 εἴσοδον,
822 2209 870 2244 τῆς

88 2254 129 2284 εἰς
143 2253 253 2287 οὐρανὸν
266 2253 357 2279 ἀνόδου
382 2253 429 2287 τὴν
444 2252 489 2278 τοῦ
514 2253 573 2279 τότε
596 2253 744 2288 ἀρχιερέως
770 2253 870 2280 εἴσοδον

89 2298 209 2329 τυπικῶς
225 2298 420 2333 ἐργαζόμενος·
441 2298 494 2329 ἵνα,
516 2298 632 2332 ὁρῶντες
644 2299 668 2324 οἱ
691 2299 750 2324 τότε
768 2299 812 2325 τὸν
829 2299 870 2324 οὺ-

89 2344 169 2379 ρανδν
186 2344 212 2370 ἐν
228 2345 305 2378 τύπῳ
319 2344 537 2378 διατεμνόμενον,
554 2344 600 2369 καὶ
613 2344 657 2369 τὸν
670 2344 800 2379 ἀρχιερέα
822 2344 869 2378 μό-

88 2398 132 2415 νον
144 2389 198 2415 τῶν
209 2389 315 2415 ἁῦἀτων
330 2389 548 2423 κατατολμῶντα,
567 2389 747 2424 προεθισθῶσι
758 2391 789 2424 τῇ
809 2389 867 2425 θέᾳ,

87 2434 133 2461 καὶ
152 2435 188 2469 μὴ
202 2433 338 2469 πολεμῶσι
355 2436 411 2466 τοῖς
428 2434 559 2469 θαύμασι.
583 2435 690 2461 Τούτων
709 2435 867 2470 ὑπομιμνή-

87 2489 160 2506 σκων
185 2480 319 2511 Ἰουδαίοις
331 2481 344 2506 ὀ
360 2480 464 2511 Παῦλος
485 2480 499 2505 ὁ
511 2480 560 2514 τῆς
576 2480 736 2515 οἰκουμένης
757 2480 866 2506 παιδευ-

86 2525 143 2559 τὴς,
160 2524 226 2551 ἐϐόα
236 2524 273 2559 τῷ
287 2526 448 2560 γράμματι·
467 2535 475 2550 ι
497 2526 543 2556 Εἰς
556 2526 604 2560 μὲν
616 2525 663 2560 τὴν
678 2525 788 2560 πρώτην
804 2533 867 2559 σκη-

85 2571 133 2605 νὴν
147 2570 192 2597 διὰ
207 2571 305 2602 παντὸς
321 2571 433 2597 είσίασιν
446 2572 470 2597 οἱ
482 2573 564 2607 ἱερεῖς
579 2571 626 2602 τὰς
636 2571 762 2606 λατρείας
774 2573 866 2597 ἐπιτε-

85 2616 192 2647 λοῦντες
204 2624 210 2630 ·
235 2617 273 2647 είς
294 2616 322 2641 δὲ
340 2616 390 2651 τὴν
410 2616 538 2651 δευτέραν
564 2616 638 2648 ἅπαξ
655 2616 702 2642 τοῦ
724 2616 845 2642 ἐνιαυτοῦ
857 2636 864 2647 ,

120 2693 142 2708 ⁸ο
162 2691 195 2719 lV
215 2691 279 2728 Reg.
296 2701 332 2721 ll.
349 2693 375 2720 1.
414 2692 435 2708 “
456 2693 521 2720 ibid.
540 2693 582 2719 il.
620 2692 642 2708 "‘
661 2692 738 2719 Joan.
758 2700 805 2725 in,
824 2693 868 2720 i5.

120 2749 174 2784 (27)
196 2749 233 2776 lta
253 2749 353 2784 Regius
369 2754 395 2776 et
410 2749 581 2777 Colbertiuus
596 2750 698 2777 rectius
710 2757 789 2785 quam
804 2750 861 2777 edi-

85 2785 116 2817 ti,
137 2793 182 2819 qut
200 2785 309 2815 habent,
324 2785 337 2810 ὁ
354 2786 455 2820 μακρᾷ.

282 2831 415 2860 ΡΑτιιοι..
437 2832 495 2861 Gn.
514 2830 658 2860 XXVlll.

926 1524 990 1558 quia
1009 1523 1132 1551 homines
1145 1529 1205 1550 cum
1225 1526 1333 1556 essent,
1357 1523 1410 1550 illis
1425 1522 1495 1550 aeris
1515 1530 1625 1549 cursum
1648 1530 1710 1556 per-

925 1571 998 1597 vium
1013 1570 1138 1598 reddidit.
1161 1568 1252 1603 Neque
1268 1572 1358 1596 tamen
1377 1577 1410 1596 eo
1432 1568 1566 1600 constitit,
1580 1572 1608 1594 ut
1628 1568 1708 1595 ﬁdem

925 1615 1002 1642 daret
1017 1615 1050 1642 iis
1061 1623 1121 1650 quae
1136 1619 1200 1643 sunt
1216 1622 1298 1649 supra
1321 1618 1456 1646 naturam,
1484 1614 1530 1641 sed
1548 1614 1708 1648 quotidiano

925 1663 1038 1694 aspectu
1058 1660 1179 1686 homines
1198 1659 1331 1686 miraculo
1351 1666 1507 1686 assuescere
1526 1663 1612 1693 parat.
1637 1658 1708 1692 Quid

924 1705 996 1732 enim
1010 1704 1174 1740 agit?Jubet
1189 1705 1349 1739 scriptorem
1375 1704 1467 1731 Mosen
1493 1703 1638 1739 imaginem
1663 1712 1707 1732 τες

925 1759 985 1778 rum
999 1755 1152 1778 creatarum
1164 1751 1319 1786 depingere,
1330 1755 1357 1778 ct
1367 1758 1414 1785 per
1427 1750 1628 1777 tabernaculum
1645 1750 1707 1777 imi-

924 1797 976 1824 tari
985 1796 1157 1830 Creatorem;
1175 1797 1210 1823 ita
1228 1800 1257 1823 ut
1272 1799 1351 1823 terrae
1364 1795 1472 1830 quidem
1488 1802 1519 1822 ac
1535 1800 1706 1823 terrenorum

924 1841 1025 1876 efﬁgies
1045 1841 1081 1868 sit
1101 1841 1266 1868 tabernaculi
1290 1840 1396 1868 facies:
1426 1840 1555 1867 interiora
1577 1848 1642 1868 vero
1664 1846 1706 1867 ta-

923 1884 1075 1916 bernaculi,
1090 1884 1157 1912 velis
1169 1885 1286 1912 obducta
1304 1885 1470 1919 (hominibus
1485 1886 1546 1912 coeli
1561 1885 1705 1920 quemdam

924 1931 1044 1958 ordinem
1060 1932 1197 1958 occultum
1217 1931 1383 1967 relinquens)
1400 1933 1469 1966 parti
1492 1932 1552 1959 coeli
1577 1940 1637 1967 qua:
1651 1940 1706 1960 non

924 1981 1034 2012 apparet
1048 1977 1180 2004 attribuit.
1198 1978 1285 2012 Atque
1308 1977 1348 2004 sic
1370 1978 1432 2005 caeli
1457 1982 1590 2013 terraeque
1610 1979 1707 2014 imagi-

923 2030 984 2049 nem
1003 2022 1095 2057 ﬁguris
1107 2022 1262 2050 adumbrari
1277 2023 1385 2057 jubens,
1400 2027 1480 2057 atque
1495 2024 1589 2050 volens
1603 2027 1632 2049 ut
1646 2030 1706 2057 quae

924 2069 951 2095 in
966 2069 1046 2103 adyto
1073 2072 1152 2096 erant
1177 2069 1333 2096 hominibus
1362 2069 1502 2097 inaccessa
1526 2073 1627 2102 essent,
1653 2071 1705 2096 soli

924 2114 1043 2149 pontiﬁci
1056 2120 1222 2142 secretorum
1239 2115 1324 2149 aperit
1343 2115 1495 2149 ingressum
1511 2124 1516 2141 :
1536 2115 1630 2149 sicque
1648 2113 1705 2140 efﬁ-

923 2161 959 2187 cit
978 2165 1008 2186 ut
1029 2161 1168 2195 ingressus
1192 2160 1327 2195 pontificis
1348 2167 1479 2187 ascensus
1500 2160 1526 2187 in
1553 2161 1651 2187 caelum
1668 2159 1704 2187 sit

922 2207 1024 2240 ﬁgura;
1050 2209 1079 2232 ut
1103 2209 1169 2232 tunc
1196 2206 1286 2240 populi
1310 2206 1409 2233 malum
1429 2205 1552 2232 videntes
1577 2206 1604 2232 in
1619 2205 1703 2240 figura

921 2257 1055 2286 apertum,
1072 2255 1098 2278 et
1115 2252 1202 2279 solum
1228 2251 1382 2286 pontificem
1401 2250 1435 2277 ad
1458 2250 1597 2278 inaccessa
1623 2258 1705 2284 pene-

920 2302 993 2325 trare
1017 2298 1173 2329 audentem,
1203 2297 1359 2331 spectaculo
1386 2295 1581 2327 assueﬁerent,
1616 2303 1705 2330 neque

921 2344 1059 2370 miraculis
1074 2346 1266 2378 repugnarent.
1281 2342 1342 2369 llaec
1362 2341 1463 2369 Iudaeis
1486 2348 1703 2368 commemorans

921 2388 1020 2416 Paulus
1034 2389 1129 2415 doctor
1143 2388 1227 2419 orbis,
1247 2389 1346 2422 scripto
1367 2388 1519 2414 exclamat:
1540 2395 1550 2412 ι
1571 2386 1599 2413 ln
1618 2387 1703 2420 priori

920 2435 1028 2470 quidem
1047 2435 1221 2462 tabernaculo
1235 2442 1339 2468 semper
1360 2433 1509 2460 introibant
1532 2431 1702 2462 sacerdotes,

921 2479 1115 2506 sacriﬁciorum
1142 2479 1231 2506 ofﬁcia
1257 2482 1499 2506 consummantes:
1528 2478 1555 2504 in
1583 2477 1703 2504 secundo

920 2530 1010 2552 autem
1026 2524 1108 2552 semel
1125 2525 1152 2552 in
1165 2533 1236 2552 anno
1251 2526 1325 2552 solus
1341 2523 1473 2559 pontifex,
1491 2530 1546 2550 non
1562 2523 1621 2550 sine
1637 2529 1702 2550 san-

919 2570 1010 2604 guine,
1027 2577 1106 2604 quem
1122 2570 1201 2597 oll‘ert
1216 2577 1264 2604 pro
1279 2577 1328 2596 sua
1341 2574 1368 2596 et
1389 2576 1441 2604 pro
1462 2568 1553 2603 populi
1575 2568 1702 2601 ignoran-

918 2617 966 2643 tia.
985 2616 1111 2644 Cbristus
1130 2621 1219 2643 autem
1243 2615 1390 2642 adveniens
1407 2613 1530 2649 pontifex
1547 2611 1702 2639 futurorum

951 2748 1005 2781 (98)
1025 2748 1126 2784 Regius
1156 2752 1183 2776 et
1208 2747 1284 2775 Colb.
1316 2745 1423 2781 πρῶτον
1453 2746 1509 2776 τοῖς
1533 2745 1598 2780 περὶ
1622 2744 1703 2772 αὑτὸν

938 2786 963 2809 ἦ.
978 2789 1028 2809 etc.
1578 2784 1586 2793 '

920 2793 963 2815 τῃ,
978 2792 1028 2810 etc.

936 2794 963 2819 ῃ,
978 2794 1028 2810 etc.

1529 2826 1565 2857 35
