1926 3067
273 114 284 141 ι
289 113 342 141 099

848 113 877 141 S.
898 113 1126 142 ATHANASIUS.
1148 130 1183 135 —
1203 113 1340 142 SPURIA.

1808 113 1872 141 “00

272 176 417 208 bonorum,
433 184 481 213 per
493 176 608 211 amplius
621 180 647 203 et
664 175 812 210 perfectius
826 175 1049 209 tabernaculum,

1106 176 1185 211 μόνος
1199 177 1214 202 ὁ
1229 176 1382 211 ἀρχιερεὺς.
1403 176 1432 202 οὗ
1453 175 1538 210 χωρὶς
1563 174 1693 209 αἵματος,
1707 173 1722 199 ὃ
1734 173 1873 208 προσφέρει

274 229 327 249 non
343 222 538 254 manufactum,
553 221 580 249 id
594 225 647 253 est,
661 228 714 248 non
727 221 809 255 hujus
820 221 967 248 creationis
985 231 990 247 :
1007 229 1055 248 ne-

273 274 327 301 que
339 274 388 300 per
399 266 558 301 sanguinem
572 269 714 292 taurorum
728 269 755 292 et
768 265 906 292 hircorum
919 274 926 298 ;
943 265 990 292 sed
1008 273 1055 299 per

274 312 411 346 proprium
424 312 584 346 sanguinem
596 311 717 338 introivit
736 311 820 338 semel
838 311 864 337 in
879 314 973 338 sancta
989 311 1021 337 ".
1041 320 1050 336 ι

274 357 306 384 Et
321 365 428 385 rursum
446 357 540 392 paucis
556 358 722 392 interiectis:
739 366 748 382 ι
762 356 822 383 Non
833 357 904 383 enim
921 357 948 384 in
959 360 1053 384 sancta

272 409 350 429 man;
358 402 427 428 facta
445 402 566 429 introivit
576 401 711 431 Christus.
725 400 891 435 exemplaria
906 407 1050 432 verorum;

273 448 319 475 sed
335 448 362 475 in
379 448 467 482 ipsum
481 448 591 481 malum,
606 453 636 475 ut
660 451 787 484 appareat
804 455 877 475 nunc
898 447 985 475 vultui
1004 447 1051 475 Dei

272 502 321 528 pro
336 495 415 521 nobis
427 494 458 521 “.
482 504 492 521 ι

1104 222 1174 256 ὑπὲρ
1190 222 1284 248 ἑαυτοῦ
1297 221 1342 247 καὶ
1353 220 1406 246 τῶν
1421 219 1467 245 τοῦ
1480 218 1544 245 λαοῦ
1560 217 1745 252 ἀγνοημάτων.
1766 217 1874 252 Χριστὸς

1104 268 1132 294 δὲ
1147 267 1364 302 παραγενόμενος
1381 266 1525 301 ἀρχιερεὺς
1540 265 1594 291 τῶν
1605 263 1752 299 μελλόντων
1761 263 1873 298 ἀγαθῶν,

1103 312 1148 339 διά
1164 313 1212 348 τῆς
1230 311 1349 347 μείζονος
1361 312 1408 338 καὶ
1426 311 1592 346 τελειοτέρας
1617 310 1727 344 σκηνῆς,
1746 309 1775 335 οὐ
1793 317 1874 344 χειρο-

1103 359 1225 393 ποιήτου,
1240 358 1388 388 τουτέστιν,
1406 358 1436 383 ού
1449 356 1549 391 ταύτης
1563 356 1611 391 τῆς
1626 355 1738 386 κτίσεως
1751 363 1758 369 ·
1779 354 1835 381 οὐδὲ
1845 354 1873 380 δι’

1104 405 1219 439 αἵματος
1228 404 1335 440 ταύρων
1347 404 1393 430 καὶ
1403 403 1510 439 τράγων
1519 411 1525 417 ·
1534 402 1578 429 διὰ
1587 402 1614 428 δὲ
1623 401 1670 428 τοῦ
1684 401 1747 428 ίδίου
1758 401 1871 435 αἵματος,

1105 448 1227 483 εἰσῆλθεν
1240 446 1348 482 ἐφάπαξ
1364 448 1446 478 εἰςτά
1457 447 1531 481 ἅγια.
1551 456 1560 472 ι
1576 447 1630 473 Καὶ
1645 445 1725 472 πάλιν
1742 446 1807 480 μετά
1820 445 1872 480 βρα-

1104 493 1153 528 χέα
1163 503 1169 509 ·
1190 502 1198 518 ι
1214 495 1250 520 Οὐ
1266 494 1318 529 γὰρ
1333 493 1372 524 είς
1383 493 1557 528 χειροποίητα
1569 492 1632 526 ἅγια
1651 491 1772 527 εἰσῆλθεν
1787 492 1799 517 ό
1813 491 1870 526 Χρι-

272 541 343 572 στὸς,
364 541 494 568 ἀντίτυπα
514 542 567 568 τῶν
589 541 739 576 ἀληθινῶν·
767 541 823 568 ἀλλ’
845 541 884 572 είς
906 540 987 568 αὐτὸν
1018 540 1063 567 τὸν
1081 541 1193 577 οὐρανὸν
1234 541 1281 567 νῦν
1305 540 1502 576 ὲμφανισῦἧνα.
1519 539 1558 575 τῷ
1584 539 1722 574 προσώπῳ
1746 538 1791 565 τοῦ
1813 538 1870 564 Θεοῦ

271 587 340 621 ὑπὲρ
356 587 443 622 ἡμῶν.
461 597 470 612 ι

307 635 333 661 5.
355 634 393 661 Ita
416 635 491 661 novit
510 635 580 662 Deus
603 635 643 662 vel
658 635 752 670 ﬁguris
769 634 935 663 confundere
958 636 1050 662 inore--

270 680 360 712 dulos,
375 685 401 707 et
417 680 556 707 miraculis
573 681 704 708 miracula
725 681 897 709 conﬁrmare.
918 681 963 708 Sic
977 681 1052 709 Chri-

270 731 329 753 stus
353 726 476 753 ascendit
491 726 518 752 in
538 726 658 753 coelum:
677 726 717 754 sic
739 726 838 761 ﬁguras
861 727 919 760 ipsa
939 726 1052 754 veritate

270 770 424 805 complevit.
442 769 590 805 Oportebat
611 771 694 806 igitur
715 771 909 798 resurrectioni
925 771 1051 799 Salvato-

270 814 309 842 ris
329 822 472 842 ascensum
491 814 620 850 adjungi,
644 819 670 842 et
687 816 815 843 victorem
829 815 928 843 inferni
951 816 1050 843 emtum

270 861 362 889 statim
379 869 523 896 occupare.
543 861 597 889 Sed
621 869 655 889 ne
674 862 798 890 celeritas
816 869 926 890 sensum
945 862 1053 889 tolleret

267 914 360 934 rerum
382 911 532 943 gestarum,
557 912 678 943 tempore
702 908 821 943 quodam
848 908 979 935 miracula
998 908 1054 935 vult

270 952 390 988 imprimi
413 953 441 980 in
458 953 644 988 apostolorum
662 953 797 981 utentibus
819 961 867 988 per
886 954 1054 989 contempla-

269 999 371 1026 tionem
384 1019 391 1031 ,
422 1004 449 1026 et
471 999 583 1027 assiduo
607 1000 749 1027 oculorum
770 1003 879 1035 aspectu
906 999 1003 1026 animm
1023 998 1054 1026 ﬁ-

269 1044 331 1072 dem
349 1044 500 1072 insinuare.
517 1044 697 1072 Convescitur
711 1053 772 1072 cum
791 1045 944 1080 discipulis,
962 1045 1052 1072 cibum

269 1089 366 1121 sumit,
392 1090 455 1116 licet
484 1096 517 1116 eo
541 1089 652 1117 minime
673 1090 810 1125 indigeat:
826 1090 926 1124 praebet
952 1097 1053 1124 corpus

269 1133 445 1168 palpandum,
466 1139 546 1168 atque
563 1134 684 1162 veritatis
703 1139 788 1162 testes
803 1143 857 1162 non
882 1135 969 1162 solum
991 1142 1054 1162 ocu-

269 1179 311 1206 los
326 1179 374 1206 sed
399 1180 481 1206 etiam
496 1179 595 1215 digitos
620 1180 749 1207 admittit.
766 1180 951 1208 Dintnrnitate
970 1181 1053 1215 igitur

267 1224 421 1259 praesentia:
444 1224 515 1251 levat
538 1225 688 1259 phantasia:
712 1225 908 1260 suspicionem,
934 1233 967 1252 ac
992 1233 1052 1260 qua:

268 1276 318 1303 par
337 1272 396 1296 erat
412 1269 445 1296 de
469 1269 593 1297 discessu
619 1277 670 1297 suo
693 1277 757 1298 cum
779 1270 907 1305 apostolis
933 1270 1050 1303 locutus,

268 1315 419 1350 discipulos
443 1322 575 1343 ascensus
598 1315 641 1343 sui
665 1320 752 1344 testes
778 1317 906 1344 admittit.
927 1315 1052 1352 Oportuit

268 1362 341 1388 enim
375 1355 567 1389 miraculorum
602 1369 742 1397 praecones
775 1362 955 1389 indubitatam
981 1361 1052 1389 ferre

269 1406 478 1441 praedicatarum
508 1415 599 1436 rerum
625 1408 760 1435 notitiam.
778 1407 941 1435 Elevabatur
961 1408 1052 1443 itaque

270 1451 405 1485 Salvator,
421 1453 550 1480 videbant
563 1453 676 1481 inferius
690 1452 836 1488 discipuli:
859 1453 944 1480 nubes
961 1456 1051 1480 autem

1135 634 1160 661 5.
1177 633 1269 664 Οὕτως
1278 631 1332 660 οἶδε
1348 633 1396 659 καὶ
1410 632 1504 664 τύποις
1518 631 1659 667 ἐντρέπειν
1674 632 1736 663 τοὺς
1754 631 1869 663 ἀπίστους

1099 679 1200 711 όΘεὸς,
1214 679 1262 706 καὶ
1277 678 1398 714 θαύμασι
1420 678 1476 714 (29)
1505 677 1666 705 πιστοῦσθαι
1689 677 1723 704 τά
1745 677 1865 712 θαύματι.

1100 725 1177 752 Οῦτω
1188 725 1304 761 Χριστὸς
1317 725 1367 760 ἀνή
1373 733 1451 760 ρχετο
1462 725 1502 755 εἰς
1516 723 1629 758 οὐρανόν
1639 731 1647 738 ·
1671 722 1742 750 οὕτω
1759 723 1817 754 τοὺς
1830 722 1868 748 τύ-

1101 778 1167 802 πους
1182 770 1254 806 ἔργῳ
1269 770 1396 806 ἀληθείας
1411 769 1560 804 ἐκύρωσεν.
1583 769 1656 796 Ἔδει
1680 769 1729 805 μὲν
1752 768 1795 796 οὖν
1816 777 1867 795 συν·

1101 816 1232 842 ἀπίεσθαι
1245 818 1279 852 τῇ
1296 816 1442 842 ἀναστάσει
1459 815 1505 841 τοῦ
1523 815 1648 850 Σωτῆρος
1664 814 1713 850 τὴν
1726 814 1820 845 ἄνοδον.
1830 814 1866 840 καὶ

1104 861 1148 888 τὸν
1160 861 1206 888 τοῦ
1218 861 1282 897 ᾅδου
1292 861 1404 896 νικητὴν
1414 859 1493 892 εὐθὺς
1507 860 1553 886 τὸν
1563 859 1678 895 οὐρανὸν
1687 859 1864 891 amasium:-

1103 907 1160 934 ἀλλ’
1175 907 1217 933 ἵνα
1238 906 1275 942 μὴ
1295 905 1325 933 τὸ
1340 906 1421 941 τάχος
1435 906 1490 932 τῶν
1501 906 1654 941 γενομένων
1674 905 1758 940 κλέψῃ
1773 906 1818 941 τὴν
1830 905 1864 930 σί-

1105 953 1209 988 σθησιν,
1223 952 1342 988 παγῆναι
1353 952 1392 988 τῷ
1407 952 1495 988 χρόνῳ
1513 951 1638 987 βούλεται
1650 953 1707 984 τοῖς
1727 950 1865 980 ἀποστόλοις

1103 998 1146 1026 διὰ
1161 998 1210 1034 τῆς
1224 998 1339 1034 θεωρίας
1358 997 1393 1024 τὰ
1412 997 1548 1033 θαύματα,
1574 998 1621 1024 καὶ
1646 999 1680 1033 τῇ
1704 998 1804 1032 συνεχεῖ
1821 996 1865 1022 τῶν

1103 1045 1233 1080 ὀμμάτων
1246 1043 1380 1079 προσϐολῇ
1393 1045 1426 1079 τῇ
1443 1044 1516 1080 ψυχῇ
1530 1043 1711 1079 παραπέμψαι
1723 1043 1770 1077 τὴν
1779 1043 1863 1068 πίστιν.

1103 1090 1276 1117 Συνεστιᾶπαι
1297 1090 1353 1121 τοῖς
1375 1090 1525 1125 μαθηταῖς,
1541 1089 1673 1116 ἀπολαύει
1695 1089 1749 1124 (30)
1769 1088 1863 1124 τροφῆς,

1102 1137 1228 1172 ἀνενδεὴς
1240 1136 1287 1168 ὢν,
1304 1137 1438 1172 συγχωρεῖ
1454 1135 1630 1171 ψηλαφᾶσθαι
1650 1136 1680 1162 τὸ
1701 1136 1787 1171 σῶμα,
1807 1135 1864 1170 μάρδ

1101 1191 1185 1218 τυρας
1197 1183 1246 1217 τῆς
1261 1182 1388 1218 ἀληθείας
1397 1182 1447 1209 οὐκ
1463 1182 1616 1217 ὀφθαλμοὺς
1635 1182 1731 1218 μόνον,
1749 1181 1811 1209 ἀλλὰ
1828 1180 1864 1206 καὶ

1101 1227 1247 1259 δακτύλους
1272 1226 1459 1262 ἐφελκόμενος.
1486 1227 1576 1258 Λύσας
1596 1225 1643 1254 οὖν
1666 1227 1714 1261 τῆς
1735 1225 1864 1261 φαντασίας

1101 1273 1149 1310 τὴν
1163 1273 1278 1308 ὑποψίαν
1294 1273 1331 1308 τῷ
1345 1273 1432 1309 χρόνῳ
1449 1273 1498 1308 τῆς
1514 1273 1672 1309 παρουσίας,
1689 1273 1734 1300 καὶ
1755 1272 1786 1299 τὰ
1809 1270 1864 1307 πρὸς

1101 1322 1150 1357 τὴν
1165 1320 1317 1356 ἀποδημίαν
1328 1320 1419 1347 εἰκότα
1437 1321 1491 1352 τοῖς
1510 1320 1668 1351 ἀποστόλοις
1689 1319 1862 1354 φθεγξάμενος,

1102 1367 1201 1398 θεατὰς
1215 1367 1265 1402 τῆς
1280 1367 1371 1393 ἀνόδου
1387 1366 1448 1398 τοὺς
1466 1365 1588 1401 μαθητὰς
1603 1366 1792 1402 ἀπεργάζεται.
1805 1363 1863 1390 Ἔδει

1101 1412 1155 1448 γὰρ
1173 1412 1226 1439 τῶν
1241 1412 1387 1447 θαυμάτων
1399 1412 1461 1443 τοὺς
1476 1412 1609 1447 κήρυκας,
1631 1412 1809 1438 ἀνενδοίαστον
1825 1408 1863 1442 φέ-

1103 1466 1158 1494 ρειν
1181 1458 1234 1484 τῶν
1260 1458 1465 1494 κηρυττομένων
1489 1458 1538 1492 τὴν
1549 1457 1660 1492 γνῶσιν.
1685 1457 1804 1492 Ἀνὴγετο
1826 1455 1863 1489 μὲν

267 1499 382 1533 pedibus
405 1506 580 1531 succurrens,
604 1499 758 1526 vehiculum
781 1506 814 1526 eo
835 1498 864 1525 iu
883 1506 965 1525 cursu
988 1497 1047 1525 fuit.

1101 1502 1145 1531 οὖν
1159 1505 1173 1530 ὁ
1187 1504 1291 1539 Σωτήρ·
1301 1503 1412 1530 ἔϐλεπον
1423 1503 1451 1529 δὲ
1461 1503 1581 1530 κάτωθεν
1595 1504 1620 1529 ot
1633 1503 1756 1539 μαθηταί·
1767 1500 1863 1536 νέφοςόὲ

267 1544 290 1572 0
306 1545 428 1572 inaudita
444 1545 589 1572 miracula!
606 1545 659 1573 Aer
675 1543 841 1580 pervaditur,
859 1545 942 1571 aether
958 1544 1047 1571 susci-

267 1590 318 1625 pit,
332 1590 420 1625 angeli
437 1594 612 1618 aecurrentes
629 1589 839 1624 triumphalibus
853 1589 969 1616 canticis
983 1596 1048 1616 con-

267 1637 408 1663 celebrant
422 1645 430 1663 :
445 1637 602 1670 spectaculo
619 1636 749 1663 attonitos
775 1634 924 1669 discipulos
949 1634 1049 1662 festum

269 1682 408 1709 celebrare
423 1682 538 1709 suadent
551 1691 557 1709 :
575 1691 584 1707 ι
598 1681 668 1714 Quid
683 1681 762 1709 statis
778 1681 940 1716 aspicientes
954 1681 982 1708 in
993 1688 1050 1708 cat-

268 1728 324 1755 lum
336 1727 400 1754 ⁸⁸7»
429 1727 500 1759 Quid
526 1727 623 1755 statis?
644 1727 805 1755 miraculum
832 1727 977 1762 przedicate
1001 1735 1049 1762 per

267 1773 373 1804 orbem.
390 1772 512 1800 discessu
529 1772 674 1800 adventum
688 1781 696 1799 :
710 1781 720 1797 ι
738 1772 778 1799 sic
801 1772 899 1804 veniet,
919 1771 1050 1806 quemad-

268 1820 378 1847 modum
390 1819 497 1847 vidistis
511 1827 574 1846 eum
587 1823 695 1846 euntem
708 1818 736 1845 in
749 1818 849 1845 cmluin
860 1817 893 1844 “.
910 1827 919 1843 ›
938 1817 987 1845 His
1001 1825 1050 1844 au-

268 1865 334 1892 ditis
348 1865 470 1897 vocibus;
487 1864 588 1892 Panlus
602 1864 678 1891 vocis
694 1871 750 1891 sua:
763 1864 843 1891 tubas
857 1863 968 1896 emittit,
982 1863 1050 1891 scri-

268 1912 322 1945 ptis
334 1911 491 1938 exclamans
509 1911 567 1938 suis
581 1919 588 1937 :
604 1919 614 1936 ι
630 1909 728 1938 Nostra
743 1910 914 1937 conversatio
929 1909 956 1937 in
973 1910 1049 1938 caelis

268 1943 320 1987 est,
344 1955 414 1982 unde
438 1960 465 1982 ct
494 1955 661 1982 Salvatorem
687 1958 879 1990 exspectamus
904 1953 1048 1981 Dominum

267 2000 362 2028 Jesum
382 2001 522 2028 Christum
534 2001 567 2028 ‘7.
584 2011 593 2027 ›
614 2000 663 2028 His
679 2001 802 2028 homines
824 2000 917 2035 adjicit
932 2000 1025 2028 dicens
1040 2010 1046 2027 :

271 2056 281 2072 ι
300 2046 450 2081 Rapicntur
469 2047 497 2074 in
521 2047 639 2074 nubibus
659 2047 687 2073 in
703 2053 775 2078 aera,
790 2046 818 2073 in
836 2053 980 2073 occursum
997 2045 1049 2073 Do-

267 2093 334 2119 mini
346 2093 379 2120 “.
394 2102 404 2118 ι
424 2091 529 2120 Etenim
545 2090 701 2128 majusti
717 2092 857 2128 fulgebunt
871 2092 943 2120 sicut
959 2092 1050 2127 splen-

268 2136 317 2164 dor
333 2136 506 2164 ﬁrmamenti.
531 2136 570 2163 Ex
597 2136 733 2164 dominica
754 2137 837 2172 igitur
855 2136 1048 2171 Assumptione

1099 1549 1160 1581 τοὺς
1168 1549 1251 1579 πόδας
1259 1548 1431 1585 ὑποδραμὼν,
1438 1549 1486 1585 δχη
1491 1557 1528 1584 μα
1539 1549 1605 1584 πρὸς
1613 1549 1658 1575 τὸν
1666 1549 1759 1584 δρόμον
1768 1547 1862 1581 ἐγίνετο.

1100 1595 1132 1620 Ὢ
1140 1594 1296 1630 παραδόξων
1305 1593 1448 1629 θαυμάτων
1457 1595 1464 1620 l
1473 1594 1502 1620 ὐ
1514 1594 1566 1629 ἀὴρ
1575 1594 1729 1625 διοδεύεται,
1739 1593 1812 1627 αἰθὴρ
1820 1591 1863 1617 δια-

1098 1640 1214 1676 δέχεται,
1223 1640 1330 1674 ἀγγελοι
1339 1640 1607 1676 συμπαρατρέχοντες
1616 1640 1730 1675 ᾅσμασιν
1741 1637 1863 1666 ἐπινικίοις

1099 1686 1307 1722 ὲπανηγύριζον·
1319 1686 1557 1722 ἐκπεπληγμένους
1571 1687 1604 1722 τῇ
1622 1686 1670 1722 θέᾳ
1681 1687 1741 1716 τοὺς
1756 1682 1862 1720 μαθητὰς

1099 1732 1236 1768 ἑορτάζειν
1249 1732 1365 1759 ἔπειθονο
1377 1742 1387 1758 ι
1398 1732 1429 1758 Τί
1445 1733 1575 1768 ἑστήκατε
1590 1729 1861 1767 ἐμϐλέποντεςίὸιμὶς

1099 1779 1143 1805 τὸν
1154 1778 1282 1814 ούρανόν;
1309 1787 1319 1804 ι
1340 1778 1372 1804 Τί
1390 1779 1541 1814 έστήκατε;
1562 1777 1602 1813 τῷ
1626 1779 1718 1814 κόσμῳ
1734 1777 1762 1804 τὸ
1784 1774 1860 1808 θαῦμα

1100 1824 1246 1860 κηρύξατε,
1260 1825 1294 1859 τῇ
1306 1824 1444 1860 ἀποδημίᾳ
1455 1825 1506 1860 τὴν
1523 1826 1686 1861 παρουσίαν·
1702 1824 1782 1855 οὕτως
1796 1820 1859 1849 ἐλεύ-

1101 1878 1187 1902 σεται,
1200 1870 1229 1897 ὃν
1247 1871 1346 1906 τρόπον
1366 1871 1514 1898 ἐθεάσασθε
1535 1871 1617 1899 αὑτὸν
1641 1871 1809 1907 πορευόμενον
1828 1867 1859 1896 εἰς

1100 1913 1144 1939 τὸν
1158 1913 1280 1950 οὐρανόν.
1298 1914 1405 1942 Τούτων
1420 1914 1538 1948 ἀκούσας
1550 1915 1604 1942 τῶν
1619 1916 1713 1952 φωνῶν
1730 1916 1743 1942 ό
1760 1911 1857 1941 Παῦλος,

1100 1957 1149 1992 τῆς
1164 1958 1255 1993 φωνῆς
1267 1958 1362 1994 ἀφίησι
1380 1959 1430 1991 τὰς
1443 1960 1604 1994 σάλπιγγας,
1619 1961 1664 1988 διὰ
1674 1960 1725 1987 τῶν
1745 1955 1857 1994 γραμμά-

1099 2013 1152 2031 των
1168 2005 1327 2040 κεκραγώς·
1349 2015 1358 2032 ι
1383 2005 1476 2041 Ἦμῶν
1490 2006 1520 2032 τὸ
1538 2006 1685 2042 πολίτευμα
1705 2007 1733 2032 ὲν
1753 2002 1858 2039 οὐρανοῖς

1101 2050 1226 2086 ὑπάρχει,
1247 2051 1277 2083 ἐξ
1302 2048 1332 2079 οὗ
1348 2050 1394 2078 καὶ
1413 2053 1527 2088 Σωτῆρα
1550 2051 1751 2088 ἀπεκδεχόμεθα
1772 2048 1857 2083 Κύριον

1106 2095 1207 2129 Ἰησοῦν
1218 2095 1344 2132 Χριστόν.
1364 2106 1373 2122 ι
1393 2096 1503 2128 Τούτοις
1520 2096 1680 2132 προστίθησι
1695 2095 1753 2125 τοὺς
1769 2088 1856 2126 ἀνθρώ-

1099 2149 1166 2173 πους
1187 2141 1290 2176 λέγων,
1311 2142 1352 2168 ὃτι
1378 2151 1388 2168 ι
1410 2142 1627 2178 Ἀρπαγήσονται
1648 2143 1677 2169 ἐν
1692 2138 1805 2174 νεφέλαις
1823 2135 1856 2165 είὶ

269 2181 419 2209 Salvatoris
434 2181 522 2210 nostri
536 2186 564 2212 et
580 2181 688 2209 Domini
706 2186 733 2210 et
748 2182 807 2209 veri
822 2181 868 2208 Dei
881 2181 947 2209 Jesu
968 2181 1048 2208 Chri-

1101 2186 1177 2221 ἀέρα,
1192 2187 1232 2218 εἰς
1242 2187 1393 2222 ἀπάντησιν
1404 2187 1451 2214 τοῦ
1462 2188 1574 2223 Κυρίου.
1592 2197 1602 2214 ι
1615 2187 1668 2214 Καὶ
1681 2186 1731 2221 γὰρ
1743 2185 1765 2210 ot
1774 2182 1855 2209 δίκαιοι

268 2227 315 2260 sti,
334 2228 415 2255 simili
430 2235 478 2263 spe
494 2227 623 2255 lmtiﬁcati
642 2227 767 2255 dicamus
777 2227 815 2254 illi
831 2236 837 2254 :
852 2236 861 2252 ι
876 2227 963 2260 Quam
987 2235 1045 2254 ma-

266 2273 392 2309 gniﬁcata
405 2277 469 2301 sunt
481 2280 563 2308 opera
577 2277 636 2305 tua,
651 2271 778 2300 Domine!
794 2273 886 2300 omnia
899 2275 926 2300 in
939 2273 1046 2307 sapien-

267 2320 304 2346 tia
319 2318 451 2346 fecisti“.
467 2328 476 2344 ι
493 2318 554 2346 Tibi
571 2319 656 2354 gloria
681 2322 708 2346 et
724 2319 869 2354 imperium
885 2326 947 2346 cum
966 2318 1046 2346 Patre

266 2370 293 2393 et
308 2365 409 2400 Spiritu
421 2370 526 2398 sancto,
542 2373 614 2393 nunc
633 2369 660 2393 et
674 2372 780 2400 semper
796 2369 822 2392 et
838 2365 864 2392 in
881 2365 979 2392 saecula
997 2373 1047 2392 sa:-

266 2413 401 2439 culorum.
417 2412 514 2439 Amen.

1097 2230 1280 2266 ὲκλάμψουσιν
1291 2231 1328 2263 ὠς
1341 2233 1357 2267 ἡ
1373 2232 1530 2269 λαμπρότης
1543 2232 1589 2259 τοῦ
1611 2230 1797 2268 στερεὼματος-
1817 2225 1854 2251 Ἐκ

1097 2275 1147 2311 τῆς
1159 2276 1319 2312 δεσωτικῆς
1334 2278 1423 2304 τοίνυν
1435 2278 1592 2314 ἀναλήψεως
1605 2278 1652 2305 τοῦ
1668 2276 1781 2311 Σωτῆρος
1790 2271 1854 2308 ἡμᾶν

1098 2323 1145 2349 καὶ
1161 2323 1274 2358 Κυρίου,
1290 2323 1337 2349 ml.
1352 2323 1477 2359 ἀληθινοῦ
1491 2323 1558 2350 Θεοῦ
1577 2323 1663 2360 ’1ησοῦ
1683 2318 1799 2357 Χριστοῦ,
1813 2315 1853 2344 τὰς

1098 2367 1194 2403 ὁμοίας
1205 2367 1314 2400 ἐλπίδας
1333 2369 1530 2403 τρυφήσαντες,
1548 2368 1670 2404 λέγωμεν
1691 2366 1753 2402 πρὸς
1770 2360 1851 2390 αὐτόν’

1101 2423 1110 2438 ε
1135 2414 1177 2445 Ὧς
1192 2413 1362 2449 ὲμεγαλύνθη
1387 2414 1420 2440 τὰ
1436 2414 1504 2449 ἔργα
1529 2423 1585 2446 σου,
1610 2413 1710 2449 Κύριεῑ
1733 2409 1810 2437 πάντα
1829 2405 1852 2429 ιν

264 2458 347 2493 σοφία
362 2458 491 2493 ἐποίησας
501 2466 508 2472 ·
528 2468 537 2484 ι
553 2458 594 2484 ὅτι
610 2467 649 2485 σοι
665 2458 681 2494 ἡ
696 2459 758 2492 δόξα
772 2459 819 2485 καὶ
835 2459 866 2485 τὸ
883 2459 981 2493 κράτος
995 2458 1042 2485 σὺν
1061 2458 1100 2494 τῷ
1112 2459 1199 2494 Πατρὶ
1213 2460 1259 2486 καὶ
1272 2460 1309 2495 τῷ
1322 2460 1391 2495 ἁγίῳ
1407 2460 1544 2495 Πνεύματι
1561 2459 1607 2486 νῦν
1624 2459 1670 2486 καὶ
1683 2458 1723 2484 ἀεὶ
1751 2453 1792 2482 καὶ
1819 2449 1851 2478 είς

265 2505 326 2535 τοὺς
338 2503 437 2536 αἰῶνας
453 2504 506 2530 τῶν
523 2504 636 2532 αἰώνων.
659 2505 756 2540 Ἀμήν.

299 2575 323 2590 ⁴⁵³
342 2575 422 2603 Hebr.
455 2584 499 2607 Ix.
517 2577 550 2609 ϐ,
567 2577 593 2609 7,
615 2577 660 2609 ll,
677 2578 721 2605 12.
758 2579 782 2595 ⁵⁸
801 2578 866 2606 ibid.
884 2578 929 2606 24.
967 2579 990 2595 ⁸⁸
1009 2578 1047 2606 Ac

1106 2598 1114 2611 ,
1133 2578 1176 2606 Η.

261 2618 300 2641 ιν,
320 2611 364 2638 lli.
403 2611 425 2628 δ’
442 2611 594 2645 Psal.cm,
613 2612 648 2640 24

300 2688 356 2724 (29l
370 2689 480 2726 Regius,
497 2690 626 2726 θαύματι.
641 2690 724 2719 Paulo
741 2695 812 2726 post,
829 2690 895 2726 Reg.
912 2693 976 2723 τοὺς
991 2691 1041 2718 τύ-

264 2731 331 2759 πους
344 2724 421 2759 ἔργα.

295 2757 478 2797 _(3Q)‘Begjus,
499 2761 638 2793 ἀπολαύει,
659 2769 720 2788 cum
745 2762 838 2789 codice
861 2761 978 2797 quodam
995 2760 1040 2788 Bi-

265 2792 556 2828 bliothecz'Palatinm,
569 2804 623 2831 quo
638 2797 771 2825 interdum
783 2797 825 2825 usi
839 2792 903 2825 su'nt
916 2796 1042 2825 Comme-

1223 2579 1247 2594 ⁸⁸
1264 2578 1331 2606 ibid.
1378 2578 1400 2594 ⁵⁷
1420 2578 1536 2614 Philipp.
1555 2586 1604 2611 ιιι,
1619 2577 1662 2605 20.
1706 2574 1727 2590 “
1744 2573 1752 2599 l
1768 2570 1849 2598 Thess-

1095 2691 1198 2732 lipiani.
1220 2691 1301 2724 Editi,
1318 2691 1458 2718 ἀπολάὸει.
1479 2690 1548 2720 Ibid.
1564 2692 1628 2728 Reg.
1644 2689 1728 2720 habet,
1743 2684 1787 2719 τῆς
1798 2686 1850 2716 τριν

1096 2735 1185 2798 tm($5.1)
1201 2761 1300 2798 Regius
1313 2761 1408 2795 codex,
1430 2761 1588 2797 βλέποντες.
