1926 3067
1630 90 1703 142 “02'

78 119 149 147 1101
666 116 848 145 ENCUMIUM
865 117 871 144 l

922 116 950 145 5.
968 116 1144 144 ANDREAM.

443 279 632 308 ADMONITIO
651 280 684 308 IN
704 273 886 308 ENCOMIUM
905 280 939 308 1N
961 280 1130 309 SANCTUM
1148 281 1326 310 ANDREAM.

121 337 178 364 Hoc
189 336 342 363 Encomium
358 344 426 364 nunc
439 337 524 371 primo
539 337 627 371 prodit
640 337 669 364 in
685 338 770 365 lucem
782 346 814 366 ex
827 338 928 366 schedis
943 339 1117 366 eruditissimi
1143 341 1268 375 nobisque
1293 341 1450 368 amicissimi
1476 341 1526 367 viri
1552 341 1696 373 Toinardt.
1738 374 1741 378 Δ

80 391 148 419 quas
165 382 210 409 ille
224 383 274 409 sibi
288 382 320 409 ab
341 381 474 417 Hispania
488 385 661 410 transmissae
673 392 718 418 per
731 384 980 412 excellentissimum
991 385 1081 412 domn.
1095 384 1236 419 Gasparem
1250 386 1282 413 de
1300 385 1427 414 Mendoza
1442 391 1467 413 et
1484 386 1610 422 Segovia,
1626 395 1699 413 mar-

80 429 201 455 chionem
220 427 252 454 de
271 426 423 462 Mondejar,
441 427 577 455 nobiscum
591 429 786 462 perhumaniter
801 431 1011 458 communicavit.
1022 432 1064 458 Ad
1075 432 1253 458 Athanasium
1268 439 1346 465 porro
1360 432 1466 458 minime
1482 433 1611 466 pertinere
1621 433 1699 467 judi-

81 475 156 501 cabit
165 473 283 509 quisquis
303 473 495 501 Athanariante
510 474 638 501 orationis
649 474 688 500 vel
699 474 833 502 tantillum
845 476 944 509 peritus
958 477 1048 510 fuerit.
1071 476 1132 504 Non
1145 482 1185 504 est
1204 477 1273 504 enim
1290 485 1321 503 ea
1338 477 1478 511 dignitate,
1493 477 1607 511 judicio,
1632 487 1696 512 gra-

81 523 176 551 vitate,
190 528 248 555 qua:
269 520 297 547 in
311 520 379 546 veris
391 521 492 547 elucent
505 519 645 546 Athanasii
660 520 790 554 operibus.
809 520 906 547 Exstat
923 521 964 548 hic
980 521 1072 549 Sermo
1092 523 1119 549 in
1147 523 1236 549 codice
1258 522 1409 549 Colbertino
1440 523 1502 555 847,
1525 524 1699 558 lribuiturqna

81 567 187 594 Basilio
204 566 373 600 Seleuciensi,
388 567 463 602 cujus
477 575 540 594 sane
554 567 652 602 stylum
665 567 747 598 maqis
763 567 844 601 refert
858 576 938 602 quant
954 567 1178 597 Athanasianum.
1195 568 1284 596 Codex
1307 573 1394 596 autem
1411 574 1454 596 est
1477 570 1699 605 septingentorum

78 613 191 640 circiter
205 621 346 640 annorum.

884 671 919 678 .-

627 715 696 743 ΤΟΥ
713 714 758 741 ΕΝ
777 715 888 743 ΑΓΙΟΙΣ
905 717 1040 743 ΙΙΑΤΡΟΣ
1058 717 1157 744 ΙῙΜΩΝ

736 789 1054 834 ΑΘΑΝΑΣΙΟΥ

377 868 574 897 ΕΓΚΩΜΙΟΝ
585 869 650 897 ΕΙΣ
669 870 740 898 ΤΟΝ
756 871 871 899 APION

922 871 1064 899 TVAPEAN
1080 871 1151 898 TON
1166 870 1331 897 ΑΠΟΣΤΟΔ
1336 869 1392 896 οΝ.

587 997 636 1041 S.
675 998 726 1041 P.
767 997 827 1042 N.
865 996 1188 1042 ATHANASII

417 1082 620 1112 ENCOMIUM
646 1083 692 1111 IN
714 1083 871 1113 εΑΝοτω

922 1083 1095 1113 ANDREAM
1117 1083 1349 1112 Αρθδτοιωι.

123 1198 149 1224 Ι.
172 1197 257 1233 Ὁρῶν
266 1197 315 1233 τὴν
327 1197 455 1233 λαμπρὰν
470 1198 571 1233 ταύτην
591 1198 692 1234 ἀγέλην
714 1198 760 1225 τοῦ
784 1199 870 1225 Πνεύ-

957 1199 984 1226 ιι.
1004 1197 1169 1225 Praeclarum
1184 1197 1279 1224 videns
1294 1196 1401 1224 Domini
1416 1205 1535 1233 gregem,
1559 1205 1702 1233 sagenam-

85 1252 173 1279 ματος
187 1243 234 1270 καὶ
247 1244 287 1275 εις
300 1243 330 1270 τὺ
343 1243 457 1279 γαληνὸν
473 1244 580 1278 ἀληθῶς
593 1245 639 1270 καὶ
652 1244 806 1280 ἀκύμαντον
822 1245 870 1271 πέ-

86 1289 372 1324 λαγος,ἀποστολικὴν
395 1290 634 1326 ὑπερϐεϐλημένην
657 1291 776 1326 σαγήνην
801 1291 868 1325 (32).

85 1335 137 1370 1τῆς
163 1335 322 1370 δεσποτικῆς
352 1336 442 1371 φωνῆς
473 1336 716 1371 ὑπομιμνήσκομαι
748 1335 867 1372 βοώσης·

86 1390 100 1407 ‹
115 1381 197 1407 Δεῦτε
211 1381 297 1407 ὀπίσω
311 1389 370 1415 μου,
387 1381 433 1406 καὶ
447 1381 552 1415 ποιήσω
569 1381 640 1415 ὑμᾶς
661 1381 742 1412 ἁλιεῖς
763 1380 868 1416 ἀνθρώ-

85 1435 158 1455 πων.
175 1437 184 1452 ι
200 1427 232 1452 Ὦ
243 1428 333 1461 φωνῆς
348 1425 474 1462 ἐνεργοῦς
486 1426 492 1453 l
503 1426 534 1452 Ὢ
550 1427 677 1462 ῥημάτων
687 1426 730 1452 διὰ
743 1426 871 1462 πραγμά-

85 1481 142 1499 των
171 1472 397 1508 γνωριζομένωνὶ
423 1472 454 1498 Ὢ
477 1472 527 1506 τῆς
553 1471 670 1507 ἀληθοῦς
700 1472 871 1507 ὑποσχέσεως

83 1517 148 1544 καθ’
164 1518 270 1553 ἡμέραν
286 1517 486 1552 αὐξανομένηςί
502 1517 579 1548 Τίνος
594 1517 648 1553 γὰρ
664 1518 681 1553 ὴ
697 1517 871 1553 πολυάνθρω-

87 1572 140 1594 πος
157 1563 225 1599 αὕτη
239 1563 328 1599 Θήρα;
344 1563 390 1594 Τίς
405 1564 419 1589 ὁ
442 1563 490 1598 τὴν
508 1563 644 1598 περιφανῆ
662 1563 763 1598 ταύτην
779 1563 871 1598 ἀθροί-

88 1619 139 1642 σας
164 1611 324 1645 πανήγυριν,
375 1609 462 1645 δῆλον,
480 1609 517 1641 ὼς
531 1610 546 1636 6
569 1609 718 1644 περιφανὴς
733 1609 785 1635 τῶν
808 1610 873 1635 ἀπο-

88 1655 190 1683 στόλων
213 1655 354 1690 Ἀνδρέας;
371 1656 384 1681 ό
401 1654 528 1686 ἁπλώσας
544 1655 592 1689 τῆς
607 1655 730 1690 γλώττης
752 1655 798 1681 καὶ
822 1655 872 1690 τῆς

86 1702 193 1736 μνήνης
208 1701 243 1727 τὰ
259 1701 382 1736 θήρατρα
393 1710 399 1716 ·
415 1701 468 1733 ἵνα,
485 1701 534 1737 τὴν
551 1700 626 1737 ἱερὰν
636 1701 740 1736 ταύτην
764 1701 872 1737 ἐμπλή-

87 1755 140 1778 σας
152 1746 251 1773 ὁλκάδα
260 1748 315 1778 τοῖς
326 1747 396 1779 οἴαξι
416 1748 464 1782 τῆς
481 1747 633 1781 ἀποστολῆς
652 1747 717 1782 (55).
743 1747 809 1782 πρὸς
831 1747 873 1773 0'5—

89 1792 170 1828 ρανὺν
185 1792 260 1828 ίθύνῃ
274 1792 305 1818 τὸ
322 1793 435 1826 σκάφος.
453 1792 508 1818 Καὶ
519 1793 584 1819 ποῖα
595 1792 628 1819 τὰ
642 1792 692 1826 τῆς
704 1792 790 1828 ἄγρας
799 1800 872 1827 πρω-

87 1839 167 1869 τεῖας
186 1837 253 1863 Ποῖα
267 1837 294 1863 δὲ
311 1837 365 1864 τῶν
382 1838 512 1872 καμάτων
527 1838 561 1865 τὰ
586 1837 748 1872 ἀκροθίνια;
772 1838 803 1864 Οἱ
826 1838 872 1864 τὸν

921 1252 974 1280 que
988 1244 1177 1279 apostolicam,
1191 1243 1340 1278 tranquillo
1355 1251 1386 1270 ac
1397 1243 1480 1270 nullis
1494 1244 1702 1279 tempestatibus

921 1290 1023 1325 agitato
1039 1290 1133 1325 pelago
1148 1289 1287 1324 injectum,
1305 1288 1453 1316 Dominicze
1473 1290 1549 1317 vocis
1570 1291 1700 1317 recordor

921 1335 1086 1362 clamantis:
1103 1344 1112 1359 ι
1129 1332 1225 1361 Venite
1244 1339 1304 1369 post
1326 1342 1378 1366 me,
1404 1340 1431 1362 et
1454 1334 1551 1362 faciam
1574 1343 1623 1363 vos
1644 1335 1701 1364 ﬁeri

923 1379 1074 1414 piscatores
1098 1378 1239 1405 hominum
1251 1379 1284 1406 '°.
1299 1389 1308 1404 ι
1337 1378 1359 1406 Ο
1382 1378 1517 1407 ellicacem
1542 1381 1652 1406 vocem!
1679 1380 1702 1407 0

921 1425 1003 1452 verba
1025 1425 1106 1452 rebus
1126 1424 1194 1459 ipsis
1211 1425 1402 1458 comprobata!
1417 1424 1438 1452 Ο
1453 1433 1577 1452 veracem
1590 1427 1704 1460 promis-

922 1471 1024 1498 sionem
1051 1471 1078 1497 in
1099 1471 1156 1498 dies
1180 1471 1303 1497 auctam!
1327 1471 1476 1504 Cujusnam
1501 1471 1558 1498 haec
1578 1476 1632 1498 tam
1655 1479 1704 1499 co-

922 1516 998 1552 piosa
1015 1516 1153 1543 hominum
1166 1517 1292 1543 venatio?
1306 1517 1373 1550 Quis
1392 1517 1526 1544 illustrem
1546 1517 1703 1552 huiusmodi

922 1563 1009 1597 coegit
1021 1563 1140 1590 cautum?
1156 1563 1253 1590 Annon
1269 1563 1357 1598 palam
1373 1563 1499 1591 estinter
1514 1564 1653 1599 apostolos
1671 1564 1705 1591 il-

923 1607 1034 1634 lustrem
1050 1607 1076 1634 id
1092 1608 1251 1642 przestitisse
1275 1608 1431 1634 Andream?
1451 1608 1497 1642 qui
1513 1616 1574 1635 cum
1594 1609 1704 1644 linguae,

922 1657 979 1680 tum
997 1653 1134 1680 memoriae
1157 1653 1289 1680 venabula
1312 1653 1474 1688 explicavit;
1502 1658 1531 1681 ut
1555 1654 1605 1681 hac
1625 1662 1706 1682 sacra

923 1698 1032 1733 impleta
1046 1699 1181 1730 navicula,
1200 1699 1368 1734 apostolatus
1385 1699 1427 1725 sui
1442 1699 1635 1734 gubernaculis
1646 1707 1707 1727 sca-

922 1744 1003 1779 pham
1023 1743 1122 1779 dirigat
1137 1744 1170 1770 ad
1192 1745 1302 1771 malum.
1328 1742 1491 1779 Ecquarnam
1510 1745 1538 1771 in
1562 1745 1706 1773 venatione

923 1790 1025 1825 primas
1049 1789 1167 1817 habent?
1189 1790 1318 1823 Qutenam
1345 1790 1468 1816 laborum
1494 1791 1554 1825 ejus
1580 1791 1706 1826 primitiae

923 1837 1006 1864 sunt?
1018 1835 1069 1870 Qui
1085 1837 1228 1864 sacerdotii
1246 1836 1377 1864 ambitum
1396 1837 1544 1865 virtutibus
1558 1841 1706 1865 exornant.

87 1883 138 1918 τῆς
155 1882 302 1919 ἱερωσύνης
322 1871 462 1918 περίϐολον
476 1885 536 1916 ταῖς
559 1871 669 1920 ἀρεταῖς
694 1884 871 1920 περιφαιδρύ-

923 1881 975 1914 Qui
991 1882 1072 1917 primi
1087 1882 1246 1916 apostolicis
1264 1882 1340 1910 hisce
1357 1883 1431 1910 ulnis
1449 1883 1568 1918 impositi
1586 1887 1661 1916 sunt,
1679 1888 1708 1911 et

86 1937 180 1960 νοντες
193 1929 259 1963 (54).
269 1928 302 1955 Ol
315 1928 416 1964 πρῶτοι
425 1929 473 1960 τὰς
489 1930 667 1961 ἀποστολικὰς
680 1930 778 1962 ταύτας
793 1931 874 1965 ὑπερο

86 1974 182 2006 θέντες
193 1974 324 2009 ἀγκάλας,
337 1975 382 2001 καὶ
395 1976 458 2006 τοὺς
472 1973 523 2007 ἔξω
536 1975 727 2010 πλανωμένους
743 1976 810 2012 πρὸς
823 1985 874 2003 σω-

88 2021 186 2056 τηρίαν
199 2020 391 2056 ἀγρεύσαντες.
411 2021 480 2047 Ἀλλ’
497 2021 571 2056 ἢκαὶ
584 2022 632 2057 τῆς
651 2022 790 2058 παρούσης
806 2023 872 2058 ἡμῖν

88 2066 268 2102 πανηγύρεως
281 2068 295 2093 ό
310 2068 396 2102 μέγας
411 2064 487 2098 οὗτος
509 2067 633 2102 ’Δνδρέας
655 2067 704 2099 τὰς
721 2068 873 2104 προφάσεις

87 2113 203 2139 δέδωκεν
214 2121 220 2128 '
236 2113 292 2139 ἀλλ’
305 2113 319 2140 ὃ
333 2121 364 2147 γε
379 2114 432 2144 πᾶς
446 2113 499 2139 τῶν
513 2113 667 2140 ἀποστόλων
678 2115 871 2149 συνεκτιμᾶται

88 2158 180 2194 χορός.
198 2158 250 2190 Οὓς
263 2158 344 2194 γὰρὴ
362 2159 440 2196 χάρις
457 2159 582 2194 συνῆψεν,
600 2160 630 2186 οὐ
649 2159 764 2196 διίστησι
779 2160 870 2192 τόπος.

89 2205 146 2232 Καὶ
163 2204 286 2240 καθάπερ
302 2206 328 2231 et
339 2213 381 2236 τις
393 2205 447 2231 τῶν
468 2205 499 2231 ἐκ
519 2205 691 2237 πολυτελείας
714 2205 872 2242 διηνθισμέ-

88 2259 144 2277 νων
160 2250 240 2277 λίθων
254 2251 372 2276 ἐπαινεῖν
387 2250 522 2286 ἐθελήσειε
537 2251 678 2285 στέφανον,
689 2252 750 2278 ὅτου
769 2251 801 2278 ἂν
816 2252 872 2283 τοῖς

88 2294 212 2327 ἐπαίνοις
226 2296 418 2332 περιδράξηται
435 2297 544 2332 μέσους,
559 2296 606 2323 τὸν
619 2296 678 2323 ὅλον
688 2297 872 2332 συνθαυμάζει

89 2343 146 2374 τοῖς
169 2342 280 2379 μέρεσι·
305 2342 321 2377 ἢ
340 2341 475 2377 καθάπερ,
492 2343 595 2378 χρυσῆν
611 2351 671 2370 τινα
695 2343 788 2379 σειρὰν
801 2342 872 2378 ὁρῶν

89 2397 142 2420 τις,
156 2389 209 2423 ὅπη
225 2388 258 2415 ἂν
269 2388 377 2423 ἅψαιτο,
386 2389 416 2415 τὸ
432 2389 486 2416 πᾶν
504 2389 676 2424 συνεκίνησεν
686 2398 694 2406 ·
711 2389 781 2416 οὕτω
797 2390 844 2417 καὶ
858 2390 872 2416 ὁ

88 2433 160 2469 πρὸς
181 2434 228 2460 ἕνα
249 2434 303 2460 τῶν
327 2434 481 2461 ἀποστόλων
504 2435 582 2469 λόγος
603 2435 716 2470 βαδίζων
739 2436 772 2462 δι’
789 2435 871 2463 αὑτοῦ

90 2480 198 2515 συνέχει
206 2480 268 2512 τοὺς
282 2480 401 2513 ἅπαντας
410 2481 480 2508 κατὰ
491 2482 539 2517 τὴν
552 2481 598 2508 τοῦ
615 2481 757 2508 θεσπεσίου
766 2481 871 2508 Παύλου

89 2526 199 2561 φωνήν·
223 2535 232 2551 α
251 2526 282 2552 Ei
296 2527 384 2561 χαίρει
400 2527 428 2553 ἓν
453 2526 542 2562 μέλος,
569 2527 710 2562 συγχαίρει
732 2527 820 2554 πάντα
837 2527 871 2554 τὰ
883 2539 904 2568 c

90 2572 171 2608 μέλη.
193 2582 202 2599 ι
218 2572 300 2600 Ποίαν
314 2573 367 2608 γὰρ
384 2573 416 2600 ἂν
431 2573 517 2608 μελῶν
532 2574 664 2610 ἁρμονίαν
680 2573 766 2605 οὕτως
787 2574 803 2608 ή
820 2573 870 2608 φύ-

90 2627 132 2650 σις
144 2618 284 2654 ὲξύφηνεν,
297 2618 334 2650 ὡς
350 2619 398 2655 τὴν
413 2619 466 2646 τῶν
485 2619 640 2646 ἀποστόλων
663 2620 769 2656 χορείαν
787 2621 802 2655 ἡ
823 2619 869 2646 τοῦ

123 2695 147 2710 ⁸⁹
168 2695 263 2722 Matth.
280 2703 318 2728 Iv,
336 2695 379 2723 l9.
416 2696 438 2711 '”
459 2695 468 2722 l
484 2695 548 2724 Cor.
571 2704 620 2729 xu,
637 2695 686 2724 26.

89 2771 182 2844 γήβῖ)
201 2773 278 2802 Colb.
303 2773 466 2808 ἀποστολικῇ
490 2773 536 2801 νῦν
565 2773 796 2810 περιϐεϐλημένην
823 2782 870 2800 σα-

129 2817 172 2844 νη.

129 2817 172 2844 νῃ.

923 1928 971 1963 qui
995 1932 1071 1955 extra
1086 1932 1216 1964 vagantes
1233 1933 1410 1964 errantesque
1426 1929 1459 1955 ad
1483 1930 1598 1957 salutem
1615 1930 1707 1957 venali

923 1978 995 2002 sunt.
1014 1973 1099 2001 Plane
1123 1974 1204 2002 nobis
1230 1975 1372 2010 praesentis
1400 1975 1568 2002 celebritatis
1590 1980 1704 2008 magnus

922 2020 967 2047 ille
980 2019 1104 2047 Andreas
1122 2021 1281 2048 occasiones
1297 2021 1371 2048 dedit
1385 2030 1392 2048 :
1408 2021 1453 2048 Sed
1472 2025 1546 2047 totus
1566 2021 1707 2054 apostolo-

922 2073 982 2092 rum
1000 2065 1101 2092 chorus
1124 2065 1153 2092 in
1178 2070 1281 2100 partem
1300 2066 1411 2093 honoris
1435 2067 1518 2093 venit.
1535 2065 1609 2098 Quos
1633 2067 1706 2093 enim

921 2111 1009 2146 gratia
1024 2111 1168 2145 conjunxit
1189 2119 1242 2138 non
1258 2115 1368 2146 separat
1380 2111 1466 2138 locus.
1478 2111 1517 2138 Ac
1527 2110 1707 2145 quemadmo-
1740 2126 1746 2132 -

922 2159 987 2186 dum
1003 2159 1026 2186 si
1040 2162 1102 2194 quis
1122 2166 1251 2186 coronam
1267 2159 1365 2193 lapillis
1382 2158 1511 2193 pretiosis
1530 2161 1707 2192 coagmenta-

924 2209 977 2231 tam
994 2205 1106 2232 laudare
1127 2205 1201 2237 velit,
1228 2212 1419 2240 quamcunque
1447 2208 1552 2238 partem
1578 2203 1706 2231 laudibus

922 2251 1044 2282 extollat.
1060 2254 1146 2278 totum
1169 2259 1222 2278 una
1245 2258 1306 2278 cum
1329 2254 1406 2285 parte
1432 2251 1478 2277 illa
1505 2251 1643 2277 miratur:
1659 2255 1706 2277 aut

923 2296 1150 2332 quemadmodum
1180 2296 1203 2323 si
1225 2296 1287 2331 quis
1308 2303 1418 2324 auream
1447 2296 1542 2324 videns
1566 2300 1703 2330 catenam,

923 2350 1085 2378 quacunque
1098 2350 1157 2370 eam
1175 2346 1252 2377 parte
1268 2345 1371 2376 tangat.
1384 2346 1467 2371 totam
1484 2347 1652 2370 cornmovet:
1668 2343 1706 2370 ita

922 2396 1013 2417 sermo
1032 2388 1065 2416 de
1079 2387 1177 2423 quovis
1193 2388 1378 2422 apostolorum
1395 2388 1492 2419 lactus,
1516 2395 1611 2415 omnes
1627 2388 1707 2423 plane

923 2438 1027 2470 spectat
1050 2434 1200 2470 apostolos.
1223 2434 1300 2469 juxta
1315 2433 1400 2460 divini
1423 2435 1498 2463 Pauli
1521 2442 1614 2462 vocem
1630 2443 1636 2460 :
1652 2444 1661 2460 ί
1677 2433 1706 2461 Si

923 2481 1023 2516 gaudet
1038 2489 1122 2508 unum
1143 2480 1306 2512 membrum.
1324 2481 1495 2516 congaudent
1515 2482 1606 2508 omnia
1623 2488 1710 2507 mem-

922 2527 1016 2554 bra“.
1035 2537 1044 2553 ι
1068 2526 1154 2560 Quam
1177 2527 1249 2554 enim
1276 2528 1460 2555 membrorum
1487 2535 1643 2563 compagem
1670 2527 1708 2554 ita

925 2577 1022 2600 natura
1043 2572 1189 2608 colligavit,
1205 2576 1235 2599 ut
1249 2573 1434 2608 apostolorum
1456 2572 1570 2599 chorum
1591 2571 1708 2606 Spiritus

925 2619 1011 2655 gratia
1031 2618 1187 2654 copulavit?
1201 2617 1270 2646 Nam
1292 2626 1346 2646 una
1364 2619 1445 2654 plane
1467 2619 1556 2654 gratia
1579 2622 1632 2651 est,
1648 2625 1708 2654 qum

988 2773 1015 2811 ξ)
1033 2772 1109 2811 (Eoll).
1125 2773 1174 2811 τῆς
1185 2773 1365 2811 ἀποστολικῖξ
1379 2773 1498 2811 χάριτος,
1515 2774 1553 2806 εις
1568 2775 1626 2811 οΰρ.

972 2808 1016 2843 54)
1035 2809 1216 2836 Colbertinus.
1230 2808 1500 2846 καταφαιδρὺνοντες.
