1926 3067
257 107 325 134 “05

816 100 843 127 S.
867 97 1096 126 ATHANASIUS.
1121 111 1156 118 -—
1173 96 1311 124 SPURIA.

1793 94 1857 132 not

257 166 395 204 apostolos
427 165 460 192 ad
486 163 608 191 militiam
633 161 834 194 exercitumque
861 158 965 186 Domini
992 165 1037 185 co-

1091 156 1247 191 Πνεύματος
1262 155 1340 190 χάρις
1355 162 1506 189 συνηρμοσε
1520 162 1526 186 ;
1545 154 1601 180 Μία
1613 153 1666 187 γὰρ
1678 153 1758 185 δντως
1774 154 1856 189 χάρις,

259 217 324 249 egit.
440 245 445 249 η

293 260 320 287 2.
341 259 396 294 Age
421 264 494 292 ergo,
522 262 616 282 omnes
643 261 708 284 una,
731 259 762 279 ac
785 259 832 286 per
855 259 951 278 omnes
977 250 1038 278 illos

260 306 380 341 singulos
403 303 578 330 admiremur.
605 300 729 326 Andreas
754 299 800 333 qui
825 306 857 325 ex
886 297 1036 332 apostolica

215 362 223 371 ι
258 351 377 387 ἀνδρεία,
394 350 418 377 id
437 353 478 376 est
494 348 604 378 virtute,
619 353 717 373 nomen
730 345 842 372 sortitus
859 347 912 373 est,
925 343 971 377 qui
983 342 1038 377 pri-

257 406 318 426 mus
334 397 476 424 Dominum
493 394 543 422 sibi
560 393 719 427 magistrum
737 390 864 424 ascripsit
875 409 882 420 ,
898 387 1040 423 apostolici

258 444 333 472 chori
356 442 464 470 initium
486 450 492 467 :
510 440 555 475 qui
583 439 616 466 ad
643 438 787 465 adventum
805 435 913 462 Domini
933 433 1040 469 perspi-

258 489 384 516 ciendum
402 490 481 513 acuta
497 485 547 512 fuit
566 484 707 511 oculorum
724 481 782 508 acie
794 490 801 508 :
814 481 860 515 qui
870 479 984 507 Joannis
999 479 1041 506 di-

258 535 401 570 sciplinam
423 540 484 559 cum
514 530 616 558 Christi
640 528 764 556 doctrina
789 526 986 553 commutavit:
1003 525 1040 552 si-

257 581 351 617 gillum
370 579 516 606 'verborum
536 575 671 610 Baptistae.
693 573 759 601 Erat
775 573 854 609 403
866 573 939 600 enim
956 570 1041 598 disci-

257 628 382 664 pulorum
398 624 511 652 Joannis
521 622 705 653 clarissimus;
720 620 825 654 fulgore
839 619 957 646 lucerna:
971 617 1040 644 lucis

257 673 398 701 veritatem
411 669 580 705 perquirens,
599 675 631 694 ac
650 667 723 694 velut
741 666 768 693 in
786 665 837 693 sub
851 664 979 692 obscuris
996 671 1041 690 ra-

258 719 321 751 diis,
337 716 438 744 Christi
456 713 647 750 splendoribus
671 711 853 739 assuefactus.
879 710 932 738 Sed
952 710 1042 737 hacte-

257 773 310 792 nus
322 764 441 791 Joannes
460 759 589 788 Jordanis
607 760 634 786 in
648 758 757 786 ﬂuentis
779 761 867 789 stans,
882 756 1039 784 Judaeorum

258 817 353 845 greges
374 808 568 842 baptizaverat,
606 805 750 840 praeceptis
775 803 859 830 Musis
886 801 1040 830 remedium

1089 203 1106 238 ἡ
1123 202 1185 233 τοὺς
1198 201 1362 231 ἀποστόλους
1374 199 1411 235 τῷ
1424 200 1539 235 δεσπότῃ
1557 199 1795 234 στρατολογήσασα.

1124 249 1152 276 2,
1168 247 1251 284 Δεῦρο
1264 245 1310 274 οὖν
1325 247 1371 273 ἐπὶ
1384 247 1445 278 τοὺς
1462 247 1573 277 πάντας,
1591 246 1636 272 καὶ
1648 245 1690 271 διὰ
1705 245 1806 271 πάντων
1819 246 1859 271 τὸν

1091 294 1150 322 καθ’
1166 294 1214 321 ἕνα
1230 293 1423 328 θαυμάσωμεν.
1448 291 1573 327 Ἀνδρέας
1592 292 1606 318 ὁ
1623 291 1671 326 τῆς
1691 291 1860 326 ἀποστολικῆς

1089 340 1215 376 ἀνδρείας
1229 339 1381 374 ὲπώνυμος,
1396 339 1410 365 6
1427 338 1533 373 πρῶτος
1549 337 1704 364 διδάσκαλον
1719 338 1762 363 τὴν
1774 337 1860 364 δεσπό-

1090 395 1138 423 την
1149 386 1368 422 ἐπιγραψάμενος
1377 393 1384 399 ι
1395 386 1410 420 ἡ
1422 385 1471 419 τῆς
1483 383 1663 417 ἁποστολικῆς
1671 383 1776 418 χορείας
1786 383 1858 418 ἀρχή·

1090 433 1104 459 6
1119 433 1185 468 πρὸς
1196 432 1245 467 τὴν
1261 430 1421 465 δεσποτικὴν
1445 430 1595 464 παρουσίαν
1613 428 1767 464 ὀξυδερκὴς,
1790 430 1804 455 6
1819 429 1860 463 τῆς

1097 478 1220 506 Ἰωάννου
1240 477 1389 513 μαθητείας
1401 477 1449 512 τὴν
1462 475 1581 511 Χριστοῦ
1593 474 1763 501 διδασκαλίαν
1775 474 1860 501 ἀνταλ-

1091 524 1241 559 λαξαμενος
1251 525 1285 559 ’ἡ
1301 523 1355 549 τῶν
1371 521 1417 549 τοῦ
1434 521 1584 548 Βαπτιστοῧ
1599 521 1727 556 ῥημάτων
1745 520 1858 556 σφραγίς.

1090 569 1144 597 Ἦν
1161 571 1210 606 μὲν
1226 569 1280 604 γὰρ
1297 569 1350 596 τῶν
1368 568 1490 595 Ἰωάννου
1508 567 1634 603 μαθητῶν
1646 568 1660 594 6
1671 566 1842 602 δοκιμώτατος
1852 574 1858 582 ’

1091 618 1119 643 ὲν
1132 616 1262 652 λυχνιαίῳ
1277 615 1372 650 φέγγει
1386 614 1475 649 ζητῶν
1492 613 1538 640 τοῦ
1556 613 1644 648 φωτὸς
1668 613 1717 648 τὴν
1735 611 1858 647 ἀλήθειαν,

1091 662 1184 698 ὥσπερ
1200 670 1241 693 τις
1256 662 1284 687 ὲν
1295 660 1491 696 ἀμυδροτέραις
1504 660 1602 693 αὐγαῖς
1615 658 1683 694 πρὸς
1694 658 1741 689 τὰς
1755 656 1857 693 Χριστοῦ

1093 707 1276 744 μαρμαρυγὰς
1293 706 1456 741 ἐθιζόμενος.
1486 705 1555 732 Ἀλλ’
1569 706 1582 731 6
1598 704 1647 740 μὲν
1667 704 1789 738 Ἰωάννης
1802 702 1858 733 τέως

1090 755 1145 785 τοῖς
1168 753 1297 790 Ἰορδάνου
1311 753 1426 787 νάμασιν
1438 750 1559 786 ἐφεστὼς
1571 749 1619 781 τὰς
1631 749 1763 776 Ἰουδαίων
1774 748 1858 782 ἀγέλας

1091 799 1231 831 ὲὸἀπτιζε,
1254 800 1310 830 τοῖς
1323 797 1445 829 Μωσέως
1457 796 1663 832 προστάγμασιν
1672 795 1859 829 ἀντιφάρμακον

257 856 433 888 levamenque
451 854 477 880 in
499 853 576 887 aquis
594 857 761 886 praeparans,
786 849 890 876 scilicet
906 847 1037 883 paeniten-

1091 846 1120 872 ὲν
1143 845 1220 871 ὕδασι
1245 843 1456 874 κατασκευάζων
1480 842 1633 877 μετάνοιαν,
1658 840 1705 867 καὶ
1728 837 1858 866 Μωσαῖκοῦ

257 903 335 933 tiam,
357 899 522 934 Mosaicique
543 897 624 933 gladii
647 896 732 923 aciem
747 895 876 922 ﬂuctibus
898 901 1038 921 resccans.

256 948 361 981 Quibus
376 946 446 973 enim
469 945 536 979 legis
552 943 734 978 transgressio
755 945 870 969 mortem
886 943 1038 975 pepererat,

254 993 306 1020 hos
332 995 479 1027 praereptos
503 989 635 1024 Baptista,
657 987 818 1023 poenitentia
842 985 973 1021 praemisit
997 984 1039 1020 (ac

256 1036 439 1073 praeparavit.)
452 1035 521 1068 Quia
533 1034 605 1061 enim
617 1033 739 1061 nondum
754 1032 848 1059 aderat
863 1030 908 1065 qui
921 1033 1037 1056 mortem

256 1085 410 1119 abrogaret,
434 1082 551 1116 quadam
577 1087 627 1107 ceu
652 1079 782 1106 dilatione
801 1085 850 1113 per
872 1076 1040 1111 baptismum

256 1130 378 1160 obtenta,
401 1135 476 1154 mors
498 1126 660 1156 leniebatur.
688 1125 802 1151 invitam
827 1131 892 1158 erga
914 1121 1039 1149 homines

256 1174 428 1202 clementiam
449 1180 497 1207 per
512 1171 700 1207 paenitentiam
724 1169 831 1196 educta.
854 1168 923 1195 Cum
949 1171 1038 1194 autem

257 1219 365 1246 advenit
384 1217 514 1244 Dominus
529 1215 687 1243 mconomim
702 1214 833 1249 sapientia
849 1212 1037 1243 absconditus,

256 1264 405 1293 occultavit
425 1263 482 1298 ipse
504 1269 612 1297 quoque
638 1261 740 1288 amictu
766 1259 874 1286 mortali
897 1258 1039 1293 dignitatis

257 1312 440 1348 splendorem.
456 1309 525 1337 Cum
541 1309 567 1335 id
586 1308 668 1343 probe
689 1310 782 1334 nosset
796 1305 916 1332 Joannes
939 1313 968 1332 se
989 1305 1038 1332 do-

255 1364 359 1385 ctorem
373 1356 463 1384 statim
481 1355 509 1382 in
522 1355 664 1382 satellitem
684 1353 830 1384 convertit,
844 1355 1040 1385 contractaque

256 1411 350 1436 manu,
365 1401 508 1438 praesentis
521 1400 649 1436 (Domini)
662 1406 750 1434 prmco
763 1398 852 1424 factus
867 1401 909 1425 est
923 1407 929 1424 ε
949 1406 958 1422 ι
971 1397 1039 1423 Εςιτε

256 1450 349 1484 Agnus
367 1448 424 1480 Dei,
438 1447 484 1482 qui
500 1445 569 1473 tollit
585 1449 726 1480 peccatum
744 1443 837 1470 mundi
846 1443 878 1469 δ’.
895 1452 903 1468 ι
914 1442 972 1475 llic,
989 1442 1036 1473 ait,

254 1498 297 1521 est
312 1492 357 1528 qui
375 1492 472 1519 liberat
496 1498 510 1516 a
538 1495 634 1516 morte.
652 1488 702 1516 Hic
722 1492 764 1516 est
784 1488 831 1523 qui
857 1487 926 1514 tollit
942 1494 1038 1522 pecca-

254 1543 321 1565 tum.
341 1537 398 1572 Ego
417 1543 482 1563 vero
499 1538 530 1561 ut
553 1534 647 1569 sponsi
661 1533 768 1566 ductor,
791 1540 846 1560 non
866 1535 896 1559 ut
918 1539 1036 1567 sponsus

254 1585 357 1612 missus
378 1590 448 1610 sum.
465 1581 580 1608 Satelles
597 1588 651 1608 non
668 1579 799 1607 Dominus
814 1580 886 1606 veni.

287 1631 314 1657 ’5.
334 1629 416 1656 Hisce
433 1627 524 1655 verbis
544 1627 700 1654 stimulatus
712 1625 898 1660 apostolorum
913 1625 1036 1652 clarissi-

253 1685 315 1704 mus
329 1675 462 1706 Andreas,
479 1673 608 1708 magistro
623 1672 730 1703 relicto,
748 1671 782 1698 ad
797 1678 859 1698 eum
877 1670 924 1706 qui
939 1670 1037 1705 praedi-

253 1722 367 1749 cabatur
379 1719 497 1746 accurrit
511 1727 518 1745 :
535 1722 701 1752 acceptoque
710 1716 785 1743 verbi
800 1715 910 1746 vexillo,
922 1714 1036 1741 Joannis

252 1767 346 1801 lingua
361 1765 480 1792 velocior
493 1763 608 1790 edicitur
622 1772 628 1789 :
644 1762 841 1797 Dominumque
857 1760 962 1791 adiens.
977 1761 1036 1795 ipso

253 1813 348 1839 habitu
364 1809 530 1838 desiderium
554 1807 675 1839 exhibet,
693 1806 810 1834 abducto
827 1813 920 1834 secum
937 1812 1035 1834 cursus

253 1857 352 1884 comite
367 1855 471 1882 Joanne
497 1852 664 1887 evangelista
678 1861 684 1879 :
698 1851 779 1878 ambo
793 1851 905 1878 lucerna
928 1850 1034 1883 relicta,

254 1903 287 1930 ad
309 1902 393 1929 solem
410 1902 566 1936 properant.
590 1897 713 1925 Andreas
738 1897 825 1932 prima
849 1896 1036 1931 apostolorum

252 1948 385 1986 plantatio
403 1959 408 1975 :
423 1947 467 1974 hic
490 1946 642 1981 disciplina)
665 1944 768 1972 Christi
788 1948 881 1979 portas
908 1943 1033 1978 aperuit:

251 1995 358 2031 primus
381 1992 547 2029 prophetica:
568 1990 741 2025 agricultura:
761 1989 865 2016 fructus
888 1988 1034 2023 decerpsit,

252 2040 428 2073 omniumque
450 2037 506 2072 spei
519 2043 699 2071 praecurrens,
716 2035 790 2070 prior
811 2043 872 2062 eum
887 2042 968 2071 quem
982 2042 1036 2061 om-

252 2095 302 2114 nes
318 2085 513 2121 exspectabant
537 2083 695 2117 complexus
712 2085 763 2109 cst.
788 2081 896 2109 Primus
917 2081 1036 2109 ostendit

253 2133 320 2168 legis
336 2136 469 2168 praecepta
485 2134 560 2158 certo
575 2129 706 2164 temporis
719 2129 808 2163 spatio
825 2127 1034 2163 circumscripta

1092 890 1183 926 ξίφους
1198 890 1246 926 τὴν
1256 889 1346 925 ἀκμὴν
1359 888 1518 915 ἀνακόπτων
1531 888 1586 918 τοῖς
1602 886 1744 922 ῥεύμασιν.
1758 881 1800 915 Οἷς
1815 883 1858 917 γὰρ

1091 939 1107 973 ἠ
1121 937 1167 964 τοῦ
1181 937 1263 972 νόμου
1279 936 1436 971 παράϐασις
1450 935 1563 961 θάνατον
1577 934 1664 964 ἔτεκε,
1679 932 1786 962 τούτους
1802 938 1857 964 προ-

1091 982 1249 1017 εξαρπάζων
1258 982 1272 1007 6
1282 979 1435 1014 Βαπτιστὴς
1442 981 1475 1014 τῇ
1486 978 1612 1014 μετανοίᾳ
1621 978 1794 1013 προέπεμπεν
1804 974 1858 1008 (55).

1096 1028 1204 1062 Ἐπειδὴ
1218 1027 1272 1063 γὰρ
1289 1027 1371 1062 μήπω
1387 1026 1477 1060 παρῆν
1497 1026 1510 1051 6
1528 1024 1670 1050 καταλύων
1690 1022 1734 1049 τὸν
1751 1021 1858 1051 θάνατον,

1089 1076 1150 1106 ταῖς
1175 1074 1217 1100 διὰ
1243 1072 1289 1100 τοῦ
1313 1072 1500 1108 βαπτίσματος
1526 1069 1703 1105 ὑπερθέσεσιν
1727 1068 1741 1094 6
1764 1066 1859 1095 Θάνατος

1091 1121 1252 1157 ἐπραΰνετο,
1284 1120 1411 1146 ἀκουσιον
1433 1115 1638 1152 φιλανθρωπίαν
1668 1113 1712 1141 διὰ
1736 1111 1860 1149 μετανοίας

1091 1155 1328 1201 ἐκπαιδευόμενος.
1346 1164 1409 1190 Ὀτε
1424 1162 1452 1189 δὲ
1476 1161 1566 1197 παρῆν
1583 1162 1596 1187 6
1611 1160 1744 1194 δεσπότης
1764 1155 1860 1193 κρυπτά·

1091 1221 1171 1248 μενος
1186 1213 1220 1246 τῇ
1240 1211 1290 1246 τῆς
1316 1209 1471 1244 οἰκονομίας
1495 1206 1587 1242 σοφίᾳ,
1609 1206 1657 1232 καὶ
1680 1204 1804 1240 κρύπτων
1822 1202 1860 1235 τῆς

1090 1258 1168 1291 ἀξίας
1186 1257 1234 1293 τὴν
1251 1256 1395 1292 ἀστραπὴν
1412 1256 1440 1281 ὲν
1462 1253 1626 1289 περιϐολαίῳ
1649 1251 1748 1286 θνητῷ,
1767 1248 1859 1283 γνοὺςὸ

1096 1304 1231 1340 Ἰωάννης⁷
1247 1303 1328 1334 εὐθὺς
1349 1302 1394 1328 τὸν
1414 1299 1558 1334 παιδευτὴν
1579 1300 1619 1330 εἰς
1644 1296 1785 1333 δορυφόρον
1810 1301 1860 1329 μετ-

1091 1351 1182 1382 έϐαλε,
1197 1351 1244 1377 καὶ
1256 1349 1305 1384 τὴν
1317 1350 1394 1384 χεῖρα
1406 1341 1547 1377 συστείλας
1568 1343 1657 1380 κῆρυξ
1681 1342 1728 1369 τοῦ
1746 1340 1860 1376 παρόντος

1089 1397 1210 1431 ἐγένετο·
1241 1405 1249 1420 ι
1272 1395 1339 1426 Ἴδε,
1363 1394 1378 1420 6
1400 1392 1497 1428 Ἀμνὸς
1517 1391 1564 1417 τοῦ
1590 1390 1671 1421 Θεοῦ,
1691 1390 1705 1415 6
1728 1389 1807 1423 αἴρων
1821 1385 1860 1420 τὴν

1090 1442 1226 1478 ἁμαρτίαν
1244 1440 1289 1468 τοῦ
1310 1440 1424 1475 κόσμου.
1444 1448 1453 1464 ι
1472 1434 1565 1469 Οὗτος,
1582 1436 1676 1471 φησὶν,
1693 1436 1707 1461 6
1725 1433 1771 1460 τοῦ
1786 1431 1861 1478 (lavdi-

1088 1475 1135 1514 τὸυ
1150 1475 1247 1522 λυτήρ.
1263 1483 1347 1517 Οὗτος
1359 1487 1373 1511 6
1385 1485 1433 1520 τῆς
1445 1482 1580 1518 ἁμαρτίας
1593 1480 1748 1516 ἀναιρέτης.
1769 1475 1860 1511 Ἐγὼδὲ

1051 1515 1072 1543 C
1089 1515 1281 1569 νυμφαγωγὸς,
1306 1515 1345 1557 οὐ.
1360 1515 1475 1565 νυμξςιος
1504 1515 1686 1562 ἆπέσταλμαι.
1716 1523 1860 1559 Δορυφόρος,

1088 1580 1117 1606 οὐ
1133 1579 1269 1613 Δεσπότης
1286 1576 1412 1613 ἐλήλυθα.

1124 1626 1151 1653 5.
1166 1624 1277 1656 Τούτοις
1289 1625 1344 1655 τοῖς
1359 1623 1478 1658 ῥήμασιν
1494 1622 1508 1649 6
1519 1620 1572 1648 τῶν
1587 1617 1743 1646 ἀποστόλων
1757 1621 1860 1652 περιφα·

1087 1668 1215 1700 νέστατος
1235 1667 1360 1703 Ἀνδρέας
1371 1667 1541 1701 νυττόμενος,
1561 1665 1606 1690 τὸν
1629 1661 1772 1696 παιδευτὴν
1789 1667 1859 1687 κατα·

1087 1714 1182 1749 λείψας
1194 1715 1260 1750 πρὸς
1272 1715 1317 1740 τὸν
1334 1712 1533 1749 κηρυττόμενον
1547 1711 1660 1746 ἔδραμε·
1672 1709 1718 1736 καλ¹
1732 1707 1859 1741 δεξάμενος

1086 1760 1134 1787 τοῦ
1150 1760 1230 1794 λόγου
1247 1760 1277 1786 τὸ
1299 1759 1434 1794 σύνθημα,
1448 1758 1552 1792 γίνεται
1569 1756 1621 1791 τῆς
1644 1755 1763 1782 Ἰωάννου
1786 1749 1859 1786 γλώσ·

1088 1815 1138 1844 σης
1154 1807 1294 1842 ὀξύτερος·
1314 1805 1361 1832 καὶ
1379 1804 1417 1840 τῷ
1432 1803 1555 1839 Δεσπότῃ
1577 1801 1744 1838 προσελθὼν,
1769 1797 1858 1824 ἐδείκνυ

1086 1855 1131 1881 τὸν
1146 1853 1227 1880 πόθον
1237 1853 1274 1888 τῷ
1287 1853 1416 1887 σχήματι,
1425 1851 1552 1878 κοινωνὸν
1566 1849 1614 1876 τοῦ
1629 1849 1727 1885 δρόμου
1742 1846 1783 1872 τὸν
1793 1843 1859 1875 εὐαγ-

1087 1899 1212 1934 γελιστὴν
1236 1887 1358 1933 Ἰωάννην
1386 1896 1622 1931 συναπαγόμενος·
1649 1894 1695 1921 καὶ
1717 1893 1802 1927 ἄμφων

1086 1931 1180 1980 λύχνον
1190 1931 1196 1934 ”
1206 1931 1391 1978 ἁφέντεςίέπὶ
1407 1942 1452 1968 τὸν
1464 1942 1538 1977 ἥλιον
1553 1941 1692 1975 φέρονται,
1711 1931 1852 1980 Ἀνδρέαςῗή

1087 1990 1181 2027 πρώτη
1209 1990 1262 2016 τῶν
1288 1988 1442 2016 ἀποστόλων
1468 1987 1579 2022 φυτεία·
1597 1982 1674 2017 οὗτος
1698 1982 1792 2018 ἀνέῳξε
1811 1979 1853 2013 τῆς

1087 2036 1204 2072 Χριστοῦ
1221 2035 1367 2071 μαθητείας
1379 2035 1428 2066 τὰς
1445 2034 1544 2064 πύλας⁸
1561 2033 1669 2068 πρῶτος
1680 2030 1728 2064 τῆς
1741 2031 1855 2072 προφητι-

1087 2070 1138 2118 κῆς
1151 2070 1360 2116 γεωργίαςντοὺς
1371 2080 1494 2115 καρποὺς
1504 2078 1649 2114 ἐτρύγησε,
1668 2076 1713 2103 καὶ
1726 2074 1773 2105 τὰς
1785 2070 1858 2098 ἁπάνα

1088 2137 1141 2156 των
1155 2128 1264 2159 ἐλπίδας
1278 2127 1469 2163 ὑπερδραμὼν,
1486 2125 1592 2162 πρῶτος
1609 2125 1656 2151 τὸν
1673 2121 1746 2158 παρὰ
1765 2118 1857 2163 πάντωξ

254 2158 318 2168 --π-
337 2158 349 2168 τ
372 2158 387 2159 η
427 2158 435 2166 ι
632 2158 638 2164 .
735 2158 739 2163 ,
990 2158 997 2163 ,

253 2187 324 2206 esse.
338 2178 446 2204 Primus
464 2176 547 2203 Mosis
563 2175 690 2218 ’linguam
715 2175 847 2205 cohibuit,
864 2181 914 2201 nec
936 2182 1035 2208 passus

1090 2174 1311 2211 προσδοκώμενον
1325 2173 1546 2208 περιπτύσσεται.
1559 2170 1671 2206 Πρῶτος
1682 2166 1762 2199 ἔδειξε
1777 2162 1807 2190 τὰ
1818 2158 1856 2187 τοῦ

252 2229 295 2252 cst
312 2227 342 2251 ut
358 2227 419 2258 post
432 2222 571 2249 Christum
587 2229 619 2247 ea
633 2221 788 2255 loqueretur
803 2230 809 2247 :
824 2227 877 2246 non
901 2219 972 2254 quod
986 2219 1035 2246 do—

252 2274 355 2297 ctorem
369 2268 524 2295 Judzcorum
546 2265 711 2293 contumelia
736 2265 870 2296 alliceret.
897 2265 945 2292 sed
962 2265 1035 2300 quod

252 2313 356 2347 majore
374 2312 526 2338 mittentem
547 2318 628 2345 quam
646 2310 761 2337 missum
787 2311 813 2336 in
832 2310 934 2337 honore
950 2310 1035 2337 babe-

251 2364 292 2385 ret
306 2367 311 2384 :
327 2358 381 2384 imo
396 2357 470 2392 prior
486 2357 563 2384 visus
576 2361 618 2384 est
633 2356 725 2384 Mosen
739 2357 883 2388 honorare,
900 2364 964 2383 cum
983 2357 1036 2391 pri-

251 2412 314 2431 mus
337 2403 411 2430 norit
434 2411 497 2431 eum
522 2411 602 2439 quem
626 2402 671 2430 ille
693 2403 872 2438 prazdixerat:
889 2412 898 2428 ι
912 2402 1035 2437 Prophe-

251 2454 319 2481 tam,
336 2459 346 2475 ι
363 2449 460 2484 inquit,
481 2459 490 2475 ‹
505 2449 649 2476 suscitabit
663 2449 740 2476 vobis
755 2447 886 2476 Dominus
898 2449 969 2476 Deus
985 2456 1036 2475 no-

252 2499 309 2521 ster
323 2502 357 2521 ex
371 2494 502 2521 fratribus
513 2495 611 2521 vestris
625 2493 696 2521 sicut
708 2501 765 2520 me:
777 2493 864 2528 ipsum
877 2494 968 2521 audite
976 2494 1009 2520 ⁸³.
1024 2504 1033 2519 ι

252 2538 350 2574 Legem
372 2542 482 2566 recusat
495 2538 547 2574 legi
561 2538 725 2572 obsequens.
743 2537 852 2564 Audivit
866 2536 976 2572 Moysen
994 2537 1036 2564 di-

252 2588 380 2612 centem:
398 2593 408 2609 (
422 2583 513 2618 Ipsum
536 2583 646 2610 audite:
662 2593 671 2609 ι
700 2583 803 2610 audivit
821 2582 953 2610 Joannem
979 2583 1037 2610 cla-

253 2634 373 2657 mantem
386 2638 393 2656 2
409 2638 418 2655 ι
431 2629 500 2656 Ecce
510 2629 603 2663 Agnus
615 2628 678 2661 Dei;
691 2638 700 2654 ι
715 2632 796 2663 atque
812 2629 857 2656 illo
873 2632 986 2656 ostenso
1001 2629 1035 2656 ad

256 2683 314 2703 eum
330 2679 426 2710 sponte
442 2676 569 2702 accessit.
586 2674 653 2701 Cum
670 2678 847 2709 cognosceret
861 2675 952 2702 autem
968 2682 1032 2710 pro-

287 2754 311 2769 "
329 2753 408 2781 Joan.
424 2762 447 2784 1,
465 2754 510 2780 29.
548 2754 571 2769 ⁸³
587 2752 664 2780 Deut.
683 2761 764 2785 xvm,
785 2753 824 2780 15.

288 2833 344 2869 (55)
360 2833 540 2865 Colbertinus,
557 2840 743 2868 παρεπεμπεν.

1088 2209 1169 2257 νόμον
1192 2209 1388 2256 προστάγματα
1405 2218 1558 2254 προθεσμίᾳ
1575 2209 1856 2257 μετρούμεναῐῖρᾷπξς

1088 2252 1138 2303 την
1162 2252 1282 2298 Μωσέως
1299 2252 1394 2300 ἔστησε
1413 2252 1550 2300 γλῶτταν,⁷
1564 2263 1633 2298 μετὰ
1642 2259 1755 2296 Χριστὸν
1774 2252 1854 2303 λαλού-

1090 2300 1139 2348 σης
1151 2313 1200 2338 οὐκ
1219 2312 1410 2347 ἄνασχόμενος,
1424 2311 1474 2346 οὐχ
1490 2309 1676 2345 ὑϐριζόμενος,
1692 2306 1739 2340 οὐχ
1755 2300 1855 2348 ὑδρίξωξ

1165 2342 1304 2384 Ἰουδαίων
1322 2342 1370 2383 τὸν
1392 2342 1554 2391 παιδευτὴν
1579 2342 1646 2381 ἀλλὰ
1670 2347 1802 2386 προτιμῶν
1817 2342 1854 2391 ﬁll"

1088 2402 1258 2438 πεμφθέντος
1274 2403 1318 2429 τὸν
1338 2402 1491 2438 πέμψαντα·
1511 2387 1609 2436 μᾶλλον
1624 2399 1652 2425 δὲ
1677 2395 1780 2432 πρῶτος
1790 2387 1854 2438 ὤφθη

1086 2449 1132 2475 τὸν
1151 2449 1251 2475 Μωσὲα
1266 2448 1352 2483 τιμῶν
1363 2457 1369 2463 ·
1389 2448 1496 2483 πρῶτος
1522 2446 1627 2480 ἐπέγνω
1647 2444 1692 2470 τὸν
1707 2441 1749 2468 ὑπ’
1765 2435 1854 2465 ἐκείνου

1088 2494 1334 2529 προφητευόμενοψ
1353 2503 1363 2519 ε
1376 2494 1522 2529 Προφήτην
1538 2493 1601 2527 ὑμῖν
1618 2483 1855 2528 ἀναστιήσειΚύΡιθξ

1087 2541 1101 2566 ὁ
1117 2540 1182 2572 Θεὸς
1202 2540 1279 2575 ἡμῶν
1296 2541 1328 2567 ἐκ
1350 2540 1404 2566 τῶν
1423 2539 1542 2574 ἀδελφῶν
1557 2537 1633 2573 ὑμῶν
1649 2536 1686 2567 ὡς
1706 2533 1754 2569 ὲμέ
1764 2539 1770 2546 '
1784 2529 1854 2575 αῨτου

1090 2573 1240 2613 ἀκούετε...»
1258 2587 1434 2622 Παραιτεῖται
1448 2573 1497 2613 τὸν
1513 2585 1594 2620 νόμον
1605 2582 1643 2618 τῷ
1656 2581 1727 2616 νόμῳ
1742 2573 1855 2622 πειθόμε·

1089 2640 1142 2663 νος.
1169 2633 1287 2659 Ἤκουσε
1298 2621 1418 2664 Μωσέως
1437 2631 1589 2662 λαλοῦντος·
1604 2638 1613 2654 ε
1627 2625 1711 2654 Αὐτοῦ
1721 2621 1832 2650 ἀκούετε.
1842 2625 1852 2666 ζ

1089 2677 1223 2704 Ἤκουσεν
1252 2679 1373 2705 Ἰωάννου
1403 2678 1524 2713 βοῶντος·
1553 2685 1564 2704 ι
1594 2674 1645 2701 ἰδε
1665 2673 1679 2698 ὁ
1710 2667 1800 2703 Ἀμνὺς
1814 2669 1854 2689 του
