1926 3067
74 184 145 216 1105

654 189 832 218 ENCOMIUM
851 189 885 217 IN
905 190 934 219 S.
953 192 1128 220 ANDREAM.

1625 196 1693 224 “06

72 246 157 272 Θεοῦ·
172 255 182 272 ι
201 246 248 272 καὶ
263 246 358 280 γέγονε
371 247 438 283 πρὸς
454 248 502 283 τὴν
518 247 598 280 δεῖξιν
613 249 770 284 αὐτόμολος.
790 250 862 276 Ἐπι-

917 251 1025 286 plictam
1041 252 1116 278 illum
1132 252 1274 287 prophetia
1289 253 1507 288 praenuntiatum,
1528 252 1638 280 fratrem
1652 261 1695 280 se-

73 293 155 327 γνοὺς
178 293 206 319 δὲ
225 293 270 319 τὸν
293 294 513 329 προφητευθέντα
536 295 687 330 προφήτην,
701 297 866 330 χειραγωγεῖ

72 338 121 364 τὸν
134 339 245 373 ἀδελφὺν
261 339 329 374 πρὸς
346 339 394 374 τὴν
408 339 524 374 εὕρεσιν.
544 341 695 374 Ἀγνοοῡντι
712 341 750 376 τῷ
770 342 865 378 Πέτρῳ

73 383 120 410 τὸν
132 383 266 420 θησαυρὸν
278 385 426 411 δείκνυσιν·
444 394 453 411 ι
472 386 634 421 Εὑρήκαμεν
650 387 695 413 τὸν
712 387 833 413 Μεσσίαν
852 397 861 413 ι

74 430 105 456 ὃν
119 429 281 465 ὲποθοῦμεν.
303 427 339 456 Οὗ
360 430 409 466 τὴν
427 431 576 466 παρουσίαν
595 432 758 467 ἠλπίσαμεν,
770 433 864 460 τούτου

78 475 129 510 τὴν
147 475 262 511 θεωρίαν
275 476 452 511 ἀρπάσωμεν.
466 477 629 513 Εὑρήκαμεν
652 478 680 504 ὂν
700 479 864 514 προφητικαὶ

77 521 181 556 βοῶσαι
192 521 339 555 σάλπιγγες
354 523 495 555 ἀναμένειν
507 523 773 557 ὲκέλευον.’Ἡνεγκεν
781 525 794 550 ὁ
803 524 865 559 χρό-

74 575 122 598 νος
144 566 173 593 ὃν
190 567 206 601 ἡ
229 567 307 601 χάρις
327 567 522 602 ὲκήρυττεν,ὂν
539 568 651 603 ἤλπισεν
670 570 683 595 ὁ
705 568 784 601 πόθος
800 569 863 596 ἰδεῖν

71 612 207 647 ὅμμασ.ν.
233 610 303 646 Εὗρε
326 613 390 648 γὰρ,
421 614 513 649 φησὶν,
531 611 608 646 οὗτος
623 615 668 641 τὸν
684 615 795 649 ἀδελφὸν
820 615 864 641 τὸν

73 658 140 684 ἴδιον
157 658 274 692 Σίμωνα.
287 658 334 684 καὶ
350 658 488 694 μερίζεται
505 659 572 694 πρὸς
587 660 667 686 αὐτὸν
683 660 732 695 τῆς
749 660 864 695 θεωρίας

70 703 119 729 τὸν
142 703 285 739 θησαυρόν.
314 705 484 740 Χειραγωγεῖ
504 705 572 740 πρὸς
596 706 642 732 τὸν
663 705 795 740 δεσπότην
818 706 863 732 τὸν

71 748 186 784 Πέτρον.
216 749 246 775 Ὢ
273 748 426 784 παραδόξου
447 749 600 785 θαύματοςῐ
634 750 716 777 Οὔπω
743 751 863 786 μαθητὴς

78 794 205 829 Ἀνδρέας
233 794 280 820 καὶ
309 794 466 830 καθηγητὴς
503 795 653 831 ἀνθρώπων
692 795 860 823 καθίσταται.

79 840 148 866 Ἀπο
164 839 208 866 τοί
226 840 360 867 διδάσκειν
377 840 422 866 τοῦ
441 841 584 876 μανθάνειν
598 841 754 876 ἀπήρξατο·
773 841 862 876 ἀρπά-

72 885 114 917 ζει
126 886 175 921 τῆς
188 886 338 921 ἀποστολῆς
348 886 398 921 τὴν
411 886 497 918 ἀξίαν.
509 887 671 923 Εὑρήκαμεν
678 888 723 913 τὸν
730 887 860 914 Μεσσίαν.

915 305 977 324 cum
1003 297 1112 324 adducit
1129 301 1159 324 ut
1183 297 1312 333 inquirat.
1329 298 1466 334 Ignoranti
1485 298 1564 326 Petro
1582 298 1694 325 thesau-

915 350 975 369 rum
996 343 1115 370 ostendit
1130 351 1136 369 :
1152 352 1161 368 ι
1177 343 1334 371 Invenimus
1355 343 1480 372 Messiam
1492 343 1514 359 “
1526 353 1535 369 ι
1552 351 1631 378 quem
1647 343 1696 370 de—
1735 372 1737 376 τ

916 388 1114 416 siderabamus.
1141 389 1226 424 Cujus
1248 390 1393 417 adventum
1413 391 1593 425 speravimus,
1613 390 1695 424 hujus

914 439 1089 468 conspectum
1103 442 1281 470 occupemus.
1295 435 1448 464 Invenimus
1467 444 1527 463 eum
1542 443 1623 471 quem
1635 443 1694 470 pro-

915 477 1030 512 phetica;
1048 479 1205 513 clangentes
1221 480 1292 506 tubae
1306 485 1465 514 exspectare.
1482 481 1623 514 jubebant.
1639 478 1694 505 Tu-

913 522 944 548 lit
977 526 1084 558 tempus
1109 531 1170 550 eum
1195 531 1274 558 quem
1306 525 1391 558 gratia
1419 524 1587 558 prmdicavit,
1612 531 1693 558 quem

913 575 990 595 amor
1001 576 1030 596 se
1044 569 1131 596 oculis
1148 570 1268 596 visurum
1286 570 1414 604 speravit.
1434 569 1499 596 Nam
1523 570 1633 598 invenit,
1650 568 1694 595 in-

913 615 981 649 quit,
999 614 1110 642 fratrem
1125 623 1204 642 suum
1220 615 1370 647 Simonem,
1384 619 1464 649 atque
1478 623 1538 642 cum
1550 622 1583 642 eo
1597 613 1694 640 dividit

914 660 996 694 hujus
1019 661 1167 695 spectaculi
1191 661 1361 688 thesaurum.
1388 660 1503 687 Adducit
1527 660 1636 686 Petrum
1660 659 1694 686 ad

913 705 1068 734 Dominum.
1082 706 1104 733 0
1125 706 1288 741 stupendum
1306 707 1485 733 miraculum!
1509 706 1634 732 Nondum
1652 704 1694 730 di-

913 752 1034 786 scipulus
1064 755 1106 779 est
1129 752 1264 784 Andreas.
1292 755 1319 779 et
1344 751 1485 778 hominum
1511 750 1610 778 ductor
1628 756 1694 776 cou-

913 798 1043 826 stituitur.
1064 798 1088 824 A
1101 797 1224 825 docendo
1249 797 1355 825 discere
1378 797 1508 832 inct‘epit:
1526 797 1694 831 apostolatus

912 843 1069 879 dignitatem
1095 843 1176 878 rapit.
1194 842 1349 871 Invenimus
1370 842 1505 869 lilessiam.
1532 840 1554 868 0
1570 845 1636 876 quot
1652 841 1694 867 in-

914 890 1056 917 somnibus
1074 889 1163 916 ductis
1179 889 1211 915 ad
1226 888 1327 915 ﬂuenta
1343 888 1472 915 Iordanis
1487 887 1623 919 noctibus,
1636 886 1692 921 jam

74 932 108 958 Ὢ
123 932 209 964 πόσας
227 932 327 964 νύκτας
341 933 459 965 ἀΰπνους
473 933 621 965 ἀνύσαντες
638 933 711 969 παρὰ
724 935 780 965 τοῖς
797 933 862 969 Ἰορ-

915 943 994 970 quem
1012 935 1172 970 optabamus
1196 934 1368 962 invertimus!
1387 933 1563 968 Nequaquam
1576 932 1627 959 fuit
1643 931 1693 958 Pe-

71 978 151 1005 δάνου
179 978 305 1015 ῥείθροις,
322 979 369 1006 νῦν
393 979 421 1006 ὃν
449 979 598 1014 ὲττοθοῦμεν
616 980 788 1015 εὑρήκαμενῐ
805 980 861 1006 Οὐκ

71 1023 106 1060 ἦν
122 1024 221 1060 βραδὺς
239 1024 307 1059 μετά
321 1024 369 1059 τὴν
385 1024 475 1060 φωνὴν
495 1018 509 1051 6
530 1025 647 1060 Πέτρος·
671 1025 794 1060 Ἀνδρέου
808 1024 862 1060 γὰρ

71 1069 106 1106 ἦν
120 1070 246 1104 ἁδελφόςν
268 1070 315 1097 καὶ¹
339 1070 426 1105 θερμῇ
446 1071 479 1105 τῇ
502 1069 599 1105 γνώμῃ
620 1070 669 1101 τὰς
682 1069 768 1101 ἀκοὰς
781 1070 862 1096 ὲκπε-

72 1117 159 1148 τάσας
173 1115 311 1150 ἠπείγετο.

109 1162 136 1188 ι.
153 1159 248 1188 Λαϐὼν
260 1160 305 1187 τὸν
317 1160 419 1195 Πέτρον
430 1161 444 1186 6
458 1159 584 1195 Ἀνδρέας
597 1159 635 1195 τῷ
647 1160 769 1196 Δεσπότῃ
781 1169 863 1196 προσ-

73 1208 134 1242 άγει
150 1207 196 1234 τὸν
211 1206 340 1242 μεριστὴν
352 1207 400 1241 τῆς
417 1206 534 1240 φύσεως,
550 1206 678 1233 κοινωνὸν
697 1207 747 1241 τῆς
773 1207 862 1242 μαθη-

73 1254 151 1286 τείας
164 1254 399 1289 ἀπεργασάμενος.
408 1254 493 1280 Τοῦτο
504 1253 611 1288 πρῶτον
630 1253 752 1288 ’Λθδρέου
766 1253 864 1289 κατόρ-

75 1300 165 1335 θωμα.
187 1299 293 1334 Ηῦξησε
314 1299 368 1326 τῶν
389 1299 544 1326 ἀποστόλων
563 1299 609 1326 τὸν
627 1299 758 1335 ἀριθμόν·
782 1309 863 1335 προσ-

75 1346 177 1381 ήνεγκε
192 1345 306 1380 Πέτρον,
316 1345 348 1371 ἵν’
360 1345 427 1380 εὕρῃ
435 1345 549 1380 Χριστὸς
557 1345 601 1372 τὸν
614 1345 667 1371 τῶν
680 1345 809 1380 μαθητῶν
824 1355 865 1372 κο-

79 1393 203 1427 ρυφαῖον.
221 1391 300 1417 Ὥστε
322 1391 368 1418 καὶ¹
391 1392 420 1417 ὲν
441 1388 481 1422 οἷς
496 1390 607 1426 ὕστερον
623 1390 771 1426 εὐδοκιμῶν
785 1392 798 1417 ὀ
810 1391 863 1417 Πέ-

73 1446 137 1472 τρος
158 1437 331 1472 εὑρίσκεται,
352 1436 427 1472 ποιρά
455 1436 577 1472 ’Δνδρέου
596 1437 645 1471 τῆς
663 1437 863 1472 εὐδοκιμήσεως

74 1482 130 1518 ἔχει
145 1482 180 1509 τὰ
191 1482 344 1518 σπέρματα.
366 1482 435 1508 Ἀλλ’
451 1482 468 1518 ἡ
481 1482 535 1508 τῶν
549 1482 665 1508 ἐπαίνων
680 1482 822 1518 ἰσόρροπος
834 1481 864 1514 ἐξ

74 1528 212 1563 ἑκατέρων
242 1528 309 1563 πρὸς
334 1528 464 1564 ἀλλήλους
493 1528 625 1559 ἀντίδοσις
643 1527 757 1562 γίνεται.
776 1529 863 1554 υἰκει-

73 1573 168 1600 οὖνται
178 1573 231 1608 γὰρ
243 1573 276 1600 τὰ
289 1573 411 1609 ἀλλήλων
424 1573 522 1608 ἀγαθὰ..
537 1573 582 1600 καὶ
596 1574 652 1604 τοῖς
663 1573 784 1608 ἀλλήλων
795 1573 863 1607 ἀγα-

74 1618 131 1650 θοῖς
157 1619 361 1654 ἐναϐρύνονται.
389 1619 477 1655 Πόσην
498 1619 563 1653 γοῦν
593 1619 690 1654 ἤνεγκε
716 1619 772 1650 τοῖς
796 1619 862 1645 πᾶσι

75 1664 164 1700 χαρὰν
173 1665 187 1690 6
199 1664 300 1699 Πέτρος
314 1664 381 1700 πρὸς
391 1664 440 1696 τὰς
452 1664 613 1695 δεσποτικὰς
624 1664 770 1699 ἐρωτήσεις
781 1663 862 1696 ὀξέως

75 1709 299 1746 ἀποκρινόμενος,
309 1710 357 1737 καὶ
369 1710 453 1742 λύσας
470 1710 575 1746 σιωπὴν
588 1709 715 1745 μαθητῶν
734 1709 864 1745 έρυθριῶρ

76 1763 144 1787 σανς
160 1764 169 1780 ι
186 1755 252 1782 Τίνα
268 1763 301 1790 με
319 1755 442 1790 λέγουσιν
467 1757 492 1782 οἱ
513 1756 649 1792 ἄνθρωποι
677 1753 762 1789 sint;
781 1766 789 1782 ι
809 1757 863 1784 Καὶ

74 1800 112 1832 ὡς
125 1801 205 1832 αὐτὸς
219 1800 256 1828 ὢν
266 1801 320 1828 τῶν
336 1801 526 1837 ἐρωτηθέντων
538 1803 554 1837 ἡ
569 1802 711 1837 γλῶττα,ἢ
725 1802 762 1833 ὡς
777 1802 863 1828 ἁπάν-

75 1853 130 1872 των
143 1847 171 1873 ἐν
185 1847 282 1882 ἐκείνῳ
295 1846 454 1879 λαλούντων,
467 1847 546 1882 μόνος
562 1847 631 1882 ὑπὲρ
643 1848 751 1874 πάντων
766 1847 863 1881 ἐφθέγ-

75 1899 149 1926 γετο’
164 1901 173 1916 ι
189 1892 224 1918 Σὺ
243 1890 268 1918 εἷ
278 1893 292 1918 ὁ
306 1892 421 1928 Χριστὸς
432 1893 446 1919 ὀ
458 1892 522 1924 Υἱὸς
533 1893 580 1919 τοῦ
593 1893 660 1919 Θεοῦ
673 1892 718 1919 τοῦ
730 1893 838 1927 ζῶντος,
851 1903 859 1918 ι

77 1937 128 1972 μιᾷ
143 1939 219 1972 φωνῇ
236 1937 283 1964 καὶ
301 1938 346 1964 τὸν
358 1938 560 1974 οίκονομοῦντα,
581 1939 628 1965 καὶ
642 1938 692 1974 τὴν
707 1938 862 1974 οἰκονομίαν

75 1982 329 2018 ἀποφθεγξάμενος.
348 1984 379 2010 Ὢ
403 1983 560 2018 συμφωνίας
579 1983 725 2019 ρημάτωνί
748 1981 788 2015 οἷς
809 1983 863 2020 γὰρ

82 2029 212 2065 Ἀνδρέας
227 2031 273 2056 τὸν
294 2030 618 2067 Πέτρον.ὲχειραγώγησε
632 2032 744 2068 ῥήμασι,
760 2031 864 2063 τούτοις

75 2075 178 2103 ἄνωθεν
191 2077 206 2102 6
221 2076 316 2112 Πατὴρ
331 2076 376 2103 τὸν
392 2077 494 2113 Πέτρον
511 2077 615 2112 ὲνηχῶν
641 2077 861 2114 καθυπέγραφεν.

81 2123 199 2154 Ἐκεῖνος
209 2122 309 2157 ἔλεγεν·
316 2132 324 2148 ι
337 2123 500 2158 Εὑρήκαμεν
509 2125 554 2150 τὸν
569 2124 700 2151 Μεσσίαν.
712 2134 723 2150 ν
734 2124 763 2150 '0
773 2124 863 2160 πατὴρ

75 2169 211 2196 ὑπέὸαλλε
228 2169 327 2204 λέγων·
349 2178 358 2195 ι
378 2170 414 2196 Σὺ
431 2167 457 2196 εἴ
473 2170 486 2196 6
502 2170 562 2201 Υἱὸς
575 2169 622 2196 τοῦ
641 2169 708 2196 Θεοῦ
725 2169 772 2196 τοῦ
796 2170 863 2202 ζῶν-

75 2222 133 2246 τος·
154 2223 163 2239 ι
181 2214 260 2248 μόνον
272 2214 332 2248 οὐχὶ
344 2214 431 2241 ταῦτα
447 2214 515 2250 πρὸς
528 2214 573 2241 τὸν
586 2215 689 2250 Πέτρον
700 2215 862 2250 ἐγκελευσά-

911 987 970 1011 trus
981 988 1043 1018 post
1059 990 1118 1010 eam
1133 990 1226 1010 vocem
1243 981 1356 1009 tardus:
1370 981 1485 1008 Andreae
1499 980 1598 1015 quippe
1609 978 1693 1005 frater

912 1033 982 1061 erat,
1009 1037 1040 1056 ac
1059 1029 1168 1056 fervens
1189 1028 1328 1064 proposito
1351 1027 1452 1063 apertis
1473 1026 1585 1054 auribus
1598 1032 1693 1061 prope-

912 1077 1002 1104 rabat.

947 1165 974 1192 4.
997 1165 1144 1198 Assumpto
1162 1163 1283 1190 Andreas
1295 1162 1384 1194 Petro,
1398 1161 1510 1188 Domino
1525 1160 1633 1187 adducit
1648 1167 1693 1186 na-

913 1215 980 1238 tura:
991 1215 1019 1238 et
1031 1210 1172 1245 sanguinis
1188 1213 1354 1240 consortem,
1373 1211 1403 1235 ut
1417 1206 1569 1241 disciplinae
1584 1205 1693 1240 partici«

913 1265 972 1292 pem
989 1256 1115 1284 efﬁceret.
1131 1255 1187 1282 Hoc
1204 1255 1320 1289 primum
1338 1254 1388 1281 fuit
1406 1253 1563 1288 praeclarum
1579 1251 1693 1279 Andreze

913 1303 1030 1330 facinus.
1049 1301 1132 1328 Auxit
1143 1309 1286 1328 numerum
1304 1300 1511 1335 discipulorum,
1529 1298 1626 1325 obtulit
1643 1297 1694 1325 Pe-

913 1354 996 1381 trum,
1023 1351 1052 1375 ut
1082 1347 1216 1374 inveniret
1239 1346 1365 1374 Christus
1390 1345 1587 1379 discipulorum
1614 1351 1695 1378 cory-

913 1396 1030 1430 phzeum.
1057 1393 1146 1426 Quare
1170 1393 1215 1419 ubi
1235 1391 1365 1426 deinceps
1390 1390 1488 1418 Petrus
1508 1390 1639 1425 praeclare
1663 1396 1694 1416 se

913 1441 1007 1476 gessit,
1023 1440 1056 1466 ab
1068 1439 1173 1466 Andrea
1186 1438 1313 1474 praaclare
1327 1443 1463 1472 gestorum
1477 1435 1581 1463 semina
1597 1438 1693 1462 nactus

912 1490 981 1513 erat.
1000 1485 1052 1512 Sed
1074 1490 1168 1511 mutuo
1184 1487 1210 1510 et
1224 1483 1364 1517 {equaliter
1379 1481 1537 1508 alterutrius
1550 1480 1644 1507 laudes
1665 1479 1693 1506 in

914 1531 1028 1558 alterum
1042 1529 1203 1557 redundant.
1215 1527 1328 1562 Propria
1347 1526 1418 1554 enim
1445 1526 1553 1560 utrique
1571 1527 1635 1551 sunt
1658 1523 1694 1549 al-

914 1577 1000 1604 terius
1014 1577 1096 1607 bona,
1111 1583 1143 1602 ac
1160 1575 1228 1601 alter
1243 1573 1324 1610 404
1332 1573 1444 1599 alterius
1456 1571 1534 1599 bonis
1549 1570 1690 1605 gloriatur.

914 1623 1046 1656 Quantam
1058 1628 1140 1657 porro
1148 1620 1275 1648 omnibus
1286 1618 1406 1646 laetitiam
1413 1618 1510 1644 Petrus
1522 1616 1620 1647 attulit,
1629 1622 1692 1642 cum

913 1669 1064 1696 sciscitanti
1084 1667 1199 1694 Domino
1218 1666 1307 1694 statim
1325 1665 1476 1699 respondit,
1501 1663 1693 1696 silentiumque

913 1713 1109 1748 discipulorum
1122 1716 1177 1738 tum
1188 1710 1407 1737 erubescentium
1418 1709 1462 1736 ille
1473 1708 1570 1736 solvit?
1585 1717 1594 1732 ‹
1607 1706 1692 1739 Quem

913 1768 956 1787 me
981 1760 1076 1787 dicunt
1098 1758 1222 1785 homines
1246 1756 1378 1784 esse?"n
1396 1755 1464 1781 Tum
1492 1754 1569 1788 quasi
1600 1753 1693 1786 lingua

914 1807 972 1841 ipse
991 1805 1087 1832 fuisset
1101 1810 1196 1830 eorum
1217 1802 1263 1838 qui
1280 1801 1528 1836 interrogabautur,
1552 1803 1599 1826 aut
1615 1798 1692 1832 quasi

914 1858 1009 1877 omnes
1026 1849 1053 1876 in
1070 1849 1128 1884 ipso
1147 1847 1332 1882 loquerentur,
1353 1846 1428 1874 solus
1441 1851 1491 1880 pro
1514 1843 1640 1871 omnibus
1654 1842 1694 1868 lo-

913 1900 994 1923 cutus
1009 1899 1050 1922 est
1065 1904 1072 1921 :
1091 1903 1100 1919 ε
1116 1893 1156 1920 Tu
1174 1901 1204 1921 cs
1222 1892 1349 1919 Christus
1369 1890 1454 1918 Filius
1469 1889 1516 1916 Dei
1532 1888 1596 1920 vivi,
1613 1897 1621 1913 ι
1639 1895 1693 1913 una

914 1949 980 1969 voce
998 1946 1025 1968 et
1047 1947 1108 1968 eum
1134 1939 1180 1974 qui
1202 1937 1388 1973 dispensabat,
1412 1939 1438 1963 et
1463 1934 1693 1969 dispensationem

914 1987 1067 2015 declarans.
1090 1985 1112 2012 0
1133 1984 1278 2012 verborum
1302 1981 1465 2010 concentus!
1492 1979 1596 2013 Quibus
1621 1978 1693 2006 enim

914 2033 1037 2061 Andreas
1054 2031 1144 2059 verbis
1164 2031 1191 2057 in
1208 2029 1368 2057 adducendo
1381 2027 1462 2055 Petro
1482 2031 1524 2054 est
1546 2033 1622 2056 usus,
1647 2024 1694 2051 iis-

916 2080 977 2107 dem
991 2079 1072 2106 Pater
1087 2077 1169 2105 Petro
1191 2076 1329 2111 inspiratis
1346 2073 1519 2108 subscripsit.
1541 2072 1612 2098 Dixit
1626 2070 1671 2098 ille
1684 2079 1692 2097 :

918 2135 927 2152 (
943 2125 1098 2152 Invenimus
1120 2122 1258 2151 Messiam.
1273 2131 1282 2147 ι
1298 2120 1378 2147 Pater
1391 2127 1421 2146 ea
1440 2124 1610 2152 exsuperans
1633 2123 1694 2150 sug-

915 2172 985 2207 gerit
1000 2171 1112 2198 dicens:
1128 2179 1137 2195 ‹
1152 2169 1192 2195 ’l‘u
1208 2176 1238 2196 es
1257 2166 1384 2194 Christus
1401 2164 1486 2191 Filius
1502 2163 1550 2190 Dei
1566 2161 1664 2207 rivi“,
1681 2170 1690 2186 ι

917 2206 1022 2244 tantum
1046 2223 1100 2242 non
1123 2215 1218 2242 istliwc
1244 2212 1324 2239 Petro
1348 2209 1591 2246 jubens:loquere
1613 2206 1694 2234 Petrc

77 2267 159 2294 μενος
170 2268 176 2273 ·
194 2259 320 2293 Φθέγξαι,
337 2257 360 2286 ὦ
375 2260 472 2295 Πέτρε,
487 2261 536 2292 τὰς
548 2260 670 2296 Ἀνδρέου
687 2261 778 2295 φωνὰς
795 2262 862 2296 ἐρω-

917 2264 1032 2290 Andreaz
1053 2269 1142 2292 voces,
1162 2266 1223 2287 cum
1245 2256 1587 2292 inter-rogaberiszappare
1608 2252 1694 2287 magi-

75 2304 208 2339 τώμενος·
220 2305 318 2340 φάνηθι
328 2305 375 2332 τοῦ
387 2305 545 2332 διδασκάλου
557 2306 624 2341 πρὸς
640 2306 783 2342 ἀπόκρισιν
795 2308 862 2333 ἑτοι-

77 2349 202 2384 μότερος.
211 2350 267 2376 Οὐκ
280 2350 412 2384 ἐψεύσατο
424 2349 492 2385 πρὸς
504 2350 533 2376 σὲ
544 2351 641 2385 λέγων’
656 2361 665 2377 ‹
682 2351 733 2378 Τὸν
741 2352 862 2379 Μεσσίαν

76 2395 245 2430 εὑρήκαμεν.
274 2405 284 2420 ›
307 2395 354 2428 Σὺ,
371 2395 420 2430 τὴν
443 2395 568 2431 Ἐϐραῒδα
583 2396 674 2431 φωνὴν
695 2398 734 2426 είς
751 2397 862 2424 Ἑλλάδα

78 2440 262 2475 μεταστήσας,
275 2440 432 2476 ἀναϐόησον·
448 2450 457 2466 ι
478 2441 513 2468 Σὺ
527 2439 552 2468 εἷ
566 2442 580 2467 6
591 2441 706 2477 Χριστὸς
716 2443 730 2468 6
743 2442 806 2474 Υίὸς
815 2442 861 2470 τοῦ

78 2485 147 2511 Θεοῦ
165 2485 211 2512 τοῦ
229 2485 336 2518 ζῶντος.
356 2496 364 2512 ι
383 2487 464 2522 Ὁρᾷς
479 2487 552 2518 ὅσοις
573 2487 653 2519 εὐθὺς
669 2488 698 2514 ἐν
710 2488 861 2523 προοιμίοις

76 2530 129 2565 τῆς
147 2531 295 2566 μαθητείας
321 2533 335 2558 ὁ
357 2532 482 2568 Ἀνδρέας
499 2533 737 2567 ὲγκαλλωπίζεται.

115 2579 141 2604 5.
166 2577 234 2604 Ἀλλ’
249 2578 341 2614 ἐπειδὴ
352 2578 401 2610 τὰς
412 2579 502 2611 πόλεις
515 2579 724 2615 καταλιμπάνων
740 2581 754 2606 6
769 2580 862 2616 Σωτὴρ

79 2623 248 2657 περιενόστει
269 2623 316 2658 τὴν
348 2622 460 2658 ἔρημον,
481 2624 642 2660 συμπεριῄει
662 2623 735 2659 αὐτῷ
748 2624 802 2650 τῶν
817 2625 863 2651 ἀν-

80 2667 196 2704 θρώπων
222 2668 256 2694 τὰ
278 2668 354 2704 γένη,
375 2669 440 2704 μηδὲ
465 2670 532 2705 πρὸς
558 2670 644 2706 βραχὺ
661 2671 706 2696 τὸν
726 2670 863 2706 χωρισμὸν

81 2714 262 2749 ὑπομένοντα,
280 2713 333 2741 Ἦν
348 2716 377 2742 ἐν
390 2715 492 2750 ἐρημίᾳ
511 2717 559 2742 καὶ
575 2717 676 2751 τροφῆς
691 2716 801 2751 ἀπορίᾳ,
816 2717 863 2742 καὶ

79 2759 215 2795 ήγαστὴρ
233 2760 282 2786 οὐκ
305 2761 456 2787 ἐσπένδετο.
479 2762 506 2787 '0
524 2761 552 2787 δὲ
574 2761 676 2795 Σωτὴρ,
689 2763 738 2796 τῆς
760 2763 862 2797 ἐρήμου

79 2804 238 2840 λαϐόμενος,
252 2805 343 2841 θαῦμα
361 2806 474 2833 παλαιὸν
501 2806 681 2842 ἀνεζωπύρει·
699 2808 744 2833 καὶ
761 2807 812 2833 τῶν
834 2808 863 2833 ὲν

116 2883 139 2897 ⁸⁸
159 2881 236 2910 Joan.
256 2892 281 2915 I,
299 2884 340 2910 Il.
379 2885 401 2899 "’
423 2883 514 2911 Matth.
534 2892 593 2916 xw,
615 2885 654 2912 15.
693 2885 715 2900 ⁸⁵
736 2884 800 2912 ibid.
818 2884 860 2911 16.

916 2314 973 2338 stro
988 2309 1021 2336 ad
1043 2307 1246 2342 responsionem
1267 2305 1396 2339 paratior.
1419 2301 1478 2328 Non
1502 2300 1630 2327 mentitus
1652 2301 1694 2325 est

915 2355 975 2386 tibi,
999 2361 1060 2381 cum
1085 2352 1152 2379 dixit
1187 2349 1367 2376 «Invenimus
1391 2347 1526 2375 Messiam.
1545 2356 1553 2371 ν
1581 2344 1621 2371 Tu
1643 2343 1694 2370 Ile-

915 2399 1035 2427 braicam
1052 2398 1170 2432 linguam
1197 2396 1225 2424 in
1244 2394 1363 2422 Graecam
1378 2397 1497 2423 vertens,
1517 2390 1669 2417 exclamato
1685 2398 1690 2415 :

919 2456 927 2473 ι
941 2446 982 2473 Tu
1006 2453 1035 2473 es
1058 2444 1184 2472 Christus
1200 2441 1286 2469 Filius
1301 2440 1348 2467 Dei
1365 2439 1430 2466 vivi.
1446 2448 1454 2463 ι
1472 2436 1566 2465 Viden‘
1584 2435 1692 2470 quantis

915 2492 1038 2520 Andreas
1055 2491 1105 2518 sub
1118 2491 1207 2524 ipsum
1226 2487 1375 2522 disciplinae
1390 2485 1530 2513 exordium
1546 2490 1692 2510 ornamen-

913 2537 950 2565 tis
960 2535 1118 2564 decoretur?

952 2582 977 2609 5.
999 2580 1098 2609 Verum
1117 2578 1226 2614 quando
1246 2575 1380 2609 Salvator,
1402 2574 1504 2603 relictis
1526 2571 1692 2603 civitatibus,

917 2626 1054 2654 desertum
1081 2625 1224 2655 circuibat,
1246 2623 1386 2650 hominum
1403 2621 1488 2648 turba:
1508 2627 1562 2646 una
1578 2625 1638 2646 cum
1662 2623 1693 2643 eo

918 2671 1111 2707 procedebant,
1129 2679 1162 2698 ne
1177 2670 1211 2697 ad
1226 2670 1306 2697 breve
1327 2668 1435 2703 quidem
1451 2672 1556 2700 tempus
1574 2665 1633 2699 ejus
1649 2671 1693 2690 se-

917 2718 1084 2752 parationem
1100 2717 1228 2744 ferentes.
1246 2714 1374 2742 Desertus
1394 2717 1453 2740 erat
1465 2712 1552 2743 locus,
1576 2711 1629 2738 cibi
1646 2718 1693 2745 pe-

916 2763 1006 2795 nuria,
1023 2767 1171 2797 venterque
1193 2769 1247 2789 non
1271 2760 1442 2796 implebatur.
1463 2758 1497 2784 At
1511 2757 1635 2784 Salvator
1652 2763 1694 2781 as-

918 2813 1025 2844 sumpto
1047 2808 1158 2843 antiquo
1174 2808 1221 2835 illo
1236 2807 1333 2835 deserti
1359 2805 1500 2836 miraculo,
1519 2803 1635 2838 idipsum
1652 2809 1695 2828 re-
