1926 3067
233 171 300 199 1107
671 200 675 206 ,
817 175 845 203 S.
870 174 1099 204 ATHANASIUS.
1120 190 1155 195 ——
1175 174 1311 203 SPUBlA.
1795 175 1868 204 H08

234 234 365 261 novavit:
383 241 415 261 ac
436 241 545 261 rursum
564 234 760 262 miraculorum
778 235 843 263 olim
869 236 896 262 in
913 235 994 263 deser‘

1107 235 1170 270 ήμῳ
1188 235 1254 261 ποτὲ
1280 234 1427 270 θαυμάτων
1447 233 1573 270 μάρτυρα
1589 233 1669 261 πάλιν
1685 234 1805 260 ἐποιεῖτο
1815 234 1867 268 τὴν

235 281 369 307 editorum
386 280 522 307 desertum
544 284 639 308 testem
654 280 761 315 effecit;
777 282 995 316 convivatoresqi

1107 288 1176 315 ημον
1186 287 1192 293 ·
1210 280 1257 306 καὶ
1273 280 1336 311 τοὺς
1355 279 1478 314 μαθητὰς
1497 280 1657 314 ἑστιάτορας
1668 279 1866 315 προύϐάλλετο,

236 325 349 360 protulit
364 325 527 360 discipulos,
543 331 570 353 et
586 327 620 354 ad
642 327 702 355 illas
718 328 785 355 levis
801 332 950 363 apparatus
971 327 996 355 d:

1110 325 1121 350 ὶ
1147 324 1215 360 πρὸς
1236 324 1409 359 αὐτοσχέδιον
1427 324 1545 360 εὐωχίαν
1561 324 1594 351 τὰ
1610 323 1698 359 πλήθη
1713 323 1870 359 προτρέπε-

235 379 284 406 pes
302 371 396 398 turbas
413 372 520 398 invitat.
534 373 728 406 Apostolorum
741 381 824 408 porro
841 377 942 401 emtum
954 373 995 408 (-ju

1110 380 1129 397 ι.
1146 371 1183 397 Τὸ
1205 371 1294 397 τοίνυν
1311 371 1365 397 τῶν
1395 370 1523 406 μαθητῶν
1549 369 1652 405 πλῆθος
1673 369 1742 406 πρὸς
1756 370 1808 404 τὴν
1826 369 1870 395 ἒν-

236 416 312 443 ruodi
334 418 447 451 penuria
464 417 603 448 turbabat,
626 425 742 452 seseque
765 423 860 445 mutuo
876 420 996 454 respiciel

1111 426 1149 444 av
1171 417 1342 453 ἐταράττετο,
1360 417 1407 444 καὶ
1423 417 1490 452 πρὸς
1506 416 1637 452 ἀλλήλους
1650 415 1779 451 ὁρῶντες,
1793 415 1826 441 τὸ
1842 414 1871 441 δὲ

237 467 288 494 tes,
306 471 356 490 nec
371 463 524 498 cogitantes
545 464 569 490 id
585 464 657 499 quod
674 464 796 492 futurum
812 471 880 498 erat,
898 465 997 493 human

1110 463 1175 489 λλον
1194 463 1244 489 οὐκ
1268 462 1420 494 ἐννοοῦντες
1440 464 1496 494 τοῖς
1519 461 1699 498 ἀνθρωπίνοις
1728 460 1870 496 λογισμοῖς

236 509 392 537 ratiociniis
416 510 596 537 lluctuabant.
623 510 702 539 Alius
727 511 924 546 discipulorum
951 511 996 538 alii

1111 509 1264 544 υμαῐνοντο.
1282 508 1377 540 Ἄλλος
1395 508 1444 544 μὲν
1460 506 1506 535 οὖν
1529 508 1594 536 ἄλλο
1616 517 1643 535 τι
1665 508 1721 535 τῶν
1738 507 1870 543 μαθητῶν

236 553 404 589 proferebat,
421 562 475 589 quo
491 560 652 590 praesentem
668 556 811 590 penuriam
830 561 934 584 certam
953 557 996 584 ind

1107 555 1234 590 »θέγγετο⁹
1258 555 1308 591 τὴν
1334 554 1475 590 παροῦσαν
1500 554 1616 590 ἀπορίαν
1637 554 1867 589 ὲπαγγέλλοντες’

237 605 342 627 carent.
368 600 490 628 Andreas
504 608 568 628 vero
582 609 676 628 eorum
693 609 754 636 qua:
775 606 950 637 suppeterent
970 603 996 630 vi

1108 601 1210 637 .vopéa;
1230 601 1268 633 δὲ,
1283 600 1337 628 τῶν
1347 600 1570 636 προσόντων,τὴν
1584 600 1721 627 εὐτέλειαν
1737 599 1868 634 ἐλέγχων,

237 649 320 672 tatem
337 645 557 680 paucitatemque
578 650 810 678 commonstrans,
833 647 959 674 miraculi
981 655 997 675 ο

1109 647 1156 673 αθε
1171 647 1258 678 διδοὺς
1273 645 1313 681 τῷ
1328 646 1433 681 Σωτῆρι
1452 646 1500 678 τὰς
1520 646 1671 681 προφάσεις
1691 644 1739 671 τοῦ
1761 645 1869 680 θαύμα-

237 690 376 721 casiones.
402 691 514 725 ignarus
540 692 613 723 licet,
641 691 777 719 Salvatori
803 694 930 728 praebuit.
956 693 997 727 Qu

1109 701 1135 725 ς·
1153 693 1185 719 Τί
1201 693 1254 728 γὰρ
1268 701 1367 728 φησιν;
1385 693 1441 719 οὐκ
1456 693 1524 719 εἰσὶν
1538 693 1562 718 εί
1575 692 1612 727 μὴ
1626 691 1706 718 πέντε
1718 691 1805 726 ἄρτοι,
1822 691 1869 717 καὶ

237 737 311 763 enim
326 737 383 763 ait?
398 736 457 764 Non
474 742 539 765 sunt
555 738 608 765 nisi
624 739 744 773 quinque
760 747 845 774 panes
861 745 887 768 et
901 741 997 775 piscicr

1111 738 1156 772 ίγα
1169 737 1283 773 ἰχθύδια.
1293 738 1326 764 Τί
1337 737 1382 765 οὖν
1399 739 1413 764 ὁ
1426 738 1536 773 Σωτήρ;
1552 737 1650 772 Φέρετέ
1665 745 1709 772 μοι
1721 737 1791 764 αὐτὰ
1804 733 1869 763 ὧδε.

239 782 331 816 pauci.
347 781 418 814 Quid
434 783 517 818 igitur
533 783 792 812 Salvator?Aﬂ‘erte
807 785 875 812 mihi
892 786 950 821 ipsa
963 787 998 814 hu

1111 784 1135 811 at
1160 783 1272 818 γέγονεν
1296 785 1314 818 ὴ
1337 783 1386 819 τῆς
1412 784 1535 814 σπάνεως
1551 782 1679 819 ὁμολογία
1691 782 1746 809 τῶν
1757 781 1871 816 ἀγαθῶν

239 827 341 863 lllaque
359 830 505 864 paucitatis
518 830 643 858 cihorum
660 830 801 859 confessio
817 839 923 868 magnae
946 833 1031 860 bono—
1079 830 1233 866 περιουσία.

239 879 300 898 rum
313 873 399 907 copia:
415 881 497 901 causa
512 874 571 901 fuit.

276 918 302 945 6.
325 918 378 946 Sed
399 920 480 946 etiam
504 920 562 955 ipse
576 920 709 950 Dominus
730 929 793 950 cum
817 930 894 950 suam
912 923 939 950 in
955 927 1028 950 terra

1116 921 1142 946 6.
1162 919 1242 946 Ἀλλὰ
1257 919 1310 955 γὰρ
1329 918 1344 944 ὁ
1359 918 1456 953 Σωτὴρ
1473 918 1522 954 ἤδη
1537 917 1639 948 λοιπὸν,
1654 917 1703 949 τὰς
1712 917 1741 943 ὲν
1753 917 1788 952 γῇ
1810 916 1871 943 δια-

240 966 528 993 commemorationem
549 966 719 1001 perfecisset,
739 971 821 1003 atque
837 972 880 995 sat
899 972 1000 1004 tempor

1116 965 1174 997 ιϐὰς
1189 965 1300 997 ἀνύσας,
1318 965 1366 992 καὶ
1386 965 1432 991 τὸν
1448 965 1572 1000 αὐτάρκη
1587 966 1642 996 τοῖς
1661 963 1794 998 μαθηταῖς
1809 972 1872 990 συν-

240 1020 303 1039 cum
330 1012 473 1047 discipulis
497 1017 689 1045 conversatus.
720 1014 748 1041 in
771 1016 856 1042 cmlos
879 1014 1000 1042 ferebatu

1113 1012 1222 1048 ιτρίιῖρας
1242 1012 1348 1048 χρόνον,
1369 1011 1436 1047 πρὸς
1459 1011 1590 1047 οὐρανοὺς
1614 1011 1770 1045 ἐκομίζετο·
1800 1010 1873 1037 ἀπό-

240 1059 366 1093 Apostoli
384 1063 486 1091 autem,
507 1059 596 1087 diviso
614 1060 685 1087 inter
699 1067 728 1088 se
743 1064 879 1088 terrarum
903 1061 979 1093 orbe,
998 1071 1000 1087 ς

1113 1059 1171 1086 ολοι
1187 1059 1226 1090 δὲ,
1245 1059 1294 1094 τὴν
1310 1059 1472 1094 οἰκουμένην
1493 1058 1673 1089 διαλαϐόντες,
1688 1057 1734 1084 καὶ
1748 1058 1805 1089 τοῖς
1821 1056 1873 1083 σώ-

241 1112 357 1140 corpore
389 1105 518 1139 sejuncti.
550 1106 620 1133 alius
649 1106 733 1133 alium
761 1106 789 1133 in
815 1107 905 1134 locum
935 1107 1001 1142 grati

1114 1114 1148 1132 ισι
1161 1105 1346 1141 μερισθέντες,
1355 1105 1433 1137 ἄλλος
1444 1105 1574 1140 ἀλλαχόσε
1585 1104 1619 1131 τὰ
1627 1105 1676 1139 τῆς
1688 1104 1797 1140 χάριτος
1810 1112 1874 1138 μετ-

241 1150 342 1178 ﬂuenta
363 1150 514 1178 derivabat.
532 1150 600 1178 Tum
624 1159 688 1178 vero
713 1152 810 1180 beatus
832 1153 884 1180 istc
906 1153 1001 1180 Andre;

1114 1152 1212 1178 ετεύων
1235 1152 1354 1186 νάματα.
1375 1151 1505 1178 Ἐνταῦοα
1517 1152 1603 1178 τοίνυν
1616 1152 1630 1178 ὁ
1642 1151 1777 1186 μακάριος
1795 1148 1874 1182 οὗτος

241 1204 304 1223 cum
321 1197 453 1225 Graciam
478 1198 561 1226 simul
584 1202 611 1226 et
628 1198 808 1226 barbarorum
834 1203 923 1228 terras
944 1203 1001 1235 grat

1118 1198 1224 1234 νδρέας,
1243 1198 1354 1225 Ἑλλάδα
1374 1206 1403 1224 τε
1425 1197 1492 1233 ὁμοῦ
1511 1198 1557 1224 καὶ
1580 1197 1715 1233 βάρϐαρον
1728 1196 1875 1232 ἐμπλήσας

243 1244 420 1279 implevisset,
435 1253 467 1272 ac
489 1245 630 1272 miraculis
652 1246 710 1272 suis
729 1250 824 1281 gentes
845 1246 872 1273 in
889 1251 1001 1282 stupore

1118 1254 1131 1276 ς
1144 1245 1253 1280 χάριτος
1265 1245 1313 1271 καὶ
1330 1245 1494 1280 δυσωπήσας
1508 1244 1576 1279 πρὸς
1588 1244 1677 1270 πίστιν
1690 1243 1725 1270 τὰ
1740 1243 1803 1278 ἔθνη
1817 1244 1874 1274 τοῖς

243 1299 276 1317 ac
293 1291 423 1325 pudorem
441 1291 554 1319 eductas
570 1291 604 1319 ad
620 1292 698 1319 Iidem
717 1293 909 1325 convertisset,
927 1293 960 1320 ad
979 1301 1003 1328 pl

1119 1290 1228 1326 ύμασιν,
1245 1291 1290 1317 ἐπὶ
1303 1291 1332 1317 τὸ
1343 1291 1394 1325 τῆς
1403 1290 1530 1322 ἀπιστίας
1545 1289 1735 1325 μαχιμώτατον
1748 1289 1874 1324 (56),τὴν

243 1337 437 1371 gnacissimam
447 1337 647 1365 incredulitatis
656 1338 805 1373 regionem,
817 1339 946 1366 Achaiam
957 1340 1003 1366 dici

1120 1337 1200 1372 χαῖαν
1217 1337 1300 1372 λέγω,
1319 1337 1504 1364 ἐπεστέλλετο.
1521 1336 1605 1364 Ἔνθα
1617 1337 1648 1372 δὴ
1661 1336 1773 1368 πολλοὺς
1790 1337 1875 1371 οὖρα-

243 1383 346 1411 missus
369 1388 420 1411 est.
439 1383 490 1410 Ubi
514 1384 608 1412 multis
631 1385 701 1411 coelo
728 1385 865 1420 ascriptis,
895 1393 966 1413 unus
995 1394 1003 1412 (

1114 1393 1118 1407 ν
1135 1383 1325 1420 προσγράψας,
1340 1382 1380 1416 εἷς
1393 1383 1436 1410 διὰ
1451 1383 1500 1419 τῆς
1515 1383 1642 1414 πίστεως,
1662 1381 1772 1417 σταυρῷ
1786 1391 1874 1418 παρα-

245 1429 325 1456 ﬁdem
342 1430 417 1457 cruci
441 1430 589 1464 aﬁigendus
612 1430 747 1458 traditur:
762 1438 793 1458 ac
810 1431 906 1458 mortis
926 1432 1005 1459 ratio:

1116 1431 1180 1456 ῑοται
1192 1439 1199 1445 ·
1225 1431 1272 1457 καὶ
1296 1431 1389 1466 τρόπῳ
1405 1431 1455 1466 τῆς
1477 1429 1604 1465 τελευτῆς
1616 1429 1661 1456 τὸν
1675 1429 1815 1465 Δεσπότην
1832 1438 1876 1464 με·

244 1474 390 1502 Dorninnm
407 1475 538 1506 imitatur,
550 1479 580 1502 ut
596 1475 734 1510 passionis
749 1476 941 1504 communione
956 1484 1004 1503 amt

1115 1477 1228 1512 ιύμενος,
1238 1477 1282 1504 ῖνα
1294 1479 1327 1513 τῇ
1340 1477 1465 1512 κοινωνίᾳ
1475 1476 1522 1503 τοῦ
1534 1476 1636 1507 πάθους
1646 1475 1719 1512 δείξῃ
1731 1475 1779 1502 τοῦ
1792 1476 1875 1502 πόθου

245 1521 284 1548 ris
299 1521 497 1549 vehementiam
520 1521 669 1550 exhiberet.
693 1522 767 1549 Crux
787 1522 880 1558 itaque
897 1523 924 1550 in
942 1523 1005 1550 med

1127 1522 1250 1558 μέγεθος.
1269 1522 1389 1558 Σταυρδς
1407 1519 1453 1548 οὖν
1468 1521 1515 1548 ἐπὶ
1530 1521 1598 1557 μέσῃ
1613 1521 1736 1553 Ἑλλάδος
1754 1522 1874 1557 ἐπήγνυ-

245 1567 429 1602 compingitur
454 1566 568 1600 Grazcia,
595 1568 773 1603 suspenditur
797 1568 930 1600 Andreas.
949 1576 1005 1596 crui

1116 1589 1123 1601 ,
1134 1569 1180 1595 καὶ
1201 1568 1326 1604 Ἀνδρέας
1343 1569 1489 1604 ἑκρεμᾶτο,
1500 1567 1609 1603 σταυρῷ
1623 1567 1670 1593 τὸν
1684 1567 1874 1602 σταυρωθέντα

246 1613 408 1639 cruciﬁxum
430 1613 595 1648 praedicans,
620 1614 707 1641 clavis
727 1615 867 1642 clavorum
890 1616 1004 1643 veritate

1113 1614 1242 1650 ipﬁscwv,
1260 1615 1307 1641 καὶ
1332 1616 1388 1646 τοῖς
1408 1614 1483 1650 ἥλοις
1499 1614 1561 1645 τοὺς
1584 1613 1665 1649 ἥλους
1682 1612 1873 1648 πιστούμενος,

246 1659 428 1691 conﬁrmans,
451 1660 579 1694 passione
602 1661 757 1695 passionem
786 1662 947 1690 testiﬁcans.
975 1661 1006 1689 ili

1115 1661 1132 1687 ιὶ
1162 1660 1201 1695 τῷ
1228 1660 1309 1687 πάθει
1330 1660 1360 1686 τὸ
1386 1659 1472 1691 πάθος
1495 1659 1726 1695 μαρτυρούμενος.
1740 1659 1832 1694 Πέρας
1846 1658 1875 1686 δὲ

246 1708 336 1732 autem
360 1705 472 1733 invento
497 1706 620 1734 mortalis
637 1707 701 1734 vita:
720 1714 777 1734 suae.
793 1708 920 1740 termino,
939 1716 1003 1736 secu

1116 1705 1163 1733 ὖτο
1184 1706 1234 1741 τῆς
1262 1706 1361 1742 θνητῆς
1382 1706 1454 1741 ζωῆς
1471 1705 1631 1741 εὑράμενος,
1645 1704 1773 1740 δευτέραν
1788 1704 1874 1740 ἀρχὴν

246 1750 311 1776 dum
330 1749 545 1779 immortalitatis
560 1752 680 1784 initium,
698 1756 814 1780 mortem
835 1753 942 1780 scilicet
958 1753 1006 1781 inv.

1114 1751 1234 1784 ἀνασίας
1261 1751 1307 1778 τὸν
1334 1752 1448 1779 θάνατον
1474 1751 1583 1786 εὕρατο,
1607 1750 1803 1786 ὲνεργεστέραν
1825 1751 1874 1785 τῆς

246 1795 288 1822 nit
303 1804 310 1822 :
324 1799 407 1830 atque
431 1803 481 1830 per
504 1797 660 1831 passionem
680 1805 759 1825 suam
784 1797 964 1826 eiiicaciorem
985 1799 1006 1827 di

1114 1798 1258 1830 δασκαλίας
1273 1797 1317 1825 διὰ
1332 1797 1379 1824 τοῦ
1394 1798 1497 1829 πάθους
1508 1797 1558 1832 τὴν
1570 1796 1685 1832 δύναμιν
1704 1796 1874 1833 ἐνδεικνύμ-

246 1841 341 1868 ctrinae
355 1849 412 1869 sua:
425 1843 555 1871 virtutem
572 1843 706 1871 exhibuit.
724 1843 791 1871 Nam
807 1845 907 1880 quibus
922 1846 1006 1873 concii

1117 1853 1139 1876 ς.
1156 1844 1209 1876 Οὓς
1225 1844 1278 1879 γὰρ
1300 1844 1349 1871 οὐκ
1372 1844 1465 1870 ἔπεισε
1480 1842 1654 1879 δημηγορῶν,
1668 1842 1780 1874 τούτους
1799 1843 1875 1869 ἀναι-

246 1887 339 1914 nando
353 1888 495 1916 veritatem
510 1896 564 1916 non
577 1890 724 1924 persuasit,
742 1890 792 1918 hos
808 1890 917 1919 occisus
932 1892 1004 1927 pudo

1115 1889 1175 1921 ,θεὶς
1188 1889 1372 1925 ἐδυσώπησεν-
1391 1890 1439 1917 καὶ
1454 1889 1501 1921 οὓς
1515 1889 1603 1916 λαλῶν
1617 1887 1667 1923 οὐχ
1681 1888 1802 1920 εἵλκυσε,
1823 1897 1875 1915 πα-

247 1932 361 1961 aﬂ‘ectos
382 1935 618 1971 convertitzquos
639 1943 766 1964 sermone
788 1944 843 1964 non
861 1939 957 1972 traxit,
974 1947 1007 1974 pa

1114 1945 1139 1962 ον
1152 1936 1329 1971 ὲσαγήνευσε.
1350 1935 1498 1971 Μερισθεὶς
1505 1936 1559 1971 γὰρ
1575 1935 1682 1972 οὐρανῷ
1696 1935 1743 1962 καὶ
1758 1936 1805 1970 γῇ,
1821 1934 1874 1961 σώ-

247 1979 324 2006 sione
340 1979 419 2014 quasi
435 1987 534 2016 sagena
558 1982 641 2016 cepit.
661 1981 772 2010 Divisus
789 1983 862 2010 enim
879 1983 906 2010 in
922 1984 993 2011 cmlo

1116 1990 1153 2007 ιτι
1167 1981 1216 2016 μὲν
1231 1980 1299 2015 ἔχων
1314 1980 1363 2016 τὴν
1376 1982 1437 2016 γῆν,
1455 1981 1526 2017 ψυχῇ
1538 1981 1567 2008 δὲ
1582 1981 1628 2008 τὸν
1639 1980 1752 2017 οὐρανὸν
1768 1980 1876 2016 κληρω-

246 2025 275 2051 in
293 2028 366 2053 terra
382 2027 492 2062 inspicit
504 2027 645 2055 hominum
659 2035 772 2064 greges;
793 2037 908 2065 corpore
924 2031 1006 2066 quide

1116 2027 1152 2060 ὶς,
1167 2027 1311 2054 ἐποπτεύει
1337 2027 1386 2059 τὰς
1407 2027 1462 2053 τῶν
1474 2027 1625 2063 ἀνθρώπων
1643 2027 1760 2061 ἀγέλας,
1779 2027 1875 2062 ίάμασι

246 2071 275 2098 in
298 2077 370 2099 terra
390 2074 506 2107 positus,
532 2075 622 2101 anima
638 2082 703 2102 vero
726 2076 824 2103 caelum
849 2080 966 2105 nactus:
984 2085 1006 2104 cI

1115 2073 1133 2099 ιὶ
1149 2072 1269 2108 θαύμασι
1282 2073 1345 2105 τοὺς
1359 2074 1404 2100 ἐπὶ
1423 2073 1475 2108 γῆς
1490 2073 1669 2108 δεξιούμενος.
1690 2073 1813 2108 Ἐκεενης
1826 2073 1875 2108 τῆς

246 2117 368 2145 rationes
379 2122 469 2146 autem
481 2127 513 2146 ac
524 2120 656 2148 miracula
667 2121 695 2148 in
708 2126 877 2150 terrenorum
894 2123 1006 2150 hominu

1114 2120 1221 2156 ,ωργίας
1234 2121 1259 2148 οἱ
1276 2120 1407 2155 παρόντες
1424 2120 1625 2155 ὰνεῦλάστησαν
1639 2120 1768 2155 στάχυες·
1783 2120 1816 2146 ἐκ
1825 2119 1874 2154 τῆς

246 2162 362 2197 gratiam
389 2163 454 2191 edit.
474 2163 513 2191 Ex
535 2173 568 2192 ea
591 2173 674 2200 porro
697 2168 865 2202 agricultura
887 2172 1004 2203 present

1113 2165 1190 2192 ξείνου
1204 2165 1378 2198 διδασκαλίας
1393 2167 1417 2192 οἱ
1428 2166 1477 2201 τῆς
1493 2165 1610 2198 πίστεως
1620 2166 1740 2202 ἤνθησαν
1752 2166 1873 2201 βότρυες.

246 2205 330 2239 spicae
357 2207 553 2241 pullularunt:
580 2217 612 2237 ex
640 2209 700 2244 ejus
738 2211 861 2239 doctrina
895 2213 956 2240 ﬁdei
985 2213 1006 2239 ﬁl

1113 2211 1141 2237 at
1155 2212 1234 2246 ὑμεῖς
1249 2212 1272 2237 oi
1290 2211 1338 2246 τῆς
1360 2211 1499 2242 εὐσεϐείας
1514 2210 1667 2238 διδάσκαλοι
1687 2211 1873 2247 ἀπηντήκατε,

245 2257 328 2278 ruere
348 2250 430 2280 botri.
447 2251 557 2288 Vosque
576 2254 686 2289 pietatis
701 2254 829 2283 doctores
851 2256 1005 2283 occurristis

1124 2257 1172 2292 τῆς
1188 2257 1242 2283 τῶν
1262 2257 1385 2293 οὐρανῶν
1403 2257 1540 2293 βασιλείας
1552 2257 1667 2293 ἔμποροι
1686 2257 1753 2293 πρὸς
1768 2257 1813 2283 τὸν
1827 2258 1873 2284 οὺ-

247 2297 294 2332 qui
313 2298 389 2333 regni
405 2299 537 2326 caelorum
560 2301 745 2336 negotiatores
763 2301 841 2334 estis,
861 2301 895 2328 ad
911 2309 973 2328 eum
987 2309 1004 2336 q

1114 2303 1160 2338 ινῷ
1176 2303 1382 2338 θαυμαζόμενον
1397 2303 1603 2340 συνεληλύθατε.
1618 2303 1737 2339 Χριστοῦ
1749 2303 1804 2339 γάρ
1818 2303 1874 2329 ἔστι

246 2343 275 2370 in
285 2344 364 2372 cmlis
373 2345 546 2373 admirationi
557 2350 598 2374 est
609 2346 789 2375 convenistis.
801 2347 903 2375 Christi
915 2355 1006 2382 nanin

1112 2349 1128 2376 ὰ
1142 2348 1189 2375 τοῦ
1205 2349 1340 2385 μακαρίου
1363 2349 1468 2376 Παύλου
1491 2350 1581 2385 φωνή·
1603 2358 1613 2374 ί
1628 2349 1660 2376 Et
1684 2349 1872 2384 ὑπομένωμεν.

247 2391 342 2418 estilla
349 2391 420 2418 beati
429 2391 505 2419 Pauli
512 2400 578 2421 vox:
591 2402 600 2418 ε
612 2393 640 2420 Si
649 2395 844 2425 sustineamus,
853 2398 880 2421 et
888 2402 1005 2430 conregn

1114 2395 1133 2421 ιὶ
1149 2395 1410 2431 συμϐασιλεύσομεν.
1425 2405 1435 2422 ι
1450 2395 1529 2431 Αὐτῷ
1544 2396 1562 2432 ἡ
1572 2394 1635 2427 δόξα
1645 2395 1685 2426 εἰς
1697 2395 1760 2426 τοὺς
1775 2394 1874 2426 αίῶνας

247 2435 338 2464 bimus
346 2437 379 2463 ".
394 2446 403 2463 I
414 2436 468 2472 ipsi
482 2437 570 2473 gloria
585 2439 613 2466 in
629 2439 729 2467 saecula
747 2439 921 2468 saeculorum.
934 2439 1007 2468 Amel

629 2439 729 2467 saecula
747 2439 921 2468 saeculorum.
934 2439 1031 2468 Amen.
1085 2440 1140 2466 τῶν
1155 2440 1269 2468 αίώνων.
1294 2441 1386 2477 Ἀμήν.

283 2492 307 2507 ⁸⁷
327 2491 350 2519 ll
365 2491 437 2521 Tim.
455 2501 485 2526 ιι,
505 2494 538 2520 12

290 2546 347 2582 (56)
369 2546 415 2575 Sic
438 2548 620 2578 Colbertinus.
651 2550 729 2580 Alius
759 2559 842 2584 vero,
875 2553 1071 2588 χαμηλότατον.

254 2613 1365 2627 ~_——————-———_————_————.—

711 2659 902 2688 ADMONITIO
921 2660 955 2687 IN
976 2659 1166 2688 SERMONEM
1188 2655 1408 2694 SBQUENTEM.

249 2712 329 2740 Hunc
347 2720 548 2753 sermonemex
570 2723 623 2753 ms.
638 2716 759 2744 Colbert.
776 2717 856 2753 57104.
874 2725 901 2752 p.
915 2717 977 2749 502,
993 2717 1242 2752 transcripsimus:
1260 2721 1356 2753 estque
1372 2717 1490 2753 imperiti
1505 2716 1703 2753 etinelegantis
1720 2716 1876 2752 scriptoris.

468 2750 610 2778 Athanasii
627 2755 717 2778 tamen
732 2752 840 2786 praafert
853 2750 952 2780 nomen
965 2754 992 2780 in
1005 2750 1176 2786 Colbertino,
1193 2757 1221 2781 et
1236 2754 1263 2781 in
1283 2750 1391 2789 Anglic.
1405 2750 1524 2788 quodam
1540 2750 1645 2780 codice.

251 2827 331 2863 m5
355 2827 477 2855 SERMO
505 2828 642 2857 SANCTI
659 2830 867 2858 ATHANASII
894 2830 1011 2860 EPISCI

1124 2831 1219 2857 οΓοΣ
1231 2830 1422 2857 ΤΟΥΑΓΙΟΥ
1439 2830 1649 2857 ᾹΘΑΝΑΣΙΟΥ
1662 2829 1878 2857 ΕΠΙΣΚΟΠΟΥ

485 2863 525 2890 ΡΙ
546 2864 811 2892 ΑιΕΧΑΝυηιίΕ.

1340 2865 1627 2892 ΑΛΕΞΑΝΔΡΕΙΑΣ.

289 2908 314 2936 t.
324 2908 387 2936 Tria
401 2909 520 2944 postulat
538 2910 630 2939 Deus:
641 2911 807 2945 Christiano,
824 2915 926 2940 rectam
944 2912 1036 2946 ﬁdem,

1127 2912 1151 2938 Ι.
1171 2911 1238 2946 Τρία
1252 2912 1363 2938 ἀπαιτεῖ
1375 2912 1388 2938 ὁ
1405 2911 1470 2942 Θεὸς
1488 2910 1562 2945 παρὰ
1584 2910 1630 2937 τοῦ
1645 2910 1820 2945 Χριπιανοῦ,
1834 2909 1875 2937 περ
