1926 3067
69 118 153 169 1169

679 139 793 168 SERMU
812 139 1120 169 EXHORTATORIUS.

1634 141 1703 168 me

72 210 140 229 στιν
161 201 254 238 ὀρθὴν,
270 200 316 227 καὶ
331 201 458 237 ἀλήθειαν
472 199 525 227 ἀπὸ
540 199 675 235 γλώσσης,
692 200 740 226 καὶ
759 200 869 234 ἁγνείαν

928 202 1093 229 reracitatem
1110 201 1220 238 linguae,
1239 205 1266 229 et
1281 201 1435 230 castitatem
1459 202 1593 237 corporis.
1612 201 1706 230 Cate-

73 247 136 274 ὰπὺ
151 246 284 282 σώματος.
301 246 356 272 Καὶ
367 246 401 272 τὰ
420 245 486 273 ἄλλα
502 245 601 280 ὁμοίως
616 245 741 280 φύλαττε,
759 245 869 281 Πρῶτον

77 293 133 328 μὲν
154 292 288 328 μηδέποτέ
303 300 362 318 τινα
377 292 575 328 καταλαλήσῃς,
589 292 654 327 μηδέ
668 299 740 323 τινος
752 291 871 328 ἀκούσῃς

76 337 309 370 καταλαλοῦντος.
345 334 413 364 Ἀλλ’
433 338 498 365 ὅταν
527 337 645 374 ἀκούσῃς
656 337 727 369 τινὸς
754 337 871 363 καταλα-

76 384 203 416 λοῦντος,
229 383 297 418 φύγε
313 384 360 411 κα¹ι
384 383 558 419 ἀναχώρησον
576 383 689 414 ἐκεῖθεν,
704 385 750 410 καὶ
761 384 871 410 κάθισον

78 432 123 462 είς
137 430 183 457 τὸν
197 428 270 457 οἶκόν
284 439 341 463 σου,
353 431 396 458 ἵνα
411 431 448 467 μὴ
457 430 576 466 ἀκούσῃς
589 430 680 462 αὑτὸν,
693 431 739 457 καὶ
756 430 871 457 κλαῠσον

78 477 134 509 τὰς
163 477 298 513 ἁμαρτίας
311 485 370 510 σου,
390 478 432 504 ἴνα
449 478 486 514 μὴ
510 478 556 503 καὶ
573 478 604 503 σὺ
618 477 699 514 γένῃς
713 477 804 512 ὅμοιος
823 477 871 503 τοῦ

78 522 310 556 καταλαλῶν-τος,
332 523 379 550 καὶ
393 523 513 559 ἀπέλθῃς
528 524 568 555 εἰς
578 522 688 549 κόλασιν
703 522 821 554 αἰώνιον,
833 523 872 555 εἰς

78 569 235 605 δράκοντας
261 570 399 605 πυρίνους,
416 569 566 603 τρώγοντες
597 578 643 595 σου
664 568 713 604 τὴν
736 568 870 603 γλῶσσαν.

79 614 155 642 Eine
171 615 225 651 γὰρ
236 616 250 642 ό
266 615 330 647 Θεὸς
345 615 389 642 διὰ
400 615 446 642 τοῦ
461 616 614 651 Προφήτου,
632 615 674 641 ὅτι
691 624 700 640 ι
717 615 769 641 Τὸν
787 623 872 641 κατα-

80 662 218 689 λαλοῦντα
225 662 311 699 λάθρα
320 662 374 689 τῶν
382 662 493 697 πλησίον
502 661 594 694 αὑτοῦ,
603 661 696 688 τοῦτον
705 661 854 693 ἐξεδίωκον·
861 670 870 686 ι

79 707 121 734 Τὸ
146 707 212 744 γὰρ,
243 718 252 734 ε
281 708 377 743 λάθρα,
395 717 404 733 ι
422 706 500 734 τοῦτο
527 707 640 742 κρύφιόν
665 708 733 738 ἐστι,
760 707 807 734 καὶ
836 706 873 743 μὴ

80 753 218 789 παρόντος
230 752 277 779 τοῦ
288 751 441 788 ἀνθρώπου.
457 751 527 778 Τίδέ
539 753 596 778 ἐστι
606 750 756 778 καταλαλιά
767 760 776 784 ;-
787 752 873 786 Ὅπερ

80 799 115 826 οὐ
142 800 255 826 δύνασαι
284 800 371 826 εἰπεῖν
393 798 546 834 ἔμπροσθεν
562 798 655 830 αὑτοῦ,
672 798 740 825 ἀλλὰ
763 798 873 825 ὖπισϐεν

81 846 168 873 αὑτοῦ
182 846 282 877 λαλεῖν,
293 845 419 881 λοιδορῶν
433 845 524 876 αὑτὸν,
541 844 690 871 καταλαλιά
703 845 776 871 ἐστιν
792 844 870 879 αὐτή.

82 892 185 924 Βλέπε,
210 892 326 926 φύλαττε
345 891 393 927 τὴν
406 890 532 925 γλῶσσάν
557 900 603 917 σου
626 891 679 918 ἀπὸ
697 890 872 922 καταλαλιᾶς,

82 939 133 966 καὶ
146 938 199 964 ἀπὸ
215 938 312 970 κακοῦ,
334 938 380 965 καὶ
397 937 495 969 παντὸς
513 938 604 973 ὅρκου,
622 937 669 964 καὶ
685 936 813 970 ψεύδους-
828 936 874 962 καὶ

84 984 220 1020 μηδέποτε
247 984 385 1019 τολμήσῃς
408 983 506 1019 ὀμόσαι
532 983 577 1009 τὸν
597 983 663 1009 Θεὸν
679 983 696 1018 ἦ
721 982 841 1014 δικαίως,
856 982 873 1017 ἢ

83 1031 196 1061 ἀδίκως.
218 1030 247 1057 'U
273 1029 327 1065 γὰρ
352 1029 460 1065 ὀμνύων
476 1029 520 1056 τὸν
544 1029 609 1056 Θεὸν
633 1029 680 1056 καὶ
701 1028 875 1064 παραϐαίνων

84 1077 132 1103 τὸν
160 1076 238 1110 λόγον
260 1075 307 1103 τοῦ
332 1075 434 1111 Κυρίου
454 1075 501 1102 τοῦ
520 1075 641 1106 εἰπόντος
654 1083 661 1090 ·
680 1084 689 1100 ι
709 1075 755 1110 Μὴ
767 1075 877 1110 όμόσεις

83 1121 165 1153 ὅλως,
185 1122 251 1157 μήτε
267 1122 295 1148 ἐν
310 1121 350 1157 τῷ
365 1121 472 1156 οὐρανῷ
488 1122 555 1156 μήτε
572 1121 601 1147 ὲν
613 1122 646 1156 τῇ
664 1122 698 1156 γῇ
708 1129 715 1136 ·
732 1121 790 1147 »ὅτι
804 1116 876 1147 οὗτοι

84 1168 112 1193 οἱ
132 1167 277 1203 ὀμνύοντες
302 1168 342 1198 εἰς
361 1167 470 1193 κόλασιν
491 1167 598 1193 αἰώνιον
622 1167 785 1202 ἀπέρχονται
809 1166 878 1201 μετὰ

86 1213 135 1240 τοῦ
150 1214 252 1249 πατρὸς
265 1213 354 1240 αὐτῶν
364 1213 411 1240 τοῦ
430 1214 546 1240 Σατανᾶ.
571 1213 650 1240 Ἀλλὰ
664 1213 785 1248 βλέπετε,
801 1212 878 1239 ἀδελ-

87 1260 134 1294 φοί
155 1268 215 1294 μου,
234 1258 370 1293 φυλάξατε
392 1259 442 1294 τὴν
453 1258 578 1293 γλῶσσαν
591 1259 644 1285 ἀπὸ
660 1260 753 1294 ὅρκου,
769 1259 823 1286 ἀπὸ
832 1259 879 1293 γέ-

88 1305 183 1336 λωτος,
210 1305 264 1331 ἀπὸ
280 1304 414 1340 φλυαρίας
444 1305 571 1340 ματαίας,
594 1305 648 1331 ἀπὸ
671 1305 786 1340 ἀκαίρου
809 1304 878 1340 πρά-

88 1357 204 1384 γματος,
228 1350 275 1376 καὶ
304 1350 358 1376 ἀπὸ
372 1350 470 1382 παντὸς
491 1350 605 1385 ψεύδους
617 1359 624 1365 ·
638 1351 685 1377 καὶ
702 1350 793 1377 λοιπὸν
810 1350 880 1377 ἔστω

88 1395 155 1430 ὑμῖν
168 1395 199 1421 τὸ
212 1395 257 1422 ναὶ
266 1415 273 1427 ,
286 1396 340 1428 ναὶ,
351 1396 398 1422 καὶ
412 1395 443 1422 τὸ
453 1395 494 1430 οὔ,
507 1396 548 1423 οὔ·
563 1397 593 1423 τὸ
609 1397 637 1423 δὲ
650 1397 777 1433 περισσὸν
792 1397 880 1425 λαλεῖν

88 1441 137 1468 ml.
162 1440 272 1476 ὀμνύειν
289 1441 336 1468 τοῦ
363 1441 482 1477 πονηροῦ
507 1442 589 1469 ἐστιν.
613 1442 674 1469 Ἐὰν
693 1443 721 1469 δὲ
745 1443 814 1470 κατὰ
833 1443 880 1470 σοῦ

89 1487 196 1522 γένοιτο
210 1487 286 1523 παρά
303 1496 375 1520 τινος
390 1488 499 1524 ὀμόσαι,
518 1489 593 1515 είπέ·
613 1498 622 1515 ι
648 1489 787 1525 Ἀλήθειαν
800 1490 880 1524 λέγω,

921 255 1006 283 raque
1038 247 1163 276 similiter
1187 248 1313 275 observa.
1347 247 1441 276 Primo
1469 248 1572 276 nemini
1586 255 1708 283 unquam

921 293 1067 326 obtrectes,
1085 301 1135 321 nec
1150 294 1347 322 obtrectantem
1371 293 1475 321 audias.
1495 293 1549 321 Sed
1563 293 1587 321 si
1599 293 1709 329 quando

921 339 949 366 in
969 340 1163 367 obtrectantem
1177 339 1317 372 incideris,
1343 339 1406 375 fuge
1420 343 1502 374 atque
1523 339 1587 367 inde
1601 339 1709 372 recede,

922 386 1040 421 sedeque
1054 386 1127 414 domi
1143 390 1173 414 ut
1199 394 1234 414 ne
1258 386 1334 413 illum
1362 387 1520 419 auscultes;
1537 386 1574 413 ibi
1598 389 1708 421 pecoata

921 431 984 459 ﬂeto
1007 436 1064 463 tua,
1091 436 1122 459 ut
1143 440 1178 460 ne
1201 433 1240 460 sis
1256 433 1432 460 obtrectatori
1448 433 1556 463 similis,
1574 436 1655 466 atque
1674 430 1708 457 ad

922 482 1023 506 aeterna
1040 479 1121 506 abeas
1136 479 1280 514 supplicia,
1310 478 1343 506 ad
1368 479 1468 513 ignitos
1494 478 1638 508 dracones,
1661 476 1709 512 qui

923 527 997 551 tuam
1021 523 1168 551 corrodent
1194 523 1325 558 linguam.
1363 522 1409 550 Ait
1435 523 1535 557 quippe
1561 522 1633 550 Deus
1661 529 1710 557 per

922 569 1085 605 Prophetam
1101 579 1106 596 :
1125 577 1135 594 ‹
1152 568 1341 596 Detrahentem
1367 572 1472 595 secreto
1501 569 1624 602 proximo
1647 575 1708 600 suo,

922 616 997 643 hunc
1011 614 1195 650 persequebar
1210 614 1252 648 '9;
1269 624 1278 640 ι
1306 613 1372 641 illud
1387 614 1471 646 enim,
1491 623 1503 640 ι
1521 617 1636 646 secreto,
1654 624 1663 640 ι
1682 615 1710 641 id

923 665 975 693 est,
1005 661 1033 688 in
1060 660 1231 693 abscondito,
1260 667 1311 688 nec
1336 664 1469 695 praesente
1485 660 1603 688 homine.
1639 659 1710 692 Quid

924 715 1007 743 porro
1025 712 1068 735 est
1084 707 1269 735 obtrectatio?
1288 706 1366 740 Quod
1385 714 1441 734 non
1458 710 1536 741 potes
1551 713 1643 734 coram
1663 706 1710 733 illo

924 755 1024 786 dicere,
1044 754 1092 782 sed
1108 761 1122 780 a
1136 757 1211 788 tergo
1225 753 1391 780 maledicens
1407 751 1523 788 profers,
1543 752 1596 778 hoc
1610 755 1652 778 est
1666 751 1713 780 ob-

925 801 1062 828 trectatio.
1090 799 1162 828 Cave
1178 800 1298 835 linguam
1315 799 1445 826 cohibeas
1470 803 1544 826 tuam
1568 798 1600 826 ab
1619 798 1711 826 obtre-

926 847 1055 878 ctatione,
1081 853 1096 873 a
1124 846 1196 872 malo
1214 844 1322 880 quovis,
1346 844 1381 871 ab
1398 843 1473 872 omni
1502 843 1658 879 juramento
1685 847 1713 870 et

923 892 1067 920 mendacio
1083 901 1090 919 :
1106 899 1193 926 neque
1206 899 1325 926 unquam
1337 890 1412 918 ausis
1427 897 1475 924 per
1485 889 1581 924 Deum,
1594 889 1651 917 sive
1665 889 1711 924 ju—

924 943 966 967 sta
983 939 1040 966 sive
1067 938 1171 973 iniusta
1200 938 1234 965 de
1253 945 1338 965 causa
1351 937 1455 971 jurare.
1485 935 1553 963 Nam
1569 935 1617 971 qui
1638 935 1714 970 jurat

925 993 972 1020 per
987 984 1082 1017 Deum,
1098 984 1122 1012 is
1140 983 1251 1011 verbum
1276 983 1383 1010 Domini
1402 983 1605 1019 transgreditur
1620 982 1713 1010 dicen-

925 1032 961 1059 tis
979 1041 985 1059 :
1005 1041 1014 1057 ι
1031 1031 1089 1058 Non
1103 1031 1210 1065 jurabis
1224 1030 1347 1063 omnino,
1374 1037 1461 1065 neque
1475 1037 1523 1065 per
1550 1029 1648 1057 cmlum
1664 1036 1714 1056 ne-

925 1084 979 1113 que
994 1085 1042 1112 per
1056 1081 1155 1104 terram
1168 1076 1190 1091 "
1207 1085 1213 1103 :
1234 1085 1243 1101 ι
1262 1075 1326 1111 quia
1343 1075 1390 1110 qui
1412 1075 1516 1110 jurant,
1533 1074 1561 1101 in
1580 1077 1712 1101 aeternum

926 1131 988 1151 cum
1002 1127 1078 1159 patre
1091 1129 1141 1150 suo
1161 1121 1261 1149 Satana
1279 1121 1379 1148 abeunt
1399 1120 1573 1155 supplicium.
1596 1118 1649 1146 Sed
1669 1126 1715 1145 ca-

928 1174 1026 1201 vetote,
1045 1169 1145 1196 fratres
1161 1168 1224 1200 mei,
1242 1168 1361 1203 linguam
1375 1166 1524 1195 cohibeatis
1547 1173 1562 1192 a
1575 1165 1715 1199 juramen-

927 1221 967 1248 to,
983 1223 998 1242 a
1013 1216 1082 1248 risu,
1107 1223 1121 1242 a
1137 1222 1206 1242 vana
1220 1214 1359 1245 fulilitate,
1379 1213 1413 1240 ab
1429 1212 1620 1247 intempestivo
1634 1218 1716 1245 nego-

928 1263 967 1289 tio
986 1267 1013 1289 et
1036 1262 1070 1290 ab
1088 1262 1162 1290 omni
1178 1260 1321 1289 mendacio
1341 1270 1346 1288 :
1366 1267 1398 1287 ac
1411 1260 1519 1287 demum
1551 1259 1586 1285 sit
1612 1258 1691 1285 vobis
1707 1267 1715 1284 :

929 1309 980 1342 lla,
996 1309 1050 1344 ita';
1065 1313 1103 1341 et,
1118 1309 1189 1341 Non,
1209 1316 1264 1336 non
1278 1317 1284 1335 :
1299 1307 1321 1336 si
1337 1307 1402 1343 quid
1419 1307 1534 1334 ulterius
1551 1305 1623 1334 enim
1652 1312 1717 1340 aga-

929 1358 984 1386 tur,
1012 1354 1035 1382 si
1051 1354 1170 1388 juratur,
1187 1353 1213 1380 id
1230 1353 1339 1388 maligni
1355 1356 1398 1380 est
1411 1352 1444 1380 “.
1467 1351 1545 1385 Quod
1565 1352 1589 1378 si
1611 1350 1718 1378 accidat

930 1400 1084 1436 quempiam
1098 1400 1241 1427 adversum
1262 1399 1401 1434 tejurare,
1414 1398 1459 1425 dic
1468 1398 1514 1425 ειυς
1536 1407 1546 1424 ι
1569 1396 1718 1425 Veritatem

931 1446 993 1473 dico
1010 1450 1038 1473 ct
1053 1453 1108 1473 non
1127 1445 1253 1476 mentior,
1273 1454 1283 1470 ι
1303 1451 1334 1471 ac
1348 1444 1454 1471 dimitte
1478 1443 1566 1471 illum.
1596 1443 1663 1470 Cum
1679 1438 1720 1469 vi-

933 1491 972 1519 ris
987 1494 1014 1518 et
1029 1490 1190 1517 mulieribus
1208 1497 1241 1516 ne
1257 1489 1353 1517 sedeas
1369 1493 1398 1516 ut
1426 1488 1513 1516 iutilia
1532 1488 1663 1523 loquare;
1689 1491 1720 1515 ut

88 1534 138 1560 καὶ
148 1534 177 1560 οὐ
192 1534 335 1569 ψεύδομαι,
345 1544 356 1578 ι
372 1534 419 1561 καὶ
432 1534 501 1569 ἄφες
515 1535 606 1562 αὐτόν.
621 1535 699 1562 Μετὰ
715 1536 817 1571 ἀνδρῶν
829 1536 876 1562 καὶ

928 1546 958 1574 μ]
975 1537 1020 1564 illa
1039 1536 1083 1564 die
1096 1535 1234 1571 inculpate
1256 1535 1312 1563 Deo
1331 1542 1471 1566 occurras,
1497 1534 1607 1568 quando
1623 1536 1720 1560 ventu-

90 1580 227 1615 γυναικῶν
241 1574 366 1616 φλυαρῶν
383 1580 419 1616 μὴ
439 1580 618 1620 συγκαθίσῃς,
632 1581 706 1612 ὅπως
719 1582 876 1619 ύπαντήσῃς

90 1626 131 1662 τῷ
144 1627 202 1662 Θεῷ
214 1629 242 1654 ὲν
255 1628 288 1662 τῇ
301 1627 393 1662 ἡμέρᾳ
406 1627 567 1662 ἀμέμπτως,
583 1627 646 1654 ὅταν
657 1627 740 1664 μέλλῃ
752 1627 878 1663 ἔρχεσθαι

92 1673 140 1700 ἐπὶ
162 1673 254 1709 θρόνον
266 1670 344 1708 δόξης
355 1672 447 1699 αὐτοῦ.
465 1672 532 1699 Τότε
543 1673 596 1700 τῶν
617 1672 838 1700 καταλαλούντων
854 1674 878 1700 οἱ

91 1718 196 1750 ὀδόντες
225 1717 277 1745 ὑπὸ
300 1717 354 1744 τῶν
373 1717 519 1753 ἀποτόμων
541 1717 664 1752 ἀγγέλων
681 1718 877 1754 συντρίϐονται.

91 1765 160 1792 Τότε
176 1764 230 1792 τῶν
245 1764 398 1799 όμνυόντων
414 1763 450 1791 τὰ
465 1763 587 1800 στόματα
612 1765 664 1791 ὑπὸ
683 1765 814 1792 ἀσϐέστου
825 1775 881 1793 πυ-

96 1811 141 1847 ρὸς
155 1809 439 1846 ὲμφράττονται.Τότε
450 1809 503 1836 τῶν
516 1809 689 1837 διανευόντων
708 1812 732 1837 οἱ
747 1810 880 1846 ὀφθαλμοὶ

95 1856 148 1883 ὑπὸ
160 1856 339 1891 ἀσπλάγχνων
355 1855 401 1882 καὶ
412 1856 598 1891 ἀνελεημόνων
611 1856 734 1890 ἀγγέλων
748 1856 881 1892 ὲξορίζον-

93 1911 149 1929 ται.
168 1902 234 1928 Τότε
261 1903 285 1928 oi
313 1901 446 1935 γελῶντες
470 1902 576 1937 πικρῶς
599 1902 754 1929 κλαύσουσι.
772 1903 838 1929 Τότε
856 1903 880 1929 οἱ

95 1948 277 1984 φλυαροῦντες
305 1948 410 1975 ἐλεεινὰ
432 1947 614 1981 στενάζουσιν,
640 1948 880 1985 καταδικαζόμενοι

95 1995 134 2026 εἰς
150 1995 194 2022 τὺν
221 1994 332 2030 πύρινον
350 1994 482 2029 ποταμὸν,
499 1995 537 2026 είς
550 1994 595 2021 τὸν
611 1994 738 2030 σκώληκα
750 1995 794 2021 τὸν
807 1995 882 2022 ἀκοί-

98 2049 192 2076 μητον,
209 2041 248 2072 είς
262 2040 307 2067 τὸν
333 2040 417 2066 δεινὸν
438 2040 515 2076 ᾅδην,
532 2041 573 2072 είς
590 2040 621 2066 τὸ
635 2041 729 2072 σκότος
739 2041 769 2067 τὺ
786 2040 882 2074 ἐξώτε-

97 2095 152 2121 ρον,
167 2086 206 2118 εἰς
221 2085 267 2112 τὸν
293 2085 389 2121 πικρὸν
414 2084 562 2120 κλαυθμὸν,
578 2086 618 2117 εἰς
632 2085 675 2112 τὺν
694 2086 813 2121 βρυγμὸν
828 2085 882 2112 τῶν

96 2131 218 2163 ὀδόντων,
231 2131 270 2162 είς
282 2130 331 2166 τὴν
347 2129 479 2157 ἄσϐεστον
496 2131 620 2166 κάμινον.
638 2130 724 2157 Βλέπε
742 2130 779 2167 μὴ
799 2140 882 2158 κατα-

96 2176 226 2212 δικασοῇς
253 2177 292 2207 είς
308 2176 357 2207 τὰς
372 2176 497 2207 κολάσεις
518 2176 634 2208 ὲκείνας.
666 2176 754 2203 Βλέπε
781 2176 817 2212 μὴ
839 2177 883 2203 διὰ

929 1591 977 1611 rus
991 1586 1033 1609 est
1046 1582 1075 1609 in
1090 1582 1189 1608 throno
1205 1581 1297 1616 gloriae
1319 1588 1385 1609 suae.
1412 1580 1490 1608 Tunc
1503 1580 1719 1607 obtrectatorum

928 1629 1023 1657 dentes
1049 1627 1082 1655 ab
1109 1626 1274 1655 immanibus
1297 1627 1400 1669 angelis
1424 1629 1610 1654 conterentur.
1641 1624 1719 1651 Tunc

927 1674 1079 1710 iurantium
1094 1679 1142 1700 ora
1157 1672 1219 1707 igne
1235 1680 1375 1707 nunquam
1392 1671 1591 1706 exstinguenda
1603 1670 1716 1698 obtura—

929 1720 1040 1747 buntur.
1067 1717 1145 1745 Tunc
1169 1718 1347 1745 annuentium
1363 1716 1446 1744 ‘oculi
1463 1715 1497 1742 ab
1523 1715 1719 1742 immisericor-
1772 1733 1775 1740 ι

928 1766 1010 1794 dibus
1025 1769 1053 1793 et
1070 1764 1281 1793 inclementibus
1298 1763 1402 1798 angelis
1421 1762 1625 1798 exsculpentur.
1640 1760 1718 1788 Tunc

929 1813 977 1848 qui
1006 1813 1142 1842 riserunt,
1176 1818 1268 1838 amare
1297 1809 1412 1837 ﬂebunt.
1442 1809 1520 1836 Tunc
1542 1809 1588 1843 qui
1624 1807 1717 1843 nugali

930 1862 1006 1890 sunt,
1023 1856 1215 1885 miserabiliter
1236 1857 1446 1891 congemiscent,
1474 1854 1507 1881 ad
1536 1854 1644 1890 igneum
1668 1853 1719 1880 da-

930 1905 1016 1932 mnati
1033 1903 1156 1934 ﬂuvium,
1172 1902 1206 1929 ad
1227 1909 1346 1930 vermem
1374 1907 1513 1936 nunquam
1542 1900 1718 1931 moriturum,

931 1949 964 1977 ad
993 1954 1112 1976 atrocem
1143 1947 1303 1979 infernum,
1336 1947 1371 1974 ad
1400 1946 1529 1974 tenebras
1556 1947 1717 1977 exteriores,

931 1995 965 2022 ad
989 1994 1117 2022 acerbum
1140 1993 1244 2026 ﬂetum,
1274 1992 1307 2020 ad
1340 1992 1483 2020 stridorem
1510 1991 1631 2019 dentium
1648 2010 1655 2022 ,
1684 1991 1719 2018 ad

931 2042 1068 2068 caminum
1100 2048 1154 2067 non
1183 2038 1422 2074 exstinguendum.
1455 2037 1573 2065 Provide
1600 2037 1648 2064 tibi
1684 2044 1720 2064 ne

932 2088 965 2115 ad
983 2087 1027 2114 illa
1044 2087 1175 2122 supplicia
1199 2085 1348 2113 damneris.
1373 2085 1445 2112 Cave
1467 2091 1502 2110 ne
1524 2083 1560 2110 ob
1582 2083 1718 2109 modicam

931 2132 1099 2167 voluptatem
1124 2131 1205 2165 hujus
1234 2130 1327 2157 mundi
1353 2129 1398 2164 qui
1419 2128 1549 2163 praeterit,
1573 2127 1606 2154 ad
1623 2135 1718 2162 ptenas

933 2178 1071 2206 damneris
1086 2182 1202 2205 aeternas
1219 2177 1244 2203 in
1261 2176 1390 2203 szeculum
1407 2174 1498 2202 saeculi
1513 2173 1670 2205 duraturas,
1690 2174 1718 2200 in

99 2222 199 2258 μικρὰν
219 2221 375 2257 γλυκύτητα
393 2222 440 2248 τοῦ
462 2222 564 2257 κόσμου
578 2221 673 2249 τούτου
685 2222 731 2249 τοῦ
747 2231 877 2259 παρερχο-

934 2224 989 2252 illis
1014 2227 1211 2250 tormentorum
1231 2222 1308 2250 locis.
1337 2220 1378 2248 Tu
1400 2228 1465 2248 vero
1493 2220 1516 2247 si
1537 2219 1578 2246 vis
1603 2219 1717 2247 salutem

99 2267 178 2302 μένου
192 2266 392 2302 καταδικασθῇς
409 2267 449 2298 είς
468 2265 574 2293 αἰώνιον
592 2266 701 2293 κόλασιν
718 2266 802 2293 αἰῶνα
815 2267 881 2294 αἰῶ-

97 2321 151 2345 νος,
162 2313 201 2344 εἰς
222 2312 256 2339 τὰ
277 2312 442 2347 κολαστήρια
457 2313 557 2340 ἐκεῖνα.
575 2312 610 2338 Σὺ
625 2312 663 2344 δὲ,
675 2312 721 2339 ἐὰν
739 2312 819 2349 θέλῃς
830 2322 882 2339 σω-

98 2358 188 2393 Θῆναι,
199 2357 243 2384 καὶ
261 2356 390 2383 εἰσελθεῖν
402 2357 441 2388 είς
457 2356 506 2392 τὴν
530 2355 667 2390 βασιλείαν
680 2356 727 2383 τοῦ
743 2357 822 2389 Θεοῦ,
836 2358 882 2384 καὶ

100 2405 136 2441 μὴ
162 2404 291 2431 εἰσελθεῖν
312 2406 352 2436 εἰς
364 2403 413 2439 τὴν
427 2403 534 2430 αἰώνιον
549 2402 669 2435 κόλασιν,
688 2403 758 2438 ειπερ
774 2403 882 2435 ἀκούεις

99 2450 213 2486 φύλαξον
225 2460 232 2467 ·
247 2451 293 2478 καὶ
305 2451 396 2486 βίασαι
409 2450 478 2485 ὑπὲρ
488 2449 556 2476 αὐτὰ
569 2449 620 2480 ἕως
629 2448 754 2480 θανάτου,
770 2449 813 2476 ἵνα
824 2458 883 2475 στε-

99 2497 223 2532 φανωθῇς
239 2496 314 2531 παρὰ
333 2495 451 2532 Χριστοῦ
468 2495 516 2521 τοῦ
529 2494 606 2527 Θεοῦ,
623 2495 686 2521 ὅταν
706 2494 789 2531 μέλλῃ
804 2495 882 2531 ἐρευ-

100 2544 146 2579 νᾷν
159 2543 192 2569 τὰ
209 2542 317 2579 κρυπτὰ
339 2542 436 2574 πάντα,
450 2541 484 2568 τὰ
501 2542 530 2568 ὲν
552 2541 628 2567 νυκτὶ
645 2541 692 2567 καὶ
701 2541 801 2577 ἡμέρᾳ,
818 2541 881 2568 ὅταν

102 2587 240 2625 μέλλωμεν
251 2587 352 2618 πάντες
366 2587 464 2622 γυμνοὶ
481 2587 528 2613 καὶ
553 2586 792 2622 τετραχηλισμένοι
811 2595 882 2622 παρ-

103 2633 222 2660 ίστασθαι
237 2632 276 2667 τῷ
297 2632 415 2668 βήματι,
441 2632 472 2658 τὸ
496 2631 619 2667 φοϐερὸν,
648 2630 735 2668 οἶμαι,
761 2632 884 2667 αἰσχυνό-

102 2688 230 2714 μενοι.....

134 2725 161 2751 2.
178 2725 276 2753 Ἄκουε
290 2724 382 2752 λοιπὸν
397 2724 448 2751 κᾶν
460 2725 528 2760 ἀνὴρ
541 2724 591 2751 κᾶν
610 2725 689 2760 γυνὴ,
710 2725 754 2751 καὶ
767 2724 883 2758 φύλαξον

103 2771 171 2807 ἆπερ
185 2771 345 2806 παρέδωκαν
360 2771 383 2798 οἱ
397 2771 468 2805 ἅγιοι
488 2771 640 2803 ἀπόστολοι,
660 2771 702 2798 ἵνα
721 2771 778 2806 μετ’
796 2770 884 2797 αὐτῶν

136 2848 160 2864 ⁸⁸
178 2847 251 2876 Psal.
269 2855 303 2883 ο,
319 2848 345 2876 5.
382 2848 405 2865 "
425 2847 518 2876 Matth.
535 2857 560 2881 ν,
580 2848 623 2876 54.
662 2849 683 2864 ‘°
703 2847 760 2876 Jac.
779 2857 804 2881 ν,
826 2848 865 2874 12.

936 2270 1076 2305 consequi,
1099 2274 1180 2305 atque
1193 2268 1298 2304 ingredi
1311 2268 1338 2295 in
1354 2275 1468 2303 regnum
1484 2265 1543 2299 Dei,
1561 2273 1616 2293 non
1628 2269 1718 2292 autem

933 2316 971 2343 ad—
986 2320 1118 2344 aeternum
1144 2314 1328 2350 supplicium;
1351 2321 1429 2341 serva
1454 2320 1514 2347 quae
1529 2312 1607 2339 audis
1626 2321 1633 2339 ε
1650 2311 1719 2339 vim-

933 2370 985 2398 que
1003 2362 1052 2390 tibi
1068 2362 1138 2389 infer
1160 2369 1254 2388 eorum
1269 2368 1351 2388 causa
1380 2367 1467 2395 usque
1481 2359 1514 2386 ad
1537 2362 1663 2391 mortem,
1689 2362 1719 2385 ut

933 2407 1072 2435 coroneris
1093 2414 1107 2433 a
1124 2405 1233 2434 Christo
1247 2406 1312 2437 Deo,
1336 2413 1397 2432 cum
1423 2405 1530 2432 occulta
1555 2403 1646 2430 omnia
1661 2407 1718 2430 tum

933 2459 1012 2480 nocte
1029 2457 1084 2480 tum
1104 2452 1147 2479 die
1166 2455 1242 2487 gesta
1263 2451 1489 2485 perscrutabitur,
1509 2449 1618 2485 quando
1644 2448 1718 2475 futu-

933 2508 993 2527 rum
1007 2503 1049 2527 est
1063 2502 1092 2526 ut
1107 2498 1173 2525 nudi
1190 2506 1285 2525 omnes
1299 2501 1326 2525 et
1349 2496 1486 2524 manifesti
1502 2497 1633 2523 sistamur
1655 2500 1718 2523 ante

933 2545 1064 2577 tribunal,
1092 2544 1165 2579 quod
1192 2544 1356 2572 horrendum
1375 2551 1441 2571 sane
1456 2547 1507 2570 est.
1529 2541 1561 2568 Et
1588 2541 1634 2568 alii
1655 2543 1719 2576 qui-

931 2593 1078 2620 dem....

973 2723 1001 2751 2.
1019 2723 1088 2751 Audi
1105 2724 1213 2752 demum
1243 2724 1300 2752 sive
1313 2725 1364 2756 vir,
1385 2724 1441 2751 sive
1456 2723 1554 2751 mulier
1577 2731 1617 2756 es,
1631 2727 1658 2751 et
1673 2723 1722 2751 ob-

939 2778 1018 2798 serva
1032 2778 1095 2805 qua
1108 2771 1196 2798 sancti
1219 2770 1390 2798 tradiderunt
1405 2769 1532 2805 aposwh,
1551 2773 1579 2798 ut
1594 2777 1646 2797 una
1659 2777 1720 2797 cum

915 2848 934 2863 “
957 2847 964 2875 Ι
985 2847 1053 2875 Tim.
1072 2856 1108 2880 ll,
1129 2847 1153 2875 7.
