1926 3067
258 153 323 181 Mil

833 152 861 179 S.
881 151 1110 180 ATHANASIUS.
1130 167 1165 172 —-
1186 151 1318 179 SPUBIA.

1795 153 1857 181 1112

257 214 325 248 ipsis
342 219 454 250 vespere
468 213 608 243 fruamur;
635 211 668 238 ad
682 210 975 245 Ecclesiam'concede,
990 217 1032 240 at-

1092 211 1280 246 ίπολαύσωμεν
1307 211 1443 246 ἑσπέρας·
1471 211 1517 238 καὶ
1544 210 1611 247 πρὸς
1635 210 1683 246 τὴν
1707 210 1858 246 Ἐκκλησίαν

256 265 310 292 que
339 257 393 284 Deo
417 257 547 284 conﬁtere
576 260 686 291 peccata
711 261 757 283 tua
782 265 842 292 quae
866 260 1039 293 perpetrasti.

257 303 314 337 (57)
325 302 401 336 Quod
417 303 440 330 si
457 310 500 330 res
514 309 568 329 non
584 303 652 329 bene
679 304 850 338 processerit,
873 312 961 338 neque
978 312 1041 340 pro-

257 349 339 384 pitius
354 349 399 375 ille
415 348 505 381 fuerit,
522 357 557 376 ne
572 349 605 375 ad
621 357 690 384 opus
710 350 824 378 accedas
851 353 939 381 tuum.
954 359 1041 386 quan-

257 393 402 428 doquidem
417 401 471 421 non
481 399 522 422 est
534 394 706 422 benedictum
722 396 784 427 ;sin
798 397 933 430 propitius
949 397 1040 428 fuerit,

256 444 323 467 tunc
339 448 407 475 opus
435 440 516 468 adeas
536 445 623 473 tuum,
651 442 717 469 illud
743 442 815 470 Deus
844 443 990 475 henedicit,
1008 451 1043 470 ne

255 485 305 512 tibi
329 487 430 513 malum
450 487 572 514 accedat.
605 487 672 514 Cum
689 496 768 515 mane
784 490 947 520 surrexeris,
973 490 1039 523 ligu-

255 538 314 558 ram
330 533 490 559 veneranda:
504 537 530 559 et
546 533 659 560 viviticm
675 534 766 560 crucis
781 535 908 562 omnibus
926 534 981 562 tuis
1003 535 1042 561 ia-

256 578 310 604 cito
325 578 465 611 membris;
490 582 517 606 et
529 578 593 604 dum
610 580 743 611 ambulas,
768 580 922 613 decumbis,
939 581 1040 616 surgis,

257 630 364 656 semper
378 623 462 650 dicito
478 633 485 650 :
501 622 613 650 Domine
627 623 690 651 Jcsu
719 625 837 657 Christe,
865 626 962 659 adjuva
987 632 1040 652 me.

257 665 359 697 Quarta
373 666 451 697 feria,
469 671 496 693 et
510 674 668 701 parasceve,
685 676 732 696 seu
748 669 815 696 feria
837 674 923 702 sexta,
936 671 1040 706 jejuna.

258 711 327 738 Aliis
341 711 448 742 diebus,
466 713 506 739 tui
532 716 571 740 est
595 713 702 741 arbitrii
715 715 850 749 jejunare,
875 717 915 743 vel
934 724 988 744 non
1001 718 1041 751 je-

253 757 364 792 junare.
392 759 517 786 Attamen
534 766 583 793 par
605 763 648 787 est
668 765 697 787 ut
722 761 850 789 mulieres
871 770 979 797 semper
1001 764 1043 797 jtr

255 802 362 837 junent.
382 803 449 830 Illud
474 804 516 831 vel
532 811 594 831 sero
611 805 719 832 tandem
736 806 891 838 observato,
903 807 1041 835 diabolum

258 847 363 874 scilicet
384 848 554 875 iracundiam
584 849 632 876 tibi
651 850 805 878 immittere.
825 856 851 877 ιιι
876 859 1039 881 succenseas

257 896 284 920 et
307 893 424 920 animam
462 895 560 929 perdas
587 899 670 922 tuam.
706 895 940 924 Mansuetudinem
966 898 1038 926 Deus

257 937 308 965 tibi
333 938 415 974 406
430 939 544 971 dederit,
561 946 590 967 ut
605 948 652 974 per
667 943 901 970 mansuetudinem
920 947 947 971 et
969 944 1040 972 elec-

258 990 400 1019 mosynam
416 985 530 1013 salutem
546 987 733 1021 consequaris.
765 987 798 1015 Et
814 988 929 1016 observa
954 998 1040 1025 quan-

257 1029 356 1056 dunam
377 1038 392 1056 a
415 1035 440 1057 te
465 1031 588 1059 diabolus
617 1031 712 1068 fugiat,
730 1037 786 1060 tum
803 1035 907 1062 scilicet
924 1036 1040 1064 maxime

258 1082 321 1102 cum
338 1075 436 1103 viderit
450 1076 542 1104 crucis
559 1082 651 1111 typum
671 1078 699 1105 in
727 1078 827 1110 fronte,
854 1080 881 1106 in
903 1087 950 1108 ore
965 1085 991 1108 et
1011 1082 1039 1108 in

258 1121 340 1148 corde
361 1125 418 1149 tuo.
448 1121 522 1157 Fuge
546 1130 654 1158 quoque
673 1131 787 1159 pugnas,
804 1125 867 1159 jure
888 1134 922 1154 an
941 1127 1040 1161 injuria

259 1167 416 1199 suseitatas,
440 1173 470 1194 ut
487 1176 521 1195 ne
536 1169 633 1203 perdas
649 1170 767 1198 animam
796 1175 880 1199 tuam.
901 1172 1040 1208 Scriptum

259 1217 302 1240 est
327 1213 424 1240 enim:
444 1223 454 1238 ι
473 1213 521 1241 Vir
549 1215 696 1243 iracundus
723 1221 750 1244 et
782 1225 902 1253 praeceps
927 1219 1041 1247 suscitat

260 1265 364 1293 pugnas
373 1259 396 1274 "
414 1268 421 1286 :
451 1269 461 1284 ι
480 1258 610 1288 Dominus
640 1265 730 1288 autem
754 1264 878 1297 angelum
895 1264 1041 1292 immiseri-

259 1304 369 1331 cordem
392 1305 514 1332 immittit
543 1305 592 1334 illi.
622 1306 661 1335 Ne
690 1307 851 1342 injuriarum
879 1309 1040 1344 cujusquam

260 1350 379 1379 hominis
397 1352 560 1380 recordere:
584 1354 631 1381 sed
654 1359 713 1382 esto
735 1355 795 1382 sine
817 1355 919 1382 malitia
938 1360 968 1383 ut
999 1356 1041 1383 in-

260 1395 360 1423 fantes.
391 1396 435 1423 Ait
450 1398 550 1432 quippe
566 1397 696 1426 Dominus
715 1399 741 1426 in
759 1399 912 1434 Evangeliis
927 1410 933 1427 :
953 1410 962 1426 ι
983 1400 1039 1427 Nisi

260 1443 383 1469 conversi
412 1442 519 1470 fueritis
535 1447 561 1470 et
577 1443 731 1471 eiliciamini
759 1446 831 1472 sicut
847 1445 962 1480 parvuli,
986 1453 1040 1473 non

261 1488 398 1517 intrabitis
418 1489 445 1516 in
468 1497 579 1525 regnum
603 1491 733 1517 caelorum
747 1491 779 1518 “.
797 1501 806 1516 ι
832 1491 899 1518 llinc
919 1491 1041 1518 animad-

261 1538 345 1565 verte.
360 1535 488 1568 parvulos
507 1543 561 1562 non
589 1543 719 1571 pugnare,
737 1537 783 1563 sed
801 1541 894 1563 mutuo
911 1537 1038 1572 colloqui.
1054 1551 1075 1579 ρ

260 1579 302 1606 Ab
317 1580 391 1607 omni
407 1580 486 1614 plane
499 1581 602 1607 malitia
619 1580 792 1609 excedamus.
807 1581 929 1613 Domum.
948 1582 1040 1616 frater,

260 1625 380 1652 imitator
396 1630 455 1654 esto
470 1634 615 1661 puerorum
626 1627 714 1662 quoad
730 1628 872 1659 malitiam,
890 1632 919 1654 ut
935 1629 969 1655 ab
983 1636 1043 1655 om-

260 1672 289 1698 ni
306 1679 335 1699 re
351 1672 419 1698 mala
440 1672 572 1700 libereris.
604 1672 673 1699 Audi
692 1672 850 1706 Apostolum
869 1673 909 1701 sic
932 1674 1045 1708 loquen-

261 1721 332 1744 tem:
347 1727 356 1743 ι
369 1717 414 1744 Sol
425 1725 479 1744 non
489 1719 595 1745 occidat
606 1726 687 1753 super
696 1718 863 1745 iracundiam
874 1720 1023 1746 vestram“.
1031 1728 1042 1745 ι

263 1761 465 1797 Loquacitatem
484 1763 596 1790 nimiam
621 1763 685 1790 odio
713 1763 792 1795 habe,
817 1764 1044 1791 taciturnitatem-

263 1815 316 1842 que
334 1808 424 1842 potius
447 1815 517 1834 ama.
549 1808 578 1835 Ιιι
593 1808 674 1836 corde
692 1814 739 1836 tuo
766 1812 861 1841 orato,
882 1816 914 1836 ac
940 1809 1041 1836 dicito:

268 1862 277 1878 ι
297 1852 368 1880 Deus
393 1854 526 1888 propitius
549 1858 610 1881 esto
632 1854 697 1881 mihi
728 1854 915 1889 peccatori“.
936 1864 946 1880 ι
976 1854 1044 1882 0dio

262 1898 328 1925 item
346 1898 415 1926 habe
427 1899 482 1925 vini
499 1900 661 1934 potationes,
676 1899 846 1933 nimiumque
859 1900 961 1927 cibum.
975 1899 1044 1928 Odio

264 1943 333 1970 habe
347 1943 549 1978 puriﬁcationes
565 1944 743 1972 :saltationes
757 1949 784 1971 et
805 1943 952 1980 tragoedias
972 1944 1043 1979 fuge;

263 1987 320 2014 haec
335 1992 401 2015 sunt
416 1989 516 2023 quippe
532 1988 633 2015 diaboli
650 1989 716 2016 ludi.
744 1988 974 2016 Vestimentorum
989 1988 1044 2016 cul-

265 2038 322 2060 tum
337 2034 401 2062 odio
415 2033 526 2066 habeas,
549 2041 598 2061 nec
618 2034 757 2061 mollitiem
770 2034 916 2067 dilexeris;
933 2034 980 2062 sed
996 2042 1044 2069 po-

263 2080 318 2107 tius
346 2079 525 2108 humilitatem
541 2080 728 2115 vilitatemqne
754 2084 863 2116 propter
880 2079 982 2113 Deum;
1015 2084 1044 2107 ut

263 2127 324 2154 ideo
339 2129 366 2154 te
384 2125 510 2154 Christus
524 2130 551 2154 et
567 2125 639 2154 Deus
654 2130 748 2154 noster
768 2126 863 2153 induat
876 2128 972 2154 stolam
990 2126 1044 2162 glo-

261 2173 320 2204 riae.
335 2173 524 2200 vestimentum
540 2172 761 2207 incorruptionis,
777 2179 905 2199 coronam
923 2172 1043 2206 pulchri-

1091 257 1221 291 ἀπέρχου,
1237 257 1283 283 καὶ
1305 257 1465 291 ἐξομολογοῦ
1488 256 1527 291 τῷ
1537 256 1596 291 Θεῷ
1613 256 1662 288 τὰς
1675 257 1805 291 ἁμαρτίας
1817 265 1857 284 σου

1091 302 1162 338 ᾇπερ
1179 302 1307 336 ἔπραξας.
1323 303 1370 328 "Av
1385 303 1413 328 δὲ
1425 303 1461 338 μὴ
1479 302 1592 337 ἀπέλθῃ,
1610 302 1656 328 καὶ
1683 301 1745 337 εὔξῃ
1767 310 1804 333 σε,
1825 303 1857 338 μὴ

1091 349 1204 385 ὲγγίσῃς
1218 350 1256 381 εἰς
1273 349 1362 384 ἔργον,
1373 349 1433 375 ἐπεὶ
1450 349 1499 375 οὺκ
1519 348 1591 374 ἔστιν
1615 348 1805 383 εὐλογημένον·
1817 350 1858 374 ἐὰν

1091 395 1119 422 δὲ
1134 395 1197 430 εὔξῃ
1214 403 1254 426 σε,
1267 395 1314 421 καὶ
1325 395 1384 421 τότε
1394 395 1498 430 ἐπάρῃς
1516 394 1547 420 τὸ
1561 394 1640 428 ἔργον
1655 402 1711 426 σου,
1723 395 1736 419 ὸ
1747 394 1808 424 Θεὸς
1821 395 1857 420 sio-

1092 441 1165 474 λογεῖ
1178 441 1251 471 αὐτὸ,
1267 440 1302 474 μὴ
1331 440 1413 466 κακὸν
1425 439 1590 474 προσεγγίσῃ
1608 447 1659 465 σοι.
1681 439 1856 472 Ἀνισταμένου

1093 497 1139 515 σου
1153 488 1184 514 τὺ
1192 487 1271 523 πρωῒ,
1282 488 1326 513 τὸν
1339 487 1420 513 τύπον
1429 486 1475 512 τοῦ
1486 487 1574 520 τιμίου
1587 486 1633 512 καὶ
1647 484 1774 516 ζωοποιοῦ
1787 493 1856 511 σταυ-

1093 534 1140 569 ροῦ
1156 533 1267 568 ποίησον
1281 534 1320 564 εἰς
1337 533 1424 559 πάντα
1435 532 1467 558 τὰ
1487 532 1553 567 μέλη
1571 540 1628 563 σου,
1642 531 1689 558 καὶ
1704 531 1856 566 περιπατῶν,

1093 579 1139 604 καὶ
1166 577 1347 613 κοιμώμενος,
1370 578 1416 604 καὶ
1441 577 1626 610 ἀνιστὲμενος,
1657 577 1769 603 πάντοτε
1790 575 1856 608 λέγε·

1092 624 1178 659 Κύριε
1200 623 1285 659 Ἰησοῦ
1313 623 1423 658 Χριστὲ,
1448 622 1578 657 βοήθησον
1600 631 1655 657 μοι.
1682 621 1806 656 Γετράδην
1820 622 1856 647 καὶ

1092 669 1266 704 παρασκευὴν
1289 669 1412 704 νήστευε.
1427 669 1483 696 Τὰς
1502 668 1529 694 δὲ
1557 668 1639 700 ἄλλας
1653 668 1774 700 ἐξουσίαν
1788 667 1856 702 ἔχεις.

1093 716 1142 742 κᾶν
1157 715 1245 750 θέλῃς,
1258 716 1380 750 νήστευε,
1395 714 1445 740 κᾶν
1460 714 1548 749 θέλῃς,
1576 714 1612 748 μὴ
1629 715 1752 749 νήστευε.
1776 713 1856 748 Ὅμως

1092 762 1140 793 τὰς
1146 763 1276 796 γυναῖκας
1284 761 1390 796 ἀρμόζῃ
1395 761 1437 787 ἵνα
1445 761 1560 787 πάντοτε
1566 770 1597 795 νη
1601 760 1725 787 στεύωσι.
1733 760 1811 786 Βλέπε

1093 816 1168 838 ποτε,
1180 807 1219 834 ὃτι
1230 808 1244 833 ὁ
1257 807 1377 838 διάϐολος
1388 807 1511 842 ἐπιφέρει
1522 806 1570 841 τὴν
1580 805 1730 840 ὀξυχολίαν,
1744 806 1784 832 ἴνα
1794 805 1857 838 ὀξυν-

1093 852 1151 887 Θῇς,
1169 853 1214 879 καὶ
1223 852 1355 888 ἀπολέσῃς
1367 851 1415 886 τὴν
1425 851 1512 886 ψυχήν
1527 860 1583 877 σου.
1598 851 1653 886 Τὴν
1662 851 1690 877 δὲ
1703 851 1834 886 πραΰτητα
1845 851 1856 876 6

1089 896 1155 928 Θεὸς
1168 896 1261 932 διδοίη,
1276 897 1320 923 ἵνα
1334 896 1377 922 διὰ
1390 897 1438 931 τῆς
1455 897 1611 931 πραΰτητος
1626 896 1673 922 καὶ
1693 896 1741 930 τῆς
1760 895 1855 930 ελεημο-

1090 943 1173 978 σύνης
1188 942 1285 977 σωθῇς.
1297 942 1351 968 Καὶ
1363 942 1442 977 βλέπε
1459 942 1502 968 ὅτε
1517 942 1530 967 ὁ
1545 941 1668 973 διάϐολος
1682 941 1802 976 φεύξεται
1813 940 1856 967 ἀπὸ

1090 987 1148 1018 σοῦ,
1159 987 1274 1022 μάλιστα
1283 987 1346 1014 ὅταν
1357 987 1399 1023 ἴδῃ
1407 987 1451 1013 τὸν
1460 987 1543 1014 τύπον
1551 987 1597 1013 τοῦ
1612 987 1728 1023 σταυροῦ
1737 988 1764 1013 ὲν
1772 986 1806 1022 τῷ
1821 994 1857 1021 με·

1089 1032 1172 1068 τὼπῳ
1187 1041 1244 1063 σου,
1253 1032 1299 1058 καὶ
1309 1033 1337 1058 ὲν
1349 1032 1388 1067 τῷ
1398 1032 1510 1067 στόματὶ
1523 1040 1580 1063 σου,
1596 1033 1695 1058 καὶέπὶ
1706 1032 1753 1067 τὴν
1762 1031 1856 1066 καρδίαν

1091 1087 1148 1105 σου.
1160 1078 1246 1112 Φεῦγε
1252 1078 1279 1104 δὲ
1290 1077 1393 1109 καὶτὰς
1403 1078 1502 1113 μάχας.
1517 1077 1570 1104 κᾶν
1583 1077 1695 1109 δικαίως
1707 1077 1756 1104 κᾶν
1762 1077 1855 1107 ἀδίκως,

1091 1123 1133 1150 ἵνα
1152 1123 1188 1158 μὴ
1204 1122 1337 1158 ἀπολέσῃς
1353 1123 1401 1158 τὴν
1415 1123 1504 1158 ψυχήν
1517 1131 1574 1149 σου.
1588 1123 1744 1159 Γέγραπται
1756 1122 1814 1158 γὰρ,
1824 1123 1857 1148 ὃτι

1093 1178 1102 1194 ι
1131 1169 1159 1194 Ὀ
1172 1167 1296 1203 Θυμώδης
1313 1168 1359 1194 καὶ
1366 1168 1428 1200 ὀξὺς
1444 1168 1544 1203 ἐγείρει
1561 1168 1667 1203 μάχας·
1684 1178 1694 1194 ι
1706 1169 1720 1195 ὁ
1732 1168 1760 1194 δὲ
1772 1167 1856 1202 Κύριος

1090 1215 1204 1248 ἄγγελον
1219 1215 1385 1249 ἀνελεήμονα
1407 1214 1557 1250 ἐπιπέμπει
1575 1215 1616 1246 είς
1630 1215 1719 1241 αὐτόν.
1735 1215 1857 1249 Μνησικα-

1091 1261 1152 1287 κίαν
1171 1261 1239 1296 μετά
1262 1269 1333 1292 τινος
1350 1260 1387 1296 μὴ
1399 1261 1464 1296 ἔχῃς
1473 1269 1480 1275 ·
1503 1260 1570 1286 ἀλλὰ
1582 1261 1660 1294 γίνου
1674 1261 1772 1292 ἄκακος
1785 1260 1818 1291 ὡς
1831 1259 1857 1284 τὰ

1091 1307 1174 1341 νήπια
1193 1306 1227 1332 τὰ
1246 1305 1281 1341 μὴ
1299 1306 1392 1340 ἔχοντα
1415 1306 1522 1332 κακίαν.
1545 1303 1611 1332 Eine
1627 1306 1682 1341 γὰρ
1694 1307 1708 1332 ὁ
1724 1305 1817 1340 Κύριος
1835 1305 1857 1330 ὲν

1090 1351 1264 1386 Εὑαγγελίοις
1275 1360 1282 1367 ο
1294 1362 1303 1377 ι
1315 1352 1377 1378 Ἐὰν
1393 1351 1430 1386 μὴ
1445 1352 1581 1387 στραφῆτε
1605 1352 1653 1379 κα)⁸
1668 1351 1775 1386 γίνησθε
1785 1351 1818 1382 ὡς
1831 1350 1857 1376 τὰ

1090 1399 1183 1433 νήπια,
1196 1397 1226 1424 οὐ
1247 1397 1284 1432 μὴ
1307 1397 1443 1433 εἰσέλθητε
1459 1398 1499 1429 εἰς
1513 1398 1562 1432 τὴν
1577 1397 1715 1432 βασιλείαν
1732 1397 1783 1424 τῶν
1792 1397 1858 1430 οὐρα‹

1091 1444 1153 1470 νῶν.
1174 1454 1182 1469 ι
1199 1443 1247 1470 Ὶδὲ
1261 1443 1362 1476 λοιπὸν,
1377 1444 1410 1470 τὰ
1425 1443 1516 1472 παιδία
1530 1444 1560 1470 οὐ
1574 1444 1716 1479 μάχονται,
1731 1443 1776 1470 καὶ
1791 1442 1857 1469 πάλιν

1091 1489 1228 1525 ὁμιλοῦσιν
1241 1489 1352 1525 ἄλληλα.
1371 1490 1463 1521 Ἐκτὸς
1479 1491 1544 1525 ἡμῖν
1558 1490 1648 1517 πάντα
1661 1490 1714 1517 ἀπὸ
1728 1491 1810 1524 πάσης
1820 1496 1858 1514 κα-

1091 1535 1162 1566 κίας.
1175 1534 1260 1566 Αὐτὸς
1275 1534 1375 1566 λοιπὸν,
1396 1534 1502 1568 ἀδελφὲ,
1520 1534 1641 1570 μιμητὴς
1652 1534 1730 1568 γενοῦ
1745 1534 1795 1559 τῶν
1805 1532 1857 1558 παί-

1093 1581 1145 1607 δων
1159 1581 1198 1611 είς
1214 1580 1262 1615 τὴν
1284 1580 1392 1613 κακίαν,
1409 1580 1451 1607 ἵνα
1469 1580 1557 1615 σωθῇς
1576 1580 1631 1606 ἀπὸ
1647 1580 1744 1611 παντὸς
1758 1577 1858 1613 πονηρῡῦ

1093 1628 1263 1664 πράγματος.
1283 1627 1381 1653 Ἀκουε
1397 1626 1443 1652 τοῦ
1467 1625 1626 1652 Ἀποστόλου
1641 1626 1761 1660 λέγοντος
1773 1633 1779 1639 ·
1798 1633 1807 1649 ι
1824 1623 1858 1656 Μὴ

1093 1674 1226 1700 ἐπιδυέτω
1236 1675 1250 1700 ὁ
1267 1673 1341 1708 ἥλιος
1356 1672 1401 1698 ἐπὶ
1412 1671 1451 1706 τῷ
1467 1671 1650 1707 παροργισμῷ
1662 1671 1746 1707 ὑμῶν,
1761 1669 1810 1696 »Τὸ
1821 1669 1859 1694 λιι-

1093 1720 1148 1746 λεῖν
1165 1719 1250 1746 πολλὰ
1267 1719 1391 1754 μίσησον,
1408 1718 1455 1745 καὶ
1473 1718 1572 1754 μᾶλλον
1592 1719 1733 1753 ἀγάπησον
1748 1716 1791 1744 τοῦ
1805 1723 1858 1742 σιω-

1094 1765 1157 1799 πᾷν.
1169 1764 1225 1790 Καὶ
1236 1763 1362 1798 εὔχεσθαι
1376 1764 1405 1789 ὲν
1421 1764 1454 1798 τῇ
1470 1763 1568 1798 καρδίᾳ
1586 1770 1645 1794 σου,
1663 1763 1710 1789 καὶ
1723 1762 1794 1795 λέγε·
1809 1769 1818 1784 ι
1837 1758 1858 1784 ’0

1093 1810 1169 1842 Θεὸς,
1192 1809 1315 1844 ἱλάσθητί
1328 1818 1372 1844 μοι
1385 1808 1424 1844 τῷ
1439 1808 1600 1844 ἁμαρτωλῷ.
1620 1819 1630 1834 ι
1647 1809 1765 1843 Μίσησον
1783 1806 1808 1833 δὲ
1821 1804 1858 1831 καὶ

1092 1856 1142 1887 τὰς
1162 1855 1325 1886 οίνοποσίας,
1355 1855 1401 1882 καὶ
1424 1854 1604 1888 πολυφαγίας.
1625 1855 1744 1889 Μίσησον
1765 1852 1806 1878 καὶ
1821 1849 1857 1875 τὸν

1094 1902 1272 1943 καθαρισιιὸν,
1295 1901 1341 1927 καὶ
1364 1901 1410 1927 τὸν
1425 1899 1562 1936 ὀρχηθμὸν
1578 1899 1674 1934 φεῦγε,
1687 1900 1733 1926 καὶ
1746 1898 1790 1928 τὰς
1802 1903 1857 1943 τρα-

1094 1938 1311 1982 γιρδίαξῗξκείνα
1327 1946 1374 1973 τοῦ
1390 1946 1513 1973 διαϐόλου
1530 1946 1588 1972 ἐστὶ
1607 1945 1729 1978 παίγνια.
1743 1944 1790 1970 Τὸν
1803 1940 1855 1967 καλ-

1093 1994 1231 2028 λωπισμὸν
1239 1993 1414 2028 τῶν,ίματίων
1426 1992 1455 2028 μί
1459 2001 1549 2027 σησον,
1558 1991 1625 2027 μηδὲ
1632 1993 1680 2026 τὴν
1688 1990 1794 2026 βλακίαν
1801 1989 1855 2020 ἀγα·

1093 2042 1205 2076 ἰτήοόις⁸
1220 2039 1287 2066 ἀλλὰ
1306 2039 1405 2074 μᾶλλον
1429 2037 1686 2073 ταπεινοφροσύνην,
1705 2036 1749 2064 καὶ
1765 2033 1856 2060 τελείαν

1094 2087 1150 2121 (58)
1173 2086 1217 2113 διὰ
1235 2086 1280 2112 τὸν
1291 2085 1366 2116 Θεὸν,
1379 2084 1423 2111 ἴνα
1439 2084 1542 2111 ἐκεῖθεν
1557 2083 1654 2119 ἐνδύσῃ
1665 2085 1679 2110 ὁ
1690 2081 1807 2118 Χριστὸς,
1818 2077 1855 2105 καὶ

1093 2133 1158 2164 Θεὸς
1175 2131 1252 2167 ὑμῶν
1269 2130 1364 2165 στολὴν
1379 2130 1468 2165 δόξης,
1486 2129 1584 2164 ἔνδυμα
1602 2128 1760 2165 ἀφθαρσίας,
1775 2124 1855 2158 στέφα-

1095 2187 1141 2205 νον
1150 2178 1274 2209 κάλλους,
1284 2177 1401 2212 διάδημα
1419 2175 1548 2211 βασιλέως
1558 2184 1564 2190 ·
1583 2175 1628 2202 ἵνα
1643 2176 1701 2202 τότε
1712 2174 1758 2210 ἔχῃ
1769 2173 1784 2207 ἡ
1796 2168 1854 2205 ψυχή

262 2219 377 2252 tudinis,
396 2219 521 2246 diadema
543 2218 631 2254 regis;
653 2221 682 2245 ut
702 2221 758 2244 tum
773 2217 870 2245 habeat
893 2217 983 2244 anima
997 2222 1041 2245 tua

1094 2233 1139 2251 σου
1151 2224 1305 2260 παρρησίαν
1316 2223 1383 2258 πρὸς
1398 2222 1442 2249 τὸν
1455 2222 1531 2253 Θεὸν,
1544 2221 1659 2255 λέγουσα
1668 2230 1676 2237 σ
1689 2220 1781 2254 Κύριε,
1793 2218 1817 2243 ὲν
1825 2213 1856 2248 τῷ

262 2267 389 2294 ﬁduciam
402 2273 466 2300 erga
482 2265 576 2298 Deum,
597 2265 691 2292 dicens
708 2272 714 2290 :
729 2263 852 2296 Domine,
867 2264 903 2291 ob
917 2267 1040 2291 sanctum

262 2319 359 2340 nomen
375 2315 451 2338 tuum
474 2311 566 2338 multis
583 2310 611 2337 in
630 2310 682 2338 hoc
705 2317 775 2338 vano
799 2309 899 2337 mundo
915 2309 988 2345 θεαί,
1013 2313 1042 2336 ιιι

262 2366 375 2394 regnum
391 2358 540 2393 acciperem
560 2362 635 2384 tuum
659 2363 744 2391 eoque
762 2355 875 2389 fruerer,
895 2356 931 2383 mi
951 2356 1042 2385 Domi-

261 2413 306 2433 ne.
327 2404 395 2432 Tum
409 2405 583 2439 respondebit
599 2403 728 2430 Dominus
744 2401 868 2429 Christus
884 2411 891 2430 :
909 2401 937 2429 Si
954 2405 982 2429 tu
994 2409 1042 2437 pa-

262 2458 323 2477 rum
348 2449 490 2482 laborasti,
515 2449 599 2476 multa
630 2448 778 2483 praeparavi
805 2449 873 2480 tibi;
899 2448 947 2476 sed
971 2448 1041 2474 intra

261 2496 289 2523 in
302 2495 448 2524 thalamum
462 2495 555 2531 gloria:
569 2502 644 2527 meae,
660 2500 740 2530 atque
753 2495 787 2522 iis
800 2494 890 2522 fruere
901 2502 961 2529 quae
975 2501 1043 2521 ocu-

262 2543 306 2571 lus
323 2550 379 2570 non
393 2542 470 2574 vidit,
486 2549 536 2570 nec
554 2542 630 2569 auris
653 2541 765 2573 audivit,
780 2549 830 2569 nec
847 2542 874 2568 in
890 2549 938 2568 cor
954 2541 1042 2568 homi-

262 2588 306 2616 nis
325 2588 458 2619 ascendit,
480 2595 540 2622 qua
565 2588 712 2622 przeparavi
727 2587 900 2622 diligentibus
927 2595 980 2619 me,
1001 2590 1042 2612 at-

262 2643 315 2669 que
328 2635 483 2662 amantibus
499 2643 595 2662 nomen
624 2639 747 2662 sanctum
765 2642 854 2662 meum
875 2635 906 2661 “‘.
925 2634 992 2661 Tum
1010 2634 1042 2661 iis

262 2680 412 2714 perfrueris
429 2688 490 2708 cum
517 2680 609 2708 choris
629 2685 784 2708 sanctorum
801 2681 974 2716 angelorum;
1003 2688 1043 2706 ar-

1093 2271 1187 2306 κόσμῳ
1200 2269 1288 2304 τούτῳ
1303 2269 1341 2304 τῷ
1361 2267 1467 2304 ματαίῳ
1486 2267 1531 2294 διὰ
1545 2267 1575 2293 τὸ
1590 2266 1675 2302 ὄνομά
1694 2274 1739 2292 σου
1752 2263 1779 2289 τὸ
1792 2263 1855 2295 ἅγιον

1093 2316 1178 2343 πολλὰ
1202 2315 1363 2350 ὑστερὴθην,
1385 2314 1428 2340 ἴνα
1446 2313 1494 2349 τὴν
1512 2312 1648 2348 βασιλείαν
1671 2320 1716 2338 σου
1735 2306 1854 2337 ἀπολάϐω,

1093 2361 1139 2388 καὶ
1156 2359 1310 2391 ἀπολαύσω,
1340 2358 1471 2384 Δέσποτα.
1493 2357 1550 2383 Καὶ
1564 2357 1623 2383 τότε
1640 2357 1697 2391 ὲρεῖ
1713 2351 1855 2383 ὁΔεσπότης

1092 2405 1208 2441 Χριστὸς
1237 2403 1336 2438 λέγων’
1361 2403 1392 2429 Et
1424 2403 1456 2428 σὺ
1477 2401 1505 2428 δὲ
1529 2401 1608 2434 ὀλίγα
1628 2398 1745 2430 ὲκοπίας,
1759 2391 1854 2443 ιπολλξ)

1095 2449 1234 2486 ἡτοίμασά·
1260 2457 1319 2476 σοι·
1337 2448 1404 2475 ἀλλὰ
1426 2446 1530 2473 εἴσελθε
1555 2447 1594 2477 εἰς
1616 2446 1660 2472 τὸν
1682 2442 1803 2486 νυμφῷνα
1815 2445 1854 2486 τηξ

1095 2482 1172 2532 δοξηξ
1188 2505 1249 2531 μου,
1275 2495 1322 2522 καὶ
1346 2493 1495 2521 ἀπόλαυσον
1508 2492 1525 2520 ἃ
1539 2491 1674 2526 ὀφθαλμὸς
1689 2485 1804 2536 οὐκλεῖδε,
1816 2482 1854 2536 κςιὶ

1095 2541 1141 2574 οὖς
1170 2542 1220 2568 οὐκ
1243 2541 1352 2577 ἢκουσε,
1379 2540 1425 2566 καὶ
1449 2539 1496 2565 ἐπὶ
1520 2538 1630 2574 καρδίαν
1661 2533 1800 2578 ἀνθρώπουλ
1814 2533 1854 2578 (δη

1095 2589 1192 2624 ἀνέϐη·
1209 2589 1259 2615 ὃσα
1276 2586 1413 2622 ἡτοίμασα
1435 2586 1491 2616 τοῖς
1509 2583 1634 2618 ἀγαπῶσί
1645 2591 1688 2617 με,
1704 2579 1748 2606 καὶ
1759 2576 1854 2624 7:006:30"!

1093 2637 1124 2663 τὸ
1150 2635 1236 2670 ὃνομά
1259 2643 1309 2669 μου
1326 2633 1356 2660 τὸ
1370 2633 1457 2666 ἅγιον,
1471 2631 1526 2658 Καὶ
1544 2631 1604 2657 τότε
1626 2625 1781 2670 ἀπολαύσεις
1797 2625 1854 2656 tu“

1094 2679 1181 2716 χορῶν
1199 2668 1291 2712 ’ἀγιῲν
1310 2677 1441 2712 ἀγγέλων,
1465 2676 1511 2703 και
1534 2673 1713 2711 ἀρχαγγέλων,
1739 2668 1780 2696 καὶ
1796 2671 1855 2701 μαρ-

301 2758 322 2774 ⁶¹
341 2759 419 2786 Prov.
436 2767 482 2791 xv,
499 2759 542 2786 lit.
581 2759 602 2774 ⁸³
622 2759 716 2787 Matth.
736 2767 812 2791 xvnt,
829 2759 855 2786 5,
894 2759 917 2774 ⁸⁸
937 2758 1035 2794 Ephes.
1055 2765 1091 2789 iv,
1110 2756 1154 2783 26.
1176 2756 1216 2772 -"
1235 2755 1300 2782 Luc.
1318 2762 1398 2784 xvm,
1418 2754 1460 2780 i5.
1499 2753 1521 2768 ⁵⁶
1537 2752 1546 2778 l
1561 2752 1613 2779 Cor
1642 2758 1671 2781 ιι,
1686 2748 1712 2775 9-

301 2836 355 2870 (δη
375 2835 463 2863 Locus
477 2837 628 2864 inlricatus.

1131 2833 1186 2868 (38)
1208 2832 1236 2858 F.
1252 2831 1398 2858 εὐτέλειαν.
