1926 3067
119 131 196 164 1113

561 133 604 161 DE
620 133 753 162 SANGTA
771 133 956 162 ΤιιικιΤἉτΕ
970 133 1118 162 DIALOGI.
1137 147 1171 155 ι·-
1183 132 1385 161 ADMONITIO.

1675 131 1744 160 HM

116 204 222 232 τυρων,
237 203 284 222 και
300 195 407 222 πάντων
421 192 474 222 τῶν
487 195 581 229 ἁγίων.
598 195 665 222 Τότε
678 196 735 230 ὲρεῖ
746 196 761 221 ὁ
771 195 906 230 Δεσπότης

959 195 1163 230 changelorum,
1188 197 1339 229 martyrum
1371 196 1399 221 et
1424 192 1544 220 omnium
1575 196 1742 220 sanctorum.

116 242 249 277 Χριστος,
266 242 321 273 τοῖς
332 241 545 276 ἀγωνισαμένοις
552 241 595 268 διὰ
609 241 639 267 τὸ
649 241 733 276 ὄνομα
745 241 836 271 αὑτοῦ,
855 241 908 272 τοῖς

119 287 161 324 μή
187 288 310 323 ὸμὸσασι,
328 289 384 319 τοῖς
402 288 439 324 μὴ
459 288 582 319 κλέψασι,
598 289 654 319 τοῖς
678 288 714 322 μὴ
731 288 906 323 πορνεύσασι,

116 335 178 364 τοῖς
190 334 226 369 μὴ
239 333 427 369 ψευσαμένοις,
447 336 501 366 τοῖς
515 335 551 370 μὴ
579 335 662 371 ὀργὴν
680 335 726 361 καὶ
737 334 824 369 λύπην
841 334 907 369 πρὸς

117 379 167 405 τὸν
186 379 299 414 πλησίον
315 380 454 415 ποιήσασι,
480 382 536 412 τοῖς
557 379 682 416 ἐλεήσασι
704 380 766 411 τοὺς
778 381 905 415 πένητας,

117 425 168 451 καὶ
184 426 220 460 μὴ
235 426 421 461 ἀποσνρέψασι
446 427 477 453 τὺ
493 427 637 462 πρόσωπον
651 427 740 453 αὐτῶν
755 427 801 453 ἀπ’
817 425 906 453 αὐτῶν

961 241 1023 268 llaec
1038 241 1110 268 dicet
1133 241 1264 268 Dominus
1286 239 1412 267 Christus
1433 239 1467 266 iis
1487 238 1533 273 qui
1547 242 1670 273 ,propter
1693 245 1743 265 no-

960 296 1021 314 men
1041 296 1120 316 suum
1148 287 1360 318 decertavcrint,
1377 287 1423 321 qui
1446 293 1501 312 non
1517 285 1678 319 juraveriut,
1694 291 1744 310 nec

959 333 1052 365 iurati,
1071 333 1210 364 fornicati,
1233 332 1340 360 mentiti
1356 331 1467 362 fuerim,
1491 330 1539 366 qui
1557 337 1612 357 non
1640 329 1672 356 ad
1689 329 1745 355 ira-

960 378 1087 405 cundiam
1117 378 1159 404 vel
1189 377 1328 404 tristitiam
1367 377 1522 411 proximum
1559 375 1742 411 provocarinl.

959 424 1004 458 qui
1034 423 1247 450 misericordiam
1263 431 1327 458 erga
1345 429 1477 458 pauperes
1496 422 1679 452 evercuerint,
1697 421 1743 454 qui

959 476 1012 495 non
1028 476 1044 494 a
1069 468 1202 503 proximis
1232 468 1289 495 suis
1309 469 1412 494 vultutn
1431 467 1578 494 averterint
1594 473 1684 493 suum.
1703 465 1743 491 Illi

119 471 255 506 ἀλλήλων.
272 470 306 507 ᾮ
336 474 351 506 ἠ
377 472 440 506 δόξα
455 473 501 500 καὶ
514 474 544 500 τὸ
559 474 658 522 κράτος
674 474 714 504 εἰς
732 474 794 504 τοὺς
805 473 905 504 αἰῶνας

957 514 1042 549 gloria
1062 517 1088 541 et
1105 514 1246 548 imperium
1278 514 1305 540 in
1334 513 1433 540 saecula
1451 513 1622 540 saeculorum.
1643 512 1740 539 Amen.

118 516 177 543 τῶν
192 516 304 544 αἰώνων.
330 517 424 553 Ἀμήν.

175 735 237 778 ΙΝ
277 735 555 788 QUINQUE
595 735 891 782 DIALOGOS
927 737 1277 789 SEQUENTES
1314 736 1686 782 ADMONITIO.

158 822 178 850 1.
196 823 310 850 Multum
334 824 482 858 discrepant
496 825 522 851 in
536 824 657 851 horumce
672 824 843 860 Dialogorum
858 826 1030 861 inscriptione
1043 825 1143 853 codices
1159 834 1168 853 .'
1187 826 1249 853 aliis
1268 826 1427 856 Athanasio.
1443 825 1562 853 Maximo
1577 830 1664 852 autem
1679 825 1743 852 aliis

120 870 310 905 referentibus;
328 871 388 897 aliis
412 871 516 898 demum
539 873 636 898 nemini
651 873 849 900 ascribentibus.
867 873 918 900 Sed
934 875 1086 908 priusquam
1100 874 1162 908 quid
1176 873 1250 901 nobis
1265 875 1300 901 sit
1314 873 1363 900 hac
1378 873 1408 900 de
1424 882 1452 900 re
1468 874 1597 907 opinionis
1621 873 1742 907 profera-

121 925 193 948 mus,
210 916 334 942 audiendi
359 921 419 943 sunt
440 917 484 951 qui
501 917 576 944 hosce
590 917 714 953 Dialogos
731 918 842 945 edidere.
860 917 915 945 Hoc
929 927 993 952 opus
1016 917 1104 945 Gra'ce
1118 922 1143 945 et
1155 918 1247 945 Latine
1267 918 1397 953 publicum
1413 918 1474 949 fecit
1491 918 1642 945 Theodorus
1658 918 1741 948 b'eza,

121 970 193 988 anno
207 962 284 993 1570,
298 963 364 998 typis
378 967 402 990 et
414 971 492 997 opera
509 962 617 990 Henrici
638 963 771 998 Stephani.
787 965 855 992 Hinc
873 965 1046 992 Commeliani
1066 965 1202 992 ediderunt
1217 974 1285 992 anno
1304 965 1380 995 1600.
1397 973 1427 991 ac
1441 964 1560 998 deinceps
1576 965 1602 991 in
1621 964 1741 990 omnibus

127 1007 338 1036 Graeco-Latinis
354 1008 431 1036 editis
456 1018 548 1046 cusurn
563 1010 624 1044 fuit.
642 1010 752 1037 Demum
772 1011 942 1045 Combeﬁsins
956 1011 1024 1038 inter
1039 1019 1117 1046 opera
1132 1010 1245 1037 Maximi
1259 1010 1350 1040 edidit.
1370 1009 1538 1045 Maximoque
1553 1017 1600 1043 pro
1616 1009 1746 1043 facultate

127 1054 278 1082 vindicavit.
294 1055 346 1088 Qui
363 1056 436 1090 prior
453 1056 565 1091 vulgavit
582 1056 677 1084 Theod.
693 1057 762 1084 Beza
779 1057 834 1084 hct'c
849 1057 977 1092 profatur
992 1066 1001 1084 :
1017 1058 1142 1092 Quinque
1155 1057 1266 1084 istorum
1289 1057 1457 1092 Dialogorum
1472 1056 1609 1091 exemplar
1623 1057 1649 1083 in
1667 1061 1743 1082 velu—

121 1103 254 1129 stissimis
272 1103 438 1130 membranis
456 1103 633 1138 descriptum,
649 1103 779 1131 divinitus
795 1104 885 1139 potius
902 1112 982 1139 quam
1001 1112 1064 1131 casu
1083 1112 1097 1130 a
1113 1104 1236 1130 Grmculo
1251 1104 1367 1138 quodam
1388 1104 1438 1130 hac
1463 1108 1621 1130 transeunte
1636 1103 1743 1130 redem-

121 1153 209 1182 ptum,
227 1149 438 1176 communicavit
455 1149 520 1176 mihi
536 1150 721 1184 amplissimus
738 1149 820 1184 hujus
833 1150 949 1177 civitatis
961 1154 1072 1177 senatus
1092 1159 1098 1176 :
1115 1149 1186 1184 quod
1197 1149 1359 1184 quibusdam
1374 1149 1440 1176 loeis
1459 1149 1592 1179 mutilum,
1604 1149 1744 1175 nonnullis

120 1195 214 1227 etiam,
230 1195 277 1222 sed
302 1195 489 1230 paucissimis,
507 1195 684 1230 depravatum
710 1195 801 1222 inveni
819 1203 873 1223 :eo
898 1200 1020 1230 excepto,
1035 1195 1106 1230 quod
1126 1195 1237 1230 γενητὸς
1250 1200 1275 1222 et
1291 1195 1420 1230 ἀγένητος
1449 1203 1520 1230 saepe
1545 1195 1674 1229 scriptmn
1701 1200 1743 1223 est

120 1251 172 1278 pro
186 1243 314 1278 γεννητὸς
330 1247 357 1271 et
374 1243 521 1279 ἀγέννητος
541 1252 548 1270 :
567 1244 594 1270 in
616 1243 715 1278 quibus
740 1243 926 1278 permutandis
947 1243 1052 1271 voculis
1066 1243 1226 1270 Eunomiani
1253 1250 1341 1270 causae
1356 1250 1411 1270 suae
1426 1243 1575 1270 servientes
1589 1243 1715 1270 ludebant
1733 1254 1739 1270 :

120 1298 190 1325 quas
209 1299 258 1326 ego
280 1291 384 1318 idcirco
398 1290 505 1318 Grzecas
522 1291 549 1318 in
561 1292 666 1319 duobus
682 1291 777 1326 primis
790 1291 906 1327 dialogis
928 1291 1034 1326 reliqui,
1051 1290 1136 1318 donec
1150 1291 1276 1318 videlicet
1293 1290 1366 1317 hunc
1385 1297 1504 1317 errorem
1519 1289 1598 1324 plane
1613 1289 1738 1316 animad-

125 1337 279 1364 vertissem.
295 1337 417 1370 Quatuor
434 1346 468 1364 ex
484 1338 544 1365 istis
563 1338 680 1372 priores,
693 1337 845 1365 Athanasio
860 1338 900 1364 illi
917 1337 1027 1373 (Magno
1043 1337 1176 1372 videlicet)
1192 1341 1256 1364 sunt
1269 1337 1391 1372 inscripti
1411 1346 1418 1363 τ
1437 1338 1544 1365 etiamsi
1558 1338 1643 1364 aliena
1661 1344 1741 1362 manu

120 1383 279 1410 adnotatum
297 1389 355 1410 erat
371 1384 402 1410 ad
420 1384 499 1418 primi
515 1383 613 1418 dialogi
629 1384 790 1418 marginem,
802 1384 853 1410 Τὸν
868 1393 906 1410 πα

959 1393 988 1410 τα
1002 1384 1124 1418 διάλογον
1144 1385 1168 1410 οἱ
1185 1383 1234 1418 μὲν
1255 1383 1423 1414 Ἀθανασίου,
1443 1385 1467 1410 οἰ
1481 1383 1509 1410 δὲ
1525 1384 1650 1418 Μαξίμου
1671 1380 1739 1409 εἶναι

119 1429 257 1463 λέγουσιν·
274 1434 300 1456 et
314 1429 429 1456 habebat
445 1430 525 1456 etiam
551 1430 619 1457 liber
635 1429 679 1456 ille
699 1429 807 1456 Maximi
838 1429 979 1461 nonnulla,
997 1429 1055 1464 ejtts
1072 1429 1209 1460 videlicet,
1224 1429 1269 1463 qui
1287 1429 1380 1455 multis
1399 1433 1459 1464 post
1472 1429 1648 1455 Athanasium
1663 1427 1743 1454 annis

119 1475 372 1510 Monopltysitarum
390 1475 514 1502 haeresim
531 1475 669 1502 reinlavit.
687 1475 767 1502 Certe
783 1474 851 1501 nihil
865 1475 975 1507 habent,
988 1483 1048 1502 meo
1065 1475 1179 1509 judicio,
1196 1475 1337 1502 Athanasii
1351 1475 1392 1502 vel
1407 1475 1514 1502 nomine
1535 1475 1686 1509 indignum,
1698 1474 1741 1502 vel

118 1521 287 1556 temporibus
299 1528 353 1547 non
369 1527 524 1555 congruens
537 1529 544 1546 :
556 1519 681 1554 quamvis
694 1525 786 1554 postea
803 1519 889 1554 magis
906 1520 1023 1554 grassati
1040 1519 1190 1554 videantur;
1203 1520 1412 1554 Apollinaristm,
1425 1525 1451 1547 et
1467 1520 1615 1547 Macedonii
1631 1520 1744 1547 haeresis

120 1568 289 1594 (ecumenico
305 1567 413 1594 demum
432 1567 551 1594 concilio
567 1567 618 1593 sub
642 1565 795 1594 Theodosio
809 1565 906 1602 Magno
923 1567 1005 1594 fuerit
1024 1568 1187 1602 proscripta.
1205 1567 1323 1600 Quintus
1339 1575 1403 1594 vero
1423 1575 1476 1594 non
1493 1572 1546 1594 tam
1563 1567 1686 1602 dialogus
1700 1572 1742 1594 est

121 1624 201 1650 quam
227 1615 417 1650 compendium
441 1615 589 1650 quoddam,
606 1619 636 1641 ut
657 1619 780 1649 apparet.
797 1615 839 1642 vel
854 1615 888 1642 ab
905 1615 965 1650 ipso
981 1614 1122 1650 Gregorio,
1143 1619 1208 1650 puta
1229 1614 1411 1646 Nazianzeno,
1429 1616 1562 1642 acerrimo
1578 1615 1740 1650 Apollinari-

120 1665 225 1690 starum
248 1666 435 1696 oppugnatore
449 1660 489 1696 (ut
503 1668 536 1688 ex
553 1660 638 1695 ipsius
651 1659 683 1686 ad
699 1659 858 1686 Cledoniutn
875 1659 991 1694 epistola
1010 1659 1120 1695 liquet),
1139 1659 1219 1695 407
1238 1659 1278 1686 vel
1298 1668 1331 1687 ex
1346 1660 1436 1694 aliqua
1458 1660 1544 1694 ipsius
1557 1660 1744 1696 disputatione

120 1711 289 1742 excerptum.
305 1706 374 1734 Sunt
388 1711 478 1734 autem
491 1711 564 1733 certe
585 1705 611 1732 in
625 1705 667 1732 his
683 1704 802 1740 Dialogis
819 1704 936 1731 obscura
947 1704 1082 1739 quazdam,
1097 1709 1124 1732 et
1137 1713 1197 1740 qua:
1212 1705 1322 1732 aliunde
1341 1705 1414 1731 illata
1429 1705 1489 1732 luce
1501 1705 1647 1740 indigeant.
1663 1706 1742 1739 Quod

120 1759 147 1782 et
163 1754 186 1782 si
200 1762 273 1781 nunc
290 1761 304 1780 a
322 1761 375 1785 me,
391 1753 462 1780 sicut
475 1753 509 1780 ab
519 1752 597 1779 initio
612 1751 820 1783 constitueram,
832 1751 956 1786 praestari
969 1758 1024 1777 non
1040 1751 1138 1785 potuit,
1158 1751 1233 1778 brevi
1249 1755 1351 1782 tamen,
1366 1755 1395 1778 ut
1414 1758 1504 1785 spero,
1519 1755 1545 1778 et
1562 1752 1669 1786 quidem
1685 1760 1741 1779 non

122 1800 181 1828 sine
199 1799 291 1826 fenore
312 1798 494 1833 praestabitur.
510 1797 538 1824 lu
553 1797 607 1825 illis
621 1797 693 1824 enim
708 1797 826 1824 citantur
850 1796 980 1823 nonnulla
997 1795 1145 1831 Scriptura:
1163 1797 1320 1824 testimonia
1344 1805 1398 1824 non
1418 1797 1485 1824 satis
1510 1797 1632 1832 apposite
1646 1807 1653 1825 :
1667 1798 1740 1832 quod

121 1844 248 1872 omnibus
275 1844 381 1871 illorum
405 1848 557 1878 temporum
581 1842 774 1877 scriptoribus,
788 1845 844 1869 tum
860 1841 963 1870 Graecis
989 1845 1046 1869 tum
1069 1841 1184 1875 Latinis,
1198 1843 1358 1877 saepiuscule
1376 1843 1475 1874 evenit,
1496 1843 1559 1870 dum
1575 1843 1742 1878 posteriores

121 1890 188 1926 ipsis
216 1890 274 1917 ocis
315 1897 370 1916 non
398 1888 537 1923 inspectis,
557 1888 680 1922 priorum
706 1887 819 1922 vestigia
848 1890 1002 1921 sequuntur
1020 1895 1026 1914 :
1044 1895 1075 1914 ac
1089 1887 1186 1922 partim
1218 1887 1311 1919 etiam,
1329 1887 1403 1923 quod
1432 1887 1524 1915 Grieca
1544 1888 1637 1921 editio,
1657 1896 1740 1923 quam

122 1935 298 1972 Septuaginta
315 1938 423 1967 vocant,
436 1934 561 1970 quamvis
577 1935 692 1962 infinitis
707 1934 775 1961 locis
792 1933 911 1966 falsa,ac
927 1933 1064 1961 interdum
1079 1934 1160 1961 etiam
1176 1934 1292 1962 ridicula
1306 1939 1333 1961 et
1349 1935 1450 1969 inepta,
1463 1935 1490 1962 in
1506 1935 1635 1963 Ecclesiis
1649 1939 1741 1963 tamen

120 1983 272 2014 obtineret;
296 1982 364 2008 tanti
389 1985 431 2009 est
457 1981 586 2008 momenti
607 1988 638 2008 ex
663 1980 783 2008 fontibus
809 1980 876 2014 ipsis
902 1981 1043 2008 veritatem
1071 1980 1191 2007 haurire.
1207 1979 1265 2007 lluc
1283 1981 1362 2007 etiam
1378 1980 1476 2008 accidit
1488 1985 1617 2016 perpetua
1632 1982 1739 2009 illorum

121 2033 272 2064 temporum
289 2029 375 2060 labes,
391 2027 510 2055 studium
534 2027 659 2054 videlicet
680 2026 871 2061 allegoriaruul
896 2025 1021 2057 nimium,
1038 2026 1109 2060 quod
1127 2026 1228 2060 passim
1248 2026 1320 2060 apud
1347 2030 1451 2053 veteres
1476 2027 1569 2054 multis
1591 2027 1741 2062 Scriptura)

123 2076 190 2103 locis
218 2074 398 2110 dcpravaudis
425 2074 596 2101 occasionem
622 2072 771 2107 praebuisse
799 2075 917 2099 constat.
940 2071 991 2098 Sed
1020 2071 1077 2098 haec
1099 2072 1190 2098 omnia
1209 2071 1288 2099 facile
1310 2071 1393 2099 veluti
1417 2072 1520 2106 operiet
1534 2073 1592 2107 ipsa
1609 2072 1742 2101 doctrina

123 2122 279 2149 orthodox-te
294 2121 404 2154 veritas,
423 2120 587 2148 ﬁrmissimis
602 2127 633 2146 ac
648 2119 823 2147 solidissimis
841 2119 1009 2153 argumentis
1023 2118 1146 2146 defensa.

158 2167 290 2194 Hactenus
312 2167 393 2197 Beza,
410 2167 507 2198 minus,
532 2167 571 2193 uti
595 2165 673 2197 solet,
689 2165 774 2193 sobrie
796 2165 829 2192 de
848 2164 923 2191 LXX
946 2165 1060 2192 versione
1074 2165 1185 2192 loculus.
1198 2163 1238 2190 Ad
1251 2163 1306 2190 lucc
1327 2163 1518 2191 Felclt'mannus
1536 2165 1562 2191 in
1579 2166 1648 2192 notis
1669 2168 1736 2194 edit.

121 2214 233 2247 Comm.,
249 2223 275 2248 p.
290 2214 324 2241 S4
341 2223 346 2241 :
363 2213 403 2241 Ad
423 2221 454 2241 ea
471 2221 530 2248 quae
545 2214 677 2248 interpres
691 2214 719 2240 in
739 2212 814 2248 prmi.
838 2220 886 2240 sua
905 2212 1022 2245 monuit,
1047 2211 1147 2239 addere
1162 2211 1249 2239 visum
1267 2215 1309 2239 est
1329 2215 1356 2238 et
1379 2211 1446 2238 haec.
1466 2211 1568 2239 Prieter
1590 2213 1736 2242 editionem

121 2260 306 2295 Stepltanream
330 2265 356 2288 et
374 2261 496 2288 codicem
520 2261 595 2287 illum
622 2264 759 2288 vetustum
784 2267 838 2295 quo
862 2261 920 2295 ipse
944 2260 1080 2294 interpres
1100 2259 1165 2286 olim
1182 2266 1249 2286 usus
1266 2264 1317 2291 est,
1336 2259 1482 2287 habuimus
1508 2260 1590 2287 etiam
1614 2261 1739 2289 codicem

121 2307 284 2341 Palatinum,
299 2310 345 2344 qui
363 2309 414 2336 hos
436 2308 563 2344 Dialogus
579 2309 700 2344 integros
720 2309 824 2341 habuit,
837 2308 892 2335 imo
908 2308 1054 2343 pleniores,
1071 2312 1100 2334 ut
1116 2315 1144 2342 p.
1158 2307 1209 2333 169
1222 2307 1353 2333 monitum
1370 2312 1412 2334 est
1427 2307 1494 2341 (39),
1508 2312 1535 2335 et
1555 2308 1639 2334 alium
1656 2308 1737 2335 Pala-

120 2356 170 2383 tin.
184 2360 211 2384 et
224 2357 374 2392 Augustan.
391 2356 437 2391 qui
452 2356 631 2391 fragmentum
650 2359 756 2382 tanttnn
773 2355 874 2390 dialogi
888 2355 906 2382 2
917 2356 1069 2386 continent,
1088 2355 1169 2389 idque
1188 2358 1219 2381 ut
1232 2353 1338 2381 videtur
1355 2355 1443 2381 solum
1458 2355 1568 2390 γνήσιον
1583 2355 1736 2387 Athanasii.

122 2407 150 2429 ut
165 2402 197 2429 ad
210 2410 235 2437 p.
252 2402 302 2428 166
316 2402 432 2437 amplius
450 2401 585 2428 dicemus.
597 2400 669 2427 Sane
680 2400 797 2428 Palatin.
813 2401 900 2428 codex

959 2401 1076 2432 emissis,
1092 2399 1217 2434 Μαξίμου
1235 2399 1353 2434 μοναχοῦ
1367 2400 1423 2435 ὅροι
1438 2400 1571 2435 διάφοροι,
1589 2405 1739 2436 posteaque

121 2447 262 2481 subjectis,
287 2447 380 2478 οὐσίας
407 2447 454 2473 καὶ
485 2446 603 2480 φύσεως,
629 2446 810 2472 ὲνυποστάτου
838 2445 991 2480 ὁμοουσιου,
1015 2444 1158 2476 οὖσιώδους
1187 2444 1308 2476 ὲνώσεως
1334 2446 1380 2471 καὶ
1406 2446 1537 2481 διαφορᾶς
1562 2446 1737 2480 ὑποστάσεως

121 2493 250 2525 ὲνουσιου,
266 2496 292 2520 et
306 2492 434 2520 similium
450 2492 552 2527 aliquot
566 2492 745 2518 terminorum
761 2491 975 2526 theologicorutn
991 2490 1204 2521 deﬁnitionibus,
1226 2490 1316 2517 statim
1333 2490 1381 2518 hos
1399 2490 1524 2526 Dialogos
1540 2491 1642 2526 absque
1654 2493 1736 2520 ullius

120 2540 231 2568 alterius
246 2541 365 2568 auctoris
380 2540 516 2568 mentione
529 2538 676 2567 submittit.
691 2539 747 2565 Imo
758 2538 904 2573 Gregorius
919 2537 1145 2574 Πρωτοσύγγελος
1157 2538 1199 2573 (de
1213 2545 1266 2572 quo
1281 2545 1362 2572 supra
1378 2537 1410 2564 ad
1427 2546 1454 2572 p.
1468 2538 1528 2573 180)
1545 2546 1672 2573 expresse
1685 2539 1737 2567 hos

119 2588 244 2624 Dialogos
255 2587 370 2615 Maximo
382 2588 486 2615 tribuit.
496 2587 572 2620 Quod
589 2587 677 2622 ipsutn
694 2587 856 2613 conﬁrmare
873 2586 978 2613 videtur
988 2590 1015 2613 et
1027 2585 1103 2617 illud,
1119 2585 1191 2620 quod
1205 2593 1265 2620 pag.
1283 2585 1344 2616 180,
1357 2584 1390 2616 Α,
1405 2585 1487 2612 tacite
1497 2585 1621 2612 innuitur
1633 2586 1736 2612 additio

120 2634 153 2661 ad
169 2633 325 2669 Symbolum
350 2633 498 2665 Nicacnum,
517 2634 586 2661 facta
604 2633 630 2659 in
650 2632 754 2668 synodo
770 2640 800 2664 ιι,
817 2631 984 2659 occumeuica
997 2631 1206 2664 Constantinop.
1224 2631 1275 2657 sub
1291 2630 1442 2657 Theodosio
1460 2630 1468 2656 Ι
1493 2631 1665 2665 imperatore,
1682 2640 1737 2665 quo

119 2686 240 2716 tempore
260 2681 315 2715 jam
344 2681 448 2708 obierat;
471 2681 646 2708 Athanasius.
674 2680 758 2707 Porro
779 2680 805 2706 in
823 2680 906 2707 inseri

959 2687 1000 2706 tne
1014 2679 1077 2710 ista,
1100 2677 1158 2704 Τοῦ
1174 2678 1208 2704 ἐν
1222 2677 1316 2712 ἁγίοις
1330 2677 1444 2710 Πιιτρὲς
1455 2678 1540 2711 ἡμῶν
1558 2677 1735 2704 Ἀθανασίου

120 2724 355 2759 ἁρχιεπισκὸπου
368 2725 602 2759 Ἀλεξανδρείας,
620 2733 673 2752 ιιοιι
686 2729 750 2752 sunt
767 2725 794 2752 in
812 2728 876 2752 vett.
894 2732 906 2751 c

959 2724 973 2756 !,
984 2723 1029 2751 sed
1046 2724 1080 2750 ab
1091 2723 1180 2758 operis
1193 2722 1354 2757 arqualilatis
1368 2729 1451 2749 causa
1466 2730 1526 2749 cum
1540 2722 1652 2756 reliquis
1672 2729 1736 2757 ope-

121 2770 195 2797 ribus
206 2770 306 2798 addita.
317 2770 384 2797 Nam
398 2771 468 2798 sicut
485 2771 611 2803 Palatin.,
625 2776 652 2797 ut
664 2771 729 2802 dixi,
752 2770 824 2797 omni
840 2769 960 2797 auctoris
973 2770 1081 2797 nomine
1095 2774 1178 2802 caret,
1190 2769 1229 2796 sic
1243 2772 1269 2796 ct
1284 2772 1406 2796 vetustus
1421 2768 1465 2795 ine
1478 2767 1641 2803 interpretis,
1654 2775 1735 2804 quem

160 2847 210 2881 l59)
231 2848 277 2875 lim
301 2849 442 2878 citationt-s
464 2849 490 2875 iu
511 2849 560 2875 hac
583 2849 700 2876 editione
726 2848 859 2874 habentur
892 2845 971 2873 infra.
