1926 3067
226 140 295 170 Hi5
819 147 847 175 S.
866 147 1094 178 ATHANASIUS.
1116 166 1151 172 —
1169 150 1302 180 SPURIA.
1764 154 1831 182 HW

226 199 315 226 littera
332 200 354 228 G
369 201 483 236 signabo
495 202 505 237 <
514 203 560 237 qui
576 203 646 231 alius
661 208 751 232 tamen
766 210 809 233 est
824 214 839 233 a
854 205 1028 241 Gobleriano,
1042 209 1117 244 quod
1133 210 1294 245 notandum)
1309 210 1382 237 aliua
1397 209 1466 238 nihil
1479 209 1561 238 habet
1574 209 1606 239 de
1620 214 1737 243 auctore,
1752 219 1827 246 quam

225 253 286 280 quae
306 246 440 281 interpres
454 249 481 274 in
494 249 653 282 praefatione
672 251 774 285 posuit.

260 290 431 326 Combeﬁsius
448 294 561 321 secundo
577 299 646 322 tomo
660 304 766 329 operum
779 298 868 325 sancti
883 297 1007 330 Maximi,
1024 307 1050 333 p.
1066 299 1129 332 581,
1149 300 1205 327 hac
1221 300 1296 328 habet
1312 309 1320 327 :
1338 300 1455 329 Maximo
1465 302 1606 329 ascribunt
1629 301 1741 329 Romani
1753 301 1828 329 codd.

224 340 252 363 et
275 336 378 370 Veneti,
396 339 505 375 ipseque
526 340 657 370 Dufrenii.
673 342 772 378 Sicque
795 347 896 379 passim
919 347 1005 373 citant
1017 345 1103 374 Graeci
1123 348 1170 382 qui
1192 348 1328 383 πολεμικά
1343 349 1513 383 scripserunt
1527 357 1542 376 a
1560 349 1614 376 400
1628 353 1656 377 et
1675 349 1726 376 500
1738 349 1827 382 annis;

224 382 276 410 etsi
305 383 384 410 iidem
398 386 562 421 quandoque
583 389 700 423 variant,
714 390 853 425 eitentque
866 391 949 419 etiam
964 393 1105 420 Athanasii
1120 394 1248 427 nomine;
1262 382 1386 422 variante
1400 382 1506 422 scilicet
1529 395 1594 423 olim
1617 395 1657 422 eis
1676 395 1730 429 jam
1745 402 1828 422 exem-

224 427 340 461 plarium
368 430 546 466 inscriptione
569 443 575 460 :
601 442 663 462 cum
691 439 785 463 notum
805 437 841 464 sit
858 444 913 464 non
936 445 996 466 esse
1022 438 1166 466 Athanasii
1191 447 1272 475 opus.
1299 441 1352 468 etsi
1377 440 1536 468 Theodorus
1553 440 1622 468 Beza
1641 440 1699 475 ejus
1719 441 1828 475 vulgavit

223 474 345 508 nomine,
361 481 415 505 etc.
437 477 470 505 In
493 481 561 507 notis
577 489 655 515 porro
668 489 695 516 ρ.
713 483 764 510 715
780 483 819 510 ait
838 484 903 518 ipso,
925 485 1124 519 pmstantiores
1148 474 1274 522 esseiqui
1297 485 1416 514 Maximo
1432 486 1552 514 tribuunt
1575 486 1686 518 codices,
1702 493 1777 520 quam
1789 488 1830 521 qui

223 520 380 551 Athanasio.

260 569 312 597 Hic
328 579 374 598 nos
392 572 533 607 adjieimus
547 575 661 602 codicem
675 585 726 612 quo
742 579 841 605 utimur
855 577 974 613 Regium,
994 580 1124 611 neutrius,
1141 587 1186 607 nec
1196 579 1337 607 Athanasii
1351 581 1452 608 scilicet
1468 589 1513 608 nec
1529 580 1652 613 Maximi,
1664 589 1756 608 nomen
1768 588 1828 615 pra:-

224 615 302 650 ferre.
319 617 352 644 In
372 617 500 646 Vaticano
511 629 591 653 porro
607 622 695 649 codice
710 624 850 651 Athanasii
863 625 1055 652 inscribuntur.
1067 625 1184 652 Joannes
1202 626 1263 653 item
1279 625 1471 661 Cyparissiotes
1485 627 1577 655 decad.
1593 627 1619 658 3,
1635 635 1658 654 ε.
1673 627 1699 658 5,
1714 627 1759 653 hoc
1772 634 1828 659 opus

223 660 363 698 Dialogum
391 673 408 692 ιι
433 671 508 693 vocat
531 668 672 695 Athanasii
686 677 744 695 cum
760 670 825 697 Ario
842 671 870 698 in
884 671 984 706 synodo
1001 671 1124 699 Nicwna.
1140 671 1230 699 Citant
1246 673 1307 699 item
1325 674 1424 707 passim
1446 673 1601 700 recentiores
1616 672 1712 705 Gnaei,
1730 671 1827 698 Marcus

224 709 381 743 Ephesinus,
400 711 526 748 Georgius
542 714 694 748 Metochita,
715 716 828 744 Vecchus
843 723 867 744 et
882 719 930 745 alii
946 719 1108 746 :Athanasii
1122 720 1210 752 modo,
1227 720 1305 747 modo
1322 720 1434 748 Maximi
1450 722 1561 748 nomine.
1575 720 1609 747 At
1625 720 1706 754 fuisse
1719 719 1829 746 Athana-

223 755 263 781 sio
278 763 412 790 perperam
437 759 564 793 ascripta,
580 769 655 789 nemo
672 762 732 796 jam
757 763 875 791 eruditus
889 773 940 792 non
962 767 1087 793 wstimat.
1106 765 1183 793 Nihil
1196 767 1265 794 enim
1280 767 1322 794 hic
1336 767 1483 795 Athanasio
1503 767 1609 803 dignum
1624 771 1754 800 comparet
1767 774 1776 793 ε
1788 774 1827 792 nec

223 807 387 835 usurpentur
401 803 442 830 hic
458 813 489 831 ea
502 814 570 840 sirpe
586 815 643 842 qua»:
660 809 756 842 sttpius
770 809 874 838 adhibet
886 811 1050 839 Athanasius
1073 818 1229 848 argumenta
1244 813 1369 841 adversus
1382 814 1497 841 Arianos
1510 819 1535 842 et
1549 814 1696 841 Anomazos.
1719 812 1827 839 Maximo

222 854 286 873 sane
305 849 391 881 potius
406 850 572 885 ascribenda,
590 853 650 881 licet
669 855 779 890 insignis
796 856 845 883 illa
861 857 979 884 codicum
996 859 1120 891 varietas,
1132 867 1242 895 quorum
1257 860 1373 896 plerique
1385 861 1513 888 neminem
1538 861 1681 895 prtuferunt
1695 864 1827 891 auctorem.

222 900 274 919 non
300 894 430 922 modicum
447 897 496 924 hac
521 899 548 926 in
565 908 593 927 re
607 901 708 936 ingerat
736 904 888 938 scrupulum
903 913 912 931 :
930 905 1099 941 suadentque,
1119 894 1149 933 ne
1169 894 1368 941 festinanter'ac
1382 909 1454 935 nullo
1478 908 1557 935 dubio
1575 908 1626 942 ipsi
1645 907 1826 942 adjudicemus.

222 939 304 968 donec
332 944 418 977 major
433 945 460 971 in
476 946 532 974 dies
557 947 603 974 lux
618 950 806 984 vestigantibus
834 952 969 986 e/fulgeat.
985 939 1065 980 Aliud
1090 959 1128 982 est
1143 939 1212 989 quod
1228 955 1347 982 Maximo
1366 955 1572 987 abiudicandum
1581 939 1629 982 hoc
1644 939 1707 989 opus
1726 954 1828 988 fortasse

222 988 333 1016 suadeat
344 998 354 1016 .'
368 992 430 1026 quia
443 994 543 1021 scilicet
556 996 645 1023 multis
658 997 702 1024 ille
719 999 824 1026 steculis
835 999 927 1033 ﬂoruit
941 1005 999 1034 post
1014 1006 1120 1028 exortus
1137 988 1249 1029 Iiteres‘es
1262 1011 1320 1038 qute
1333 1003 1373 1029 hic
1387 1003 1580 1038 impugnantur.

258 1035 325 1063 Cum
343 1040 428 1066 neutri
447 1049 518 1076 ergo,
540 1051 586 1069 nec
604 1044 749 1072 Athanasio
773 1047 872 1073 scilicet
888 1055 932 1074 nec
951 1047 1079 1079 Maximo.
1097 1049 1152 1076 sine
1169 1049 1332 1077 dubitatione
1344 1049 1535 1077 ascriberentur
1550 1058 1558 1076 :
1573 1048 1680 1075 tertium
1694 1046 1827 1074 Carnerius

221 1084 330 1116 protulit
342 1087 376 1112 ad
389 1095 464 1121 quem
479 1088 534 1115 [nec
551 1093 678 1123 pertinere
692 1098 803 1127 pugnat,
822 1093 1011 1122 Tlteotloretum
1026 1096 1142 1122 videlicet
1157 1104 1166 1123 :
1184 1098 1228 1131 qui
1242 1097 1311 1124 hisce
1327 1099 1456 1132 pracipue
1467 1098 1628 1133 argumentis
1644 1104 1708 1131 opus
1721 1101 1826 1122 asserere

224 1131 328 1158 nititur.
349 1133 419 1165 Quia
437 1143 492 1162 sese
507 1141 620 1164 testatur
637 1138 815 1168 Thcodorelus
827 1142 962 1175 scripsisse
978 1143 1102 1171 adversus
1117 1145 1265 1178 Anomteos,
1288 1145 1492 1173 Macedonianos
1513 1150 1537 1172 et
1558 1145 1773 1180 Apollinaristas.
1788 1141 1827 1176 qui

223 1177 250 1204 in
264 1178 334 1206 hisce
358 1181 475 1217 Dialogis
502 1190 695 1220 oppugnantur.
710 1187 739 1213 2°
752 1187 828 1220 Quod
845 1190 928 1216 multa
948 1190 1005 1217 loca
1021 1191 1062 1218 hic
1086 1196 1264 1226 compareant,
1278 1193 1338 1220 aliis
1356 1193 1509 1220 Theodoreti
1532 1177 1595 1219 locis
1612 1191 1722 1218 multum
1736 1188 1825 1224 afﬁniu-

222 1223 354 1253 Alittimus
371 1228 425 1255 alia
442 1230 550 1257 minoris
570 1234 694 1260 momenti
709 1243 725 1260 a
740 1235 795 1260 viro
819 1236 894 1262 docto
910 1236 1005 1269 allata,
1019 1246 1050 1265 ne
1065 1238 1099 1264 ad
1113 1238 1167 1265 alia
1181 1244 1351 1273 properantes
1373 1244 1506 1267 morentur
1516 1261 1523 1272 ,
1537 1238 1734 1273 reponimuqu
1757 1233 1826 1260 nimis

221 1277 315 1304 vagum
331 1272 398 1298 illud
412 1281 467 1301 esse
483 1282 675 1310 argumentum.
690 1280 798 1312 petitum
818 1281 916 1308 scilicet
931 1290 947 1308 a
965 1285 1115 1310 memoratis
1130 1272 1186 1311 illis
1213 1272 1368 1312 Theodoreti
1391 1286 1514 1313 adversus
1535 1282 1686 1318 hujusmodi
1701 1282 1826 1308 ha’rettcO‘

222 1315 352 1348 operibus.
366 1317 431 1345 Cant
444 1321 512 1346 enim
528 1322 554 1348 in
566 1323 639 1350 nullo
653 1324 741 1352 codice
756 1325 910 1354 Theodoreti
923 1335 1015 1356 nomen
1027 1330 1180 1364 prmfcrant,
1193 1335 1218 1357 et
1234 1339 1249 1357 a
1269 1331 1341 1358 nullo
1356 1333 1482 1366 scriptore
1497 1329 1652 1358 Theodoreti
1667 1327 1766 1355 nomine
1779 1332 1827 1351 me-

221 1367 365 1395 morentur,
381 1366 486 1392 nonnisi
502 1369 655 1401 augurando
673 1369 841 1397 ascribuntur
853 1371 1023 1401 Theodoreto.
1041 1374 1117 1407 Quod
1129 1375 1190 1401 illas
1205 1380 1302 1408 spectat
1318 1376 1382 1410 styli
1397 1376 1534 1410 affinitates
1552 1383 1561 1401 :
1575 1381 1668 1408 pauca
1685 1379 1745 1400 sane
1759 1373 1827 1403 alii“

222 1406 287 1434 leves
313 1414 374 1436 sunt
393 1411 589 1446 similitudines,
602 1419 630 1441 ut
647 1416 716 1450 apud
732 1415 889 1444 Carnerium
909 1406 1057 1455 inspicienti
1075 1421 1171 1454 patebit
1185 1428 1193 1448 :
1207 1426 1231 1448 et
1246 1422 1269 1448 si
1289 1430 1346 1457 qua:
1368 1422 1431 1453 sint,
1450 1422 1513 1457 quid
1534 1422 1630 1447 mirum
1651 1420 1674 1448 si
1695 1417 1781 1446 eadem
1799 1415 1826 1441 αι

221 1460 249 1479 re
263 1454 403 1483 scribentes
425 1458 507 1492 aliqua
526 1459 617 1486 eadem
640 1469 825 1496 nonnunquam
849 1470 974 1498 usurpent
988 1472 1154 1500 argumenta.
1172 1466 1230 1493 Imo
1245 1475 1303 1494 vero
1318 1467 1412 1494 nedum
1431 1467 1552 1502 afﬁnitas
1567 1467 1658 1501 aliqua
1680 1464 1751 1491 nobis
1766 1466 1827 1488 mm

221 1499 273 1526 ista
287 1501 416 1533 videatur,
430 1503 457 1530 hi
472 1503 575 1540 Dialogi
590 1506 750 1534 Theodoreto
765 1508 867 1543 indigni
882 1499 1027 1543 putantur;
1035 1509 1129 1538 Fuisse
1141 1517 1227 1538 autem
1242 1512 1325 1540 editos
1344 1512 1420 1539 hosce
1438 1512 1563 1547 Dialogos
1577 1518 1633 1546 post
1647 1509 1825 1538 Constantino-

219 1547 366 1580 politanam
387 1551 500 1584 primam
520 1555 705 1581 aecumeuicam
719 1555 847 1590 synodum
872 1556 951 1591 liquet
971 1565 1004 1584 ex
1024 1558 1056 1584 iis
1076 1566 1135 1592 quce
1153 1559 1260 1594 dialogo
1277 1567 1308 1586 ιιι
1325 1563 1440 1594 aguntur
1453 1558 1484 1586 de
1496 1557 1644 1593 adjectione
1654 1556 1690 1583 ibi
1708 1555 1741 1582 ad
1753 1561 1826 1590 syno-

219 1593 284 1619 dum
301 1593 383 1628 facta.
1230 1593 1236 1594 γ
1343 1593 1349 1594 7
1568 1630 1573 1634 _

255 1637 384 1666 therum
419 1640 610 1670 Kecltcrmanni
630 1644 680 1672 illa
702 1646 832 1680 appendix
867 1647 901 1674 ad
932 1647 1065 1683 dialogum
1092 1648 1121 1680 2,
1149 1657 1226 1684 quam
1252 1650 1391 1677 Athanasii
1417 1658 1472 1677 esse
1496 1648 1605 1684 judical
1632 1647 1823 1676 Felckmannus,

220 1682 302 1709 multo
329 1684 413 1719 magis
444 1685 565 1714 abhorret
594 1688 627 1715 ab
655 1689 796 1718 Athanasii
823 1691 892 1726 stylo
915 1699 995 1726 quam
1020 1692 1115 1728 reliqui
1132 1682 1248 1730 dialogi;
1267 1703 1348 1731 quare
1368 1682 1551 1723 incunctanter
1577 1695 1602 1723 ei
1631 1691 1825 1730 abyudtcandam

219 1734 360 1757 censemus.

765 1865 833 1892 ΤΟΥ
847 1865 893 1892 EN
909 1865 1020 1893 ΔΓΙΟῙΣ
1039 1867 1174 1894 ΠΑΤΡΟΣ
1190 1867 1290 1894 ΗΜΩΝ

869 1936 1188 1985 ΑΘΑΝΑΣΙΟΥ

291 2011 476 2040 ΔΙΔΛΟΓΟΣ
493 2013 586 2042 ΠΕΡΙ
604 2015 675 2043 ΤΗΣ
696 2017 857 2052 ΤΡΙΔΔΟΣ,
884 2020 1246 2084 Εένρζέιὲἲᾲίέξιὲἓιντᾼῐ
1262 2020 1468 2050 οΡοοΔοΞοΣ
1483 2022 1550 2050 ΚΑΙ
1573 2022 1761 2050 ΔΝΟΜΟΙΟΣ

716 2191 764 2230 δ.
804 2186 858 2230 Ρ.
897 2188 957 2235 Ν.
992 2189 1315 2235 ATHANASII

271 2266 455 2296 DlALOGUS
479 2267 529 2296 DE
553 2268 695 2298 SANCTA
725 2271 941 2310 TRINIZ‘AIE.
959 2274 1005 2302 IN
1031 2276 1108 2310 QUO
1137 2274 1437 2310 GOLLOQUUNTUR
1457 2274 1704 2303 ORTHODOXUS
1731 2272 1773 2300 ET

435 2323 439 2325 λ
809 2308 1011 2339 ΑΝΟΜίΕυδ
1033 2308 1251 2347 _ARIANISTA.

1013 2380 1050 2390 -ι

508 2415 697 2446 ANOMtEUS.
1009 2424 1034 2452 Α
1343 2419 1527 2447 memoro;

253 2472 278 2500 I.
296 2471 468 2500 Christianus
481 2474 531 2500 es?

1084 2479 1109 2505 Ι.
1126 2486 1287 2513 Αριστιανθς
1304 2474 1344 2510 εἶ;

253 2528 431 2556 Orthodoxus.
449 2530 519 2558 Sane
535 2531 654 2565 quidem.
669 2532 764 2559 Anam.
778 2532 849 2566 Quid
861 2537 903 2561 est
916 2534 995 2562 Chri-

1088 2534 1269 2568 Ὄρθόδοξος.
1284 2535 1338 2561 Καὶ
1349 2535 1428 2562 πάνυ.
1438 2535 1531 2569 Ἀνόμ.
1545 2534 1577 2560 Τί
1587 2535 1657 2561 ἐστιν
1668 2534 1682 2559 ὁ
1695 2532 1812 2567 Χριστια-

216 2574 396 2602 stianismus?
425 2575 501 2603 Orth.
536 2575 605 2604 lllud
631 2578 740 2612 quidem
767 2579 859 2606 dicere
885 2588 976 2608 necess

1051 2580 1157 2615 νισμόςς
1182 2580 1257 2613 Ὀρθ.
1291 2579 1371 2606 Ἀλλὰ
1399 2588 1430 2606 το
1446 2580 1495 2615 μὲν
1515 2577 1550 2615 ἦν
1564 2579 1707 2613 ἀναγκαῖον
1724 2576 1811 2604 εἰπεῖν,

216 2619 293 2647 fuit:
318 2620 390 2648 istud
412 2629 477 2649 vero
502 2630 556 2649 non
583 2623 619 2650 ita
643 2628 742 2651 tutum.
767 2625 862 2651 Anam.
896 2624 976 2657 Quam

1052 2625 1078 2652 ιδ
1087 2626 1115 2651 δὲ
1128 2626 1178 2651 οὐκ
1189 2625 1317 2659 ἀσφαλές.
1339 2626 1431 2661 Ὰνόμ.
1449 2626 1498 2653 Διὰ
1508 2626 1533 2652 τί
1545 2634 1552 2658 ;
1570 2626 1641 2660 Ὀρθ.
1657 2624 1692 2650 Τὸ
1707 2623 1752 2659 μὲν
1766 2620 1812 2654 γὰρ

217 2663 332 2690 obrem?
345 2664 422 2692 Orth.
438 2665 570 2698 Quoniam
583 2666 672 2695 dicere
686 2667 794 2703 quidem
807 2676 918 2696 necesse
936 2677 977 2697 era

1050 2672 1141 2703 εἰπεῖν,
1157 2671 1197 2698 ὅτι
1218 2671 1335 2705 Χριστοῦ
1353 2671 1444 2703 δοῦλός
1460 2672 1528 2706 εἰμι,
1552 2670 1696 2705 ἀναγκαῖον
1715 2666 1810 2694 εἰπεῖν

216 2716 260 2736 me
281 2717 342 2738 esse
369 2710 471 2739 Christi
498 2720 624 2745 servum,
647 2714 739 2742 dicere
763 2722 844 2748 vero,
867 2715 932 2749 quid
959 2716 976 2743 s‘

1051 2716 1073 2743 τὺ
1085 2717 1123 2748 δὲ,
1137 2717 1163 2743 τί
1178 2718 1250 2744 ἐστιν
1261 2718 1275 2743 ὁ
1287 2717 1508 2753 Χριστιανισμὸς,
1524 2717 1573 2744 οὐκ
1587 2715 1711 2751 ἀσφαλὲς,
1723 2713 1767 2739 ἐὰν
1779 2710 1811 2746 μὴ

215 2754 460 2789 Christianismus,
476 2762 564 2785 tutum
580 2767 636 2787 non
654 2759 753 2792 fuerit,
770 2760 823 2788 nisi
840 2767 975 2796 cognover

1051 2762 1101 2796 γνῶ
1116 2762 1157 2794 τίς
1171 2763 1244 2790 ἐστιν
1259 2763 1273 2789 ὁ
1286 2763 1394 2798 ἐρωτῶν
1404 2771 1411 2778 ·
1430 2763 1534 2798 μήποτε
1554 2761 1654 2798 εὑρεθῶ
1670 2758 1767 2806 βάλλων

216 2801 340 2834 quisnam
362 2802 408 2830 ille
431 2804 466 2830 sit
488 2805 534 2839 qui
561 2805 613 2832 hoc
639 2810 814 2840 percontatur
840 2816 847 2834 :
872 2815 905 2834 ne
926 2806 976 2834 fort

1050 2808 1110 2842 Ξγια
1121 2809 1176 2840 τοῖς
1199 2809 1314 2844 κυσὶν,ἢ
1331 2809 1395 2840 τοὺς
1411 2808 1583 2844 μαργαρίτας
1604 2804 1749 2841 ἔμπροσθεν
1763 2801 1810 2827 τῶν

216 2847 369 2882 comperiar
387 2849 500 2877 canibus
517 2858 561 2878 res
576 2855 685 2879 sanctas
710 2856 735 2880 et
759 2853 850 2887 porcis
863 2854 976 2880 marrari

1051 2853 1153 2887 tolpwv.
1168 2854 1222 2880 Καὶ
1234 2854 1295 2889 γὰρ,
1312 2855 1358 2881 ὲάν
1377 2862 1411 2890 με
1425 2855 1574 2890 ἐρωτήσῃς,
1588 2852 1683 2883 Πιστὸς
1696 2848 1743 2885 εἶῆ
1754 2852 1811 2874 κατ’
