1926 3067
120 132 196 161 ΗΠ

633 129 680 156 DE
699 128 837 158 SANCTA
857 127 1044 157 TRlNlTATE
1063 127 1238 158 DIALOGUS
1256 127 1279 155 l.

1686 129 1754 158 HIS

120 190 276 228 ηχούμενος
292 189 359 226 (40),
382 188 496 224 ἑτοίμως
511 187 582 222 λέγω
597 187 611 214 ὃ
624 188 681 223 εἰμι
692 196 698 202 ·
712 187 739 213 τί
754 187 784 214 δέ
807 188 864 214 ἐστι
886 187 911 213 τὲ

967 192 1009 216 tas
1024 188 1107 224 ms
1118 189 1262 224 projicere.
1280 187 1386 216 Etenim
1399 187 1423 216 si
1434 194 1467 215 ex
1482 194 1526 215 me
1541 194 1666 222 queras:
1685 187 1756 216 Esne

120 235 196 264 εἶναι
210 235 314 267 πιστὸν,
329 235 359 261 οὺ
374 235 454 268 λέγω,
473 234 577 269 μήποτε
591 234 637 260 καὶ
657 233 783 265 Ἰουδαῖος
828 235 842 260 6
855 234 911 269 ὲρω

970 233 1067 266 ﬁdelis,
1098 238 1144 262 aut
1169 235 1394 266 cateeliumenus,
1418 234 1563 261 confestim
1590 234 1678 261 dicam
1708 235 1758 269 qui

118 282 190 309 τῶν.
216 281 312 314 Ὰνόμ.
336 279 406 305 Ἀλλ’
428 278 484 313 ἐγώ
508 286 548 304 σοι
569 278 640 312 λέγω
661 279 675 304 6
691 278 800 313 ἐρωτῶν
820 286 860 310 σε,
878 278 918 304 ὅτι

119 325 288 362 Χριστιανός
300 326 367 360 ειμι.
386 325 457 358 Ὀρθ.
472 324 530 350 Οὐκ
543 324 644 359 ἤρκεσέ
660 332 701 350 σοι
715 324 746 350 τὸ
758 325 844 351 εἰπεῖν
858 325 917 359 ἐμὲ,

119 371 165 398 δτι
177 371 338 407 Χριστιανός
350 372 408 406 εἰμι
417 378 424 385 ο
437 370 491 396 οὐδ’
504 370 566 404 ἐμοὶ
576 370 658 405 ἀρκεῖ
665 370 696 396 τὺ
707 371 793 396 εἰπεῖν
806 378 835 396 σε
850 369 916 404 (Al),

119 417 167 445 δτι
190 416 350 452 Χριστιανὸς
371 414 412 442 εἴ·
431 416 477 442 ἐὰν
496 417 533 452 μή
555 425 599 452 μοι
619 416 709 453 εἴπῃς,
729 417 756 443 τί
773 417 830 443 ἐστι
852 417 918 452 Χρι-

122 464 295 497 στιανισμός,
310 463 366 489 Καὶ
386 462 446 488 τότε
465 462 494 489 δὲ
511 463 541 489 οὑ
563 462 673 494 πάντως
694 460 719 488 εἷ
736 461 915 497 Χριστιανός·

120 508 186 535 οὐδὲ
201 507 255 542 γὰρ
271 507 302 533 τὸ
318 506 418 534 εἰδέναι
432 506 458 533 τι
472 507 545 533 ἐστιν
570 508 583 532 6
599 506 821 541 Χριστιανισμὺς,
838 506 917 533 τοῦτό

122 555 201 581 ἐστιν
227 551 296 580 εἶναι
324 553 503 589 Χριστιανόν-
532 552 626 588 ἐπειδὴ
650 552 753 579 οὐδὲτὸ
774 552 871 579 ειδέναι
890 553 916 580 τι

122 601 199 626 ἐστιν
216 597 381 633 ’ἰουδαῖσμός
399 598 456 624 ἐστι
470 598 500 624 τὸ
523 595 592 624 εἶναι
609 598 733 624 Ἰουδαῖον
757 597 811 633 (42)
823 606 830 613 ·
856 598 916 625 οὐδὲ

121 646 156 672 τὸ
173 644 270 671 ειδέναι
283 644 309 670 τί
330 645 403 670 ἐστιν
421 644 606 679 Ἑλληνισμὸς,
622 643 701 670 τοῦτὸ
719 645 777 670 ἐστι
793 644 823 670 τὸ
846 641 915 670 εἶναι

123 692 255 727 Ἕλληνα.
275 691 369 725 Ἀνόμ.
384 688 464 722 Οἶδας
478 690 523 717 τὸν
539 690 619 722 Θεόν;
638 690 714 724 Ὀρθ.
731 690 795 717 Ναί.
814 690 914 724 Ἀνόμ.

127 738 175 770 Ὦς
196 737 276 769 αὐτὸς
299 737 393 763 ἑαυτὸν
414 735 499 768 οἷδεν;
523 737 596 769 Ὀρθ.
619 736 666 762 Οὔ.
691 736 785 770 Ἇνόμ.
811 736 914 763 Οὐκοῦν

121 785 175 812 οὐκ
199 782 272 816 οἶδας
299 783 400 816 αὑτὸν;
421 783 494 817 Ὀρθ.
519 780 583 809 Οἶδα
606 783 697 813 αὑτὸν,
718 783 755 815 ὡς
778 783 914 818 ἐνδέχεται

122 828 269 864 ἀνθρώπου
294 828 373 863 φύσει
393 827 502 854 εἰδέναι.
522 828 620 862 Ἀνόμ.
639 828 743 860 ’Ἄλλως
767 826 812 855 οὖν
833 829 914 855 αὑτὸν

970 280 1022 307 sim
1041 290 1048 307 :
1065 281 1130 316 quid
1154 281 1191 308 sit
1214 284 1304 308 autem
1324 280 1430 308 ﬁdelem
1449 287 1520 311 esse,
1531 287 1586 306 non
1605 280 1706 311 dicam,
1722 288 1757 307 ne

969 325 1039 354 forte
1059 326 1170 354 Judaaus
1190 327 1239 359 sis,
1262 326 1308 361 qui
1334 327 1498 361 interrogas.
1524 326 1618 352 Anam.
1646 325 1681 352 At
1705 333 1759 361 ego

969 373 1015 407 qui
1028 373 1079 401 hoc
1092 381 1124 401 ex
1138 379 1164 400 te
1180 380 1284 408 quaero,
1295 373 1343 400 tibi
1355 372 1416 400 dico
1427 379 1470 399 me
1482 372 1668 400 Christianum
1684 379 1754 400 csse.

969 418 1046 446 Orth.
1076 418 1135 446 Tibi
1160 427 1215 445 non
1234 418 1285 446 fuit
1306 419 1384 450 satis,
1408 418 1479 453 quod
1503 426 1546 446 me
1566 417 1758 445 Christianum

968 465 1084 493 dixerim
1105 475 1111 492 :
1130 465 1167 492 ita
1188 465 1256 492 mihi
1277 473 1386 500 quoque
1399 473 1454 492 non
1475 464 1543 492 satis
1565 468 1617 496 est,
1637 464 1708 500 quod
1729 469 1759 492 te

966 510 1151 538 Christianum
1176 519 1238 539 esse
1263 511 1340 538 dicas
1361 520 1368 538 :
1393 510 1447 538 nisi
1470 510 1536 537 mihi
1557 510 1661 538 dixeris
1689 509 1755 545 quid

966 557 1002 585 sit
1027 556 1264 584 Christianismus.
1290 556 1329 583 Ac
1351 564 1386 583 ne
1413 556 1454 583 sic
1481 555 1591 591 quidem
1622 556 1702 590 plane
1725 562 1756 582 es

965 601 1138 630 Christianus
1157 611 1163 629 :
1180 609 1269 636 neque
1281 601 1354 628 enim
1371 600 1443 628 scire
1455 600 1521 636 quid
1532 600 1568 628 sit
1580 599 1756 628 Christianis-

965 656 1045 680 mus,
1062 648 1115 675 hoc
1128 651 1171 675 est
1190 647 1378 675 Christianum
1398 655 1480 679 esse;
1499 654 1562 674 nam
1580 654 1668 681 neque
1686 646 1757 674 scire

965 694 1030 730 quid
1061 695 1097 722 sit
1121 693 1294 726 Judaismus,
1325 698 1367 721 est
1399 701 1460 721 esse
1491 692 1630 726 Judreum,
1668 700 1757 728 neque

965 738 1036 766 scire
1063 737 1128 773 quid
1165 737 1200 765 sit
1231 737 1421 773 gentilismus,
1458 739 1501 764 est
1531 736 1659 771 gentilem
1683 743 1754 762 esse.

968 783 1058 810 Anam.
1092 782 1169 810 Nosti
1202 782 1309 810 Deum?
1342 782 1418 809 Orlh.
1450 781 1548 808 Etiam.
1579 782 1673 808 Anam.
1721 780 1756 807 Ut

965 829 1024 864 ipse
1038 829 1159 864 seipsum
1173 829 1271 856 novit?
1289 827 1366 856 Orth.
1380 827 1500 856 Minime.
1516 827 1610 855 Anam.
1626 827 1695 854 Eum
1709 827 1757 863 igi-

123 875 215 902 ῐσασιν
230 875 254 901 οἱ
274 874 422 910 ἄνθρωποι,
442 873 488 900 καὶ
504 874 590 906 ἄλλως
608 874 688 906 αὐτὸς
708 875 820 907 ὲαυτόν;
838 875 911 909 Ὀρθ.

968 878 1013 902 tur
1030 882 1083 902 non
1102 874 1186 901 nosti.
1211 873 1287 902 Orlh.
1312 873 1379 901 Novi
1404 881 1478 905 eum,
1504 878 1535 901 ut
1557 873 1609 901 fert
1631 874 1757 901 humanae

121 921 180 948 Καὶ
201 921 281 948 πάνυ.
304 920 402 955 Ἀνόμ.
426 920 507 952 Πῶς;
526 920 634 954 Ὀρθόδ.
650 921 722 951 Ὅτι,
746 920 792 947 ἐὰν
817 921 853 956 μή
873 929 916 953 τις

120 967 174 1003 τὴν
187 966 270 1002 αὐτὴν
284 966 322 1002 τῷ
331 966 391 1001 Θεῷ
405 966 538 1001 κτήσηται
552 965 663 1000 γνῶσιν,
675 966 804 993 ἀδύνατον
815 966 915 1001 γνῶναι

122 1013 216 1045 αὑτὸν,
232 1013 270 1044 ὡς
288 1012 368 1044 αὐτὸς
388 1012 483 1039 ἑαυτὸν
504 1009 567 1038 οἶδε.
583 1011 638 1047 Τὴν
658 1011 686 1038 δὲ
700 1011 783 1046 αὐτὴν
802 1011 840 1046 τῷ
856 1010 915 1046 Θεῷ

122 1059 275 1096 κτήσασθαι
286 1058 386 1093 γνῶςιν
399 1057 538 1088 ἀδύνατον,
553 1057 589 1093 μὴ
604 1057 653 1092 τῆς
667 1057 750 1092 αὐτῆς
763 1057 837 1092 αὐτῷ
850 1057 914 1084 ὄντα

121 1104 228 1136 οὐσίας.
243 1105 300 1131 Οὐκ
318 1104 401 1138 ἐσμὲν
423 1103 451 1130 δὲ
473 1103 523 1138 τῆς
540 1103 624 1138 αὐτῆς
643 1102 717 1137 αὐτῷ
732 1102 835 1133 οὐσίας.
857 1102 914 1127 Οὐκ

123 1152 179 1187 ἄρα
193 1151 243 1187 τὴν
257 1151 342 1185 αὐτὴν
356 1149 430 1184 αὐτῷ
446 1149 544 1185 ἔχομεν
558 1149 668 1183 γνῶσιν.
685 1149 778 1183 Ἀφ’-ὀμ.
791 1148 853 1175 Ἐὰν
868 1146 913 1174 οὖν

123 1198 189 1234 Θέλῃ
199 1199 212 1224 6
226 1197 289 1228 Υἱὸς
302 1196 475 1230 ἀποκαλύψαι
487 1196 550 1228 τινὶ,
564 1196 592 1222 οὐ
604 1195 732 1227 δύναται;
751 1196 822 1230 Ὀρθ.
836 1196 914 1222 Ἀπο-

122 1240 255 1268 καλὺπτει
268 1241 327 1276 μὲν,
344 1240 401 1266 ἀλλ’
414 1241 463 1276 οὐχ
475 1240 562 1273 οὕτως
576 1240 650 1275 αὐτῷ
664 1240 860 1268 ἀποκαλύπτει.
876 1241 913 1272 ὡς

123 1287 206 1318 αὐτὸς
222 1287 317 1313 ἑαυτὸν
332 1284 417 1313 οἶδεν·
436 1286 493 1313 ἀλλ’
513 1287 551 1318 ὡς
564 1287 673 1321 δύναται
694 1286 796 1320 γνῶναι
812 1287 825 1313 6
846 1295 912 1313 κατ-

122 1333 292 1368 αξιούμενος.
308 1332 381 1359 Διότι
400 1332 439 1368 τῷ
460 1333 509 1368 μὲν
529 1332 657 1368 Ὶεζεχιὴλ
673 1333 726 1359 ἀπὸ
743 1332 842 1368 ὀσφύος
868 1334 913 1360 καὶ

122 1379 180 1406 ἄνω
203 1379 360 1414 ἡλέκτρινος
384 1379 506 1413 ἐγνώσθη
522 1387 529 1393 ι
553 1378 592 1413 τῷ
618 1379 647 1405 δὲ
675 1379 773 1414 Δανιὴλ
799 1378 913 1411 παλαιὸς

121 1425 249 1462 ἡμερῶν
262 1424 301 1460 τῷ
315 1424 343 1451 δὲ
361 1424 459 1460 Ἡσαΐᾳ
479 1424 681 1460 χαλυπτόμενος
698 1425 751 1451 ὑπὸ
764 1425 816 1451 τῶν
831 1433 913 1461 σερα-

123 1471 187 1506 φιμ.

968 920 1084 948 facultas
1104 924 1219 947 naturae.
1236 922 1331 946 Anam.
1348 918 1435 946 Aliter
1452 919 1536 953 igitur
1549 918 1638 954 ipsum
1655 921 1756 946 norunt

968 965 1104 997 homines,
1122 970 1149 992 et
1172 965 1251 992 aliter
1274 972 1303 991 se
1323 964 1381 999 ipse
1405 964 1499 991 nevit?
1515 964 1592 991 ΟνιΙι.
1611 963 1682 991 Sane
1695 963 1756 998 qui-

967 1012 1040 1039 dem.
1066 1012 1162 1038 Anam.
1189 1010 1352 1044 Quomodo?
1371 1009 1447 1037 Orlla.
1463 1009 1597 1042 Quoniam
1618 1009 1671 1037 nisi
1693 1009 1755 1044 quis

968 1056 1062 1084 eadem
1087 1060 1167 1091 atque
1188 1055 1260 1083 Deus
1283 1055 1342 1090 ipse
1360 1054 1541 1090 cognoscendi
1566 1054 1696 1081 facultate
1720 1054 1756 1081 sit

968 1103 1108 1138 praeditus,
1128 1102 1186 1129 fieri
1210 1109 1264 1128 non
1292 1105 1382 1136 potest
1411 1105 1439 1128 ut
1461 1109 1522 1128 eum
1538 1101 1619 1132 norit,
1633 1101 1704 1128 sicut
1726 1108 1756 1128 se

967 1150 1024 1184 ipse
1047 1149 1132 1175 novit.
1155 1148 1189 1175 At
1211 1148 1267 1176 ﬁeri
1286 1147 1381 1183 nequit
1415 1151 1444 1174 ut
1468 1147 1530 1182 quis
1556 1147 1650 1174 eadem
1675 1150 1756 1181 atque

967 1193 1039 1221 Deus
1058 1193 1116 1228 ipse
1139 1193 1322 1228 cognoscendi
1340 1193 1470 1220 facultate
1487 1192 1522 1219 sit
1539 1191 1686 1227 praeditus,
1702 1191 1755 1219 nisi

967 1240 1002 1267 sit
1023 1239 1146 1273 ejusdem
1171 1246 1202 1265 ac
1229 1238 1301 1266 Deus
1325 1242 1440 1265 natura.
1463 1237 1524 1265 Non
1546 1245 1640 1264 sumus
1664 1241 1756 1264 autem

966 1286 1089 1320 ejusdem
1112 1290 1193 1320 atque
1219 1285 1278 1320 ipse
1304 1288 1419 1311 naturae.
1440 1283 1500 1312 Non
1525 1283 1609 1318 igitur
1632 1283 1756 1311 eamdem

967 1337 1047 1366 atque
1078 1332 1136 1367 ipse
1170 1332 1295 1359 notitiam
1326 1331 1470 1359 habemus.
1502 1330 1597 1358 Anam.
1620 1330 1701 1364 Quid,
1732 1330 1755 1357 si

966 1378 1053 1405 Filius
1073 1378 1135 1405 velit
1147 1378 1266 1413 cuipiam
1283 1378 1416 1410 revelare,
1440 1385 1530 1404 annon
1554 1377 1664 1412 potest?
1679 1375 1757 1404 Ortli.

967 1424 1079 1452 Revelat
1101 1424 1222 1460 quidem,
1249 1424 1297 1451 sed
1321 1432 1377 1451 non
1396 1424 1433 1450 ita
1458 1423 1508 1458 ipsi
1537 1423 1650 1454 revelat,
1675 1426 1706 1449 ut
1726 1431 1757 1450 se

968 1471 1027 1506 ipse
1048 1471 1123 1498 novit
1146 1479 1153 1497 :
1178 1478 1274 1498 verum
1289 1474 1370 1505 prout
1385 1470 1409 1497 is
1426 1473 1468 1496 est
1484 1469 1518 1496 ad
1534 1468 1754 1504 cognoscendum

123 1517 251 1549 idoneus,
276 1523 356 1551 quem
395 1516 446 1544 hac
470 1516 558 1551 gratia
580 1515 673 1543 donat.
701 1515 887 1549 Quamobrem
915 1524 930 1543 ιι
949 1516 1050 1543 lumbis
1068 1515 1101 1542 ad
1125 1515 1257 1543 vorticem
1282 1515 1377 1542 electri
1400 1514 1491 1550 specie
1522 1513 1659 1542 Ezechieli
1678 1514 1757 1542 visus

122 1566 165 1590 est
185 1573 191 1590 :
209 1563 313 1590 Danieli
328 1570 402 1593 vero,
421 1562 559 1597 Antiquus
580 1563 686 1590 dierum
711 1573 717 1589 :
740 1566 767 1590 et
788 1562 875 1594 lsaim,
893 1570 908 1590 a
927 1562 1066 1597 seraphim
1082 1562 1207 1589 obtectus

157 1610 185 1637 2.
207 1610 362 1644 Ἀνόμοιος.
376 1610 412 1637 Σὺ
425 1607 470 1636 οὖν
483 1609 542 1642 πῶς
554 1610 636 1636 αὐτὸν
647 1608 730 1642 οἶδας,
743 1611 780 1642 ὡς
790 1610 911 1646 ἠλέκτρι-

998 1609 1026 1637 2.
1048 1609 1199 1636 Anomazus.
1211 1607 1251 1635 Tu
1261 1607 1344 1643 igitur
1353 1614 1405 1642 qua
1416 1606 1524 1634 ratione
1538 1606 1613 1633 illum
1623 1606 1694 1633 nosti
1707 1615 1714 1640 ;
1725 1610 1755 1633 ut

121 1665 177 1688 νον⁷
194 1656 210 1692 ἢ
227 1655 265 1687 ὡς
285 1656 398 1683 παλαιὸν
418 1655 473 1683 τῶν
493 1656 619 1692 ἡμερῶν;
641 1656 713 1690 Ὀρθ.
736 1655 804 1692 Παρ¹
823 1656 911 1683 αὐτῶν

123 1702 218 1739 μαθὼν
238 1700 306 1734 οῖδα,
323 1702 364 1729 ὅτι
387 1703 457 1738 ὑπὲρ
479 1703 567 1729 πάντα
589 1702 648 1729 ἐστὶ
666 1702 700 1729 τὰ
726 1702 911 1738 γνωρισθέντα

122 1748 224 1779 αὐτοῖς.
241 1748 271 1774 Εἰ
290 1747 327 1783 μὴ
346 1748 400 1784 γὰρ
420 1746 454 1783 ἦν
474 1748 543 1784 ὑπὲρ
555 1748 634 1780 αὐτὰ,
657 1748 706 1774 οὐκ
723 1747 755 1774 ἂν
776 1748 911 1784 διαφόρως

122 1793 265 1827 ἐφαίνετο·
279 1794 325 1820 καὶ
340 1793 383 1820 διὰ
399 1793 479 1820 τοῦτο
492 1795 506 1820 6
528 1793 682 1829 Μονογενὴς
703 1793 776 1828 λέγει
786 1802 792 1809 ·
811 1803 821 1820 ι
845 1793 911 1822 Θεὸν

123 1839 210 1871 οὐδεὶς
225 1838 330 1875 ἑώρακε
346 1839 464 1866 πώποτε.
490 1849 499 1866 ι
523 1840 617 1874 Ἀνόμ.
640 1839 720 1866 Ἀλλο
736 1839 794 1866 ἐστὶ
815 1839 846 1867 τὺ
862 1840 912 1867 ἐω-

125 1885 248 1920 ρακέναι,
270 1886 317 1912 καὶ
340 1885 403 1912 ἄλλο
427 1886 457 1912 τδ
479 1885 643 1921 ὲγνωκέναι;
663 1886 736 1920 Ὁρθ.
761 1886 821 1913 Ἐπὶ
843 1886 910 1913 Θεοῦ

123 1933 174 1959 οὐκ
185 1932 257 1959 ἔστιν
273 1932 336 1960 ἄλλο
353 1932 400 1959 καὶ
415 1931 493 1960 ἄλλο·
509 1931 590 1963 αὐτὸς
602 1931 656 1968 γὰρ
673 1931 721 1967 τὴν
737 1931 852 1969 θεωρίαν
866 1933 912 1960 ἐπὶ

123 1978 172 2013 τῆς
191 1979 316 2012 γνώσεως
329 1977 418 2008 ἔλαϐε,
437 1977 524 2013 λέγων
536 1986 543 1993 ’
566 1987 576 2003 ι
588 1977 720 2005 Τοσοῦτον
737 1978 831 2014 χρόνον
853 1978 911 2013 μεθ’

123 2024 200 2059 ὑμῶν
217 2025 283 2059 ειμι,
299 2025 346 2051 καὶ
368 2025 417 2052 οὐκ
436 2024 558 2058 ἔγνωκάς
581 2033 634 2060 με;
653 2024 779 2057 Φίλιππε,
796 2026 810 2051 6
826 2025 912 2060 ἑωρα-

124 2070 179 2102 κὼς
192 2071 241 2106 ἐμὲ
253 2071 358 2106 ἑώρακε
376 2071 421 2098 τὸν
434 2070 544 2106 Πατέρα
558 2079 618 2107 μου.
637 2081 646 2096 ι
669 2071 762 2106 Ὰνόμ.
780 2072 811 2098 Εἰ
828 2069 911 2103 οἶδας,

124 2117 164 2143 ὅτι
180 2117 249 2152 ὑπὲρ
272 2116 306 2143 τὰ
327 2117 476 2152 φαινόμενα
495 2117 580 2148 ἔστιν,
596 2115 668 2149 οἶδας
687 2117 714 2144 τί
735 2117 819 2143 ἐστιν.
838 2117 910 2151 Ὀρθ.

123 2162 230 2189 Γελοῖον
246 2162 352 2196 λέγεις’
376 2163 412 2199 μὴ
429 2163 493 2198 γὰρ,
517 2163 611 2198 ἐπειδὴ
634 2161 702 2195 οἶδα,
727 2163 768 2190 ὅτι
789 2163 858 2199 ὑπὲρ
878 2163 912 2190 τὰ

81 2238 90 2247 .
125 2209 273 2249 φαινόμενα
289 2208 403 2244 σώματά
424 2210 497 2236 ἐστιν
515 2210 531 2244 ὴ
554 2208 636 2244 ψυχὴ,
654 2207 712 2236 οἶδα
734 2209 780 2236 καὶ
802 2209 828 2235 τι
854 2210 911 2237 ἐστι

963 1655 1059 1684 electri
1080 1655 1181 1690 specie,
1203 1663 1236 1682 an
1257 1658 1287 1682 ut
1306 1655 1449 1690 antiquum
1464 1653 1590 1681 dierum?
1614 1653 1691 1681 Orth.
1714 1652 1756 1680 Ab

962 1701 1030 1738 ipsis
1043 1701 1126 1729 didici
1143 1701 1227 1729 Deum
1242 1709 1304 1729 esse
1320 1708 1402 1736 supra
1414 1700 1506 1727 omnia
1529 1700 1574 1726 illa
1588 1699 1654 1735 ipsis
1667 1699 1756 1726 mani-

961 1748 1072 1777 festata.
1088 1747 1147 1776 Nisi
1165 1747 1237 1776 enim
1263 1747 1324 1775 istis
1351 1746 1527 1782 praecelleret,
1550 1753 1690 1780 nunquam
1713 1745 1756 1776 di—

962 1795 1049 1822 versis
1064 1794 1152 1822 modis
1166 1793 1347 1830 apparuisset.
1364 1792 1478 1828 ideoque
1492 1792 1557 1820 dicit
1568 1791 1729 1827 linigenitus
1746 1801 1753 1819 :

965 1851 974 1866 ι
992 1840 1078 1868 Deum
1095 1848 1177 1868 nemo
1193 1840 1260 1868 vidit
1278 1847 1399 1875 unquam
1419 1839 1452 1866 ⁸⁷.
1476 1848 1485 1866 ι
1508 1839 1603 1866 Anam.
1617 1838 1699 1866 Aliud
1713 1843 1756 1867 est

962 1887 1075 1919 vidisse,
1094 1887 1169 1914 aliud
1183 1894 1275 1915 nosse.
1290 1885 1367 1914 Orth.
1386 1885 1465 1919 Quod
1486 1885 1520 1912 ad
1539 1885 1624 1914 Deum
1646 1886 1756 1917 attinet,

962 1941 1016 1962 non
1038 1938 1081 1962 est
1101 1933 1175 1961 aliud
1199 1937 1226 1960 et
1252 1933 1326 1961 aliud
1344 1952 1352 1966 ,
1373 1932 1509 1967 siquidem
1535 1932 1593 1967 ipse
1613 1936 1753 1968 aspectum

962 1989 1012 2016 pro
1029 1980 1184 2016 cognitione
1202 1979 1354 2015 usurpavit,
1366 1979 1463 2007 dicens
1479 1988 1485 2007 τ
1504 1988 1514 2004 ‹
1529 1978 1618 2007 Tanto
1631 1982 1756 2014 tempore

962 2027 1103 2055 vobiscum
1126 2035 1206 2062 sum,
1227 2031 1254 2054 et
1280 2034 1334 2054 non
1360 2025 1514 2062 cognovisti
1535 2025 1597 2053 me?
1618 2024 1752 2060 Philippe.

963 2075 1009 2109 qui
1035 2081 1079 2101 me
1098 2073 1175 2106 vidit,
1199 2072 1306 2100 Patrem
1322 2080 1413 2100 meum
1432 2071 1500 2098 vidit
1520 2071 1552 2098 °'.
1575 2080 1584 2096 ι
1606 2071 1700 2098 Anam.
1722 2069 1752 2097 Si

963 2119 1038 2148 nosti
1053 2127 1115 2147 eum
1138 2126 1200 2147 esse
1220 2126 1302 2155 supra
1336 2118 1427 2145 omnia
1448 2124 1508 2152 quae
1530 2116 1751 2151 conspiciuntur,

964 2165 1028 2200 quid
1049 2164 1108 2200 ipse
1124 2164 1158 2192 sit
1177 2163 1265 2192 nosti.
1282 2163 1358 2191 Orth.
1374 2162 1530 2190 Ridiculum
1546 2161 1674 2197 quiddam
1690 2169 1754 2188 nar-

963 2218 1020 2243 ras,
1044 2218 1109 2238 num
1134 2210 1208 2238 enim
1237 2210 1301 2245 quia
1326 2209 1444 2236 animam
1467 2208 1531 2236 novi
1552 2215 1637 2243 supra
1660 2208 1752 2235 omnia

124 2255 215 2290 ψυχῆς
238 2254 331 2288 Ὰνόμ.
353 2253 423 2288 Ἐγὼ
447 2253 533 2286 οὕτως
560 2255 640 2281 αὑτὸν
668 2253 736 2286 οἶδα,
764 2255 801 2287 ὡς
829 2255 911 2287 αὐτὸς

966 2257 1141 2292 aspectabilia
1160 2263 1276 2292 corpora
1289 2263 1362 2288 esse,
1381 2255 1484 2283 idcirco
1508 2255 1589 2284 etiam
1608 2255 1671 2283 novi
1687 2255 1750 2290 quid

126 2300 219 2326 ἑαυτὸν
247 2297 325 2326 οἶδεν.
353 2299 426 2333 Ὀρθ.
451 2299 482 2325 TE
508 2296 555 2326 οὖν
584 2300 657 2326 ἐστιν
677 2300 691 2326 6
712 2299 794 2333 856;;
814 2300 907 2335 ’Aro‘y.

965 2304 997 2331 sit
1013 2303 1123 2330 anima?
1135 2303 1229 2330 Anam.
1242 2302 1276 2329 At
1286 2310 1335 2338 ego
1346 2310 1407 2329 eum
1420 2302 1481 2330 novi
1501 2306 1532 2329 ut
1551 2302 1609 2337 ipse
1622 2309 1651 2330 se
1664 2302 1751 2329 novit.

125 2345 195 2372 Αὐτὸ
216 2344 246 2371 τὸ
268 2345 423 2380 ἀγέννητον.
447 2345 520 2378 Ὀρθ.
538 2345 575 2371 Τὸ
598 2345 707 2378 εἰδέναι,
734 2345 774 2372 ὅτι
800 2345 913 2381 ἀγέννηλ

125 2391 169 2423 τός
184 2390 239 2426 (ιδ)
253 2391 320 2423 ἐστι,
338 2390 415 2417 τοῦτό
428 2392 486 2417 ἐστι
500 2390 529 2417 τὸ
542 2390 640 2417 εἰδέναι
659 2391 704 2417 τὸν
718 2391 793 2417 Θεόν.
816 2392 909 2426 Ἀνόμ.

126 2438 179 2466 Καὶ
194 2437 274 2464 πάνυ.
292 2437 365 2471 Ὸρθ.
381 2437 484 2464 Ἰσασιν
496 2434 542 2464 οὖν
556 2437 601 2464 καὶ
620 2437 739 2463 Ἰουδαῖοι
752 2438 799 2463 καὶ
814 2438 912 2474 Ἕλλη-

125 2493 170 2516 νες
193 2483 281 2511 τοῦτο.
298 2484 354 2519 Τὴν
373 2483 458 2519 αὐτὴν
474 2483 529 2518 ἄρα
550 2484 606 2514 τοῖς
624 2483 760 2515 Ἰουδαίοις
783 2484 830 2511 καὶ
854 2486 911 2516 τοῖς

127 2530 254 2566 Ἕλλησιν
273 2529 345 2565 ἔχεις
366 2529 475 2563 γνῶσιν,
498 2531 553 2561 τοῖς
570 2529 606 2565 μὴ
627 2529 803 2564 γινώσκουσιν
818 2530 909 2557 αὐτόν.

127 2577 186 2602 Ὂτι
199 2575 254 2616 γὰρ
267 2576 282 2602 ὁ
307 2575 344 2610 μὴ
357 2575 498 2609 γινώσκων
516 2575 562 2601 τὸν
578 2575 641 2602 Υἱὺν
663 2575 693 2601 οὐ
714 2574 841 2609 γινώσκει
865 2576 910 2602 τὸν

126 2622 246 2658 Πατέρα,
263 2621 298 2648 τὰ
311 2621 465 2656 Εὑαγγὲλια
481 2622 632 2658 εἰρήκασιν.
653 2621 752 2656 Ἀνόμ.
768 2621 824 2648 Οὐκ
840 2619 909 2648 οἶδεν

160 2699 182 2715 ⁸⁷
201 2698 280 2727 Joan.
298 2707 326 2732 ι,
344 2699 388 2726 18.
425 2699 449 2715 ⁶⁸
458 2698 537 2726 Joan.
554 2707 611 2731 xtv,
629 2699 656 2727 9.

162 2777 217 2812 (40)
231 2777 270 2804 ita
285 2776 352 2813 Reg.
368 2781 394 2805 et
411 2777 562 2813 Palatinus.
579 2776 650 2813 Editi
665 2784 739 2813 vero,
757 2777 804 2804 καὶ
814 2777 908 2813 πιστὸς

127 2813 167 2847 εἵη
179 2810 279 2848 κατῃχ.
296 2810 366 2840 Idem
381 2812 460 2843 infra,
479 2812 525 2838 καὶ
538 2812 663 2844 Ἰουδαῖος
709 2813 724 2839 6
739 2812 857 2848 ἐρωτῶν.

161 2847 215 2886 (Η)
230 2847 378 2879 Palatinus.
390 2848 476 2874 εἰπεῖν
490 2855 539 2875 σοι.

965 2348 1042 2376 Orth.
1061 2347 1132 2381 Quid
1150 2351 1191 2376 est
1211 2347 1295 2383 igitur
1314 2347 1404 2376 Deus?
1419 2348 1514 2375 Anam.
1537 2348 1628 2382 Ipsum
1647 2347 1752 2382 ingeni-

962 2398 1031 2422 tum.
1049 2394 1125 2422 Orth.
1145 2394 1186 2422 An
1207 2402 1290 2422 nosse
1304 2394 1377 2429 quod
1392 2395 1427 2422 sit
1443 2393 1594 2429 ingenitus,
1609 2397 1651 2421 est
1665 2393 1750 2420 Deum

963 2441 1067 2468 nosse?
1081 2441 1175 2468 Anam.
1191 2440 1263 2468 Sane
1278 2441 1399 2476 quidem.
1413 2439 1490 2468 Orth.
1504 2441 1585 2475 Atqui
1602 2440 1654 2467 hoc
1668 2440 1750 2467 etiam

964 2488 1066 2512 norunt
1082 2488 1109 2513 et
1124 2484 1210 2513 Judzsi
1231 2490 1259 2513 et
1276 2485 1373 2513 Graeci.
1391 2485 1491 2513 Eadem
1507 2493 1571 2521 ergo
1589 2484 1684 2512 notitia
1701 2484 1749 2511 Dei

963 2531 1094 2566 praeditus
1118 2539 1149 2559 es
1173 2539 1226 2567 qua
1248 2530 1333 2559 Judaei
1357 2536 1383 2559 et
1403 2530 1500 2564 Graeci,
1522 2532 1567 2567 qui
1584 2532 1673 2567 ipsum
1694 2539 1748 2558 non

964 2582 1075 2606 norunt.
1099 2577 1247 2606 Testantur
1270 2579 1343 2606 enim
1364 2578 1521 2613 Evangelia,
1542 2586 1605 2606 eum
1622 2578 1668 2612 qui
1694 2585 1748 2604 non

963 2623 1105 2659 cognoscit
1121 2623 1230 2657 Filium,
1255 2632 1305 2652 nec
1327 2623 1435 2652 Patrem
1459 2631 1551 2651 nosse.
1569 2623 1665 2651 Anam.
1688 2621 1748 2650 Non

997 2776 1052 2845 $2)
1068 2775 1219 2818 Palatinus,
1231 2777 1370 2824 ἰουδαιῖοςτ

1027 2812 1053 2845 5)
1071 2811 1116 2839 Sic
1129 2812 1280 2845 Palatinus,
1296 2813 1340 2840 hic
1353 2821 1368 2841 e

997 2811 1053 2847 (45)
1071 2811 1116 2839 Sic
1129 2812 1280 2845 Palatinus.
1296 2813 1340 2840 hic
1353 2816 1380 2841 et
1387 2812 1432 2840 bis
1444 2812 1566 2842 inferius.
1583 2813 1653 2842 Editi
1668 2820 1744 2841 vero.

961 2847 1102 2882 ἀγένητον.
