1926 3067
192 159 262 186 1119

769 154 798 182 S.
819 153 1049 182 ATHANASIUS.
1069 168 1103 172 —
1124 150 1260 179 SPURIA.

1744 142 1827 174 ιιξσ

191 219 274 252 igitur
290 219 366 245 novit
383 217 453 244 Deus
470 224 499 244 se
515 223 574 244 esse
596 215 766 251 ingenitum?
784 216 860 243 Ortli.
877 217 911 242 At
925 217 976 243 hoc

1029 212 1074 241 οὖν
1088 215 1102 240 ὀ
1117 213 1182 245 Θεὸς
1204 213 1351 246 ἀγέννητον
1373 210 1482 242 ἐαυτόν;
1503 208 1578 242 Ὀρθ.
1598 207 1656 234 Ἀλλ
1684 207 1713 234 οὺ
1737 207 1825 234 τοῦτό

190 263 302 290 minime
316 263 402 298 ipsius
415 266 457 290 est
476 262 596 289 essentia
614 262 686 296 quod
709 263 974 297 comprehendimus.

192 309 287 335 Anam.
305 309 344 335 An
358 316 438 335 unam
453 307 522 335 dicis
537 308 676 339 deitatem,
692 312 719 334 et
731 313 786 335 tres
798 308 978 343 hypostases?

193 353 269 379 Ortli.
287 353 343 379 Tua
361 353 471 388 quidem
494 353 540 379 illa
560 352 673 384 notitia.
692 360 772 387 quam
789 354 866 388 prius
882 352 978 379 affere-

191 397 252 429 bas,
277 398 416 424 confutata
439 403 480 425 est
502 408 508 424 :
533 398 582 425 tibi
608 405 673 425 vero
698 399 737 425 sic
764 399 845 425 etiam
870 406 978 433 respon-

195 441 265 470 d'cbo
284 453 289 469 -.
307 442 388 470 Aliud
410 448 451 470 est
470 444 635 478 itypostasis.
651 449 677 470 et
700 445 773 470 aliud
794 445 882 471 dt-itas
899 453 906 471 :
924 452 976 471 non

191 493 221 515 ut
237 489 289 515 alia
314 494 340 516 et
366 489 418 515 alia
437 497 481 516 res
501 498 508 521 ;
531 489 577 516 sed
598 490 670 524 quod
690 490 845 525 ltypostasis
867 490 976 524 quidem

191 534 276 565 aliud,
302 534 374 560 aliud
398 542 461 561 vero
478 533 564 561 dcitas
580 535 722 569 signiticet.
740 534 806 561 Nam
824 535 977 570 hypustasis

190 580 221 606 τὸ
240 578 320 612 εἶναι,
340 580 365 607 id
389 586 441 609 est.
460 590 469 606 ι
489 588 561 613 esse,
581 590 589 606 ι
607 581 694 608 deitas
718 589 791 612 vero,
808 581 839 607 τὸ
855 581 882 607 τὶ
896 579 976 612 εἶναι,

192 625 219 652 id
233 629 285 657 est,
296 635 304 650 ‹
321 625 448 660 quiddam
463 634 533 658 esse,
554 635 562 650 ι
575 626 722 661 significat.
735 629 830 654 Anam.
844 627 899 653 Hoc
914 636 978 654 vero

191 671 348 706 cujusmodi
373 673 431 699 est?
452 671 528 699 Orth.
548 672 581 699 Ut
604 677 668 699 sunt
692 672 776 705 Petri,
796 677 822 700 et
844 672 931 705 Pauli,
951 677 978 700 et

191 717 326 743 Timothei
364 722 419 745 tres
453 717 633 752 liypostases,
661 721 688 745 ct
724 726 778 745 una
810 718 977 746 humanitas.

191 765 286 790 Αηοηι.
305 763 374 798 Ergo
397 768 452 791 tres
473 768 536 791 sunt
559 764 606 791 dii.
627 764 703 793 Orth.
724 764 802 792 Absit
824 768 853 792 ut
869 764 919 792 hoc
936 764 978 791 di-

191 808 268 834 cam!
295 808 391 835 Anam.
418 808 446 835 Si
474 809 510 835 ita
530 813 594 836 sunt
618 809 790 844 hypostases,
807 813 836 836 ut
858 809 929 836 Petri
951 814 978 836 et

191 852 287 886 Pauli,
303 857 330 879 et
347 852 482 881 Timothei
493 874 500 884 ,
516 858 573 882 tres
589 858 653 882 sunt
673 854 710 881 dii
730 864 736 881 :
758 854 977 890 quandoquidem

191 898 299 931 Petrus,
317 906 343 927 et
361 899 472 931 Paulus,
490 904 517 927 et
532 900 702 932 Timotheus,
724 905 779 928 tres
805 905 869 929 sunt
889 900 978 928 homi-
993 894 1015 921 Β

191 953 252 972 nes.
270 945 346 972 Orth.
360 945 399 973 Ne
420 946 447 973 hi
473 946 582 981 quidem
599 950 665 974 sunt
680 945 762 982 409
777 951 832 974 tres
843 955 876 974 ex
892 946 979 974 sacris

191 988 311 1018 Litteris.
330 1001 339 1016 ‹
357 990 424 1018 Nam
443 991 470 1018 in
485 991 594 1019 Christo
610 991 674 1019 Jesu
695 1000 749 1019 non
765 996 806 1020 est
828 993 977 1024 masculus,

192 1044 282 1071 neque
300 1037 410 1068 femina.
426 1045 480 1064 non
495 1042 538 1065 est
556 1037 667 1065 Graecus
687 1041 714 1065 et
727 1037 848 1071 Iudaeus,
866 1047 920 1066 non
937 1043 979 1067 est

192 1091 290 1111 servus
315 1087 342 1111 et
370 1083 450 1116 liber,
474 1084 522 1111 sed
542 1091 637 1111 omnes
658 1085 686 1110 in
707 1084 817 1112 Christo
835 1093 919 1112 unum
936 1093 980 1112 su-

193 1136 254 1156 mus
272 1129 306 1156 θ’.
334 1138 343 1154 ι
365 1129 459 1156 Anam.
480 1129 578 1156 Annon
604 1129 686 1164 igitur
709 1133 764 1157 tres
788 1134 851 1157 sttnt
869 1130 977 1163 Petrus.

194 1175 306 1204 Paulus.
334 1180 361 1202 et
384 1175 565 1203 Timotheus?
581 1175 657 1203 Orlh.
680 1175 749 1203 Tres
769 1176 878 1211 quidem
902 1181 977 1209 sunt,

194 1224 221 1247 at
236 1228 289 1247 non
305 1224 360 1248 tres
381 1220 516 1248 homines.
532 1221 628 1248 Anam.
643 1220 802 1253 Quomodo?
816 1220 891 1248 Ortlt.
909 1221 978 1254 Quia

194 1271 259 1294 tunc
275 1271 332 1295 tres
355 1271 419 1294 sunt
442 1267 577 1299 homines,
591 1275 653 1295 cum
666 1268 800 1296 dissimile
815 1276 863 1296 cor
877 1269 978 1297 habue-

194 1313 260 1344 rint,
283 1317 312 1339 ut
337 1313 446 1341 Grtecus
466 1319 492 1341 et
516 1313 638 1344 Iudaeus,
657 1317 683 1340 et
704 1313 878 1342 Christianus
905 1323 911 1340 :
935 1315 977 1342 sin

193 1367 259 1386 vero
274 1360 344 1386 idem
360 1360 462 1390 dicant.
484 1369 534 1387 nec
555 1361 610 1388 sint
627 1361 696 1388 inter
713 1368 761 1388 eos
776 1360 900 1393 dissidia,
922 1365 978 1388 tres

194 1403 304 1439 quidem
317 1404 486 1440 hypostases,
500 1406 546 1433 sed
564 1414 635 1434 unus
650 1406 676 1432 in
688 1405 814 1437 Domino,
828 1406 874 1441 qui
895 1414 979 1432 ututm

194 1449 315 1476 animum
339 1453 366 1477 et
386 1458 469 1476 unum
498 1458 546 1477 cor
569 1450 685 1478 habeant
709 1460 715 1478 :
739 1454 766 1478 et
789 1455 845 1478 tres
867 1451 977 1485 quidem

195 1499 261 1523 sunt
276 1503 401 1527 numero,
418 1499 445 1523 at
464 1504 516 1523 non
533 1497 605 1531 quod
620 1497 754 1524 diversam
771 1497 841 1524 inter
855 1505 884 1524 se
899 1501 978 1523 natu-

194 1549 252 1568 ram
271 1542 311 1568 vel
331 1542 468 1569 diversum
492 1550 540 1569 eor
561 1543 689 1570 haheant.
716 1543 810 1569 Anam.
837 1543 893 1577 Ego
917 1550 975 1574 eos,

194 1587 242 1622 qui
258 1591 314 1615 tres
325 1592 398 1619 sunt.
414 1592 470 1615 tres
487 1596 548 1616 esse
561 1589 631 1616 dico.
648 1588 724 1616 Ort/z.
740 1589 773 1615 At
786 1597 835 1621 ego
851 1592 905 1615 tres
917 1596 977 1616 esse

193 1632 266 1663 dico,
282 1633 305 1660 si
322 1634 393 1661 inter
414 1641 444 1661 se
462 1633 642 1660 dissenserint
661 1642 667 1659 :
690 1633 762 1668 quod
782 1634 803 1661 si
827 1633 976 1661 secundum

195 1686 301 1705 sacram
322 1678 491 1714 Scripturam
511 1679 624 1714 perfecti
646 1679 745 1706 fuerint
769 1680 863 1708 cadent
888 1685 977 1708 mente

193 1727 221 1751 et
245 1725 388 1756 sententia,
417 1733 499 1751 unum
524 1732 587 1752 esse
611 1733 711 1752 novum
739 1725 875 1753 hominem
903 1726 974 1758 dico,

194 1770 368 1798 manentibus
389 1775 479 1798 tamen
503 1770 706 1806 hypostasibus.
729 1771 823 1797 Anam.
848 1770 901 1798 Sed
920 1772 977 1799 hrec

193 1814 227 1841 de
245 1815 401 1843 hominibus
424 1816 554 1843 dicuntur
577 1825 583 1842 :
601 1817 629 1844 in
646 1816 699 1844 Deo
713 1824 778 1844 vero
794 1817 873 1844 aliter
890 1825 919 1845 se
933 1825 978 1845 res

193 1859 284 1887 habet.
301 1860 377 1888 Orth.
401 1860 428 1888 Si
452 1861 480 1888 in
502 1861 535 1889 iis
559 1869 618 1897 qua!
643 1863 821 1897 corporaliter
851 1867 976 1898 separata

194 1909 269 1936 sunt,
291 1907 371 1933 modo
394 1907 476 1934 animi
498 1909 632 1935 sententia
653 1915 706 1934 non
723 1907 883 1940 dissideant,
895 1908 976 1936 habet

195 1950 335 1986 Scriptura
357 1960 435 1991 unus,
456 1956 482 1980 et
503 1960 594 1983 unum,
621 1953 706 1980 multo
729 1953 814 1988 magis
834 1953 859 1981 id
884 1954 976 1981 dicen-

193 1997 257 2023 dum
278 2000 320 2024 est
346 1997 374 2024 in
396 1998 429 2025 iis
452 2006 512 2033 quae
537 1998 648 2025 materia
680 2002 706 2026 et.
726 2007 841 2034 corpore
871 2003 974 2027 carent.

193 2042 248 2068 Aut
268 2042 350 2077 igitur
377 2043 404 2070 in
428 2043 488 2071 istis
513 2045 607 2079 ponito
632 2052 693 2072 esse
715 2044 840 2078 dissidia,
868 2048 898 2072 ut
920 2049 975 2073 tres

1028 263 1102 288 ἐστιν
1114 259 1196 287 αὐτοῦ
1217 261 1233 295 ὴ
1250 259 1336 290 οὐσία,
1355 258 1368 284 ὃ
1385 256 1596 291 κατειλήφαμεν.
1621 256 1719 288 ’Λνόμ.
1741 254 1824 281 Μίαν

1028 308 1116 341 λέγεις
1130 306 1253 341 Οεὸτητα,
1266 305 1312 331 καὶ
1324 305 1397 340 τρεῖς
1411 302 1586 334 ὑποστάσειςς
1603 303 1679 335 Ὀρθ,
1696 300 1823 327 Λέλυται

1029 353 1077 388 μέν
1095 361 1141 378 σου
1162 353 1179 387 ἡ
1200 351 1330 386 πρότερον
1352 349 1462 383 γνῶσις.
1489 346 1697 382 Ἀποκρινοῦμαι
1720 345 1749 371 δέ
1774 341 1838 371 σοι’

1027 399 1074 426 καὶ
1086 398 1171 429 οὕτως
1182 406 1188 412 ·
1208 397 1288 423 ’Ἀλλο
1305 396 1376 422 ἐστὶν
1392 395 1549 425 ὑπόστασις,
1566 393 1611 420 καὶ
1623 392 1685 419 ἄλλο
1702 391 1802 426 Θεότης
1812 400 1819 405 ·

1027 445 1076 479 οὐχ
1092 444 1128 475 ὡς
1147 443 1210 469 ἄλλο
1224 443 1338 478 πρᾶγμα
1358 441 1404 468 καὶ
1427 440 1498 467 ἄλλο.
1515 440 1573 466 ἀλλ’
1588 439 1625 470 ὡς
1639 439 1701 465 ἄλλο
1723 447 1749 464 τι
1766 446 1820 472 ση-

1030 490 1177 525 μαινούσης
1193 489 1242 523 τῆς
1263 487 1447 517 ὑποστάσεως,
1463 486 1509 512 καὶ
1526 485 1588 511 ἄλλο
1605 486 1653 519 τῆς
1677 484 1818 518 Θεὸτητος.

1034 537 1064 562 Ἡ
1084 536 1132 570 μὲν
1152 535 1204 570 γὰρ
1229 534 1374 564 ὑπόστασις
1394 542 1402 558 (
1422 533 1450 559 τὸ
1473 531 1542 558 εἶναι
1557 542 1566 557 t
1593 530 1731 566 σημαίνει·
1751 531 1768 564 ὴ
1787 530 1818 555 δὲ

1028 579 1121 615 οεότης
1137 590 1145 604 ‹
1160 579 1188 605 τὸ
1202 579 1228 606 τί
1239 577 1317 606 εἶναι.
1335 588 1343 603 ι
1358 579 1457 612 Ἀνόμ.
1471 575 1543 608 Οῗον,
1559 577 1596 608 ὡς
1613 576 1657 607 τί;
1676 576 1754 609 Ὀρθ.
1771 576 1817 606 Ὠς

1029 626 1143 662 Πέτρου,
1162 625 1208 651 καὶ
1231 625 1347 655 Παύλου,
1373 624 1420 650 καὶ
1443 622 1574 657 Τιμοθέου
1598 623 1671 657 τρεῖς
1692 620 1815 647 ὑποστά-

1029 681 1094 703 σεις,
1108 673 1154 698 καὶ
1169 672 1216 707 μία
1230 671 1414 707 ἀνθρωπὸτης.
1427 670 1526 703 Ἀι-ίῖμ.
1541 667 1644 694 Οὐκοῦν
1657 668 1730 702 τρεῖς
1745 665 1816 699 θεοῖς

1035 719 1107 752 Ὀρθ.
1124 717 1169 753 Μὴ
1184 718 1286 752 γένοιτο
1302 717 1402 743 εἰπεῖνῐ
1425 716 1523 750 Ἀνόμ.
1541 715 1572 741 Εἰ
1593 715 1678 746 οὕτως
1695 715 1764 740 εἰσὶν
1786 715 1816 740 αἱ

1028 765 1190 796 ὑποστάσεις
1205 765 1242 795 ὼς
1264 764 1378 799 Πέτρου,
1401 763 1447 789 καὶ
1470 761 1586 793 Παύλου,
1607 761 1653 787 καὶ
1669 760 1817 795 Τιμοθέου,

1028 813 1100 846 τρεῖς
1115 811 1185 837 ῦεοί·
1202 812 1276 846 τρεῖς
1293 810 1346 844 γὰρ
1369 809 1516 843 ἅνθρωποι,
1534 808 1646 842 Πέτρος,
1667 807 1714 833 καὶ
1737 806 1817 832 Παῦ-

1028 857 1083 889 λος,
1101 857 1148 884 καὶ
1170 856 1309 892 Τιμόθεος.
1326 856 1398 890 Ὀρϐ.
1426 854 1504 881 Κατὰ
1527 853 1576 885 τὰς
1593 853 1666 884 θείας
1690 853 1816 888 Γραφὰς,

1027 903 1118 930 οὐκέτι
1139 902 1198 929 οὐδὲ
1224 903 1300 929 αὐτοὶ
1321 903 1396 937 τρεῖς
1412 901 1558 936 ἄνθρωποι.
1577 909 1586 925 ‹
1609 900 1652 926 Ἐν
1674 900 1728 934 γὰρ
1746 899 1816 934 Χρι-

1029 948 1083 984 στῷ
1103 948 1190 984 Ἰησοῦ
1207 949 1256 975 οὐχ
1269 948 1307 974 ἒνι
1327 948 1409 983 ἄρσεν
1429 947 1477 974 καὶ
1497 947 1572 982 θῆλυ,
1596 946 1645 972 οὐκ
1661 946 1700 972 ἔνι
1714 945 1816 980 Ἕλλην

1028 995 1076 1022 καὶ
1095 995 1229 1026 Ἰουδαῖος,
1249 995 1298 1020 οὐκ
1315 993 1354 1020 ἔνι
1367 993 1458 1024 δοῦλος
1474 993 1520 1019 καὶ
1537 991 1678 1027 ἐλεύθερος
1690 999 1696 1005 ·
1714 991 1772 1018 ἀλλ’
1790 991 1816 1017 οἱ

1029 1041 1127 1073 πάντες
1151 1042 1179 1067 ὲν
1198 1039 1308 1076 Χριστῷ
1327 1039 1357 1066 ἓν
1377 1040 1469 1073 ἐσμεν.
1496 1048 1504 1063 ι
1526 1039 1624 1072 Ἀνόμ.
1645 1036 1742 1063 Οὐκέτι
1767 1035 1816 1063 οὖν

1028 1088 1082 1114 εισι
1095 1088 1179 1123 τρεῖς,
1197 1087 1309 1122 Πέτρος,
1325 1085 1370 1111 καὶ
1385 1084 1500 1115 Παῦλος,
1514 1085 1560 1110 καὶ
1573 1083 1717 1118 Τιμόθεοςς
1736 1083 1816 1117 Ὀρθ.

1028 1133 1108 1168 Τρεῖς
1131 1132 1180 1166 μέν
1200 1132 1286 1162 εἰσιν,
1311 1129 1367 1156 ἁλλ’
1389 1130 1418 1156 οὐ
1443 1130 1517 1164 τρεῖς
1539 1128 1685 1163 ἅνθρωποι.
1712 1128 1814 1162 Ἀνόμ.

1028 1178 1106 1210 Πῶς;
1121 1178 1196 1211 Ὀρθ.
1210 1177 1269 1204 ’Ότι
1285 1178 1358 1213 τρεῖς
1369 1177 1435 1202 εἰσιν
1450 1175 1595 1210 ἄνθρωποι,
1609 1175 1672 1200 ὅταν
1685 1174 1816 1209 ἀνομοίαν

1028 1224 1110 1259 ἔχωσι
1132 1224 1181 1258 τὴν
1204 1223 1328 1258 καρδίαν,
1351 1222 1388 1253 ὡς
1407 1221 1515 1257 Ἕλλην,
1537 1220 1583 1247 καὶ
1609 1220 1742 1251 Ἰουδαῖος,
1767 1221 1815 1246 καὶ

1028 1269 1202 1304 Χριστιανός·
1218 1269 1282 1295 ὅταν
1297 1268 1325 1294 δὲ
1338 1267 1369 1294 τὺ
1381 1268 1444 1294 αὐτὸ
1457 1267 1565 1300 λέγωσι,
1585 1265 1631 1292 καὶ
1647 1266 1683 1301 μὴ
1697 1265 1769 1292 ἔστιν
1784 1266 1815 1291 ἐν

1028 1316 1119 1346 αὐτοῖς
1135 1315 1280 1350 σχίσματα,
1296 1315 1369 1350 τρεῖς
1388 1313 1435 1349 μέν
1458 1313 1525 1339 εἰσιν
1544 1313 1714 1344 ὑποστάσεις,
1730 1310 1771 1342 εἷς
1784 1311 1813 1337 δὲ

1027 1363 1057 1388 ἐν
1076 1362 1180 1397 Κυρίῳ,
1204 1361 1268 1397 μίαν
1290 1360 1377 1396 ψυχὴν
1395 1360 1501 1395 ἔχοντες
1524 1359 1571 1385 καὶ
1593 1358 1655 1393 μίαν
1680 1358 1812 1393 καρδίαν·

1028 1407 1074 1434 καὶ
1088 1408 1161 1442 τρεῖς
1184 1407 1234 1442 μέν
1250 1407 1318 1433 εἰσιν
1334 1404 1451 1441 ἀριθμῷ,
1468 1404 1524 1431 ἀλλ’
1539 1404 1586 1438 οὐχ
1607 1403 1742 1438 ἑτερότητι
1763 1403 1815 1437 φύ-

1029 1460 1096 1483 σεως
1109 1452 1126 1486 ἢ
1140 1451 1262 1487 καρδίας.
1283 1451 1380 1485 Ἀι”όμ.
1398 1450 1467 1484 Ἐγὼ
1481 1450 1542 1480 τοὺς
1555 1450 1628 1484 τρεῖς
1640 1450 1713 1484 τρεῖς
1729 1448 1813 1482 λέγω.

1034 1497 1110 1531 Ὀρθ.
1128 1498 1199 1531 Ἐγὼ
1209 1498 1237 1524 δὲ
1253 1499 1326 1532 τρεῖς
1340 1497 1422 1530 λέγω,
1435 1497 1498 1522 ὅταν
1543 1497 1570 1521 ἓν
1586 1495 1676 1526 αὐτοῖς
1691 1494 1811 1530 σχίσμα·

1028 1543 1074 1570 ἐὰν
1087 1544 1115 1570 δὲ
1130 1544 1200 1570 κατὰ
1213 1543 1262 1574 τὰς
1276 1542 1355 1576 ἁγίας
1367 1542 1474 1577 Γραῳὰς
1487 1541 1616 1575 γένωνται
1632 1539 1814 1575 κατηρτισμέ-

1031 1597 1070 1615 νοι
1085 1589 1113 1615 ἐν
1129 1588 1167 1623 τῷ
1180 1588 1252 1623 αὺτῷ
1266 1587 1316 1618 νοῒ,
1332 1587 1378 1613 καὶ
1391 1587 1419 1612 ὲν
1431 1588 1463 1621 τῇ
1478 1587 1546 1621 αὐτῇ
1561 1585 1666 1620 γνώμῃ,
1679 1585 1727 1612 ἕνα
1741 1585 1814 1619 λέγω

1030 1634 1121 1661 καινὸν
1136 1634 1286 1670 ἄνθρωπον,
1307 1633 1376 1668 μετὰ
1395 1633 1442 1659 τοῦ
1466 1633 1554 1668 μένειν
1572 1633 1620 1664 τὰς
1639 1633 1811 1664 ὑποστάσεις.

1036 1679 1133 1714 Ἀνόμ.
1153 1679 1232 1706 Ἀλλὰ
1252 1679 1338 1706 ταῦτα
1353 1679 1399 1705 ἐπὶ
1416 1678 1566 1714 ἀνθρώπων
1580 1679 1700 1713 εἴρηται·
1723 1679 1770 1705 ἐπὶ
1784 1679 1812 1705 δὲ

1029 1725 1096 1751 Θεοῦ
1114 1725 1210 1757 ἄλλως.
1235 1727 1310 1759 Ὀρθ.
1329 1725 1360 1751 Εἰ
1375 1724 1421 1751 ἐπὶ
1439 1725 1492 1751 τῶν
1507 1724 1678 1761 διῃρημένων
1694 1733 1813 1759 σωματι-

1029 1772 1095 1804 κῶς,
1112 1773 1175 1799 ὅταν
1281 1771 1382 1806 σχίσμα
1406 1770 1535 1802 διανοίας,
1551 1771 1581 1796 τὸ
1603 1768 1642 1802 εἷς
1666 1770 1713 1796 καὶ
1731 1770 1762 1796 τὸ
1783 1770 1812 1796 ἓν

1029 1819 1116 1844 κεῖται
1129 1819 1157 1845 ὲν
1171 1819 1203 1853 τῇ
1219 1819 1322 1853 γραφῇ,
1340 1816 1428 1851 πολλῷ
1443 1816 1521 1843 πλέον
1536 1816 1647 1843 ἐπὶτῶν
1662 1816 1750 1842 ὰΰλων
1766 1817 1812 1842 καὶ

1029 1864 1082 1891 τῶν
1097 1864 1258 1900 ἀσωμάτων.
1273 1864 1308 1890 Ἦ
1325 1863 1413 1889 τοίνυν
1429 1863 1472 1894 δὸς
1487 1864 1544 1889 ἐκεῖ
1558 1863 1702 1897 σχίσματα,
1717 1862 1760 1888 ἴνα
1774 1863 1812 1888 εῖ-

1029 1919 1123 1946 πωμεν
1145 1912 1218 1946 τρεῖς
1240 1909 1332 1942 θεοὺς,
1346 1910 1392 1936 τοῦ
1417 1909 1466 1945 μὲν
1486 1909 1544 1935 τόδε
1569 1908 1697 1940 θέλοντος,
1720 1908 1765 1935 τοῦ
1783 1908 1810 1935 δὲ

1028 1956 1104 1982 τάδε·
1123 1955 1150 1991 ἦ,
1166 1957 1189 1982 εἰ
1208 1955 1263 1991 (44)
1289 1955 1339 1982 οὐκ
1357 1955 1396 1981 ἔνι
1420 1955 1530 1990 σχίσμα,
1555 1952 1594 1986 εἷς
1617 1954 1682 1985 Θεὸς
1706 1953 1810 1989 Πατὴρ,

1029 2002 1074 2028 καὶ
1091 2001 1164 2034 Υἱὸς,
1180 2002 1227 2028 καὶ
1243 2002 1318 2035 ἆγιον
1336 1999 1458 2035 Πνεῦμα,
1473 1999 1511 2031 ὡς
1527 1997 1566 2030 εἷς
1583 1998 1724 2035 ἄνθρωπος
1743 1999 1767 2024 ol
1783 1999 1811 2024 ὲν

1028 2047 1136 2084 Χριστῷ
1151 2047 1371 2083 κατηρτισμένοι,
1387 2045 1477 2077 καθὼς
1490 2046 1652 2081 γέγραπται.

193 2087 259 2117 deos
274 2089 408 2123 dicamus,
424 2091 553 2126 quoniam
586 2099 657 2119 unus
687 2092 771 2123 istud,
807 2092 878 2120 alius
895 2093 962 2120 illud
979 2095 1067 2121 velit:
1093 2099 1140 2122 aut
1165 2095 1188 2123 si
1219 2095 1293 2122 nulla
1318 2098 1360 2121 est
1390 2095 1416 2120 in
1440 2094 1474 2121 iis
1513 2093 1659 2124 dissensio,
1684 2099 1756 2118 unus
1777 2091 1810 2118 sit

193 2135 266 2164 Deus
277 2135 367 2169 Pater,
390 2141 417 2165 et
435 2137 530 2171 Filius,
555 2143 582 2167 et
606 2139 723 2175 Spiritus
753 2143 865 2168 sanctus
889 2148 896 2166 :

193 2187 268 2216 sunt,
285 2185 355 2212 sicut
370 2186 501 2220 scriptum
517 2190 569 2214 est.

922 2142 1151 2176 quemadmodum
1163 2142 1249 2178 quiin
1267 2142 1377 2170 Christo
1389 2145 1452 2169 sunt.
1480 2140 1605 2176 perfecti,
1635 2148 1706 2167 unus
1731 2139 1809 2166 homo

229 2231 410 2260 5.Anamazus.
431 2233 510 2260 Nulla
520 2238 562 2262 est
575 2234 658 2269 igitur
668 2234 819 2263 differentia
835 2235 936 2268 Patris,
951 2238 976 2264 et

1063 2236 1255 2270 5.Ἀνόμοιος.
1275 2235 1331 2261 υὺκ
1353 2234 1424 2260 ἐστιν
1440 2232 1486 2261 οὖν
1498 2233 1612 2268 διαφορὰ
1630 2233 1746 2269 Πατρὸς,
1764 2235 1808 2261 καὶ

193 2276 265 2309 Filii,
282 2281 308 2304 et
329 2278 446 2313 Spiritus
462 2280 575 2307 sancti?
601 2281 677 2308 Orth.
698 2281 776 2309 Nulla
800 2290 866 2311 sane
889 2291 976 2318 neque

194 2322 221 2349 in
243 2328 349 2355 natura,
370 2332 458 2360 neque
481 2325 508 2352 in
534 2327 682 2361 voluntate,
703 2328 750 2356 sed
771 2329 797 2355 in
816 2337 848 2356 eo
873 2329 975 2364 aliqua,

193 2368 266 2404 quod
285 2369 395 2404 gignere
409 2375 435 2398 et
448 2371 534 2406 gigni,
550 2373 675 2400 emittere
690 2380 716 2401 et
731 2375 887 2409 procedere,
907 2375 973 2409 inter

194 2423 225 2443 se
239 2415 372 2444 differant.
394 2419 488 2445 Anam.
505 2418 575 2451 Quid
591 2424 633 2447 est
648 2421 757 2456 gignere
768 2426 794 2448 et
805 2421 978 2457 gigni,emil-

195 2465 252 2489 tere
276 2467 303 2490 et
327 2464 492 2498 procedere?
519 2465 594 2493 Ortli.
615 2466 677 2494 Hrec
696 2467 732 2494 ita
755 2467 893 2500 dicuntur,
913 2469 976 2503 quia

195 2506 275 2535 Pater
300 2508 409 2543 quidem
435 2511 530 2546 gignit.
551 2511 577 2538 id
601 2515 652 2544 est,
675 2513 791 2547 genuit:
809 2512 892 2540 Filius
913 2520 976 2540 vero

197 2553 326 2590 gignitur,
348 2555 373 2582 id
393 2560 445 2588 est,
468 2557 575 2591 genitus
594 2562 635 2584 est
653 2567 658 2584 :
680 2563 707 2585 et
724 2559 786 2593 quia
813 2559 870 2593 ipse
896 2558 976 2586 Pater

197 2601 293 2627 emittit
313 2600 455 2636 Spiritum,
485 2603 511 2629 id
540 2607 581 2630 est
609 2604 709 2632 emisit.
740 2604 856 2639 Spiritus
886 2609 975 2632 autem

196 2646 317 2680 procedit
329 2647 362 2680 "°,
380 2648 406 2675 id
423 2652 475 2680 est,
493 2649 635 2683 processit.
665 2650 759 2677 Anam.
776 2650 912 2683 Procedit,
936 2651 978 2676 in-

197 2691 265 2725 quit,
289 2700 353 2720 num
369 2700 433 2720 vero
459 2694 539 2721 etiam
557 2695 710 2730 processit?
733 2695 807 2723 ονιΙι.
835 2695 925 2723 Itidem
944 2696 977 2723 de

232 2769 255 2784 "
271 2768 358 2797 Galat.
377 2777 416 2802 ιιι,
430 2770 476 2798 ‘28.
514 2772 537 2787 "°
555 2771 632 2800 Joan.
651 2781 695 2805 xv,
708 2773 753 2800 26.

234 2845 289 2880 (Η)
304 2847 333 2874 Ei
346 2847 421 2875 abest
435 2857 450 2875 a
465 2848 594 2877 Palatino.

1029 2282 1105 2313 Υἱοῦ,
1121 2282 1166 2308 καὶ
1183 2282 1261 2316 ἁγίου
1276 2281 1448 2317 Πνεύματος;
1463 2281 1538 2314 Ὀρθ.
1558 2281 1602 2306 Ἐν
1619 2281 1651 2315 τῇ
1670 2280 1748 2314 φύσει
1761 2280 1805 2307 οὕ·

1024 2328 1057 2358 {av
1068 2328 1106 2363 τῷ
1118 2328 1248 2363 θελήματι
1260 2327 1289 2354 οὗ
1302 2335 1307 2340 ·
1323 2328 1351 2353 ὲν
1372 2327 1411 2361 τῷ
1424 2327 1519 2361 γεννᾷν
1531 2326 1576 2352 καὶ
1591 2326 1745 2360 γεννᾶσθαι,
1763 2326 1807 2352 καὶ

1026 2374 1179 2409 εκπέμπειν
1197 2372 1250 2408 (45)
1273 2373 1319 2398 καὶ
1345 2371 1547 2408 ἐκπορεύεσθαι,
1577 2371 1630 2397 ναί.
1657 2371 1755 2405 Ἀνόμ.
1777 2371 1806 2397 Τί

1025 2421 1085 2447 ἐστι
1108 2420 1204 2454 γεννᾷν
1220 2419 1265 2445 καὶ
1280 2417 1434 2452 γεννᾶσθαι,
1452 2417 1498 2443 καὶ
1521 2417 1673 2452 ἐκπέμπειν
1692 2417 1738 2443 καὶ
1763 2418 1806 2443 ὲκ-

1028 2465 1207 2501 πορεύεσθαις
1220 2465 1297 2499 Ὀρθ.
1307 2464 1368 2490 Ὅτι
1378 2464 1391 2489 ὁ
1403 2463 1451 2498 μὲν
1464 2462 1557 2498 Πατὴρ
1570 2462 1660 2497 γεννᾷ,
1673 2461 1807 2488 τουτέστιν

1030 2512 1185 2546 ἐγέννησεν
1200 2511 1214 2536 ὸ
1227 2510 1255 2536 δὲ
1275 2509 1338 2540 Υἱὸς
1351 2509 1488 2543 γεννᾶται,
1502 2507 1623 2534 τουτέστι
1635 2507 1805 2542 γεγέννηται·

1027 2558 1075 2584 καὶ
1085 2558 1124 2584 ὅτι
1138 2556 1217 2588 αὐτὸς
1229 2556 1243 2582 ὁ
1257 2555 1349 2591 Πατὴρ
1362 2554 1498 2590 ἐκπέμπει
1511 2554 1541 2580 τὸ
1553 2553 1663 2588 Πνεῦμα
1675 2553 1807 2579 τουτέστιν

1029 2602 1272 2638 ὲξέπεμψε.Καὶτὸ
1287 2601 1396 2635 Πνεῦμα
1414 2599 1601 2636 ἐκπορεύεται,
1611 2598 1806 2630 conteramu-

1030 2649 1202 2684 πεπόρευται,
1218 2648 1316 2682 Ἀνόμη
1333 2646 1537 2682 Ἐχπορεύεται,
1549 2645 1624 2671 εἷπε·
1639 2643 1675 2679 μὴ
1694 2643 1749 2678 γὰρ
1765 2644 1807 2669 xa‘.

1031 2695 1230 2728 ἐκπεπόρευται
1241 2694 1331 2727 ;‘Up0.
1343 2693 1397 2719 Καὶ
1409 2693 1473 2727 περὶ
1481 2691 1528 2718 τοῦ
1539 2690 1613 2722 Υίοῦ,
1626 2699 1634 2715 ι
1649 2689 1732 2724 Γεννᾷ
1747 2697 1804 2723 μεθ

1069 2847 1123 2882 (55)
1141 2847 1193 2873 Καὶ
1208 2846 1368 2881 ἐκπέμπειν,
1384 2845 1458 2873 abest
1475 2853 1489 2871 a
1508 2844 1641 2871 Palatino.
