1926 3067
109 109 174 137 Ilii

598 103 642 132 DE
663 103 797 132 SANCTA
816 102 1003 132 TRlNlTATl‘.‘
1024 102 1196 133 DIALOGUS
1216 104 1236 132 l.

1662 107 1731 135 “2?.

105 168 210 202 εἴρηκε.
231 176 240 191 ι
253 166 328 201 Πρὸ)
345 165 398 200 γὰρ
424 174 432 190 ι
458 165 565 191 πάντων
591 163 692 198 βουνῶν
716 165 797 200 γεννᾷ
817 174 860 199 με,
881 174 884 190 l

945 164 1012 191 Filio
1027 164 1095 192 dixit
1115 175 1124 190 ι
1139 164 1228 200 Gignit
1243 172 1287 191 mc
1302 174 1308 190 ε
1326 173 1336 190 ι
1351 165 1389 192 ait
1403 164 1475 192 enim
1489 174 1494 191 :
1516 175 1525 191 ι
1550 165 1619 193 Ante
1636 174 1731 195 omnes

104 209 192 238 εἶπεν.
213 211 317 246 Ὥσπερ
332 208 377 237 ὦν
391 209 436 236 ἐπὶ
448 209 493 236 τοῦ
506 209 570 235 Υἱοῦ
586 209 616 235 τὸ
631 209 721 244 γεννᾷ
740 217 785 241 με,
802 209 892 242 Ἐγέν-

51 272 54 279 ι
105 267 182 294 νησε,
192 259 270 288 νοεῖς,
281 256 351 283 οὕτω
369 256 415 282 καὶ
429 256 473 282 ἐπὶ
487 254 533 282 τοῦ
543 254 698 290 Πνεύματος
708 254 737 280 τὸ
749 255 894 290 ἐκπορεύε-

103 311 161 335 ται,
179 303 388 338 ὲκπεπόρευται,
402 302 496 337 νόησον
506 309 514 317 ’
528 301 587 332 ἔθος
600 301 654 336 γάρ
668 302 725 327 ἐστι
741 302 873 336 γραφικόν
883 310 890 316 ·

102 349 142 380 ὡς
159 349 199 380 τὸ,
216 359 225 374 ι
237 349 266 375 '0
282 348 365 374 ποιῶν
386 348 449 379 τοὺς
463 347 594 381 ἀγγέλους
610 346 691 374 αὐτοῦ
711 346 863 382 πνεύματα,
879 357 888 373 ι

103 394 251 425 τουτέστιν,
271 394 298 420 Ὀ
310 393 424 429 ποιήσας
436 402 442 408 ·
461 393 508 419 καὶ
527 392 567 424 τὸ,
579 402 587 417 ι
599 391 628 418 Ὀ
637 391 767 427 θεμελιῶν
780 392 828 427 τὴν
840 392 891 427 γῆν

103 441 152 467 ἐπὶ
175 439 223 475 τὴν
239 439 387 473 ἀσφάλειαν
410 439 510 473 αὐτῆς,
526 448 535 464 ι
561 438 694 470 τουτέστι,
713 437 889 473 θεμελιώσας.

102 485 205 520 Ἀνόμ.
221 485 294 520 Αὕτη
315 484 388 511 ἐστὶν
405 485 421 519 ἡ
439 483 571 518 διαφορά;
587 484 664 516 Ὀρθ.
691 483 774 518 Αὕτη.
790 483 888 517 Ἀνόμ.

103 532 160 567 Τὴν
174 532 203 558 δὲ
223 531 301 565 φύσιν
326 530 374 566 τὴν
394 529 477 565 αὐτὴν
503 529 609 564 λέγεις;
630 530 707 563 Ὀρθ.
727 529 782 564 Τὴν
795 529 888 564 αὐτὴν.

100 576 205 610 ’ΛΨ-ὀμ.
232 577 286 602 Καὶ
314 576 371 607 πῶς
390 575 500 602 δύναται
517 575 532 610 ἡ
548 575 615 610 αὐτὴ
636 574 715 609 φύσις
738 572 817 606 εἶναι,
834 575 857 600 εἰ
875 574 889 599 6

104 623 154 658 μὲν
168 623 259 657 γεννᾷ,
278 622 292 648 6
306 622 334 648 δὲ
346 622 487 655 γεννᾶται;
501 621 577 654 Ὀρθ.
590 620 672 654 Τίοης
681 620 708 646 δὲ
721 620 804 654 ὅμως,
821 619 861 645 ὅτι
876 619 889 645 6

103 669 153 703 μὲν
162 669 217 703 (46)
230 669 321 703 γεννᾷ,
339 668 353 693 ὁ
368 668 395 693 δὲ
408 668 535 701 γεννᾶται
548 675 555 698 ;
568 667 666 700 Ἀνόμ.
680 666 750 698 Nat;
767 667 843 698 Ὀρθ.
856 665 888 691 Et

99 713 115 739 6
132 713 181 747 μὲν
189 713 280 748 γεννᾷ,
289 714 302 739 ὸ
310 713 338 739 δὲ
347 713 472 747 γεννᾶται
482 721 488 727 ⁸
505 713 519 738 ὁ
529 712 631 746 γεννῶν
643 713 674 738 ὲκ
682 711 731 747 τῆς
743 711 823 737 αὐτοῦ
834 709 887 745 (47)

101 758 211 793 φύσεως
227 759 317 794 γεννᾷ,
334 759 380 785 καὶ
397 760 411 784 ὀ
426 757 593 793 γεννώμενος
608 758 639 783 ὲκ
654 757 703 792 τῆς
717 756 762 783 τοῦ
774 756 888 790 γεννῶν-

99 812 147 835 τος
160 804 266 838 φύσεως
283 804 420 837 γεννᾶται.
431 804 529 838 ’Λνόμ.
547 803 591 838 Μὴ
602 803 707 837 γένοιτό
723 811 767 837 μοι
789 804 885 834 εἰπεῖν,

944 211 1028 239 colles
1043 211 1128 246 gignit
1148 212 1235 238 me“.
1257 221 1265 236 ›
1285 210 1519 243 Quemadmodum
1539 212 1622 246 igitur
1638 211 1671 240 de
1685 212 1731 240 Fi-

944 259 980 285 lio
995 266 1042 293 per
1058 258 1134 290 illud,
1151 258 1237 293 gignit
1261 265 1314 290 me,
1337 257 1476 292 intelligis.
1497 256 1596 285 chuit
1613 266 1676 292 me;
1693 259 1730 285 ita

943 303 1024 330 ctiam
1045 303 1121 335 illud,
1136 303 1269 338 procedit,
1287 302 1380 336 accipe
1402 303 1436 329 de
1456 302 1570 337 Spiritu,
1592 311 1623 330 ac
1643 303 1667 330 si
1687 304 1730 331 di-

943 352 1059 379 ceretur,
1079 349 1222 382 processit.
1244 347 1293 374 Hic
1319 355 1390 374 enim
1420 352 1462 374 est
1497 356 1554 375 mos
1583 349 1730 385 Scriptura:

943 399 970 421 ut
987 394 1064 425 illud,
1083 404 1092 419 ι
1105 393 1155 427 Qui
1166 394 1230 421 facit
1243 395 1353 429 angelos
1365 403 1429 422 suos
1443 396 1595 430 spiritus",
1610 405 1618 421 ι
1636 397 1662 423 id
1675 401 1728 427 cst,

942 437 991 470 Qui
1005 437 1068 465 fecit
1081 448 1088 466 :
1099 443 1125 465 et
1139 439 1215 469 illud,
1231 448 1238 462 ι
1249 439 1299 471 Qui
1309 439 1405 467 fundas
1416 444 1516 467 terram
1532 448 1613 475 supra
1625 441 1730 468 stabili-

941 485 1150 515 tatcmsuam",
1164 494 1172 509 ι
1186 485 1211 511 id
1224 488 1274 513 est,
1285 485 1331 519 qui
1347 484 1477 511 fundasti.
1490 486 1586 511 Anam.
1604 485 1730 515 Hicccine

940 529 1248 564 igiturestdiﬂ‘erentia?
1265 530 1340 558 Ortli.
1353 530 1414 557 ltrcc
1429 534 1480 557 est.
1497 530 1729 560 Anom.Eamdem

940 580 1030 602 autem
1053 581 1176 603 naturam
1205 576 1265 602 ais?
1291 577 1367 603 Oth.
1398 576 1536 604 Eamdcm.
1569 578 1663 605 Anam.
1696 579 1728 605 Et

939 622 1075 656 quomodo
1092 626 1181 656 potest
1204 621 1298 649 eadem
1316 630 1376 649 esse
1390 626 1500 653 natura,
1520 623 1542 650 si
1572 631 1642 650 unus
1667 625 1729 659 qui-

939 668 999 695 dem
1016 668 1112 703 gignit,
1134 669 1202 694 alter
1220 668 1360 703 gignitur?
1388 667 1465 695 Orth.
1482 668 1565 696 Pouis
1590 670 1729 697 nihilomi-

939 722 1001 745 nus,
1021 723 1103 741 unum
1120 714 1239 749 gignere,
1261 715 1376 742 alterum
1392 714 1487 750 gigni?
1515 714 1609 742 Anam.
1628 715 1726 744 Etiam.

939 761 1017 788 Orth.
1046 761 1075 787 Si
1092 769 1163 788 unus
1178 761 1273 796 gignit,
1289 761 1357 788 alter
1370 761 1491 795 gignitur
1507 770 1513 787 :
1533 762 1577 797 qui
1595 761 1681 796 gignit
1694 770 1728 789 ex

938 814 987 833 sua
1014 807 1100 841 ipsius
1117 811 1214 833 natura
1233 806 1318 841 gignit
1336 815 1343 833 :
1359 810 1385 833 et
1404 806 1449 841 qui
1466 807 1596 842 gignitur,
1612 815 1645 833 ex
1670 807 1729 843 gig-

100 850 141 876 ὅτι
158 850 190 875 ἐκ
204 850 253 884 τῆς
268 849 373 884 φύσεως
389 849 532 884 ἐγέννησεν
549 851 562 876 6
576 849 660 881 656;!
688 849 765 882 Ὀρθ.
782 848 884 874 Οὐκοῦν

937 851 1025 878 nentis
1054 855 1150 877 natura
1173 850 1302 885 gignitur.
1335 850 1428 878 Anam.
1459 851 1545 883 Absit,
1577 854 1606 878 ut
1627 851 1726 884 dicam,

98 895 150 921 οὐκ
161 895 315 929 ἐγέννησεν.
326 895 576 930 Ἀνόμ,Ἐγέννησε
592 895 704 928 κτίσας;
721 896 797 928 Ὀθρ.
812 894 887 930 Πρῶ-

99 947 145 964 τον
158 938 239 964 αὑτὸν
256 938 356 970 ἔκτισε,
371 939 416 965 καὶ
429 939 487 965 τότε
501 939 658 975 ἐγέννησεν
676 939 691 975 ἢ
714 938 789 971 πῶς;
804 939 886 966 Φανε-

98 983 220 1020 ρώτερόν
238 993 283 1019 μοι
308 985 378 1011 εἰπέ.
396 985 433 1010 Οὺ
457 984 510 1010 νοῶ
530 985 584 1021 γὰρ
608 985 634 1012 τί
659 986 741 1017 ἐστιν,
759 984 886 1020 ἐγέννησε

99 1030 206 1062 κτίσας.
227 1029 327 1064 Ἀνόμ.
346 1030 381 1056 Τὸ
394 1030 515 1066 γέννημα
527 1030 574 1057 τοῦ
602 1030 669 1057 Θεοῦ
684 1030 784 1066 κτίσμα
804 1030 884 1057 αὑτοῦ

98 1076 184 1107 ἐστιν,
210 1076 303 1112 ἐπειδὴ
326 1076 427 1108 ἁπλοῦς
442 1077 500 1102 ἐστι
524 1077 570 1103 καὶ
587 1076 746 1108 ἀσύνθετος*
768 1077 813 1103 καὶ
835 1076 884 1102 οὐκ

97 1121 189 1153 ἄλλοις
204 1123 294 1157 γεννᾷ,
313 1122 358 1148 καὶ
379 1122 467 1154 ἄλλοις
484 1122 578 1154 κτίζει,
596 1122 653 1148 ἀλλ’
668 1119 708 1154 οἷς
722 1122 813 1157 γεννᾷ,
824 1121 885 1147 τού-

96 1175 154 1198 τοις
169 1168 217 1194 καὶ
230 1167 326 1199 κτίζει.
337 1169 412 1201 Ὀρθ.
430 1169 462 1194 Et
476 1168 576 1200 ἁπλοῦς
591 1169 647 1194 ἐστι
662 1168 708 1200 uel.
727 1167 882 1200 ἀσύνθετος,

97 1212 124 1237 τί
138 1211 237 1246 λέγεις,
253 1210 292 1244 οἷς
300 1213 347 1239 καὶ
358 1210 415 1245 οἷς;
431 1213 514 1239 Ἔνθα
528 1212 582 1248 γὰρ
594 1213 633 1245 τὸ,
649 1210 688 1244 οἷς
704 1213 750 1239 καὶ
764 1210 815 1245 οἷς,
828 1212 886 1238 ἐκεῖ

97 1257 194 1285 πολλὰ.
209 1259 238 1285 Εἰ
253 1259 281 1285 δὲ
299 1259 454 1291 ἁσύνθετος,
469 1260 518 1286 οὐκ
531 1260 585 1295 ἄρα
598 1258 692 1285 πολλὰ.

941 893 1025 921 Deum
1037 901 1068 920 ex
1085 897 1182 919 natura
1202 893 1338 927 genuisse.
1358 892 1434 919 0rllz.
1449 892 1507 919 Non
1526 894 1608 927 igitur
1623 894 1726 927 genuit.

939 939 1034 965 Anam.
1061 937 1169 971 Genuil,
1185 945 1246 964 cum
1272 942 1402 964 creasset.
1431 937 1507 964 Orl/I.
1532 937 1637 971 Ergone
1652 939 1728 974 prius

936 984 1025 1019 ipsum
1041 984 1153 1015 creavit,
1178 987 1205 1010 ct
1238 983 1336 1010 deinde
1358 983 1460 1017 genuit,
1483 990 1516 1010 an
1548 984 1639 1018 aliquo
1659 992 1728 1019 quo-

935 1030 1006 1064 piam
1020 1029 1118 1056 modo?
1137 1028 1259 1063 Loquere
1275 1028 1413 1063 apertius:
1429 1027 1484 1056 Nec
1514 1029 1586 1055 enim
1607 1030 1728 1065 intelligo

935 1075 1000 1109 quid
1016 1074 1062 1104 sit,
1079 1073 1173 1108 genuit
1187 1080 1248 1100 cum
1264 1076 1396 1100 creasset.
1422 1073 1518 1099 Anam.
1545 1072 1623 1105 Quod
1641 1074 1728 1109 gigni-

935 1124 980 1148 tur
994 1128 1008 1147 a
1026 1119 1079 1147 Deo
1096 1123 1220 1146 creatura
1245 1123 1297 1149 est,
1325 1118 1453 1153 quoniam
1476 1119 1521 1145 ille
1541 1119 1656 1154 simplex
1673 1125 1726 1152 est.

934 1171 961 1194 et
989 1165 1196 1201 compositionis
1215 1171 1313 1198 expers
1338 1172 1344 1189 :
1366 1171 1415 1190 nec
1445 1164 1505 1191 aliis
1535 1164 1630 1200 gignit,
1666 1165 1727 1192 aliis

937 1216 1022 1243 creat,
1039 1211 1086 1238 sed
1102 1211 1200 1246 quibus
1220 1210 1316 1245 gignit,
1333 1209 1428 1236 iisdem
1446 1211 1527 1236 etiam
1544 1214 1629 1237 creat.
1649 1210 1726 1238 ΟνιΙι.

939 1256 968 1283 Si
983 1255 1097 1291 simplex
1117 1259 1159 1282 est
1180 1258 1206 1282 et
1229 1254 1436 1288 compositionis
1462 1261 1570 1289 expers,
1595 1263 1726 1290 quorsum

97 1305 179 1338 dicis,
205 1306 303 1341 quibus
319 1311 346 1334 et
372 1307 488 1342 quibus?
504 1305 555 1334 Ubi
569 1307 639 1334 enim
655 1309 695 1334 est
715 1305 791 1339 iUud,
811 1306 910 1341 quibus
930 1309 956 1332 ct
974 1304 1087 1340 quibus,
1105 1303 1141 1330 ibi
1155 1310 1263 1338 quoque
1278 1302 1362 1328 multa
1386 1306 1458 1329 sunt.
1477 1301 1505 1328 Si
1538 1310 1620 1337 porro
1650 1311 1727 1330 com-

97 1354 243 1389 positionis
270 1363 367 1389 expers
387 1359 429 1382 est
442 1354 523 1387 Deus,
551 1363 605 1381 non
627 1355 710 1390 igitur
729 1355 756 1381 in
772 1362 804 1381 eo
826 1359 891 1382 sunt
911 1353 1006 1381 multa.

133 1400 160 1427 4.
170 1400 331 1435 Ἀνόμοιος.
348 1401 404 1427 Οὐκ
415 1400 487 1427 ἔστιν
500 1399 545 1427 οὖν
561 1401 662 1432 ἁπλοῦς
677 1402 690 1428 ὁ
705 1401 787 1434 θεός;
802 1401 880 1435 Ὀρθ.

96 1446 170 1481 Ἐγὼ
180 1446 208 1472 δὲ
223 1447 268 1473 καὶ
282 1446 351 1482 ὑπὲρ
366 1446 395 1472 τὸ
411 1446 513 1474 ἁπλοῦν
528 1447 608 1481 λέγω.
633 1447 688 1473 Καὶ
702 1446 755 1482 γὰρ
770 1445 883 1480 ἅγγελος

95 1491 200 1523 ἁπλοῦς
218 1493 285 1519 ἐστι.
302 1492 348 1518 καὶ
364 1491 446 1528 ψυχὴ,
475 1492 521 1518 καὶ
538 1492 568 1518 τὸ
586 1491 660 1526 φᾶς’
679 1491 709 1517 οὐ
723 1491 777 1527 γὰρ
790 1492 822 1517 ὲκ
837 1499 883 1525 με-

98 1538 153 1573 ρῶν
207 1537 293 1572 μελῶν
315 1537 464 1572 σύγκειται.
483 1538 581 1571 ’Λα-ὀμ.
600 1538 630 1564 Εἰ
648 1537 736 1563 τοίνυν
751 1536 797 1562 καὶ
814 1536 882 1571 ὑπὲρ

97 1583 128 1610 τὺ
148 1582 250 1609 ἁπλοῦν
265 1584 348 1614 ἐστιν,
363 1580 402 1615 οἷς
418 1584 499 1619 γεννᾷ
516 1584 563 1610 καὶ
582 1583 686 1615 κτίζει;
704 1584 781 1617 Ὀρθ.
799 1582 883 1609 Πάλιν

97 1629 180 1663 λέγω,
197 1630 234 1665 μὴ
251 1629 323 1664 λέγε,
340 1627 380 1661 οἷς
394 1630 474 1665 γεννᾷ
489 1630 535 1656 καὶ
549 1629 649 1662 κτίζει·
670 1629 700 1655 τὸ
715 1629 768 1663 γὰρ
782 1628 883 1656 ἁπλοῦν

97 1673 138 1707 οἷς
156 1677 202 1702 καὶ
212 1673 251 1706 οἷς
266 1676 315 1702 οὐκ
326 1675 382 1710 ἔχει
391 1684 397 1690 ·
416 1675 504 1710 πολλῷ
517 1675 545 1702 δὲ
560 1676 644 1702 πλείω
653 1676 683 1702 τὸ
699 1676 768 1712 ὑπὲρ
782 1675 883 1702 ἁπλοῦν

94 1719 138 1753 οἷς
155 1721 201 1748 καὶ
224 1719 264 1753 οἷς
286 1721 335 1748 οὐκ
355 1721 421 1756 ἔχει.
439 1723 538 1756 Ἀνόμ.
559 1721 693 1753 Ὡσαύτως
709 1719 754 1748 οὖν
774 1722 855 1756 γεννᾷ
869 1722 883 1747 6

97 1767 175 1800 Θεὸς,
192 1767 237 1793 καὶ
251 1767 380 1798 ὡσαύτως
394 1767 494 1800 κτίζει;
510 1769 588 1801 Ὀρθ.
604 1767 651 1794 Οὔ.
665 1768 764 1802 Ἀνόμ.
779 1767 883 1794 Οὐκοῦν

98 1813 242 1846 σύνθετος
256 1813 334 1847 Ὀρθ.
350 1813 395 1849 Μὴ
405 1814 524 1847 γένοιτοι
544 1814 642 1848 Ἀνόμ.
656 1815 686 1840 Et
703 1814 790 1846 ἄλλοις
802 1815 883 1850 γεννᾷ

97 1861 145 1886 καὶ
165 1859 254 1891 ἄλλοις
280 1859 376 1891 κτίζει,
401 1859 526 1891 σύνθετός
543 1861 631 1892 ὲστινς
645 1860 722 1894 Ὀρθ.
741 1860 778 1886 Οὐ
801 1859 881 1894 λέγω,

96 1905 188 1936 ἄλλοις
201 1905 292 1940 γεννᾷ,
313 1905 359 1931 καὶ
383 1905 472 1936 ἄλλοις
490 1903 586 1936 κτίζει,
606 1904 674 1931 ἀλλὰ
690 1904 776 1936 ἄλλως
790 1905 881 1940 γεννᾷ,

97 1951 145 1978 καὶ
162 1950 248 1982 ἄλλως
263 1951 357 1983 κτίζει.
388 1952 487 1986 Ἀνόμ.
504 1951 566 1983 Πῶς
580 1952 670 1987 γεννᾷ,
689 1952 736 1978 καὶ
752 1952 810 1984 πῶς
823 1952 881 1979 κτε-

97 1995 138 2028 ζει
150 2003 156 2027 ;
169 1995 247 2029 Ὅρα.
272 1995 433 2022 ’Υποστάσει
451 1997 542 2031 γεννᾷ,
567 1997 614 2022 καὶ
628 1996 721 2032 ἐντολῇ
740 1997 835 2029 κτίζει.
849 1997 882 2023 Ἡ

96 2042 152 2077 γὰρ
177 2041 280 2075 ἐντολὴ,
305 2041 453 2076 σύνδρομον
476 2041 574 2076 ἔχουσα
598 2041 646 2077 τὴν
662 2042 789 2077 δύναμιν,
812 2050 882 2077 παρ-

97 2087 204 2123 ίστησιν
214 2087 228 2113 ὃ
238 2087 360 2122 βούλεται
376 2089 390 2113 ό
400 2087 600 2122 ἐντειλάμενος·
616 2087 762 2114 ὑποστάσει
775 2087 803 2113 δὲ
819 2095 881 2121 γεν-

95 2132 161 2164 νῶν,
186 2132 236 2158 οὐκ
252 2131 377 2166 ἀνέχεται
400 2131 519 2167 ἐντολὴν,
545 2132 588 2158 ἵνα
603 2132 685 2167 μηδὲν
701 2132 781 2166 μέσον
803 2129 881 2168 ᾖτοῦ

969 1398 997 1426 4.
1007 1398 1157 1424 Anomazus.
1166 1396 1264 1423 Annon
1280 1399 1321 1424 est
1334 1395 1417 1431 igitur
1426 1395 1495 1423 Deus
1510 1395 1642 1431 simplex?
1650 1395 1726 1424 0rlli.

934 1444 991 1472 lmo
1010 1445 1091 1472 etiam
1106 1443 1224 1478 amplius
1240 1450 1321 1478 quam
1334 1442 1486 1477 simplicem
1500 1450 1562 1470 esse
1576 1443 1630 1469 aio.
1650 1441 1719 1469 Nam

935 1495 961 1518 et
975 1491 1087 1526 angelus
1103 1489 1216 1524 simplex
1235 1492 1286 1519 est,
1312 1491 1339 1515 et
1361 1488 1461 1519 anima,
1482 1491 1509 1514 et
1527 1487 1583 1519 lux,
1609 1494 1669 1513 cum
1692 1495 1726 1514 ex

934 1538 1057 1573 partibus
1069 1540 1114 1562 aut
1128 1535 1257 1562 membris
1273 1542 1326 1561 non
1341 1537 1552 1568 componantur.
1566 1533 1661 1559 Anam.
1675 1532 1725 1559 lta-

933 1591 986 1619 que
1011 1583 1034 1610 si
1051 1582 1168 1617 amplius
1197 1581 1279 1617 410
1303 1587 1383 1615 quam
1413 1579 1527 1613 simplex
1546 1583 1599 1612 est,
1627 1578 1725 1613 quibus

933 1627 1028 1663 gignit,
1055 1625 1151 1653 iisdem
1173 1625 1256 1652 etiam
1273 1629 1357 1651 creat.
1392 1623 1470 1650 Orth.
1487 1623 1587 1650 lterum
1614 1630 1723 1654 moneo,

933 1680 967 1700 ne
992 1672 1086 1703 dicito,
1109 1670 1210 1706 quibus
1238 1669 1324 1705 gignit
1350 1669 1446 1697 iisdem
1471 1672 1497 1696 et
1526 1672 1601 1695 creat
1627 1677 1633 1695 :
1659 1675 1723 1694 nam

933 1717 1005 1753 quod
1021 1717 1135 1752 simplex
1159 1720 1212 1749 est,
1232 1723 1286 1743 non
1315 1715 1396 1742 habet
1423 1714 1524 1750 quibus
1551 1717 1577 1742 et
1603 1714 1722 1749 quibus:

932 1764 1018 1790 multo
1034 1767 1124 1790 autem
1151 1763 1232 1790 etiam
1249 1761 1335 1797 magis
1362 1761 1400 1792 id,
1426 1761 1498 1796 quod
1527 1767 1611 1796 supra
1635 1760 1723 1795 ipsam

933 1808 1135 1844 simplicitatem
1162 1811 1215 1840 est,
1242 1815 1297 1835 non
1315 1806 1434 1834 admittit
1464 1806 1543 1838 illud,
1563 1806 1663 1841 quibus
1695 1810 1723 1833 et

932 1856 1041 1890 quibus.
1064 1854 1159 1882 Anam.
1177 1853 1308 1881 Similiter
1322 1859 1388 1887 ergo
1408 1852 1494 1887 gignit
1511 1851 1592 1883 Deus,
1608 1855 1635 1878 et
1649 1851 1725 1878 sitni-

933 1901 995 1928 liter
1018 1904 1103 1928 creat.
1140 1899 1217 1927 Orth.
1246 1899 1435 1934 Nequaquam.
1462 1898 1556 1925 Anam.
1584 1896 1656 1932 Ergo
1682 1901 1724 1924 est

932 1946 1109 1980 compositus.
1141 1944 1218 1972 Orth.
1236 1945 1323 1971 Absit.
1350 1943 1448 1971 Anam.
1472 1943 1501 1970 Si
1517 1943 1578 1970 aliis
1593 1943 1678 1978 gignit
1697 1948 1722 1970 et

932 1993 993 2020 aliis
1008 1995 1093 2023 creat,
1115 1990 1283 2025 compositus
1299 1993 1350 2017 est.
1368 1989 1457 2016 'Orlh.
1485 1987 1544 2015 Non
1572 1987 1634 2014 dico
1660 1987 1722 2014 aliis

932 2038 1029 2073 gignit,
1046 2038 1107 2064 aliis
1121 2041 1214 2064 creat:
1236 2035 1284 2063 sed
1307 2035 1386 2062 aliter
1408 2034 1503 2069 gignit,
1533 2033 1611 2060 aliter
1635 2036 1719 2059 creat.

931 2086 1027 2111 Anam.
1048 2083 1189 2116 Quomodo
1214 2082 1301 2118 gignit
1320 2084 1347 2108 et
1370 2079 1505 2115 quomodo
1523 2078 1617 2106 creat?
1643 2077 1719 2105 Orlh.

932 2131 1076 2166 Hyposlasi
1089 2130 1184 2166 gignit,
1196 2133 1222 2157 et
1233 2129 1360 2156 mandato
1376 2132 1458 2154 creat.
1470 2125 1624 2152 Mandatum
1637 2124 1720 2156 enim,

96 2177 245 2212 γεννῶντος
268 2177 373 2212 Πατρὸς
387 2177 433 2204 καὶ
446 2177 493 2204 τοῦ
508 2178 675 2213 γεννωμένου
688 2177 763 2204 Υἱοῦ.
779 2178 878 2212 Ἀι-όμ.

937 2179 1111 2202 concurrente
1126 2177 1267 2209 potestate,
1284 2179 1402 2207 praascns
1417 2171 1487 2198 sistit
1504 2169 1576 2204 quod
1593 2168 1722 2195 mandan-

96 2223 143 2258 Μὴ
157 2223 241 2250 θέλων
261 2221 307 2250 οὖν
331 2223 492 2259 ἐγέννησεν;
511 2225 587 2258 ὀρθ.
607 2225 636 2250 '0
651 2223 788 2258 γεννηθεὶς
810 2221 883 2255 ζῶσα

96 2270 144 2297 τοῦ
158 2264 338 2304 γεννήσαντός
351 2270 423 2296 ἐστιν
437 2269 528 2301 εἰκὼν,
545 2270 593 2296 καὶ
606 2270 763 2306 ὑπερϐαίνει
776 2269 825 2304 τὴν
840 2269 883 2296 θέ-

97 2316 176 2351 λησιν
191 2317 206 2351 ἠ
219 2315 299 2343 εἰκὼν
309 2315 359 2350 τῆς
371 2315 554 2347 ὑποστάσεως.
571 2316 680 2351 Πρῶτον
694 2316 747 2351 γὰρ
761 2316 801 2341 δεῖ
814 2317 883 2353 νοεῖν

96 2362 148 2397 τὴν
164 2361 256 2388 εἰκόνα
270 2361 320 2395 τῆς
335 2361 517 2392 ὑποστάσεως,
528 2361 574 2387 καὶ
589 2361 649 2388 τότε
663 2360 692 2387 τὸ
705 2361 800 2392 θέλειν,
813 2360 829 2396 ἦ
846 2360 883 2395 μὴ

98 2407 197 2434 θέλειν.
213 2407 267 2441 Τῆς
289 2407 317 2433 δὲ
329 2406 502 2438 ὑποστάσεώς
517 2407 573 2432 ἐστι
587 2406 710 2441 γέννημα.
735 2406 781 2432 καὶ
803 2405 883 2432 εἰκὼν

98 2451 309 2486 ἀπαράλλακτος
325 2453 339 2478 6
354 2452 418 2484 Υἱός
431 2461 437 2466 ·
456 2451 509 2487 πρὸ
529 2451 576 2477 τοῦ
594 2451 742 2486 θελήματος
765 2451 820 2477 νόει
834 2449 884 2486 τὴν

97 2499 149 2533 τῆς
168 2497 342 2528 ὑποστάσεως
354 2498 455 2524 εἰκόνα.
465 2498 563 2532 Ἀνόμ.
577 2497 607 2523 Τί
618 2496 884 2531 ἐστιν;¹Υπερ6αίνει

85 2545 147 2581 Ῑτὴν
163 2543 271 2578 θέλησιν
283 2544 302 2579 ¹ἡ
314 2542 394 2570 εἰκών
404 2551 411 2575 ;
423 2543 501 2576 ὀρθ.
512 2543 572 2569 ’Ότι
583 2542 630 2578 τὴν
643 2542 746 2573 οὐσίαν,
763 2542 811 2568 καὶ
821 2542 884 2568 ἄνευ

97 2588 143 2614 τοῦ
161 2588 221 2614 τόδε
243 2588 340 2620 Θέλειν,
356 2587 449 2623 νοῆσαι
461 2587 542 2624 δύνῃ·
558 2587 621 2614 ἄνευ
633 2587 661 2613 δὲ
674 2586 776 2618 εἰκόνος
794 2587 824 2613 οὐ
842 2586 886 2613 δύ-

98 2643 140 2669 νῃ.
158 2634 190 2660 Ἦ
216 2633 269 2670 γὰρ
283 2633 390 2668 θέλησις
405 2634 451 2660 καὶ
464 2633 585 2669 ,ἄρχεται
610 2633 656 2659 καὶ
677 2632 791 2660 παύεται
802 2641 809 2648 ⁸
825 2633 842 2668 ἡ
858 2632 886 2659 δὲ

136 2712 158 2727 τι
181 2711 258 2738 Prov.
276 2718 340 2742 νιιι,
358 2710 402 2738 25.
441 2710 464 2725 "
485 2709 556 2737 Psal.
574 2717 639 2741 Clll,
657 2709 684 2737 4.
723 2709 746 2725 ⁷³
767 2708 834 2736 ibid.
854 2709 880 2736 5.

140 2789 195 2823 (Mi)
215 2787 366 2822 Palatinus,
385 2788 417 2814 ’Ὁ
432 2786 508 2821 τίθης
520 2785 548 2813 δὲ
562 2786 630 2817 ὅλως
660 2786 700 2813 ὅτι
715 2786 729 2812 ὁ
743 2785 802 2821 μέν.
816 2784 883 2820 Reg.

105 2824 186 2859 πειθῃ
199 2823 228 2850 δὲ
243 2823 321 2854 ὅλως.

936 2223 956 2249 ti
975 2223 1038 2250 libet
1055 2232 1062 2249 :
1077 2222 1100 2249 is
1123 2229 1187 2249 vero
1202 2220 1248 2256 qui
1262 2220 1347 2255 gignit
1370 2217 1521 2254 liypostasi,
1538 2224 1592 2243 non
1608 2224 1720 2250 exspes-

937 2272 975 2294 tat
998 2267 1166 2298 mandatum,
1196 2273 1230 2293 ne
1254 2264 1319 2300 quid
1341 2265 1459 2292 medium
1485 2261 1634 2290 intercedat
1650 2262 1721 2296 inter

935 2312 1088 2347 gignentem
1112 2310 1230 2340 Patrem.
1249 2313 1275 2336 et
1292 2308 1390 2335 Filium
1412 2307 1458 2343 qui
1473 2308 1601 2343 gignitur.
1623 2306 1719 2333 Anam.

935 2358 977 2385 An
1003 2357 1085 2392 igitur
1101 2356 1204 2383 invitus
1226 2354 1340 2389 genuit?
1373 2353 1450 2381 Οι-ιΙι.
1471 2353 1522 2385 Qui
1542 2352 1649 2387 genitus
1668 2356 1719 2388 est,

937 2402 996 2428 viva
1027 2405 1068 2428 est
1096 2400 1155 2434 ejus
1174 2401 1220 2434 qui
1248 2399 1341 2434 genuit
1362 2399 1464 2432 imago;
1499 2400 1526 2424 et
1553 2397 1719 2424 voluntatem

937 2446 1107 2474 transcendit
1121 2446 1210 2481 imago
1225 2445 1413 2480 hypostaseos.
1430 2443 1509 2470 Prius
1526 2442 1598 2470 enim
1614 2445 1720 2476 oportet

937 2494 1028 2521 animo
1051 2492 1196 2527 concipere
1213 2491 1357 2526 imaginem
1377 2490 1569 2525 liypostaseos,
1585 2493 1611 2515 ct
1626 2491 1719 2522 postea

937 2540 1005 2568 velle
1022 2543 1069 2566 aut
1091 2538 1174 2566 nolle.
1190 2537 1276 2565 Filius
1291 2540 1380 2564 autem
1402 2540 1445 2563 est
1461 2534 1570 2563 soboles
1590 2533 1720 2568 liyposta-

939 2592 1011 2619 seos,
1025 2588 1053 2612 et
1066 2585 1156 2619 imago
1168 2591 1283 2619 prorsus
1303 2582 1438 2610 invariata
1453 2591 1460 2608 :
1477 2585 1540 2607 ante
1554 2580 1719 2606 voluntatem

940 2632 1032 2660 animo
1045 2631 1160 2666 concipe
1172 2630 1318 2667 imaginem
1330 2629 1519 2665 hypostaseos.
1537 2626 1630 2653 Anam.
1649 2623 1720 2657 Quid

976 2784 1030 2820 (47)
1047 2783 1196 2815 Palatinus,
1209 2783 1241 2809 ἐκ
1255 2781 1304 2816 τῆς
1316 2781 1408 2816 αὐτῆς.
