1926 3067
227 124 297 155 ιιξδ

795 121 823 150 S.
844 117 1074 149 ATHANASIUS.
1095 133 1132 140 ν-
1148 117 1283 146 SPURIA.

1775 112 1788 139 1
1796 112 1848 138 121

229 188 273 211 est
300 182 365 210 illud
384 191 390 210 :
416 178 597 208 Transcendit
620 181 709 215 imago
728 179 916 207 vo.untatem?
937 177 1012 206 Orth.

1073 176 1145 204 ιῑκὼν
1159 176 1208 211 τῆς
1229 176 1321 206 οὐσίας
1345 173 1399 199 οὔτ’
1416 173 1537 209 ἄρχεται,
1557 170 1617 197 οὔτε
1643 169 1770 196 παύεται.
1791 170 1850 195 Καὶ

228 229 285 257 Hoc
300 229 372 260 dico,
386 227 515 263 quoniam
538 227 682 254 essentiam
700 226 843 260 concipere
856 229 946 252 mente
959 231 1009 259 po-

226 279 280 306 tes,
294 275 397 309 absque
411 281 444 300 eo
459 272 540 300 etiam
557 272 630 306 quod
644 271 695 298 hoc
710 271 774 298 velit
792 280 798 297 ;
815 270 919 304 absque
939 269 1009 296 ima-

226 321 291 356 gine
308 327 382 352 vero,
399 326 452 345 non
467 322 556 352 potes.
580 317 647 344 Nam
677 317 805 343 voluntas
820 319 847 342 et
865 314 961 349 incipit
983 318 1011 342 et

229 365 329 392 desinit
346 374 352 391 :
370 365 458 398 imago
475 371 540 390 vero
557 363 684 390 essentia!
696 369 747 389 nec
776 361 881 396 incipit,
897 368 948 388 nec
964 359 1012 387 de-

225 411 304 438 sinit.
324 409 376 437 Sed
391 415 418 437 et
431 410 512 436 aliter
531 409 583 436 hoc
599 409 703 443 accipe.
725 407 808 435 Estne
822 407 895 434 Deus
918 406 1013 433 volens

229 461 276 484 aut
297 457 392 484 nolens
407 455 586 483 immortalis?
611 455 705 482 Anam.
727 453 837 481 Volens.
858 453 934 480 Orth.
959 459 1014 479 non

229 503 312 537 igitur
325 502 484 528 immortalis
499 506 558 528 erat
572 506 716 536 antequam
728 507 789 528 esse
804 499 893 526 vellet.
918 499 1012 525 Anam.

229 546 270 574 Ab
287 551 387 575 aeterno
404 548 460 574 vult
475 555 535 574 esse
550 546 731 574 immortalis?
748 546 824 573 Orth.
840 545 872 571 Et
886 545 920 572 ab
934 550 1014 571 acter-

230 600 266 619 no
280 591 445 620 essePater.
464 591 540 618 Sicut
555 592 626 618 enim
649 591 742 618 dicere
765 598 820 617 non
837 594 926 624 potes,
942 588 1013 623 quod

1063 222 1148 253 ἄλλως
1158 231 1164 237 ·
1185 221 1275 248 Θέλων
1299 219 1373 246 ἐστὶν
1390 219 1531 248 ἀθάνατος,
1546 217 1562 250 ἢ
1576 216 1612 251 μὴ
1631 215 1730 247 θέλων;
1744 215 1850 250 Ἀνόμ.

1062 268 1162 294 Θέλων.
1183 267 1260 300 Ὀρθ.
1281 265 1338 300 ιΙρδ
1362 264 1409 290 τοῦ
1431 261 1477 289 οὖν
1505 261 1622 296 θελήσει,
1642 261 1692 286 οὐκ
1716 260 1770 295 ἄρα
1790 259 1851 294 (48)

1063 313 1204 343 ἀθάνατος.
1214 312 1313 345 Ἀνόμ.
1323 309 1427 340 Ἀἳδίως
1439 307 1509 334 θέλει
1523 305 1591 333 εἶναι
1603 305 1733 336 ἀθάνατος
1747 310 1754 336 ;
1767 304 1849 338 Ὀρθ.

1064 358 1120 385 Καὶ
1138 357 1230 388 άῖδίως
1244 357 1348 391 Πατήρ.
1364 355 1407 386 Ὠς
1419 354 1473 388 γὰρ
1484 353 1514 379 οὐ
1531 352 1596 388 δύνῃ
1623 352 1718 382 εἰπεῖν,
1740 351 1781 376 ὅτι
1811 349 1850 384 μὴ

1065 404 1151 430 θέλων
1180 403 1253 429 ἐστὶν
1274 401 1415 432 ἀθάνατος,
1434 399 1487 426 οὐδ’
1502 399 1542 426 ὅτι
1571 398 1608 433 μὴ
1634 396 1717 422 θέλων
1735 396 1850 430 Πατήρ⁸

1066 451 1114 477 καὶ
1137 449 1231 484 ὥσπερ
1257 449 1288 474 οὺ
1305 446 1462 482 προηγεῖται
1486 444 1535 479 τῆς
1561 443 1707 473 ἀθανασίας
1729 441 1849 476 θέλημα,

1066 495 1150 527 οὕτως
1159 494 1273 522 οὐδὲτοῦ
1286 493 1364 520 Υῐοῦ·
1375 492 1430 519 ἀλλ’
1442 491 1533 522 ἀῖδιως
1541 489 1615 516 ἐστὶν
1627 488 1690 519 Υἱὸς
1699 489 1730 514 ἐκ
1742 486 1850 521 Πατρδς

1066 541 1187 572 Θέλοντος
1200 539 1404 574 γεγεννημένος,
1422 536 1502 564 εἰκὼν
1519 534 1569 570 τῆς
1588 534 1760 564 ὑποστάσεως
1775 533 1850 559 άπα-

1068 587 1224 623 ράλλακτος.

230 639 332 666 invilus
356 638 392 665 sit
415 638 595 671 inunortalis;
625 638 672 668 ita.
690 645 723 664 ne
739 637 790 664 hoc
803 636 924 671 quidem,
939 634 1013 670 quod
1032 634 1135 661 invitus
1167 633 1203 661 sit
1219 632 1299 658 Pater
1316 640 1322 657 :
1343 634 1370 656 et
1399 633 1428 656 ut
1444 635 1494 656 nec
1510 625 1716 656 immortalitati,
1739 625 1776 651 ita
1798 631 1850 650 nec

231 685 299 713 Filio
317 686 392 720 prazit
410 685 544 716 voluntas,
565 685 612 712 sed
631 685 666 712 ab
689 689 792 712 mterno
809 687 850 711 est
875 682 960 711 Filius
978 690 1012 710 ex
1045 682 1153 710 volente
1170 681 1248 707 Patre
1283 678 1401 713 genitus,
1421 677 1598 712 hypostaseos
1622 673 1710 707 imago
1739 671 1849 705 penitus

231 733 374 759 invariata.

266 776 450 804 5.Αηοηιωω.
466 774 518 803 Ubi
535 779 667 810 scriptum
677 779 729 807 est,
739 774 837 803 Filium
851 775 1015 810 esseimagi-

1104 770 1131 797 5.
1146 769 1309 803 Ἀνόμοιος.
1330 766 1386 794 Ποῦ
1414 765 1576 801 γέγραπται.
1603 765 1653 799 τῆς
1674 763 1850 807 ὑποστάσεώς

229 829 293 848 nam
325 821 520 856 hypostaseos?
531 809 607 848 ονιΙι.
624 819 813 848 Characterem
829 809 1015 856 hypostuseos.

1073 816 1141 842 ἐστιν
1160 813 1239 840 εἰκὼν
1253 813 1268 839 ὸ
1287 812 1348 844 Υἱός
1361 821 1368 844 ;
1389 813 1463 845 Ὀρθ.
1479 811 1530 837 Τὸν
1546 809 1705 846 χαρακτῆρα
1717 809 1765 844 τῆς
1784 809 1851 835 ὐπο-

231 875 280 894 seu
300 875 310 892 ‹
328 866 440 901 ﬁguram
460 865 620 893 substantiae
634 865 658 881 ⁷⁸
673 874 683 891 ι
694 865 762 892 nihil
778 865 851 892 aliud
863 873 924 893 esse
939 865 1020 893 intel-

230 912 295 947 ligo,
328 919 409 947 quam
440 912 585 947 imaginem
618 911 797 947 hypostaseos
821 919 893 940 esse.
923 912 1019 939 Anam.

229 956 385 990 Enimvero.
415 965 504 985 annon
528 958 570 985 vir
587 965 697 993 quoque
715 957 844 985 scribitur
863 965 924 986 esse
952 958 1020 985 ima-

226 1011 265 1039 .go
291 1007 317 1031 et
345 1004 430 1039 gloria
451 1003 517 1030 Dei?
542 1003 619 1032 Orth.
635 1003 706 1031 Sane
720 1013 729 1030 :
749 1008 777 1030 at
799 1011 854 1031 non
879 1004 1020 1032 character

230 1049 418 1084 hypostaseos.
453 1049 534 1076 Aliud
572 1053 613 1076 est
640 1053 729 1076 autem
747 1069 754 1081 ,
793 1048 937 1083 imaginem
971 1048 1018 1076 Dei

230 1102 302 1126 esse,
322 1102 404 1130 quam
419 1102 481 1122 esse
504 1094 690 1121 characterem
714 1094 890 1128 hypostaseos
921 1093 1018 1128 ipsius.

231 1140 299 1167 Nam
314 1139 452 1174 opiﬁcium
472 1140 552 1166 habet
572 1139 680 1174 quidem
708 1139 852 1173 imaginem
882 1140 950 1166 artis
975 1139 1018 1166 sui

232 1185 354 1217 artiﬁcis,
373 1193 388 1212 a
404 1193 458 1220 quo
472 1185 597 1212 eﬁ'ectum
613 1189 664 1216 est.
683 1185 861 1220 hyp‘ostascos
877 1192 941 1212 vero
966 1185 1019 1211 mi-

231 1233 314 1259 nime.
341 1232 435 1258 Anam.
458 1231 555 1258 Nescio
570 1230 635 1266 quid
652 1231 738 1264 dicas,
763 1231 871 1265 planius
896 1231 1016 1265 loquere.

231 1276 311 1304 Orth.
331 1276 478 1303 Scamnum
496 1276 575 1303 habet
595 1276 742 1310 imaginem
762 1276 830 1303 artis
846 1275 916 1302 fabri
932 1285 939 1302 :
957 1283 1018 1302 nam

232 1322 257 1350 si
273 1328 413 1348 scamnum
432 1321 536 1353 videro,
560 1328 677 1356 agnosco
697 1329 712 1348 a
733 1321 926 1348 fabrefactum
941 1328 1017 1348 esse:

231 1373 261 1394 et
289 1367 311 1394 si
335 1367 486 1394 naviculam
510 1374 689 1402 conspexero,
712 1374 831 1402 agnosco
844 1375 905 1395 esse
920 1375 988 1402 opus
1004 1374 1020 1393 a

233 1412 397 1439 fabricatore
413 1412 522 1438 navium
540 1411 707 1443 confectum,
727 1412 800 1447 quod
817 1413 851 1439 sit
867 1413 954 1447 imago
975 1419 1020 1438 ar-

233 1457 316 1484 tiﬁcis
339 1461 365 1484 ct
382 1457 467 1492 gloria
496 1457 563 1484 artis
588 1457 662 1484 illius
683 1466 690 1484 :
711 1462 739 1484 at
763 1465 817 1484 non
842 1458 1020 1493 hypostascos

1070 862 1189 892 στάσεως
1203 859 1278 886 οὐδὲν
1296 858 1360 886 ἄλλο
1375 857 1427 884 νοῶ
1444 858 1460 892 ἢ
1475 857 1566 883 εἰκόνα
1584 854 1653 882 εἶναι
1668 855 1716 890 τῆς
1730 856 1851 882 ὑποστά-

1070 915 1149 938 σεως.
1164 905 1263 940 ’Δνόμ.
1283 905 1312 930 ὐ
1328 903 1381 939 γὰρ
1393 903 1462 938 ἀνὴρ
1475 903 1505 929 οὐ
1521 903 1674 937 γέγραπται
1698 900 1779 928 εἰκὼν
1802 900 1851 928 καὶ

1068 952 1131 985 δόξα
1149 951 1236 984 Θεοῦ;
1253 950 1330 984 ὀρθ.
1345 949 1414 976 Ἀλλ’
1425 949 1485 984 οὐχὶ
1502 948 1643 984 χαρακτὴρ
1667 948 1716 982 τῆς
1730 947 1850 974 ὑποστά-

1070 996 1236 1029 σεως.”Αλλο
1247 996 1274 1022 δέ
1288 997 1359 1022 ἐστιν
1373 995 1463 1021 εἰκόνα
1478 994 1544 1021 Θεοῦ
1564 992 1641 1024 εἶναι,
1658 993 1704 1020 καὶ
1719 992 1782 1019 ἄλλο
1802 1002 1851 1028 χα-

1070 1045 1195 1079 ρακτῆρα
1213 1043 1385 1073 ὑποστάσεως
1403 1041 1496 1068 αὐτοῦ.
1517 1040 1553 1067 Τὸ
1572 1040 1626 1076 γὰρ
1641 1040 1719 1075 ἔργον
1741 1039 1787 1066 τοῦ
1805 1040 1850 1074 ἐρ-

1069 1089 1223 1126 γασαμένου
1239 1090 1358 1125 τεχνίτου
1373 1088 1429 1124 ἔχει
1441 1088 1491 1123 τὴν
1501 1087 1592 1114 εἰκόνα
1607 1087 1656 1121 τῆς
1666 1086 1850 1122 ⁴τέχνης,οὺχὶ

1069 1137 1097 1164 δὲ
1114 1137 1163 1172 τῆς
1184 1137 1366 1167 ὑποστάσεως.
1380 1135 1479 1169 ’.Μ-ὀμ.
1501 1134 1532 1160 Τί
1549 1133 1636 1168 λέγεις
1653 1134 1702 1159 οὐκ
1714 1130 1789 1159 οἷδα”
1804 1141 1851 1159 σα-

1069 1183 1198 1218 φέστερον
1219 1182 1289 1208 εἰπέ.
1319 1181 1391 1215 Ὀρθ.
1411 1180 1465 1206 Τοῦ
1483 1180 1606 1211 τέκτονος
1630 1180 1659 1205 τὸ
1680 1179 1777 1214 βάθρον
1795 1178 1850 1213 ἔχει

1068 1229 1117 1265 τὴν
1144 1229 1235 1256 εἰκόνα
1252 1229 1300 1263 τῆς
1313 1228 1425 1264 τέχνης·
1449 1227 1496 1253 ἐὰν
1515 1227 1567 1262 γὰρ
1584 1226 1629 1252 ἱδω
1650 1226 1757 1261 βάθρον,
1781 1223 1849 1257 οἶδα,

1069 1275 1109 1302 ὅτι
1127 1274 1179 1301 ὑπὸ
1201 1275 1322 1306 τέκτονος
1343 1274 1462 1308 ἐγένετο·
1479 1272 1529 1300 κᾶν
1545 1272 1590 1298 ἴδω
1611 1272 1708 1303 πλοῖον,
1728 1269 1797 1302 οῖδα,
1811 1271 1850 1296 ὅτι

1069 1321 1121 1348 ὑπὸ
1140 1320 1279 1356 ναυπηγοῦ
1295 1321 1352 1346 ἐστι
1364 1321 1394 1346 τὸ
1413 1319 1501 1355 ἔργον,
1517 1318 1563 1345 τοῦ
1575 1318 1757 1354 ἐργασαμένου
1770 1315 1850 1343 εἰκὼν

1069 1367 1116 1394 καὶ
1132 1366 1194 1399 δόξα
1206 1368 1254 1402 τῆς
1269 1367 1364 1402 τέχνης
1374 1375 1380 1381 ·
1400 1366 1428 1392 οὺ
1443 1366 1495 1401 μὴν
1507 1365 1553 1392 καὶ
1568 1364 1708 1400 χαρακτὴρ
1722 1364 1770 1398 τῆς
1786 1364 1851 1390 ὑπο-

1071 1413 1199 1444 στάσεως.
1221 1412 1258 1438 Οὑ
1275 1411 1329 1446 γὰρ
1349 1411 1393 1437 τὸν
1415 1410 1574 1445 χαρακτῆρα
1592 1408 1638 1435 τοῦ
1666 1407 1850 1444 ἐργασαμένου

1070 1458 1126 1494 ἔχει
1142 1458 1172 1484 τδ
1187 1458 1284 1493 βάθρον
1297 1457 1352 1492 ἢτδ
1361 1456 1461 1482 πλοῖοψ
1474 1457 1488 1482 ὁ
1504 1456 1551 1490 μὲν
1563 1455 1616 1489 γάρ
1626 1456 1696 1480 ἐστιν
1711 1454 1852 1488 ἄνθρωπος
1890 1457 1893 1461 ’

234 1503 384 1529 character.
414 1502 467 1530 Nec
496 1503 566 1529 enim
587 1507 634 1530 aut
660 1511 803 1531 scamnum
819 1507 866 1530 aut
892 1504 1017 1531 navicula

1073 1505 1100 1539 τῇ
1112 1503 1306 1533 Cmam-dath
1321 1503 1348 1528 δὲ
1363 1502 1461 1537 βάθρον
1475 1502 1491 1535 ἢ
1513 1501 1543 1528 τὸ
1560 1500 1650 1527 πλοῖον
1661 1499 1701 1526 οὔ.
1717 1499 1795 1525 Οὕτω
1806 1499 1852 1524 καὶ

231 1548 315 1575 habet
333 1548 515 1575 characterem
535 1549 640 1584 opiﬁcis
667 1550 708 1577 sui
725 1559 731 1576 :
752 1558 813 1576 cum
840 1550 883 1577 hic
912 1549 1020 1584 quidem

236 1595 272 1621 sit
287 1594 367 1621 homo
385 1594 535 1629 hypostasi,
561 1603 702 1622 scamnum
719 1600 808 1622 autem
828 1595 869 1622 vel
898 1596 1022 1622 navicula

237 1647 291 1666 non
315 1641 389 1668 item.
407 1640 452 1666 Sic
468 1640 549 1666 ctiam
570 1640 651 1667 homo
668 1645 710 1668 est
722 1641 810 1676 imago
824 1645 851 1667 et
861 1641 946 1675 gloria
964 1641 1021 1674 Dei,

237 1687 283 1720 qui
299 1686 387 1720 ipsum
403 1685 536 1713 condidit.
555 1685 672 1718 Etenim,
701 1691 731 1713 ut
757 1687 795 1713 ait
820 1691 931 1714 sanctus
947 1687 1023 1714 Salo-

239 1739 304 1759 mon
321 1741 327 1758 :
349 1741 358 1756 ς
377 1730 554 1766 Proportione
569 1732 696 1766 quadam,
731 1732 843 1766 illarum
859 1739 948 1758 rerum
973 1740 1022 1758 λιιι-ι

239 1781 299 1803 ctor
319 1764 488 1810 conspicitur
508 1779 535 1803 et
549 1764 636 1811 gloria
650 1764 773 1808 aﬂicithr,
794 1784 826 1804 ex
849 1784 882 1804 eo
899 1777 970 1811 quod
985 1776 1024 1804 ef-

238 1820 342 1848 fectum
356 1825 398 1848 est
412 1829 418 1848 :
434 1821 457 1837 ⁷⁵
476 1831 485 1847 ι
506 1829 560 1848 non
575 1826 664 1848 tamen
681 1825 724 1849 est
739 1822 882 1849 character
897 1822 1024 1857 hyposta-

240 1873 303 1893 seos
316 1866 432 1901 opiﬁcis,
447 1866 494 1894 sed
516 1866 650 1893 duntaxat
665 1867 772 1894 virtutis
797 1868 857 1902 ejus
870 1867 1023 1895 eﬁectricis.

241 1912 276 1938 At
288 1909 375 1939 Filius
389 1916 432 1939 cst
451 1911 593 1939 character
611 1912 810 1948 hypostaticus.
829 1912 920 1947 lnquit
937 1913 1023 1940 enim:

244 1966 255 1982 ι
274 1956 326 1989 Qui
354 1957 423 1983 vidit
437 1965 491 1988 me,
520 1957 587 1984 vidit
607 1957 714 1984 Patrem
742 1966 831 1985 meum
851 1959 894 1986 7‘:
917 1969 927 1984 ι
947 1966 1026 1987 nemo

242 2010 318 2034 vero,
333 2002 405 2037 quod
430 2002 527 2029 viderit
543 2001 693 2035 hominem,
711 2003 814 2030 idcirco
827 2003 893 2030 vidit
907 2002 1025 2030 Patrem.

243 2047 338 2073 Anam.
355 2045 407 2074 Ubi
429 2047 561 2082 scriptum
577 2053 628 2080 est,
646 2047 744 2074 Filium
768 2055 829 2076 esse
843 2049 1027 2076 characterem

242 2092 445 2128 bypostaseos?
472 2093 548 2120 Orth.
576 2094 656 2128 Apud
675 2094 828 2128 apostolum
856 2093 970 2121 Paulum
998 2094 1027 2121 in

243 2137 364 2173 Epistula
382 2139 414 2165 ad
434 2137 573 2166 Hebraeos.
598 2140 693 2166 Anam.
710 2138 770 2166 Non
785 2139 915 2174 recipitur
928 2140 956 2167 in
977 2140 1028 2168 Ec-

246 2170 340 2210 clesia.
371 2181 450 2210 Orth.
465 2182 502 2209 le
519 2190 573 2217 quo
589 2183 780 2210 annuntiatum
800 2170 1028 2218 cst-Evangelium
1044 2170 1065 2197 θ

245 2228 358 2260 Christi,
382 2229 514 2256 creditum
534 2235 575 2256 est
590 2229 660 2256 hanc
680 2228 826 2263 Epistolam
849 2228 926 2255 Pauli
945 2236 1026 2256 esse:

245 2280 274 2303 et
290 2282 322 2302 ea
341 2279 546 2308 connumerata,
558 2282 652 2302 omnes
667 2273 792 2309 Epistolae
806 2274 883 2301 Pauli
898 2279 962 2302 sunt
978 2282 1029 2302 nu-

247 2328 323 2348 mero
350 2320 564 2354 quatuordecim.
591 2320 686 2346 Anam.
712 2319 841 2354 Legistin’
869 2319 896 2346 in
921 2319 1027 2347 caeteris

247 2366 375 2393 omnibus
403 2365 518 2400 proferri
539 2372 636 2392 nomen
661 2365 758 2399 ipsius,
784 2365 811 2392 in
825 2365 876 2392 hac
892 2372 957 2392 vero
972 2372 1027 2392 non

249 2412 336 2440 item?
366 2411 443 2439 Orth.
473 2411 540 2438 Cum
568 2411 690 2439 Hebr-teis
716 2410 857 2443 scriberet,
886 2412 934 2445 qui
959 2410 1032 2437 fama

249 2462 428 2492 acceperant,
458 2458 549 2492 ipsum
576 2457 701 2484 homines
729 2457 827 2484 dooere
853 2455 1030 2484 defectionem

249 2510 265 2529 a
290 2502 356 2536 lege,
371 2509 406 2528 ne
433 2502 518 2536 ipsius
538 2509 636 2528 nomen
653 2501 840 2532 abhorrentes,
857 2508 936 2529 aures
949 2500 1027 2536 411

250 2547 436 2578 occludcrent,
464 2551 604 2582 propterea
631 2555 646 2574 ιι
665 2547 792 2574 Pati-ibus
808 2547 845 2573 ita
866 2554 946 2574 orsus
967 2550 1030 2573 est:

253 2602 262 2618 ο
283 2593 455 2621 Multifariam
472 2593 619 2628 multisque
642 2594 728 2621 modis
745 2593 809 2620 olim
830 2592 901 2620 Deus
923 2593 1030 2620 locutus

251 2639 375 2674 patribus
401 2639 428 2666 in
451 2639 602 2674 prophetis,
631 2639 732 2666 ultimis
762 2639 836 2666 hisce
864 2638 960 2666 diebus
989 2639 1031 2665 lor-

287 2715 310 2732 "
326 2716 407 2744 Hebr.
426 2725 452 2750 ι,
469 2717 495 2744 5.
532 2718 554 2736 ’⁸
576 2715 638 2752 Sap.
657 2724 724 2748 xm,
741 2716 767 2744 5.
805 2716 828 2732 ⁸¹⁶
846 2714 914 2743 Joan
947 2723 1003 2748 XIV,
1020 2715 1047 2742 9.

253 2775 342 2845 ἄρξω)
357 2775 396 2803 Ita
413 2775 497 2804 Palat.
518 2780 545 2804 et
564 2771 655 2804 Felck.
673 2775 744 2804 Editi
761 2783 836 2808 vero,
858 2774 969 2810 θελήσαι
983 2771 1029 2802 οὖν

1070 1550 1084 1576 ὁ
1103 1550 1244 1583 ἄνθρωπος
1259 1548 1304 1575 τοῦ
1319 1547 1432 1582 θεμένου
1447 1547 1525 1574 αὑτὸν
1543 1547 1609 1573 Θεοῦ
1630 1546 1710 1573 εἰκὼν
1726 1547 1773 1572 καὶ
1790 1545 1852 1577 δόξα

1071 1595 1136 1621 ἐστὶ.
1147 1595 1201 1621 Καὶ
1214 1595 1267 1630 γὰρ
1284 1594 1353 1621 κατὰ
1365 1593 1410 1620 τὸν
1425 1594 1500 1627 ἆγιον
1515 1592 1657 1628 Σολομῶνα
1671 1592 1724 1626 (4η)
1737 1600 1741 1605 ’
1754 1600 1762 1616 ι
1775 1592 1852 1617 Ἀνα-

1071 1640 1178 1674 λόγωςὸ
1187 1639 1374 1675 γενεσιουργὸς
1393 1639 1481 1665 αὐτῶν
1501 1638 1640 1672 θεωρεῖται
1659 1636 1705 1663 καὶ
1715 1635 1853 1667 δοξάζεται

1072 1687 1104 1712 ἐκ
1122 1685 1168 1712 τοῦ
1188 1685 1345 1719 γεγονότων
1360 1694 1368 1710 ι
1385 1684 1414 1710 οὺ
1434 1684 1485 1719 μὴν
1502 1683 1642 1719 χαρακτήρ
1653 1683 1709 1708 ἐστι
1721 1682 1770 1715 τῆς
1790 1682 1854 1707 ὐπο-

1073 1731 1193 1761 στάσεως
1211 1731 1256 1757 τοῦ
1270 1730 1457 1765 πεποιηκότος,
1472 1730 1527 1756 ἀλλ’
1541 1729 1556 1764 ἦ
1568 1729 1620 1764 ἄρα
1638 1729 1687 1763 τῆς
1705 1728 1852 1762 ἐνεργείας.

1079 1778 1108 1803 ὐ
1124 1777 1152 1803 δὲ
1169 1777 1231 1808 Υἱὸς
1250 1776 1391 1812 χαρακτὴρ
1408 1775 1596 1806 ἐνυπόστατος.
1618 1775 1697 1808 Λέγει
1716 1774 1786 1808 γάρ·
1806 1773 1853 1798 (Ὀ

1074 1821 1202 1857 ἑωρακὼς
1218 1822 1267 1857 ἐμὲ
1283 1821 1388 1857 ἑώρακε
1406 1821 1451 1847 τὸν
1472 1820 1581 1856 Πατέρα
1601 1827 1668 1854 μου·
1685 1829 1694 1844 ι
1713 1819 1801 1850 οὐδεὶς
1814 1818 1852 1849 δὲ,

1074 1869 1202 1903 ἑωρακὼς
1224 1868 1375 1903 ἄνθρωπον,
1403 1864 1455 1893 εἶδε
1471 1867 1516 1892 τὸν
1529 1865 1647 1901 Πατέρα.
1674 1866 1774 1899 Ἀνόμ.
1799 1863 1852 1891 Ποῦ

1074 1913 1235 1948 γέγραπται,
1263 1913 1302 1939 ὅτι
1329 1913 1470 1947 χαρακτήρ
1498 1911 1554 1937 ἐστι
1578 1910 1627 1945 τῆς
1648 1909 1821 1941 ὑποστάσεως
1840 1910 1855 1935 ὑ

1075 1959 1152 1991 Υῐὸςς
1170 1959 1246 1993 Ὀρθ.
1265 1959 1342 1994 Παρὰ
1359 1958 1396 1992 τῷ
1413 1957 1552 1992 ἁποστόλῳ
1575 1956 1674 1991 Παύλῳ
1689 1956 1717 1982 ἐν
1738 1957 1771 1990 τῇ
1788 1955 1855 1990 πρὸς

1079 2003 1231 2039 Ἐὕραίους.
1246 2004 1345 2037 Ἀνόμ.
1361 2003 1417 2029 Οὐκ
1432 2001 1638 2037 ἐκκλησιάζεται
1648 2009 1655 2033 ;
1667 2002 1743 2035 ὀρθ.
1757 1996 1855 2034 Ἀφ’οὖ

1076 2048 1229 2084 κατηγγέλη
1242 2048 1271 2075 τὺ
1282 2048 1445 2083 Εὶαγγέλιον
1459 2047 1586 2083 Χριστοῦ,
1603 2047 1708 2074 Παύλου
1727 2044 1797 2072 εἶναι
1810 2053 1856 2072 πε-

1077 2094 1219 2121 πίστευται
1236 2095 1252 2129 ἡ
1273 2094 1399 2129 ἐπιστολή
1410 2103 1416 2110 ·
1436 2094 1482 2120 καὶ
1498 2094 1554 2129 μετ’
1575 2093 1660 2128 αὐτῆς
1670 2093 1737 2119 εἰσιν
1749 2093 1855 2118 ἐπιστο-

1078 2140 1122 2167 λαὶ
1135 2140 1162 2166 ιδ*
1175 2141 1202 2167 αἱ
1219 2141 1303 2167 πᾶσαι
1317 2140 1363 2166 τοῦ
1382 2139 1497 2167 Παύλου.
1512 2141 1610 2174 Ἀνόμ.
1619 2139 1761 2173 ’Λνέγνως,
1776 2138 1816 2164 ὅτι
1829 2138 1857 2163 ἐν

1081 2187 1130 2221 μὲν
1150 2185 1249 2217 πάσαις
1267 2186 1298 2212 τὺ
1314 2186 1397 2220 ὕνομα
1412 2184 1494 2212 αὑτοῦ
1509 2185 1665 2220 ἐμφέρεται,
1690 2184 1718 2210 ὲν
1732 2183 1760 2210 δέ
1773 2183 1857 2218 ταύτῃ

1078 2230 1108 2257 οὗ
1119 2239 1127 2263 ;
1139 2231 1217 2264 Ὀρθ.
1231 2231 1290 2256 Ὀτι
1303 2229 1437 2264 Ἑϐραίοις
1456 2229 1572 2265 ἔγραφεν
1583 2237 1589 2243 -
1604 2227 1674 2263 ἦσαν
1695 2227 1723 2253 δὲ
1739 2235 1859 2261 κατηχη-

1077 2275 1168 2307 θέντες
1183 2275 1246 2310 περὶ
1263 2275 1354 2306 αὐτοῦ,
1365 2275 1406 2301 ὅτι
1419 2275 1586 2301 ἀποστασίαν
1603 2273 1736 2300 διδάσκει·
1750 2272 1798 2298 καὶ
1815 2271 1857 2298 ῐνα

1079 2321 1128 2356 μὴ,
1158 2320 1340 2355 σειριάσαντες
1369 2319 1451 2346 αὐτοῦ
1475 2319 1505 2346 τὸ
1539 2319 1634 2354 ὄνομα,
1661 2318 1790 2346 κλείσωσι
1810 2317 1857 2352 τὴν

1077 2366 1176 2401 ἀκοήν*
1195 2365 1239 2392 διὰ
1254 2366 1332 2392 τοῦτο
1354 2365 1407 2392 ἀπὺ
1425 2365 1478 2392 τῶν
1496 2365 1618 2400 πατέρων
1631 2363 1741 2399 ἤρξατο,
1753 2363 1838 2396 λέγων
1849 2370 1856 2377 ·

1084 2421 1094 2438 ε
1113 2412 1276 2447 Πολυμερῶς
1290 2413 1337 2438 καὶ
1355 2411 1529 2446 πολυτρόπως
1542 2411 1624 2437 πάλαι
1638 2411 1652 2436 ὁ
1664 2410 1730 2441 Θεὸς
1743 2409 1858 2444 λαλήσας

1079 2460 1135 2490 τοῖς
1150 2458 1283 2493 πατράσιν
1298 2457 1375 2493 ἡμῶν
1391 2459 1419 2484 ἐν
1431 2458 1485 2489 τοῖς
1509 2457 1669 2492 προφήταις,
1689 2456 1731 2481 ἐπ’
1746 2456 1857 2496 ἐσχάτου

1080 2503 1134 2530 τῶν
1148 2503 1258 2538 ἡμερῶν
1270 2503 1398 2538 ἐλάλησεν
1414 2503 1479 2538 ἡμῖν
1493 2503 1520 2528 ἐν
1534 2501 1601 2536 Υῐῷ.
1617 2511 1625 2526 ι
1648 2501 1708 2527 Ὀτι
1733 2500 1762 2526 δὲ
1778 2499 1856 2526 αὑτοῦ

1080 2549 1184 2583 ἐστινὴ
1203 2549 1341 2583 ἐπιστολὴ,
1364 2547 1479 2582 φανερόν
1500 2547 1615 2574 ἐστικαὶ
1634 2547 1688 2572 ἀπὸ
1703 2545 1749 2572 τοῦ
1768 2545 1858 2575 τέλους

1080 2596 1129 2630 τῆς
1147 2595 1298 2630 ἐπιστολῆς.
1311 2595 1453 2630 Μέμνηται
1473 2594 1524 2629 γὰρ
1539 2595 1586 2620 καὶ
1602 2593 1742 2628 Τιμοθέου,
1758 2593 1858 2626 λέγων·

1086 2649 1095 2664 ι
1110 2639 1259 2666 Γινώσκετε
1278 2639 1324 2666 τὸν
1351 2638 1462 2673 ἀδελφὸν
1479 2638 1556 2674 ἡμῶν
1570 2638 1700 2673 Τιμόθεον
1729 2637 1858 2664 ἀπολελυ-

1119 2774 1174 2809 (49)
1192 2773 1277 2801 Palat.
1296 2773 1366 2800 κατὰ
1376 2773 1420 2799 τὸν
1434 2752 1509 2806 διγιον
1524 2771 1636 2798 Παῦλον.
