1926 3067
234 126 302 152 1127

823 123 850 150 S.
872 121 1101 150 ATHANASIUS.
1122 137 1157 142 —
1174 121 1311 149 'SPURIA.

1784 119 1859 147 “18

233 187 321 210 sortes
346 190 380 210 ex
406 182 613 217 participatione
640 180 760 216 Spiritus
786 182 885 208 sancti.
917 181 1011 207 Anam.

1074 181 1112 207 ut
1124 180 1153 206 τὸ
1167 180 1277 215 Πνεῦμα
1299 179 1373 210 θείας
1397 179 1454 205 ἐστὶ
1480 178 1602 212 φύσεω;;
1631 179 1707 211 Ὀρθ.
1729 177 1759 203 Et
1774 178 1859 212 ἡμεῖς

234 229 304 263 Ergo
321 232 347 255 ct
364 227 481 262 Spiritus
497 232 610 254 sanctus
625 233 667 254 est
683 228 782 254 divinae
798 227 924 254 natura“?
942 226 1018 254 Orth.

234 274 263 301 Si
289 283 320 301 ex
346 273 555 308 participatione
577 274 664 301 sancti
689 272 808 308 Spiritus
833 273 932 300 divinae
956 280 1022 300 cott-

233 324 323 348 sortes
338 324 442 346 natura!
460 327 572 350 sumus.
592 327 683 346 nonne
698 320 784 346 multo
808 319 894 354 magis
916 323 957 346 est
977 319 1019 345 di-

234 366 304 392 vinae
320 371 423 392 naturae
439 365 559 400 Spiritus
575 366 620 392 ille
631 385 638 395 .
663 365 709 400 qui
731 373 781 392 nos
802 365 952 400 participes
965 363 1021 391 eili-

234 411 399 438 ωιῖΑηοηι.
425 411 495 445 Ergo
511 416 537 438 et
562 410 694 445 Spiritutu
720 415 846 437 sanctum
871 410 941 437 dicis
961 417 1022 437 esse

230 455 333 482 divinae
347 456 474 483 naturae?
490 455 567 483 Ortlt.
588 455 647 482 Non
665 455 827 490 simpliciter
842 455 940 482 divinae
960 462 1022 482 esse

234 504 356 531 naturae,
371 500 418 527 sed
432 501 568 528 essentia.
585 500 659 527 Dixit
680 501 753 528 enim
776 500 834 532 ipse
846 499 946 527 Pater:
965 510 974 526 ι
991 500 1021 526 In

235 545 395 572 novissimis
411 545 509 572 diebus
525 545 661 572 eﬂundam
679 545 712 572 de
735 544 839 580 Spiritu
861 553 922 572 meo
939 552 1022 580 super

235 598 343 618 omnem
360 598 470 618 carnem
488 591 521 617 ⁸⁸.
540 601 550 617 ι
566 591 631 618 Item
649 590 736 618 Filius
754 600 760 617 :
777 601 786 616 ι
802 590 860 618 Non
881 591 953 618 enim
973 598 1021 618 vos

235 637 321 667 estis,
337 637 383 671 qui
401 637 560 672 loquimini.
579 637 626 664 sed
645 635 764 672 Spiritus
779 636 869 664 Patris
884 637 935 663 tnei
948 656 956 669 ,
974 636 1021 670 qui

238 682 357 716 loquitur
383 682 410 708 in
434 682 511 709 vobis
528 681 562 708 ⁸⁷.
581 691 590 707 ι
606 681 656 709 Job
677 689 786 716 quoque
808 682 930 709 divinum
953 682 1022 709 dixit

234 727 368 762 Spiritum
379 746 387 759 ,
404 735 466 754 cum
491 727 531 754 sic
554 728 711 762 loqueretur
726 735 733 752 :
749 737 758 751 ι
775 727 848 755 Vivit
870 727 1001 755 Dominus
1013 746 1021 759 ,

237 774 282 808 qui
300 773 337 800 ita
355 773 388 800 de
406 781 448 800 tne
463 773 614 806 judicavit,
629 779 655 800 et
671 772 863 807 Omnipotens,
879 772 960 807 412
975 773 1022 807 qui

234 818 416 845 amaritudine
439 817 527 844 affecit
552 817 670 844 animam
695 824 792 844 meam.
819 816 957 850 Siquidem
974 815 1023 842 do-

1070 227 1102 260 τῇ
1124 225 1249 260 κοινωνία
1270 224 1316 250 τοῦ
1336 225 1414 258 ἁγίου
1438 223 1594 258 Πνεῦματος
1611 223 1686 254 Θείας
1708 222 1790 257 ἐσμὲν
1806 221 1860 255 φύ-

1071 280 1148 302 σεως,
1166 271 1225 305 οὐχὶ
1237 271 1267 297 τὸ
1283 270 1393 304 Πνεῦμα
1407 270 1437 296 τὸ
1451 270 1637 305 παρεχόμενον
1653 270 1719 304 ἡμῖν
1732 269 1782 303 τὴν
1801 277 1862 294 κοι-

1070 317 1166 343 νωνίαν
1177 325 1183 348 ς
1193 317 1290 350 Ἄνόμ.
1305 316 1359 342 Καὶ
1370 316 1400 342 τὸ
1414 316 1524 350 Πνεῦμα
1539 314 1584 341 οὖν
1597 315 1685 348 λὲγεις
1698 314 1772 345 θείας
1785 311 1860 340 εἶναι

1070 362 1194 396 φύσεως
1217 363 1292 395 Ὀρθ.
1309 361 1366 396 Οὐχ
1380 361 1471 392 ἀπὶ-ὠς
1483 361 1557 392 θείας
1575 358 1643 386 εἶναι
1657 360 1773 394 φύσεως,
1788 359 1861 384 ἀλλὰ

1069 408 1120 442 τῆς
1141 407 1234 438 οὐσίας
1253 407 1320 441 (55).
1346 407 1430 437 Αὐτὸς
1453 406 1507 441 γὰρ
1530 404 1606 433 εἷπεν
1620 407 1634 432 ὁ
1650 406 1759 440 Πατήρ’
1776 413 1787 429 ι
1815 403 1861 430 Ἑν

1071 456 1129 486 ταῖς
1156 454 1282 488 ἐσχάταις
1308 453 1426 488 ἡμέραις
1448 452 1535 487 ἐκχεῶ
1563 453 1616 479 ἀπὸ
1635 452 1682 478 τοῦ
1698 451 1861 486 Πνεῦματός

1073 508 1123 535 μου
1142 499 1188 525 ἐπὶ
1205 499 1295 525 πᾶσαν
1319 499 1424 534 σάρκα·
1443 508 1452 523 t
1470 499 1484 524 ὁ
1504 498 1531 524 δὲ
1551 498 1630 529 Υἱός·
1651 508 1660 523 ι
1678 499 1714 524 Οὐ
1730 499 1783 533 γάρ
1796 499 1860 524 ἔστε

1071 543 1149 577 ὑμεῖς
1162 543 1187 568 οἱ
1202 542 1355 573 λαλοῦντες,
1372 542 1439 568 ἀλλὰ
1454 542 1483 568 τὸ
1500 542 1612 577 Πνεῦμα
1626 542 1672 569 τοῦ
1687 543 1793 577 Πατρός
1805 552 1858 578 μου

1071 587 1101 614 τὸ
1110 587 1205 614 λαλοῦν
1220 589 1248 614 ὲν
1262 589 1335 623 ὑμῖν.
1350 598 1358 613 t
1369 589 1447 614 Καὶὸ
1461 587 1521 614 Ἰὼϐ
1533 588 1602 615 θεῖον
1619 586 1677 616 εἷπε
1690 589 1720 614 τὸ
1732 589 1856 624 Πνεῦμα,

1071 633 1141 660 οὕτω
1155 634 1258 668 λέγων·
1280 643 1289 658 ι
1311 635 1347 669 Ζῇ
1366 633 1477 670 Κύριος,
1495 633 1524 665 ὃς
1535 633 1607 660 οὕτω
1621 642 1653 669 με
1670 635 1793 670 κέκρικε,
1809 636 1858 662 καὶ

1071 680 1085 706 ὁ
1099 679 1298 715 Παντοκράτωρ
1317 681 1332 706 ὁ
1346 679 1480 715 πικράνας
1503 688 1553 715 μου
1568 680 1617 715 τὴν
1638 680 1725 716 ψυχήν
1736 689 1742 695 ·
1760 681 1777 716 ἦ
1803 682 1858 716 μὴν

1071 725 1110 751 ἔτι
1124 725 1172 760 τῆς
1189 727 1271 760 πνοῆς
1289 734 1334 761 μοι
1350 726 1463 761 ἐνούσης
1483 726 1548 760 (56),
1563 726 1671 761 πνεῦμα
1690 726 1719 753 δὲ
1741 727 1812 754 θεῖον
1827 728 1860 754 τὸ

1071 772 1165 807 περιόν
1181 780 1225 807 μοι
1236 773 1265 799 ἐν
1282 773 1348 807 ῥισὶ,
1363 772 1400 807 μὴ
1411 772 1521 806 λαλήσει
1535 772 1565 798 τὺ
1576 772 1662 806 στόμα
1679 781 1730 807 μου
1741 772 1832 799 ἄδικα.
1845 782 1854 797 ι

1077 819 1166 854 νυρᾷς,
1185 818 1244 850 πῶς
1257 819 1305 854 τῆς
1319 819 1399 852 ἁγίας
1412 818 1525 854 Τριάδος
1541 819 1692 853 μέμνηται”
1714 827 1722 843 ι
1744 819 1781 852 Ζῇ
1798 818 1856 844 Κύ-

237 871 289 890 nec
303 867 346 890 est
362 863 452 890 adhuc
470 863 571 889 halitus
587 862 615 889 in
639 869 700 894 me,
723 867 749 889 et
775 861 894 896 Spiritus
915 861 1022 888 divinus

1075 873 1142 899 ριος,
1160 874 1168 889 ι
1186 863 1271 898 λέγων
1289 865 1333 891 τὸν
1346 865 1408 891 Υίόν
1417 873 1424 879 ·
1441 865 1496 895 καὶ,
1517 874 1526 890 ι
1537 865 1565 890 '0
1578 864 1775 900 Παντοκράτωρ
1785 865 1800 891 ὁ
1814 872 1859 890 πι-

234 913 362 944 superest
376 909 441 935 mihi
461 909 487 935 in
504 908 617 935 naribus
631 917 638 940 ;
659 915 691 934 os
707 915 797 934 meutn
822 914 875 933 non
894 907 1020 941 loquetur

235 955 340 988 iniusta
351 954 384 980 ⁸⁸.
399 964 406 977 ι
421 953 517 980 Viden‘
540 953 676 987 quomodo
690 951 834 978 Trinitatis
844 951 998 978 meminetit
1012 959 1019 983 ;

233 999 270 1026 de
283 998 351 1025 Filio
362 999 458 1025 dicens
469 1008 475 1024 2
489 1007 498 1023 ι
515 997 588 1024 Vivit
600 997 732 1024 Dominus
744 1006 751 1030 ;
765 1007 773 1022 ι
784 997 817 1024 de
827 995 923 1023 Patre:
936 1005 945 1021 ι
958 995 1022 1023 Οιιι-

234 1044 362 1079 nipotens
372 1063 379 1076 ,
398 1043 445 1078 qui
460 1042 642 1069 amaritudine
656 1042 745 1069 aﬂ‘ecit
760 1041 878 1068 animam
891 1048 978 1068 meatu
992 1050 1019 1067 τι

234 1089 271 1115 de
287 1088 391 1123 Spiritu
409 1091 522 1114 sancto:
539 1097 549 1112 ‹
561 1087 671 1114 divinus
687 1086 823 1121 Spiritus,
837 1086 882 1120 qui
897 1090 1022 1120 superest

239 1135 304 1161 mihi
321 1135 348 1160 in
364 1134 500 1160 naribus?
514 1142 523 1158 ι
540 1132 606 1159 Nam
624 1131 745 1167 Spiritus
770 1136 812 1159 est
834 1132 926 1159 suavis
955 1132 1023 1159 odor

234 1180 339 1206 "Christi
354 1183 399 1206 :et
413 1177 644 1213 quemadmodum
661 1185 694 1204 ex
710 1177 793 1204 odore
804 1177 883 1204 suavi
901 1185 1022 1212 unguen-

238 1230 299 1251 tum
318 1232 366 1259 per
381 1231 462 1250 nares
486 1223 636 1258 percipitur
649 1232 655 1249 :
673 1223 710 1249 ita
725 1227 752 1249 et
773 1222 900 1250 Christus
915 1231 947 1249 ex
960 1221 1023 1257 Spi—

237 1271 303 1297 ritu.
320 1279 328 1294 ¢
340 1269 424 1296 Nemo
439 1270 511 1296 enim
536 1273 625 1302 potest
640 1268 732 1295 dicere
755 1267 895 1295 Christum
909 1267 1002 1295 Jesum
1012 1287 1020 1300 ,

238 1316 290 1342 r.isi
308 1316 335 1342 in
351 1315 453 1350 Spiritu
470 1319 566 1342 sancto
582 1314 615 1340 ⁸³.
633 1324 641 1340 ι
659 1313 691 1340 Et
712 1314 837 1348 Apostoli
864 1314 975 1341 fuerunt
990 1321 1021 1340 ac

238 1365 304 1388 sunt
319 1361 406 1388 bonus
425 1360 527 1388 Christi
550 1359 630 1391 odor,
652 1361 783 1394 quoniam
799 1359 918 1395 Spiritus
935 1361 1022 1388 sancti

237 1409 338 1443 templa
366 1413 439 1435 sunt.
466 1407 537 1435 Dicit
561 1408 634 1435 enim
658 1407 781 1435 Paulus:
798 1408 863 1435 «An
888 1408 1021 1440 nescitis,

1072 909 1174 943 κράνας
1192 918 1243 943 μου
1257 910 1306 945 τὴν
1318 909 1416 945 ψυχὴν,
1438 919 1446 935 ι
1467 910 1513 936 τὸν
1527 910 1636 945 Πατέρα
1647 918 1653 923 ”
1675 919 1683 935 ι
1701 910 1815 944 Πνεῦμα
1830 910 1859 936 δὲ

1074 953 1145 980 θεῖον
1159 954 1189 980 τὸ
1203 955 1295 990 περιόν
1311 964 1356 990 μοι
1369 957 1398 981 ὲν
1414 955 1480 990 ῥισὶ,
1500 965 1508 980 t
1528 955 1556 981 τὸ
1568 954 1680 990 Πνεῦμα
1707 956 1737 981 τὸ
1769 955 1858 989 ἅγιον.

1074 1000 1192 1035 Χριστοῦ
1209 1000 1263 1036 γάρ
1285 1001 1357 1027 ἐστιν
1377 1001 1474 1027 εὐωδία
1491 1001 1521 1027 τὸ
1546 1001 1673 1036 Πνεῦμα·
1700 1001 1747 1028 καὶ
1763 1000 1859 1036 ὥσπερ

1075 1046 1108 1071 ἐκ
1119 1045 1169 1080 τῆς
1185 1045 1296 1077 εὐωδίας
1310 1046 1353 1071 διὰ
1370 1045 1422 1072 τῶν
1445 1045 1525 1082 ῥινῶν
1539 1046 1569 1072 τὸ
1586 1045 1669 1081 μύρον
1683 1045 1858 1080 γινώσκεται,

1073 1091 1159 1123 οὓτως
1175 1092 1222 1118 καὶ
1237 1092 1270 1118 ὲκ
1283 1091 1329 1118 τοῦ
1345 1091 1500 1126 Πνεῦματος
1517 1092 1642 1127 Χριστός.
1660 1102 1669 1117 ι
1689 1092 1784 1123 Οὐδεὶς
1805 1092 1859 1127 γὰρ

1073 1136 1182 1163 δύναται
1208 1138 1294 1163 εἰπεῖν
1318 1137 1419 1172 Κύριον
1444 1137 1548 1172 Ἰησοῦν
1568 1138 1648 1173 εἰμὴ
1665 1139 1693 1164 ὲν
1718 1138 1859 1173 Πνεύματι

1074 1182 1153 1216 ἁγίῳ.
1172 1191 1181 1207 r
1199 1182 1254 1208 Καὶ
1267 1183 1291 1208 οἱ
1308 1182 1451 1209 ἀπόστολοι
1471 1183 1588 1218 Χριστοῦ
1607 1183 1705 1210 εὐωδία
1716 1181 1796 1218 ἦσαν,
1813 1184 1860 1210 καὶ

1074 1227 1158 1252 εἰσιν·
1176 1227 1269 1262 ἐπειδὴ
1295 1228 1341 1254 καὶ
1364 1229 1422 1254 ναοὶ
1437 1228 1482 1254 τοῦ
1506 1228 1660 1264 Πνεύματός
1686 1229 1748 1254 εἰσι.
1775 1229 1858 1262 Λέγει

1077 1273 1132 1308 γὰρ
1149 1273 1271 1304 Παῦλος·
1290 1283 1299 1298 ι
1329 1274 1385 1300 Οὐκ
1406 1273 1503 1307 οἴδατε,
1522 1275 1563 1300 ὅτι
1585 1274 1619 1300 τὰ
1648 1273 1761 1309 σώματα
1780 1274 1858 1309 ὑμῶν

1075 1319 1138 1349 ναὸς
1160 1318 1208 1344 τοῦ
1225 1321 1253 1345 ὲν
1273 1320 1336 1354 ὑμῖν
1352 1320 1430 1354 ἁγίου
1455 1320 1611 1355 Πνεύματὸς
1631 1321 1714 1351 ἐστιν,
1730 1317 1760 1347 οὗ
1782 1320 1858 1355 ἔχετε

1075 1364 1128 1391 ἀπὸ
1150 1364 1227 1395 Θεοῦ,
1248 1365 1294 1391 καὶ
1319 1365 1369 1391 οῦκ
1393 1366 1454 1392 ἐστὲ
1480 1366 1594 1393 ἑαυτῶν.
1618 1365 1750 1398 Δοξάσατε
1767 1365 1800 1401 δὴ
1814 1365 1858 1392 τὸν

1076 1410 1142 1436 Θεὸν
1156 1411 1184 1436 ὲν
1198 1410 1237 1446 τῷ
1252 1410 1358 1446 σώματι
1374 1411 1459 1446 ὑμῶν.
1481 1421 1489 1437 ι

237 1455 302 1489 quia
317 1461 431 1489 corpora
447 1458 535 1481 vestra
553 1455 682 1489 templum
698 1458 762 1481 sunt
778 1453 898 1488 Spiritus
912 1455 1016 1488 sancti,
1036 1456 1082 1491 qui
1098 1457 1124 1483 in
1139 1457 1217 1484 vobis
1231 1461 1274 1484 est.
1284 1477 1291 1488 .
1304 1465 1385 1492 quem
1400 1457 1506 1485 habetis
1521 1465 1535 1484 ιι
1551 1457 1605 1485 Deo
1618 1466 1625 1491 ;
1656 1461 1684 1485 et
1712 1464 1768 1484 non
1792 1455 1859 1484 estil

237 1501 339 1528 vestri?
350 1500 432 1527 Deum
444 1500 525 1534 igitur
537 1500 563 1527 in
575 1508 690 1535 corpore
703 1504 791 1528 vestrt
805 1501 955 1535 gloriticate
965 1501 1014 1528 ".1

272 1546 299 1573 8.
309 1545 459 1572 Anomwus.
470 1544 498 1571 Si
507 1545 584 1572 aliter
596 1550 670 1572 creat
686 1544 772 1577 Deus,
788 1550 816 1572 et
834 1546 913 1573 aliter
926 1545 1021 1580 gignit,
1037 1547 1057 1576 C

235 1591 409 1626 compositus
425 1591 489 1621 est?
507 1590 584 1618 Ortlt.
609 1591 785 1625 Compositus
800 1599 856 1619 non
870 1597 912 1619 est
929 1592 937 1627 (
951 1592 1021 1619 absit

238 1637 311 1664 enim
325 1641 355 1663 ut
369 1636 421 1663 hoc
436 1636 524 1663 dicam
538 1636 558 1672 ),
573 1636 619 1664 sed
633 1636 776 1671 ltypostasi
793 1637 903 1672 quidem
919 1638 1021 1672 gignit,

238 1683 369 1710 mandato
383 1691 447 1710 vero
462 1687 548 1710 creat.
564 1682 642 1716 Quod
660 1684 682 1710 si
699 1684 735 1710 ita
756 1684 842 1719 gignit
853 1705 860 1716 ,
885 1689 915 1711 ut
929 1689 1020 1718 creat,

236 1728 312 1763 quod
340 1728 374 1754 ab
400 1735 433 1755 eo
459 1733 581 1755 creatqu
603 1733 664 1760 est,
689 1729 722 1756 ab
745 1729 804 1764 ipso
828 1733 871 1756 est
890 1731 1021 1764 genitum.

238 1775 333 1801 Anam.
353 1773 424 1801 Sane
438 1774 558 1808 quidem.
574 1773 652 1801 Orth.
667 1774 768 1801 Canem
786 1779 879 1802 autem
896 1777 999 1802 ereavit.
1014 1785 1021 1804 ε

238 1821 311 1847 aude
335 1820 416 1855 igitur
441 1820 553 1851 dicere,
581 1828 677 1847 canem
703 1824 750 1847 aut
779 1821 852 1848 aliud
883 1822 1021 1856 quidpiam

236 1870 360 1893 creatum
371 1885 379 1896 ,
393 1873 454 1892 esse
468 1865 588 1899 genitum
603 1873 636 1892 ex
650 1870 738 1893 utero.
755 1866 821 1893 Nam
837 1867 898 1894 dico
914 1867 1022 1902 quidem

236 1920 305 1947 ego,
319 1911 391 1946 quod
407 1911 477 1938 Deus
491 1919 586 1938 canem
606 1917 634 1939 et
653 1913 734 1939 bruta
758 1913 848 1940 omnia
861 1933 867 1944 .
889 1921 952 1940 eutn
971 1921 1023 1940 eae-

238 1958 307 1985 teris
331 1957 458 1984 omnibus
483 1957 564 1984 rebus
589 1958 739 1985 creavorit:
765 1958 810 1985 die
833 1963 858 1986 et
881 1964 925 1991 tu,
949 1959 1022 1993 quod

238 2004 321 2029 etiam
344 2011 377 2030 ex
401 2007 479 2030 utero
499 2010 531 2029 ea
555 2003 696 2037 genuerit.
724 2004 747 2030 si
771 2004 880 2038 quidem
897 2004 1023 2032 similiter

237 2052 314 2075 creat
330 2053 356 2075 et
374 2048 469 2083 gignit.
493 2048 589 2075 Anam.
611 2048 698 2076 Aliter
713 2049 795 2084 igitur
810 2054 886 2077 creat
902 2054 930 2077 et
944 2051 1024 2078 aliter

238 2093 344 2128 gignit?
361 2091 435 2120 Ortlt.
455 2093 538 2120 Sane.
562 2094 655 2119 Anam.
674 2092 769 2121 Nonne
783 2098 826 2121 est
846 2095 1024 2128 compositio-

238 2140 284 2166 nis
299 2139 417 2174 expers?
443 2138 519 2166 Orlh.
546 2138 657 2166 Minime
685 2139 742 2166 dixi
769 2146 822 2166 non
838 2147 899 2167 esse
914 2148 1024 2175 compo—

241 2185 350 2212 sitionis
366 2190 505 2219 expertem
517 2206 524 2215 ,
539 2185 595 2211 imo
611 2185 692 2212 etiam
707 2188 749 2212 est
764 2185 867 2220 aliquid
884 2187 1001 2221 amplius
1013 2207 1021 2218 ,

1109 1543 1135 1570 8.
1163 1544 1323 1578 Ἀνόμοιος.
1340 1545 1370 1571 Εἰ
1385 1545 1470 1576 ἄλλως
1486 1546 1571 1578 κτίζει
1584 1547 1597 1572 ὁ
1613 1546 1689 1579 Θεὸς,
1706 1554 1754 1574 και
1772 1549 1856 1580 Em;

1073 1590 1165 1624 γεννᾷ,
1179 1590 1304 1622 σύνθετός
1318 1592 1409 1624 ἐστιν;
1431 1592 1505 1627 Ὀρθ.
1520 1592 1650 1625 Σύνθετος
1663 1594 1711 1628 μὲν
1722 1594 1771 1621 οὐκ
1782 1595 1839 1621 ἑστι
1849 1604 1855 1610 ·

1073 1635 1111 1670 μὴ
1129 1635 1182 1671 γὰρ
1193 1636 1297 1669 γένοιτό
1315 1645 1359 1671 μοι
1376 1638 1480 1664 εἰπεῖνί
1500 1639 1646 1665 ὑποστάσει
1658 1639 1686 1666 δὲ
1701 1641 1792 1675 γεννᾷ,
1811 1641 1855 1667 καὶ

1072 1681 1165 1716 ἐντολῇ
1188 1681 1283 1714 κτίζει.
1309 1683 1340 1708 Et
1363 1682 1391 1709 δὲ
1416 1682 1454 1714 ὡς
1477 1683 1574 1716 κτίζει,
1599 1683 1684 1716 οὕτως
1699 1685 1746 1711 καὶ
1764 1688 1856 1721 γεννᾷ,

1071 1726 1102 1752 τὸ
1119 1726 1221 1762 κτίσμα
1236 1727 1317 1754 αὑτοῦ
1335 1728 1456 1764 γέννημα
1473 1729 1554 1756 αὑτοῦ
1577 1730 1659 1757 ἐστιν.
1686 1731 1783 1765 Ἀνόμ.
1804 1732 1856 1758 Καὶ

1073 1771 1153 1798 πάνυ.
1174 1772 1249 1806 Ὀρο.
1266 1773 1376 1799 Ἕκτισε
1392 1773 1421 1800 δὲ
1441 1774 1486 1800 τὸν
1502 1774 1570 1801 κύνα
1581 1783 1589 1791 ⁸
1613 1775 1748 1811 τόλμησον
1770 1777 1857 1803 εἰπεῖν

1071 1817 1116 1844 τὸν
1131 1817 1198 1844 κύνα
1214 1819 1247 1844 ἐκ
1263 1819 1379 1854 γαστρὸς
1393 1819 1582 1854 γεγεννῆσθαι,
1604 1821 1651 1847 καὶ
1673 1821 1736 1848 ἄλλο
1760 1830 1786 1848 τι
1802 1822 1856 1848 τῶν

1073 1864 1240 1899 κτισμάτων.
1269 1864 1339 1898 Ἐγὼ
1359 1865 1413 1900 γὰρ
1428 1865 1510 1899 λέγω,
1534 1867 1574 1893 ὅτι
1591 1867 1637 1893 καὶ
1660 1867 1704 1894 τὸν
1719 1868 1788 1895 κύνα
1811 1869 1856 1895 καὶ

1072 1910 1161 1936 πάντα
1176 1910 1211 1937 τὰ
1227 1910 1310 1944 ἄλογα
1330 1910 1398 1944 μετὰ
1413 1912 1460 1938 καὶ
1474 1912 1563 1948 πάσης
1577 1913 1624 1947 τῆς
1638 1913 1721 1949 ἄλλης
1743 1914 1855 1946 κτίσεως

1073 1957 1178 1984 ἔκτισεν
1191 1957 1205 1982 ὁ
1220 1957 1284 1988 Θεός
1294 1965 1300 1971 ·
1317 1956 1383 1982 Εἰπὲ
1398 1957 1444 1983 καὶ
1459 1957 1549 1990 αὐτὸς,
1561 1959 1601 1985 ὅτι
1622 1960 1670 1985 καὶ
1691 1960 1724 1986 ὲκ
1740 1961 1856 1995 γαστρὸς

1073 2002 1141 2029 αὐτὰ
1162 2002 1316 2036 ἐγέννησεν,
1335 2003 1412 2038 εἴπερ
1434 2002 1564 2035 ὡσαύτως
1586 2005 1671 2037 κτίζει
1698 2005 1744 2032 καὶ
1765 2007 1854 2041 γεννᾷ.

1079 2048 1177 2081 Ἀνόμ.
1197 2047 1301 2078 Ἄλλως
1318 2045 1363 2074 οῦν
1380 2048 1475 2080 κτίζει,
1494 2050 1540 2076 καὶ
1554 2050 1640 2081 ἄλλως
1656 2052 1754 2086 γεννᾷς
1780 2053 1854 2086 Ὀρθ.

1073 2093 1128 2120 Καὶ
1144 2092 1224 2119 πάνυ.
1243 2092 1342 2127 Ἀνόμ.
1361 2093 1418 2119 Οὐκ
1430 2093 1502 2120 ἔστιν
1516 2094 1677 2128 ἀσύνθετος;
1701 2096 1778 2130 ’Op0.
1801 2098 1857 2124 Οὐκ

1074 2140 1159 2173 εἷπον,
1180 2143 1230 2169 οὐκ
1253 2142 1326 2169 ἔστιν
1347 2142 1491 2174 domet-:10;
1509 2143 1574 2177 (57),
1590 2142 1657 2169 ἀλλὰ
1673 2143 1719 2169 καὶ
1739 2143 1808 2178 ὑπὲρ
1828 2144 1857 2170 τὸ

1073 2188 1218 2215 ἁσυνυετόν
1234 2189 1306 2214 ἐστιν
1318 2197 1324 2202 ·
1341 2187 1427 2219 ἄλλως
1441 2187 1470 2214 δὲ
1486 2189 1569 2222 γεννᾷ
1584 2188 1632 2214 καὶ⁸
1657 2188 1743 2219 ἄλλως
1761 2188 1853 2220 κτίζει.

240 2237 322 2264 quatit
348 2229 558 2263 compositionis
581 2236 700 2263 expers,
722 2229 771 2256 sed
791 2229 871 2257 aliter
891 2230 978 2264 gignit
998 2236 1022 2258 ct

1081 2234 1178 2268 Ἀνόμ.
1204 2233 1266 2265 Πῶς
1280 2231 1334 2260 οἷόν
1356 2242 1404 2266 Is;
1430 2220 1506 2267 Ὀρθ.
1588 2233 1677 2265 νοῦςὸ
1701 2235 1729 2260 ἐν
1751 2236 1828 2269 ἡμῖν,
1843 2236 1856 2261 ὁ

240 2275 319 2301 aliter
334 2278 417 2300 creat.
433 2274 527 2300 Anam.
543 2273 686 2306 Quomodo
704 2273 729 2300 id
746 2274 803 2300 tieri
821 2275 931 2308 potest?
947 2274 1022 2302 Orth.

241 2319 318 2346 Mens
334 2319 412 2346 nobis
426 2319 507 2345 insita
517 2339 524 2350 ,
540 2327 600 2353 qum.
612 2319 645 2346 ad
660 2320 802 2354 imaginem
819 2319 865 2346 Dei
880 2319 950 2346 facta
966 2326 1007 2348 est
1017 2341 1024 2354 ,

241 2373 331 2392 tmtme
353 2368 394 2391 est
415 2364 622 2399 compositionis
644 2365 764 2399 expers?
787 2370 814 2392 et
835 2370 926 2393 tamen
947 2367 1028 2394 aliter

239 2411 327 2446 gignit
350 2417 519 2439 sermonem.
537 2410 616 2436 aliter
637 2414 727 2437 autem
751 2411 862 2443 condit,
878 2419 938 2446 quae
958 2420 1024 2439 con-

241 2456 290 2483 dit.
306 2456 398 2482 Anom.
420 2454 472 2487 Qui
488 2455 568 2482 aliter
583 2455 670 2489 gignit
685 2459 712 2483 et
729 2456 808 2482 aliter
822 2457 936 2483 condit?
951 2462 1024 2484 certe

237 2501 340 2537 quibus
352 2501 445 2527 condit
466 2509 542 2528 mens
555 2521 562 2532 ,
582 2502 664 2527 etiam
688 2501 784 2536 gignit.
809 2502 887 2530 Ort/t.
910 2501 1022 2530 Falsum

240 2555 356 2574 narras:
372 2547 458 2581 gignit
477 2547 548 2574 enitn
565 2555 597 2574 ex
615 2555 644 2575 se
664 2555 833 2580 sermonem,
858 2549 951 2576 condit
972 2557 1023 2576 au-

238 2597 294 2619 tent
319 2600 351 2619 ex
377 2593 489 2619 materia
512 2591 639 2624 domum,
667 2594 776 2625 navim,
804 2598 830 2620 ct
853 2603 1023 2630 quacunque

1075 2280 1134 2306 κατ’
1151 2280 1242 2306 εἰκόνα
1255 2280 1302 2306 τοῦ
1317 2280 1384 2306 Θεοῦ
1400 2280 1529 2314 γεγονὼς,
1543 2281 1592 2306 οὐκ
1609 2281 1682 2306 ἔστιν
1695 2281 1854 2313 ἀάύνθετο;;

1076 2326 1122 2352 καὶ
1138 2325 1222 2356 ἄλλως
1235 2327 1316 2361 γεννᾷ
1331 2325 1419 2360 λόγον,
1441 2327 1487 2354 καὶ
1501 2326 1586 2357 ἄλλως
1601 2326 1698 2358 κτίζει,
1722 2327 1739 2353 ἃ
1759 2328 1854 2359 κτίζει.

1082 2372 1179 2405 ’Λνόμ.
1193 2372 1255 2403 Πῶς
1266 2371 1353 2404 ἄλλως
1366 2373 1447 2408 γεννᾷ
1462 2373 1508 2399 καὶ
1519 2372 1605 2404 ἄλλως
1619 2373 1718 2404 κτίζεις
1735 2373 1855 2408 καίτοιγε

1075 2418 1089 2443 ὁ
1102 2416 1163 2448 νοῦς
1178 2415 1219 2448 οἷς
1243 2417 1340 2449 κτίζει.
1364 2419 1410 2445 καὶ
1426 2411 1516 2454 γεννᾷ.
1539 2419 1613 2452 Ὀρθ.
1638 2419 1758 2450 Ψεῦδος·
1777 2421 1856 2455 γεννᾷ

1077 2461 1131 2496 γὰρ
1146 2461 1175 2494 ἐξ
1189 2462 1272 2488 αὑτοῦ
1286 2463 1372 2496 λόγον,
1385 2463 1469 2495 κτίζει
1482 2463 1510 2489 δὲ
1526 2463 1555 2496 ἐξ
1565 2463 1630 2498 ὕλης
1643 2464 1741 2495 οἰκίαν,
1754 2465 1854 2496 πλοῖον,

1077 2507 1123 2533 καὶ
1139 2508 1188 2534 ὅσα
1205 2508 1324 2535 τοιαῦτα.
1349 2509 1444 2542 Ἀνόμ.
1465 2507 1568 2534 Οὐκοῦν
1591 2509 1638 2535 καὶ
1658 2509 1723 2540 Θεὸς
1741 2509 1770 2542 ὲξ
1792 2510 1856 2546 ὕλης

1077 2552 1179 2584 κτίζει;
1201 2554 1277 2585 Ὀρθ.
1303 2553 1343 2579 Τὰ
1370 2554 1418 2587 μὲν
1443 2553 1472 2585 ἐξ
1498 2553 1573 2588 ὕλης,
1600 2554 1633 2580 τὰ
1657 2553 1694 2585 δὲ,
1720 2555 1757 2589 μὴ
1782 2555 1856 2585 ὄντα.

1076 2597 1257 2632 ὑπεστήσατο.
1274 2598 1372 2632 Ἀνόμ.
1387 2597 1465 2630 Πῶςς
1486 2599 1560 2632 Ὀρθ.
1577 2598 1632 2633 Τὴν
1646 2597 1711 2633 ὓλην
1732 2599 1781 2625 καὶ
1795 2600 1857 2631 τοὺς

275 2669 298 2684 ⁸⁸
313 2667 380 2695 Joel.
399 2675 433 2700 ιι,
450 2668 495 2695 28.
531 2669 552 2684 ³⁷
573 2667 666 2696 Matth.
684 2677 746 2702 xvr,
762 2669 807 2698 20.
845 2671 868 2686 ⁸⁵
884 2670 934 2698 Job
952 2679 1022 2699 xxvu

1074 2673 1120 2700 ιι.
1159 2674 1181 2689 εν
1200 2673 1209 2700 ι
1226 2674 1289 2701 Cor.
1305 2683 1362 2708 xn,
1379 2676 1406 2703 5.
1443 2675 1466 2691 ὀ
1487 2665 1574 2703 reor.
1592 2684 1635 2709 Vt,
1656 2676 1748 2704 ιιι-ευ.

257 2745 449 2787 ~(.’)"{)')_chius
465 2751 492 2774 et
512 2746 598 2774 Palat.
615 2746 680 2774 ἀλλὰ
704 2748 753 2783 τῆς
764 2747 833 2779 οἵας.
855 2747 927 2775 Felc.
948 2748 1015 2775 ἀλλὰ

238 2781 406 2851 ςηῖὗίίῧίῗὶῗε.
423 2821 449 2844 et
469 2816 555 2844 Palat.
572 2817 621 2852 τῆς
639 2818 720 2852 πνοῆς
738 2826 787 2853 μου
804 2819 832 2844 ἐν
856 2818 908 2853 ῥινὶ
924 2817 1012 2852 οὒτης,

1069 2749 1130 2787 Mog
1148 2751 1227 2778 idem.
1245 2753 1281 2787 μὴ
1299 2752 1422 2784 λαλῆσαι.

1106 2786 1159 2814 157)
1177 2787 1259 2813 Palat.
1277 2786 1327 2814 οὐκ
1342 2786 1427 2819 εἷπον,
1440 2789 1480 2814 ὅτι
1494 2789 1543 2814 οὐκ
1555 2787 1627 2814 ἔστιν
1640 2788 1683 2814 ἀσ.
