  <div class='ocr_page' id='page_1' title='image "/cluster/home/n/w/nwhite01/storage/ocr_20150623/28/njp.32101007506148/576.png"; bbox 0 0 1926 3067; ppageno 0'>
   <div class='ocr_carea' id='block_1_1' title="bbox 61 127 124 154">
    <p class='ocr_par' dir='ltr' id='par_1_1' title="bbox 61 127 124 154">
     <span class='ocr_line' id='line_1_1' title="bbox 61 127 124 154; baseline 0.032 -2"><span class='ocrx_word' id='word_1_1' title='bbox 61 127 124 154; x_wconf 71' lang='lat'><strong>“29</strong></span> 
     </span>
    </p>
   </div>
   <div class='ocr_carea' id='block_1_2' title="bbox 544 114 1175 164">
    <p class='ocr_par' dir='ltr' id='par_1_2' title="bbox 544 114 1175 164">
     <span class='ocr_line' id='line_1_2' title="bbox 544 114 1175 164; baseline -0.006 -15"><span class='ocrx_word' id='word_1_2' title='bbox 544 122 586 149; x_wconf 86' lang='lat' dir='ltr'><strong>DE</strong></span> <span class='ocrx_word' id='word_1_3' title='bbox 607 121 741 149; x_wconf 71' lang='lat' dir='ltr'><strong>SANCTA</strong></span> <span class='ocrx_word' id='word_1_4' title='bbox 761 117 946 148; x_wconf 68' lang='lat' dir='ltr'><strong>TIHNITATE</strong></span> <span class='ocrx_word' id='word_1_5' title='bbox 965 114 1136 164; x_wconf 48' lang='lat' dir='ltr'><strong>DIALOQUS</strong></span> <span class='ocrx_word' id='word_1_6' title='bbox 1153 116 1175 145; x_wconf 82' lang='lat' dir='ltr'><strong>i.</strong></span> 
     </span>
    </p>
   </div>
   <div class='ocr_carea' id='block_1_3' title="bbox 1597 114 1665 141">
    <p class='ocr_par' dir='ltr' id='par_1_3' title="bbox 1597 114 1665 141">
     <span class='ocr_line' id='line_1_3' title="bbox 1597 114 1665 141; baseline 0 0"><span class='ocrx_word' id='word_1_7' title='bbox 1597 114 1665 141; x_wconf 71' lang='lat' dir='ltr'><strong>M50</strong></span> 
     </span>
    </p>
   </div>
   <div class='ocr_carea' id='block_1_4' title="bbox 60 171 844 221">
    <p class='ocr_par' dir='ltr' id='par_1_4' title="bbox 60 181 835 221">
     <span class='ocr_line' id='line_1_4' title="bbox 60 181 835 221; baseline -0.008 -9"><span class='ocrx_word' id='word_1_8' title='bbox 60 185 183 221; x_wconf 74' lang='grc' dir='ltr'>οὐρανοὺς</span> <span class='ocrx_word' id='word_1_9' title='bbox 195 185 242 212; x_wconf 81' lang='grc' dir='ltr'>καὶ</span> <span class='ocrx_word' id='word_1_10' title='bbox 258 186 321 217; x_wconf 80' lang='grc' dir='ltr'>τοὺς</span> <span class='ocrx_word' id='word_1_11' title='bbox 330 184 462 219; x_wconf 79' lang='grc' dir='ltr'><strong>ἀγγέλους</strong></span> <span class='ocrx_word' id='word_1_12' title='bbox 479 183 509 215; x_wconf 79' lang='grc' dir='ltr'>ἐξ</span> <span class='ocrx_word' id='word_1_13' title='bbox 530 182 635 213; x_wconf 70' lang='grc' dir='ltr'>οὐδενὸς</span> <span class='ocrx_word' id='word_1_14' title='bbox 655 181 835 216; x_wconf 80' lang='grc' dir='ltr'><strong>ὑπεστήσατο.</strong></span> 
     </span>
    </p>
   </div>
   <div class='ocr_carea' id='block_1_5' title="bbox 897 171 1667 221">
    <p class='ocr_par' dir='ltr' id='par_1_5' title="bbox 897 171 1667 212">
     <span class='ocr_line' id='line_1_5' title="bbox 897 171 1667 212; baseline -0.008 -8"><span class='ocrx_word' id='word_1_15' title='bbox 897 181 952 204; x_wconf 65' lang='lat' dir='ltr'><strong>sunt</strong></span> <span class='ocrx_word' id='word_1_16' title='bbox 965 176 1111 212; x_wconf 83' lang='lat' dir='ltr'><strong>ejusmodi.</strong></span> <span class='ocrx_word' id='word_1_17' title='bbox 1131 175 1225 202; x_wconf 85' lang='lat' dir='ltr'><strong>Anam.</strong></span> <span class='ocrx_word' id='word_1_18' title='bbox 1242 173 1310 201; x_wconf 89' lang='lat' dir='ltr'><strong>Num</strong></span> <span class='ocrx_word' id='word_1_19' title='bbox 1324 173 1405 208; x_wconf 80' lang='lat' dir='ltr'><strong>igitur</strong></span> <span class='ocrx_word' id='word_1_20' title='bbox 1419 173 1501 200; x_wconf 86' lang='lat' dir='ltr'><strong>etiam</strong></span> <span class='ocrx_word' id='word_1_21' title='bbox 1517 171 1587 200; x_wconf 84' lang='lat' dir='ltr'><strong>Deus</strong></span> <span class='ocrx_word' id='word_1_22' title='bbox 1601 179 1667 199; x_wconf 90' lang='lat' dir='ltr'><strong>con-</strong></span> 
     </span>
    </p>
   </div>
   <div class='ocr_carea' id='block_1_6' title="bbox 61 226 837 266">
    <p class='ocr_par' dir='ltr' id='par_1_6' title="bbox 61 226 837 266">
     <span class='ocr_line' id='line_1_6' title="bbox 61 226 837 266; baseline -0.01 -8"><span class='ocrx_word' id='word_1_23' title='bbox 61 231 125 258; x_wconf 64' lang='lat' dir='ltr'><strong>‘Al‘x‘</strong></span> <span class='ocrx_word' id='word_1_24' title='bbox 149 232 164 266; x_wconf 84' lang='grc' dir='ltr'>ἡ</span> <span class='ocrx_word' id='word_1_25' title='bbox 189 230 325 266; x_wconf 82' lang='grc' dir='ltr'>βούλησις,</span> <span class='ocrx_word' id='word_1_26' title='bbox 352 229 499 264; x_wconf 83' lang='grc' dir='ltr'><strong>σύνδρομον</strong></span> <span class='ocrx_word' id='word_1_27' title='bbox 519 227 616 264; x_wconf 75' lang='grc' dir='ltr'>ἔχουσα</span> <span class='ocrx_word' id='word_1_28' title='bbox 640 226 690 261; x_wconf 85' lang='grc' dir='ltr'><strong>τὴν</strong></span> <span class='ocrx_word' id='word_1_29' title='bbox 713 226 837 260; x_wconf 85' lang='grc' dir='ltr'>δύναμιν,</span> 
     </span>
    </p>
   </div>
   <div class='ocr_carea' id='block_1_7' title="bbox 61 269 839 310">
    <p class='ocr_par' dir='ltr' id='par_1_7' title="bbox 61 269 839 310">
     <span class='ocr_line' id='line_1_7' title="bbox 61 269 839 310; baseline -0.006 -9"><span class='ocrx_word' id='word_1_30' title='bbox 61 275 225 310; x_wconf 69' lang='grc' dir='ltr'><strong>ὑπεστήσατο</strong></span> <span class='ocrx_word' id='word_1_31' title='bbox 244 275 293 300; x_wconf 76' lang='grc' dir='ltr'>ὅσα</span> <span class='ocrx_word' id='word_1_32' title='bbox 309 274 441 310; x_wconf 73' lang='grc' dir='ltr'>ἠθέλησε·</span> <span class='ocrx_word' id='word_1_33' title='bbox 458 273 493 300; x_wconf 86' lang='grc' dir='ltr'>τὰ</span> <span class='ocrx_word' id='word_1_34' title='bbox 508 274 536 300; x_wconf 79' lang='grc' dir='ltr'>δὲ</span> <span class='ocrx_word' id='word_1_35' title='bbox 558 271 642 308; x_wconf 84' lang='grc' dir='ltr'>Θνητὰ</span> <span class='ocrx_word' id='word_1_36' title='bbox 662 271 718 303; x_wconf 81' lang='grc' dir='ltr'>ζῶα</span> <span class='ocrx_word' id='word_1_37' title='bbox 739 271 771 297; x_wconf 83' lang='grc' dir='ltr'>ὲκ</span> <span class='ocrx_word' id='word_1_38' title='bbox 789 269 839 304; x_wconf 81' lang='grc' dir='ltr'>τῆς</span> 
     </span>
    </p>
   </div>
   <div class='ocr_carea' id='block_1_8' title="bbox 45 302 838 356">
    <p class='ocr_par' dir='ltr' id='par_1_8' title="bbox 45 302 838 356">
     <span class='ocr_line' id='line_1_8' title="bbox 45 302 838 356; baseline -0.006 -9"><span class='ocrx_word' id='word_1_39' title='bbox 45 302 274 356; x_wconf 59' lang='grc' dir='ltr'>1ὖληςέίτοίησεν.</span> <span class='ocrx_word' id='word_1_40' title='bbox 297 302 394 354; x_wconf 58' lang='grc' dir='ltr'>Ἀνόμί</span> <span class='ocrx_word' id='word_1_41' title='bbox 410 320 494 346; x_wconf 82' lang='grc' dir='ltr'>Τοῦτο</span> <span class='ocrx_word' id='word_1_42' title='bbox 505 302 625 354; x_wconf 71' lang='grc' dir='ltr'>δέχομαι.</span> <span class='ocrx_word' id='word_1_43' title='bbox 645 302 720 352; x_wconf 56' lang='grc' dir='ltr'><strong>’ὀρθ</strong></span> <span class='ocrx_word' id='word_1_44' title='bbox 736 317 787 343; x_wconf 81' lang='grc' dir='ltr'>Τὸν</span> <span class='ocrx_word' id='word_1_45' title='bbox 810 302 838 342; x_wconf 70' lang='grc' dir='ltr'><strong>έὲ</strong></span> 
     </span>
    </p>
   </div>
   <div class='ocr_carea' id='block_1_9' title="bbox 62 362 837 401">
    <p class='ocr_par' dir='ltr' id='par_1_9' title="bbox 62 362 837 401">
     <span class='ocr_line' id='line_1_9' title="bbox 62 362 837 401; baseline -0.006 -9"><span class='ocrx_word' id='word_1_46' title='bbox 62 366 122 392; x_wconf 75' lang='grc' dir='ltr'>Υίὸν</span> <span class='ocrx_word' id='word_1_47' title='bbox 134 367 181 401; x_wconf 77' lang='grc' dir='ltr'>οὐχ</span> <span class='ocrx_word' id='word_1_48' title='bbox 195 365 296 392; x_wconf 82' lang='grc' dir='ltr'>ἁπλοῦν</span> <span class='ocrx_word' id='word_1_49' title='bbox 313 366 360 392; x_wconf 80' lang='grc' dir='ltr'>καὶ</span> <span class='ocrx_word' id='word_1_50' title='bbox 373 365 517 392; x_wconf 77' lang='grc' dir='ltr'><strong>ἀσύνθετον</strong></span> <span class='ocrx_word' id='word_1_51' title='bbox 532 364 636 398; x_wconf 82' lang='grc' dir='ltr'>λέγεις;</span> <span class='ocrx_word' id='word_1_52' title='bbox 653 363 752 397; x_wconf 84' lang='grc' dir='ltr'>Ἀνόμ.</span> <span class='ocrx_word' id='word_1_53' title='bbox 773 362 837 388; x_wconf 83' lang='grc' dir='ltr'>Ναί.</span> 
     </span>
    </p>
   </div>
   <div class='ocr_carea' id='block_1_10' title="bbox 68 408 840 445">
    <p class='ocr_par' dir='ltr' id='par_1_10' title="bbox 68 408 840 445">
     <span class='ocr_line' id='line_1_10' title="bbox 68 408 840 445; baseline -0.005 -7"><span class='ocrx_word' id='word_1_54' title='bbox 68 412 141 445; x_wconf 77' lang='grc' dir='ltr'>Ὀρθ.</span> <span class='ocrx_word' id='word_1_55' title='bbox 159 411 262 437; x_wconf 81' lang='grc' dir='ltr'><strong>Οὺκοῦν</strong></span> <span class='ocrx_word' id='word_1_56' title='bbox 284 411 330 438; x_wconf 75' lang='grc' dir='ltr'><strong>καὶ</strong></span> <span class='ocrx_word' id='word_1_57' title='bbox 349 411 395 437; x_wconf 82' lang='grc' dir='ltr'>τοῦ</span> <span class='ocrx_word' id='word_1_58' title='bbox 410 410 475 437; x_wconf 82' lang='grc' dir='ltr'>Υίοῦ</span> <span class='ocrx_word' id='word_1_59' title='bbox 499 411 529 436; x_wconf 80' lang='grc' dir='ltr'><strong>τὸ</strong></span> <span class='ocrx_word' id='word_1_60' title='bbox 545 409 647 444; x_wconf 84' lang='grc' dir='ltr'>κτίσμα</span> <span class='ocrx_word' id='word_1_61' title='bbox 661 409 783 443; x_wconf 81' lang='grc' dir='ltr'><strong>γέννημα</strong></span> <span class='ocrx_word' id='word_1_62' title='bbox 796 408 840 434; x_wconf 67' lang='grc' dir='ltr'><strong>λέι</strong></span> 
     </span>
    </p>
   </div>
   <div class='ocr_carea' id='block_1_11' title="bbox 61 453 838 491">
    <p class='ocr_par' dir='ltr' id='par_1_11' title="bbox 61 453 838 491">
     <span class='ocr_line' id='line_1_11' title="bbox 61 453 838 491; baseline -0.005 -8"><span class='ocrx_word' id='word_1_63' title='bbox 61 466 135 491; x_wconf 86' lang='grc' dir='ltr'>γεις;</span> <span class='ocrx_word' id='word_1_64' title='bbox 157 457 255 491; x_wconf 76' lang='grc' dir='ltr'><strong>Ἀνόμ.</strong></span> <span class='ocrx_word' id='word_1_65' title='bbox 271 456 318 483; x_wconf 78' lang='grc' dir='ltr'><strong>Οὖ-</strong></span> <span class='ocrx_word' id='word_1_66' title='bbox 338 457 410 490; x_wconf 81' lang='grc' dir='ltr'>Ὸρθ.</span> <span class='ocrx_word' id='word_1_67' title='bbox 422 457 453 483; x_wconf 79' lang='grc' dir='ltr'><strong>Εἰ</strong></span> <span class='ocrx_word' id='word_1_68' title='bbox 467 456 510 482; x_wconf 84' lang='grc' dir='ltr'><strong>διὰ</strong></span> <span class='ocrx_word' id='word_1_69' title='bbox 522 455 599 482; x_wconf 76' lang='grc' dir='ltr'>τοῦτο</span> <span class='ocrx_word' id='word_1_70' title='bbox 620 455 651 481; x_wconf 79' lang='grc' dir='ltr'><strong>τὸ</strong></span> <span class='ocrx_word' id='word_1_71' title='bbox 670 455 773 489; x_wconf 83' lang='grc' dir='ltr'>κτίσμα</span> <span class='ocrx_word' id='word_1_72' title='bbox 791 453 838 479; x_wconf 76' lang='grc' dir='ltr'>τοῦ</span> 
     </span>
    </p>
   </div>
   <div class='ocr_carea' id='block_1_12' title="bbox 60 499 841 538">
    <p class='ocr_par' dir='ltr' id='par_1_12' title="bbox 60 499 841 538">
     <span class='ocr_line' id='line_1_12' title="bbox 60 499 841 538; baseline -0.006 -8"><span class='ocrx_word' id='word_1_73' title='bbox 60 503 173 538; x_wconf 74' lang='grc' dir='ltr'>Πατρὸς,</span> <span class='ocrx_word' id='word_1_74' title='bbox 188 503 311 537; x_wconf 82' lang='grc' dir='ltr'><strong>γέννημα</strong></span> <span class='ocrx_word' id='word_1_75' title='bbox 326 502 424 537; x_wconf 79' lang='grc' dir='ltr'>λέγεις,</span> <span class='ocrx_word' id='word_1_76' title='bbox 438 502 530 537; x_wconf 81' lang='grc' dir='ltr'><strong>ἐπειδὴ</strong></span> <span class='ocrx_word' id='word_1_77' title='bbox 548 501 648 533; x_wconf 81' lang='grc' dir='ltr'>ἁπλοῦς</span> <span class='ocrx_word' id='word_1_78' title='bbox 666 502 733 531; x_wconf 76' lang='grc' dir='ltr'>ἐστι,</span> <span class='ocrx_word' id='word_1_79' title='bbox 750 500 797 526; x_wconf 67' lang='grc' dir='ltr'>καὶ</span> <span class='ocrx_word' id='word_1_80' title='bbox 810 499 841 525; x_wconf 76' lang='grc' dir='ltr'>τὸ</span> 
     </span>
    </p>
   </div>
   <div class='ocr_carea' id='block_1_13' title="bbox 59 546 841 584">
    <p class='ocr_par' dir='ltr' id='par_1_13' title="bbox 59 546 841 584">
     <span class='ocr_line' id='line_1_13' title="bbox 59 546 841 584; baseline -0.004 -9"><span class='ocrx_word' id='word_1_81' title='bbox 59 549 180 584; x_wconf 76' lang='grc' dir='ltr'><strong>γέννημα</strong></span> <span class='ocrx_word' id='word_1_82' title='bbox 195 548 314 584; x_wconf 81' lang='grc' dir='ltr'>κτίσμα’</span> <span class='ocrx_word' id='word_1_83' title='bbox 340 548 396 575; x_wconf 82' lang='grc' dir='ltr'>ἔστι</span> <span class='ocrx_word' id='word_1_84' title='bbox 420 548 448 574; x_wconf 79' lang='grc' dir='ltr'><strong>δὲ</strong></span> <span class='ocrx_word' id='word_1_85' title='bbox 471 548 518 574; x_wconf 75' lang='grc' dir='ltr'><strong>καὶ</strong></span> <span class='ocrx_word' id='word_1_86' title='bbox 539 549 553 574; x_wconf 83' lang='grc' dir='ltr'><strong>ὁ</strong></span> <span class='ocrx_word' id='word_1_87' title='bbox 573 547 637 579; x_wconf 74' lang='grc' dir='ltr'>Υἱὸς</span> <span class='ocrx_word' id='word_1_88' title='bbox 659 546 770 578; x_wconf 83' lang='grc' dir='ltr'>ἁπλοῦς,</span> <span class='ocrx_word' id='word_1_89' title='bbox 794 546 841 572; x_wconf 71' lang='grc' dir='ltr'>καὶ</span> 
     </span>
    </p>
   </div>
   <div class='ocr_carea' id='block_1_14' title="bbox 59 591 840 629">
    <p class='ocr_par' dir='ltr' id='par_1_14' title="bbox 59 591 840 629">
     <span class='ocr_line' id='line_1_14' title="bbox 59 591 840 629; baseline -0.004 -8"><span class='ocrx_word' id='word_1_90' title='bbox 59 594 140 621; x_wconf 74' lang='grc' dir='ltr'>αὑτοῦ</span> <span class='ocrx_word' id='word_1_91' title='bbox 157 594 186 621; x_wconf 83' lang='grc' dir='ltr'>τὸ</span> <span class='ocrx_word' id='word_1_92' title='bbox 202 594 304 629; x_wconf 80' lang='grc' dir='ltr'>κτίσμα</span> <span class='ocrx_word' id='word_1_93' title='bbox 315 594 372 620; x_wconf 75' lang='grc' dir='ltr'>ἐστὶ</span> <span class='ocrx_word' id='word_1_94' title='bbox 383 594 503 629; x_wconf 80' lang='grc' dir='ltr'><strong>γέννημα</strong></span> <span class='ocrx_word' id='word_1_95' title='bbox 513 603 520 609; x_wconf 70' lang='grc'>⁸</span> <span class='ocrx_word' id='word_1_96' title='bbox 539 594 585 620; x_wconf 79' lang='grc' dir='ltr'>καὶ</span> <span class='ocrx_word' id='word_1_97' title='bbox 601 593 776 628; x_wconf 78' lang='grc' dir='ltr'>εὑρεθήσεται</span> <span class='ocrx_word' id='word_1_98' title='bbox 793 591 840 618; x_wconf 77' lang='grc' dir='ltr'>τοῦ</span> 
     </span>
    </p>
   </div>
   <div class='ocr_carea' id='block_1_15' title="bbox 60 638 839 675">
    <p class='ocr_par' dir='ltr' id='par_1_15' title="bbox 60 638 839 675">
     <span class='ocr_line' id='line_1_15' title="bbox 60 638 839 675; baseline -0.001 -9"><span class='ocrx_word' id='word_1_99' title='bbox 60 640 111 674; x_wconf 80' lang='grc' dir='ltr'><strong>μὲν</strong></span> <span class='ocrx_word' id='word_1_100' title='bbox 127 639 190 666; x_wconf 88' lang='grc' dir='ltr'><strong>Υἱοῦ</strong></span> <span class='ocrx_word' id='word_1_101' title='bbox 214 640 305 675; x_wconf 85' lang='grc' dir='ltr'>πατὴρ</span> <span class='ocrx_word' id='word_1_102' title='bbox 318 641 332 666; x_wconf 82' lang='grc' dir='ltr'>ὁ</span> <span class='ocrx_word' id='word_1_103' title='bbox 354 640 458 674; x_wconf 78' lang='grc' dir='ltr'>Πατὴρ.</span> <span class='ocrx_word' id='word_1_104' title='bbox 472 639 521 674; x_wconf 79' lang='grc' dir='ltr'>τῆς</span> <span class='ocrx_word' id='word_1_105' title='bbox 534 639 562 665; x_wconf 84' lang='grc' dir='ltr'><strong>δὲ</strong></span> <span class='ocrx_word' id='word_1_106' title='bbox 586 638 700 670; x_wconf 80' lang='grc' dir='ltr'>κτίσεως</span> <span class='ocrx_word' id='word_1_107' title='bbox 718 638 839 669; x_wconf 80' lang='grc' dir='ltr'>πάππος.</span> 
     </span>
    </p>
   </div>
   <div class='ocr_carea' id='block_1_16' title="bbox 67 681 841 718">
    <p class='ocr_par' dir='ltr' id='par_1_16' title="bbox 67 681 841 718">
     <span class='ocr_line' id='line_1_16' title="bbox 67 681 841 718; baseline -0.001 -9"><span class='ocrx_word' id='word_1_108' title='bbox 67 684 163 718; x_wconf 64' lang='grc' dir='ltr'><strong>’Δι-όμ.</strong></span> <span class='ocrx_word' id='word_1_109' title='bbox 193 683 273 710; x_wconf 84' lang='grc' dir='ltr'>Ἀλλὰ</span> <span class='ocrx_word' id='word_1_110' title='bbox 298 683 344 710; x_wconf 82' lang='grc' dir='ltr'>τοῦ</span> <span class='ocrx_word' id='word_1_111' title='bbox 377 684 425 718; x_wconf 84' lang='grc' dir='ltr'><strong>μὲν</strong></span> <span class='ocrx_word' id='word_1_112' title='bbox 451 683 556 718; x_wconf 75' lang='grc' dir='ltr'>Πατρὸς</span> <span class='ocrx_word' id='word_1_113' title='bbox 582 682 612 709; x_wconf 78' lang='grc' dir='ltr'>τὸ</span> <span class='ocrx_word' id='word_1_114' title='bbox 637 681 761 717; x_wconf 78' lang='grc' dir='ltr'>γέννημά</span> <span class='ocrx_word' id='word_1_115' title='bbox 783 683 841 708; x_wconf 74' lang='grc' dir='ltr'>ἐστι</span> 
     </span>
    </p>
   </div>
   <div class='ocr_carea' id='block_1_17' title="bbox 59 728 840 764">
    <p class='ocr_par' dir='ltr' id='par_1_17' title="bbox 59 728 840 764">
     <span class='ocr_line' id='line_1_17' title="bbox 59 728 840 764; baseline -0.003 -8"><span class='ocrx_word' id='word_1_116' title='bbox 59 729 170 764; x_wconf 79' lang='grc' dir='ltr'>κτίσμα,</span> <span class='ocrx_word' id='word_1_117' title='bbox 188 730 234 756; x_wconf 78' lang='grc' dir='ltr'>τοῦ</span> <span class='ocrx_word' id='word_1_118' title='bbox 251 730 280 756; x_wconf 83' lang='grc' dir='ltr'><strong>δὲ</strong></span> <span class='ocrx_word' id='word_1_119' title='bbox 296 729 361 756; x_wconf 75' lang='grc' dir='ltr'>Υἱοῦ</span> <span class='ocrx_word' id='word_1_120' title='bbox 381 729 411 755; x_wconf 79' lang='grc' dir='ltr'>τὸ</span> <span class='ocrx_word' id='word_1_121' title='bbox 432 729 534 764; x_wconf 78' lang='grc' dir='ltr'>κτίσμα</span> <span class='ocrx_word' id='word_1_122' title='bbox 549 729 607 754; x_wconf 79' lang='grc' dir='ltr'>ἐστὶ</span> <span class='ocrx_word' id='word_1_123' title='bbox 629 728 740 764; x_wconf 86' lang='grc' dir='ltr'>κτίσμα.</span> <span class='ocrx_word' id='word_1_124' title='bbox 764 728 840 762; x_wconf 80' lang='grc' dir='ltr'><strong>Ὀρθ.</strong></span> 
     </span>
    </p>
   </div>
   <div class='ocr_carea' id='block_1_18' title="bbox 67 771 842 808">
    <p class='ocr_par' dir='ltr' id='par_1_18' title="bbox 67 771 842 808">
     <span class='ocr_line' id='line_1_18' title="bbox 67 771 842 808; baseline -0.003 -9"><span class='ocrx_word' id='word_1_125' title='bbox 67 773 173 808; x_wconf 84' lang='grc' dir='ltr'><strong>Ἐπειδὴ</strong></span> <span class='ocrx_word' id='word_1_126' title='bbox 194 772 297 804; x_wconf 75' lang='grc' dir='ltr'>ἁπλοῦς</span> <span class='ocrx_word' id='word_1_127' title='bbox 311 774 384 799; x_wconf 74' lang='grc' dir='ltr'>ἐστιν</span> <span class='ocrx_word' id='word_1_128' title='bbox 397 774 411 799; x_wconf 83' lang='grc' dir='ltr'>ὁ</span> <span class='ocrx_word' id='word_1_129' title='bbox 425 773 500 804; x_wconf 83' lang='grc' dir='ltr'>Θεὸς,</span> <span class='ocrx_word' id='word_1_130' title='bbox 517 772 547 798; x_wconf 78' lang='grc' dir='ltr'><strong>τὸ</strong></span> <span class='ocrx_word' id='word_1_131' title='bbox 560 772 661 807; x_wconf 79' lang='grc' dir='ltr'>κτίσμα</span> <span class='ocrx_word' id='word_1_132' title='bbox 677 771 758 798; x_wconf 81' lang='grc' dir='ltr'>αὑτοῦ</span> <span class='ocrx_word' id='word_1_133' title='bbox 779 772 842 806; x_wconf 84' lang='grc' dir='ltr'>γέν-</span> 
     </span>
    </p>
   </div>
   <div class='ocr_carea' id='block_1_19' title="bbox 58 817 840 853">
    <p class='ocr_par' dir='ltr' id='par_1_19' title="bbox 58 817 840 853">
     <span class='ocr_line' id='line_1_19' title="bbox 58 817 840 853; baseline -0.001 -10"><span class='ocrx_word' id='word_1_134' title='bbox 58 826 133 853; x_wconf 86' lang='grc' dir='ltr'>νημα</span> <span class='ocrx_word' id='word_1_135' title='bbox 148 818 229 844; x_wconf 77' lang='grc' dir='ltr'>αὑτοῦ</span> <span class='ocrx_word' id='word_1_136' title='bbox 251 819 318 846; x_wconf 77' lang='grc' dir='ltr'>ἐστι.</span> <span class='ocrx_word' id='word_1_137' title='bbox 335 818 380 845; x_wconf 81' lang='grc' dir='ltr'><strong>καὶ</strong></span> <span class='ocrx_word' id='word_1_138' title='bbox 394 818 424 844; x_wconf 81' lang='grc' dir='ltr'>τὸ</span> <span class='ocrx_word' id='word_1_139' title='bbox 447 818 570 852; x_wconf 79' lang='grc' dir='ltr'><strong>γέννημα</strong></span> <span class='ocrx_word' id='word_1_140' title='bbox 589 817 708 852; x_wconf 78' lang='grc' dir='ltr'>κτίσμα·</span> <span class='ocrx_word' id='word_1_141' title='bbox 732 817 748 851; x_wconf 83' lang='grc' dir='ltr'>ἦ</span> <span class='ocrx_word' id='word_1_142' title='bbox 765 817 840 848; x_wconf 87' lang='grc' dir='ltr'>πῶς;</span> 
     </span>
    </p>
   </div>
   <div class='ocr_carea' id='block_1_20' title="bbox 59 862 843 899">
    <p class='ocr_par' dir='ltr' id='par_1_20' title="bbox 59 862 843 899">
     <span class='ocr_line' id='line_1_20' title="bbox 59 862 843 899; baseline -0.004 -8"><span class='ocrx_word' id='word_1_143' title='bbox 59 863 158 898; x_wconf 79' lang='grc' dir='ltr'>Ἀνόμ.</span> <span class='ocrx_word' id='word_1_144' title='bbox 180 864 266 890; x_wconf 82' lang='grc' dir='ltr'>Πάνυ.</span> <span class='ocrx_word' id='word_1_145' title='bbox 286 864 363 897; x_wconf 84' lang='grc' dir='ltr'><strong>Ὀρθ.</strong></span> <span class='ocrx_word' id='word_1_146' title='bbox 385 864 440 890; x_wconf 77' lang='grc' dir='ltr'>Καὶ</span> <span class='ocrx_word' id='word_1_147' title='bbox 462 863 510 890; x_wconf 80' lang='grc' dir='ltr'>τοῦ</span> <span class='ocrx_word' id='word_1_148' title='bbox 527 863 591 889; x_wconf 84' lang='grc' dir='ltr'><strong>Υίοῦ</strong></span> <span class='ocrx_word' id='word_1_149' title='bbox 614 863 668 899; x_wconf 79' lang='grc' dir='ltr'><strong>ἄρα</strong></span> <span class='ocrx_word' id='word_1_150' title='bbox 689 862 719 889; x_wconf 83' lang='grc' dir='ltr'>τὺ</span> <span class='ocrx_word' id='word_1_151' title='bbox 741 863 843 897; x_wconf 79' lang='grc' dir='ltr'>κτίσμα</span> 
     </span>
    </p>
   </div>
   <div class='ocr_carea' id='block_1_21' title="bbox 61 907 843 944">
    <p class='ocr_par' dir='ltr' id='par_1_21' title="bbox 61 907 843 944">
     <span class='ocr_line' id='line_1_21' title="bbox 61 907 843 944; baseline -0.001 -9"><span class='ocrx_word' id='word_1_152' title='bbox 61 909 192 944; x_wconf 78' lang='grc' dir='ltr'><strong>γέννημα,</strong></span> <span class='ocrx_word' id='word_1_153' title='bbox 211 909 357 936; x_wconf 77' lang='grc' dir='ltr'>ἀσυνθέτου</span> <span class='ocrx_word' id='word_1_154' title='bbox 379 908 471 940; x_wconf 73' lang='grc' dir='ltr'>ὄντος·</span> <span class='ocrx_word' id='word_1_155' title='bbox 489 909 505 943; x_wconf 86' lang='grc' dir='ltr'><strong>ἥ</strong></span> <span class='ocrx_word' id='word_1_156' title='bbox 531 909 586 944; x_wconf 78' lang='grc'>(58)</span> <span class='ocrx_word' id='word_1_157' title='bbox 602 909 651 934; x_wconf 76' lang='grc' dir='ltr'>οὐκ</span> <span class='ocrx_word' id='word_1_158' title='bbox 672 908 727 944; x_wconf 79' lang='grc' dir='ltr'><strong>ἄρα</strong></span> <span class='ocrx_word' id='word_1_159' title='bbox 747 907 791 934; x_wconf 79' lang='grc' dir='ltr'>διὰ</span> <span class='ocrx_word' id='word_1_160' title='bbox 813 907 843 934; x_wconf 74' lang='grc' dir='ltr'>τὸ</span> 
     </span>
    </p>
   </div>
   <div class='ocr_carea' id='block_1_22' title="bbox 58 953 843 990">
    <p class='ocr_par' dir='ltr' id='par_1_22' title="bbox 58 953 843 990">
     <span class='ocr_line' id='line_1_22' title="bbox 58 953 843 990; baseline -0.003 -9"><span class='ocrx_word' id='word_1_161' title='bbox 58 954 205 981; x_wconf 82' lang='grc' dir='ltr'>ἀσύνθετον</span> <span class='ocrx_word' id='word_1_162' title='bbox 231 955 278 981; x_wconf 80' lang='grc' dir='ltr'>τοῦ</span> <span class='ocrx_word' id='word_1_163' title='bbox 301 954 406 990; x_wconf 54' lang='lat' dir='ltr'><strong>nam;</strong></span> <span class='ocrx_word' id='word_1_164' title='bbox 433 955 463 981; x_wconf 75' lang='grc' dir='ltr'><strong>τὸ</strong></span> <span class='ocrx_word' id='word_1_165' title='bbox 485 954 607 989; x_wconf 78' lang='grc' dir='ltr'>γέννημα</span> <span class='ocrx_word' id='word_1_166' title='bbox 638 954 750 988; x_wconf 82' lang='grc' dir='ltr'>κτίσμα,</span> <span class='ocrx_word' id='word_1_167' title='bbox 775 953 792 989; x_wconf 83' lang='grc' dir='ltr'><strong>ἢ</strong></span> <span class='ocrx_word' id='word_1_168' title='bbox 814 953 843 979; x_wconf 71' lang='grc' dir='ltr'>τὶ</span> 
     </span>
    </p>
   </div>
   <div class='ocr_carea' id='block_1_23' title="bbox 58 996 843 1035">
    <p class='ocr_par' dir='ltr' id='par_1_23' title="bbox 58 996 843 1035">
     <span class='ocr_line' id='line_1_23' title="bbox 58 996 843 1035; baseline -0.001 -11"><span class='ocrx_word' id='word_1_169' title='bbox 58 999 162 1034; x_wconf 81' lang='grc' dir='ltr'>κτίσμα</span> <span class='ocrx_word' id='word_1_170' title='bbox 175 999 307 1034; x_wconf 79' lang='grc' dir='ltr'>γέννημα,</span> <span class='ocrx_word' id='word_1_171' title='bbox 330 996 411 1035; x_wconf 82' lang='grc' dir='ltr'>κᾶνῇ</span> <span class='ocrx_word' id='word_1_172' title='bbox 434 997 590 1029; x_wconf 79' lang='grc' dir='ltr'>ἀσύνθετος.</span> <span class='ocrx_word' id='word_1_173' title='bbox 610 997 734 1033; x_wconf 82' lang='grc' dir='ltr'>Γέννημα</span> <span class='ocrx_word' id='word_1_174' title='bbox 753 997 781 1023; x_wconf 79' lang='grc' dir='ltr'><strong>δὲ</strong></span> <span class='ocrx_word' id='word_1_175' title='bbox 795 997 843 1023; x_wconf 77' lang='grc' dir='ltr'>τοῦ</span> 
     </span>
    </p>
   </div>
   <div class='ocr_carea' id='block_1_24' title="bbox 58 1041 844 1080">
    <p class='ocr_par' dir='ltr' id='par_1_24' title="bbox 58 1041 844 1080">
     <span class='ocr_line' id='line_1_24' title="bbox 58 1041 844 1080; baseline -0.003 -10"><span class='ocrx_word' id='word_1_176' title='bbox 58 1045 165 1080; x_wconf 73' lang='grc' dir='ltr'>[ἰατρὸς</span> <span class='ocrx_word' id='word_1_177' title='bbox 178 1044 192 1070; x_wconf 83' lang='grc' dir='ltr'>ὁ</span> <span class='ocrx_word' id='word_1_178' title='bbox 208 1044 288 1076; x_wconf 74' lang='grc' dir='ltr'><strong>Υἱός⁴</strong></span> <span class='ocrx_word' id='word_1_179' title='bbox 303 1044 353 1069; x_wconf 76' lang='grc' dir='ltr'><strong>οὐκ</strong></span> <span class='ocrx_word' id='word_1_180' title='bbox 373 1043 427 1079; x_wconf 76' lang='grc' dir='ltr'><strong>ἄρα</strong></span> <span class='ocrx_word' id='word_1_181' title='bbox 443 1043 554 1078; x_wconf 80' lang='grc' dir='ltr'>κτίσμα.</span> <span class='ocrx_word' id='word_1_182' title='bbox 577 1043 676 1076; x_wconf 78' lang='grc' dir='ltr'>Ἀνόμ.</span> <span class='ocrx_word' id='word_1_183' title='bbox 706 1042 734 1068; x_wconf 87' lang='lat'><strong>&#39;0</strong></span> <span class='ocrx_word' id='word_1_184' title='bbox 751 1041 844 1077; x_wconf 81' lang='grc' dir='ltr'>Πατὴρ</span> 
     </span>
    </p>
   </div>
   <div class='ocr_carea' id='block_1_25' title="bbox 58 1085 843 1123">
    <p class='ocr_par' dir='ltr' id='par_1_25' title="bbox 58 1085 843 1123">
     <span class='ocr_line' id='line_1_25' title="bbox 58 1085 843 1123; baseline -0.005 -8"><span class='ocrx_word' id='word_1_185' title='bbox 58 1089 105 1116; x_wconf 78' lang='grc' dir='ltr'>τοῦ</span> <span class='ocrx_word' id='word_1_186' title='bbox 129 1088 193 1115; x_wconf 82' lang='grc' dir='ltr'><strong>Υίοῦ</strong></span> <span class='ocrx_word' id='word_1_187' title='bbox 208 1088 291 1120; x_wconf 77' lang='grc' dir='ltr'>αἴτιός</span> <span class='ocrx_word' id='word_1_188' title='bbox 315 1089 382 1119; x_wconf 81' lang='grc' dir='ltr'>ἐστι,</span> <span class='ocrx_word' id='word_1_189' title='bbox 401 1087 450 1123; x_wconf 84' lang='grc' dir='ltr'>τῆς</span> <span class='ocrx_word' id='word_1_190' title='bbox 468 1087 496 1113; x_wconf 82' lang='grc' dir='ltr'>δὲ</span> <span class='ocrx_word' id='word_1_191' title='bbox 516 1086 630 1117; x_wconf 80' lang='grc' dir='ltr'>κτίσεως</span> <span class='ocrx_word' id='word_1_192' title='bbox 650 1086 664 1111; x_wconf 85' lang='grc' dir='ltr'>ὁ</span> <span class='ocrx_word' id='word_1_193' title='bbox 679 1085 751 1117; x_wconf 85' lang='grc' dir='ltr'>Υἱός.</span> <span class='ocrx_word' id='word_1_194' title='bbox 766 1085 843 1119; x_wconf 75' lang='grc' dir='ltr'><strong>Ὀρθ.</strong></span> 
     </span>
    </p>
   </div>
   <div class='ocr_carea' id='block_1_26' title="bbox 59 1131 844 1169">
    <p class='ocr_par' dir='ltr' id='par_1_26' title="bbox 59 1131 844 1169">
     <span class='ocr_line' id='line_1_26' title="bbox 59 1131 844 1169; baseline -0.004 -9"><span class='ocrx_word' id='word_1_195' title='bbox 59 1134 116 1169; x_wconf 82' lang='grc' dir='ltr'>Τῆς</span> <span class='ocrx_word' id='word_1_196' title='bbox 127 1134 154 1160; x_wconf 82' lang='grc' dir='ltr'><strong>δὲ</strong></span> <span class='ocrx_word' id='word_1_197' title='bbox 166 1133 280 1164; x_wconf 85' lang='grc' dir='ltr'>κτίσεως</span> <span class='ocrx_word' id='word_1_198' title='bbox 291 1133 341 1159; x_wconf 83' lang='grc' dir='ltr'><strong>οὐκ</strong></span> <span class='ocrx_word' id='word_1_199' title='bbox 352 1133 425 1159; x_wconf 79' lang='grc' dir='ltr'>ἐστιν</span> <span class='ocrx_word' id='word_1_200' title='bbox 436 1132 521 1164; x_wconf 79' lang='grc' dir='ltr'>αἴτιος</span> <span class='ocrx_word' id='word_1_201' title='bbox 533 1132 579 1158; x_wconf 81' lang='grc' dir='ltr'><strong>καὶ</strong></span> <span class='ocrx_word' id='word_1_202' title='bbox 591 1132 605 1157; x_wconf 83' lang='grc' dir='ltr'>ὁ</span> <span class='ocrx_word' id='word_1_203' title='bbox 617 1131 727 1166; x_wconf 80' lang='grc' dir='ltr'>Πατήρ;</span> <span class='ocrx_word' id='word_1_204' title='bbox 746 1131 844 1165; x_wconf 79' lang='grc' dir='ltr'>Ἀνόμ.</span> 
     </span>
    </p>
   </div>
   <div class='ocr_carea' id='block_1_27' title="bbox 59 1176 846 1213">
    <p class='ocr_par' dir='ltr' id='par_1_27' title="bbox 59 1176 846 1213">
     <span class='ocr_line' id='line_1_27' title="bbox 59 1176 846 1213; baseline -0.003 -8"><span class='ocrx_word' id='word_1_205' title='bbox 59 1179 141 1205; x_wconf 78' lang='grc' dir='ltr'>Ἀλλὰ</span> <span class='ocrx_word' id='word_1_206' title='bbox 161 1179 205 1205; x_wconf 79' lang='grc' dir='ltr'><strong>διὰ</strong></span> <span class='ocrx_word' id='word_1_207' title='bbox 220 1178 266 1204; x_wconf 77' lang='grc' dir='ltr'><strong>τοῦ</strong></span> <span class='ocrx_word' id='word_1_208' title='bbox 284 1178 359 1205; x_wconf 84' lang='grc' dir='ltr'>Υίοῦ.</span> <span class='ocrx_word' id='word_1_209' title='bbox 380 1178 458 1212; x_wconf 81' lang='grc' dir='ltr'><strong>Ὀρθ.</strong></span> <span class='ocrx_word' id='word_1_210' title='bbox 476 1177 559 1213; x_wconf 85' lang='grc' dir='ltr'>Τίθης</span> <span class='ocrx_word' id='word_1_211' title='bbox 582 1176 636 1212; x_wconf 84' lang='grc'>(59)</span> <span class='ocrx_word' id='word_1_212' title='bbox 659 1177 687 1203; x_wconf 81' lang='grc' dir='ltr'><strong>δὲ</strong></span> <span class='ocrx_word' id='word_1_213' title='bbox 706 1177 783 1209; x_wconf 78' lang='grc' dir='ltr'>ὅλως,</span> <span class='ocrx_word' id='word_1_214' title='bbox 806 1177 846 1203; x_wconf 79' lang='grc' dir='ltr'><strong>ὅτι</strong></span> 
     </span>
    </p>
   </div>
   <div class='ocr_carea' id='block_1_28' title="bbox 57 1221 847 1258">
    <p class='ocr_par' dir='ltr' id='par_1_28' title="bbox 57 1221 847 1258">
     <span class='ocr_line' id='line_1_28' title="bbox 57 1221 847 1258; baseline -0.004 -8"><span class='ocrx_word' id='word_1_215' title='bbox 57 1224 142 1255; x_wconf 66' lang='lat' dir='ltr'><strong>arm;</strong></span> <span class='ocrx_word' id='word_1_216' title='bbox 152 1224 210 1249; x_wconf 76' lang='grc' dir='ltr'>ἐστι</span> <span class='ocrx_word' id='word_1_217' title='bbox 228 1223 275 1249; x_wconf 72' lang='grc' dir='ltr'><strong>καὶ</strong></span> <span class='ocrx_word' id='word_1_218' title='bbox 288 1223 337 1258; x_wconf 84' lang='grc' dir='ltr'>τῆς</span> <span class='ocrx_word' id='word_1_219' title='bbox 347 1222 476 1254; x_wconf 86' lang='grc' dir='ltr'>κτίσεως;</span> <span class='ocrx_word' id='word_1_220' title='bbox 494 1223 592 1256; x_wconf 80' lang='grc' dir='ltr'>Ἀνόμ.</span> <span class='ocrx_word' id='word_1_221' title='bbox 609 1222 672 1248; x_wconf 85' lang='grc' dir='ltr'>Ναί.</span> <span class='ocrx_word' id='word_1_222' title='bbox 689 1221 781 1248; x_wconf 80' lang='grc' dir='ltr'>Πάντα</span> <span class='ocrx_word' id='word_1_223' title='bbox 793 1222 847 1257; x_wconf 84' lang='grc' dir='ltr'><strong>γὰρ</strong></span> 
     </span>
    </p>
   </div>
   <div class='ocr_carea' id='block_1_29' title="bbox 58 1265 843 1302">
    <p class='ocr_par' dir='ltr' id='par_1_29' title="bbox 58 1265 843 1302">
     <span class='ocr_line' id='line_1_29' title="bbox 58 1265 843 1302; baseline -0.004 -6"><span class='ocrx_word' id='word_1_224' title='bbox 58 1270 92 1296; x_wconf 83' lang='grc' dir='ltr'>ὲκ</span> <span class='ocrx_word' id='word_1_225' title='bbox 105 1269 151 1295; x_wconf 87' lang='grc' dir='ltr'>τοῦ</span> <span class='ocrx_word' id='word_1_226' title='bbox 165 1268 242 1295; x_wconf 79' lang='grc' dir='ltr'>Θεοῦ.</span> <span class='ocrx_word' id='word_1_227' title='bbox 266 1269 343 1302; x_wconf 85' lang='grc' dir='ltr'><strong>Ὅρθ.</strong></span> <span class='ocrx_word' id='word_1_228' title='bbox 365 1268 441 1294; x_wconf 83' lang='grc' dir='ltr'>Εἰσὶν</span> <span class='ocrx_word' id='word_1_229' title='bbox 462 1265 508 1294; x_wconf 81' lang='grc' dir='ltr'><strong>οὖν</strong></span> <span class='ocrx_word' id='word_1_230' title='bbox 529 1266 612 1294; x_wconf 77' lang='grc' dir='ltr'>αὑτοῦ</span> <span class='ocrx_word' id='word_1_231' title='bbox 632 1267 679 1293; x_wconf 77' lang='grc' dir='ltr'><strong>καὶ</strong></span> <span class='ocrx_word' id='word_1_232' title='bbox 691 1267 725 1293; x_wconf 75' lang='grc' dir='ltr'>τὰ</span> <span class='ocrx_word' id='word_1_233' title='bbox 745 1268 843 1302; x_wconf 84' lang='grc' dir='ltr'>γεννή-</span> 
     </span>
    </p>
   </div>
   <div class='ocr_carea' id='block_1_30' title="bbox 57 1312 844 1350">
    <p class='ocr_par' dir='ltr' id='par_1_30' title="bbox 57 1312 844 1350">
     <span class='ocr_line' id='line_1_30' title="bbox 57 1312 844 1350; baseline -0.006 -8"><span class='ocrx_word' id='word_1_234' title='bbox 57 1323 134 1350; x_wconf 80' lang='grc' dir='ltr'>ματα</span> <span class='ocrx_word' id='word_1_235' title='bbox 159 1315 257 1346; x_wconf 82' lang='grc' dir='ltr'>πάντα,</span> <span class='ocrx_word' id='word_1_236' title='bbox 282 1313 372 1344; x_wconf 73' lang='grc' dir='ltr'>κύνες,</span> <span class='ocrx_word' id='word_1_237' title='bbox 395 1313 526 1349; x_wconf 86' lang='grc' dir='ltr'>κόρακες,</span> <span class='ocrx_word' id='word_1_238' title='bbox 548 1312 645 1346; x_wconf 79' lang='grc' dir='ltr'>γῦπες,</span> <span class='ocrx_word' id='word_1_239' title='bbox 673 1312 718 1338; x_wconf 72' lang='grc' dir='ltr'><strong>καὶ</strong></span> <span class='ocrx_word' id='word_1_240' title='bbox 741 1313 844 1347; x_wconf 75' lang='grc' dir='ltr'>πᾶσαὴ</span> 
     </span>
    </p>
   </div>
   <div class='ocr_carea' id='block_1_31' title="bbox 59 1356 846 1395">
    <p class='ocr_par' dir='ltr' id='par_1_31' title="bbox 59 1356 846 1395">
     <span class='ocr_line' id='line_1_31' title="bbox 59 1356 846 1395; baseline -0.004 -7"><span class='ocrx_word' id='word_1_241' title='bbox 59 1361 148 1392; x_wconf 78' lang='grc' dir='ltr'>κτίσις</span> <span class='ocrx_word' id='word_1_242' title='bbox 164 1360 258 1395; x_wconf 85' lang='grc' dir='ltr'>λογική</span> <span class='ocrx_word' id='word_1_243' title='bbox 281 1368 311 1386; x_wconf 85' lang='grc' dir='ltr'><strong>τε</strong></span> <span class='ocrx_word' id='word_1_244' title='bbox 326 1359 373 1386; x_wconf 69' lang='grc' dir='ltr'><strong>καὶ</strong></span> <span class='ocrx_word' id='word_1_245' title='bbox 384 1359 489 1392; x_wconf 81' lang='grc' dir='ltr'>ἄλογος.</span> <span class='ocrx_word' id='word_1_246' title='bbox 503 1359 602 1393; x_wconf 79' lang='grc' dir='ltr'>Ἀνόμ.</span> <span class='ocrx_word' id='word_1_247' title='bbox 623 1356 718 1390; x_wconf 71' lang='grc' dir='ltr'>Εἶπον,</span> <span class='ocrx_word' id='word_1_248' title='bbox 738 1359 779 1385; x_wconf 81' lang='grc' dir='ltr'>ὅτι</span> <span class='ocrx_word' id='word_1_249' title='bbox 802 1359 846 1386; x_wconf 83' lang='grc' dir='ltr'><strong>διὰ</strong></span> 
     </span>
    </p>
   </div>
   <div class='ocr_carea' id='block_1_32' title="bbox 57 1404 845 1441">
    <p class='ocr_par' dir='ltr' id='par_1_32' title="bbox 57 1404 845 1441">
     <span class='ocr_line' id='line_1_32' title="bbox 57 1404 845 1441; baseline -0.004 -8"><span class='ocrx_word' id='word_1_250' title='bbox 57 1407 106 1433; x_wconf 83' lang='grc' dir='ltr'>τοῦ</span> <span class='ocrx_word' id='word_1_251' title='bbox 118 1406 183 1433; x_wconf 86' lang='grc' dir='ltr'>Υίοῦ</span> <span class='ocrx_word' id='word_1_252' title='bbox 198 1405 376 1440; x_wconf 79' lang='grc' dir='ltr'>ἐκτίσθησαν·</span> <span class='ocrx_word' id='word_1_253' title='bbox 398 1405 476 1441; x_wconf 77' lang='grc' dir='ltr'>μόνος</span> <span class='ocrx_word' id='word_1_254' title='bbox 495 1404 523 1431; x_wconf 82' lang='grc' dir='ltr'><strong>δὲ</strong></span> <span class='ocrx_word' id='word_1_255' title='bbox 538 1405 552 1431; x_wconf 83' lang='grc' dir='ltr'>ὀ</span> <span class='ocrx_word' id='word_1_256' title='bbox 568 1404 631 1436; x_wconf 73' lang='grc' dir='ltr'><strong>Υἱὸς</strong></span> <span class='ocrx_word' id='word_1_257' title='bbox 650 1404 713 1431; x_wconf 82' lang='grc' dir='ltr'>ἄνευ</span> <span class='ocrx_word' id='word_1_258' title='bbox 738 1405 845 1440; x_wconf 80' lang='grc' dir='ltr'>μεσίτου</span> 
     </span>
    </p>
   </div>
   <div class='ocr_carea' id='block_1_33' title="bbox 58 1451 533 1488">
    <p class='ocr_par' dir='ltr' id='par_1_33' title="bbox 58 1451 533 1488">
     <span class='ocr_line' id='line_1_33' title="bbox 58 1451 533 1488; baseline -0.006 -9"><span class='ocrx_word' id='word_1_259' title='bbox 58 1453 231 1488; x_wconf 81' lang='grc' dir='ltr'>γεγέννηται,</span> <span class='ocrx_word' id='word_1_260' title='bbox 245 1452 384 1478; x_wconf 80' lang='grc' dir='ltr'>τουτέστιν</span> <span class='ocrx_word' id='word_1_261' title='bbox 402 1451 533 1477; x_wconf 77' lang='grc' dir='ltr'>ἔκτισται.</span> 
     </span>
    </p>
   </div>
   <div class='ocr_carea' id='block_1_34' title="bbox 889 217 1668 251">
    <p class='ocr_par' dir='ltr' id='par_1_34' title="bbox 889 217 1668 251">
     <span class='ocr_line' id='line_1_34' title="bbox 889 217 1668 251; baseline -0.009 -3"><span class='ocrx_word' id='word_1_262' title='bbox 889 222 928 248; x_wconf 89' lang='lat' dir='ltr'><strong>dit</strong></span> <span class='ocrx_word' id='word_1_263' title='bbox 942 230 975 249; x_wconf 82' lang='lat' dir='ltr'><strong>ex</strong></span> <span class='ocrx_word' id='word_1_264' title='bbox 990 220 1124 248; x_wconf 90' lang='lat' dir='ltr'><strong>materia?</strong></span> <span class='ocrx_word' id='word_1_265' title='bbox 1140 219 1214 246; x_wconf 84' lang='lat' dir='ltr'><strong>Orth.</strong></span> <span class='ocrx_word' id='word_1_266' title='bbox 1232 218 1360 251; x_wconf 68' lang='lat' dir='ltr'><strong>Qumdatn</strong></span> <span class='ocrx_word' id='word_1_267' title='bbox 1386 225 1419 244; x_wconf 75' lang='lat' dir='ltr'><strong>ex</strong></span> <span class='ocrx_word' id='word_1_268' title='bbox 1441 217 1554 243; x_wconf 81' lang='lat' dir='ltr'><strong>materia</strong></span> <span class='ocrx_word' id='word_1_269' title='bbox 1565 235 1572 247; x_wconf 93' lang='lat'><strong>,</strong></span> <span class='ocrx_word' id='word_1_270' title='bbox 1593 223 1668 251; x_wconf 74' lang='lat' dir='ltr'><strong>qua:-</strong></span> 
     </span>
    </p>
   </div>
   <div class='ocr_carea' id='block_1_35' title="bbox 888 262 1667 297">
    <p class='ocr_par' dir='ltr' id='par_1_35' title="bbox 888 262 1667 297">
     <span class='ocr_line' id='line_1_35' title="bbox 888 262 1667 297; baseline -0.004 -5"><span class='ocrx_word' id='word_1_271' title='bbox 888 266 950 293; x_wconf 89' lang='lat' dir='ltr'><strong>dam</strong></span> <span class='ocrx_word' id='word_1_272' title='bbox 966 273 1063 292; x_wconf 79' lang='lat' dir='ltr'><strong>rursus</strong></span> <span class='ocrx_word' id='word_1_273' title='bbox 1074 285 1081 297; x_wconf 92' lang='lat'><strong>,</strong></span> <span class='ocrx_word' id='word_1_274' title='bbox 1098 273 1160 292; x_wconf 93' lang='lat' dir='ltr'><strong>cum</strong></span> <span class='ocrx_word' id='word_1_275' title='bbox 1175 271 1228 290; x_wconf 92' lang='lat' dir='ltr'><strong>non</strong></span> <span class='ocrx_word' id='word_1_276' title='bbox 1242 268 1352 295; x_wconf 84' lang='lat' dir='ltr'><strong>essent,</strong></span> <span class='ocrx_word' id='word_1_277' title='bbox 1369 262 1431 289; x_wconf 80' lang='lat' dir='ltr'><strong>fecit</strong></span> <span class='ocrx_word' id='word_1_278' title='bbox 1443 266 1472 289; x_wconf 90' lang='lat' dir='ltr'><strong>ut</strong></span> <span class='ocrx_word' id='word_1_279' title='bbox 1493 262 1667 290; x_wconf 77' lang='lat' dir='ltr'><strong>exsisterent.</strong></span> 
     </span>
    </p>
   </div>
   <div class='ocr_carea' id='block_1_36' title="bbox 888 307 1670 344">
    <p class='ocr_par' dir='ltr' id='par_1_36' title="bbox 888 307 1670 344">
     <span class='ocr_line' id='line_1_36' title="bbox 888 307 1670 344; baseline -0.006 -6"><span class='ocrx_word' id='word_1_280' title='bbox 888 313 982 339; x_wconf 83' lang='lat' dir='ltr'><strong>Anam.</strong></span> <span class='ocrx_word' id='word_1_281' title='bbox 998 311 1159 344; x_wconf 82' lang='lat' dir='ltr'><strong>Quomodo?</strong></span> <span class='ocrx_word' id='word_1_282' title='bbox 1174 309 1251 338; x_wconf 81' lang='lat' dir='ltr'><strong>Orth.</strong></span> <span class='ocrx_word' id='word_1_283' title='bbox 1278 309 1417 336; x_wconf 79' lang='lat' dir='ltr'><strong>Materiem</strong></span> <span class='ocrx_word' id='word_1_284' title='bbox 1434 312 1461 335; x_wconf 87' lang='lat' dir='ltr'><strong>et</strong></span> <span class='ocrx_word' id='word_1_285' title='bbox 1479 307 1564 335; x_wconf 66' lang='lat' dir='ltr'><strong>cmlos</strong></span> <span class='ocrx_word' id='word_1_286' title='bbox 1579 312 1605 334; x_wconf 87' lang='lat' dir='ltr'><strong>et</strong></span> <span class='ocrx_word' id='word_1_287' title='bbox 1621 315 1670 334; x_wconf 83' lang='lat' dir='ltr'><strong>an—</strong></span> 
     </span>
    </p>
   </div>
   <div class='ocr_carea' id='block_1_37' title="bbox 889 353 1669 392">
    <p class='ocr_par' dir='ltr' id='par_1_37' title="bbox 889 353 1669 392">
     <span class='ocr_line' id='line_1_37' title="bbox 889 353 1669 392; baseline -0.006 -8"><span class='ocrx_word' id='word_1_288' title='bbox 889 358 963 392; x_wconf 81' lang='lat' dir='ltr'><strong>gelos</strong></span> <span class='ocrx_word' id='word_1_289' title='bbox 978 357 1041 384; x_wconf 81' lang='lat' dir='ltr'><strong>fecit</strong></span> <span class='ocrx_word' id='word_1_290' title='bbox 1056 361 1085 383; x_wconf 86' lang='lat' dir='ltr'><strong>ut</strong></span> <span class='ocrx_word' id='word_1_291' title='bbox 1098 364 1131 383; x_wconf 78' lang='lat' dir='ltr'><strong>ex</strong></span> <span class='ocrx_word' id='word_1_292' title='bbox 1145 355 1230 383; x_wconf 84' lang='lat' dir='ltr'><strong>nihilo</strong></span> <span class='ocrx_word' id='word_1_293' title='bbox 1245 355 1419 382; x_wconf 85' lang='lat' dir='ltr'><strong>exsisterent.</strong></span> <span class='ocrx_word' id='word_1_294' title='bbox 1434 353 1565 380; x_wconf 82' lang='lat' dir='ltr'><strong>Voluntas</strong></span> <span class='ocrx_word' id='word_1_295' title='bbox 1578 357 1669 380; x_wconf 85' lang='lat' dir='ltr'><strong>autem</strong></span> 
     </span>
    </p>
   </div>
   <div class='ocr_carea' id='block_1_38' title="bbox 889 400 1670 436">
    <p class='ocr_par' dir='ltr' id='par_1_38' title="bbox 889 400 1670 436">
     <span class='ocr_line' id='line_1_38' title="bbox 889 400 1670 436; baseline -0.005 -8"><span class='ocrx_word' id='word_1_296' title='bbox 889 406 1095 429; x_wconf 84' lang='lat' dir='ltr'><strong>concurrentem</strong></span> <span class='ocrx_word' id='word_1_297' title='bbox 1116 405 1278 436; x_wconf 86' lang='lat' dir='ltr'><strong>potestatem</strong></span> <span class='ocrx_word' id='word_1_298' title='bbox 1300 404 1379 427; x_wconf 83' lang='lat' dir='ltr'><strong>nacta</strong></span> <span class='ocrx_word' id='word_1_299' title='bbox 1392 420 1398 431; x_wconf 87' lang='lat'><strong>,</strong></span> <span class='ocrx_word' id='word_1_300' title='bbox 1415 400 1478 427; x_wconf 79' lang='lat' dir='ltr'><strong>fecit</strong></span> <span class='ocrx_word' id='word_1_301' title='bbox 1501 404 1530 427; x_wconf 92' lang='lat' dir='ltr'><strong>ut</strong></span> <span class='ocrx_word' id='word_1_302' title='bbox 1552 400 1670 427; x_wconf 81' lang='lat' dir='ltr'><strong>exsiste-</strong></span> 
     </span>
    </p>
   </div>
   <div class='ocr_carea' id='block_1_39' title="bbox 889 445 1670 482">
    <p class='ocr_par' dir='ltr' id='par_1_39' title="bbox 889 445 1670 482">
     <span class='ocr_line' id='line_1_39' title="bbox 889 445 1670 482; baseline -0.004 -8"><span class='ocrx_word' id='word_1_303' title='bbox 889 452 930 474; x_wconf 88' lang='lat' dir='ltr'><strong>ret</strong></span> <span class='ocrx_word' id='word_1_304' title='bbox 948 447 1080 482; x_wconf 84' lang='lat' dir='ltr'><strong>quidquid</strong></span> <span class='ocrx_word' id='word_1_305' title='bbox 1104 447 1184 474; x_wconf 85' lang='lat' dir='ltr'><strong>libuit</strong></span> <span class='ocrx_word' id='word_1_306' title='bbox 1209 456 1216 474; x_wconf 88' lang='lat'><strong>:</strong></span> <span class='ocrx_word' id='word_1_307' title='bbox 1239 447 1364 473; x_wconf 80' lang='lat' dir='ltr'><strong>mortalia</strong></span> <span class='ocrx_word' id='word_1_308' title='bbox 1382 454 1444 473; x_wconf 83' lang='lat' dir='ltr'><strong>vero</strong></span> <span class='ocrx_word' id='word_1_309' title='bbox 1463 445 1610 472; x_wconf 71' lang='lat' dir='ltr'><strong>animantia</strong></span> <span class='ocrx_word' id='word_1_310' title='bbox 1636 453 1670 471; x_wconf 74' lang='lat' dir='ltr'><strong>ex</strong></span> 
     </span>
    </p>
   </div>
   <div class='ocr_carea' id='block_1_40' title="bbox 890 490 1670 520">
    <p class='ocr_par' dir='ltr' id='par_1_40' title="bbox 890 490 1670 520">
     <span class='ocr_line' id='line_1_40' title="bbox 890 490 1670 520; baseline -0.004 -1"><span class='ocrx_word' id='word_1_311' title='bbox 890 493 1004 520; x_wconf 86' lang='lat' dir='ltr'><strong>materia</strong></span> <span class='ocrx_word' id='word_1_312' title='bbox 1020 492 1150 520; x_wconf 76' lang='lat' dir='ltr'><strong>condidit.</strong></span> <span class='ocrx_word' id='word_1_313' title='bbox 1165 491 1258 519; x_wconf 78' lang='lat' dir='ltr'><strong>Anam.</strong></span> <span class='ocrx_word' id='word_1_314' title='bbox 1275 491 1331 518; x_wconf 81' lang='lat' dir='ltr'><strong>Hoc</strong></span> <span class='ocrx_word' id='word_1_315' title='bbox 1342 491 1465 518; x_wconf 88' lang='lat' dir='ltr'><strong>admitto.</strong></span> <span class='ocrx_word' id='word_1_316' title='bbox 1480 491 1555 518; x_wconf 79' lang='lat' dir='ltr'><strong>Orth.</strong></span> <span class='ocrx_word' id='word_1_317' title='bbox 1571 490 1670 517; x_wconf 88' lang='lat' dir='ltr'><strong>Filium</strong></span> 
     </span>
    </p>
   </div>
   <div class='ocr_carea' id='block_1_41' title="bbox 889 536 1672 572">
    <p class='ocr_par' dir='ltr' id='par_1_41' title="bbox 889 536 1672 572">
     <span class='ocr_line' id='line_1_41' title="bbox 889 536 1672 572; baseline 0 -8"><span class='ocrx_word' id='word_1_318' title='bbox 889 545 954 565; x_wconf 86' lang='lat' dir='ltr'><strong>vero</strong></span> <span class='ocrx_word' id='word_1_319' title='bbox 977 545 1068 565; x_wconf 88' lang='lat' dir='ltr'><strong>nonne</strong></span> <span class='ocrx_word' id='word_1_320' title='bbox 1089 538 1131 564; x_wconf 91' lang='lat' dir='ltr'><strong>ais</strong></span> <span class='ocrx_word' id='word_1_321' title='bbox 1155 537 1305 572; x_wconf 85' lang='lat' dir='ltr'><strong>simplicem</strong></span> <span class='ocrx_word' id='word_1_322' title='bbox 1330 544 1391 564; x_wconf 84' lang='lat' dir='ltr'><strong>esse</strong></span> <span class='ocrx_word' id='word_1_323' title='bbox 1414 541 1440 563; x_wconf 91' lang='lat' dir='ltr'><strong>et</strong></span> <span class='ocrx_word' id='word_1_324' title='bbox 1464 536 1672 571; x_wconf 83' lang='lat' dir='ltr'><strong>compositionis</strong></span> 
     </span>
    </p>
   </div>
   <div class='ocr_carea' id='block_1_42' title="bbox 890 581 1672 618">
    <p class='ocr_par' dir='ltr' id='par_1_42' title="bbox 890 581 1672 618">
     <span class='ocr_line' id='line_1_42' title="bbox 890 581 1672 618; baseline -0.004 -7"><span class='ocrx_word' id='word_1_325' title='bbox 890 583 1048 618; x_wconf 81' lang='lat' dir='ltr'><strong>expertem?</strong></span> <span class='ocrx_word' id='word_1_326' title='bbox 1062 583 1156 610; x_wconf 84' lang='lat' dir='ltr'><strong>Anam.</strong></span> <span class='ocrx_word' id='word_1_327' title='bbox 1172 582 1270 610; x_wconf 84' lang='lat' dir='ltr'><strong>Etiam.</strong></span> <span class='ocrx_word' id='word_1_328' title='bbox 1288 581 1363 608; x_wconf 80' lang='lat' dir='ltr'><strong>Orth.</strong></span> <span class='ocrx_word' id='word_1_329' title='bbox 1391 582 1432 608; x_wconf 82' lang='lat' dir='ltr'><strong>An</strong></span> <span class='ocrx_word' id='word_1_330' title='bbox 1454 582 1537 617; x_wconf 80' lang='lat' dir='ltr'><strong>igitur</strong></span> <span class='ocrx_word' id='word_1_331' title='bbox 1559 581 1631 616; x_wconf 90' lang='lat' dir='ltr'><strong>quod</strong></span> <span class='ocrx_word' id='word_1_332' title='bbox 1655 589 1672 608; x_wconf 80' lang='lat' dir='ltr'><strong>a</strong></span> 
     </span>
    </p>
   </div>
   <div class='ocr_carea' id='block_1_43' title="bbox 891 626 1674 662">
    <p class='ocr_par' dir='ltr' id='par_1_43' title="bbox 891 626 1674 662">
     <span class='ocr_line' id='line_1_43' title="bbox 891 626 1674 662; baseline -0.004 -6"><span class='ocrx_word' id='word_1_333' title='bbox 891 629 960 657; x_wconf 81' lang='lat' dir='ltr'><strong>Filio</strong></span> <span class='ocrx_word' id='word_1_334' title='bbox 984 629 1124 656; x_wconf 90' lang='lat' dir='ltr'><strong>conditum</strong></span> <span class='ocrx_word' id='word_1_335' title='bbox 1150 632 1209 660; x_wconf 79' lang='lat' dir='ltr'><strong>est,</strong></span> <span class='ocrx_word' id='word_1_336' title='bbox 1235 635 1269 654; x_wconf 78' lang='lat' dir='ltr'><strong>ex</strong></span> <span class='ocrx_word' id='word_1_337' title='bbox 1293 635 1326 655; x_wconf 88' lang='lat' dir='ltr'><strong>eo</strong></span> <span class='ocrx_word' id='word_1_338' title='bbox 1343 635 1451 662; x_wconf 87' lang='lat' dir='ltr'><strong>quoque</strong></span> <span class='ocrx_word' id='word_1_339' title='bbox 1472 628 1593 662; x_wconf 81' lang='lat' dir='ltr'><strong>genitum</strong></span> <span class='ocrx_word' id='word_1_340' title='bbox 1609 626 1674 654; x_wconf 81' lang='lat' dir='ltr'><strong>ais?</strong></span> 
     </span>
    </p>
   </div>
   <div class='ocr_carea' id='block_1_44' title="bbox 891 672 1674 708">
    <p class='ocr_par' dir='ltr' id='par_1_44' title="bbox 891 672 1674 708">
     <span class='ocr_line' id='line_1_44' title="bbox 891 672 1674 708; baseline -0.001 -8"><span class='ocrx_word' id='word_1_341' title='bbox 891 675 986 701; x_wconf 79' lang='lat' dir='ltr'><strong>Anam.</strong></span> <span class='ocrx_word' id='word_1_342' title='bbox 1002 673 1120 701; x_wconf 79' lang='lat' dir='ltr'><strong>Minime.</strong></span> <span class='ocrx_word' id='word_1_343' title='bbox 1141 673 1218 701; x_wconf 81' lang='lat' dir='ltr'><strong>Orth.</strong></span> <span class='ocrx_word' id='word_1_344' title='bbox 1235 672 1274 705; x_wconf 86' lang='lat' dir='ltr'><strong>Si,</strong></span> <span class='ocrx_word' id='word_1_345' title='bbox 1287 673 1415 708; x_wconf 90' lang='lat' dir='ltr'><strong>quoniam</strong></span> <span class='ocrx_word' id='word_1_346' title='bbox 1439 672 1519 700; x_wconf 83' lang='lat' dir='ltr'><strong>Pater</strong></span> <span class='ocrx_word' id='word_1_347' title='bbox 1541 676 1583 699; x_wconf 85' lang='lat' dir='ltr'><strong>est</strong></span> <span class='ocrx_word' id='word_1_348' title='bbox 1606 673 1674 700; x_wconf 86' lang='lat' dir='ltr'><strong>sim-</strong></span> 
     </span>
    </p>
   </div>
   <div class='ocr_carea' id='block_1_45' title="bbox 891 718 1674 756">
    <p class='ocr_par' dir='ltr' id='par_1_45' title="bbox 891 718 1674 756">
     <span class='ocr_line' id='line_1_45' title="bbox 891 718 1674 756; baseline -0.004 -9"><span class='ocrx_word' id='word_1_349' title='bbox 891 722 968 756; x_wconf 83' lang='lat' dir='ltr'><strong>plex,</strong></span> <span class='ocrx_word' id='word_1_350' title='bbox 985 721 1089 748; x_wconf 84' lang='lat' dir='ltr'><strong>idcirco</strong></span> <span class='ocrx_word' id='word_1_351' title='bbox 1102 720 1173 756; x_wconf 90' lang='lat' dir='ltr'><strong>quod</strong></span> <span class='ocrx_word' id='word_1_352' title='bbox 1188 727 1203 746; x_wconf 88' lang='lat' dir='ltr'><strong>a</strong></span> <span class='ocrx_word' id='word_1_353' title='bbox 1217 719 1299 747; x_wconf 83' lang='lat' dir='ltr'><strong>Patre</strong></span> <span class='ocrx_word' id='word_1_354' title='bbox 1313 719 1452 747; x_wconf 87' lang='lat' dir='ltr'><strong>conditum</strong></span> <span class='ocrx_word' id='word_1_355' title='bbox 1468 721 1511 746; x_wconf 90' lang='lat' dir='ltr'><strong>est</strong></span> <span class='ocrx_word' id='word_1_356' title='bbox 1532 718 1613 745; x_wconf 86' lang='lat' dir='ltr'><strong>etiam</strong></span> <span class='ocrx_word' id='word_1_357' title='bbox 1628 725 1674 753; x_wconf 85' lang='lat' dir='ltr'><strong>ge-</strong></span> 
     </span>
    </p>
   </div>
   <div class='ocr_carea' id='block_1_46' title="bbox 892 765 1676 801">
    <p class='ocr_par' dir='ltr' id='par_1_46' title="bbox 892 765 1676 801">
     <span class='ocr_line' id='line_1_46' title="bbox 892 765 1676 801; baseline -0.005 -8"><span class='ocrx_word' id='word_1_358' title='bbox 892 767 979 793; x_wconf 91' lang='lat' dir='ltr'><strong>nitum</strong></span> <span class='ocrx_word' id='word_1_359' title='bbox 993 766 1062 794; x_wconf 89' lang='lat' dir='ltr'><strong>dicis</strong></span> <span class='ocrx_word' id='word_1_360' title='bbox 1072 786 1078 797; x_wconf 86' lang='lat'><strong>.</strong></span> <span class='ocrx_word' id='word_1_361' title='bbox 1094 774 1190 801; x_wconf 88' lang='lat' dir='ltr'><strong>nempe</strong></span> <span class='ocrx_word' id='word_1_362' title='bbox 1206 765 1279 800; x_wconf 92' lang='lat' dir='ltr'><strong>quod</strong></span> <span class='ocrx_word' id='word_1_363' title='bbox 1296 765 1415 800; x_wconf 80' lang='lat' dir='ltr'><strong>genitum</strong></span> <span class='ocrx_word' id='word_1_364' title='bbox 1430 767 1489 796; x_wconf 89' lang='lat' dir='ltr'><strong>est,</strong></span> <span class='ocrx_word' id='word_1_365' title='bbox 1502 765 1584 791; x_wconf 80' lang='lat' dir='ltr'><strong>etiam</strong></span> <span class='ocrx_word' id='word_1_366' title='bbox 1598 771 1676 790; x_wconf 55' lang='lat' dir='ltr'><strong>creav</strong></span> 
     </span>
    </p>
   </div>
   <div class='ocr_carea' id='block_1_47' title="bbox 891 809 1675 845">
    <p class='ocr_par' dir='ltr' id='par_1_47' title="bbox 891 809 1675 845">
     <span class='ocr_line' id='line_1_47' title="bbox 891 809 1675 845; baseline -0.004 -7"><span class='ocrx_word' id='word_1_367' title='bbox 891 815 949 838; x_wconf 85' lang='lat' dir='ltr'><strong>tum</strong></span> <span class='ocrx_word' id='word_1_368' title='bbox 966 815 1026 839; x_wconf 90' lang='lat' dir='ltr'><strong>est:</strong></span> <span class='ocrx_word' id='word_1_369' title='bbox 1045 817 1072 838; x_wconf 92' lang='lat' dir='ltr'><strong>at</strong></span> <span class='ocrx_word' id='word_1_370' title='bbox 1087 811 1174 838; x_wconf 87' lang='lat' dir='ltr'><strong>Filius</strong></span> <span class='ocrx_word' id='word_1_371' title='bbox 1188 818 1297 845; x_wconf 83' lang='lat' dir='ltr'><strong>quoque</strong></span> <span class='ocrx_word' id='word_1_372' title='bbox 1313 814 1355 837; x_wconf 80' lang='lat' dir='ltr'><strong>est</strong></span> <span class='ocrx_word' id='word_1_373' title='bbox 1370 810 1484 844; x_wconf 80' lang='lat' dir='ltr'><strong>simplex</strong></span> <span class='ocrx_word' id='word_1_374' title='bbox 1501 819 1508 837; x_wconf 93' lang='lat'><strong>:</strong></span> <span class='ocrx_word' id='word_1_375' title='bbox 1525 817 1589 844; x_wconf 80' lang='lat' dir='ltr'><strong>ergo</strong></span> <span class='ocrx_word' id='word_1_376' title='bbox 1602 809 1675 845; x_wconf 81' lang='lat' dir='ltr'><strong>quod</strong></span> 
     </span>
    </p>
   </div>
   <div class='ocr_carea' id='block_1_48' title="bbox 859 852 1676 891">
    <p class='ocr_par' dir='ltr' id='par_1_48' title="bbox 859 852 1676 891">
     <span class='ocr_line' id='line_1_48' title="bbox 859 852 1676 891; baseline -0.001 -8"><span class='ocrx_word' id='word_1_377' title='bbox 859 852 880 880; x_wconf 82' lang='grc' dir='ltr'><strong>Β</strong></span> <span class='ocrx_word' id='word_1_378' title='bbox 894 858 1011 888; x_wconf 83' lang='lat' dir='ltr'><strong>creavit,</strong></span> <span class='ocrx_word' id='word_1_379' title='bbox 1033 857 1114 884; x_wconf 87' lang='lat' dir='ltr'><strong>etiam</strong></span> <span class='ocrx_word' id='word_1_380' title='bbox 1136 857 1249 891; x_wconf 79' lang='lat' dir='ltr'><strong>genuit:</strong></span> <span class='ocrx_word' id='word_1_381' title='bbox 1266 862 1294 883; x_wconf 85' lang='lat' dir='ltr'><strong>et</strong></span> <span class='ocrx_word' id='word_1_382' title='bbox 1309 856 1390 883; x_wconf 82' lang='lat' dir='ltr'><strong>Pater</strong></span> <span class='ocrx_word' id='word_1_383' title='bbox 1411 856 1594 890; x_wconf 86' lang='lat' dir='ltr'><strong>comperietur</strong></span> <span class='ocrx_word' id='word_1_384' title='bbox 1615 863 1676 882; x_wconf 87' lang='lat' dir='ltr'><strong>esse</strong></span> 
     </span>
    </p>
   </div>
   <div class='ocr_carea' id='block_1_49' title="bbox 891 901 1674 937">
    <p class='ocr_par' dir='ltr' id='par_1_49' title="bbox 891 901 1674 937">
     <span class='ocr_line' id='line_1_49' title="bbox 891 901 1674 937; baseline -0.003 -9"><span class='ocrx_word' id='word_1_385' title='bbox 891 901 955 929; x_wconf 84' lang='lat' dir='ltr'><strong>Filii</strong></span> <span class='ocrx_word' id='word_1_386' title='bbox 978 902 1088 937; x_wconf 87' lang='lat' dir='ltr'><strong>quidem</strong></span> <span class='ocrx_word' id='word_1_387' title='bbox 1113 907 1200 936; x_wconf 86' lang='lat' dir='ltr'><strong>pater,</strong></span> <span class='ocrx_word' id='word_1_388' title='bbox 1223 909 1315 928; x_wconf 90' lang='lat' dir='ltr'><strong>rerum</strong></span> <span class='ocrx_word' id='word_1_389' title='bbox 1336 908 1401 928; x_wconf 88' lang='lat' dir='ltr'><strong>vero</strong></span> <span class='ocrx_word' id='word_1_390' title='bbox 1417 905 1575 927; x_wconf 57' lang='lat' dir='ltr'><strong>&#39;creatarum</strong></span> <span class='ocrx_word' id='word_1_391' title='bbox 1597 908 1674 927; x_wconf 82' lang='lat' dir='ltr'><strong>avus.</strong></span> 
     </span>
    </p>
   </div>
   <div class='ocr_carea' id='block_1_50' title="bbox 893 945 1677 983">
    <p class='ocr_par' dir='ltr' id='par_1_50' title="bbox 893 945 1677 983">
     <span class='ocr_line' id='line_1_50' title="bbox 893 945 1677 983; baseline -0.001 -10"><span class='ocrx_word' id='word_1_392' title='bbox 893 947 986 974; x_wconf 82' lang='lat' dir='ltr'><strong>Anam.</strong></span> <span class='ocrx_word' id='word_1_393' title='bbox 1014 947 1067 974; x_wconf 88' lang='lat' dir='ltr'><strong>Sed</strong></span> <span class='ocrx_word' id='word_1_394' title='bbox 1091 948 1163 982; x_wconf 92' lang='lat' dir='ltr'><strong>quod</strong></span> <span class='ocrx_word' id='word_1_395' title='bbox 1188 950 1231 974; x_wconf 83' lang='lat' dir='ltr'><strong>est</strong></span> <span class='ocrx_word' id='word_1_396' title='bbox 1253 947 1374 983; x_wconf 85' lang='lat' dir='ltr'><strong>genitum</strong></span> <span class='ocrx_word' id='word_1_397' title='bbox 1392 953 1407 972; x_wconf 87' lang='lat' dir='ltr'><strong>a</strong></span> <span class='ocrx_word' id='word_1_398' title='bbox 1427 945 1520 977; x_wconf 81' lang='lat' dir='ltr'><strong>Putre.</strong></span> <span class='ocrx_word' id='word_1_399' title='bbox 1537 947 1618 973; x_wconf 80' lang='lat' dir='ltr'><strong>etiam</strong></span> <span class='ocrx_word' id='word_1_400' title='bbox 1635 950 1677 974; x_wconf 84' lang='lat' dir='ltr'><strong>est</strong></span> 
     </span>
    </p>
   </div>
   <div class='ocr_carea' id='block_1_51' title="bbox 892 993 1678 1029">
    <p class='ocr_par' dir='ltr' id='par_1_51' title="bbox 892 993 1678 1029">
     <span class='ocr_line' id='line_1_51' title="bbox 892 993 1678 1029; baseline 0.001 -8"><span class='ocrx_word' id='word_1_401' title='bbox 892 999 1034 1022; x_wconf 88' lang='lat' dir='ltr'><strong>creatum:</strong></span> <span class='ocrx_word' id='word_1_402' title='bbox 1061 994 1133 1029; x_wconf 88' lang='lat' dir='ltr'><strong>quod</strong></span> <span class='ocrx_word' id='word_1_403' title='bbox 1161 999 1252 1022; x_wconf 90' lang='lat' dir='ltr'><strong>autem</strong></span> <span class='ocrx_word' id='word_1_404' title='bbox 1277 999 1400 1022; x_wconf 85' lang='lat' dir='ltr'><strong>creatum</strong></span> <span class='ocrx_word' id='word_1_405' title='bbox 1426 998 1468 1021; x_wconf 87' lang='lat' dir='ltr'><strong>est</strong></span> <span class='ocrx_word' id='word_1_406' title='bbox 1489 1002 1504 1021; x_wconf 89' lang='lat' dir='ltr'><strong>a</strong></span> <span class='ocrx_word' id='word_1_407' title='bbox 1523 993 1611 1027; x_wconf 80' lang='lat' dir='ltr'><strong>Filio,</strong></span> <span class='ocrx_word' id='word_1_408' title='bbox 1634 1000 1678 1022; x_wconf 89' lang='lat' dir='ltr'><strong>est</strong></span> 
     </span>
    </p>
   </div>
   <div class='ocr_carea' id='block_1_52' title="bbox 893 1041 1676 1077">
    <p class='ocr_par' dir='ltr' id='par_1_52' title="bbox 893 1041 1676 1077">
     <span class='ocr_line' id='line_1_52' title="bbox 893 1041 1676 1077; baseline 0.003 -9"><span class='ocrx_word' id='word_1_409' title='bbox 893 1046 1029 1068; x_wconf 83' lang='lat' dir='ltr'><strong>creatura.</strong></span> <span class='ocrx_word' id='word_1_410' title='bbox 1048 1042 1125 1069; x_wconf 80' lang='lat' dir='ltr'><strong>Orth.</strong></span> <span class='ocrx_word' id='word_1_411' title='bbox 1143 1041 1382 1077; x_wconf 85' lang='lat' dir='ltr'><strong>Nonne,quaniam</strong></span> <span class='ocrx_word' id='word_1_412' title='bbox 1399 1043 1515 1077; x_wconf 81' lang='lat' dir='ltr'><strong>simplex</strong></span> <span class='ocrx_word' id='word_1_413' title='bbox 1529 1046 1571 1069; x_wconf 88' lang='lat' dir='ltr'><strong>est</strong></span> <span class='ocrx_word' id='word_1_414' title='bbox 1587 1041 1676 1075; x_wconf 84' lang='lat' dir='ltr'><strong>Deus,</strong></span> 
     </span>
    </p>
   </div>
   <div class='ocr_carea' id='block_1_53' title="bbox 897 1087 1677 1123">
    <p class='ocr_par' dir='ltr' id='par_1_53' title="bbox 897 1087 1677 1123">
     <span class='ocr_line' id='line_1_53' title="bbox 897 1087 1677 1123; baseline 0.001 -9"><span class='ocrx_word' id='word_1_415' title='bbox 897 1087 1000 1114; x_wconf 88' lang='lat' dir='ltr'><strong>ideirco</strong></span> <span class='ocrx_word' id='word_1_416' title='bbox 1023 1087 1097 1122; x_wconf 89' lang='lat' dir='ltr'><strong>quod</strong></span> <span class='ocrx_word' id='word_1_417' title='bbox 1122 1091 1156 1115; x_wconf 81' lang='lat' dir='ltr'><strong>at)</strong></span> <span class='ocrx_word' id='word_1_418' title='bbox 1171 1096 1203 1115; x_wconf 90' lang='lat' dir='ltr'><strong>eo</strong></span> <span class='ocrx_word' id='word_1_419' title='bbox 1225 1091 1348 1116; x_wconf 88' lang='lat' dir='ltr'><strong>creatum</strong></span> <span class='ocrx_word' id='word_1_420' title='bbox 1369 1091 1429 1120; x_wconf 84' lang='lat' dir='ltr'><strong>est,</strong></span> <span class='ocrx_word' id='word_1_421' title='bbox 1452 1088 1533 1115; x_wconf 86' lang='lat' dir='ltr'><strong>etiam</strong></span> <span class='ocrx_word' id='word_1_422' title='bbox 1555 1089 1677 1123; x_wconf 81' lang='lat' dir='ltr'><strong>genitum</strong></span> 
     </span>
    </p>
   </div>
   <div class='ocr_carea' id='block_1_54' title="bbox 895 1133 1678 1170">
    <p class='ocr_par' dir='ltr' id='par_1_54' title="bbox 895 1133 1678 1170">
     <span class='ocr_line' id='line_1_54' title="bbox 895 1133 1678 1170; baseline 0 -9"><span class='ocrx_word' id='word_1_423' title='bbox 895 1141 974 1161; x_wconf 85' lang='lat' dir='ltr'><strong>esse:</strong></span> <span class='ocrx_word' id='word_1_424' title='bbox 991 1137 1017 1161; x_wconf 87' lang='lat' dir='ltr'><strong>et</strong></span> <span class='ocrx_word' id='word_1_425' title='bbox 1033 1133 1105 1168; x_wconf 86' lang='lat' dir='ltr'><strong>quod</strong></span> <span class='ocrx_word' id='word_1_426' title='bbox 1122 1134 1156 1161; x_wconf 88' lang='lat' dir='ltr'><strong>ab</strong></span> <span class='ocrx_word' id='word_1_427' title='bbox 1169 1142 1202 1162; x_wconf 89' lang='lat' dir='ltr'><strong>eo</strong></span> <span class='ocrx_word' id='word_1_428' title='bbox 1216 1135 1340 1170; x_wconf 75' lang='lat' dir='ltr'><strong>genitura</strong></span> <span class='ocrx_word' id='word_1_429' title='bbox 1361 1138 1421 1165; x_wconf 89' lang='lat' dir='ltr'><strong>est,</strong></span> <span class='ocrx_word' id='word_1_430' title='bbox 1447 1134 1529 1161; x_wconf 79' lang='lat' dir='ltr'><strong>etiam</strong></span> <span class='ocrx_word' id='word_1_431' title='bbox 1555 1139 1678 1162; x_wconf 90' lang='lat' dir='ltr'><strong>creatum</strong></span> 
     </span>
    </p>
   </div>
   <div class='ocr_carea' id='block_1_55' title="bbox 896 1179 1677 1216">
    <p class='ocr_par' dir='ltr' id='par_1_55' title="bbox 896 1179 1677 1216">
     <span class='ocr_line' id='line_1_55' title="bbox 896 1179 1677 1216; baseline 0 -9"><span class='ocrx_word' id='word_1_432' title='bbox 896 1187 956 1208; x_wconf 86' lang='lat' dir='ltr'><strong>esse</strong></span> <span class='ocrx_word' id='word_1_433' title='bbox 967 1180 1029 1208; x_wconf 86' lang='lat' dir='ltr'><strong>vis?</strong></span> <span class='ocrx_word' id='word_1_434' title='bbox 1041 1180 1088 1208; x_wconf 88' lang='lat' dir='ltr'><strong>Sin</strong></span> <span class='ocrx_word' id='word_1_435' title='bbox 1100 1181 1188 1208; x_wconf 90' lang='lat' dir='ltr'><strong>minus</strong></span> <span class='ocrx_word' id='word_1_436' title='bbox 1198 1202 1205 1213; x_wconf 94' lang='lat'><strong>,</strong></span> <span class='ocrx_word' id='word_1_437' title='bbox 1222 1180 1359 1216; x_wconf 90' lang='lat' dir='ltr'><strong>quomodo</strong></span> <span class='ocrx_word' id='word_1_438' title='bbox 1371 1180 1474 1208; x_wconf 86' lang='lat' dir='ltr'><strong>sentis?</strong></span> <span class='ocrx_word' id='word_1_439' title='bbox 1485 1179 1579 1207; x_wconf 80' lang='lat' dir='ltr'><strong>Anam.</strong></span> <span class='ocrx_word' id='word_1_440' title='bbox 1593 1180 1677 1208; x_wconf 86' lang='lat' dir='ltr'><strong>Sane.</strong></span> 
     </span>
    </p>
   </div>
   <div class='ocr_carea' id='block_1_56' title="bbox 897 1225 1678 1261">
    <p class='ocr_par' dir='ltr' id='par_1_56' title="bbox 897 1225 1678 1261">
     <span class='ocr_line' id='line_1_56' title="bbox 897 1225 1678 1261; baseline -0.001 -8"><span class='ocrx_word' id='word_1_441' title='bbox 897 1225 972 1253; x_wconf 79' lang='lat' dir='ltr'><strong>Orth.</strong></span> <span class='ocrx_word' id='word_1_442' title='bbox 989 1225 1058 1261; x_wconf 88' lang='lat' dir='ltr'><strong>Ergo</strong></span> <span class='ocrx_word' id='word_1_443' title='bbox 1080 1231 1107 1253; x_wconf 89' lang='lat' dir='ltr'><strong>et</strong></span> <span class='ocrx_word' id='word_1_444' title='bbox 1128 1227 1199 1261; x_wconf 87' lang='lat' dir='ltr'><strong>quod</strong></span> <span class='ocrx_word' id='word_1_445' title='bbox 1215 1230 1337 1253; x_wconf 87' lang='lat' dir='ltr'><strong>creatum</strong></span> <span class='ocrx_word' id='word_1_446' title='bbox 1353 1230 1395 1253; x_wconf 87' lang='lat' dir='ltr'><strong>est</strong></span> <span class='ocrx_word' id='word_1_447' title='bbox 1410 1233 1424 1252; x_wconf 85' lang='lat' dir='ltr'><strong>a</strong></span> <span class='ocrx_word' id='word_1_448' title='bbox 1438 1225 1508 1253; x_wconf 88' lang='lat' dir='ltr'><strong>Filio</strong></span> <span class='ocrx_word' id='word_1_449' title='bbox 1518 1247 1525 1259; x_wconf 87' lang='lat'><strong>,</strong></span> <span class='ocrx_word' id='word_1_450' title='bbox 1541 1229 1583 1253; x_wconf 89' lang='lat' dir='ltr'><strong>est</strong></span> <span class='ocrx_word' id='word_1_451' title='bbox 1596 1226 1678 1253; x_wconf 85' lang='lat' dir='ltr'><strong>etiam</strong></span> 
     </span>
    </p>
   </div>
   <div class='ocr_carea' id='block_1_57' title="bbox 896 1271 1681 1307">
    <p class='ocr_par' dir='ltr' id='par_1_57' title="bbox 896 1271 1681 1307">
     <span class='ocr_line' id='line_1_57' title="bbox 896 1271 1681 1307; baseline 0 -10"><span class='ocrx_word' id='word_1_452' title='bbox 896 1271 1033 1306; x_wconf 84' lang='lat' dir='ltr'><strong>genitum,</strong></span> <span class='ocrx_word' id='word_1_453' title='bbox 1049 1275 1142 1306; x_wconf 85' lang='lat' dir='ltr'><strong>utpote</strong></span> <span class='ocrx_word' id='word_1_454' title='bbox 1158 1272 1205 1307; x_wconf 88' lang='lat' dir='ltr'><strong>qui</strong></span> <span class='ocrx_word' id='word_1_455' title='bbox 1227 1272 1262 1299; x_wconf 87' lang='lat' dir='ltr'><strong>sit</strong></span> <span class='ocrx_word' id='word_1_456' title='bbox 1277 1272 1487 1306; x_wconf 84' lang='lat' dir='ltr'><strong>compositionis</strong></span> <span class='ocrx_word' id='word_1_457' title='bbox 1503 1279 1620 1306; x_wconf 79' lang='lat' dir='ltr'><strong>expers:</strong></span> <span class='ocrx_word' id='word_1_458' title='bbox 1637 1271 1681 1299; x_wconf 87' lang='lat' dir='ltr'><strong>vel</strong></span> 
     </span>
    </p>
   </div>
   <div class='ocr_carea' id='block_1_58' title="bbox 897 1316 1682 1353">
    <p class='ocr_par' dir='ltr' id='par_1_58' title="bbox 897 1316 1682 1353">
     <span class='ocr_line' id='line_1_58' title="bbox 897 1316 1682 1353; baseline 0.001 -10"><span class='ocrx_word' id='word_1_459' title='bbox 897 1317 978 1344; x_wconf 85' lang='lat' dir='ltr'><strong>etiam</strong></span> <span class='ocrx_word' id='word_1_460' title='bbox 994 1317 1018 1344; x_wconf 91' lang='lat' dir='ltr'><strong>si</strong></span> <span class='ocrx_word' id='word_1_461' title='bbox 1040 1316 1121 1344; x_wconf 84' lang='lat' dir='ltr'><strong>Pater</strong></span> <span class='ocrx_word' id='word_1_462' title='bbox 1136 1322 1178 1345; x_wconf 88' lang='lat' dir='ltr'><strong>est</strong></span> <span class='ocrx_word' id='word_1_463' title='bbox 1191 1317 1400 1353; x_wconf 87' lang='lat' dir='ltr'><strong>compositionis</strong></span> <span class='ocrx_word' id='word_1_464' title='bbox 1421 1325 1538 1352; x_wconf 78' lang='lat' dir='ltr'><strong>expers,</strong></span> <span class='ocrx_word' id='word_1_465' title='bbox 1561 1324 1616 1344; x_wconf 88' lang='lat' dir='ltr'><strong>non</strong></span> <span class='ocrx_word' id='word_1_466' title='bbox 1639 1317 1682 1344; x_wconf 89' lang='lat' dir='ltr'><strong>id-</strong></span> 
     </span>
    </p>
   </div>
   <div class='ocr_carea' id='block_1_59' title="bbox 898 1362 1679 1398">
    <p class='ocr_par' dir='ltr' id='par_1_59' title="bbox 898 1362 1679 1398">
     <span class='ocr_line' id='line_1_59' title="bbox 898 1362 1679 1398; baseline 0.001 -10"><span class='ocrx_word' id='word_1_467' title='bbox 898 1362 972 1389; x_wconf 89' lang='lat' dir='ltr'><strong>circo</strong></span> <span class='ocrx_word' id='word_1_468' title='bbox 986 1366 1077 1389; x_wconf 88' lang='lat' dir='ltr'><strong>tamen</strong></span> <span class='ocrx_word' id='word_1_469' title='bbox 1092 1363 1164 1397; x_wconf 90' lang='lat' dir='ltr'><strong>quod</strong></span> <span class='ocrx_word' id='word_1_470' title='bbox 1179 1363 1212 1389; x_wconf 85' lang='lat' dir='ltr'><strong>ab</strong></span> <span class='ocrx_word' id='word_1_471' title='bbox 1225 1370 1258 1390; x_wconf 90' lang='lat' dir='ltr'><strong>eo</strong></span> <span class='ocrx_word' id='word_1_472' title='bbox 1274 1363 1395 1398; x_wconf 86' lang='lat' dir='ltr'><strong>genitum</strong></span> <span class='ocrx_word' id='word_1_473' title='bbox 1409 1366 1467 1394; x_wconf 87' lang='lat' dir='ltr'><strong>est,</strong></span> <span class='ocrx_word' id='word_1_474' title='bbox 1483 1365 1604 1389; x_wconf 80' lang='lat' dir='ltr'><strong>creatum</strong></span> <span class='ocrx_word' id='word_1_475' title='bbox 1617 1365 1659 1390; x_wconf 87' lang='lat' dir='ltr'><strong>est</strong></span> <span class='ocrx_word' id='word_1_476' title='bbox 1673 1372 1679 1389; x_wconf 72' lang='grc' dir='ltr'><strong>ε</strong></span> 
     </span>
    </p>
   </div>
   <div class='ocr_carea' id='block_1_60' title="bbox 898 1407 1682 1442">
    <p class='ocr_par' dir='ltr' id='par_1_60' title="bbox 898 1407 1682 1442">
     <span class='ocr_line' id='line_1_60' title="bbox 898 1407 1682 1442; baseline -0.001 -9"><span class='ocrx_word' id='word_1_477' title='bbox 898 1415 950 1434; x_wconf 78' lang='lat' dir='ltr'><strong>nec</strong></span> <span class='ocrx_word' id='word_1_478' title='bbox 964 1407 1037 1442; x_wconf 87' lang='lat' dir='ltr'><strong>quod</strong></span> <span class='ocrx_word' id='word_1_479' title='bbox 1053 1408 1088 1434; x_wconf 84' lang='lat' dir='ltr'><strong>ab</strong></span> <span class='ocrx_word' id='word_1_480' title='bbox 1103 1415 1135 1434; x_wconf 90' lang='lat' dir='ltr'><strong>eo</strong></span> <span class='ocrx_word' id='word_1_481' title='bbox 1149 1411 1271 1434; x_wconf 83' lang='lat' dir='ltr'><strong>creatum</strong></span> <span class='ocrx_word' id='word_1_482' title='bbox 1288 1411 1345 1440; x_wconf 87' lang='lat' dir='ltr'><strong>est,</strong></span> <span class='ocrx_word' id='word_1_483' title='bbox 1362 1407 1483 1442; x_wconf 78' lang='lat' dir='ltr'><strong>genitum</strong></span> <span class='ocrx_word' id='word_1_484' title='bbox 1498 1412 1557 1436; x_wconf 84' lang='lat' dir='ltr'><strong>est.</strong></span> <span class='ocrx_word' id='word_1_485' title='bbox 1573 1407 1682 1434; x_wconf 87' lang='lat' dir='ltr'><strong>etiamsi</strong></span> 
     </span>
    </p>
   </div>
   <div class='ocr_carea' id='block_1_61' title="bbox 900 1453 1684 1494">
    <p class='ocr_par' dir='ltr' id='par_1_61' title="bbox 900 1453 1684 1494">
     <span class='ocr_line' id='line_1_61' title="bbox 900 1453 1684 1494; baseline 0.001 -15"><span class='ocrx_word' id='word_1_486' title='bbox 900 1453 936 1480; x_wconf 85' lang='lat' dir='ltr'><strong>sit</strong></span> <span class='ocrx_word' id='word_1_487' title='bbox 952 1454 1011 1488; x_wconf 87' lang='lat' dir='ltr'><strong>ipse</strong></span> <span class='ocrx_word' id='word_1_488' title='bbox 1024 1455 1230 1494; x_wconf 83' lang='lat' dir='ltr'><strong>compositionis</strong></span> <span class='ocrx_word' id='word_1_489' title='bbox 1245 1461 1355 1489; x_wconf 79' lang='lat' dir='ltr'><strong>expers.</strong></span> <span class='ocrx_word' id='word_1_490' title='bbox 1371 1454 1405 1480; x_wconf 91' lang='lat' dir='ltr'><strong>At</strong></span> <span class='ocrx_word' id='word_1_491' title='bbox 1418 1453 1504 1480; x_wconf 83' lang='lat' dir='ltr'><strong>Filius</strong></span> <span class='ocrx_word' id='word_1_492' title='bbox 1522 1454 1629 1488; x_wconf 78' lang='lat' dir='ltr'><strong>genitus</strong></span> <span class='ocrx_word' id='word_1_493' title='bbox 1642 1458 1684 1480; x_wconf 79' lang='lat' dir='ltr'><strong>est</strong></span> 
     </span>
    </p>
   </div>
   <div class='ocr_carea' id='block_1_62' title="bbox 59 1497 1682 1533">
    <p class='ocr_par' dir='ltr' id='par_1_62' title="bbox 59 1497 1682 1533">
     <span class='ocr_line' id='line_1_62' title="bbox 59 1497 1682 1533; baseline -0.001 -6"><span class='ocrx_word' id='word_1_494' title='bbox 59 1507 76 1527; x_wconf 84' lang='lat' dir='ltr'><strong>a</strong></span> <span class='ocrx_word' id='word_1_495' title='bbox 91 1499 191 1527; x_wconf 81' lang='lat' dir='ltr'><strong>Patre:</strong></span> <span class='ocrx_word' id='word_1_496' title='bbox 209 1506 264 1526; x_wconf 93' lang='lat' dir='ltr'><strong>non</strong></span> <span class='ocrx_word' id='word_1_497' title='bbox 279 1498 364 1533; x_wconf 77' lang='lat' dir='ltr'><strong>igitur</strong></span> <span class='ocrx_word' id='word_1_498' title='bbox 397 1501 516 1525; x_wconf 86' lang='lat' dir='ltr'><strong>creatus.</strong></span> <span class='ocrx_word' id='word_1_499' title='bbox 535 1497 630 1524; x_wconf 87' lang='lat' dir='ltr'><strong>Anam.</strong></span> <span class='ocrx_word' id='word_1_500' title='bbox 653 1497 735 1525; x_wconf 84' lang='lat' dir='ltr'><strong>Pater</strong></span> <span class='ocrx_word' id='word_1_501' title='bbox 755 1503 796 1525; x_wconf 89' lang='lat' dir='ltr'><strong>est</strong></span> <span class='ocrx_word' id='word_1_502' title='bbox 819 1504 916 1526; x_wconf 82' lang='lat' dir='ltr'><strong>auctor</strong></span> <span class='ocrx_word' id='word_1_503' title='bbox 949 1499 1028 1532; x_wconf 85' lang='lat' dir='ltr'><strong>Filii,</strong></span> <span class='ocrx_word' id='word_1_504' title='bbox 1047 1500 1134 1528; x_wconf 87' lang='lat' dir='ltr'><strong>Filius</strong></span> <span class='ocrx_word' id='word_1_505' title='bbox 1167 1505 1263 1527; x_wconf 84' lang='lat' dir='ltr'><strong>auctor</strong></span> <span class='ocrx_word' id='word_1_506' title='bbox 1284 1507 1377 1527; x_wconf 87' lang='lat' dir='ltr'><strong>rerum</strong></span> <span class='ocrx_word' id='word_1_507' title='bbox 1397 1500 1582 1526; x_wconf 88' lang='lat' dir='ltr'><strong>conditarum.</strong></span> <span class='ocrx_word' id='word_1_508' title='bbox 1605 1498 1682 1526; x_wconf 85' lang='lat' dir='ltr'><strong>0rlh.</strong></span> 
     </span>
    </p>
   </div>
   <div class='ocr_carea' id='block_1_63' title="bbox 61 1543 1684 1580">
    <p class='ocr_par' dir='ltr' id='par_1_63' title="bbox 61 1543 1684 1580">
     <span class='ocr_line' id='line_1_63' title="bbox 61 1543 1684 1580; baseline -0.001 -8"><span class='ocrx_word' id='word_1_509' title='bbox 61 1545 160 1572; x_wconf 83' lang='lat' dir='ltr'><strong>Annon</strong></span> <span class='ocrx_word' id='word_1_510' title='bbox 175 1544 256 1571; x_wconf 84' lang='lat' dir='ltr'><strong>Pater</strong></span> <span class='ocrx_word' id='word_1_511' title='bbox 268 1551 377 1579; x_wconf 89' lang='lat' dir='ltr'><strong>quoque</strong></span> <span class='ocrx_word' id='word_1_512' title='bbox 390 1548 432 1570; x_wconf 86' lang='lat' dir='ltr'><strong>est</strong></span> <span class='ocrx_word' id='word_1_513' title='bbox 444 1551 536 1570; x_wconf 89' lang='lat' dir='ltr'><strong>rerum</strong></span> <span class='ocrx_word' id='word_1_514' title='bbox 547 1543 720 1570; x_wconf 86' lang='lat' dir='ltr'><strong>conditarum</strong></span> <span class='ocrx_word' id='word_1_515' title='bbox 733 1545 849 1570; x_wconf 82' lang='lat' dir='ltr'><strong>auctor?</strong></span> <span class='ocrx_word' id='word_1_516' title='bbox 869 1543 962 1572; x_wconf 87' lang='lat' dir='ltr'><strong>Anam.</strong></span> <span class='ocrx_word' id='word_1_517' title='bbox 976 1545 1024 1573; x_wconf 88' lang='lat' dir='ltr'><strong>Est</strong></span> <span class='ocrx_word' id='word_1_518' title='bbox 1039 1553 1105 1573; x_wconf 82' lang='lat' dir='ltr'><strong>sane</strong></span> <span class='ocrx_word' id='word_1_519' title='bbox 1116 1567 1123 1578; x_wconf 86' lang='lat'><strong>,</strong></span> <span class='ocrx_word' id='word_1_520' title='bbox 1140 1546 1186 1573; x_wconf 87' lang='lat' dir='ltr'><strong>sed</strong></span> <span class='ocrx_word' id='word_1_521' title='bbox 1202 1554 1249 1580; x_wconf 88' lang='lat' dir='ltr'><strong>per</strong></span> <span class='ocrx_word' id='word_1_522' title='bbox 1263 1545 1372 1572; x_wconf 83' lang='lat' dir='ltr'><strong>Filium.</strong></span> <span class='ocrx_word' id='word_1_523' title='bbox 1405 1544 1482 1572; x_wconf 87' lang='lat' dir='ltr'><strong>Orlh.</strong></span> <span class='ocrx_word' id='word_1_524' title='bbox 1499 1543 1551 1571; x_wconf 87' lang='lat' dir='ltr'><strong>Sed</strong></span> <span class='ocrx_word' id='word_1_525' title='bbox 1572 1544 1684 1571; x_wconf 90' lang='lat' dir='ltr'><strong>omnino</strong></span> 
     </span>
    </p>
   </div>
   <div class='ocr_carea' id='block_1_64' title="bbox 62 1591 1685 1628">
    <p class='ocr_par' dir='ltr' id='par_1_64' title="bbox 62 1591 1685 1628">
     <span class='ocr_line' id='line_1_64' title="bbox 62 1591 1685 1628; baseline -0.001 -8"><span class='ocrx_word' id='word_1_526' title='bbox 62 1593 236 1628; x_wconf 84' lang='lat' dir='ltr'><strong>ponis,eum</strong></span> <span class='ocrx_word' id='word_1_527' title='bbox 251 1599 360 1626; x_wconf 85' lang='lat' dir='ltr'><strong>quoque</strong></span> <span class='ocrx_word' id='word_1_528' title='bbox 375 1595 515 1618; x_wconf 82' lang='lat' dir='ltr'><strong>auctorem</strong></span> <span class='ocrx_word' id='word_1_529' title='bbox 537 1598 598 1618; x_wconf 81' lang='lat' dir='ltr'><strong>esse</strong></span> <span class='ocrx_word' id='word_1_530' title='bbox 617 1598 709 1618; x_wconf 88' lang='lat' dir='ltr'><strong>rerum</strong></span> <span class='ocrx_word' id='word_1_531' title='bbox 732 1595 887 1619; x_wconf 83' lang='lat' dir='ltr'><strong>creatarum</strong></span> <span class='ocrx_word' id='word_1_532' title='bbox 900 1593 912 1619; x_wconf 87' lang='lat'><strong>?</strong></span> <span class='ocrx_word' id='word_1_533' title='bbox 927 1593 1023 1620; x_wconf 85' lang='lat' dir='ltr'><strong>Ana‘m.</strong></span> <span class='ocrx_word' id='word_1_534' title='bbox 1041 1594 1129 1620; x_wconf 83' lang='lat' dir='ltr'><strong>Certe.</strong></span> <span class='ocrx_word' id='word_1_535' title='bbox 1158 1592 1253 1620; x_wconf 86' lang='lat' dir='ltr'><strong>Omnia</strong></span> <span class='ocrx_word' id='word_1_536' title='bbox 1276 1595 1347 1620; x_wconf 89' lang='lat' dir='ltr'><strong>enim</strong></span> <span class='ocrx_word' id='word_1_537' title='bbox 1379 1597 1443 1620; x_wconf 89' lang='lat' dir='ltr'><strong>sunt</strong></span> <span class='ocrx_word' id='word_1_538' title='bbox 1469 1593 1501 1619; x_wconf 68' lang='grc' dir='ltr'>εχ</span> <span class='ocrx_word' id='word_1_539' title='bbox 1521 1591 1585 1619; x_wconf 86' lang='lat' dir='ltr'><strong>Deo.</strong></span> <span class='ocrx_word' id='word_1_540' title='bbox 1606 1591 1685 1619; x_wconf 81' lang='lat' dir='ltr'><strong>Orth.</strong></span> 
     </span>
    </p>
   </div>
   <div class='ocr_carea' id='block_1_65' title="bbox 63 1637 1686 1675">
    <p class='ocr_par' dir='ltr' id='par_1_65' title="bbox 63 1637 1686 1675">
     <span class='ocr_line' id='line_1_65' title="bbox 63 1637 1686 1675; baseline -0.001 -10"><span class='ocrx_word' id='word_1_541' title='bbox 63 1639 134 1666; x_wconf 83' lang='lat' dir='ltr'><strong>Sunt</strong></span> <span class='ocrx_word' id='word_1_542' title='bbox 149 1639 235 1673; x_wconf 78' lang='lat' dir='ltr'><strong>igitur</strong></span> <span class='ocrx_word' id='word_1_543' title='bbox 252 1637 285 1664; x_wconf 90' lang='lat' dir='ltr'><strong>ab</strong></span> <span class='ocrx_word' id='word_1_544' title='bbox 298 1645 330 1664; x_wconf 87' lang='lat' dir='ltr'><strong>eo</strong></span> <span class='ocrx_word' id='word_1_545' title='bbox 345 1637 427 1664; x_wconf 82' lang='lat' dir='ltr'><strong>etiam</strong></span> <span class='ocrx_word' id='word_1_546' title='bbox 443 1637 534 1671; x_wconf 81' lang='lat' dir='ltr'><strong>genita</strong></span> <span class='ocrx_word' id='word_1_547' title='bbox 551 1637 642 1663; x_wconf 83' lang='lat' dir='ltr'><strong>omnia</strong></span> <span class='ocrx_word' id='word_1_548' title='bbox 653 1656 660 1668; x_wconf 95' lang='lat'><strong>,</strong></span> <span class='ocrx_word' id='word_1_549' title='bbox 676 1644 774 1669; x_wconf 88' lang='lat' dir='ltr'><strong>canes,</strong></span> <span class='ocrx_word' id='word_1_550' title='bbox 793 1638 868 1664; x_wconf 87' lang='lat' dir='ltr'><strong>corvi</strong></span> <span class='ocrx_word' id='word_1_551' title='bbox 880 1659 887 1670; x_wconf 89' lang='lat'><strong>,</strong></span> <span class='ocrx_word' id='word_1_552' title='bbox 902 1639 1026 1666; x_wconf 82' lang='lat' dir='ltr'><strong>vultures</strong></span> <span class='ocrx_word' id='word_1_553' title='bbox 1037 1660 1043 1671; x_wconf 87' lang='lat'><strong>,</strong></span> <span class='ocrx_word' id='word_1_554' title='bbox 1059 1639 1192 1674; x_wconf 88' lang='lat' dir='ltr'><strong>quidquid</strong></span> <span class='ocrx_word' id='word_1_555' title='bbox 1214 1639 1294 1675; x_wconf 63' lang='lat'><strong>413</strong></span> <span class='ocrx_word' id='word_1_556' title='bbox 1325 1639 1442 1674; x_wconf 87' lang='lat' dir='ltr'><strong>denique</strong></span> <span class='ocrx_word' id='word_1_557' title='bbox 1471 1641 1592 1665; x_wconf 85' lang='lat' dir='ltr'><strong>creatum</strong></span> <span class='ocrx_word' id='word_1_558' title='bbox 1626 1640 1686 1670; x_wconf 82' lang='lat' dir='ltr'><strong>est,</strong></span> 
     </span>
    </p>
   </div>
   <div class='ocr_carea' id='block_1_66' title="bbox 62 1681 1686 1720">
    <p class='ocr_par' dir='ltr' id='par_1_66' title="bbox 62 1681 1686 1720">
     <span class='ocr_line' id='line_1_66' title="bbox 62 1681 1686 1720; baseline -0.002 -9"><span class='ocrx_word' id='word_1_559' title='bbox 62 1685 121 1712; x_wconf 85' lang='lat' dir='ltr'><strong>sive</strong></span> <span class='ocrx_word' id='word_1_560' title='bbox 141 1684 258 1710; x_wconf 85' lang='lat' dir='ltr'><strong>rationis</strong></span> <span class='ocrx_word' id='word_1_561' title='bbox 272 1683 410 1717; x_wconf 83' lang='lat' dir='ltr'><strong>particeps</strong></span> <span class='ocrx_word' id='word_1_562' title='bbox 421 1702 428 1713; x_wconf 93' lang='lat'><strong>,</strong></span> <span class='ocrx_word' id='word_1_563' title='bbox 443 1682 501 1709; x_wconf 81' lang='lat' dir='ltr'><strong>sive</strong></span> <span class='ocrx_word' id='word_1_564' title='bbox 516 1681 630 1709; x_wconf 83' lang='lat' dir='ltr'><strong>rationis</strong></span> <span class='ocrx_word' id='word_1_565' title='bbox 643 1690 750 1716; x_wconf 78' lang='lat' dir='ltr'><strong>expers.</strong></span> <span class='ocrx_word' id='word_1_566' title='bbox 777 1682 872 1710; x_wconf 84' lang='lat' dir='ltr'><strong>Anam.</strong></span> <span class='ocrx_word' id='word_1_567' title='bbox 893 1684 954 1711; x_wconf 79' lang='lat' dir='ltr'><strong>Dixi</strong></span> <span class='ocrx_word' id='word_1_568' title='bbox 968 1685 1025 1712; x_wconf 63' lang='lat' dir='ltr'><strong>haec</strong></span> <span class='ocrx_word' id='word_1_569' title='bbox 1039 1686 1148 1712; x_wconf 86' lang='lat' dir='ltr'><strong>condita</strong></span> <span class='ocrx_word' id='word_1_570' title='bbox 1161 1693 1222 1713; x_wconf 83' lang='lat' dir='ltr'><strong>esse</strong></span> <span class='ocrx_word' id='word_1_571' title='bbox 1245 1693 1294 1720; x_wconf 88' lang='lat' dir='ltr'><strong>per</strong></span> <span class='ocrx_word' id='word_1_572' title='bbox 1305 1684 1404 1711; x_wconf 86' lang='lat' dir='ltr'><strong>Filium</strong></span> <span class='ocrx_word' id='word_1_573' title='bbox 1420 1694 1426 1712; x_wconf 86' lang='lat'><strong>:</strong></span> <span class='ocrx_word' id='word_1_574' title='bbox 1444 1683 1519 1711; x_wconf 88' lang='lat' dir='ltr'><strong>solus</strong></span> <span class='ocrx_word' id='word_1_575' title='bbox 1533 1687 1625 1710; x_wconf 87' lang='lat' dir='ltr'><strong>autem</strong></span> <span class='ocrx_word' id='word_1_576' title='bbox 1639 1681 1686 1709; x_wconf 81' lang='lat' dir='ltr'><strong>Fi-</strong></span> 
     </span>
    </p>
   </div>
   <div class='ocr_carea' id='block_1_67' title="bbox 62 1727 828 1762">
    <p class='ocr_par' dir='ltr' id='par_1_67' title="bbox 62 1727 828 1762">
     <span class='ocr_line' id='line_1_67' title="bbox 62 1727 828 1762; baseline -0.001 -6"><span class='ocrx_word' id='word_1_577' title='bbox 62 1729 115 1756; x_wconf 86' lang='lat' dir='ltr'><strong>lius</strong></span> <span class='ocrx_word' id='word_1_578' title='bbox 127 1748 134 1760; x_wconf 88' lang='lat'><strong>,</strong></span> <span class='ocrx_word' id='word_1_579' title='bbox 151 1729 228 1755; x_wconf 91' lang='lat' dir='ltr'><strong>nullo</strong></span> <span class='ocrx_word' id='word_1_580' title='bbox 241 1727 404 1755; x_wconf 84' lang='lat' dir='ltr'><strong>intermedto</strong></span> <span class='ocrx_word' id='word_1_581' title='bbox 417 1728 525 1762; x_wconf 83' lang='lat' dir='ltr'><strong>genitus</strong></span> <span class='ocrx_word' id='word_1_582' title='bbox 539 1732 596 1759; x_wconf 82' lang='lat' dir='ltr'><strong>est,</strong></span> <span class='ocrx_word' id='word_1_583' title='bbox 612 1727 638 1754; x_wconf 87' lang='lat' dir='ltr'><strong>id</strong></span> <span class='ocrx_word' id='word_1_584' title='bbox 656 1731 698 1754; x_wconf 89' lang='lat' dir='ltr'><strong>est</strong></span> <span class='ocrx_word' id='word_1_585' title='bbox 711 1733 828 1755; x_wconf 84' lang='lat' dir='ltr'><strong>creatus.</strong></span> 
     </span>
    </p>
   </div>
   <div class='ocr_carea' id='block_1_68' title="bbox 97 1773 844 1810">
    <p class='ocr_par' dir='ltr' id='par_1_68' title="bbox 97 1774 844 1810">
     <span class='ocr_line' id='line_1_68' title="bbox 97 1774 844 1810; baseline -0.003 -7"><span class='ocrx_word' id='word_1_586' title='bbox 97 1776 122 1803; x_wconf 86' lang='lat'><strong>9.</strong></span> <span class='ocrx_word' id='word_1_587' title='bbox 142 1777 218 1809; x_wconf 82' lang='lat' dir='ltr'><strong>&#39;0p0.</strong></span> <span class='ocrx_word' id='word_1_588' title='bbox 233 1775 346 1810; x_wconf 81' lang='grc' dir='ltr'>Ἐπειδὴ</span> <span class='ocrx_word' id='word_1_589' title='bbox 371 1775 450 1810; x_wconf 82' lang='grc' dir='ltr'>μόνος</span> <span class='ocrx_word' id='word_1_590' title='bbox 469 1775 501 1800; x_wconf 79' lang='grc' dir='ltr'>ἐκ</span> <span class='ocrx_word' id='word_1_591' title='bbox 520 1775 611 1809; x_wconf 83' lang='grc' dir='ltr'>μόνου,</span> <span class='ocrx_word' id='word_1_592' title='bbox 640 1774 683 1801; x_wconf 84' lang='grc' dir='ltr'><strong>διὰ</strong></span> <span class='ocrx_word' id='word_1_593' title='bbox 707 1784 785 1801; x_wconf 77' lang='grc' dir='ltr'>τουτο</span> <span class='ocrx_word' id='word_1_594' title='bbox 799 1776 844 1801; x_wconf 65' lang='grc' dir='ltr'><strong>καὶ</strong></span> 
     </span>
    </p>
   </div>
   <div class='ocr_carea' id='block_1_69' title="bbox 897 1773 1688 1810">
    <p class='ocr_par' dir='ltr' id='par_1_69' title="bbox 932 1773 1688 1808">
     <span class='ocr_line' id='line_1_69' title="bbox 932 1773 1688 1808; baseline -0.001 -5"><span class='ocrx_word' id='word_1_595' title='bbox 932 1775 959 1803; x_wconf 88' lang='grc'><strong>9.</strong></span> <span class='ocrx_word' id='word_1_596' title='bbox 977 1775 1053 1803; x_wconf 74' lang='lat' dir='ltr'><strong>Ort/t.</strong></span> <span class='ocrx_word' id='word_1_597' title='bbox 1073 1775 1211 1803; x_wconf 83' lang='lat' dir='ltr'><strong>ldcircone</strong></span> <span class='ocrx_word' id='word_1_598' title='bbox 1233 1782 1295 1802; x_wconf 89' lang='lat' dir='ltr'><strong>eum</strong></span> <span class='ocrx_word' id='word_1_599' title='bbox 1310 1781 1373 1802; x_wconf 86' lang='lat' dir='ltr'><strong>esse</strong></span> <span class='ocrx_word' id='word_1_600' title='bbox 1394 1773 1463 1801; x_wconf 86' lang='lat' dir='ltr'><strong>dicis</strong></span> <span class='ocrx_word' id='word_1_601' title='bbox 1482 1777 1508 1801; x_wconf 88' lang='lat' dir='ltr'><strong>et</strong></span> <span class='ocrx_word' id='word_1_602' title='bbox 1526 1773 1644 1808; x_wconf 82' lang='lat' dir='ltr'><strong>genitum</strong></span> <span class='ocrx_word' id='word_1_603' title='bbox 1661 1779 1688 1802; x_wconf 82' lang='lat' dir='ltr'><strong>et</strong></span> 
     </span>
    </p>
   </div>
   <div class='ocr_carea' id='block_1_70' title="bbox 61 1818 844 1856">
    <p class='ocr_par' dir='ltr' id='par_1_70' title="bbox 61 1819 844 1856">
     <span class='ocr_line' id='line_1_70' title="bbox 61 1819 844 1856; baseline -0.001 -8"><span class='ocrx_word' id='word_1_604' title='bbox 61 1822 184 1856; x_wconf 75' lang='grc' dir='ltr'>γέννημα</span> <span class='ocrx_word' id='word_1_605' title='bbox 205 1821 294 1854; x_wconf 79' lang='grc' dir='ltr'>λέγεις</span> <span class='ocrx_word' id='word_1_606' title='bbox 316 1820 395 1846; x_wconf 73' lang='grc' dir='ltr'>αὑτὸν</span> <span class='ocrx_word' id='word_1_607' title='bbox 419 1820 466 1846; x_wconf 78' lang='grc' dir='ltr'><strong>καὶ</strong></span> <span class='ocrx_word' id='word_1_608' title='bbox 488 1820 604 1855; x_wconf 66' lang='lat' dir='ltr'><strong>mlo-pa;</strong></span> <span class='ocrx_word' id='word_1_609' title='bbox 619 1820 634 1855; x_wconf 78' lang='grc' dir='ltr'>ἢ</span> <span class='ocrx_word' id='word_1_610' title='bbox 649 1819 727 1853; x_wconf 84' lang='grc' dir='ltr'>πῶς;</span> <span class='ocrx_word' id='word_1_611' title='bbox 748 1821 844 1855; x_wconf 71' lang='grc' dir='ltr'>Ἀνόμ.</span> 
     </span>
    </p>
   </div>
   <div class='ocr_carea' id='block_1_71' title="bbox 897 1818 1689 1856">
    <p class='ocr_par' dir='ltr' id='par_1_71' title="bbox 900 1818 1689 1854">
     <span class='ocr_line' id='line_1_71' title="bbox 900 1818 1689 1854; baseline 0 -8"><span class='ocrx_word' id='word_1_612' title='bbox 900 1823 1032 1851; x_wconf 85' lang='lat' dir='ltr'><strong>creatum,</strong></span> <span class='ocrx_word' id='word_1_613' title='bbox 1047 1819 1111 1854; x_wconf 85' lang='lat' dir='ltr'><strong>quia</strong></span> <span class='ocrx_word' id='word_1_614' title='bbox 1127 1820 1203 1847; x_wconf 89' lang='lat' dir='ltr'><strong>solus</strong></span> <span class='ocrx_word' id='word_1_615' title='bbox 1215 1824 1256 1847; x_wconf 86' lang='lat' dir='ltr'><strong>est</strong></span> <span class='ocrx_word' id='word_1_616' title='bbox 1271 1827 1285 1845; x_wconf 86' lang='lat' dir='ltr'><strong>a</strong></span> <span class='ocrx_word' id='word_1_617' title='bbox 1300 1818 1379 1846; x_wconf 87' lang='lat' dir='ltr'><strong>solo?</strong></span> <span class='ocrx_word' id='word_1_618' title='bbox 1391 1823 1437 1845; x_wconf 89' lang='lat' dir='ltr'><strong>aut</strong></span> <span class='ocrx_word' id='word_1_619' title='bbox 1454 1819 1590 1853; x_wconf 86' lang='lat' dir='ltr'><strong>quomodo</strong></span> <span class='ocrx_word' id='word_1_620' title='bbox 1605 1819 1632 1846; x_wconf 88' lang='lat' dir='ltr'><strong>id</strong></span> <span class='ocrx_word' id='word_1_621' title='bbox 1647 1827 1689 1846; x_wconf 89' lang='lat' dir='ltr'><strong>ac-</strong></span> 
     </span>
    </p>
   </div>
   <div class='ocr_carea' id='block_1_72' title="bbox 61 1864 844 1900">
    <p class='ocr_par' dir='ltr' id='par_1_72' title="bbox 61 1864 844 1900">
     <span class='ocr_line' id='line_1_72' title="bbox 61 1864 844 1900; baseline -0.001 -7"><span class='ocrx_word' id='word_1_622' title='bbox 61 1866 124 1893; x_wconf 81' lang='grc' dir='ltr'>Ναί.</span> <span class='ocrx_word' id='word_1_623' title='bbox 148 1866 225 1899; x_wconf 83' lang='grc' dir='ltr'>’ορθ.</span> <span class='ocrx_word' id='word_1_624' title='bbox 242 1866 282 1892; x_wconf 77' lang='grc' dir='ltr'><strong>Τὰ</strong></span> <span class='ocrx_word' id='word_1_625' title='bbox 294 1865 322 1891; x_wconf 75' lang='grc' dir='ltr'><strong>δὲ</strong></span> <span class='ocrx_word' id='word_1_626' title='bbox 336 1864 391 1900; x_wconf 83' lang='lat'><strong>(60)</strong></span> <span class='ocrx_word' id='word_1_627' title='bbox 410 1865 477 1891; x_wconf 84' lang='grc' dir='ltr'>ἄλλα</span> <span class='ocrx_word' id='word_1_628' title='bbox 498 1865 598 1897; x_wconf 73' lang='grc' dir='ltr'>πάντα,</span> <span class='ocrx_word' id='word_1_629' title='bbox 626 1865 720 1900; x_wconf 84' lang='grc' dir='ltr'>ἐπειδὴ</span> <span class='ocrx_word' id='word_1_630' title='bbox 743 1865 787 1892; x_wconf 75' lang='grc' dir='ltr'><strong>διὰ</strong></span> <span class='ocrx_word' id='word_1_631' title='bbox 802 1866 844 1892; x_wconf 74' lang='grc' dir='ltr'>τοῦ</span> 
     </span>
    </p>
   </div>
   <div class='ocr_carea' id='block_1_73' title="bbox 897 1864 1687 1900">
    <p class='ocr_par' dir='ltr' id='par_1_73' title="bbox 901 1864 1687 1900">
     <span class='ocr_line' id='line_1_73' title="bbox 901 1864 1687 1900; baseline 0.003 -8"><span class='ocrx_word' id='word_1_632' title='bbox 901 1865 987 1900; x_wconf 86' lang='lat' dir='ltr'><strong>cipis?</strong></span> <span class='ocrx_word' id='word_1_633' title='bbox 1007 1866 1103 1892; x_wconf 84' lang='lat' dir='ltr'><strong>Anam.</strong></span> <span class='ocrx_word' id='word_1_634' title='bbox 1125 1864 1224 1892; x_wconf 86' lang='lat' dir='ltr'><strong>Etiam.</strong></span> <span class='ocrx_word' id='word_1_635' title='bbox 1245 1864 1321 1893; x_wconf 86' lang='lat' dir='ltr'><strong>Orth.</strong></span> <span class='ocrx_word' id='word_1_636' title='bbox 1344 1865 1446 1892; x_wconf 65' lang='lat' dir='ltr'><strong>Caetera</strong></span> <span class='ocrx_word' id='word_1_637' title='bbox 1467 1869 1556 1892; x_wconf 88' lang='lat' dir='ltr'><strong>autem</strong></span> <span class='ocrx_word' id='word_1_638' title='bbox 1579 1867 1687 1899; x_wconf 84' lang='lat' dir='ltr'><strong>omnia,</strong></span> 
     </span>
    </p>
   </div>
   <div class='ocr_carea' id='block_1_74' title="bbox 62 1911 849 1947">
    <p class='ocr_par' dir='ltr' id='par_1_74' title="bbox 62 1911 849 1947">
     <span class='ocr_line' id='line_1_74' title="bbox 62 1911 849 1947; baseline 0 -9"><span class='ocrx_word' id='word_1_639' title='bbox 62 1911 127 1938; x_wconf 81' lang='grc' dir='ltr'><strong>Υίοῦ</strong></span> <span class='ocrx_word' id='word_1_640' title='bbox 144 1911 277 1945; x_wconf 75' lang='grc' dir='ltr'>ἐγένοντο,</span> <span class='ocrx_word' id='word_1_641' title='bbox 290 1911 425 1946; x_wconf 80' lang='grc' dir='ltr'>κτίσματά.</span> <span class='ocrx_word' id='word_1_642' title='bbox 441 1911 519 1942; x_wconf 71' lang='grc' dir='ltr'>εἰσιν,</span> <span class='ocrx_word' id='word_1_643' title='bbox 536 1911 584 1937; x_wconf 82' lang='grc' dir='ltr'>οὐκ</span> <span class='ocrx_word' id='word_1_644' title='bbox 598 1911 637 1937; x_wconf 81' lang='grc' dir='ltr'><strong>ἔτι</strong></span> <span class='ocrx_word' id='word_1_645' title='bbox 655 1911 683 1938; x_wconf 84' lang='grc' dir='ltr'><strong>δὲ</strong></span> <span class='ocrx_word' id='word_1_646' title='bbox 696 1912 743 1938; x_wconf 79' lang='grc' dir='ltr'>καὶ</span> <span class='ocrx_word' id='word_1_647' title='bbox 753 1913 849 1947; x_wconf 87' lang='grc' dir='ltr'>γεννή-</span> 
     </span>
    </p>
   </div>
   <div class='ocr_carea' id='block_1_75' title="bbox 61 1956 850 1992">
    <p class='ocr_par' dir='ltr' id='par_1_75' title="bbox 61 1956 850 1992">
     <span class='ocr_line' id='line_1_75' title="bbox 61 1956 850 1992; baseline -0.001 -8"><span class='ocrx_word' id='word_1_648' title='bbox 61 1966 152 1992; x_wconf 84' lang='grc' dir='ltr'>ματα;</span> <span class='ocrx_word' id='word_1_649' title='bbox 176 1957 273 1991; x_wconf 78' lang='grc' dir='ltr'>Ἀνόμ.</span> <span class='ocrx_word' id='word_1_650' title='bbox 290 1957 391 1987; x_wconf 70' lang='grc' dir='ltr'>Οὕτως.</span> <span class='ocrx_word' id='word_1_651' title='bbox 413 1957 489 1990; x_wconf 86' lang='grc' dir='ltr'><strong>Ὀρθ.</strong></span> <span class='ocrx_word' id='word_1_652' title='bbox 510 1956 542 1982; x_wconf 83' lang='grc' dir='ltr'>Ἡ</span> <span class='ocrx_word' id='word_1_653' title='bbox 559 1957 681 1991; x_wconf 78' lang='grc' dir='ltr'>μεσιτεία</span> <span class='ocrx_word' id='word_1_654' title='bbox 699 1957 788 1983; x_wconf 81' lang='grc' dir='ltr'>τοίνυν</span> <span class='ocrx_word' id='word_1_655' title='bbox 804 1956 850 1983; x_wconf 77' lang='grc' dir='ltr'>τοῦ</span> 
     </span>
    </p>
   </div>
   <div class='ocr_carea' id='block_1_76' title="bbox 64 2001 850 2038">
    <p class='ocr_par' dir='ltr' id='par_1_76' title="bbox 64 2001 850 2038">
     <span class='ocr_line' id='line_1_76' title="bbox 64 2001 850 2038; baseline 0 -8"><span class='ocrx_word' id='word_1_656' title='bbox 64 2004 130 2031; x_wconf 81' lang='grc' dir='ltr'><strong>Υἱοῦ</strong></span> <span class='ocrx_word' id='word_1_657' title='bbox 160 2003 299 2038; x_wconf 77' lang='grc' dir='ltr'>ἠλάττωσε</span> <span class='ocrx_word' id='word_1_658' title='bbox 317 2002 364 2037; x_wconf 70' lang='grc' dir='ltr'><strong>τὴν</strong></span> <span class='ocrx_word' id='word_1_659' title='bbox 376 2001 423 2028; x_wconf 81' lang='grc' dir='ltr'>τοῦ</span> <span class='ocrx_word' id='word_1_660' title='bbox 449 2002 555 2037; x_wconf 63' lang='lat' dir='ltr'><strong>Harpe;</strong></span> <span class='ocrx_word' id='word_1_661' title='bbox 583 2003 732 2037; x_wconf 72' lang='grc' dir='ltr'>ἐνέργειαν.</span> <span class='ocrx_word' id='word_1_662' title='bbox 753 2003 850 2037; x_wconf 75' lang='grc' dir='ltr'><strong>Ἀνόμ.</strong></span> 
     </span>
    </p>
   </div>
   <div class='ocr_carea' id='block_1_77' title="bbox 59 2048 852 2083">
    <p class='ocr_par' dir='ltr' id='par_1_77' title="bbox 59 2048 852 2083">
     <span class='ocr_line' id='line_1_77' title="bbox 59 2048 852 2083; baseline -0.003 -7"><span class='ocrx_word' id='word_1_663' title='bbox 59 2050 109 2076; x_wconf 72' lang='grc' dir='ltr'><strong>Διὰ</strong></span> <span class='ocrx_word' id='word_1_664' title='bbox 123 2049 170 2081; x_wconf 90' lang='grc' dir='ltr'>τί;</span> <span class='ocrx_word' id='word_1_665' title='bbox 186 2049 262 2082; x_wconf 75' lang='grc' dir='ltr'><strong>’0,ρθ.</strong></span> <span class='ocrx_word' id='word_1_666' title='bbox 284 2049 355 2080; x_wconf 68' lang='lat' dir='ltr'><strong>&quot;Ott,</strong></span> <span class='ocrx_word' id='word_1_667' title='bbox 372 2048 451 2083; x_wconf 78' lang='grc' dir='ltr'>μόνος</span> <span class='ocrx_word' id='word_1_668' title='bbox 473 2048 554 2083; x_wconf 84' lang='grc' dir='ltr'>μόνον</span> <span class='ocrx_word' id='word_1_669' title='bbox 578 2048 680 2082; x_wconf 83' lang='grc' dir='ltr'>γεννῶν</span> <span class='ocrx_word' id='word_1_670' title='bbox 691 2069 698 2079; x_wconf 85' lang='grc'><strong>,</strong></span> <span class='ocrx_word' id='word_1_671' title='bbox 723 2048 852 2079; x_wconf 83' lang='grc' dir='ltr'>ὡσαύτως</span> 
     </span>
    </p>
   </div>
   <div class='ocr_carea' id='block_1_78' title="bbox 59 2085 851 2129">
    <p class='ocr_par' dir='ltr' id='par_1_78' title="bbox 59 2093 851 2129">
     <span class='ocr_line' id='line_1_78' title="bbox 59 2093 851 2129; baseline -0.004 -7"><span class='ocrx_word' id='word_1_672' title='bbox 59 2097 108 2122; x_wconf 78' lang='grc' dir='ltr'><strong>καὶ</strong></span> <span class='ocrx_word' id='word_1_673' title='bbox 122 2096 207 2129; x_wconf 74' lang='grc' dir='ltr'>γεννᾷ</span> <span class='ocrx_word' id='word_1_674' title='bbox 218 2095 265 2121; x_wconf 79' lang='grc' dir='ltr'><strong>καὶ</strong></span> <span class='ocrx_word' id='word_1_675' title='bbox 284 2094 380 2126; x_wconf 76' lang='grc' dir='ltr'>κτίζει.</span> <span class='ocrx_word' id='word_1_676' title='bbox 395 2094 588 2124; x_wconf 76' lang='grc' dir='ltr'>Μεσιτεύοντος</span> <span class='ocrx_word' id='word_1_677' title='bbox 603 2094 632 2119; x_wconf 80' lang='grc' dir='ltr'><strong>δὲ</strong></span> <span class='ocrx_word' id='word_1_678' title='bbox 650 2093 697 2120; x_wconf 85' lang='grc' dir='ltr'>τοῦ</span> <span class='ocrx_word' id='word_1_679' title='bbox 713 2093 788 2126; x_wconf 77' lang='grc' dir='ltr'>Υίοῦ,</span> <span class='ocrx_word' id='word_1_680' title='bbox 803 2094 851 2120; x_wconf 86' lang='grc' dir='ltr'>οὐκ</span> 
     </span>
    </p>
   </div>
   <div class='ocr_carea' id='block_1_79' title="bbox 60 2139 854 2176">
    <p class='ocr_par' dir='ltr' id='par_1_79' title="bbox 60 2139 854 2176">
     <span class='ocr_line' id='line_1_79' title="bbox 60 2139 854 2176; baseline -0.004 -8"><span class='ocrx_word' id='word_1_681' title='bbox 60 2144 100 2169; x_wconf 79' lang='grc' dir='ltr'>ἔτι</span> <span class='ocrx_word' id='word_1_682' title='bbox 115 2142 147 2168; x_wconf 88' lang='grc' dir='ltr'>τὸ</span> <span class='ocrx_word' id='word_1_683' title='bbox 162 2141 263 2176; x_wconf 81' lang='grc' dir='ltr'>κτίσμα</span> <span class='ocrx_word' id='word_1_684' title='bbox 271 2140 352 2167; x_wconf 76' lang='grc' dir='ltr'>αὑτοῦ</span> <span class='ocrx_word' id='word_1_685' title='bbox 363 2140 485 2175; x_wconf 78' lang='grc' dir='ltr'>γέννημα</span> <span class='ocrx_word' id='word_1_686' title='bbox 500 2139 580 2166; x_wconf 71' lang='grc' dir='ltr'>αὑτοῦ</span> <span class='ocrx_word' id='word_1_687' title='bbox 589 2140 646 2165; x_wconf 79' lang='grc' dir='ltr'>ἐστι</span> <span class='ocrx_word' id='word_1_688' title='bbox 657 2147 663 2152; x_wconf 77' lang='grc'><em>“</em></span> <span class='ocrx_word' id='word_1_689' title='bbox 677 2140 731 2171; x_wconf 82' lang='grc' dir='ltr'>καὶ,</span> <span class='ocrx_word' id='word_1_690' title='bbox 743 2139 781 2171; x_wconf 84' lang='grc' dir='ltr'>ὡς</span> <span class='ocrx_word' id='word_1_691' title='bbox 793 2139 854 2174; x_wconf 81' lang='grc' dir='ltr'>φαί-</span> 
     </span>
    </p>
   </div>
   <div class='ocr_carea' id='block_1_80' title="bbox 60 2184 853 2222">
    <p class='ocr_par' dir='ltr' id='par_1_80' title="bbox 60 2184 853 2222">
     <span class='ocr_line' id='line_1_80' title="bbox 60 2184 853 2222; baseline -0.004 -8"><span class='ocrx_word' id='word_1_692' title='bbox 60 2197 148 2221; x_wconf 85' lang='grc' dir='ltr'>νεται,</span> <span class='ocrx_word' id='word_1_693' title='bbox 165 2188 211 2213; x_wconf 72' lang='grc' dir='ltr'>ἐπὶ</span> <span class='ocrx_word' id='word_1_694' title='bbox 228 2186 314 2222; x_wconf 73' lang='grc' dir='ltr'>βλάϐῃ</span> <span class='ocrx_word' id='word_1_695' title='bbox 339 2185 393 2212; x_wconf 83' lang='grc' dir='ltr'>τῶν</span> <span class='ocrx_word' id='word_1_696' title='bbox 406 2185 497 2221; x_wconf 86' lang='grc' dir='ltr'>ἀρχῶν</span> <span class='ocrx_word' id='word_1_697' title='bbox 512 2186 559 2211; x_wconf 74' lang='grc' dir='ltr'><strong>καὶ</strong></span> <span class='ocrx_word' id='word_1_698' title='bbox 582 2184 636 2211; x_wconf 78' lang='grc' dir='ltr'><strong>τῶν</strong></span> <span class='ocrx_word' id='word_1_699' title='bbox 651 2184 789 2218; x_wconf 75' lang='grc' dir='ltr'>ἐξουσιῶν,</span> <span class='ocrx_word' id='word_1_700' title='bbox 805 2185 853 2211; x_wconf 76' lang='grc' dir='ltr'><strong>καὶ</strong></span> 
     </span>
    </p>
   </div>
   <div class='ocr_carea' id='block_1_81' title="bbox 59 2230 852 2268">
    <p class='ocr_par' dir='ltr' id='par_1_81' title="bbox 59 2230 852 2268">
     <span class='ocr_line' id='line_1_81' title="bbox 59 2230 852 2268; baseline -0.004 -9"><span class='ocrx_word' id='word_1_701' title='bbox 59 2234 154 2268; x_wconf 81' lang='grc' dir='ltr'>πάσης</span> <span class='ocrx_word' id='word_1_702' title='bbox 169 2232 237 2267; x_wconf 73' lang='grc' dir='ltr'>ὁμοῦ</span> <span class='ocrx_word' id='word_1_703' title='bbox 252 2232 300 2267; x_wconf 86' lang='grc' dir='ltr'><strong>τῆς</strong></span> <span class='ocrx_word' id='word_1_704' title='bbox 329 2230 452 2261; x_wconf 78' lang='grc' dir='ltr'>κτίσεως,</span> <span class='ocrx_word' id='word_1_705' title='bbox 480 2230 611 2265; x_wconf 74' lang='grc' dir='ltr'>ἐγεννήθη</span> <span class='ocrx_word' id='word_1_706' title='bbox 627 2231 640 2256; x_wconf 84' lang='grc' dir='ltr'>ὁ</span> <span class='ocrx_word' id='word_1_707' title='bbox 655 2230 729 2261; x_wconf 84' lang='grc' dir='ltr'>Υἱός.</span> <span class='ocrx_word' id='word_1_708' title='bbox 754 2230 852 2264; x_wconf 74' lang='grc' dir='ltr'>Ἀνύμ.</span> 
     </span>
    </p>
   </div>
   <div class='ocr_carea' id='block_1_82' title="bbox 55 2274 854 2310">
    <p class='ocr_par' dir='ltr' id='par_1_82' title="bbox 55 2274 854 2310">
     <span class='ocr_line' id='line_1_82' title="bbox 55 2274 854 2310; baseline -0.003 -7"><span class='ocrx_word' id='word_1_709' title='bbox 55 2277 110 2304; x_wconf 79' lang='grc' dir='ltr'><strong>Διὰ</strong></span> <span class='ocrx_word' id='word_1_710' title='bbox 124 2277 170 2309; x_wconf 85' lang='grc' dir='ltr'>τί;</span> <span class='ocrx_word' id='word_1_711' title='bbox 190 2277 265 2309; x_wconf 80' lang='grc' dir='ltr'>Ὀρθ.</span> <span class='ocrx_word' id='word_1_712' title='bbox 287 2275 400 2310; x_wconf 81' lang='grc' dir='ltr'>Ἔμελλε</span> <span class='ocrx_word' id='word_1_713' title='bbox 418 2274 471 2309; x_wconf 81' lang='grc' dir='ltr'><strong>γὰρ</strong></span> <span class='ocrx_word' id='word_1_714' title='bbox 487 2274 543 2309; x_wconf 80' lang='grc'>(61)</span> <span class='ocrx_word' id='word_1_715' title='bbox 559 2275 666 2301; x_wconf 70' lang='grc' dir='ltr'>ἅπαντα</span> <span class='ocrx_word' id='word_1_716' title='bbox 675 2275 708 2301; x_wconf 74' lang='grc' dir='ltr'>τὰ</span> <span class='ocrx_word' id='word_1_717' title='bbox 718 2275 854 2310; x_wconf 84' lang='grc' dir='ltr'>κτίσματα</span> 
     </span>
    </p>
   </div>
   <div class='ocr_carea' id='block_1_83' title="bbox 58 2319 852 2358">
    <p class='ocr_par' dir='ltr' id='par_1_83' title="bbox 58 2319 852 2358">
     <span class='ocr_line' id='line_1_83' title="bbox 58 2319 852 2358; baseline -0.001 -9"><span class='ocrx_word' id='word_1_718' title='bbox 58 2324 222 2358; x_wconf 77' lang='grc' dir='ltr'>γεννήματα</span> <span class='ocrx_word' id='word_1_719' title='bbox 230 2321 312 2348; x_wconf 75' lang='grc' dir='ltr'>αὑτοῦ</span> <span class='ocrx_word' id='word_1_720' title='bbox 325 2319 406 2352; x_wconf 78' lang='grc' dir='ltr'>εἶναι,</span> <span class='ocrx_word' id='word_1_721' title='bbox 415 2321 439 2347; x_wconf 87' lang='grc' dir='ltr'>εἰ</span> <span class='ocrx_word' id='word_1_722' title='bbox 453 2321 490 2356; x_wconf 82' lang='grc' dir='ltr'>μὴ</span> <span class='ocrx_word' id='word_1_723' title='bbox 502 2320 632 2356; x_wconf 76' lang='grc' dir='ltr'>ἐγεννήθη</span> <span class='ocrx_word' id='word_1_724' title='bbox 642 2322 656 2347; x_wconf 84' lang='grc' dir='ltr'>ὁ</span> <span class='ocrx_word' id='word_1_725' title='bbox 667 2321 741 2353; x_wconf 78' lang='grc' dir='ltr'>Υἱός.</span> <span class='ocrx_word' id='word_1_726' title='bbox 752 2322 852 2356; x_wconf 81' lang='grc' dir='ltr'>Ἀνόμ.</span> 
     </span>
    </p>
   </div>
   <div class='ocr_carea' id='block_1_84' title="bbox 58 2364 854 2401">
    <p class='ocr_par' dir='ltr' id='par_1_84' title="bbox 58 2364 854 2401">
     <span class='ocr_line' id='line_1_84' title="bbox 58 2364 854 2401; baseline -0.001 -8"><span class='ocrx_word' id='word_1_727' title='bbox 58 2367 97 2393; x_wconf 64' lang='lat' dir='ltr'><strong>Ub</strong></span> <span class='ocrx_word' id='word_1_728' title='bbox 106 2367 154 2393; x_wconf 84' lang='grc' dir='ltr'><strong>διὰ</strong></span> <span class='ocrx_word' id='word_1_729' title='bbox 164 2366 212 2392; x_wconf 74' lang='grc' dir='ltr'><strong>τοῦ</strong></span> <span class='ocrx_word' id='word_1_730' title='bbox 221 2365 286 2392; x_wconf 84' lang='grc' dir='ltr'><strong>Υίοῦ</strong></span> <span class='ocrx_word' id='word_1_731' title='bbox 298 2364 343 2392; x_wconf 77' lang='grc' dir='ltr'>οὖν</span> <span class='ocrx_word' id='word_1_732' title='bbox 350 2366 513 2401; x_wconf 78' lang='grc' dir='ltr'>ὲκτίσθημεν</span> <span class='ocrx_word' id='word_1_733' title='bbox 523 2374 529 2397; x_wconf 87' lang='grc'>;</span> <span class='ocrx_word' id='word_1_734' title='bbox 543 2366 615 2399; x_wconf 85' lang='grc' dir='ltr'>Ὀρθ.</span> <span class='ocrx_word' id='word_1_735' title='bbox 627 2366 682 2392; x_wconf 82' lang='grc' dir='ltr'><strong>Καὶ</strong></span> <span class='ocrx_word' id='word_1_736' title='bbox 696 2366 776 2392; x_wconf 82' lang='grc' dir='ltr'>πάνυ.</span> <span class='ocrx_word' id='word_1_737' title='bbox 786 2366 854 2392; x_wconf 74' lang='grc' dir='ltr'>Ἀλλ’</span> 
     </span>
    </p>
   </div>
   <div class='ocr_carea' id='block_1_85' title="bbox 57 2413 855 2449">
    <p class='ocr_par' dir='ltr' id='par_1_85' title="bbox 57 2413 855 2449">
     <span class='ocr_line' id='line_1_85' title="bbox 57 2413 855 2449; baseline 0.001 -10"><span class='ocrx_word' id='word_1_738' title='bbox 57 2415 144 2449; x_wconf 76' lang='grc' dir='ltr'>ἡμεῖς</span> <span class='ocrx_word' id='word_1_739' title='bbox 159 2414 208 2449; x_wconf 83' lang='grc' dir='ltr'>μὲν</span> <span class='ocrx_word' id='word_1_740' title='bbox 222 2413 265 2439; x_wconf 76' lang='grc' dir='ltr'><strong>διὰ</strong></span> <span class='ocrx_word' id='word_1_741' title='bbox 275 2413 322 2439; x_wconf 76' lang='grc' dir='ltr'><strong>τοῦ</strong></span> <span class='ocrx_word' id='word_1_742' title='bbox 339 2413 403 2440; x_wconf 87' lang='grc' dir='ltr'><strong>Υἱοῦ</strong></span> <span class='ocrx_word' id='word_1_743' title='bbox 429 2413 602 2448; x_wconf 73' lang='grc' dir='ltr'>ἐκτίσθημεν,</span> <span class='ocrx_word' id='word_1_744' title='bbox 620 2414 634 2439; x_wconf 86' lang='grc' dir='ltr'><strong>ὁ</strong></span> <span class='ocrx_word' id='word_1_745' title='bbox 645 2413 674 2439; x_wconf 83' lang='grc' dir='ltr'><strong>δὲ</strong></span> <span class='ocrx_word' id='word_1_746' title='bbox 685 2413 748 2444; x_wconf 79' lang='grc' dir='ltr'>Υἱὸς</span> <span class='ocrx_word' id='word_1_747' title='bbox 759 2414 791 2440; x_wconf 83' lang='grc' dir='ltr'><strong>ἐκ</strong></span> <span class='ocrx_word' id='word_1_748' title='bbox 809 2414 855 2440; x_wconf 78' lang='grc' dir='ltr'>τοῦ</span> 
     </span>
    </p>
   </div>
   <div class='ocr_carea' id='block_1_86' title="bbox 901 1910 1687 1946">
    <p class='ocr_par' dir='ltr' id='par_1_86' title="bbox 901 1910 1687 1946">
     <span class='ocr_line' id='line_1_86' title="bbox 901 1910 1687 1946; baseline 0.005 -9"><span class='ocrx_word' id='word_1_749' title='bbox 901 1911 1030 1945; x_wconf 84' lang='lat' dir='ltr'><strong>quoniam</strong></span> <span class='ocrx_word' id='word_1_750' title='bbox 1041 1918 1089 1946; x_wconf 88' lang='lat' dir='ltr'><strong>per</strong></span> <span class='ocrx_word' id='word_1_751' title='bbox 1103 1910 1200 1938; x_wconf 85' lang='lat' dir='ltr'><strong>Filium</strong></span> <span class='ocrx_word' id='word_1_752' title='bbox 1216 1910 1287 1937; x_wconf 83' lang='lat' dir='ltr'><strong>facta</strong></span> <span class='ocrx_word' id='word_1_753' title='bbox 1299 1915 1373 1943; x_wconf 87' lang='lat' dir='ltr'><strong>sunt,</strong></span> <span class='ocrx_word' id='word_1_754' title='bbox 1389 1916 1479 1938; x_wconf 87' lang='lat' dir='ltr'><strong>creata</strong></span> <span class='ocrx_word' id='word_1_755' title='bbox 1494 1912 1601 1946; x_wconf 87' lang='lat' dir='ltr'><strong>quidem</strong></span> <span class='ocrx_word' id='word_1_756' title='bbox 1614 1919 1687 1945; x_wconf 86' lang='lat' dir='ltr'><strong>sunt,</strong></span> 
     </span>
    </p>
   </div>
   <div class='ocr_carea' id='block_1_87' title="bbox 901 1956 1690 1992">
    <p class='ocr_par' dir='ltr' id='par_1_87' title="bbox 901 1956 1690 1992">
     <span class='ocr_line' id='line_1_87' title="bbox 901 1956 1690 1992; baseline 0.003 -8"><span class='ocrx_word' id='word_1_757' title='bbox 901 1958 992 1992; x_wconf 82' lang='lat' dir='ltr'><strong>genita</strong></span> <span class='ocrx_word' id='word_1_758' title='bbox 1008 1965 1073 1984; x_wconf 85' lang='lat' dir='ltr'><strong>vero</strong></span> <span class='ocrx_word' id='word_1_759' title='bbox 1089 1964 1142 1984; x_wconf 92' lang='lat' dir='ltr'><strong>non</strong></span> <span class='ocrx_word' id='word_1_760' title='bbox 1163 1957 1244 1984; x_wconf 87' lang='lat' dir='ltr'><strong>item?</strong></span> <span class='ocrx_word' id='word_1_761' title='bbox 1260 1956 1355 1985; x_wconf 87' lang='lat' dir='ltr'><strong>Anam.</strong></span> <span class='ocrx_word' id='word_1_762' title='bbox 1375 1957 1414 1984; x_wconf 85' lang='lat' dir='ltr'><strong>ita</strong></span> <span class='ocrx_word' id='word_1_763' title='bbox 1437 1961 1489 1985; x_wconf 88' lang='lat' dir='ltr'><strong>est.</strong></span> <span class='ocrx_word' id='word_1_764' title='bbox 1508 1957 1584 1986; x_wconf 80' lang='lat' dir='ltr'><strong>0rtlt.</strong></span> <span class='ocrx_word' id='word_1_765' title='bbox 1603 1957 1690 1986; x_wconf 86' lang='lat' dir='ltr'><strong>luter-</strong></span> 
     </span>
    </p>
   </div>
   <div class='ocr_carea' id='block_1_88' title="bbox 903 2001 1691 2037">
    <p class='ocr_par' dir='ltr' id='par_1_88' title="bbox 903 2001 1691 2037">
     <span class='ocr_line' id='line_1_88' title="bbox 903 2001 1691 2037; baseline 0.004 -10"><span class='ocrx_word' id='word_1_766' title='bbox 903 2002 992 2029; x_wconf 82' lang='lat' dir='ltr'><strong>ventio</strong></span> <span class='ocrx_word' id='word_1_767' title='bbox 1010 2002 1092 2037; x_wconf 80' lang='lat' dir='ltr'><strong>igitur</strong></span> <span class='ocrx_word' id='word_1_768' title='bbox 1113 2001 1174 2028; x_wconf 87' lang='lat' dir='ltr'><strong>Filii</strong></span> <span class='ocrx_word' id='word_1_769' title='bbox 1196 2001 1334 2029; x_wconf 88' lang='lat' dir='ltr'><strong>imminuit</strong></span> <span class='ocrx_word' id='word_1_770' title='bbox 1349 2001 1438 2029; x_wconf 86' lang='lat' dir='ltr'><strong>Patris</strong></span> <span class='ocrx_word' id='word_1_771' title='bbox 1469 2002 1496 2029; x_wconf 88' lang='lat' dir='ltr'><strong>in</strong></span> <span class='ocrx_word' id='word_1_772' title='bbox 1517 2003 1621 2037; x_wconf 82' lang='lat' dir='ltr'><strong>agendo</strong></span> <span class='ocrx_word' id='word_1_773' title='bbox 1635 2003 1691 2030; x_wconf 83' lang='lat' dir='ltr'><strong>elli-</strong></span> 
     </span>
    </p>
   </div>
   <div class='ocr_carea' id='block_1_89' title="bbox 903 2046 1690 2081">
    <p class='ocr_par' dir='ltr' id='par_1_89' title="bbox 903 2046 1690 2081">
     <span class='ocr_line' id='line_1_89' title="bbox 903 2046 1690 2081; baseline 0.001 -6"><span class='ocrx_word' id='word_1_774' title='bbox 903 2048 1056 2076; x_wconf 81' lang='lat' dir='ltr'><strong>caeitatem.</strong></span> <span class='ocrx_word' id='word_1_775' title='bbox 1080 2049 1176 2075; x_wconf 85' lang='lat' dir='ltr'><strong>Anam.</strong></span> <span class='ocrx_word' id='word_1_776' title='bbox 1196 2046 1396 2080; x_wconf 83' lang='lat' dir='ltr'><strong>Quamobrem?</strong></span> <span class='ocrx_word' id='word_1_777' title='bbox 1424 2048 1500 2075; x_wconf 81' lang='lat' dir='ltr'><strong>Orlh.</strong></span> <span class='ocrx_word' id='word_1_778' title='bbox 1525 2048 1594 2081; x_wconf 82' lang='lat' dir='ltr'><strong>Quia</strong></span> <span class='ocrx_word' id='word_1_779' title='bbox 1615 2049 1690 2076; x_wconf 81' lang='lat' dir='ltr'><strong>solus</strong></span> 
     </span>
    </p>
   </div>
   <div class='ocr_carea' id='block_1_90' title="bbox 904 2091 1691 2127">
    <p class='ocr_par' dir='ltr' id='par_1_90' title="bbox 904 2091 1691 2127">
     <span class='ocr_line' id='line_1_90' title="bbox 904 2091 1691 2127; baseline 0.003 -9"><span class='ocrx_word' id='word_1_780' title='bbox 904 2093 991 2119; x_wconf 89' lang='lat' dir='ltr'><strong>solum</strong></span> <span class='ocrx_word' id='word_1_781' title='bbox 1005 2092 1128 2126; x_wconf 80' lang='lat' dir='ltr'><strong>gignens,</strong></span> <span class='ocrx_word' id='word_1_782' title='bbox 1147 2091 1240 2119; x_wconf 79' lang='lat' dir='ltr'><strong>itidem</strong></span> <span class='ocrx_word' id='word_1_783' title='bbox 1255 2094 1282 2118; x_wconf 86' lang='lat' dir='ltr'><strong>et</strong></span> <span class='ocrx_word' id='word_1_784' title='bbox 1293 2091 1379 2127; x_wconf 83' lang='lat' dir='ltr'><strong>gignit</strong></span> <span class='ocrx_word' id='word_1_785' title='bbox 1397 2096 1424 2120; x_wconf 89' lang='lat' dir='ltr'><strong>et</strong></span> <span class='ocrx_word' id='word_1_786' title='bbox 1440 2097 1524 2120; x_wconf 85' lang='lat' dir='ltr'><strong>creat.</strong></span> <span class='ocrx_word' id='word_1_787' title='bbox 1542 2092 1610 2120; x_wconf 87' lang='lat' dir='ltr'><strong>Filio</strong></span> <span class='ocrx_word' id='word_1_788' title='bbox 1625 2101 1691 2120; x_wconf 85' lang='lat' dir='ltr'><strong>vero</strong></span> 
     </span>
    </p>
   </div>
   <div class='ocr_carea' id='block_1_91' title="bbox 905 2137 1692 2174">
    <p class='ocr_par' dir='ltr' id='par_1_91' title="bbox 905 2137 1692 2174">
     <span class='ocr_line' id='line_1_91' title="bbox 905 2137 1692 2174; baseline 0 -10"><span class='ocrx_word' id='word_1_789' title='bbox 905 2138 1117 2171; x_wconf 86' lang='lat' dir='ltr'><strong>interveniente,</strong></span> <span class='ocrx_word' id='word_1_790' title='bbox 1130 2137 1202 2172; x_wconf 87' lang='lat' dir='ltr'><strong>quod</strong></span> <span class='ocrx_word' id='word_1_791' title='bbox 1225 2143 1311 2171; x_wconf 87' lang='lat' dir='ltr'><strong>creat,</strong></span> <span class='ocrx_word' id='word_1_792' title='bbox 1336 2145 1391 2165; x_wconf 90' lang='lat' dir='ltr'><strong>non</strong></span> <span class='ocrx_word' id='word_1_793' title='bbox 1414 2147 1479 2166; x_wconf 82' lang='lat' dir='ltr'><strong>sane</strong></span> <span class='ocrx_word' id='word_1_794' title='bbox 1495 2139 1650 2174; x_wconf 81' lang='lat' dir='ltr'><strong>gignit;et,</strong></span> <span class='ocrx_word' id='word_1_795' title='bbox 1662 2143 1692 2164; x_wconf 88' lang='lat' dir='ltr'><strong>ut</strong></span> 
     </span>
    </p>
   </div>
   <div class='ocr_carea' id='block_1_92' title="bbox 904 2184 1691 2219">
    <p class='ocr_par' dir='ltr' id='par_1_92' title="bbox 904 2184 1691 2219">
     <span class='ocr_line' id='line_1_92' title="bbox 904 2184 1691 2219; baseline -0.001 -8"><span class='ocrx_word' id='word_1_796' title='bbox 904 2184 1023 2216; x_wconf 87' lang='lat' dir='ltr'><strong>videtur,</strong></span> <span class='ocrx_word' id='word_1_797' title='bbox 1040 2184 1240 2219; x_wconf 88' lang='lat' dir='ltr'><strong>principatuum</strong></span> <span class='ocrx_word' id='word_1_798' title='bbox 1261 2189 1288 2212; x_wconf 91' lang='lat' dir='ltr'><strong>et</strong></span> <span class='ocrx_word' id='word_1_799' title='bbox 1308 2189 1491 2219; x_wconf 77' lang='lat' dir='ltr'><strong>potestatum,</strong></span> <span class='ocrx_word' id='word_1_800' title='bbox 1510 2192 1598 2212; x_wconf 88' lang='lat' dir='ltr'><strong>rerum</strong></span> <span class='ocrx_word' id='word_1_801' title='bbox 1614 2185 1691 2211; x_wconf 88' lang='lat' dir='ltr'><strong>deni-</strong></span> 
     </span>
    </p>
   </div>
   <div class='ocr_carea' id='block_1_93' title="bbox 904 2230 1692 2265">
    <p class='ocr_par' dir='ltr' id='par_1_93' title="bbox 904 2230 1692 2265">
     <span class='ocr_line' id='line_1_93' title="bbox 904 2230 1692 2265; baseline 0.001 -9"><span class='ocrx_word' id='word_1_802' title='bbox 904 2237 957 2264; x_wconf 81' lang='lat' dir='ltr'><strong>que</strong></span> <span class='ocrx_word' id='word_1_803' title='bbox 974 2230 1096 2257; x_wconf 91' lang='lat' dir='ltr'><strong>omnium</strong></span> <span class='ocrx_word' id='word_1_804' title='bbox 1113 2233 1265 2257; x_wconf 84' lang='lat' dir='ltr'><strong>creatarum</strong></span> <span class='ocrx_word' id='word_1_805' title='bbox 1281 2230 1399 2263; x_wconf 89' lang='lat' dir='ltr'><strong>damno,</strong></span> <span class='ocrx_word' id='word_1_806' title='bbox 1414 2231 1521 2265; x_wconf 83' lang='lat' dir='ltr'><strong>genitus</strong></span> <span class='ocrx_word' id='word_1_807' title='bbox 1545 2230 1626 2257; x_wconf 79' lang='lat' dir='ltr'><strong>fuerit</strong></span> <span class='ocrx_word' id='word_1_808' title='bbox 1647 2230 1692 2257; x_wconf 88' lang='lat' dir='ltr'><strong>Fi-</strong></span> 
     </span>
    </p>
   </div>
   <div class='ocr_carea' id='block_1_94' title="bbox 906 2275 1692 2311">
    <p class='ocr_par' dir='ltr' id='par_1_94' title="bbox 906 2275 1692 2311">
     <span class='ocr_line' id='line_1_94' title="bbox 906 2275 1692 2311; baseline 0.001 -10"><span class='ocrx_word' id='word_1_809' title='bbox 906 2275 966 2302; x_wconf 84' lang='lat' dir='ltr'><strong>lius.</strong></span> <span class='ocrx_word' id='word_1_810' title='bbox 979 2275 1073 2302; x_wconf 82' lang='lat' dir='ltr'><strong>Anam.</strong></span> <span class='ocrx_word' id='word_1_811' title='bbox 1087 2275 1287 2307; x_wconf 85' lang='lat' dir='ltr'><strong>Quamobrem?</strong></span> <span class='ocrx_word' id='word_1_812' title='bbox 1301 2275 1377 2303; x_wconf 76' lang='lat' dir='ltr'><strong>Ortlt.</strong></span> <span class='ocrx_word' id='word_1_813' title='bbox 1401 2276 1534 2309; x_wconf 86' lang='lat' dir='ltr'><strong>Quoniam</strong></span> <span class='ocrx_word' id='word_1_814' title='bbox 1558 2276 1611 2303; x_wconf 88' lang='lat' dir='ltr'><strong>nisi</strong></span> <span class='ocrx_word' id='word_1_815' title='bbox 1621 2276 1692 2311; x_wconf 84' lang='lat' dir='ltr'><strong>geni-</strong></span> 
     </span>
    </p>
   </div>
   <div class='ocr_carea' id='block_1_95' title="bbox 907 2321 1692 2357">
    <p class='ocr_par' dir='ltr' id='par_1_95' title="bbox 907 2321 1692 2357">
     <span class='ocr_line' id='line_1_95' title="bbox 907 2321 1692 2357; baseline -0.001 -8"><span class='ocrx_word' id='word_1_816' title='bbox 907 2327 951 2349; x_wconf 87' lang='lat' dir='ltr'><strong>tus</strong></span> <span class='ocrx_word' id='word_1_817' title='bbox 964 2322 1061 2349; x_wconf 82' lang='lat' dir='ltr'><strong>fuisset</strong></span> <span class='ocrx_word' id='word_1_818' title='bbox 1076 2321 1177 2355; x_wconf 85' lang='lat' dir='ltr'><strong>Filius,</strong></span> <span class='ocrx_word' id='word_1_819' title='bbox 1192 2329 1362 2357; x_wconf 72' lang='lat' dir='ltr'><strong>quaecunque</strong></span> <span class='ocrx_word' id='word_1_820' title='bbox 1381 2322 1417 2350; x_wconf 85' lang='lat' dir='ltr'><strong>ab</strong></span> <span class='ocrx_word' id='word_1_821' title='bbox 1430 2330 1463 2350; x_wconf 87' lang='lat' dir='ltr'><strong>eo</strong></span> <span class='ocrx_word' id='word_1_822' title='bbox 1476 2326 1581 2354; x_wconf 73' lang='lat' dir='ltr'><strong>creata,</strong></span> <span class='ocrx_word' id='word_1_823' title='bbox 1599 2327 1692 2350; x_wconf 85' lang='lat' dir='ltr'><strong>essent</strong></span> 
     </span>
    </p>
   </div>
   <div class='ocr_carea' id='block_1_96' title="bbox 906 2367 1692 2403">
    <p class='ocr_par' dir='ltr' id='par_1_96' title="bbox 906 2367 1692 2403">
     <span class='ocr_line' id='line_1_96' title="bbox 906 2367 1692 2403; baseline -0.001 -8"><span class='ocrx_word' id='word_1_824' title='bbox 906 2368 987 2395; x_wconf 87' lang='lat' dir='ltr'><strong>etiam</strong></span> <span class='ocrx_word' id='word_1_825' title='bbox 1003 2368 1104 2402; x_wconf 85' lang='lat' dir='ltr'><strong>genita.</strong></span> <span class='ocrx_word' id='word_1_826' title='bbox 1118 2367 1215 2394; x_wconf 84' lang='lat' dir='ltr'><strong>Anam.</strong></span> <span class='ocrx_word' id='word_1_827' title='bbox 1231 2367 1329 2395; x_wconf 86' lang='lat' dir='ltr'><strong>Annon</strong></span> <span class='ocrx_word' id='word_1_828' title='bbox 1345 2368 1427 2403; x_wconf 83' lang='lat' dir='ltr'><strong>igitur</strong></span> <span class='ocrx_word' id='word_1_829' title='bbox 1438 2376 1485 2403; x_wconf 88' lang='lat' dir='ltr'><strong>per</strong></span> <span class='ocrx_word' id='word_1_830' title='bbox 1497 2368 1594 2396; x_wconf 87' lang='lat' dir='ltr'><strong>Filium</strong></span> <span class='ocrx_word' id='word_1_831' title='bbox 1608 2369 1692 2395; x_wconf 84' lang='lat' dir='ltr'><strong>creati</strong></span> 
     </span>
    </p>
   </div>
   <div class='ocr_carea' id='block_1_97' title="bbox 909 2412 1693 2448">
    <p class='ocr_par' dir='ltr' id='par_1_97' title="bbox 909 2412 1693 2448">
     <span class='ocr_line' id='line_1_97' title="bbox 909 2412 1693 2448; baseline 0 -8"><span class='ocrx_word' id='word_1_832' title='bbox 909 2414 1024 2441; x_wconf 87' lang='lat' dir='ltr'><strong>sumus?</strong></span> <span class='ocrx_word' id='word_1_833' title='bbox 1037 2413 1112 2440; x_wconf 83' lang='lat' dir='ltr'><strong>Ortlt.</strong></span> <span class='ocrx_word' id='word_1_834' title='bbox 1128 2412 1199 2441; x_wconf 83' lang='lat' dir='ltr'><strong>Sane</strong></span> <span class='ocrx_word' id='word_1_835' title='bbox 1213 2420 1286 2441; x_wconf 87' lang='lat' dir='ltr'><strong>vero.</strong></span> <span class='ocrx_word' id='word_1_836' title='bbox 1311 2413 1365 2440; x_wconf 88' lang='lat' dir='ltr'><strong>Sed</strong></span> <span class='ocrx_word' id='word_1_837' title='bbox 1387 2421 1437 2441; x_wconf 88' lang='lat' dir='ltr'><strong>nos</strong></span> <span class='ocrx_word' id='word_1_838' title='bbox 1454 2414 1562 2448; x_wconf 88' lang='lat' dir='ltr'><strong>quidem</strong></span> <span class='ocrx_word' id='word_1_839' title='bbox 1583 2421 1632 2448; x_wconf 89' lang='lat' dir='ltr'><strong>per</strong></span> <span class='ocrx_word' id='word_1_840' title='bbox 1646 2412 1693 2440; x_wconf 84' lang='lat' dir='ltr'><strong>Fi-</strong></span> 
     </span>
    </p>
   </div>
   <div class='ocr_carea' id='block_1_98' title="bbox 56 2458 844 2494">
    <p class='ocr_par' dir='ltr' id='par_1_98' title="bbox 56 2458 844 2494">
     <span class='ocr_line' id='line_1_98' title="bbox 56 2458 844 2494; baseline -0.003 -8"><span class='ocrx_word' id='word_1_841' title='bbox 56 2460 130 2486; x_wconf 76' lang='grc' dir='ltr'><strong>Θεοῦ</strong></span> <span class='ocrx_word' id='word_1_842' title='bbox 156 2459 335 2494; x_wconf 78' lang='grc' dir='ltr'>γεγέννηται,</span> <span class='ocrx_word' id='word_1_843' title='bbox 351 2460 398 2486; x_wconf 73' lang='grc' dir='ltr'>καὶ</span> <span class='ocrx_word' id='word_1_844' title='bbox 425 2459 476 2487; x_wconf 78' lang='grc' dir='ltr'><strong>οὐκ</strong></span> <span class='ocrx_word' id='word_1_845' title='bbox 502 2459 635 2486; x_wconf 76' lang='grc' dir='ltr'>ἔκτισται.</span> <span class='ocrx_word' id='word_1_846' title='bbox 657 2458 754 2494; x_wconf 78' lang='grc' dir='ltr'>Ἀνόμ.</span> <span class='ocrx_word' id='word_1_847' title='bbox 770 2459 844 2486; x_wconf 72' lang='grc' dir='ltr'>Αὐτὸ,</span> 
     </span>
    </p>
   </div>
   <div class='ocr_carea' id='block_1_99' title="bbox 897 2458 1691 2494">
    <p class='ocr_par' dir='ltr' id='par_1_99' title="bbox 907 2458 1691 2494">
     <span class='ocr_line' id='line_1_99' title="bbox 907 2458 1691 2494; baseline -0.003 -7"><span class='ocrx_word' id='word_1_848' title='bbox 907 2460 972 2487; x_wconf 90' lang='lat' dir='ltr'><strong>lium</strong></span> <span class='ocrx_word' id='word_1_849' title='bbox 984 2459 1068 2486; x_wconf 80' lang='lat' dir='ltr'><strong>creati</strong></span> <span class='ocrx_word' id='word_1_850' title='bbox 1083 2467 1188 2491; x_wconf 88' lang='lat' dir='ltr'><strong>smnus,</strong></span> <span class='ocrx_word' id='word_1_851' title='bbox 1203 2458 1288 2486; x_wconf 88' lang='lat' dir='ltr'><strong>Filius</strong></span> <span class='ocrx_word' id='word_1_852' title='bbox 1308 2467 1372 2487; x_wconf 82' lang='lat' dir='ltr'><strong>vero</strong></span> <span class='ocrx_word' id='word_1_853' title='bbox 1386 2468 1419 2487; x_wconf 84' lang='lat' dir='ltr'><strong>ex</strong></span> <span class='ocrx_word' id='word_1_854' title='bbox 1444 2459 1499 2487; x_wconf 85' lang='lat' dir='ltr'><strong>Deo</strong></span> <span class='ocrx_word' id='word_1_855' title='bbox 1510 2460 1617 2494; x_wconf 86' lang='lat' dir='ltr'><strong>genitus</strong></span> <span class='ocrx_word' id='word_1_856' title='bbox 1639 2463 1691 2490; x_wconf 85' lang='lat' dir='ltr'><strong>est,</strong></span> 
     </span>
    </p>
   </div>
   <div class='ocr_carea' id='block_1_100' title="bbox 56 2506 853 2543">
    <p class='ocr_par' dir='ltr' id='par_1_100' title="bbox 56 2506 853 2543">
     <span class='ocr_line' id='line_1_100' title="bbox 56 2506 853 2543; baseline 0 -9"><span class='ocrx_word' id='word_1_857' title='bbox 56 2508 147 2541; x_wconf 67' lang='grc' dir='ltr'>λέγεν</span> <span class='ocrx_word' id='word_1_858' title='bbox 167 2517 176 2532; x_wconf 71' lang='grc' dir='ltr'><strong>ε</strong></span> <span class='ocrx_word' id='word_1_859' title='bbox 192 2507 293 2542; x_wconf 85' lang='grc' dir='ltr'>Κύριος</span> <span class='ocrx_word' id='word_1_860' title='bbox 305 2506 395 2533; x_wconf 80' lang='grc' dir='ltr'>ἕκτισέ</span> <span class='ocrx_word' id='word_1_861' title='bbox 410 2516 444 2542; x_wconf 88' lang='grc' dir='ltr'><strong>με</strong></span> <span class='ocrx_word' id='word_1_862' title='bbox 461 2507 547 2543; x_wconf 83' lang='grc' dir='ltr'>ἀρχὴν</span> <span class='ocrx_word' id='word_1_863' title='bbox 558 2507 627 2534; x_wconf 85' lang='grc' dir='ltr'>ὁδῶν</span> <span class='ocrx_word' id='word_1_864' title='bbox 643 2506 736 2534; x_wconf 80' lang='grc' dir='ltr'>αὑτοῦ.</span> <span class='ocrx_word' id='word_1_865' title='bbox 748 2516 757 2532; x_wconf 79' lang='lat' dir='ltr'><strong>i</strong></span> <span class='ocrx_word' id='word_1_866' title='bbox 777 2508 853 2540; x_wconf 83' lang='grc' dir='ltr'>Ὀρθ.</span> 
     </span>
    </p>
   </div>
   <div class='ocr_carea' id='block_1_101' title="bbox 34 2549 854 2588">
    <p class='ocr_par' dir='ltr' id='par_1_101' title="bbox 34 2549 854 2588">
     <span class='ocr_line' id='line_1_101' title="bbox 34 2549 854 2588; baseline -0.001 -8"><span class='ocrx_word' id='word_1_867' title='bbox 34 2549 37 2551; x_wconf 63' lang='grc'><strong>’</strong></span> <span class='ocrx_word' id='word_1_868' title='bbox 57 2555 115 2580; x_wconf 82' lang='grc' dir='ltr'><strong>Καὶ</strong></span> <span class='ocrx_word' id='word_1_869' title='bbox 134 2553 218 2584; x_wconf 83' lang='grc' dir='ltr'>αὐτὸς</span> <span class='ocrx_word' id='word_1_870' title='bbox 230 2553 321 2587; x_wconf 81' lang='grc' dir='ltr'>λέγει·</span> <span class='ocrx_word' id='word_1_871' title='bbox 341 2563 351 2578; x_wconf 86' lang='grc'><strong><em>‹</em></strong></span> <span class='ocrx_word' id='word_1_872' title='bbox 373 2553 490 2588; x_wconf 70' lang='grc' dir='ltr'>Ὠρυξαν</span> <span class='ocrx_word' id='word_1_873' title='bbox 514 2553 606 2588; x_wconf 82' lang='grc' dir='ltr'>χεῖράς</span> <span class='ocrx_word' id='word_1_874' title='bbox 633 2561 684 2588; x_wconf 90' lang='grc' dir='ltr'><strong>μου</strong></span> <span class='ocrx_word' id='word_1_875' title='bbox 701 2553 747 2579; x_wconf 76' lang='grc' dir='ltr'><strong>καὶ</strong></span> <span class='ocrx_word' id='word_1_876' title='bbox 770 2552 854 2584; x_wconf 85' lang='grc' dir='ltr'>πόδας</span> 
     </span>
    </p>
   </div>
   <div class='ocr_carea' id='block_1_102' title="bbox 57 2598 855 2635">
    <p class='ocr_par' dir='ltr' id='par_1_102' title="bbox 57 2598 855 2635">
     <span class='ocr_line' id='line_1_102' title="bbox 57 2598 855 2635; baseline 0 -11"><span class='ocrx_word' id='word_1_877' title='bbox 57 2608 126 2634; x_wconf 85' lang='grc' dir='ltr'>μου,</span> <span class='ocrx_word' id='word_1_878' title='bbox 159 2599 207 2625; x_wconf 74' lang='grc' dir='ltr'><strong>καὶ</strong></span> <span class='ocrx_word' id='word_1_879' title='bbox 233 2598 421 2635; x_wconf 83' lang='grc' dir='ltr'>διεμερίσαντο</span> <span class='ocrx_word' id='word_1_880' title='bbox 442 2598 476 2625; x_wconf 78' lang='grc' dir='ltr'>τὰ</span> <span class='ocrx_word' id='word_1_881' title='bbox 502 2598 597 2634; x_wconf 75' lang='grc' dir='ltr'>ἱμάτιά</span> <span class='ocrx_word' id='word_1_882' title='bbox 612 2607 664 2633; x_wconf 86' lang='grc' dir='ltr'><strong>μου</strong></span> <span class='ocrx_word' id='word_1_883' title='bbox 677 2599 792 2630; x_wconf 78' lang='grc' dir='ltr'>ἑαυτοῖς,</span> <span class='ocrx_word' id='word_1_884' title='bbox 809 2599 855 2625; x_wconf 67' lang='grc' dir='ltr'><strong>κα)⁵</strong></span> 
     </span>
    </p>
   </div>
   <div class='ocr_carea' id='block_1_103' title="bbox 56 2644 854 2680">
    <p class='ocr_par' dir='ltr' id='par_1_103' title="bbox 56 2644 854 2680">
     <span class='ocr_line' id='line_1_103' title="bbox 56 2644 854 2680; baseline -0.003 -8"><span class='ocrx_word' id='word_1_885' title='bbox 56 2645 107 2672; x_wconf 77' lang='grc' dir='ltr'><strong>ἐπὶ</strong></span> <span class='ocrx_word' id='word_1_886' title='bbox 123 2645 172 2671; x_wconf 81' lang='grc' dir='ltr'>τὸν</span> <span class='ocrx_word' id='word_1_887' title='bbox 193 2645 339 2679; x_wconf 82' lang='grc' dir='ltr'>ἱματισμόν</span> <span class='ocrx_word' id='word_1_888' title='bbox 357 2653 413 2680; x_wconf 66' lang='grc' dir='ltr'><strong>μοι.»¹</strong></span> <span class='ocrx_word' id='word_1_889' title='bbox 427 2644 520 2671; x_wconf 78' lang='grc' dir='ltr'>ἔϐαλον</span> <span class='ocrx_word' id='word_1_890' title='bbox 540 2645 649 2680; x_wconf 86' lang='grc' dir='ltr'>κλῆρον.</span> <span class='ocrx_word' id='word_1_891' title='bbox 671 2654 679 2670; x_wconf 79' lang='lat' dir='ltr'><strong>t</strong></span> <span class='ocrx_word' id='word_1_892' title='bbox 706 2645 803 2679; x_wconf 68' lang='lat' dir='ltr'><strong>’Ardy.</strong></span> <span class='ocrx_word' id='word_1_893' title='bbox 822 2644 854 2670; x_wconf 86' lang='grc' dir='ltr'>Τί</span> 
     </span>
    </p>
   </div>
   <div class='ocr_carea' id='block_1_104' title="bbox 94 2722 368 2755">
    <p class='ocr_par' dir='ltr' id='par_1_104' title="bbox 94 2722 368 2755">
     <span class='ocr_line' id='line_1_104' title="bbox 94 2722 368 2755; baseline -0.011 -4"><span class='ocrx_word' id='word_1_894' title='bbox 94 2723 121 2739; x_wconf 73' lang='grc'>’⁸</span> <span class='ocrx_word' id='word_1_895' title='bbox 145 2722 228 2750; x_wconf 87' lang='lat' dir='ltr'><strong>Prov.</strong></span> <span class='ocrx_word' id='word_1_896' title='bbox 247 2730 306 2755; x_wconf 90' lang='lat' dir='ltr'><strong>vm,</strong></span> <span class='ocrx_word' id='word_1_897' title='bbox 324 2722 368 2748; x_wconf 63' lang='lat'><strong>‘2‘).</strong></span> 
     </span>
    </p>
   </div>
   <div class='ocr_carea' id='block_1_105' title="bbox 96 2799 633 2835">
    <p class='ocr_par' dir='ltr' id='par_1_105' title="bbox 96 2799 633 2835">
     <span class='ocr_line' id='line_1_105' title="bbox 96 2799 633 2835; baseline -0.004 -7"><span class='ocrx_word' id='word_1_898' title='bbox 96 2801 161 2835; x_wconf 83' lang='lat'><strong>(58)</strong></span> <span class='ocrx_word' id='word_1_899' title='bbox 181 2801 220 2827; x_wconf 84' lang='grc' dir='ltr'><strong><em>Ἥ</em></strong></span> <span class='ocrx_word' id='word_1_900' title='bbox 230 2800 306 2828; x_wconf 79' lang='lat' dir='ltr'><strong>deest</strong></span> <span class='ocrx_word' id='word_1_901' title='bbox 317 2801 343 2827; x_wconf 94' lang='lat' dir='ltr'><strong>in</strong></span> <span class='ocrx_word' id='word_1_902' title='bbox 359 2800 482 2828; x_wconf 84' lang='lat' dir='ltr'><strong>Palatino</strong></span> <span class='ocrx_word' id='word_1_903' title='bbox 497 2804 523 2827; x_wconf 86' lang='lat' dir='ltr'><strong>et</strong></span> <span class='ocrx_word' id='word_1_904' title='bbox 538 2799 633 2834; x_wconf 75' lang='lat' dir='ltr'><strong>Regio.</strong></span> 
     </span>
    </p>
   </div>
   <div class='ocr_carea' id='block_1_106' title="bbox 96 2835 816 2874">
    <p class='ocr_par' dir='ltr' id='par_1_106' title="bbox 96 2835 816 2874">
     <span class='ocr_line' id='line_1_106' title="bbox 96 2835 816 2874; baseline -0.004 -9"><span class='ocrx_word' id='word_1_905' title='bbox 96 2836 161 2874; x_wconf 84' lang='lat'><strong>(59)</strong></span> <span class='ocrx_word' id='word_1_906' title='bbox 182 2836 261 2867; x_wconf 80' lang='lat' dir='ltr'><strong>Mss.,</strong></span> <span class='ocrx_word' id='word_1_907' title='bbox 272 2835 344 2871; x_wconf 80' lang='grc' dir='ltr'>τίθῃ.</span> <span class='ocrx_word' id='word_1_908' title='bbox 357 2835 441 2869; x_wconf 79' lang='lat' dir='ltr'><strong>infra,</strong></span> <span class='ocrx_word' id='word_1_909' title='bbox 456 2835 534 2866; x_wconf 79' lang='grc' dir='ltr'>κύνες</span> <span class='ocrx_word' id='word_1_910' title='bbox 548 2835 624 2862; x_wconf 80' lang='lat' dir='ltr'><strong>deest</strong></span> <span class='ocrx_word' id='word_1_911' title='bbox 639 2835 667 2862; x_wconf 84' lang='lat' dir='ltr'><strong>in</strong></span> <span class='ocrx_word' id='word_1_912' title='bbox 685 2835 816 2862; x_wconf 67' lang='lat' dir='ltr'><strong>Palatino.</strong></span> 
     </span>
    </p>
   </div>
   <div class='ocr_carea' id='block_1_107' title="bbox 255 2881 635 2913">
    <p class='ocr_par' dir='ltr' id='par_1_107' title="bbox 255 2881 635 2913">
     <span class='ocr_line' id='line_1_107' title="bbox 255 2881 635 2913; baseline 0.003 -2"><span class='ocrx_word' id='word_1_913' title='bbox 255 2882 391 2913; x_wconf 74' lang='grc' dir='ltr'>ΡΑτιλοι..</span> <span class='ocrx_word' id='word_1_914' title='bbox 407 2881 465 2913; x_wconf 80' lang='lat' dir='ltr'><strong>Gn.</strong></span> <span class='ocrx_word' id='word_1_915' title='bbox 490 2881 635 2912; x_wconf 75' lang='lat' dir='ltr'><strong>XXVIII.</strong></span> 
     </span>
    </p>
   </div>
   <div class='ocr_carea' id='block_1_108' title="bbox 908 2505 1693 2540">
    <p class='ocr_par' dir='ltr' id='par_1_108' title="bbox 908 2505 1693 2540">
     <span class='ocr_line' id='line_1_108' title="bbox 908 2505 1693 2540; baseline -0.001 -8"><span class='ocrx_word' id='word_1_916' title='bbox 908 2513 962 2532; x_wconf 93' lang='lat' dir='ltr'><strong>non</strong></span> <span class='ocrx_word' id='word_1_917' title='bbox 985 2508 1074 2532; x_wconf 88' lang='lat' dir='ltr'><strong>autem</strong></span> <span class='ocrx_word' id='word_1_918' title='bbox 1097 2509 1216 2532; x_wconf 83' lang='lat' dir='ltr'><strong>creatus.</strong></span> <span class='ocrx_word' id='word_1_919' title='bbox 1230 2505 1325 2532; x_wconf 81' lang='lat' dir='ltr'><strong>Anam.</strong></span> <span class='ocrx_word' id='word_1_920' title='bbox 1351 2505 1411 2540; x_wconf 83' lang='lat' dir='ltr'><strong>Ipse</strong></span> <span class='ocrx_word' id='word_1_921' title='bbox 1432 2505 1517 2532; x_wconf 89' lang='lat' dir='ltr'><strong>dicit:</strong></span> <span class='ocrx_word' id='word_1_922' title='bbox 1536 2515 1545 2530; x_wconf 86' lang='grc'><em>‹</em></span> <span class='ocrx_word' id='word_1_923' title='bbox 1561 2505 1693 2532; x_wconf 79' lang='lat' dir='ltr'><strong>Domian</strong></span> 
     </span>
    </p>
   </div>
   <div class='ocr_carea' id='block_1_109' title="bbox 891 2550 1693 2585">
    <p class='ocr_par' dir='ltr' id='par_1_109' title="bbox 891 2550 1693 2585">
     <span class='ocr_line' id='line_1_109' title="bbox 891 2550 1693 2585; baseline -0.001 -7"><span class='ocrx_word' id='word_1_924' title='bbox 891 2565 893 2567; x_wconf 97' lang='lat'><strong><em>-</em></strong></span> <span class='ocrx_word' id='word_1_925' title='bbox 908 2551 1010 2578; x_wconf 83' lang='lat' dir='ltr'><strong>creavit</strong></span> <span class='ocrx_word' id='word_1_926' title='bbox 1022 2558 1076 2582; x_wconf 87' lang='lat' dir='ltr'><strong>me,</strong></span> <span class='ocrx_word' id='word_1_927' title='bbox 1092 2550 1201 2577; x_wconf 87' lang='lat' dir='ltr'><strong>initium</strong></span> <span class='ocrx_word' id='word_1_928' title='bbox 1215 2550 1319 2578; x_wconf 86' lang='lat' dir='ltr'><strong>viarum</strong></span> <span class='ocrx_word' id='word_1_929' title='bbox 1334 2559 1447 2579; x_wconf 85' lang='lat' dir='ltr'><strong>suarum</strong></span> <span class='ocrx_word' id='word_1_930' title='bbox 1459 2552 1493 2577; x_wconf 67' lang='grc' dir='ltr'><strong>θ’.</strong></span> <span class='ocrx_word' id='word_1_931' title='bbox 1514 2560 1523 2577; x_wconf 79' lang='grc' dir='ltr'><strong>ι</strong></span> <span class='ocrx_word' id='word_1_932' title='bbox 1543 2551 1619 2578; x_wconf 81' lang='grc' dir='ltr'>ΟτιΙι.</span> <span class='ocrx_word' id='word_1_933' title='bbox 1634 2552 1693 2585; x_wconf 90' lang='lat' dir='ltr'><strong>Ipse</strong></span> 
     </span>
    </p>
   </div>
   <div class='ocr_carea' id='block_1_110' title="bbox 908 2597 1692 2633">
    <p class='ocr_par' dir='ltr' id='par_1_110' title="bbox 908 2597 1692 2633">
     <span class='ocr_line' id='line_1_110' title="bbox 908 2597 1692 2633; baseline -0.003 -8"><span class='ocrx_word' id='word_1_934' title='bbox 908 2605 1015 2633; x_wconf 88' lang='lat' dir='ltr'><strong>quoque</strong></span> <span class='ocrx_word' id='word_1_935' title='bbox 1030 2597 1118 2624; x_wconf 86' lang='lat' dir='ltr'><strong>dicit:</strong></span> <span class='ocrx_word' id='word_1_936' title='bbox 1143 2606 1153 2623; x_wconf 78' lang='grc' dir='ltr'>ι</span> <span class='ocrx_word' id='word_1_937' title='bbox 1174 2597 1312 2625; x_wconf 80' lang='lat' dir='ltr'><strong>Fuderunt</strong></span> <span class='ocrx_word' id='word_1_938' title='bbox 1333 2606 1429 2625; x_wconf 86' lang='lat' dir='ltr'><strong>manus</strong></span> <span class='ocrx_word' id='word_1_939' title='bbox 1457 2605 1532 2625; x_wconf 79' lang='lat' dir='ltr'><strong>meas</strong></span> <span class='ocrx_word' id='word_1_940' title='bbox 1561 2601 1589 2624; x_wconf 85' lang='lat' dir='ltr'><strong>et</strong></span> <span class='ocrx_word' id='word_1_941' title='bbox 1609 2597 1692 2632; x_wconf 75' lang='lat' dir='ltr'><strong>pedes</strong></span> 
     </span>
    </p>
   </div>
   <div class='ocr_carea' id='block_1_111' title="bbox 909 2643 1692 2679">
    <p class='ocr_par' dir='ltr' id='par_1_111' title="bbox 909 2643 1692 2679">
     <span class='ocr_line' id='line_1_111' title="bbox 909 2643 1692 2679; baseline -0.001 -8"><span class='ocrx_word' id='word_1_942' title='bbox 909 2651 995 2678; x_wconf 83' lang='lat' dir='ltr'><strong>meos,</strong></span> <span class='ocrx_word' id='word_1_943' title='bbox 1014 2648 1040 2671; x_wconf 85' lang='lat' dir='ltr'><strong>et</strong></span> <span class='ocrx_word' id='word_1_944' title='bbox 1055 2644 1147 2679; x_wconf 86' lang='lat' dir='ltr'><strong>partiti</strong></span> <span class='ocrx_word' id='word_1_945' title='bbox 1159 2648 1223 2671; x_wconf 88' lang='lat' dir='ltr'><strong>sunt</strong></span> <span class='ocrx_word' id='word_1_946' title='bbox 1232 2643 1392 2671; x_wconf 89' lang='lat' dir='ltr'><strong>vestimenta</strong></span> <span class='ocrx_word' id='word_1_947' title='bbox 1410 2650 1469 2671; x_wconf 86' lang='lat' dir='ltr'><strong>mea</strong></span> <span class='ocrx_word' id='word_1_948' title='bbox 1485 2644 1552 2676; x_wconf 87' lang='lat' dir='ltr'><strong>sibi,</strong></span> <span class='ocrx_word' id='word_1_949' title='bbox 1565 2648 1592 2671; x_wconf 87' lang='lat' dir='ltr'><strong>et</strong></span> <span class='ocrx_word' id='word_1_950' title='bbox 1610 2649 1692 2678; x_wconf 80' lang='lat' dir='ltr'><strong>super</strong></span> 
     </span>
    </p>
   </div>
   <div class='ocr_carea' id='block_1_112' title="bbox 948 2798 1336 2833">
    <p class='ocr_par' dir='ltr' id='par_1_112' title="bbox 948 2798 1336 2833">
     <span class='ocr_line' id='line_1_112' title="bbox 948 2798 1336 2833; baseline 0.003 -8"><span class='ocrx_word' id='word_1_951' title='bbox 948 2798 1002 2833; x_wconf 85' lang='lat'><strong>(60)</strong></span> <span class='ocrx_word' id='word_1_952' title='bbox 1020 2799 1054 2833; x_wconf 67' lang='grc' dir='ltr'><strong>Δέ</strong></span> <span class='ocrx_word' id='word_1_953' title='bbox 1070 2799 1146 2826; x_wconf 85' lang='lat' dir='ltr'><strong>deest</strong></span> <span class='ocrx_word' id='word_1_954' title='bbox 1162 2799 1190 2833; x_wconf 83' lang='lat' dir='ltr'><strong>in</strong></span> <span class='ocrx_word' id='word_1_955' title='bbox 1203 2798 1336 2826; x_wconf 82' lang='lat' dir='ltr'><strong>Palatino.</strong></span> 
     </span>
    </p>
   </div>
   <div class='ocr_carea' id='block_1_113' title="bbox 916 2831 1553 2872">
    <p class='ocr_par' dir='ltr' id='par_1_113' title="bbox 916 2831 1553 2872">
     <span class='ocr_line' id='line_1_113' title="bbox 916 2831 1553 2872; baseline 0.006 -12"><span class='ocrx_word' id='word_1_956' title='bbox 916 2870 918 2872; x_wconf 22' lang='grc' dir='ltr'><strong>η</strong></span> <span class='ocrx_word' id='word_1_957' title='bbox 944 2831 1000 2869; x_wconf 78' lang='lat' dir='ltr'><strong>(6i)</strong></span> <span class='ocrx_word' id='word_1_958' title='bbox 1019 2832 1107 2862; x_wconf 74' lang='lat' dir='ltr'><strong>Palat.</strong></span> <span class='ocrx_word' id='word_1_959' title='bbox 1125 2831 1240 2869; x_wconf 69' lang='lat' dir='ltr'><strong>et&#39;ﬂ&#39;eg.,</strong></span> <span class='ocrx_word' id='word_1_960' title='bbox 1256 2834 1418 2869; x_wconf 79' lang='grc' dir='ltr'>Ἐμὲλλομεν</span> <span class='ocrx_word' id='word_1_961' title='bbox 1434 2834 1487 2870; x_wconf 78' lang='grc' dir='ltr'><strong>γὰρ</strong></span> <span class='ocrx_word' id='word_1_962' title='bbox 1503 2836 1553 2864; x_wconf 79' lang='grc' dir='ltr'>ἅττ.</span> 
     </span>
    </p>
   </div>
   <div class='ocr_carea' id='block_1_114' title="bbox 1478 2881 1518 2911">
    <p class='ocr_par' dir='ltr' id='par_1_114' title="bbox 1478 2881 1518 2911">
     <span class='ocr_line' id='line_1_114' title="bbox 1478 2881 1518 2911; baseline 0.025 -1"><span class='ocrx_word' id='word_1_963' title='bbox 1478 2881 1518 2911; x_wconf 82' lang='lat'><strong>36</strong></span> 
     </span>
    </p>
   </div>
  </div>
