1926 3067
237 92 303 120 1151

802 92 830 119 S.
848 91 1079 121 ATHANASIUS.
1097 107 1132 112 —-
1149 92 1285 120 SPURIA.

1785 92 1852 119 H52

235 152 339 176 vestem
359 156 447 176 meam
469 149 601 176 miserunt
620 152 720 175 sortem
739 149 772 174 ".
799 158 807 174 ι
833 149 928 176 Anam.
949 149 1013 182 Quid

1070 150 1172 185 ὅμοιον,
1187 159 1196 175 ε
1212 149 1301 176 ἔκτισε
1335 157 1379 184 με,
1401 158 1410 174 ι
1430 149 1492 181 καὶ,
1519 158 1528 173 ι
1548 148 1654 183 ὤρυξαν
1679 148 1771 184 χεῖράς
1801 157 1860 190 μουί

235 195 325 222 simile
339 195 409 222 inter
425 202 455 222 se
470 194 580 225 habent,
603 202 612 219 ε
629 194 730 221 creavit
744 202 797 228 me,
815 204 824 220 ›
835 199 861 222 et
871 204 881 220 ι
894 195 1019 222 foderunt

236 248 333 268 manus
347 247 423 267 meas
437 244 464 267 et
482 239 582 274 pedes?
600 248 610 265 ι
631 238 707 266 Orth.
725 238 956 272 Quemadmodum
981 241 1017 271 id,

236 285 309 322 quod
325 286 351 312 in
366 293 446 312 cruce
462 285 584 312 futurum
599 288 673 317 erat,
690 285 856 319 enuntiavit,
875 290 903 313 ut
921 286 943 313 si
962 286 1017 321 jam

202 355 204 358 .
234 331 335 358 factum
352 331 448 358 fuisset
463 340 470 358 :
486 331 522 358 ita
545 331 617 367 quod
635 331 758 358 futurum
773 334 831 358 erat
852 332 878 358 in
897 332 1019 359 incarna-

234 377 317 410 tione,
332 377 410 408 dixit,
425 384 456 404 ac
473 377 497 404 si
515 377 572 412 jam
598 377 695 406 fuisset
712 377 824 405 factum.
847 377 941 412 Itaque
964 385 1018 404 non

233 423 312 455 dixit,
328 422 458 450 Dominus
482 423 584 450 creavit
610 431 653 451 me
679 428 742 451 ante
761 424 868 451 initium
884 424 944 457 viae,
970 422 1017 450 scd

233 467 360 502 quoniam
375 467 489 494 aliorum
509 467 553 493 via
571 468 675 502 perdita
697 472 772 501 erat,
796 467 904 495 futurus
927 471 1016 494 autem

232 513 312 540 nobis
325 516 384 540 erat
399 512 446 546 qui
463 512 505 539 via
519 519 614 540 recens
629 518 655 540 et
666 513 760 539 vivens
775 517 857 545 esset,
874 517 1017 548 propterea

232 559 298 586 dicit
313 568 320 586 :
345 567 354 583 ε
375 557 507 585 Dominus
525 558 626 585 creavit
643 566 686 585 me
703 559 810 585 initium
829 559 934 585 viarum
957 566 1018 586 sua-

232 613 292 632 rum
307 605 340 632 ad
352 612 434 640 opera
449 612 508 631 sua.
528 613 537 630 ι
554 604 648 631 Anam.
667 613 677 629 r
691 604 761 632 Ante
777 605 907 632 smeulum
920 604 1018 631 funda-

231 651 271 678 vit
283 658 337 682 me,
355 660 365 676 ι
394 649 497 685 inquit,
515 658 525 675 ι
543 653 687 684 antequam
710 655 809 677 terram
832 649 935 678 faceret
949 650 982 677 ".
1005 660 1014 676 ι

232 696 309 724 Orth.
334 695 382 724 Dic
400 699 429 722 tu
449 703 579 730 quoque:
605 704 613 720 ι
631 695 815 731 Quadraginta
836 702 923 723 annos
945 703 1016 722 non~-

230 742 295 769 dum
307 741 391 769 habes
401 741 434 773 ",
451 750 460 767 ι
484 745 511 769 et
532 745 595 768 ante
617 741 745 768 saeculum
771 740 900 768 fundatus
921 736 970 768 es?
987 745 1017 767 ut

231 787 339 820 audias,
355 797 365 813 ι
383 787 479 819 Amen,
493 795 572 815 amen
601 787 662 815 dico
679 787 739 818 tibi,
752 792 896 822 antequam
918 787 1016 814 sa’cula

1069 196 1116 222 καὶ
1129 195 1228 228 πόδας;
1247 205 1256 220 ι
1281 196 1356 229 Ὀρθ.
1375 194 1481 230 ’Ὠσπερ
1504 190 1534 220 τὸ
1561 194 1655 229 μέλλον
1672 193 1793 228 γίνεσθαι
1807 194 1853 220 ἐπὶ

1068 241 1114 267 τοῦ
1124 240 1296 276 σταυροῦ,ὠς
1306 240 1354 276 ἤδη
1368 240 1476 274 γεγονὸς
1490 239 1593 273 ἔλεγεν·
1610 238 1694 270 οὕτως
1714 239 1744 265 τὸ
1757 238 1852 273 μέλλον

1068 287 1114 313 ἐπὶ
1125 287 1174 322 τῆς
1189 286 1361 322 σαρκώσεως,
1372 286 1408 317 ὡς
1423 285 1471 321 ἤδη
1489 285 1598 319 γεγονὸς
1620 285 1719 318 ἔλεγεν.
1743 284 1853 319 Ἀμέλει

1068 331 1134 365 γοῦν
1165 331 1215 357 οὑκ
1241 328 1301 356 εἷπε
1312 339 1318 346 ·
1335 329 1436 364 Κύριος
1453 329 1542 355 ἑκτισέ
1558 337 1591 364 με
1607 328 1660 364 πρὸ
1675 328 1761 363 ἀρχῆς
1776 327 1848 354 ὀδοῦ·

1067 376 1123 403 ἀλλ’
1135 375 1226 411 ἐπειδὴ
1244 375 1416 410 ἀπολλυμένη
1428 373 1462 410 ἦν
1476 375 1492 410 ἡ
1507 374 1565 406 ὁδὸς
1576 374 1628 400 τῶν
1644 373 1740 406 ἄλλων,
1754 373 1850 408 ἔμελλε

1067 422 1094 448 δὲ
1108 422 1172 457 ἡμῖν
1185 421 1307 456 γίνεσθαι
1321 421 1380 452 ὁδὸς
1395 420 1548 456 πρόσφατος
1561 421 1607 446 καὶ
1622 419 1706 452 ζῶσα,
1721 419 1765 445 διὰ
1776 419 1853 446 τοῦτο

1067 467 1155 502 λέγει·
1174 476 1183 492 ‹
1203 467 1304 503 Κύριος
1319 467 1408 493 ἐκτισέ
1425 475 1457 502 με
1472 466 1556 501 ἀρχὴν
1567 466 1633 492 ὁδῶν
1648 465 1728 493 αὑτοῦ
1738 467 1777 498 εἰς
1785 467 1854 501 ἔργα

1067 510 1159 538 αὐτοῦ.
1181 521 1190 538 ι
1212 511 1311 545 Ἀνόμ.
1330 521 1339 537 ι
1358 511 1414 546 Πρὸ
1426 510 1473 537 τοῦ
1485 510 1580 542 αἰῶνος
1597 510 1759 545 ὲθεμελίωσέ
1775 520 1820 546 με,
1839 520 1850 537 ι

1067 557 1150 592 λέγει,
1167 567 1177 583 ‹
1198 557 1250 592 πρὸ
1262 557 1308 584 τοῦ
1321 558 1371 592 τὴν
1385 557 1436 592 γῆν
1449 558 1568 593 ποιῆσαι.
1590 566 1599 582 ι
1620 557 1697 590 Ὀρθ.
1709 556 1777 582 Εἰπὲ
1806 556 1852 583 καὶ

1067 602 1110 630 σύ·
1128 613 1138 629 ‹
1153 604 1361 639 Τεσσαράκοντα
1374 603 1421 638 ἐτη
1446 602 1521 629 οὔπω
1534 603 1614 637 ἔχεις,
1634 611 1642 628 ι
1661 602 1708 628 καὶ
1733 602 1785 636 πρὸ
1805 601 1852 629 τοῦ

1067 647 1163 679 αἰῶνος
1185 647 1383 682 ἐθεμελιώθης;
1410 647 1443 673 ἶν’
1465 646 1601 683 ἀκούσῃς·
1628 656 1637 672 ι
1663 646 1757 682 Ἀμὴν,
1779 647 1852 682 ἀμὴν

1066 693 1138 727 λέγω
1149 702 1199 725 σοι,
1216 692 1269 728 πρὸ
1283 693 1329 719 τοῦ
1347 693 1410 724 τοὺς
1428 692 1528 724 αἰῶνας
1540 692 1674 727 γενέσθαι,
1690 691 1744 726 ἐγώ
1759 694 1825 728 εἰμι.
1840 702 1850 718 ι

1073 738 1169 773 Ἀνόμ,
1188 738 1242 764 Kal
1254 735 1287 773 ἦν
1308 737 1391 764 αὐτοῦ
1404 739 1420 773 ἡ
1442 738 1577 774 σάρκωσις
1586 738 1639 773 ττρῦ
1651 737 1697 764 τοῦ
1709 738 1771 769 τοὺς
1788 738 1853 764 αἰῶ-

1067 793 1116 815 νας
1132 783 1271 818 γενέσθαι;
1292 784 1368 817 Ὀρθ.
1382 782 1421 819 Τῇ
1437 783 1588 819 προγνώσει
1603 783 1649 810 καὶ
1662 783 1727 809 αὐτὸ
1747 783 1777 809 τὺ
1801 784 1852 810 πά-

230 833 411 864 exsisterent,
432 841 482 868 ego
504 840 565 860 sum
586 833 620 860 ”.
636 842 646 859 ι
670 833 765 860 Anam.
780 833 820 860 An
845 836 905 860 erat
929 833 1013 867 ipsius

1066 829 1111 860 θος
1122 837 1128 844 ’
1145 828 1215 855 ὥστε
1241 828 1330 862 λέγειν
1348 829 1443 855 αὐτόν·
1457 838 1466 854 ‹
1487 827 1602 864 Ὠρυξαν
1627 828 1720 863 χεῖράς
1738 837 1789 864 μου
1806 828 1852 854 καὶ

233 879 395 911 incarnatio,
424 882 569 914 antequam
599 878 761 906 exsisterent
791 878 910 906 saecula?
937 870 1013 905 Orfh.

232 925 299 957 Imo,
312 925 383 961 quod
395 924 429 952 ad
440 924 486 952 Dei
501 925 698 960 pmscientiam
714 925 819 958 attinet,
832 925 924 960 passio
935 925 992 959 ipsa
1006 934 1012 951 :

230 972 299 999 adeo
314 976 344 999 ut
362 972 463 999 dixerit
477 980 484 999 :
500 980 509 996 ‹
531 970 668 998 Foderunt
686 978 781 998 manus
797 978 872 998 meas
890 975 918 998 et
932 970 1014 1006 pedes

229 1025 316 1051 meos,
333 1020 360 1045 et
381 1017 514 1045 dederunt
528 1017 558 1044 in
579 1024 670 1045 escam
695 1024 783 1044 meam
807 1016 852 1050 fel,
874 1020 901 1046 et
922 1017 950 1044 in
968 1017 1013 1044 siti

229 1070 290 1091 mea
304 1066 466 1098 potaverunt
482 1067 616 1094 meaceto
631 1062 663 1091 ’°.
682 1071 691 1088 ›
709 1063 804 1090 Αηοηι.
821 1063 856 1089 At
870 1062 944 1090 istud
960 1070 1013 1090 non

229 1111 272 1137 est
284 1108 387 1136 dictum
404 1114 467 1135 ante
486 1108 626 1140 saeculum,
640 1115 735 1135 verum
755 1107 865 1135 Davidis
883 1108 1013 1143 tempori-

227 1153 292 1181 bus.
315 1153 393 1181 Orth.
421 1153 529 1181 Dictum
546 1161 654 1188 quoque
679 1157 720 1181 est
743 1160 758 1179 a
773 1153 943 1188 temporibus
965 1153 1012 1180 ﬁlii

226 1197 356 1232 Davidis,
380 1207 477 1234 nempe
494 1198 677 1226 Salomonis:
709 1208 718 1225 ι
749 1199 882 1227 Dominus
911 1199 1013 1226 creavit

227 1250 281 1271 me.
301 1252 311 1269 ι
336 1243 433 1270 Anam.
461 1244 515 1272 Sed
542 1244 644 1272 dictum
671 1248 736 1272 est:
761 1253 770 1269 ι
791 1244 861 1272 Ante
884 1244 1012 1272 szeculum

227 1288 352 1316 fundavit
364 1297 418 1316 me.
434 1299 443 1315 ι
461 1289 537 1317 ονιΙι.
552 1289 654 1325 Nempe
664 1291 803 1325 quoniam,
825 1300 834 1317 ἰ
853 1295 915 1318 ante
928 1298 1014 1318 επεμ-

227 1334 285 1361 Ium
305 1339 363 1362 erat
384 1335 573 1362 absconditum
597 1335 650 1363 hoc
670 1335 840 1371 mysterium,
857 1346 866 1362 ι
882 1340 911 1362 ut
925 1337 1014 1371 inquit

227 1378 340 1413 Paulus,
357 1389 367 1405 ι
385 1379 457 1414 quod
472 1388 545 1407 nunc
565 1380 768 1408 manifestatum
789 1385 831 1408 est
848 1380 911 1408 [iliis
927 1381 1014 1408 homi-

226 1432 304 1452 num.
324 1434 334 1450 ι
347 1424 425 1457 Quod
439 1428 529 1452 autem
545 1425 591 1452 ille
604 1425 640 1452 sit
653 1424 720 1451 illud
737 1425 826 1460 ipsum
839 1445 846 1457 ,
864 1425 936 1459 quod
951 1429 1014 1453 ante

226 1470 328 1499 sarcula
350 1470 494 1498 fundatum
508 1474 561 1503 est,
578 1470 642 1497 audi
664 1479 697 1498 ex
713 1471 808 1498 eodem
827 1470 923 1504 Paulo,
949 1470 1013 1497 alibi

227 1516 353 1544 dicente:
371 1525 381 1542 (
400 1516 620 1544 Fundamentum
639 1517 712 1544 enim
732 1517 805 1544 aliud
825 1524 906 1543 nemo
925 1521 1014 1551 potest
1027 1502 1048 1530 δ

225 1569 345 1598 ponere,
376 1566 475 1597 praeter
502 1561 529 1589 id
554 1562 626 1597 quod
655 1563 774 1597 positum
797 1567 853 1596 est,
881 1562 953 1597 quod
973 1566 1015 1589 est

226 1609 355 1637 Christus
369 1607 449 1636 Jesus
463 1609 485 1624 ’⁷
501 1616 507 1633 :
531 1619 539 1634 ι
557 1613 655 1644 praeter
673 1617 736 1636 eum
753 1608 893 1640 videlicet,
906 1608 953 1644 qui
971 1608 1014 1635 di-

227 1653 284 1682 cit:
304 1664 314 1680 (
330 1655 398 1682 Ante
419 1655 548 1682 saeculum
569 1654 693 1682 fundavit
715 1663 767 1683 me.
795 1665 805 1681 ι
821 1654 948 1683 Christus
964 1662 1013 1682 au~

227 1703 282 1726 tem
296 1698 387 1733 Jesus,
404 1699 476 1728 Deus
490 1699 609 1727 Verbum
627 1703 692 1727 tunc
708 1704 821 1728 vocatus
836 1706 894 1734 est,
909 1709 942 1728 ex
956 1707 1011 1736 quo

227 1743 346 1773 Verbum
363 1746 463 1773 factum
477 1749 519 1774 est
530 1753 605 1780 caro,
619 1749 646 1774 et
659 1746 761 1774 dictum
778 1746 830 1773 fuit
842 1747 875 1774 ab
891 1747 986 1782 angelo
1002 1755 1008 1773 :

1066 874 1158 906 πόδας,
1182 873 1228 899 καὶ
1244 873 1347 900 ἔδωκαν
1364 874 1404 904 εἰς
1419 873 1449 899 τὸ
1467 873 1564 908 βρῶμά.
1582 882 1631 908 μου
1647 873 1738 908 χολὴν,
1754 873 1800 899 καὶ
1813 875 1851 903 εἰς

1064 920 1112 956 τὴν
1129 919 1206 954 δίψαν
1222 928 1272 955 μου
1300 919 1427 946 ὲπότισάν
1444 928 1477 954 με
1494 919 1563 951 ὅξος.
1580 929 1588 944 ι
1606 920 1703 954 Ἀνόμ.
1728 919 1797 945 Ἀλλ’
1821 920 1852 945 οὑ

1066 965 1118 1000 πρὸ
1132 964 1178 991 τοῦ
1207 964 1303 996 αἰῶνος
1327 964 1404 990 τοῦτο
1420 963 1526 999 ἐλέχθη,
1550 963 1606 990 ἀλλ’
1617 964 1671 990 ἀπὸ
1685 963 1739 989 τῶν
1751 964 1852 998 χρόνων

1064 1010 1153 1040 Δαϐίδ.
1174 1011 1249 1045 Ὡρθ.
1276 1011 1331 1036 Kal
1344 1009 1398 1036 ἀπὸ
1411 1009 1464 1036 τῶν
1493 1010 1596 1046 χρόνων
1619 1009 1664 1035 τοῦ
1683 1009 1738 1035 υίοῦ
1757 1009 1850 1039 Δαὸὶδ,

1063 1058 1183 1084 τουτέστι
1200 1056 1369 1092 Σολομῶνος,
1384 1055 1424 1088 τὸ,
1444 1065 1453 1082 ‹
1469 1055 1567 1092 Κύριος
1579 1054 1668 1082 ἔκτισε
1686 1063 1729 1090 με,
1748 1064 1757 1080 ι
1777 1054 1852 1090 εἰρη-

1064 1111 1117 1129 ται.
1143 1103 1242 1137 Ἀνόμ.
1279 1102 1370 1134 Ἀλλὰ,
1397 1111 1406 1127 ε
1425 1102 1481 1138 Πρὸ
1505 1102 1551 1128 τοῦ
1580 1101 1853 1136 αἰῶνος-ἐθεμελίωσέ

1066 1157 1110 1184 με,
1126 1158 1135 1174 ι
1153 1149 1269 1183 εἴρηται.
1290 1149 1367 1182 Ὀρθ.
1388 1157 1396 1173 ι
1415 1148 1470 1183 Πρὸ
1486 1157 1494 1173 ι
1514 1147 1568 1182 γὰρ
1597 1157 1606 1173 ‹
1639 1147 1685 1174 τοῦ
1712 1147 1809 1178 αἰῶνος
1823 1147 1853 1173 τὰ

1065 1195 1212 1230 μυστήριον
1226 1194 1302 1221 τοῦτο
1310 1194 1555 1229 ἀποκεκρυμμένον
1576 1191 1620 1229 ἦν,
1639 1203 1647 1219 ι
1667 1193 1704 1225 ὡς
1715 1195 1730 1220 ὁ
1745 1193 1850 1224 Παῦλος

1063 1240 1136 1275 λέγει
1148 1261 1155 1272 ,
1174 1250 1182 1266 ι
1199 1240 1214 1266 ὃ
1226 1240 1273 1268 νῦν
1287 1239 1446 1276 ἐφανερώθη
1460 1241 1515 1271 τοῖς
1524 1241 1590 1271 υίοῐς
1605 1240 1658 1266 τῶν
1674 1239 1850 1274 ἀνθρώπων.»

1064 1287 1118 1314 Καὶ
1136 1287 1176 1312 ὃτι
1188 1287 1268 1318 αὑτός
1283 1287 1341 1312 ἐστι
1359 1287 1389 1312 τὸ
1402 1286 1454 1321 πρὸ
1480 1286 1534 1312 τῶν
1549 1286 1653 1312 αἰώνων
1678 1285 1852 1320 θεμελιωθὲν,

1064 1333 1146 1359 ἄκουε
1162 1332 1244 1358 αὐτοῦ
1255 1333 1302 1359 καὶ
1317 1332 1346 1358 ὲν
1357 1332 1446 1363 ἄλλοις
1461 1332 1602 1366 λέγοντος·
1619 1341 1628 1357 ‹
1651 1331 1780 1366 Θεμέλιον
1799 1331 1853 1367 γὰρ

1064 1380 1143 1406 ἄλλον
1169 1379 1255 1410 οὐδεὶς
1277 1378 1388 1405 δύναται
1416 1379 1501 1405 θεῖναι
1517 1378 1592 1413 παρὰ
1605 1377 1651 1404 τὸν
1667 1377 1803 1412 κείμενον,
1824 1377 1853 1409 ὃς

1064 1427 1122 1452 ἐστι
1151 1424 1267 1460 Χριστὸς
1291 1424 1409 1459 Ἰησοῦς,
1435 1433 1444 1450 ι
1475 1424 1520 1450 τὸν
1551 1423 1671 1458 λέγοντα·
1699 1432 1708 1448 ε
1731 1424 1788 1459 Πρὸ
1806 1424 1852 1450 τοῦ

1065 1470 1161 1501 αἰῶνος
1188 1469 1350 1505 ὲΘεμελίωσέ
1379 1478 1422 1505 με.
1439 1479 1448 1495 ι
1465 1468 1581 1504 Χριστὸς
1597 1468 1626 1495 δὲ
1642 1468 1746 1504 Ἰησοῦς
1760 1469 1853 1496 ἔκτοτε

1066 1516 1132 1548 Θεὸς
1154 1516 1239 1550 Λόγος
1262 1516 1400 1552 κέκληται,
1427 1516 1455 1549 ἐξ
1470 1511 1500 1543 οὗ
1513 1517 1527 1542 ὁ
1542 1516 1627 1550 Λόγος
1647 1515 1715 1551 σὰρξ
1729 1515 1853 1549 ἐγένετου

1067 1563 1113 1589 καὶ
1125 1563 1221 1598 ἐλέχθη
1240 1562 1313 1598 παρὰ
1336 1562 1382 1589 τοῦ
1410 1562 1536 1596 ἀγγέλου·
1555 1571 1563 1587 ί
1581 1562 1713 1593 Καλέσεις
1725 1562 1755 1587 τὸ
1769 1562 1852 1597 ὄνομα

1068 1609 1150 1636 αὑτοῦ
1171 1609 1284 1644 Ἰησοῦν.
1301 1618 1310 1634 ι
1328 1609 1364 1635 Τὸ
1379 1609 1442 1644 ἄρα,
1454 1618 1463 1634 ί
1479 1608 1581 1643 Κύριος
1594 1607 1685 1634 ἑκτισέ
1708 1616 1752 1642 με,
1768 1617 1777 1633 ι
1795 1609 1851 1639 καὶ,

1068 1664 1078 1681 ‹
1098 1654 1155 1690 Πρὸ
1166 1655 1212 1681 τοῦ
1226 1655 1322 1686 αἰῶνος
1336 1654 1501 1690 ὲΘεμελίωσέ
1520 1662 1563 1690 με,
1581 1663 1590 1679 ι
1605 1654 1669 1689 περὶ
1683 1654 1732 1689 τῆς
1748 1653 1844 1689 σαρκώ

1065 1709 1134 1732 eam;
1160 1700 1242 1727 αὑτοῦ
1264 1701 1381 1736 εἴρηται,
1404 1700 1451 1727 τοῦ
1479 1699 1585 1735 ἀληθῶς
1606 1700 1659 1734 πρὸ
1671 1699 1724 1727 τῶν
1749 1700 1853 1727 αξώνωι

1063 1746 1308 1783 ἀποκεκρυμμένου
1324 1747 1483 1782 μυστηρίου.

227 1801 242 1820 σ
261 1792 377 1822 Vocabis
390 1801 490 1822 nomen
505 1793 564 1829 ejus
582 1789 673 1822 Iesum
692 1795 724 1822 ⁸⁸.
741 1805 750 1820 Ι
767 1793 860 1830 Itaque
877 1795 955 1828 illud,
977 1804 987 1821 ε
1007 1794 1140 1823 Dominus
1156 1796 1260 1823 creavit
1285 1803 1338 1828 me,
1365 1805 1375 1821 ι
1392 1799 1429 1828 et,
1450 1804 1459 1821 ι
1482 1795 1552 1822 Ante
1576 1795 1704 1823 saeculum
1729 1793 1853 1822 fundavit

227 1847 282 1873 me,
304 1849 313 1866 ι
327 1840 361 1867 de
374 1840 461 1876 ipsius
477 1840 663 1869 incarnatione
674 1841 775 1869 dictum
789 1845 846 1875 est,
863 1842 991 1879 mysterio
1008 1842 1112 1870 scilicet
1126 1842 1173 1870 illo
1185 1849 1248 1870 vere
1261 1845 1324 1870 ante
1338 1843 1436 1870 saecula
1449 1842 1618 1870 abscondito.

262 1908 307 1935 10.
324 1906 421 1936 Anam.
442 1908 495 1936 Sed
514 1909 650 1944 quomoda
670 1914 760 1944 potest
782 1911 819 1937 ita
837 1911 964 1946 genuisse
977 1917 1012 1940 ex

228 1960 279 1980 sua
293 1953 380 1988 ipsius
399 1952 550 1988 bypostasi,
566 1959 595 1980 ut
617 1954 684 1981 nihil
705 1955 741 1982 sit
755 1956 920 1990 perpessus?
933 1956 1010 1983 Orth.

227 1996 307 2029 Illud,
322 1996 454 2031 quomodo
471 2002 564 2032 potest,
579 2006 613 2026 ne
629 1999 759 2035 investiga
776 2008 782 2027 :
795 2000 861 2028 illud
877 2009 941 2028 vero
953 2021 959 2032 .
980 2009 1012 2028 ex

226 2042 375 2078 Itypastasi,
391 2050 406 2069 a
420 2043 498 2071 nobis
519 2049 659 2072 ostensum
681 2050 733 2074 est.
758 2047 852 2074 Anam.
872 2047 1013 2080 Quomodo

228 2093 369 2117 ostensum
382 2089 442 2117 est?
457 2089 533 2117 Orth.
545 2090 690 2119 Ostensum
702 2096 744 2119 est
750 2100 804 2120 non
816 2100 876 2120 esse
885 2093 1013 2128 quiddam

228 2139 360 2162 creatum.
381 2134 460 2168 Quod
478 2140 568 2163 autem
585 2144 638 2163 non
655 2141 696 2164 est
710 2143 841 2171 creatum,
858 2141 905 2164 aut
916 2142 958 2166 est
973 2139 1014 2165 in-

1100 1911 1144 1938 10.
1164 1910 1262 1946 Ἀνόμ.
1277 1910 1333 1938 Καὶ
1347 1911 1405 1943 πῶς
1415 1911 1526 1938 δύναται
1540 1910 1666 1946 γεννῆσαι
1678 1911 1711 1936 ὲκ
1724 1910 1774 1945 τῆς
1788 1911 1852 1936 ὑπο-

1066 1957 1185 1989 στάσεως
1194 1956 1287 1989 αὺτοῦ,
1299 1957 1346 1984 καὶ
1359 1957 1396 1992 μὴ
1405 1956 1500 1983 παθεῖν
1513 1966 1519 1988 ;
1533 1957 1610 1989 Ὀρθ.
1627 1956 1675 1987 Τὸ.
1690 1955 1854 1988 πῶςδύιναε-

1065 2012 1122 2035 ται,
1136 2003 1172 2039 μὴ
1184 2002 1304 2036 ἐξέταξεν
1314 2003 1386 2034 τὸδὲ,
1395 2002 1429 2029 ἐκ
1437 2000 1490 2036 τῆς
1498 2001 1851 2034 ὑποστάσεωςβέδεικται.

1067 2049 1166 2083 Ἀνόμ.
1190 2048 1252 2080 Πῶς
1264 2048 1412 2080 sessum;
1433 2048 1509 2082 Ὀρθ.
1527 2048 1586 2074 Ὅτι
1599 2048 1649 2074 οὐκ
1665 2048 1722 2073 ἔστι
1737 2048 1854 2082 κτίσμα,

1065 2095 1206 2121 δέδεικται.
1222 2094 1258 2120 Τὸ
1272 2094 1301 2120 δὲ
1314 2094 1352 2129 μὴ
1366 2094 1395 2121 ὃν
1408 2094 1522 2129 κτίσμα,
1537 2094 1552 2128 ἢ
1573 2093 1718 2128 ἀγέννητον
1736 2094 1822 2124 ἐστιν,
1837 2093 1853 2119 ἢ

1065 2139 1203 2173 γεννητὸν,
1217 2139 1234 2174 ἢ
1251 2139 1413 2174 ὲκπορευτὺν
1428 2139 1466 2169 ὡς
1482 2138 1511 2170 ἐξ
1530 2138 1626 2164 αἰτίου.
1643 2138 1804 2172 ’Δγέννητος
1825 2139 1852 2164 δὲ

228 2181 349 2215 genitum
363 2185 409 2207 aut
421 2181 552 2216 genitum,
567 2185 614 2208 aut
636 2183 786 2216 procedens
801 2186 830 2209 ut
850 2191 883 2210 ex
899 2187 1010 2211 auctore

1066 2185 1111 2212 οὐκ
1127 2185 1209 2216 ἐστιν,
1219 2185 1282 2215 Υἱὸς
1293 2184 1330 2210 ὢν
1338 2185 1474 2219 γεννητός·
1484 2184 1536 2219 ἄρα
1546 2182 1592 2210 οὖν
1603 2185 1634 2210 ὲκ
1643 2184 1710 2219 (δι’)
1719 2185 1770 2218 τῆς
1785 2185 1851 2210 ὐπο-

228 2226 285 2252 sive
296 2232 390 2253 causa.
403 2225 462 2252 Non
475 2230 518 2253 est
531 2230 622 2253 autem
635 2226 787 2262 ingenitus,
798 2234 860 2254 cum
881 2227 917 2255 sit
928 2227 1012 2254 Filius

229 2270 336 2305 genitus
351 2279 358 2298 :
374 2277 438 2304 ergo
454 2275 496 2298 est
505 2278 539 2298 ex
558 2271 709 2306 hypostasi.
724 2271 818 2298 Anam.
830 2271 864 2299 Et
876 2273 1013 2307 quomodo

227 2319 317 2350 potest
327 2323 388 2343 esse
399 2323 433 2343 ex
446 2316 604 2351 hypostasi?
617 2316 694 2344 Ortli.
703 2316 762 2345 Nisi
773 2318 808 2345 sit
815 2326 850 2345 ex
860 2318 1012 2353 bypostasi,

228 2366 276 2388 aut
288 2364 331 2389 est
345 2366 466 2389 creatum
486 2361 637 2396 quidpiam,
655 2368 702 2390 aut
727 2364 862 2399 ingenitus
879 2373 885 2392 :
904 2372 957 2391 non
972 2369 1014 2393 est

226 2405 309 2442 ἀ.ιᾷ
335 2411 426 2434 autem
450 2407 597 2442 ingenitus,
624 2415 686 2435 eum
710 2408 745 2436 sit
766 2409 873 2437 Filius:
895 2418 951 2437 non
973 2415 1016 2438 est

227 2457 349 2479 creatum
363 2453 502 2488 quidpiam
519 2463 524 2480 :
549 2461 601 2481 nec
617 2455 690 2481 enim
715 2455 854 2482 mandavit
874 2460 901 2483 et
923 2455 1012 2484 factus

227 2501 289 2530 est;
305 2497 353 2525 sed
371 2506 405 2525 ex
419 2503 497 2525 utero
510 2499 599 2533 ipsum
619 2499 713 2534 genuit
729 2509 735 2527 ε
752 2504 794 2528 est
812 2501 895 2536 igitur
910 2509 943 2528 ex
963 2501 1013 2536 by-

228 2543 346 2578 postasi,
366 2552 421 2572 non
441 2550 530 2572 autem
554 2552 588 2572 ex
609 2545 706 2579 nihilo,
731 2545 803 2574 sicut
824 2554 856 2574 ea
877 2555 938 2582 quae
965 2555 1013 2581 per

228 2589 387 2616 mandatum
406 2590 579 2618 exstiterunt.
597 2590 692 2618 Anam.
715 2591 835 2620 Rursum
854 2593 937 2628 igitur
952 2597 1013 2620 ute-

263 2677 286 2692 "
305 2676 376 2704 PsaI.
394 2685 457 2710 xxi,
482 2678 581 2712 I'l—l9;
599 2678 692 2706 Matth.
711 2687 802 2711 xxv",
819 2680 864 2707 '55.

1065 2229 1183 2261 στάσεώς
1198 2229 1253 2266 (62)
1267 2230 1350 2256 ἐστιν.
1371 2229 1468 2263 Ἀνόμ.
1484 2229 1538 2255 Kal
1549 2228 1606 2260 πῶς
1619 2228 1728 2255 δύναται
1741 2225 1812 2255 εἶναι
1822 2230 1851 2254 ἐν

1063 2277 1112 2311 τῆς
1127 2276 1317 2307 ὑποστάσεωςς
1344 2275 1419 2309 Ὀρθ.
1437 2275 1468 2300 Ei
1486 2275 1523 2310 μὴ
1538 2274 1611 2300 ἔστιν
1624 2275 1656 2300 ὲκ
1669 2274 1718 2309 τῆς
1734 2274 1848 2300 Ome-td-

1065 2330 1142 2353 σεως,
1154 2321 1170 2357 ἢ
1182 2322 1283 2355 κτίσμα
1296 2321 1379 2354 ἐστὶν,
1392 2321 1408 2356 ἢ
1423 2320 1581 2355 ἀγέννητος·
1600 2320 1746 2355 ἀγέννητος
1762 2320 1791 2346 δὲ
1804 2320 1850 2346 οὑν

1065 2367 1147 2398 ἔστιν,
1163 2366 1226 2398 Υἱὸς
1240 2366 1286 2392 ὢν·
1301 2367 1403 2401 κτίσμα
1415 2367 1465 2392 οὐκ
1474 2366 1547 2392 ἐστιν
1556 2373 1564 2381 ‘
1577 2366 1606 2392 οὐ
1623 2365 1677 2401 γὰρ
1689 2365 1850 2395 ἐνετείλατο.

1066 2413 1112 2439 καὶ
1129 2412 1252 2446 ἐγένετο·
1271 2412 1338 2438 ἀλλὰ
1349 2414 1382 2438 ὲκ
1401 2412 1518 2446 γαστρὸς
1541 2411 1621 2438 αὐτὸν
1643 2411 1807 2446 ἐγέννησεν·
1819 2411 1849 2437 ὲν

1065 2458 1114 2492 τῆς
1128 2458 1302 2489 ὑποστάσεως
1316 2458 1380 2492 ἄρα,
1389 2457 1436 2484 καὶ
1450 2458 1498 2484 οὐκ
1508 2457 1537 2490 ἐξ
1549 2454 1598 2483 οὐ’κ
1612 2457 1696 2483 ὄντων
1704 2456 1773 2487 ἐστὶ,
1784 2455 1839 2483 καθ

1066 2503 1137 2539 άπερ
1159 2503 1192 2530 τὰ
1214 2505 1273 2530 κατ’
1289 2503 1398 2538 ἐντολὴν
1415 2503 1690 2538 ὐπάρξαντα.Ἀνόμ.
1705 2502 1790 2529 Πάλιν
1804 2500 1850 2529 οὖν

1067 2548 1190 2575 σύνθετον
1215 2549 1333 2584 νομίζεις
1353 2549 1398 2575 τὸν
1425 2549 1500 2580 Θεὸν⁷
1525 2548 1645 2584 γαστέρα
1655 2549 1751 2582 λέγων.
1771 2548 1841 2582 ὀρθ

1065 2593 1110 2628 Μὴ
1123 2593 1225 2620 γένοιτο
1251 2593 1375 2620 σύνθετον
1399 2594 1485 2620 εἰπεῖν
1501 2593 1545 2620 τὸν
1554 2593 1635 2620 Θεὸνῐ
1664 2593 1743 2625 ἀλλὰ,
1759 2593 1850 2624 καθὼς

916 2680 939 2696 ’³
957 2679 1039 2713 Prov,
1057 2688 1118 2713 vui.
1142 2681 1188 2708 22.
1226 2682 1249 2697 ’δ
1263 2681 1342 2709 Joan.
1361 2688 1421 2714 Vill,
1439 2681 1483 2709 57.
1521 2681 1544 2697 "
1564 2681 1630 2709 ibid.
1650 2680 1694 2709 58.
1732 2681 1755 2697 “
1775 2680 1842 2709 Psal

228 2717 292 2744 ιιι,
316 2712 366 2746 Π;
383 2720 484 2745 vani,
501 2713 546 2740 ἥ.
584 2714 606 2729 ’⁷
627 2713 715 2742 ICor.
732 2722 762 2743 III
774 2735 781 2749 ,
803 2715 846 2742 ll.
884 2715 907 2732 "
925 2715 990 2744 Luc.
1008 2724 1013 2744 ι

206 2833 209 2844 Χ
261 2787 328 2823 (61⁸)
343 2789 434 2825 Vulg.,
449 2790 508 2818 οὐκ.
527 2789 602 2818 Emr.

1096 2792 1150 2825 (62)
1173 2793 1243 2821 ’Δοα
1255 2793 1292 2822 ὢν
1309 2794 1342 2820 ὲκ
1359 2793 1409 2824 τῆς
1421 2793 1468 2820 ὑπ.
1485 2793 1571 2821 Palat.
