1926 3067
69 131 135 160 “33

563 133 607 160 DE
627 131 761 160 SANCTA
776 132 962 161 'l'RlNl'l‘A'l'E
983 133 1154 161 UIALOUUS
1174 137 1194 161 Ι.

1617 143 1689 166 ⁸11οο

69 191 194 227 ἀνωτέρω
207 191 263 227 (63)
281 190 365 223 εἷπον,
378 193 426 226 τὴν
437 193 567 227 γαστέρα,
576 193 608 228 ἦν
624 190 698 218 εἶπεν
712 193 728 227 ἡ
744 192 848 227 Γραφὴ,

901 199 962 218 rum
997 192 1100 225 dicens,
1125 192 1265 220 existimas
1292 192 1375 219 Deum
1404 200 1464 221 esse
1492 194 1686 228 compositum-

68 238 112 264 τοῦ
122 238 197 270 Θεοῦ,
211 238 266 272 ἐγὼ
276 238 305 264 τδ
313 238 469 273 γεννητικὸν
477 239 525 273 τῆς
533 238 706 269 ὑποστάσεως
720 237 781 264 νοῶ.
794 238 849 264 Καὶ

67 283 120 319 γὰρ
137 284 181 310 καὶ
197 284 238 318 ἐφ’
253 283 330 319 ἡμῶν
351 283 490 318 κέχρηται,
508 283 545 314 ὡς
572 283 848 319 προαποδέδεικται,ἠ

70 329 158 365 Γραφὴ
175 331 208 365 τῇ
223 329 351 364 συνηθείᾳ
365 329 460 364 ταύτῃ,
473 322 604 362 λέγουσα*
622 338 630 354 t
654 328 720 354 Ἀπὸ
734 328 780 354 τοῦ
804 328 851 362 φό-

69 375 113 402 ϐου
135 384 192 407 σου,
209 375 304 410 Κύριε,
325 375 353 401 έν
380 375 478 410 γαστρὶ
496 374 637 410 ἐλάϐομεν,
651 374 698 400 καὶ
722 374 852 409 eam“-

70 420 178 454 μεν,καὶ
193 419 321 454 ὲτέκομεν
329 419 439 454 Πνεῦμα
450 419 593 454 σωτηρίας.
604 428 613 444 ›
624 419 674 445 Ἐν
687 418 791 453 ναατρί
805 418 849 444 λέ-

67 473 130 499 γων,
143 465 202 499 οὐχὶ
217 464 265 499 τὴν
280 464 510 499 σωματικὴν,ἀλλ¹
520 464 549 490 ὲν
562 464 629 499 αὐτῇ
644 465 676 498 τῇ
690 463 847 490 ὑποστάσει.

72 511 167 544 Ἀνόμ.
184 511 251 545 Παρ*
268 509 356 544 ὀλίγον
373 519 406 545 με
431 509 534 541 πείθεις
552 511 748 546 ὁμοουτιαττὴν
772 510 848 544 γενέ-

65 555 137 582 σθαι.
152 556 228 589 Ὀρθ.
245 554 329 581 Δώσοι
341 554 396 589 (64)
419 554 460 580 σοὶ
476 554 490 579 ὁ
516 554 581 585 Θεὸς
597 554 758 589 Χριστιανὸν
776 554 849 589 γενέ-

66 600 142 627 οθαν
155 600 285 635 ὅτανγὰρ
306 599 475 635 ὁμολογήσῃς
499 599 638 635 ὑμοούσιον
660 599 706 626 τὸν
726 599 787 626 Υίὺν
810 599 848 634 τῷ

64 646 159 681 Δατρὶ,
173 646 233 672 τότε
247 646 406 681 Χριστιανὸς
418 646 523 678 ἐγένου.

900 237 975 264 Orth.
996 238 1087 269 Absit,
1109 242 1137 264 ιιι
1162 238 1244 266 Deum
1281 238 1369 265 dicam
1401 246 1462 266 esse
1487 240 1685 274 compositum!

899 282 957 314 sed,
974 286 1003 310 ut
1030 284 1156 319 superius
1183 284 1250 316 dixi,
1270 283 1340 311 uteri
1364 284 1485 317 nomine,
1508 284 1581 319 quod
1612 283 1688 311 Scri-

899 333 980 363 ptura
1004 329 1058 356 Deo
1080 329 1190 362 tribuit,
1214 330 1409 364 generatricem
1427 330 1481 356 vim
1507 329 1686 365 hypostaseos

901 375 987 409 ipsius
1001 375 1131 410 intelligo.
1149 374 1216 402 Nam
1230 375 1264 402 de
1287 375 1367 402 nobis
1391 375 1473 403 etiam
1500 383 1583 410 agens
1613 374 1686 402 Seri—

903 423 993 454 ptura,
1013 420 1084 448 sicut
1101 421 1178 455 prius
1189 420 1403 448 demonstratum
1416 426 1468 453 est,
1487 421 1524 447 ita
1537 421 1611 456 loqui
1621 428 1686 448 con-

903 466 999 498 suevit,
1016 470 1046 493 ut
1072 474 1135 493 cum
1151 466 1258 502 inquit:
1275 476 1284 492 ι
1301 467 1322 493 Α
1335 467 1433 494 timore
1448 467 1497 499 tui,
1514 466 1643 500 Domine,
1656 467 1686 494 in

903 514 980 538 utero
999 512 1173 546 concepimus
1198 516 1226 540 et
1245 512 1456 546 parturivimus,
1482 515 1509 540 et
1531 513 1686 548 peperimus

903 555 1033 591 Spiritum
1052 557 1150 584 salutis
1164 557 1198 582 ".
1218 566 1226 582 I
1251 556 1283 583 In
1298 561 1372 584 utero
1393 557 1498 588 dicens,
1510 564 1564 584 non
1583 557 1686 584 intelli-

901 601 939 636 git
950 608 1112 636 corporeum
1123 605 1240 634 uterum,
1252 601 1298 629 sed
1312 602 1339 628 in
1355 601 1414 636 ipsa
1429 602 1576 637 hypastasi.
1588 601 1683 629 Anam.

901 646 999 674 Parum
1016 646 1106 679 abest,
1131 647 1196 682 quin
1214 647 1279 674 milii
1300 647 1464 682 persuadeas
1481 653 1511 674 ut
1537 647 1597 674 ﬁam
1619 656 1685 675 con—

63 693 288 720 substantialista.
311 691 387 719 Orth.
415 691 523 719 Utinam
551 691 597 719 det
620 691 670 718 tibi
696 691 787 724 Deus,
814 695 844 718 ut
862 691 1035 722 Christianus
1064 694 1173 722 evadas.
1191 694 1268 722 Tunc
1295 694 1367 722 enim
1389 694 1561 722 Christianus
1588 695 1686 730 tueris,

63 746 124 766 cum
135 738 277 765 confessus
288 737 372 765 fueris
389 736 487 764 Filium
512 744 576 764 esse
603 736 677 763 Patri
706 736 975 766 consubstantialem.

99 785 142 812 H.
161 784 257 818 Ἀνόμ.
267 783 422 818 Ὀμοούσιον
434 783 459 809 τί
472 781 529 809 ἐστι
540 791 547 815 ;
562 782 630 809 θέλω
641 782 695 818 γὰρ
708 785 755 809 καὶ
767 782 846 809 τοῦτο

64 829 167 865 μαθεῖν.
183 829 228 864 Μὴ
249 829 263 855 ὁ
277 828 357 860 αὐτός
383 829 457 854 εστιν
467 829 481 854 ὁ
496 828 559 859 Υἱὸς
575 829 622 854 καὶ
637 829 726 864 Πατήρ
742 835 755 861 ,⁸
773 829 849 862 Ὀρθ.
868 853 887 878 Β

63 875 108 911 Μὴ
123 875 223 910 γένοιτο
238 875 337 901 είπεῖνί
357 874 456 908 Ἀνόμ.
465 874 496 900 Τί
509 872 554 900 οὖν
569 875 659 907 iactv;
674 874 851 909 ἀληθῶς·γὰρ

62 921 130 947 Θέλω
148 920 251 956 μαθεῖν.
274 921 350 954 Ὀρθ.
375 919 531 955 Ὀμοούσιόν
553 921 637 951 ἐστιν,
664 919 678 945 ὃ
699 919 744 946 τὸν
771 919 851 946 αὑτὸν

61 967 214 1002 ἐπιδέχεται
233 966 310 1000 λόγον
324 965 374 1000 τῆς
387 965 490 997 οὐσίας·
507 963 563 992 οἷον
589 965 730 1000 ἄνθρωπος
747 963 852 1000 ἀνθρώ-

61 1021 114 1039 που
130 1012 204 1039 οὐδὲν
225 1012 357 1046 διαφέρει,
377 1011 443 1038 καθὸ
467 1011 609 1047 ἄνθρωπός
624 1011 712 1037 ἐστιν’
737 1010 851 1044 ἄγγελος

61 1058 175 1092 ἀγγέλου
198 1058 274 1085 οὐδὲν
298 1054 459 1094 διαφέρει,
474 1056 587 1091 ἄγγελός
612 1057 700 1083 ἐστιν·
716 1056 787 1083 οὕτω
804 1057 851 1082 καὶ

61 1104 127 1135 Θεὸς
138 1103 204 1130 Θεοῦ
214 1104 288 1130 οὐδὲν
305 1103 436 1139 διαφέρει,
481 1103 546 1134 Θεός
558 1103 642 1129 ἐστιν.
653 1103 754 1137 Ἀνόμ.
768 1102 850 1128 Οὐδὲν

62 1147 109 1176 οὖν
123 1150 244 1184 διαφέρει
259 1150 273 1175 ὁ
292 1149 387 1184 Πατὴρ
404 1148 450 1175 τοῦ
477 1148 541 1175 Υἱοῦ
557 1148 611 1184 (65)
624 1157 631 1181 ;
653 1149 729 1182 Ὀρθ.
751 1149 794 1175 Ἐν
808 1148 849 1183 τῷ

60 1196 128 1223 Θεὸν
155 1197 202 1222 καὶ
217 1196 326 1232 Πατέρα
342 1195 423 1228 εἶναι,
439 1195 469 1222 οὔ
481 1203 487 1209 ·
504 1196 532 1222 ἐν
543 1195 582 1230 τῷ
598 1195 708 1230 Πατέρα
725 1195 772 1221 καὶ
786 1195 849 1221 Υἱὺν

61 1240 144 1275 εἶναι,
160 1242 221 1269 ναί·
235 1243 275 1269 ὅτι
290 1243 304 1268 ὁ
318 1242 367 1277 μὲν
395 1242 550 1276 ἐγέννησεν,
567 1242 581 1268 ὁ
596 1241 624 1268 δὲ
646 1242 787 1275 γεννᾶται·
802 1241 849 1267 καὶ

60 1288 138 1314 τοῦτὸ
160 1289 218 1315 ἐστι
232 1289 262 1315 τὸ
276 1289 428 1324 ὁμοούσιον.
446 1287 545 1322 Ἀνόμ.
558 1288 603 1314 Ἐν
619 1288 705 1314 οὐδενὶ
717 1286 763 1314 οὖν
777 1287 849 1323 ἄλλῳ

59 1334 180 1370 διαφέρει
196 1336 209 1361 ὁ
226 1335 319 1370 Πατὴρ
336 1335 382 1361 τοῦ
400 1333 482 1367 Υίοῦ;
500 1333 596 1360 Καίτοι
609 1333 771 1370 γέγραπται·
787 1343 796 1359 ε
816 1333 848 1360 Τί

58 1389 95 1416 με
117 1379 205 1414 λέγεις
230 1379 331 1414 ἀγαθὸν
353 1377 438 1411 sint;
464 1378 558 1410 Οὐδεὶς
574 1378 675 1413 ἀγαθὸς
691 1379 715 1405 εί
737 1378 774 1414 μὴ
787 1376 848 1411 εἶςὸ

58 1426 134 1458 Θεὸς.
148 1436 157 1453 ι
173 1427 252 1460 ’ορ0.
264 1427 321 1453 Οὐχ
332 1426 404 1453 ἔστιν
418 1423 463 1452 οὖν
477 1425 579 1459 ἀγαθὸς
603 1425 617 1451 ὁ
640 1425 722 1457 Υίός;
745 1425 845 1459 Ἀνάμ.

59 1473 146 1504 Αὐτὸς
156 1470 216 1499 εἶπε
227 1481 233 1487 '
250 1472 298 1499 «Τί
313 1481 346 1508 με
361 1472 451 1507 λέγεις
466 1471 586 1507 ἀγαθόν;
603 1471 698 1503 Οὐδεὶς
707 1471 809 1506 ἀγαθὸς
820 1472 844 1497 εί

58 1520 99 1554 μὴ
112 1516 152 1550 εἷς
164 1520 178 1544 ὁ
194 1519 268 1551 Θεός.
288 1529 298 1544 ι
316 1519 393 1552 ’ορθ.
409 1519 498 1554 Ὁρᾷς,
514 1519 555 1545 ὅτι
575 1518 665 1549 καλῶς
680 1516 766 1550 εἷπον,
783 1519 846 1544 ὅταν
860 1526 881 1554 C

59 1565 228 1601 ὁμολογήσῃς
237 1565 376 1601 ὀμοούσιον
382 1566 428 1593 τὸν
435 1566 497 1592 Υίδν
503 1566 542 1601 τῷ
548 1566 644 1600 Πατρὶ,
653 1566 713 1592 τότε
722 1566 850 1600 Χριστια-

60 1611 105 1643 νὸς
115 1612 194 1647 γίνῃ;
210 1612 310 1646 Ἀνόμ.
325 1611 396 1645 Ἐγὼ
410 1611 539 1644 πιστεύω,
549 1612 590 1638 ὅτι
604 1611 766 1647 Χριστιανός
779 1612 846 1646 εἰμι.

60 1657 138 1691 Ὀρθ.
154 1657 315 1693 Χριστιανὸς
328 1658 352 1683 εἰ
371 1655 405 1692 ἧς
419 1657 498 1693 (65'),
512 1658 562 1684 οὐκ
578 1657 679 1692 ἔλεγες,
692 1657 732 1684 ὅτι
749 1656 849 1691 ἀγαθὸς

59 1704 108 1730 οὐκ
124 1703 197 1730 ἔστιν
211 1704 225 1729 ὁ
241 1703 314 1734 Υἱός.
329 1703 430 1737 Ἀνόμ.
445 1704 501 1730 Οὐκ
511 1701 597 1734 εἷπον,
619 1703 659 1729 ὅτι
673 1702 773 1737 ἀγαθὸς
799 1703 849 1729 οὐκ

59 1749 142 1782 ἐστιν,
154 1749 257 1776 ἀλλ’ὅτι
267 1749 347 1781 αὐτὸς
355 1747 440 1776 εἶπεν
454 1760 462 1775 ι
473 1749 567 1782 Οὐδεὶς
583 1749 684 1783 ἀγαθὸς
694 1749 718 1775 εί
737 1748 773 1784 μὴ
785 1747 824 1780 εἷς
835 1749 849 1774 ὁ

58 1794 133 1825 Θεός.
154 1803 163 1819 ι
183 1793 259 1827 ὀρθ.
272 1794 327 1820 Καὶ
341 1794 479 1830 διαφέρειν
489 1794 578 1828 λέγεις
589 1794 634 1820 τὸν
651 1793 761 1829 Πατέρα
776 1795 805 1820 ὲν
815 1795 848 1829 τῇ

57 1840 218 1876 ἀγαθὸτητι,
235 1840 282 1866 τοῦ
306 1839 389 1873 Υίοῦς
413 1841 511 1875 Ἀνόμ.
532 1839 617 1871 Αὐτὸς
639 1836 716 1865 εἷπε·
738 1848 747 1864 (
768 1839 800 1864 Τί
815 1847 849 1874 με

59 1886 150 1920 λέγεις
163 1885 281 1919 ἀγαθόν;
295 1885 390 1917 Οὐδεὶς
417 1886 518 1920 ἀγαθὸς
547 1885 571 1911 εί
596 1884 633 1920 μὴ
648 1881 688 1915 εἷς
707 1885 722 1910 ὁ
743 1883 816 1914 Θεός.
837 1893 846 1909 ι

57 1932 137 1966 Ὀρθ,
153 1932 210 1958 Οὺκ
225 1930 297 1958 εἷπε·
320 1932 365 1966 Μή
383 1940 416 1966 με
433 1931 497 1965 λέγε
514 1930 625 1964 ἀγαθὸν,
638 1930 715 1963 ἀλλὰ,
737 1939 746 1955 ‹
767 1930 798 1956 Τί
815 1938 848 1964 με

57 1978 145 2012 λέγεις
166 1977 283 2011 ἀγαθόν;
302 1986 311 2002 ι
331 1977 429 2011 ’ΛΨ-ὀμ.
446 1977 501 2003 Καὶ
517 1976 559 2008 τίς
571 1977 587 2011 ἡ
601 1975 716 2010 διαφορὰ
729 1974 787 2007 τοῦ,
802 1975 847 2010 Μή

57 2031 91 2057 με
102 2022 168 2056 λέγε
181 2021 293 2055 ἀγαθον,
304 2022 350 2047 καὶ
359 2020 417 2052 τοῦ,
433 2020 465 2047 Τί
479 2029 512 2056 με
522 2020 610 2054 λέγεις
629 2019 747 2054 ἁγαθόν;
769 2019 846 2052 Ὀρθ.

57 2068 159 2102 Πολλὴ.
179 2068 277 2101 Ἀνόμ.
289 2067 376 2100 Ποία;
393 2067 471 2100 Ὀρθ.
489 2066 535 2097 Τὸ,
549 2066 593 2101 Μή
610 2074 644 2101 με
660 2065 722 2099 λέγε
738 2065 847 2100 ἀγαθὸν,

57 2113 173 2149 ἄρνησίς
185 2113 257 2139 ἐστιν
269 2112 434 2147 ἀγαθότητος
447 2121 453 2127 ·
472 2112 501 2138 τὸ
512 2112 549 2144 δὲ,
565 2122 574 2137 ι
591 2112 623 2137 Τί
639 2120 671 2146 με
686 2111 774 2145 λέγεις
785 2111 849 2145 ἁγα-

54 2159 121 2193 θόνς
142 2169 151 2185 ι
167 2159 227 2185 ἀντὶ
242 2158 298 2190 τοῦ,
315 2158 374 2185 Ἲνα
388 2158 415 2184 τί
431 2166 463 2193 με
479 2157 569 2191 λέγεις
578 2157 688 2191 ἀγαθὸν,
707 2157 744 2192 μὴ
758 2157 849 2192 ὁμολο-

55 2207 114 2241 γῶν
133 2214 167 2241 με
182 2205 265 2238 Θεόν;
280 2204 317 2236 ὡς
327 2205 368 2237 τὺ,
384 2213 393 2230 ι
410 2204 442 2230 Τί
455 2204 485 2230 δέ
500 2213 533 2239 με
548 2204 665 2236 καλεῖτε,
680 2204 777 2239 Κύριε,
789 2204 847 2230 Κύν

54 2262 110 2289 pta,
126 2253 175 2280 καὶ
193 2253 224 2279 οὺ
238 2254 348 2283 ποιεῖτε,
367 2251 385 2278 ὃ.
400 2251 488 2286 λέγω;
505 2261 514 2277 ι
532 2251 641 2286 Ἐπειδὴ
657 2251 695 2283 ὡς
713 2250 848 2286 ἀνθρώπῳ

56 2300 129 2335 ψιλῷ
142 2298 217 2334 αὐτῷ
231 2298 393 2334 προσῆλθεν,
410 2297 503 2328 ἁπλῶς
524 2296 682 2323 διδάσκαλον
697 2295 848 2330 ὀνομάζων,

56 2345 100 2372 διὰ
107 2345 190 2371 τοῦτο
203 2343 286 2378 λέγει’
298 2353 307 2368 ί
319 2343 352 2369 Τί
363 2351 397 2378 με
405 2342 493 2376 λέγεις
501 2341 613 2375 ἀγαθὸν,
631 2351 638 2366 ι
652 2341 689 2376 μὴ
705 2340 849 2371 πιστεύων,

55 2393 96 2418 ῧτι
112 2391 181 2421 Θεός
189 2391 245 2424 εἰμι
257 2399 264 2422 ;
279 2399 288 2415 ι
305 2389 398 2420 Οὐδεὶς
412 2388 466 2423 γὰρ
478 2383 578 2422 ἀγαθὸς
590 2387 661 2422 εἰμὴ
677 2384 738 2418 εἷςὸ
749 2386 823 2418 Θεὸς.
838 2395 847 2412 ›

56 2437 160 2471 Ἀνόμ.
170 2436 225 2463 Καὶ
239 2437 319 2471 ἡμεῖς
329 2435 453 2470 λέγομεν⁷
469 2434 509 2460 ὅτι
521 2433 621 2468 ἀγαθός
637 2433 720 2464 ἐστιν,
733 2432 790 2458 ἀλλ’
800 2432 849 2467 οὐχ

55 2483 147 2514 οὕτως
160 2481 270 2515 ἀγαθὸς,
285 2481 322 2512 ὼς
334 2481 458 2515 ὁΠατήρ.
471 2480 548 2513 Ὀρθ.
557 2479 653 2505 Καίτοι
666 2478 715 2504 οὐκ
728 2477 846 2513 εἴρηται,

55 2529 155 2559 Οὐδεὶς
176 2527 288 2561 ἀγαθὸς,
304 2527 328 2552 εί
340 2526 376 2561 μὴ
384 2523 424 2557 εἷς
435 2527 449 2552 ὁ
459 2525 569 2560 Πατήρ·
582 2524 639 2550 ἀλλ’
652 2533 660 2548 ‹
673 2523 766 2554 Οὐδεὶς
780 2523 849 2556 ἀγα-

55 2575 114 2607 Οὸς,
136 2575 161 2600 εἰ
176 2573 213 2608 μὴ
225 2570 264 2604 εἷς
277 2574 291 2599 ὁ
303 2572 378 2603 Θεός.
394 2582 403 2597 ι
418 2572 480 2603 Πῶς
494 2571 521 2598 δὲ
539 2571 585 2597 καὶ
601 2569 739 2605 διαφέρειν
760 2568 850 2602 λέγεις

54 2622 105 2656 τὴν
131 2618 287 2654 ἀγαθότητα
297 2618 343 2644 τοῦ
360 2617 464 2653 Ila-cpi);
474 2617 525 2652 τῆς
537 2615 700 2651 ἀγαθότητος
710 2615 756 2641 τοῦ
768 2613 848 2646 Υἱοῦ;

638 2693 648 2707 ²
667 2691 733 2720 Luc.
751 2699 788 2723 τι,
805 2690 849 2718 46.

90 2696 115 2714 ⁸·
136 2695 192 2724 lsa.
209 2703 288 2727 xxvi,
308 2694 350 2722 18.
387 2695 396 2709 ι
413 2693 495 2721 Marc.
511 2702 538 2725 x,
556 2692 600 2720 18.

90 2773 152 2807 (63)
174 2772 221 2801 Sic
238 2773 308 2811 Reg.
332 2776 359 2799 et
383 2771 471 2797 Palat.
496 2770 567 2798 Editi
586 2777 650 2798 vero
673 2769 753 2801 male,
775 2768 844 2794 ἀνω-

53 2811 162 2844 τέρων.

93 2841 153 2880 (64)
174 2843 240 2879 Reg.
259 2848 286 2873 et
300 2843 385 2872 Palat.
397 2841 487 2870 δώσει.

933 785 977 811 H.
994 786 1090 813 Anam.
1105 785 1180 820 lQuid
1201 791 1243 813 est
1263 785 1335 812 istud
1352 785 1603 812 consubstantiale?
1625 784 1686 813 volo

903 831 973 858 enim
989 831 1014 857 id
1031 838 1139 866 quoque
1158 830 1273 858 discere.
1289 830 1358 857 Num
1376 830 1447 857 idem
1467 834 1509 858 est
1528 830 1622 861 Filius,
1638 831 1685 865 qui

901 880 928 903 et
943 876 1043 904 Pater?
1065 876 1142 904 Orlh.
1161 876 1238 904 Absit
1261 881 1289 903 nt
1310 877 1362 903 hoc
1380 876 1485 904 dicam!
1503 877 1596 904 Anam.
1614 876 1685 910 Quid

900 925 942 949 est
956 922 1057 957 igitur?
1073 929 1136 949 vere
1158 922 1230 948 enim
1251 921 1279 948 id
1300 921 1405 949 discere
1422 922 1513 956 cupio.
1529 921 1604 949 Orth.
1617 921 1686 949 Con-

900 967 1078 994 substantiale
1093 971 1143 1001 est,
1152 968 1224 1002 quod
1239 967 1360 994 eamdem
1374 967 1532 994 substantia:
1552 968 1684 995 rationem

899 1014 1004 1048 recipit,
1020 1018 1050 1040 ut
1074 1013 1154 1040 homo
1169 1013 1203 1040 ab
1222 1013 1331 1040 homine
1350 1013 1416 1040 nihil
1431 1013 1534 1045 diﬁert,
1549 1019 1684 1048 quatenus

899 1057 980 1085 homo
995 1061 1037 1085 est
1052 1068 1057 1084 :
1073 1061 1100 1085 et
1114 1058 1225 1093 angelus
1241 1058 1275 1084 ab
1296 1058 1401 1093 angelo,
1418 1063 1551 1093 quatenus
1570 1058 1683 1093 angelus

899 1106 941 1130 est
958 1112 963 1129 :
984 1103 1021 1129 ita
1037 1107 1063 1129 et
1077 1103 1146 1130 Deus
1159 1110 1174 1129 a
1189 1102 1241 1130 Deo
1257 1103 1324 1129 nihil
1338 1102 1441 1135 diﬂ‘ert,
1452 1109 1585 1138 quatenus
1599 1103 1681 1131 Deus.

899 1150 993 1176 Anam.
1010 1147 1083 1175 Nihil
1098 1149 1180 1184 igitur
1194 1149 1283 1176 dill‘ert
1299 1148 1380 1177 Pater
1400 1157 1415 1176 a
1434 1149 1521 1177 Filio?
1538 1150 1614 1178 Orlh.
1631 1151 1684 1179 Ne-

899 1202 1035 1230 quaquam
1048 1203 1113 1223 sane
1126 1195 1215 1222 diﬂert
1231 1196 1258 1222 in
1271 1203 1302 1222 eo
1317 1195 1388 1230 quod
1403 1195 1473 1223 Deus
1493 1201 1520 1223 et
1540 1196 1619 1224 Pater
1636 1197 1682 1228 sit,

899 1240 947 1268 sed
964 1241 992 1268 in
1015 1248 1048 1268 eo
1068 1241 1140 1276 quod
1159 1241 1195 1268 sit
1217 1239 1300 1268 Pater
1316 1245 1343 1268 et
1363 1241 1468 1269 Filius:
1490 1243 1618 1276 quoniam
1639 1243 1684 1270 ille

899 1286 1007 1321 quidem
1016 1287 1119 1321 genuit,
1136 1286 1180 1313 hic
1191 1293 1256 1313 vero
1273 1286 1381 1322 genitus
1396 1290 1438 1314 est
1452 1295 1460 1320 ;
1481 1287 1533 1316 hoc
1542 1293 1586 1316 est
1602 1289 1684 1324 igitur

898 1331 970 1365 quod
986 1339 1115 1358 vocamus
1135 1331 1378 1358 consubstantiale.
1405 1331 1501 1360 Anam.
1525 1332 1605 1360 Nulla
1632 1333 1684 1368 igi-

898 1379 943 1402 tur
963 1375 1014 1402 alia
1033 1383 1063 1402 re
1085 1375 1176 1402 diﬂ'ert
1201 1374 1282 1402 Pater
1302 1383 1317 1402 a
1336 1375 1425 1402 Filio?
1449 1376 1533 1411 Atqui
1549 1377 1684 1412 scriptum

897 1424 940 1447 est
956 1429 962 1446 :
981 1429 990 1445 ‹
1017 1419 1087 1452 Quid
1112 1427 1154 1446 me
1181 1419 1250 1446 dicis
1268 1420 1370 1446 bonum
1389 1421 1469 1448 esse?
1491 1421 1577 1448 Nemo
1596 1422 1683 1449 bonus

897 1466 951 1494 nisi
967 1474 1038 1493 unus
1055 1465 1137 1494 Deus.
1152 1467 1160 1482 ¹
1180 1478 1189 1492 ι
1209 1466 1284 1493 Orlh.
1303 1465 1388 1494 Filius
1401 1467 1483 1502 igitur
1506 1475 1561 1495 non
1574 1472 1616 1495 est
1631 1469 1680 1495 bo-

897 1513 971 1540 nus?
989 1513 1084 1539 Anam.
1106 1511 1166 1547 Ipse
1178 1511 1247 1541 dixit
1263 1521 1269 1538 :
1289 1521 1298 1536 ι
1314 1511 1385 1544 Quid
1409 1520 1451 1540 me
1471 1512 1541 1540 dicis
1561 1513 1684 1540 bonum?

899 1559 984 1587 Nemo
1010 1560 1109 1592 bonus,
1140 1560 1191 1587 nisi
1216 1567 1287 1586 unus
1303 1558 1384 1586 Deus.
1403 1568 1412 1584 ι
1448 1558 1525 1587 Orth.
1542 1558 1638 1587 Viden'
1654 1564 1684 1586 ut

899 1609 974 1633 recte
988 1605 1112 1637 dixerim,
1129 1609 1192 1632 tunc
1209 1604 1268 1632 fore
1284 1609 1311 1632 te
1325 1604 1522 1636 Christianum,
1549 1613 1610 1632 cum
1628 1605 1684 1633 fas-

899 1659 948 1679 sus
973 1651 1057 1679 fueris
1079 1651 1177 1678 Filium
1205 1659 1266 1678 esse
1296 1650 1370 1677 Patri
1399 1651 1684 1678 consubstantialem?

900 1698 995 1724 Anam.
1013 1697 1102 1725 Credo
1120 1705 1164 1724 me
1175 1697 1360 1725 Christianum
1375 1704 1446 1724 esse.
1472 1696 1548 1723 Orlh.
1563 1697 1592 1723 Si
1604 1696 1684 1724 Chri-

899 1743 1005 1770 stianus
1025 1750 1112 1775 esses,
1141 1750 1196 1769 non
1211 1750 1326 1777 negares
1355 1741 1453 1769 Filium
1478 1749 1540 1770 esse
1569 1742 1682 1771 bonum.

900 1790 995 1816 Anam.
1016 1789 1120 1816 Bonum
1133 1796 1188 1816 non
1201 1796 1262 1816 esse
1275 1796 1328 1815 non
1341 1787 1407 1821 dixi,
1425 1788 1472 1816 sed
1489 1796 1551 1815 eum
1569 1787 1682 1816 dixisse:

903 1844 911 1860 ι
929 1834 1014 1862 Nemo
1041 1835 1139 1866 bonus,
1159 1835 1213 1862 nisi
1233 1842 1304 1861 unus
1324 1833 1405 1861 Deus.
1427 1843 1436 1859 ι
1466 1833 1542 1860 Orth.
1560 1833 1684 1861 Bonitate

899 1879 983 1915 igitur
1005 1880 1073 1907 dicis
1091 1880 1199 1908 dill‘erre
1225 1879 1332 1907 Patrem
1360 1887 1376 1906 a
1394 1878 1481 1906 Filio?
1507 1880 1603 1907 Anam.
1621 1879 1683 1915 Ipse

899 1925 968 1953 dixit
981 1935 987 1953 :
1006 1935 1015 1951 ‹
1039 1926 1109 1959 Quid
1124 1934 1167 1953 me
1183 1926 1252 1954 dicis
1267 1926 1392 1953 bonum?
1405 1933 1487 1953 nemo
1499 1925 1599 1958 bonus,
1629 1925 1685 1953 nisi

900 1979 971 1999 unus
992 1971 1073 1999 Deus.
1090 1981 1100 1998 ι
1135 1971 1212 1999 Orth.
1239 1971 1298 1998 Non
1315 1971 1396 2003 dixit,
1414 1970 1454 1998 Ne
1469 1979 1512 1998 me
1526 1971 1628 1999 bonum
1643 1972 1686 2000 di-

900 2017 970 2050 cito;
987 2017 1045 2049 sed,
1067 2026 1076 2042 (
1096 2017 1167 2049 Quid
1181 2024 1224 2044 me
1240 2016 1309 2044 dicis
1322 2015 1443 2044 bonum?
1459 2025 1468 2042 ι
1494 2016 1589 2044 Anam.
1605 2016 1685 2049 Qua:—

900 2071 963 2089 nam
978 2070 1043 2090 vero
1069 2062 1221 2090 differentia
1237 2066 1277 2090 est
1291 2063 1364 2090 inter
1379 2056 1458 2094 illud,
1473 2060 1512 2089 Ne
1524 2070 1568 2089 me
1582 2062 1684 2089 bonum

899 2108 993 2140 dicito,
1008 2112 1036 2135 et
1048 2108 1124 2141 illud,
1143 2108 1214 2141 Quid
1228 2115 1272 2135 me
1288 2108 1357 2135 dicis
1380 2107 1504 2134 bonum?
1525 2106 1603 2135 Orth.
1628 2106 1685 2133 Ma-

899 2162 961 2189 gna.
986 2155 1081 2182 Anam.
1100 2154 1251 2187 Quaenam?
1266 2153 1342 2181 Orth.
1370 2152 1449 2185 lllud,
1470 2151 1510 2179 Ne
1532 2160 1575 2179 me
1599 2151 1684 2179 dicito

863 2194 886 2222 υ
898 2200 1010 2233 bonum,
1040 2199 1188 2227 bonitatem
1208 2199 1278 2225 tollit
1296 2208 1302 2225 :
1324 2198 1398 2226 istud
1424 2205 1499 2230 vero,
1529 2206 1539 2222 ‹
1556 2196 1625 2230 Quid
1641 2205 1684 2225 me

898 2246 967 2273 dicis
997 2245 1115 2272 bonum?
1135 2255 1144 2270 ι
1170 2244 1283 2279 perinde
1306 2248 1349 2271 est
1372 2248 1462 2278 atque,
1487 2243 1624 2276 Quorsum
1641 2251 1685 2270 me

899 2292 967 2320 dicis
984 2291 1094 2322 bonum,
1122 2298 1173 2318 nec
1191 2298 1235 2318 me
1249 2290 1391 2318 conﬁteris
1403 2289 1489 2317 Deum
1512 2297 1574 2316 esse
1585 2289 1596 2315 ?
1607 2293 1635 2315 ut
1657 2293 1684 2316 et

899 2338 966 2365 illud
983 2347 989 2364 :
1007 2347 1016 2363 ‹
1036 2337 1107 2370 Quid
1123 2345 1166 2364 me
1185 2337 1290 2363 vocatis
1302 2355 1309 2368 ,
1334 2335 1459 2367 Domine,
1480 2335 1604 2366 Domine,
1634 2342 1685 2362 nec

900 2383 989 2411 facitis
1003 2391 1062 2418 quae
1078 2383 1178 2410 dico'?
1193 2392 1202 2408 ι
1224 2381 1358 2414 Quoniam
1372 2382 1456 2415 igitur
1473 2381 1518 2408 ille
1536 2384 1566 2407 ut
1580 2380 1682 2407 nudutn

901 2429 1038 2456 hominem
1065 2428 1132 2456 adiit
1159 2429 1260 2463 ipsum,
1290 2427 1450 2462 Magistrum
1462 2426 1622 2461 simpliciter
1636 2434 1684 2452 vo-

900 2481 976 2507 cans,
994 2477 1135 2508 propterea
1154 2473 1243 2507 inquit
1259 2482 1265 2500 :
1285 2481 1294 2498 (
1312 2471 1383 2505 Quid
1400 2480 1443 2500 me
1458 2472 1558 2498 bonum
1573 2471 1651 2503 dicis,
1672 2480 1681 2496 ι

900 2528 953 2548 non
970 2519 1084 2547 credens
1107 2519 1180 2554 quod
1191 2519 1242 2546 sim
1263 2518 1356 2546 Deus?
1371 2527 1380 2544 ι
1399 2518 1484 2545 Nemo
1497 2517 1568 2544 enim
1583 2517 1682 2546 bonus.

901 2566 953 2593 nisi
968 2574 1039 2593 unus
1057 2565 1137 2592 Deus.
1159 2574 1168 2590 ι
1204 2566 1299 2591 Anam.
1318 2563 1440 2591 Dicimus
1457 2565 1484 2590 et
1499 2569 1561 2594 nos,
1593 2561 1683 2596 ipsum

901 2613 1000 2640 bonum
1023 2619 1095 2644 esse,
1113 2611 1161 2639 sed
1176 2618 1230 2638 non
1245 2611 1281 2637 ita
1298 2611 1411 2644 bonum,
1430 2613 1461 2636 ut
1474 2609 1563 2637 bonus
1577 2611 1621 2635 est
1631 2607 1683 2635 Pa-

934 2766 988 2801 (65)
1008 2765 1060 2792 Τοῦ
1073 2763 1138 2801 Υξοῦ
1155 2761 1552 2801 deestinPalatinollbidqnév
1565 2760 1609 2801 stu.
1617 2758 1682 2786 Θεὸν

899 2793 945 2829 καὶ
959 2793 1067 2835 Πατέρα
1081 2798 1161 2835 εἶναι.
1174 2799 1255 2835 Eiliti.
1274 2799 1303 2824 ἐν
1321 2797 1359 2833 τῷ
1375 2798 1434 2833 Θεῷ
1451 2799 1497 2824 καὶ
1508 2796 1573 2823 Θεὸν
1585 2793 1664 2823 εἶναι.

935 2836 1002 2871 (65⁸)
1021 2833 1110 2870 Vulg,
1127 2833 1168 2871 ᾖς.
1185 2833 1262 2860 Enrr.
