  <div class='ocr_page' id='page_1' title='image "/cluster/home/n/w/nwhite01/storage/ocr_20150623/28/njp.32101007506148/579.png"; bbox 0 0 1926 3067; ppageno 0'>
   <div class='ocr_carea' id='block_1_1' title="bbox 242 135 312 163">
    <p class='ocr_par' dir='ltr' id='par_1_1' title="bbox 242 135 312 163">
     <span class='ocr_line' id='line_1_1' title="bbox 242 135 312 163; baseline 0.029 -2"><span class='ocrx_word' id='word_1_1' title='bbox 242 135 312 163; x_wconf 78' lang='lat'><strong>“55</strong></span> 
     </span>
    </p>
   </div>
   <div class='ocr_carea' id='block_1_2' title="bbox 241 190 1058 228">
    <p class='ocr_par' dir='ltr' id='par_1_2' title="bbox 241 190 1058 228">
     <span class='ocr_line' id='line_1_2' title="bbox 241 190 1058 228; baseline 0.001 -9"><span class='ocrx_word' id='word_1_2' title='bbox 241 196 292 220; x_wconf 89' lang='lat' dir='ltr'><strong>ter.</strong></span> <span class='ocrx_word' id='word_1_3' title='bbox 309 191 390 221; x_wconf 71' lang='lat' dir='ltr'><strong>Orib.</strong></span> <span class='ocrx_word' id='word_1_4' title='bbox 407 192 486 228; x_wconf 87' lang='lat' dir='ltr'><strong>Atqui</strong></span> <span class='ocrx_word' id='word_1_5' title='bbox 505 199 559 219; x_wconf 93' lang='lat' dir='ltr'><strong>non</strong></span> <span class='ocrx_word' id='word_1_6' title='bbox 576 191 654 223; x_wconf 84' lang='lat' dir='ltr'><strong>dixit,</strong></span> <span class='ocrx_word' id='word_1_7' title='bbox 669 190 753 219; x_wconf 76' lang='lat' dir='ltr'><strong>Nemo</strong></span> <span class='ocrx_word' id='word_1_8' title='bbox 770 191 870 224; x_wconf 89' lang='lat' dir='ltr'><strong>bonus,</strong></span> <span class='ocrx_word' id='word_1_9' title='bbox 884 191 937 219; x_wconf 88' lang='lat' dir='ltr'><strong>nisi</strong></span> <span class='ocrx_word' id='word_1_10' title='bbox 950 200 1021 220; x_wconf 90' lang='lat' dir='ltr'><strong>unus</strong></span> <span class='ocrx_word' id='word_1_11' title='bbox 1035 194 1058 223; x_wconf 78' lang='grc' dir='ltr'>Α</span> 
     </span>
    </p>
   </div>
   <div class='ocr_carea' id='block_1_3' title="bbox 240 235 1017 271">
    <p class='ocr_par' dir='ltr' id='par_1_3' title="bbox 240 235 1017 271">
     <span class='ocr_line' id='line_1_3' title="bbox 240 235 1017 271; baseline -0.004 -6"><span class='ocrx_word' id='word_1_12' title='bbox 240 238 331 271; x_wconf 87' lang='lat' dir='ltr'><strong>Pater,</strong></span> <span class='ocrx_word' id='word_1_13' title='bbox 346 238 405 270; x_wconf 84' lang='lat' dir='ltr'><strong>sed,</strong></span> <span class='ocrx_word' id='word_1_14' title='bbox 423 248 432 264; x_wconf 77' lang='grc' dir='ltr'><strong>ι</strong></span> <span class='ocrx_word' id='word_1_15' title='bbox 459 237 542 265; x_wconf 84' lang='lat' dir='ltr'><strong>Nemo</strong></span> <span class='ocrx_word' id='word_1_16' title='bbox 559 239 646 265; x_wconf 83' lang='lat' dir='ltr'><strong>bonus</strong></span> <span class='ocrx_word' id='word_1_17' title='bbox 663 242 726 269; x_wconf 82' lang='lat' dir='ltr'><strong>est,‘</strong></span> <span class='ocrx_word' id='word_1_18' title='bbox 739 236 792 264; x_wconf 91' lang='lat' dir='ltr'><strong>nisi</strong></span> <span class='ocrx_word' id='word_1_19' title='bbox 811 244 882 264; x_wconf 86' lang='lat' dir='ltr'><strong>unus</strong></span> <span class='ocrx_word' id='word_1_20' title='bbox 909 235 989 264; x_wconf 88' lang='lat' dir='ltr'><strong>Deus.</strong></span> <span class='ocrx_word' id='word_1_21' title='bbox 1007 246 1017 262; x_wconf 74' lang='grc' dir='ltr'><strong>ι</strong></span> 
     </span>
    </p>
   </div>
   <div class='ocr_carea' id='block_1_4' title="bbox 240 281 1020 311">
    <p class='ocr_par' dir='ltr' id='par_1_4' title="bbox 240 281 1020 311">
     <span class='ocr_line' id='line_1_4' title="bbox 240 281 1020 311; baseline -0.003 -1"><span class='ocrx_word' id='word_1_22' title='bbox 240 283 281 310; x_wconf 87' lang='lat' dir='ltr'><strong>Tu</strong></span> <span class='ocrx_word' id='word_1_23' title='bbox 296 291 360 311; x_wconf 89' lang='lat' dir='ltr'><strong>vero</strong></span> <span class='ocrx_word' id='word_1_24' title='bbox 378 291 428 310; x_wconf 93' lang='lat' dir='ltr'><strong>cur</strong></span> <span class='ocrx_word' id='word_1_25' title='bbox 456 283 525 310; x_wconf 87' lang='lat' dir='ltr'><strong>dicis</strong></span> <span class='ocrx_word' id='word_1_26' title='bbox 549 282 657 310; x_wconf 80' lang='lat' dir='ltr'><strong>diﬂerre</strong></span> <span class='ocrx_word' id='word_1_27' title='bbox 672 282 820 309; x_wconf 75' lang='lat' dir='ltr'><strong>bonitatem</strong></span> <span class='ocrx_word' id='word_1_28' title='bbox 835 281 921 310; x_wconf 86' lang='lat' dir='ltr'><strong>Patris</strong></span> <span class='ocrx_word' id='word_1_29' title='bbox 938 289 953 309; x_wconf 88' lang='lat' dir='ltr'><strong>a</strong></span> <span class='ocrx_word' id='word_1_30' title='bbox 971 282 1020 309; x_wconf 86' lang='lat' dir='ltr'><strong>bo-</strong></span> 
     </span>
    </p>
   </div>
   <div class='ocr_carea' id='block_1_5' title="bbox 240 327 1017 364">
    <p class='ocr_par' dir='ltr' id='par_1_5' title="bbox 240 327 1017 364">
     <span class='ocr_line' id='line_1_5' title="bbox 240 327 1017 364; baseline -0.004 -7"><span class='ocrx_word' id='word_1_31' title='bbox 240 330 325 358; x_wconf 90' lang='lat' dir='ltr'><strong>nitate</strong></span> <span class='ocrx_word' id='word_1_32' title='bbox 339 328 424 356; x_wconf 84' lang='lat' dir='ltr'><strong>Filii?</strong></span> <span class='ocrx_word' id='word_1_33' title='bbox 437 328 506 356; x_wconf 88' lang='lat' dir='ltr'><strong>Num</strong></span> <span class='ocrx_word' id='word_1_34' title='bbox 524 329 607 364; x_wconf 78' lang='lat' dir='ltr'><strong>igitur</strong></span> <span class='ocrx_word' id='word_1_35' title='bbox 625 328 766 355; x_wconf 81' lang='lat' dir='ltr'><strong>existimas</strong></span> <span class='ocrx_word' id='word_1_36' title='bbox 786 328 925 362; x_wconf 83' lang='lat' dir='ltr'><strong>quidpiam</strong></span> <span class='ocrx_word' id='word_1_37' title='bbox 952 327 1017 354; x_wconf 86' lang='lat' dir='ltr'><strong>mali</strong></span> 
     </span>
    </p>
   </div>
   <div class='ocr_carea' id='block_1_6' title="bbox 239 373 1019 408">
    <p class='ocr_par' dir='ltr' id='par_1_6' title="bbox 239 373 1019 408">
     <span class='ocr_line' id='line_1_6' title="bbox 239 373 1019 408; baseline -0.004 -5"><span class='ocrx_word' id='word_1_38' title='bbox 239 376 386 403; x_wconf 90' lang='lat' dir='ltr'><strong>immistum</strong></span> <span class='ocrx_word' id='word_1_39' title='bbox 401 382 460 403; x_wconf 84' lang='lat' dir='ltr'><strong>esse</strong></span> <span class='ocrx_word' id='word_1_40' title='bbox 476 374 590 402; x_wconf 75' lang='lat' dir='ltr'><strong>bonitati</strong></span> <span class='ocrx_word' id='word_1_41' title='bbox 615 373 686 407; x_wconf 82' lang='lat' dir='ltr'><strong>Filii,</strong></span> <span class='ocrx_word' id='word_1_42' title='bbox 704 381 789 408; x_wconf 84' lang='lat' dir='ltr'><strong>eoque</strong></span> <span class='ocrx_word' id='word_1_43' title='bbox 805 381 818 399; x_wconf 89' lang='lat' dir='ltr'><strong>a</strong></span> <span class='ocrx_word' id='word_1_44' title='bbox 837 373 955 401; x_wconf 79' lang='lat' dir='ltr'><strong>bonitate</strong></span> <span class='ocrx_word' id='word_1_45' title='bbox 967 373 1019 401; x_wconf 89' lang='lat' dir='ltr'><strong>Pa-</strong></span> 
     </span>
    </p>
   </div>
   <div class='ocr_carea' id='block_1_7' title="bbox 238 419 1019 455">
    <p class='ocr_par' dir='ltr' id='par_1_7' title="bbox 238 419 1019 455">
     <span class='ocr_line' id='line_1_7' title="bbox 238 419 1019 455; baseline 0 -7"><span class='ocrx_word' id='word_1_46' title='bbox 238 423 288 450; x_wconf 89' lang='lat' dir='ltr'><strong>tris</strong></span> <span class='ocrx_word' id='word_1_47' title='bbox 303 421 430 449; x_wconf 65' lang='lat' dir='ltr'><strong>diderre?</strong></span> <span class='ocrx_word' id='word_1_48' title='bbox 447 422 541 448; x_wconf 85' lang='lat' dir='ltr'><strong>Anam.</strong></span> <span class='ocrx_word' id='word_1_49' title='bbox 558 420 654 448; x_wconf 84' lang='lat' dir='ltr'><strong>Absit!</strong></span> <span class='ocrx_word' id='word_1_50' title='bbox 672 428 726 448; x_wconf 91' lang='lat' dir='ltr'><strong>non</strong></span> <span class='ocrx_word' id='word_1_51' title='bbox 744 420 805 447; x_wconf 88' lang='lat' dir='ltr'><strong>dico</strong></span> <span class='ocrx_word' id='word_1_52' title='bbox 818 420 927 447; x_wconf 64' lang='lat' dir='ltr'><strong>malitia;</strong></span> <span class='ocrx_word' id='word_1_53' title='bbox 939 419 1019 455; x_wconf 88' lang='lat' dir='ltr'><strong>quid-</strong></span> 
     </span>
    </p>
   </div>
   <div class='ocr_carea' id='block_1_8' title="bbox 237 465 1019 502">
    <p class='ocr_par' dir='ltr' id='par_1_8' title="bbox 237 465 1019 502">
     <span class='ocr_line' id='line_1_8' title="bbox 237 465 1019 502; baseline 0 -10"><span class='ocrx_word' id='word_1_54' title='bbox 237 467 307 502; x_wconf 85' lang='lat' dir='ltr'><strong>piam</strong></span> <span class='ocrx_word' id='word_1_55' title='bbox 325 467 473 494; x_wconf 88' lang='lat' dir='ltr'><strong>immistum</strong></span> <span class='ocrx_word' id='word_1_56' title='bbox 495 474 557 494; x_wconf 81' lang='lat' dir='ltr'><strong>esse</strong></span> <span class='ocrx_word' id='word_1_57' title='bbox 572 466 686 494; x_wconf 86' lang='lat' dir='ltr'><strong>bonitati</strong></span> <span class='ocrx_word' id='word_1_58' title='bbox 712 465 786 499; x_wconf 81' lang='lat' dir='ltr'><strong>Filii,</strong></span> <span class='ocrx_word' id='word_1_59' title='bbox 811 473 904 493; x_wconf 86' lang='lat' dir='ltr'><strong>verum</strong></span> <span class='ocrx_word' id='word_1_60' title='bbox 930 465 1019 493; x_wconf 81' lang='lat' dir='ltr'><strong>Patris</strong></span> 
     </span>
    </p>
   </div>
   <div class='ocr_carea' id='block_1_9' title="bbox 790 134 1265 164">
    <p class='ocr_par' dir='ltr' id='par_1_9' title="bbox 790 134 1265 164">
     <span class='ocr_line' id='line_1_9' title="bbox 790 134 1265 164; baseline 0.006 -3"><span class='ocrx_word' id='word_1_61' title='bbox 790 135 819 162; x_wconf 90' lang='lat' dir='ltr'><strong>S.</strong></span> <span class='ocrx_word' id='word_1_62' title='bbox 840 134 1072 164; x_wconf 76' lang='lat' dir='ltr'><strong>ATHANASIUS.</strong></span> <span class='ocrx_word' id='word_1_63' title='bbox 1089 151 1124 156; x_wconf 98' lang='lat'>—</span> <span class='ocrx_word' id='word_1_64' title='bbox 1139 136 1265 164; x_wconf 69' lang='lat' dir='ltr'><strong>SPERIA</strong></span> 
     </span>
    </p>
   </div>
   <div class='ocr_carea' id='block_1_10' title="bbox 1782 137 1856 167">
    <p class='ocr_par' dir='ltr' id='par_1_10' title="bbox 1782 137 1856 167">
     <span class='ocr_line' id='line_1_10' title="bbox 1782 137 1856 167; baseline 0.027 -2"><span class='ocrx_word' id='word_1_65' title='bbox 1782 137 1856 167; x_wconf 70' lang='lat'><strong>“33</strong></span> 
     </span>
    </p>
   </div>
   <div class='ocr_carea' id='block_1_11' title="bbox 1071 190 1861 229">
    <p class='ocr_par' dir='ltr' id='par_1_11' title="bbox 1071 190 1861 229">
     <span class='ocr_line' id='line_1_11' title="bbox 1071 190 1861 229; baseline 0.005 -11"><span class='ocrx_word' id='word_1_66' title='bbox 1071 190 1144 228; x_wconf 71' lang='grc' dir='ltr'>Ἆρα</span> <span class='ocrx_word' id='word_1_67' title='bbox 1157 193 1193 228; x_wconf 87' lang='grc' dir='ltr'>μὴ</span> <span class='ocrx_word' id='word_1_68' title='bbox 1207 192 1336 228; x_wconf 84' lang='grc' dir='ltr'>μεμίχθαι</span> <span class='ocrx_word' id='word_1_69' title='bbox 1356 193 1488 229; x_wconf 77' lang='grc' dir='ltr'><strong>πονηρίαν</strong></span> <span class='ocrx_word' id='word_1_70' title='bbox 1504 194 1537 228; x_wconf 78' lang='grc' dir='ltr'><strong>τῇ</strong></span> <span class='ocrx_word' id='word_1_71' title='bbox 1554 193 1699 229; x_wconf 74' lang='grc' dir='ltr'>ἅγαθάτητι</span> <span class='ocrx_word' id='word_1_72' title='bbox 1714 194 1760 220; x_wconf 78' lang='grc' dir='ltr'>τοῦ</span> <span class='ocrx_word' id='word_1_73' title='bbox 1788 193 1861 222; x_wconf 73' lang='grc' dir='ltr'><strong>Υιυῦ</strong></span> 
     </span>
    </p>
   </div>
   <div class='ocr_carea' id='block_1_12' title="bbox 1071 237 1862 273">
    <p class='ocr_par' dir='ltr' id='par_1_12' title="bbox 1071 237 1862 273">
     <span class='ocr_line' id='line_1_12' title="bbox 1071 237 1862 273; baseline 0 -9"><span class='ocrx_word' id='word_1_74' title='bbox 1071 237 1209 273; x_wconf 51' lang='grc' dir='ltr'>νομίζειςι</span> <span class='ocrx_word' id='word_1_75' title='bbox 1224 238 1271 263; x_wconf 81' lang='grc' dir='ltr'>καὶ</span> <span class='ocrx_word' id='word_1_76' title='bbox 1297 237 1341 263; x_wconf 85' lang='grc' dir='ltr'><strong>διὰ</strong></span> <span class='ocrx_word' id='word_1_77' title='bbox 1363 237 1441 263; x_wconf 77' lang='grc' dir='ltr'>τοῦτο</span> <span class='ocrx_word' id='word_1_78' title='bbox 1464 237 1600 272; x_wconf 76' lang='grc' dir='ltr'>διαφέρειν</span> <span class='ocrx_word' id='word_1_79' title='bbox 1625 237 1673 272; x_wconf 86' lang='grc' dir='ltr'>τὴν</span> <span class='ocrx_word' id='word_1_80' title='bbox 1687 237 1734 264; x_wconf 79' lang='grc' dir='ltr'>τοῦ</span> <span class='ocrx_word' id='word_1_81' title='bbox 1750 237 1862 273; x_wconf 80' lang='grc' dir='ltr'>[ἰατρὸς</span> 
     </span>
    </p>
   </div>
   <div class='ocr_carea' id='block_1_13' title="bbox 1070 282 1862 318">
    <p class='ocr_par' dir='ltr' id='par_1_13' title="bbox 1070 282 1862 318">
     <span class='ocr_line' id='line_1_13' title="bbox 1070 282 1862 318; baseline 0.001 -9"><span class='ocrx_word' id='word_1_82' title='bbox 1070 283 1243 318; x_wconf 72' lang='grc' dir='ltr'>ἀγαθότητα;</span> <span class='ocrx_word' id='word_1_83' title='bbox 1259 283 1357 317; x_wconf 81' lang='grc' dir='ltr'>Ἀνόμ.</span> <span class='ocrx_word' id='word_1_84' title='bbox 1381 282 1427 318; x_wconf 84' lang='grc' dir='ltr'><strong>Μὴ</strong></span> <span class='ocrx_word' id='word_1_85' title='bbox 1441 282 1560 317; x_wconf 81' lang='grc' dir='ltr'>γένοιτοῐ</span> <span class='ocrx_word' id='word_1_86' title='bbox 1588 283 1618 309; x_wconf 77' lang='grc' dir='ltr'>οὐ</span> <span class='ocrx_word' id='word_1_87' title='bbox 1635 283 1706 316; x_wconf 82' lang='grc' dir='ltr'>λέγω</span> <span class='ocrx_word' id='word_1_88' title='bbox 1723 282 1862 318; x_wconf 82' lang='grc' dir='ltr'>μεμίχθαι</span> 
     </span>
    </p>
   </div>
   <div class='ocr_carea' id='block_1_14' title="bbox 1070 328 1860 364">
    <p class='ocr_par' dir='ltr' id='par_1_14' title="bbox 1070 328 1860 364">
     <span class='ocr_line' id='line_1_14' title="bbox 1070 328 1860 364; baseline 0 -9"><span class='ocrx_word' id='word_1_89' title='bbox 1070 329 1200 364; x_wconf 77' lang='grc' dir='ltr'><strong>πονηρίαν</strong></span> <span class='ocrx_word' id='word_1_90' title='bbox 1219 330 1251 364; x_wconf 85' lang='grc' dir='ltr'>τῇ</span> <span class='ocrx_word' id='word_1_91' title='bbox 1265 328 1312 355; x_wconf 86' lang='grc' dir='ltr'>τοῦ</span> <span class='ocrx_word' id='word_1_92' title='bbox 1330 328 1394 355; x_wconf 74' lang='grc' dir='ltr'>Υἱοῦ</span> <span class='ocrx_word' id='word_1_93' title='bbox 1413 329 1569 363; x_wconf 70' lang='grc' dir='ltr'>ἀγαθότητι,</span> <span class='ocrx_word' id='word_1_94' title='bbox 1587 328 1653 355; x_wconf 78' lang='grc' dir='ltr'>ἀλλὰ</span> <span class='ocrx_word' id='word_1_95' title='bbox 1668 328 1716 364; x_wconf 79' lang='grc' dir='ltr'>τὴν</span> <span class='ocrx_word' id='word_1_96' title='bbox 1733 328 1779 354; x_wconf 71' lang='grc' dir='ltr'><strong>τοῦ</strong></span> <span class='ocrx_word' id='word_1_97' title='bbox 1796 329 1860 355; x_wconf 80' lang='grc' dir='ltr'><strong>Πα-</strong></span> 
     </span>
    </p>
   </div>
   <div class='ocr_carea' id='block_1_15' title="bbox 1069 374 1860 411">
    <p class='ocr_par' dir='ltr' id='par_1_15' title="bbox 1069 374 1860 411">
     <span class='ocr_line' id='line_1_15' title="bbox 1069 374 1860 411; baseline -0.003 -9"><span class='ocrx_word' id='word_1_98' title='bbox 1069 375 1132 411; x_wconf 78' lang='grc' dir='ltr'>τρδς</span> <span class='ocrx_word' id='word_1_99' title='bbox 1147 375 1300 410; x_wconf 77' lang='grc' dir='ltr'>ἁγαϐόπλτα</span> <span class='ocrx_word' id='word_1_100' title='bbox 1310 375 1446 411; x_wconf 76' lang='grc' dir='ltr'>διαφέρειν</span> <span class='ocrx_word' id='word_1_101' title='bbox 1461 375 1510 409; x_wconf 78' lang='grc' dir='ltr'>τῆς</span> <span class='ocrx_word' id='word_1_102' title='bbox 1521 375 1566 402; x_wconf 83' lang='grc' dir='ltr'>τοῦ</span> <span class='ocrx_word' id='word_1_103' title='bbox 1582 374 1659 401; x_wconf 78' lang='grc' dir='ltr'><strong>Υἱοῦ.</strong></span> <span class='ocrx_word' id='word_1_104' title='bbox 1681 375 1756 408; x_wconf 82' lang='grc' dir='ltr'><strong>Ὀρθ.</strong></span> <span class='ocrx_word' id='word_1_105' title='bbox 1772 374 1860 401; x_wconf 71' lang='grc' dir='ltr'>Ἀλλὰ</span> 
     </span>
    </p>
   </div>
   <div class='ocr_carea' id='block_1_16' title="bbox 1070 418 1859 458">
    <p class='ocr_par' dir='ltr' id='par_1_16' title="bbox 1070 418 1859 458">
     <span class='ocr_line' id='line_1_16' title="bbox 1070 418 1859 458; baseline -0.001 -10"><span class='ocrx_word' id='word_1_106' title='bbox 1070 421 1204 457; x_wconf 79' lang='grc' dir='ltr'>ἀγαοότης</span> <span class='ocrx_word' id='word_1_107' title='bbox 1226 421 1394 457; x_wconf 79' lang='grc' dir='ltr'>ἁγαΘάτητος</span> <span class='ocrx_word' id='word_1_108' title='bbox 1422 421 1498 448; x_wconf 78' lang='grc' dir='ltr'>οὐδὲν</span> <span class='ocrx_word' id='word_1_109' title='bbox 1524 421 1658 457; x_wconf 74' lang='grc' dir='ltr'>διαφέρει,</span> <span class='ocrx_word' id='word_1_110' title='bbox 1680 418 1696 458; x_wconf 78' lang='grc' dir='ltr'>ᾖ</span> <span class='ocrx_word' id='word_1_111' title='bbox 1717 421 1859 455; x_wconf 63' lang='grc' dir='ltr'>ἅγαθὰτης</span> 
     </span>
    </p>
   </div>
   <div class='ocr_carea' id='block_1_17' title="bbox 1070 467 1153 495">
    <p class='ocr_par' dir='ltr' id='par_1_17' title="bbox 1070 467 1153 495">
     <span class='ocr_line' id='line_1_17' title="bbox 1070 467 1153 495; baseline 0.024 -2"><span class='ocrx_word' id='word_1_112' title='bbox 1070 467 1153 495; x_wconf 75' lang='grc' dir='ltr'>ἐστίν.</span> 
     </span>
    </p>
   </div>
   <div class='ocr_carea' id='block_1_18' title="bbox 237 509 1860 548">
    <p class='ocr_par' dir='ltr' id='par_1_18' title="bbox 237 509 1860 548">
     <span class='ocr_line' id='line_1_18' title="bbox 237 509 1860 548; baseline 0.002 -10"><span class='ocrx_word' id='word_1_113' title='bbox 237 512 383 540; x_wconf 84' lang='lat' dir='ltr'><strong>bonitatem</strong></span> <span class='ocrx_word' id='word_1_114' title='bbox 420 512 529 539; x_wconf 59' lang='grc' dir='ltr'>ὤσαιτο</span> <span class='ocrx_word' id='word_1_115' title='bbox 560 519 575 538; x_wconf 91' lang='lat' dir='ltr'><strong>a</strong></span> <span class='ocrx_word' id='word_1_116' title='bbox 599 511 660 539; x_wconf 86' lang='lat' dir='ltr'><strong>Filii</strong></span> <span class='ocrx_word' id='word_1_117' title='bbox 686 511 816 539; x_wconf 86' lang='lat' dir='ltr'><strong>bonitate.</strong></span> <span class='ocrx_word' id='word_1_118' title='bbox 863 510 941 538; x_wconf 86' lang='lat' dir='ltr'><strong>Orth.</strong></span> <span class='ocrx_word' id='word_1_119' title='bbox 969 509 1022 538; x_wconf 86' lang='lat' dir='ltr'><strong>Sed</strong></span> <span class='ocrx_word' id='word_1_120' title='bbox 1041 511 1150 541; x_wconf 80' lang='lat' dir='ltr'><strong>bonitas</strong></span> <span class='ocrx_word' id='word_1_121' title='bbox 1171 513 1322 541; x_wconf 87' lang='lat' dir='ltr'><strong>abonitate</strong></span> <span class='ocrx_word' id='word_1_122' title='bbox 1355 512 1423 540; x_wconf 86' lang='lat' dir='ltr'><strong>nihil</strong></span> <span class='ocrx_word' id='word_1_123' title='bbox 1443 512 1542 545; x_wconf 76' lang='lat' dir='ltr'><strong>diﬂ‘ert,</strong></span> <span class='ocrx_word' id='word_1_124' title='bbox 1573 517 1708 548; x_wconf 79' lang='lat' dir='ltr'><strong>quatenus</strong></span> <span class='ocrx_word' id='word_1_125' title='bbox 1730 517 1774 542; x_wconf 85' lang='lat' dir='ltr'><strong>est</strong></span> <span class='ocrx_word' id='word_1_126' title='bbox 1802 513 1860 541; x_wconf 85' lang='lat' dir='ltr'><strong>bo-</strong></span> 
     </span>
    </p>
   </div>
   <div class='ocr_carea' id='block_1_19' title="bbox 236 564 316 585">
    <p class='ocr_par' dir='ltr' id='par_1_19' title="bbox 236 564 316 585">
     <span class='ocr_line' id='line_1_19' title="bbox 236 564 316 585; baseline 0 -1"><span class='ocrx_word' id='word_1_127' title='bbox 236 564 316 585; x_wconf 85' lang='lat' dir='ltr'><strong>mtas.</strong></span> 
     </span>
    </p>
   </div>
   <div class='ocr_carea' id='block_1_20' title="bbox 271 602 1013 632">
    <p class='ocr_par' dir='ltr' id='par_1_20' title="bbox 271 602 1013 632">
     <span class='ocr_line' id='line_1_20' title="bbox 271 602 1013 632; baseline 0.001 -2"><span class='ocrx_word' id='word_1_128' title='bbox 271 604 313 631; x_wconf 73' lang='lat' dir='ltr'><strong>l2.</strong></span> <span class='ocrx_word' id='word_1_129' title='bbox 334 605 429 631; x_wconf 90' lang='lat' dir='ltr'><strong>Anam.</strong></span> <span class='ocrx_word' id='word_1_130' title='bbox 459 603 555 630; x_wconf 84' lang='lat' dir='ltr'><strong>Annon</strong></span> <span class='ocrx_word' id='word_1_131' title='bbox 578 610 642 630; x_wconf 89' lang='lat' dir='ltr'><strong>vero</strong></span> <span class='ocrx_word' id='word_1_132' title='bbox 668 602 717 630; x_wconf 89' lang='lat' dir='ltr'><strong>Dei</strong></span> <span class='ocrx_word' id='word_1_133' title='bbox 745 603 852 632; x_wconf 84' lang='lat' dir='ltr'><strong>bonitas</strong></span> <span class='ocrx_word' id='word_1_134' title='bbox 874 603 964 631; x_wconf 82' lang='lat' dir='ltr'><strong>diil&#39;ert</strong></span> <span class='ocrx_word' id='word_1_135' title='bbox 979 603 1013 631; x_wconf 87' lang='lat' dir='ltr'><strong>ab</strong></span> 
     </span>
    </p>
   </div>
   <div class='ocr_carea' id='block_1_21' title="bbox 235 648 1014 684">
    <p class='ocr_par' dir='ltr' id='par_1_21' title="bbox 235 648 1014 684">
     <span class='ocr_line' id='line_1_21' title="bbox 235 648 1014 684; baseline -0.001 -7"><span class='ocrx_word' id='word_1_136' title='bbox 235 656 264 677; x_wconf 79' lang='lat' dir='ltr'><strong>ea</strong></span> <span class='ocrx_word' id='word_1_137' title='bbox 287 649 417 681; x_wconf 87' lang='lat' dir='ltr'><strong>bonitate,</strong></span> <span class='ocrx_word' id='word_1_138' title='bbox 435 656 494 684; x_wconf 73' lang='lat' dir='ltr'><strong>qua:</strong></span> <span class='ocrx_word' id='word_1_139' title='bbox 511 649 538 676; x_wconf 93' lang='lat' dir='ltr'><strong>in</strong></span> <span class='ocrx_word' id='word_1_140' title='bbox 554 649 632 676; x_wconf 87' lang='lat' dir='ltr'><strong>nobis</strong></span> <span class='ocrx_word' id='word_1_141' title='bbox 651 650 712 676; x_wconf 77' lang='lat' dir='ltr'><strong>est?</strong></span> <span class='ocrx_word' id='word_1_142' title='bbox 740 648 816 676; x_wconf 82' lang='lat' dir='ltr'><strong>Orth.</strong></span> <span class='ocrx_word' id='word_1_143' title='bbox 835 648 935 684; x_wconf 84' lang='lat' dir='ltr'><strong>Nempe</strong></span> <span class='ocrx_word' id='word_1_144' title='bbox 961 649 1014 676; x_wconf 87' lang='lat' dir='ltr'><strong>alia</strong></span> 
     </span>
    </p>
   </div>
   <div class='ocr_carea' id='block_1_22' title="bbox 234 694 1012 730">
    <p class='ocr_par' dir='ltr' id='par_1_22' title="bbox 234 694 1012 730">
     <span class='ocr_line' id='line_1_22' title="bbox 234 694 1012 730; baseline 0.001 -8"><span class='ocrx_word' id='word_1_145' title='bbox 234 695 356 730; x_wconf 70' lang='lat' dir='ltr'><strong>quaedam</strong></span> <span class='ocrx_word' id='word_1_146' title='bbox 380 699 422 723; x_wconf 89' lang='lat' dir='ltr'><strong>est</strong></span> <span class='ocrx_word' id='word_1_147' title='bbox 449 695 477 722; x_wconf 91' lang='lat' dir='ltr'><strong>in</strong></span> <span class='ocrx_word' id='word_1_148' title='bbox 504 695 583 722; x_wconf 91' lang='lat' dir='ltr'><strong>nobis</strong></span> <span class='ocrx_word' id='word_1_149' title='bbox 599 695 717 726; x_wconf 87' lang='lat' dir='ltr'><strong>bonitas.</strong></span> <span class='ocrx_word' id='word_1_150' title='bbox 746 703 826 730; x_wconf 89' lang='lat' dir='ltr'><strong>quam</strong></span> <span class='ocrx_word' id='word_1_151' title='bbox 851 694 923 723; x_wconf 89' lang='lat' dir='ltr'><strong>Deus</strong></span> <span class='ocrx_word' id='word_1_152' title='bbox 944 695 1012 730; x_wconf 87' lang='lat' dir='ltr'><strong>ipse.</strong></span> 
     </span>
    </p>
   </div>
   <div class='ocr_carea' id='block_1_23' title="bbox 233 740 1015 777">
    <p class='ocr_par' dir='ltr' id='par_1_23' title="bbox 233 740 1015 777">
     <span class='ocr_line' id='line_1_23' title="bbox 233 740 1015 777; baseline 0.001 -9"><span class='ocrx_word' id='word_1_153' title='bbox 233 742 327 768; x_wconf 86' lang='lat' dir='ltr'><strong>Anam.</strong></span> <span class='ocrx_word' id='word_1_154' title='bbox 354 741 440 769; x_wconf 66' lang='lat' dir='ltr'><strong>Judaei</strong></span> <span class='ocrx_word' id='word_1_155' title='bbox 462 742 544 777; x_wconf 81' lang='lat' dir='ltr'><strong>igitur</strong></span> <span class='ocrx_word' id='word_1_156' title='bbox 559 745 585 768; x_wconf 90' lang='lat' dir='ltr'><strong>et</strong></span> <span class='ocrx_word' id='word_1_157' title='bbox 605 740 690 768; x_wconf 69' lang='grc' dir='ltr'><strong>(ΞΓ.εοὶ</strong></span> <span class='ocrx_word' id='word_1_158' title='bbox 718 741 853 768; x_wconf 85' lang='lat' dir='ltr'><strong>habentne</strong></span> <span class='ocrx_word' id='word_1_159' title='bbox 878 740 961 768; x_wconf 81' lang='lat' dir='ltr'><strong>Deum</strong></span> <span class='ocrx_word' id='word_1_160' title='bbox 987 741 1015 769; x_wconf 90' lang='lat' dir='ltr'><strong>in</strong></span> 
     </span>
    </p>
   </div>
   <div class='ocr_carea' id='block_1_24' title="bbox 233 787 1013 824">
    <p class='ocr_par' dir='ltr' id='par_1_24' title="bbox 233 787 1013 824">
     <span class='ocr_line' id='line_1_24' title="bbox 233 787 1013 824; baseline 0.001 -9"><span class='ocrx_word' id='word_1_161' title='bbox 233 789 313 816; x_wconf 85' lang='lat' dir='ltr'><strong>sese?</strong></span> <span class='ocrx_word' id='word_1_162' title='bbox 329 787 406 816; x_wconf 79' lang='lat' dir='ltr'><strong>Orth.</strong></span> <span class='ocrx_word' id='word_1_163' title='bbox 423 788 479 815; x_wconf 90' lang='lat' dir='ltr'><strong>lmo</strong></span> <span class='ocrx_word' id='word_1_164' title='bbox 494 796 527 816; x_wconf 92' lang='lat' dir='ltr'><strong>ne</strong></span> <span class='ocrx_word' id='word_1_165' title='bbox 539 788 562 816; x_wconf 87' lang='lat' dir='ltr'><strong>is</strong></span> <span class='ocrx_word' id='word_1_166' title='bbox 581 788 689 824; x_wconf 87' lang='lat' dir='ltr'><strong>quidem</strong></span> <span class='ocrx_word' id='word_1_167' title='bbox 705 787 790 815; x_wconf 90' lang='lat' dir='ltr'><strong>Deum</strong></span> <span class='ocrx_word' id='word_1_168' title='bbox 804 788 884 816; x_wconf 86' lang='lat' dir='ltr'><strong>habet</strong></span> <span class='ocrx_word' id='word_1_169' title='bbox 900 788 929 815; x_wconf 91' lang='lat' dir='ltr'><strong>in</strong></span> <span class='ocrx_word' id='word_1_170' title='bbox 942 795 1013 821; x_wconf 79' lang='lat' dir='ltr'><strong>sese,</strong></span> 
     </span>
    </p>
   </div>
   <div class='ocr_carea' id='block_1_25' title="bbox 232 877 1047 915">
    <p class='ocr_par' dir='ltr' id='par_1_25' title="bbox 232 877 1047 915">
     <span class='ocr_line' id='line_1_25' title="bbox 232 877 1047 915; baseline -0.002 -7"><span class='ocrx_word' id='word_1_171' title='bbox 232 881 322 912; x_wconf 87' lang='lat' dir='ltr'><strong>habet,</strong></span> <span class='ocrx_word' id='word_1_172' title='bbox 339 881 385 915; x_wconf 91' lang='lat' dir='ltr'><strong>qui</strong></span> <span class='ocrx_word' id='word_1_173' title='bbox 413 887 512 915; x_wconf 87' lang='lat' dir='ltr'><strong>corpus</strong></span> <span class='ocrx_word' id='word_1_174' title='bbox 533 887 613 907; x_wconf 89' lang='lat' dir='ltr'><strong>suum</strong></span> <span class='ocrx_word' id='word_1_175' title='bbox 640 879 733 907; x_wconf 62' lang='lat' dir='ltr'><strong>adlisit</strong></span> <span class='ocrx_word' id='word_1_176' title='bbox 755 883 782 907; x_wconf 90' lang='lat' dir='ltr'><strong>et</strong></span> <span class='ocrx_word' id='word_1_177' title='bbox 800 880 827 907; x_wconf 92' lang='lat' dir='ltr'><strong>in</strong></span> <span class='ocrx_word' id='word_1_178' title='bbox 853 880 1010 907; x_wconf 87' lang='lat' dir='ltr'><strong>servitutem</strong></span> <span class='ocrx_word' id='word_1_179' title='bbox 1025 877 1047 905; x_wconf 92' lang='lat' dir='ltr'><strong>B</strong></span> 
     </span>
    </p>
   </div>
   <div class='ocr_carea' id='block_1_26' title="bbox 231 926 1011 964">
    <p class='ocr_par' dir='ltr' id='par_1_26' title="bbox 231 926 1011 964">
     <span class='ocr_line' id='line_1_26' title="bbox 231 926 1011 964; baseline -0.003 -9"><span class='ocrx_word' id='word_1_180' title='bbox 231 926 310 964; x_wconf 68' lang='grc'><strong>415</strong></span> <span class='ocrx_word' id='word_1_181' title='bbox 335 927 448 962; x_wconf 74' lang='lat' dir='ltr'><strong>redegit,</strong></span> <span class='ocrx_word' id='word_1_182' title='bbox 473 931 504 954; x_wconf 91' lang='lat' dir='ltr'><strong>ut</strong></span> <span class='ocrx_word' id='word_1_183' title='bbox 529 927 616 962; x_wconf 84' lang='lat' dir='ltr'><strong>possit</strong></span> <span class='ocrx_word' id='word_1_184' title='bbox 635 926 745 954; x_wconf 86' lang='lat' dir='ltr'><strong>dicere:</strong></span> <span class='ocrx_word' id='word_1_185' title='bbox 763 935 772 952; x_wconf 73' lang='grc' dir='ltr'><strong>ι</strong></span> <span class='ocrx_word' id='word_1_186' title='bbox 788 926 829 954; x_wconf 86' lang='lat' dir='ltr'><strong>An</strong></span> <span class='ocrx_word' id='word_1_187' title='bbox 843 926 1011 962; x_wconf 74' lang='lat' dir='ltr'><strong>experimen—</strong></span> 
     </span>
    </p>
   </div>
   <div class='ocr_carea' id='block_1_27' title="bbox 231 972 1008 1009">
    <p class='ocr_par' dir='ltr' id='par_1_27' title="bbox 231 972 1008 1009">
     <span class='ocr_line' id='line_1_27' title="bbox 231 972 1008 1009; baseline -0.003 -8"><span class='ocrx_word' id='word_1_188' title='bbox 231 978 284 1001; x_wconf 88' lang='lat' dir='ltr'><strong>tum</strong></span> <span class='ocrx_word' id='word_1_189' title='bbox 301 975 421 1009; x_wconf 70' lang='lat' dir='ltr'><strong>quaaritis</strong></span> <span class='ocrx_word' id='word_1_190' title='bbox 435 973 494 1008; x_wconf 87' lang='lat' dir='ltr'><strong>ejus</strong></span> <span class='ocrx_word' id='word_1_191' title='bbox 519 974 566 1009; x_wconf 90' lang='lat' dir='ltr'><strong>qui</strong></span> <span class='ocrx_word' id='word_1_192' title='bbox 591 973 619 1000; x_wconf 90' lang='lat' dir='ltr'><strong>in</strong></span> <span class='ocrx_word' id='word_1_193' title='bbox 634 980 677 1000; x_wconf 92' lang='lat' dir='ltr'><strong>me</strong></span> <span class='ocrx_word' id='word_1_194' title='bbox 696 973 827 1008; x_wconf 85' lang='lat' dir='ltr'><strong>loquitur,</strong></span> <span class='ocrx_word' id='word_1_195' title='bbox 843 973 943 1000; x_wconf 91' lang='lat' dir='ltr'><strong>Christi</strong></span> <span class='ocrx_word' id='word_1_196' title='bbox 959 972 978 1000; x_wconf 84' lang='lat'><strong>&#39;.</strong></span> <span class='ocrx_word' id='word_1_197' title='bbox 997 982 1008 999; x_wconf 70' lang='grc' dir='ltr'><strong>ι</strong></span> 
     </span>
    </p>
   </div>
   <div class='ocr_carea' id='block_1_28' title="bbox 230 1018 1010 1053">
    <p class='ocr_par' dir='ltr' id='par_1_28' title="bbox 230 1018 1010 1053">
     <span class='ocr_line' id='line_1_28' title="bbox 230 1018 1010 1053; baseline -0.004 -5"><span class='ocrx_word' id='word_1_198' title='bbox 230 1020 279 1053; x_wconf 79' lang='lat' dir='ltr'><strong>Qui</strong></span> <span class='ocrx_word' id='word_1_199' title='bbox 294 1021 367 1047; x_wconf 90' lang='lat' dir='ltr'><strong>enim</strong></span> <span class='ocrx_word' id='word_1_200' title='bbox 379 1020 441 1047; x_wconf 88' lang='lat' dir='ltr'><strong>talis</strong></span> <span class='ocrx_word' id='word_1_201' title='bbox 460 1023 512 1051; x_wconf 88' lang='lat' dir='ltr'><strong>est,</strong></span> <span class='ocrx_word' id='word_1_202' title='bbox 527 1019 630 1046; x_wconf 90' lang='lat' dir='ltr'><strong>audita</strong></span> <span class='ocrx_word' id='word_1_203' title='bbox 642 1018 752 1046; x_wconf 82' lang='lat' dir='ltr'><strong>Christo</strong></span> <span class='ocrx_word' id='word_1_204' title='bbox 770 1028 776 1045; x_wconf 91' lang='lat'>:</span> <span class='ocrx_word' id='word_1_205' title='bbox 795 1028 805 1044; x_wconf 69' lang='grc' dir='ltr'><strong>θ</strong></span> <span class='ocrx_word' id='word_1_206' title='bbox 823 1019 914 1046; x_wconf 87' lang='lat' dir='ltr'><strong>Bonus</strong></span> <span class='ocrx_word' id='word_1_207' title='bbox 928 1018 1010 1046; x_wconf 89' lang='lat' dir='ltr'><strong>homo</strong></span> 
     </span>
    </p>
   </div>
   <div class='ocr_carea' id='block_1_29' title="bbox 229 1064 1008 1100">
    <p class='ocr_par' dir='ltr' id='par_1_29' title="bbox 229 1064 1008 1100">
     <span class='ocr_line' id='line_1_29' title="bbox 229 1064 1008 1100; baseline -0.003 -7"><span class='ocrx_word' id='word_1_208' title='bbox 229 1066 262 1093; x_wconf 87' lang='lat' dir='ltr'><strong>de</strong></span> <span class='ocrx_word' id='word_1_209' title='bbox 283 1066 354 1093; x_wconf 91' lang='lat' dir='ltr'><strong>bono</strong></span> <span class='ocrx_word' id='word_1_210' title='bbox 369 1066 498 1093; x_wconf 83' lang='lat' dir='ltr'><strong>thesauro</strong></span> <span class='ocrx_word' id='word_1_211' title='bbox 514 1065 605 1093; x_wconf 86' lang='lat' dir='ltr'><strong>cordis</strong></span> <span class='ocrx_word' id='word_1_212' title='bbox 621 1065 724 1100; x_wconf 80' lang='lat' dir='ltr'><strong>profert</strong></span> <span class='ocrx_word' id='word_1_213' title='bbox 756 1065 826 1093; x_wconf 88' lang='lat' dir='ltr'><strong>bona</strong></span> <span class='ocrx_word' id='word_1_214' title='bbox 838 1065 860 1091; x_wconf 77' lang='grc'><strong>⁵.</strong></span> <span class='ocrx_word' id='word_1_215' title='bbox 881 1074 891 1090; x_wconf 72' lang='grc' dir='ltr'><strong>ι</strong></span> <span class='ocrx_word' id='word_1_216' title='bbox 913 1064 1008 1091; x_wconf 85' lang='lat' dir='ltr'><strong>Anam.</strong></span> 
     </span>
    </p>
   </div>
   <div class='ocr_carea' id='block_1_30' title="bbox 229 1109 1008 1145">
    <p class='ocr_par' dir='ltr' id='par_1_30' title="bbox 229 1109 1008 1145">
     <span class='ocr_line' id='line_1_30' title="bbox 229 1109 1008 1145; baseline -0.004 -6"><span class='ocrx_word' id='word_1_217' title='bbox 229 1111 257 1139; x_wconf 85' lang='lat' dir='ltr'><strong>Si</strong></span> <span class='ocrx_word' id='word_1_218' title='bbox 268 1111 356 1139; x_wconf 87' lang='lat' dir='ltr'><strong>bonus</strong></span> <span class='ocrx_word' id='word_1_219' title='bbox 369 1115 411 1138; x_wconf 89' lang='lat' dir='ltr'><strong>est</strong></span> <span class='ocrx_word' id='word_1_220' title='bbox 426 1111 517 1142; x_wconf 92' lang='lat' dir='ltr'><strong>homo,</strong></span> <span class='ocrx_word' id='word_1_221' title='bbox 531 1110 578 1145; x_wconf 87' lang='lat' dir='ltr'><strong>qui</strong></span> <span class='ocrx_word' id='word_1_222' title='bbox 590 1118 622 1136; x_wconf 77' lang='lat' dir='ltr'><strong>ex</strong></span> <span class='ocrx_word' id='word_1_223' title='bbox 635 1117 685 1138; x_wconf 85' lang='lat' dir='ltr'><strong>suo</strong></span> <span class='ocrx_word' id='word_1_224' title='bbox 706 1110 789 1138; x_wconf 89' lang='lat' dir='ltr'><strong>corde</strong></span> <span class='ocrx_word' id='word_1_225' title='bbox 811 1109 880 1136; x_wconf 90' lang='lat' dir='ltr'><strong>bona</strong></span> <span class='ocrx_word' id='word_1_226' title='bbox 894 1109 1008 1144; x_wconf 78' lang='lat' dir='ltr'><strong>profert,</strong></span> 
     </span>
    </p>
   </div>
   <div class='ocr_carea' id='block_1_31' title="bbox 228 1153 1006 1192">
    <p class='ocr_par' dir='ltr' id='par_1_31' title="bbox 228 1153 1006 1192">
     <span class='ocr_line' id='line_1_31' title="bbox 228 1153 1006 1192; baseline -0.005 -8"><span class='ocrx_word' id='word_1_227' title='bbox 228 1157 363 1192; x_wconf 85' lang='lat' dir='ltr'><strong>quomodo</strong></span> <span class='ocrx_word' id='word_1_228' title='bbox 377 1163 458 1183; x_wconf 89' lang='lat' dir='ltr'><strong>nemo</strong></span> <span class='ocrx_word' id='word_1_229' title='bbox 476 1155 565 1183; x_wconf 88' lang='lat' dir='ltr'><strong>bonus</strong></span> <span class='ocrx_word' id='word_1_230' title='bbox 579 1158 631 1187; x_wconf 88' lang='lat' dir='ltr'><strong>est.</strong></span> <span class='ocrx_word' id='word_1_231' title='bbox 649 1155 702 1182; x_wconf 89' lang='lat' dir='ltr'><strong>nisi</strong></span> <span class='ocrx_word' id='word_1_232' title='bbox 717 1162 788 1182; x_wconf 87' lang='lat' dir='ltr'><strong>unus</strong></span> <span class='ocrx_word' id='word_1_233' title='bbox 812 1153 902 1182; x_wconf 80' lang='lat' dir='ltr'><strong>Deus?</strong></span> <span class='ocrx_word' id='word_1_234' title='bbox 929 1153 1006 1182; x_wconf 82' lang='lat' dir='ltr'><strong>Orlh.</strong></span> 
     </span>
    </p>
   </div>
   <div class='ocr_carea' id='block_1_32' title="bbox 227 1199 1007 1235">
    <p class='ocr_par' dir='ltr' id='par_1_32' title="bbox 227 1199 1007 1235">
     <span class='ocr_line' id='line_1_32' title="bbox 227 1199 1007 1235; baseline -0.003 -7"><span class='ocrx_word' id='word_1_235' title='bbox 227 1201 360 1234; x_wconf 81' lang='lat' dir='ltr'><strong>Quoniam</strong></span> <span class='ocrx_word' id='word_1_236' title='bbox 376 1200 448 1228; x_wconf 85' lang='lat' dir='ltr'><strong>Deus</strong></span> <span class='ocrx_word' id='word_1_237' title='bbox 468 1208 522 1227; x_wconf 89' lang='lat' dir='ltr'><strong>non</strong></span> <span class='ocrx_word' id='word_1_238' title='bbox 539 1203 581 1228; x_wconf 86' lang='lat' dir='ltr'><strong>est</strong></span> <span class='ocrx_word' id='word_1_239' title='bbox 599 1200 688 1228; x_wconf 86' lang='lat' dir='ltr'><strong>bonus</strong></span> <span class='ocrx_word' id='word_1_240' title='bbox 705 1199 915 1235; x_wconf 82' lang='lat' dir='ltr'><strong>Participatione</strong></span> <span class='ocrx_word' id='word_1_241' title='bbox 929 1199 1007 1227; x_wconf 91' lang='lat' dir='ltr'><strong>boni-</strong></span> 
     </span>
    </p>
   </div>
   <div class='ocr_carea' id='block_1_33' title="bbox 227 1245 1007 1281">
    <p class='ocr_par' dir='ltr' id='par_1_33' title="bbox 227 1245 1007 1281">
     <span class='ocr_line' id='line_1_33' title="bbox 227 1245 1007 1281; baseline -0.001 -7"><span class='ocrx_word' id='word_1_242' title='bbox 227 1247 300 1278; x_wconf 76' lang='lat' dir='ltr'><strong>tatis,</strong></span> <span class='ocrx_word' id='word_1_243' title='bbox 318 1247 365 1274; x_wconf 88' lang='lat' dir='ltr'><strong>sed</strong></span> <span class='ocrx_word' id='word_1_244' title='bbox 393 1250 436 1273; x_wconf 90' lang='lat' dir='ltr'><strong>est</strong></span> <span class='ocrx_word' id='word_1_245' title='bbox 456 1246 514 1281; x_wconf 91' lang='lat' dir='ltr'><strong>ipsa</strong></span> <span class='ocrx_word' id='word_1_246' title='bbox 529 1246 655 1274; x_wconf 83' lang='lat' dir='ltr'><strong>bonitas:</strong></span> <span class='ocrx_word' id='word_1_247' title='bbox 671 1245 752 1273; x_wconf 91' lang='lat' dir='ltr'><strong>homo</strong></span> <span class='ocrx_word' id='word_1_248' title='bbox 784 1252 850 1272; x_wconf 89' lang='lat' dir='ltr'><strong>vero</strong></span> <span class='ocrx_word' id='word_1_249' title='bbox 877 1245 1007 1274; x_wconf 85' lang='lat' dir='ltr'><strong>bonitatis</strong></span> 
     </span>
    </p>
   </div>
   <div class='ocr_carea' id='block_1_34' title="bbox 227 1291 1007 1328">
    <p class='ocr_par' dir='ltr' id='par_1_34' title="bbox 227 1291 1007 1328">
     <span class='ocr_line' id='line_1_34' title="bbox 227 1291 1007 1328; baseline -0.001 -9"><span class='ocrx_word' id='word_1_250' title='bbox 227 1293 432 1328; x_wconf 80' lang='lat' dir='ltr'><strong>participatione</strong></span> <span class='ocrx_word' id='word_1_251' title='bbox 445 1292 533 1319; x_wconf 87' lang='lat' dir='ltr'><strong>bonus</strong></span> <span class='ocrx_word' id='word_1_252' title='bbox 544 1295 596 1319; x_wconf 88' lang='lat' dir='ltr'><strong>est.</strong></span> <span class='ocrx_word' id='word_1_253' title='bbox 610 1292 705 1319; x_wconf 85' lang='lat' dir='ltr'><strong>Anam.</strong></span> <span class='ocrx_word' id='word_1_254' title='bbox 721 1291 819 1318; x_wconf 80' lang='lat' dir='ltr'><strong>Annon</strong></span> <span class='ocrx_word' id='word_1_255' title='bbox 840 1291 927 1326; x_wconf 76' lang='lat' dir='ltr'><strong>angeli</strong></span> <span class='ocrx_word' id='word_1_256' title='bbox 943 1295 1007 1319; x_wconf 89' lang='lat' dir='ltr'><strong>sunt</strong></span> 
     </span>
    </p>
   </div>
   <div class='ocr_carea' id='block_1_35' title="bbox 226 1337 1007 1373">
    <p class='ocr_par' dir='ltr' id='par_1_35' title="bbox 226 1337 1007 1373">
     <span class='ocr_line' id='line_1_35' title="bbox 226 1337 1007 1373; baseline -0.003 -7"><span class='ocrx_word' id='word_1_257' title='bbox 226 1343 324 1366; x_wconf 89' lang='lat' dir='ltr'><strong>natura</strong></span> <span class='ocrx_word' id='word_1_258' title='bbox 348 1338 431 1366; x_wconf 84' lang='lat' dir='ltr'><strong>boni?</strong></span> <span class='ocrx_word' id='word_1_259' title='bbox 457 1337 534 1365; x_wconf 73' lang='lat' dir='ltr'><strong>Orib.</strong></span> <span class='ocrx_word' id='word_1_260' title='bbox 552 1337 665 1371; x_wconf 84' lang='lat' dir='ltr'><strong>Natura,</strong></span> <span class='ocrx_word' id='word_1_261' title='bbox 683 1345 875 1373; x_wconf 81' lang='lat' dir='ltr'><strong>nequaquam:</strong></span> <span class='ocrx_word' id='word_1_262' title='bbox 896 1337 1007 1372; x_wconf 79' lang='lat' dir='ltr'><strong>partici-</strong></span> 
     </span>
    </p>
   </div>
   <div class='ocr_carea' id='block_1_36' title="bbox 226 1383 1005 1420">
    <p class='ocr_par' dir='ltr' id='par_1_36' title="bbox 226 1383 1005 1420">
     <span class='ocr_line' id='line_1_36' title="bbox 226 1383 1005 1420; baseline -0.004 -8"><span class='ocrx_word' id='word_1_263' title='bbox 226 1385 344 1420; x_wconf 88' lang='lat' dir='ltr'><strong>patione,</strong></span> <span class='ocrx_word' id='word_1_264' title='bbox 370 1385 458 1419; x_wconf 88' lang='lat' dir='ltr'><strong>plane.</strong></span> <span class='ocrx_word' id='word_1_265' title='bbox 486 1383 552 1410; x_wconf 86' lang='lat' dir='ltr'><strong>Nam</strong></span> <span class='ocrx_word' id='word_1_266' title='bbox 567 1383 638 1419; x_wconf 89' lang='lat' dir='ltr'><strong>quod</strong></span> <span class='ocrx_word' id='word_1_267' title='bbox 653 1388 751 1410; x_wconf 88' lang='lat' dir='ltr'><strong>natura</strong></span> <span class='ocrx_word' id='word_1_268' title='bbox 765 1383 865 1410; x_wconf 91' lang='lat' dir='ltr'><strong>bonum</strong></span> <span class='ocrx_word' id='word_1_269' title='bbox 882 1387 934 1415; x_wconf 81' lang='lat' dir='ltr'><strong>est,</strong></span> <span class='ocrx_word' id='word_1_270' title='bbox 951 1390 1005 1410; x_wconf 95' lang='lat' dir='ltr'><strong>non</strong></span> 
     </span>
    </p>
   </div>
   <div class='ocr_carea' id='block_1_37' title="bbox 226 1428 1003 1465">
    <p class='ocr_par' dir='ltr' id='par_1_37' title="bbox 226 1428 1003 1465">
     <span class='ocr_line' id='line_1_37' title="bbox 226 1428 1003 1465; baseline -0.005 -7"><span class='ocrx_word' id='word_1_271' title='bbox 226 1434 355 1462; x_wconf 86' lang='lat' dir='ltr'><strong>mutatur,</strong></span> <span class='ocrx_word' id='word_1_272' title='bbox 368 1434 500 1465; x_wconf 89' lang='lat' dir='ltr'><strong>quantum</strong></span> <span class='ocrx_word' id='word_1_273' title='bbox 523 1429 556 1456; x_wconf 87' lang='lat' dir='ltr'><strong>ad</strong></span> <span class='ocrx_word' id='word_1_274' title='bbox 570 1429 608 1460; x_wconf 84' lang='lat' dir='ltr'><strong>id,</strong></span> <span class='ocrx_word' id='word_1_275' title='bbox 625 1429 697 1463; x_wconf 88' lang='lat' dir='ltr'><strong>quod</strong></span> <span class='ocrx_word' id='word_1_276' title='bbox 711 1433 753 1456; x_wconf 88' lang='lat' dir='ltr'><strong>est</strong></span> <span class='ocrx_word' id='word_1_277' title='bbox 776 1433 884 1455; x_wconf 88' lang='lat' dir='ltr'><strong>natura.</strong></span> <span class='ocrx_word' id='word_1_278' title='bbox 908 1428 1003 1455; x_wconf 86' lang='lat' dir='ltr'><strong>Anam.</strong></span> 
     </span>
    </p>
   </div>
   <div class='ocr_carea' id='block_1_38' title="bbox 226 1475 1005 1512">
    <p class='ocr_par' dir='ltr' id='par_1_38' title="bbox 226 1475 1005 1512">
     <span class='ocr_line' id='line_1_38' title="bbox 226 1475 1005 1512; baseline -0.004 -8"><span class='ocrx_word' id='word_1_279' title='bbox 226 1476 345 1512; x_wconf 77' lang='lat' dir='ltr'><strong>Exempli</strong></span> <span class='ocrx_word' id='word_1_280' title='bbox 361 1476 461 1503; x_wconf 84' lang='lat' dir='ltr'><strong>causa?</strong></span> <span class='ocrx_word' id='word_1_281' title='bbox 477 1475 554 1503; x_wconf 76' lang='lat' dir='ltr'><strong>Ort/i.</strong></span> <span class='ocrx_word' id='word_1_282' title='bbox 582 1475 669 1503; x_wconf 83' lang='lat' dir='ltr'><strong>Homo</strong></span> <span class='ocrx_word' id='word_1_283' title='bbox 690 1479 787 1502; x_wconf 89' lang='lat' dir='ltr'><strong>natura</strong></span> <span class='ocrx_word' id='word_1_284' title='bbox 818 1482 871 1502; x_wconf 91' lang='lat' dir='ltr'><strong>non</strong></span> <span class='ocrx_word' id='word_1_285' title='bbox 886 1479 1005 1502; x_wconf 85' lang='lat' dir='ltr'><strong>mutatur</strong></span> 
     </span>
    </p>
   </div>
   <div class='ocr_carea' id='block_1_39' title="bbox 225 1520 1005 1558">
    <p class='ocr_par' dir='ltr' id='par_1_39' title="bbox 225 1520 1005 1558">
     <span class='ocr_line' id='line_1_39' title="bbox 225 1520 1005 1558; baseline -0.001 -9"><span class='ocrx_word' id='word_1_286' title='bbox 225 1523 322 1558; x_wconf 71' lang='lat' dir='ltr'><strong>{neque</strong></span> <span class='ocrx_word' id='word_1_287' title='bbox 335 1522 408 1548; x_wconf 91' lang='lat' dir='ltr'><strong>enim</strong></span> <span class='ocrx_word' id='word_1_288' title='bbox 424 1521 454 1548; x_wconf 80' lang='lat' dir='ltr'><strong>ﬁt</strong></span> <span class='ocrx_word' id='word_1_289' title='bbox 471 1521 543 1548; x_wconf 85' lang='lat' dir='ltr'><strong>aliud</strong></span> <span class='ocrx_word' id='word_1_290' title='bbox 558 1520 683 1556; x_wconf 78' lang='lat' dir='ltr'><strong>natura);</strong></span> <span class='ocrx_word' id='word_1_291' title='bbox 697 1520 745 1548; x_wconf 84' lang='lat' dir='ltr'><strong>sed</strong></span> <span class='ocrx_word' id='word_1_292' title='bbox 769 1521 860 1548; x_wconf 88' lang='lat' dir='ltr'><strong>studio</strong></span> <span class='ocrx_word' id='word_1_293' title='bbox 874 1524 900 1548; x_wconf 90' lang='lat' dir='ltr'><strong>et</strong></span> <span class='ocrx_word' id='word_1_294' title='bbox 922 1520 1005 1548; x_wconf 87' lang='lat' dir='ltr'><strong>mori-</strong></span> 
     </span>
    </p>
   </div>
   <div class='ocr_carea' id='block_1_40' title="bbox 225 1559 1003 1602">
    <p class='ocr_par' dir='ltr' id='par_1_40' title="bbox 225 1559 1003 1602">
     <span class='ocr_line' id='line_1_40' title="bbox 225 1559 1003 1602; baseline -0.003 -6"><span class='ocrx_word' id='word_1_295' title='bbox 225 1571 273 1596; x_wconf 88' lang='lat' dir='ltr'><strong>bus</strong></span> <span class='ocrx_word' id='word_1_296' title='bbox 299 1572 444 1595; x_wconf 88' lang='lat' dir='ltr'><strong>mutatur:</strong></span> <span class='ocrx_word' id='word_1_297' title='bbox 465 1559 605 1602; x_wconf 51' lang='lat' dir='ltr'><strong>siquidem&#39;</strong></span> <span class='ocrx_word' id='word_1_298' title='bbox 621 1566 745 1594; x_wconf 88' lang='lat' dir='ltr'><strong>eumdem</strong></span> <span class='ocrx_word' id='word_1_299' title='bbox 781 1566 863 1594; x_wconf 90' lang='lat' dir='ltr'><strong>modo</strong></span> <span class='ocrx_word' id='word_1_300' title='bbox 888 1566 1003 1598; x_wconf 89' lang='lat' dir='ltr'><strong>bonum,</strong></span> 
     </span>
    </p>
   </div>
   <div class='ocr_carea' id='block_1_41' title="bbox 224 1611 1003 1647">
    <p class='ocr_par' dir='ltr' id='par_1_41' title="bbox 224 1611 1003 1647">
     <span class='ocr_line' id='line_1_41' title="bbox 224 1611 1003 1647; baseline -0.001 -7"><span class='ocrx_word' id='word_1_301' title='bbox 224 1613 302 1640; x_wconf 89' lang='lat' dir='ltr'><strong>modo</strong></span> <span class='ocrx_word' id='word_1_302' title='bbox 317 1613 417 1640; x_wconf 87' lang='lat' dir='ltr'><strong>malum</strong></span> <span class='ocrx_word' id='word_1_303' title='bbox 441 1613 608 1640; x_wconf 89' lang='lat' dir='ltr'><strong>videbis:ut</strong></span> <span class='ocrx_word' id='word_1_304' title='bbox 633 1612 760 1643; x_wconf 86' lang='lat' dir='ltr'><strong>Paulum,</strong></span> <span class='ocrx_word' id='word_1_305' title='bbox 789 1611 870 1639; x_wconf 82' lang='lat' dir='ltr'><strong>modo</strong></span> <span class='ocrx_word' id='word_1_306' title='bbox 895 1612 1003 1647; x_wconf 84' lang='lat' dir='ltr'><strong>quidem</strong></span> 
     </span>
    </p>
   </div>
   <div class='ocr_carea' id='block_1_42' title="bbox 225 1658 1005 1694">
    <p class='ocr_par' dir='ltr' id='par_1_42' title="bbox 225 1658 1005 1694">
     <span class='ocr_line' id='line_1_42' title="bbox 225 1658 1005 1694; baseline -0.001 -8"><span class='ocrx_word' id='word_1_307' title='bbox 225 1663 437 1694; x_wconf 79' lang='lat' dir='ltr'><strong>persecutorem,</strong></span> <span class='ocrx_word' id='word_1_308' title='bbox 454 1658 534 1686; x_wconf 88' lang='lat' dir='ltr'><strong>modo</strong></span> <span class='ocrx_word' id='word_1_309' title='bbox 547 1666 612 1686; x_wconf 91' lang='lat' dir='ltr'><strong>vero</strong></span> <span class='ocrx_word' id='word_1_310' title='bbox 632 1658 771 1693; x_wconf 74' lang='lat' dir='ltr'><strong>Evangelii</strong></span> <span class='ocrx_word' id='word_1_311' title='bbox 786 1665 955 1693; x_wconf 60' lang='lat' dir='ltr'><strong>praeconem;</strong></span> <span class='ocrx_word' id='word_1_312' title='bbox 977 1662 1005 1685; x_wconf 90' lang='lat' dir='ltr'><strong>et</strong></span> 
     </span>
    </p>
   </div>
   <div class='ocr_carea' id='block_1_43' title="bbox 224 1703 1003 1738">
    <p class='ocr_par' dir='ltr' id='par_1_43' title="bbox 224 1703 1003 1738">
     <span class='ocr_line' id='line_1_43' title="bbox 224 1703 1003 1738; baseline -0.003 -6"><span class='ocrx_word' id='word_1_313' title='bbox 224 1705 344 1732; x_wconf 70' lang='lat' dir='ltr'><strong>eumdem</strong></span> <span class='ocrx_word' id='word_1_314' title='bbox 375 1704 456 1731; x_wconf 91' lang='lat' dir='ltr'><strong>modo</strong></span> <span class='ocrx_word' id='word_1_315' title='bbox 470 1703 576 1731; x_wconf 88' lang='lat' dir='ltr'><strong>Christi</strong></span> <span class='ocrx_word' id='word_1_316' title='bbox 593 1703 770 1738; x_wconf 82' lang='lat' dir='ltr'><strong>discipulum,</strong></span> <span class='ocrx_word' id='word_1_317' title='bbox 784 1703 866 1730; x_wconf 93' lang='lat' dir='ltr'><strong>modo</strong></span> <span class='ocrx_word' id='word_1_318' title='bbox 886 1703 1003 1738; x_wconf 49' lang='lat' dir='ltr'><strong>prodito‘</strong></span> 
     </span>
    </p>
   </div>
   <div class='ocr_carea' id='block_1_44' title="bbox 224 1748 1001 1784">
    <p class='ocr_par' dir='ltr' id='par_1_44' title="bbox 224 1748 1001 1784">
     <span class='ocr_line' id='line_1_44' title="bbox 224 1748 1001 1784; baseline -0.004 -6"><span class='ocrx_word' id='word_1_319' title='bbox 224 1757 288 1781; x_wconf 81' lang='lat' dir='ltr'><strong>rem.</strong></span> <span class='ocrx_word' id='word_1_320' title='bbox 305 1754 335 1777; x_wconf 89' lang='lat' dir='ltr'><strong>ut</strong></span> <span class='ocrx_word' id='word_1_321' title='bbox 356 1748 452 1776; x_wconf 73' lang='lat' dir='ltr'><strong>ludam</strong></span> <span class='ocrx_word' id='word_1_322' title='bbox 471 1758 478 1775; x_wconf 86' lang='lat'><strong>:</strong></span> <span class='ocrx_word' id='word_1_323' title='bbox 495 1753 521 1776; x_wconf 88' lang='lat' dir='ltr'><strong>et</strong></span> <span class='ocrx_word' id='word_1_324' title='bbox 539 1749 660 1784; x_wconf 77' lang='lat' dir='ltr'><strong>angelos.</strong></span> <span class='ocrx_word' id='word_1_325' title='bbox 676 1748 758 1776; x_wconf 86' lang='lat' dir='ltr'><strong>modo</strong></span> <span class='ocrx_word' id='word_1_326' title='bbox 775 1748 884 1783; x_wconf 88' lang='lat' dir='ltr'><strong>quidem</strong></span> <span class='ocrx_word' id='word_1_327' title='bbox 905 1748 1001 1780; x_wconf 89' lang='lat' dir='ltr'><strong>malos,</strong></span> 
     </span>
    </p>
   </div>
   <div class='ocr_carea' id='block_1_45' title="bbox 223 1794 1003 1829">
    <p class='ocr_par' dir='ltr' id='par_1_45' title="bbox 223 1794 1003 1829">
     <span class='ocr_line' id='line_1_45' title="bbox 223 1794 1003 1829; baseline 0 -7"><span class='ocrx_word' id='word_1_328' title='bbox 223 1796 300 1823; x_wconf 79' lang='lat' dir='ltr'><strong>modo</strong></span> <span class='ocrx_word' id='word_1_329' title='bbox 315 1803 379 1822; x_wconf 89' lang='lat' dir='ltr'><strong>vero</strong></span> <span class='ocrx_word' id='word_1_330' title='bbox 393 1795 490 1822; x_wconf 86' lang='lat' dir='ltr'><strong>bonos.</strong></span> <span class='ocrx_word' id='word_1_331' title='bbox 513 1794 608 1822; x_wconf 88' lang='lat' dir='ltr'><strong>Anam.</strong></span> <span class='ocrx_word' id='word_1_332' title='bbox 627 1794 696 1821; x_wconf 89' lang='lat' dir='ltr'><strong>Num</strong></span> <span class='ocrx_word' id='word_1_333' title='bbox 720 1802 785 1822; x_wconf 87' lang='lat' dir='ltr'><strong>vero</strong></span> <span class='ocrx_word' id='word_1_334' title='bbox 799 1795 896 1829; x_wconf 77' lang='lat' dir='ltr'><strong>angeli,</strong></span> <span class='ocrx_word' id='word_1_335' title='bbox 921 1794 1003 1822; x_wconf 91' lang='lat' dir='ltr'><strong>modo</strong></span> 
     </span>
    </p>
   </div>
   <div class='ocr_carea' id='block_1_46' title="bbox 223 1838 1002 1874">
    <p class='ocr_par' dir='ltr' id='par_1_46' title="bbox 223 1838 1002 1874">
     <span class='ocr_line' id='line_1_46' title="bbox 223 1838 1002 1874; baseline -0.001 -7"><span class='ocrx_word' id='word_1_336' title='bbox 223 1841 295 1873; x_wconf 81' lang='lat' dir='ltr'><strong>mali,</strong></span> <span class='ocrx_word' id='word_1_337' title='bbox 321 1839 401 1866; x_wconf 89' lang='lat' dir='ltr'><strong>modo</strong></span> <span class='ocrx_word' id='word_1_338' title='bbox 424 1838 513 1866; x_wconf 80' lang='lat' dir='ltr'><strong>boni?</strong></span> <span class='ocrx_word' id='word_1_339' title='bbox 543 1838 620 1866; x_wconf 84' lang='lat' dir='ltr'><strong>0rllt.</strong></span> <span class='ocrx_word' id='word_1_340' title='bbox 641 1838 783 1873; x_wconf 87' lang='lat' dir='ltr'><strong>Scriptura</strong></span> <span class='ocrx_word' id='word_1_341' title='bbox 803 1839 911 1874; x_wconf 87' lang='lat' dir='ltr'><strong>inquit:</strong></span> <span class='ocrx_word' id='word_1_342' title='bbox 930 1848 939 1864; x_wconf 71' lang='grc' dir='ltr'><strong>ι</strong></span> <span class='ocrx_word' id='word_1_343' title='bbox 956 1838 1002 1866; x_wconf 82' lang='grc' dir='ltr'>Ει-</span> 
     </span>
    </p>
   </div>
   <div class='ocr_carea' id='block_1_47' title="bbox 223 1885 997 1921">
    <p class='ocr_par' dir='ltr' id='par_1_47' title="bbox 223 1885 997 1921">
     <span class='ocr_line' id='line_1_47' title="bbox 223 1885 997 1921; baseline -0.004 -7"><span class='ocrx_word' id='word_1_344' title='bbox 223 1887 290 1914; x_wconf 66' lang='lat' dir='ltr'><strong>enim</strong></span> <span class='ocrx_word' id='word_1_345' title='bbox 309 1887 332 1914; x_wconf 88' lang='lat' dir='ltr'><strong>si</strong></span> <span class='ocrx_word' id='word_1_346' title='bbox 353 1886 467 1921; x_wconf 84' lang='lat' dir='ltr'><strong>angelis,</strong></span> <span class='ocrx_word' id='word_1_347' title='bbox 488 1886 534 1921; x_wconf 90' lang='lat' dir='ltr'><strong>qui</strong></span> <span class='ocrx_word' id='word_1_348' title='bbox 556 1889 714 1920; x_wconf 85' lang='lat' dir='ltr'><strong>peccarunt,</strong></span> <span class='ocrx_word' id='word_1_349' title='bbox 739 1892 794 1912; x_wconf 87' lang='lat' dir='ltr'><strong>non</strong></span> <span class='ocrx_word' id='word_1_350' title='bbox 811 1885 930 1920; x_wconf 87' lang='lat' dir='ltr'><strong>pepercit</strong></span> <span class='ocrx_word' id='word_1_351' title='bbox 947 1885 968 1912; x_wconf 89' lang='lat'><strong>&#39;.</strong></span> <span class='ocrx_word' id='word_1_352' title='bbox 988 1895 997 1912; x_wconf 83' lang='lat' dir='ltr'><strong>I</strong></span> 
     </span>
    </p>
   </div>
   <div class='ocr_carea' id='block_1_48' title="bbox 222 1930 1001 1967">
    <p class='ocr_par' dir='ltr' id='par_1_48' title="bbox 222 1930 1001 1967">
     <span class='ocr_line' id='line_1_48' title="bbox 222 1930 1001 1967; baseline -0.001 -8"><span class='ocrx_word' id='word_1_353' title='bbox 222 1932 251 1959; x_wconf 79' lang='lat' dir='ltr'><strong>At</strong></span> <span class='ocrx_word' id='word_1_354' title='bbox 268 1932 291 1960; x_wconf 86' lang='lat' dir='ltr'><strong>si</strong></span> <span class='ocrx_word' id='word_1_355' title='bbox 308 1935 466 1967; x_wconf 87' lang='lat' dir='ltr'><strong>peccarunt,</strong></span> <span class='ocrx_word' id='word_1_356' title='bbox 488 1935 562 1959; x_wconf 89' lang='lat' dir='ltr'><strong>certe</strong></span> <span class='ocrx_word' id='word_1_357' title='bbox 573 1931 733 1958; x_wconf 81' lang='lat' dir='ltr'><strong>exciderunt</strong></span> <span class='ocrx_word' id='word_1_358' title='bbox 746 1930 876 1959; x_wconf 84' lang='lat' dir='ltr'><strong>bonitate.</strong></span> <span class='ocrx_word' id='word_1_359' title='bbox 892 1931 920 1958; x_wconf 95' lang='lat' dir='ltr'><strong>In</strong></span> <span class='ocrx_word' id='word_1_360' title='bbox 940 1931 1001 1958; x_wconf 88' lang='lat' dir='ltr'><strong>uni-</strong></span> 
     </span>
    </p>
   </div>
   <div class='ocr_carea' id='block_1_49' title="bbox 221 1977 1000 2013">
    <p class='ocr_par' dir='ltr' id='par_1_49' title="bbox 221 1977 1000 2013">
     <span class='ocr_line' id='line_1_49' title="bbox 221 1977 1000 2013; baseline -0.003 -7"><span class='ocrx_word' id='word_1_361' title='bbox 221 1985 325 2006; x_wconf 77' lang='lat' dir='ltr'><strong>versum</strong></span> <span class='ocrx_word' id='word_1_362' title='bbox 344 1977 461 2013; x_wconf 86' lang='lat' dir='ltr'><strong>denique</strong></span> <span class='ocrx_word' id='word_1_363' title='bbox 479 1977 588 2004; x_wconf 87' lang='lat' dir='ltr'><strong>condita</strong></span> <span class='ocrx_word' id='word_1_364' title='bbox 608 1984 653 2004; x_wconf 87' lang='lat' dir='ltr'><strong>ros</strong></span> <span class='ocrx_word' id='word_1_365' title='bbox 672 1977 762 2004; x_wconf 90' lang='lat' dir='ltr'><strong>omnis</strong></span> <span class='ocrx_word' id='word_1_366' title='bbox 781 1977 836 2005; x_wconf 90' lang='lat' dir='ltr'><strong>Deo</strong></span> <span class='ocrx_word' id='word_1_367' title='bbox 853 1977 945 2012; x_wconf 75' lang='lat' dir='ltr'><strong>digna,</strong></span> <span class='ocrx_word' id='word_1_368' title='bbox 972 1981 1000 2005; x_wconf 89' lang='lat' dir='ltr'><strong>et</strong></span> 
     </span>
    </p>
   </div>
   <div class='ocr_carea' id='block_1_50' title="bbox 221 2022 996 2057">
    <p class='ocr_par' dir='ltr' id='par_1_50' title="bbox 221 2022 996 2057">
     <span class='ocr_line' id='line_1_50' title="bbox 221 2022 996 2057; baseline -0.001 -6"><span class='ocrx_word' id='word_1_369' title='bbox 221 2027 259 2051; x_wconf 71' lang='lat' dir='ltr'><strong>est</strong></span> <span class='ocrx_word' id='word_1_370' title='bbox 275 2027 303 2051; x_wconf 92' lang='lat' dir='ltr'><strong>et</strong></span> <span class='ocrx_word' id='word_1_371' title='bbox 327 2023 429 2050; x_wconf 84' lang='lat' dir='ltr'><strong>dicitur</strong></span> <span class='ocrx_word' id='word_1_372' title='bbox 447 2023 517 2050; x_wconf 90' lang='lat' dir='ltr'><strong>bona</strong></span> <span class='ocrx_word' id='word_1_373' title='bbox 537 2022 571 2050; x_wconf 92' lang='lat' dir='ltr'><strong>ob</strong></span> <span class='ocrx_word' id='word_1_374' title='bbox 595 2022 828 2057; x_wconf 87' lang='lat' dir='ltr'><strong>participationem</strong></span> <span class='ocrx_word' id='word_1_375' title='bbox 848 2022 996 2050; x_wconf 85' lang='lat' dir='ltr'><strong>bonitatis:</strong></span> 
     </span>
    </p>
   </div>
   <div class='ocr_carea' id='block_1_51' title="bbox 220 2067 998 2103">
    <p class='ocr_par' dir='ltr' id='par_1_51' title="bbox 220 2067 998 2103">
     <span class='ocr_line' id='line_1_51' title="bbox 220 2067 998 2103; baseline -0.001 -8"><span class='ocrx_word' id='word_1_376' title='bbox 220 2068 288 2097; x_wconf 79' lang='lat' dir='ltr'><strong>Deus</strong></span> <span class='ocrx_word' id='word_1_377' title='bbox 306 2075 389 2102; x_wconf 80' lang='lat' dir='ltr'><strong>vero,</strong></span> <span class='ocrx_word' id='word_1_378' title='bbox 401 2067 447 2103; x_wconf 88' lang='lat' dir='ltr'><strong>qui</strong></span> <span class='ocrx_word' id='word_1_379' title='bbox 466 2068 554 2095; x_wconf 88' lang='lat' dir='ltr'><strong>bonus</strong></span> <span class='ocrx_word' id='word_1_380' title='bbox 572 2071 614 2095; x_wconf 89' lang='lat' dir='ltr'><strong>est</strong></span> <span class='ocrx_word' id='word_1_381' title='bbox 633 2071 741 2100; x_wconf 90' lang='lat' dir='ltr'><strong>natura,</strong></span> <span class='ocrx_word' id='word_1_382' title='bbox 774 2072 816 2095; x_wconf 87' lang='lat' dir='ltr'><strong>est</strong></span> <span class='ocrx_word' id='word_1_383' title='bbox 835 2067 894 2102; x_wconf 86' lang='lat' dir='ltr'><strong>ipsa</strong></span> <span class='ocrx_word' id='word_1_384' title='bbox 920 2068 998 2095; x_wconf 90' lang='lat' dir='ltr'><strong>boni-</strong></span> 
     </span>
    </p>
   </div>
   <div class='ocr_carea' id='block_1_52' title="bbox 220 2112 997 2149">
    <p class='ocr_par' dir='ltr' id='par_1_52' title="bbox 220 2112 997 2149">
     <span class='ocr_line' id='line_1_52' title="bbox 220 2112 997 2149; baseline -0.001 -8"><span class='ocrx_word' id='word_1_385' title='bbox 220 2121 279 2148; x_wconf 76' lang='lat' dir='ltr'><strong>tas;</strong></span> <span class='ocrx_word' id='word_1_386' title='bbox 309 2114 486 2149; x_wconf 88' lang='lat' dir='ltr'><strong>quamobrem</strong></span> <span class='ocrx_word' id='word_1_387' title='bbox 512 2113 595 2141; x_wconf 89' lang='lat' dir='ltr'><strong>etiam</strong></span> <span class='ocrx_word' id='word_1_388' title='bbox 614 2120 695 2140; x_wconf 87' lang='lat' dir='ltr'><strong>nemo</strong></span> <span class='ocrx_word' id='word_1_389' title='bbox 714 2113 814 2145; x_wconf 85' lang='lat' dir='ltr'><strong>bonus,</strong></span> <span class='ocrx_word' id='word_1_390' title='bbox 843 2112 898 2140; x_wconf 86' lang='lat' dir='ltr'><strong>nisi</strong></span> <span class='ocrx_word' id='word_1_391' title='bbox 926 2120 997 2140; x_wconf 89' lang='lat' dir='ltr'><strong>unus</strong></span> 
     </span>
    </p>
   </div>
   <div class='ocr_carea' id='block_1_53' title="bbox 220 2158 997 2194">
    <p class='ocr_par' dir='ltr' id='par_1_53' title="bbox 220 2158 997 2194">
     <span class='ocr_line' id='line_1_53' title="bbox 220 2158 997 2194; baseline -0.004 -6"><span class='ocrx_word' id='word_1_392' title='bbox 220 2160 297 2188; x_wconf 90' lang='lat' dir='ltr'><strong>Deus.</strong></span> <span class='ocrx_word' id='word_1_393' title='bbox 329 2160 424 2188; x_wconf 84' lang='lat' dir='ltr'><strong>Anam.</strong></span> <span class='ocrx_word' id='word_1_394' title='bbox 453 2159 524 2194; x_wconf 82' lang='lat' dir='ltr'><strong>Ergo</strong></span> <span class='ocrx_word' id='word_1_395' title='bbox 544 2159 629 2187; x_wconf 80' lang='lat' dir='ltr'><strong>Filius</strong></span> <span class='ocrx_word' id='word_1_396' title='bbox 649 2159 738 2187; x_wconf 91' lang='lat' dir='ltr'><strong>bonus</strong></span> <span class='ocrx_word' id='word_1_397' title='bbox 756 2163 818 2192; x_wconf 91' lang='lat' dir='ltr'><strong>est,</strong></span> <span class='ocrx_word' id='word_1_398' title='bbox 846 2163 877 2186; x_wconf 87' lang='lat' dir='ltr'><strong>ut</strong></span> <span class='ocrx_word' id='word_1_399' title='bbox 895 2158 997 2186; x_wconf 81' lang='lat' dir='ltr'><strong>Pater?</strong></span> 
     </span>
    </p>
   </div>
   <div class='ocr_carea' id='block_1_54' title="bbox 219 2204 1032 2242">
    <p class='ocr_par' dir='ltr' id='par_1_54' title="bbox 219 2204 1032 2242">
     <span class='ocr_line' id='line_1_54' title="bbox 219 2204 1032 2242; baseline -0.004 -7"><span class='ocrx_word' id='word_1_400' title='bbox 219 2207 294 2236; x_wconf 83' lang='lat' dir='ltr'><strong>Orth.</strong></span> <span class='ocrx_word' id='word_1_401' title='bbox 325 2207 396 2234; x_wconf 88' lang='lat' dir='ltr'><strong>Sane</strong></span> <span class='ocrx_word' id='word_1_402' title='bbox 427 2207 546 2241; x_wconf 81' lang='lat' dir='ltr'><strong>quidem.</strong></span> <span class='ocrx_word' id='word_1_403' title='bbox 580 2207 675 2233; x_wconf 87' lang='lat' dir='ltr'><strong>Anam.</strong></span> <span class='ocrx_word' id='word_1_404' title='bbox 700 2205 783 2240; x_wconf 87' lang='lat' dir='ltr'><strong>Ecqui</strong></span> <span class='ocrx_word' id='word_1_405' title='bbox 811 2204 865 2232; x_wconf 89' lang='lat' dir='ltr'><strong>dici</strong></span> <span class='ocrx_word' id='word_1_406' title='bbox 885 2208 992 2240; x_wconf 85' lang='lat' dir='ltr'><strong>potest:</strong></span> <span class='ocrx_word' id='word_1_407' title='bbox 1011 2214 1032 2242; x_wconf 70' lang='grc' dir='ltr'>ι)</span> 
     </span>
    </p>
   </div>
   <div class='ocr_carea' id='block_1_55' title="bbox 219 2249 996 2284">
    <p class='ocr_par' dir='ltr' id='par_1_55' title="bbox 219 2249 996 2284">
     <span class='ocr_line' id='line_1_55' title="bbox 219 2249 996 2284; baseline -0.006 -3"><span class='ocrx_word' id='word_1_408' title='bbox 219 2263 228 2280; x_wconf 84' lang='grc' dir='ltr'><strong>ι</strong></span> <span class='ocrx_word' id='word_1_409' title='bbox 242 2252 327 2281; x_wconf 86' lang='lat' dir='ltr'><strong>Nemo</strong></span> <span class='ocrx_word' id='word_1_410' title='bbox 345 2253 444 2284; x_wconf 86' lang='lat' dir='ltr'><strong>bonus,</strong></span> <span class='ocrx_word' id='word_1_411' title='bbox 457 2252 511 2280; x_wconf 88' lang='lat' dir='ltr'><strong>nisi</strong></span> <span class='ocrx_word' id='word_1_412' title='bbox 526 2259 598 2279; x_wconf 90' lang='lat' dir='ltr'><strong>unus</strong></span> <span class='ocrx_word' id='word_1_413' title='bbox 617 2251 703 2283; x_wconf 86' lang='lat' dir='ltr'><strong>Deus,</strong></span> <span class='ocrx_word' id='word_1_414' title='bbox 720 2260 729 2277; x_wconf 76' lang='grc' dir='ltr'><strong>ι</strong></span> <span class='ocrx_word' id='word_1_415' title='bbox 750 2251 774 2278; x_wconf 92' lang='lat' dir='ltr'><strong>si</strong></span> <span class='ocrx_word' id='word_1_416' title='bbox 793 2250 879 2278; x_wconf 88' lang='lat' dir='ltr'><strong>Filius</strong></span> <span class='ocrx_word' id='word_1_417' title='bbox 896 2255 924 2278; x_wconf 88' lang='lat' dir='ltr'><strong>et</strong></span> <span class='ocrx_word' id='word_1_418' title='bbox 944 2249 996 2277; x_wconf 83' lang='lat' dir='ltr'><strong>Pa-</strong></span> 
     </span>
    </p>
   </div>
   <div class='ocr_carea' id='block_1_56' title="bbox 219 2296 994 2332">
    <p class='ocr_par' dir='ltr' id='par_1_56' title="bbox 219 2296 994 2332">
     <span class='ocr_line' id='line_1_56' title="bbox 219 2296 994 2332; baseline -0.004 -5"><span class='ocrx_word' id='word_1_419' title='bbox 219 2307 267 2332; x_wconf 84' lang='lat' dir='ltr'><strong>ter,</strong></span> <span class='ocrx_word' id='word_1_420' title='bbox 287 2299 368 2327; x_wconf 90' lang='lat' dir='ltr'><strong>boni?</strong></span> <span class='ocrx_word' id='word_1_421' title='bbox 390 2308 399 2324; x_wconf 69' lang='grc' dir='ltr'><strong>ι</strong></span> <span class='ocrx_word' id='word_1_422' title='bbox 423 2298 498 2326; x_wconf 81' lang='grc' dir='ltr'>οι-ιΙι.</span> <span class='ocrx_word' id='word_1_423' title='bbox 513 2297 594 2326; x_wconf 83' lang='lat' dir='ltr'><strong>Pater</strong></span> <span class='ocrx_word' id='word_1_424' title='bbox 608 2302 635 2325; x_wconf 88' lang='lat' dir='ltr'><strong>et</strong></span> <span class='ocrx_word' id='word_1_425' title='bbox 645 2296 729 2325; x_wconf 86' lang='lat' dir='ltr'><strong>Filius</strong></span> <span class='ocrx_word' id='word_1_426' title='bbox 748 2301 812 2324; x_wconf 85' lang='lat' dir='ltr'><strong>sunt</strong></span> <span class='ocrx_word' id='word_1_427' title='bbox 827 2305 898 2325; x_wconf 86' lang='lat' dir='ltr'><strong>unus</strong></span> <span class='ocrx_word' id='word_1_428' title='bbox 912 2296 994 2329; x_wconf 81' lang='lat' dir='ltr'><strong>Deus.</strong></span> 
     </span>
    </p>
   </div>
   <div class='ocr_carea' id='block_1_57' title="bbox 218 2343 995 2380">
    <p class='ocr_par' dir='ltr' id='par_1_57' title="bbox 218 2343 995 2380">
     <span class='ocr_line' id='line_1_57' title="bbox 218 2343 995 2380; baseline -0.005 -7"><span class='ocrx_word' id='word_1_429' title='bbox 218 2353 269 2373; x_wconf 89' lang='lat' dir='ltr'><strong>non</strong></span> <span class='ocrx_word' id='word_1_430' title='bbox 289 2344 440 2380; x_wconf 78' lang='lat' dir='ltr'><strong>hypostasi,</strong></span> <span class='ocrx_word' id='word_1_431' title='bbox 461 2344 509 2372; x_wconf 88' lang='lat' dir='ltr'><strong>sed</strong></span> <span class='ocrx_word' id='word_1_432' title='bbox 527 2344 620 2371; x_wconf 87' lang='lat' dir='ltr'><strong>eadem</strong></span> <span class='ocrx_word' id='word_1_433' title='bbox 640 2343 801 2372; x_wconf 66' lang='lat' dir='ltr'><strong>substantia:</strong></span> <span class='ocrx_word' id='word_1_434' title='bbox 819 2343 944 2370; x_wconf 87' lang='lat' dir='ltr'><strong>ratione:</strong></span> <span class='ocrx_word' id='word_1_435' title='bbox 965 2347 995 2369; x_wconf 94' lang='lat' dir='ltr'><strong>ut</strong></span> 
     </span>
    </p>
   </div>
   <div class='ocr_carea' id='block_1_58' title="bbox 217 2389 994 2424">
    <p class='ocr_par' dir='ltr' id='par_1_58' title="bbox 217 2389 994 2424">
     <span class='ocr_line' id='line_1_58' title="bbox 217 2389 994 2424; baseline -0.005 -5"><span class='ocrx_word' id='word_1_436' title='bbox 217 2399 312 2420; x_wconf 85' lang='lat' dir='ltr'><strong>omnes</strong></span> <span class='ocrx_word' id='word_1_437' title='bbox 329 2391 454 2418; x_wconf 86' lang='lat' dir='ltr'><strong>homines</strong></span> <span class='ocrx_word' id='word_1_438' title='bbox 489 2393 553 2417; x_wconf 85' lang='lat' dir='ltr'><strong>sunt</strong></span> <span class='ocrx_word' id='word_1_439' title='bbox 583 2398 654 2417; x_wconf 89' lang='lat' dir='ltr'><strong>unus</strong></span> <span class='ocrx_word' id='word_1_440' title='bbox 674 2390 701 2416; x_wconf 92' lang='lat' dir='ltr'><strong>in</strong></span> <span class='ocrx_word' id='word_1_441' title='bbox 722 2389 842 2420; x_wconf 87' lang='lat' dir='ltr'><strong>Christo,</strong></span> <span class='ocrx_word' id='word_1_442' title='bbox 870 2396 925 2416; x_wconf 91' lang='lat' dir='ltr'><strong>non</strong></span> <span class='ocrx_word' id='word_1_443' title='bbox 945 2389 994 2424; x_wconf 76' lang='lat' dir='ltr'><strong>hy-</strong></span> 
     </span>
    </p>
   </div>
   <div class='ocr_carea' id='block_1_59' title="bbox 217 2435 994 2474">
    <p class='ocr_par' dir='ltr' id='par_1_59' title="bbox 217 2435 994 2474">
     <span class='ocr_line' id='line_1_59' title="bbox 217 2435 994 2474; baseline -0.005 -8"><span class='ocrx_word' id='word_1_444' title='bbox 217 2437 335 2474; x_wconf 86' lang='lat' dir='ltr'><strong>postasi,</strong></span> <span class='ocrx_word' id='word_1_445' title='bbox 356 2437 404 2465; x_wconf 89' lang='lat' dir='ltr'><strong>sed</strong></span> <span class='ocrx_word' id='word_1_446' title='bbox 430 2437 537 2465; x_wconf 79' lang='lat' dir='ltr'><strong>ratione</strong></span> <span class='ocrx_word' id='word_1_447' title='bbox 563 2436 739 2468; x_wconf 66' lang='lat' dir='ltr'><strong>substantiae,</strong></span> <span class='ocrx_word' id='word_1_448' title='bbox 768 2440 796 2463; x_wconf 87' lang='lat' dir='ltr'><strong>et</strong></span> <span class='ocrx_word' id='word_1_449' title='bbox 820 2435 856 2462; x_wconf 91' lang='lat' dir='ltr'><strong>ob</strong></span> <span class='ocrx_word' id='word_1_450' title='bbox 880 2442 994 2462; x_wconf 85' lang='lat' dir='ltr'><strong>concor-</strong></span> 
     </span>
    </p>
   </div>
   <div class='ocr_carea' id='block_1_60' title="bbox 217 2480 993 2512">
    <p class='ocr_par' dir='ltr' id='par_1_60' title="bbox 217 2480 993 2512">
     <span class='ocr_line' id='line_1_60' title="bbox 217 2480 993 2512; baseline -0.005 -2"><span class='ocrx_word' id='word_1_451' title='bbox 217 2484 294 2510; x_wconf 75' lang='lat' dir='ltr'><strong>diam.</strong></span> <span class='ocrx_word' id='word_1_452' title='bbox 309 2483 404 2510; x_wconf 88' lang='lat' dir='ltr'><strong>Anam.</strong></span> <span class='ocrx_word' id='word_1_453' title='bbox 417 2482 561 2510; x_wconf 86' lang='lat' dir='ltr'><strong>Enimvero</strong></span> <span class='ocrx_word' id='word_1_454' title='bbox 573 2489 662 2509; x_wconf 88' lang='lat' dir='ltr'><strong>annon</strong></span> <span class='ocrx_word' id='word_1_455' title='bbox 681 2481 753 2508; x_wconf 90' lang='lat' dir='ltr'><strong>aliud</strong></span> <span class='ocrx_word' id='word_1_456' title='bbox 772 2484 814 2508; x_wconf 84' lang='lat' dir='ltr'><strong>est</strong></span> <span class='ocrx_word' id='word_1_457' title='bbox 830 2480 993 2512; x_wconf 83' lang='lat' dir='ltr'><strong>substantia,</strong></span> 
     </span>
    </p>
   </div>
   <div class='ocr_carea' id='block_1_61' title="bbox 216 2526 994 2564">
    <p class='ocr_par' dir='ltr' id='par_1_61' title="bbox 216 2526 994 2564">
     <span class='ocr_line' id='line_1_61' title="bbox 216 2526 994 2564; baseline -0.003 -9"><span class='ocrx_word' id='word_1_458' title='bbox 216 2528 287 2555; x_wconf 90' lang='lat' dir='ltr'><strong>aliud</strong></span> <span class='ocrx_word' id='word_1_459' title='bbox 309 2527 486 2564; x_wconf 86' lang='lat' dir='ltr'><strong>hypostasis?</strong></span> <span class='ocrx_word' id='word_1_460' title='bbox 510 2527 585 2555; x_wconf 84' lang='lat' dir='ltr'><strong>Orth.</strong></span> <span class='ocrx_word' id='word_1_461' title='bbox 619 2527 699 2554; x_wconf 87' lang='lat' dir='ltr'><strong>Aliud</strong></span> <span class='ocrx_word' id='word_1_462' title='bbox 717 2530 743 2554; x_wconf 89' lang='lat' dir='ltr'><strong>et</strong></span> <span class='ocrx_word' id='word_1_463' title='bbox 763 2526 846 2559; x_wconf 91' lang='lat' dir='ltr'><strong>aliud,</strong></span> <span class='ocrx_word' id='word_1_464' title='bbox 876 2534 931 2553; x_wconf 92' lang='lat' dir='ltr'><strong>non</strong></span> <span class='ocrx_word' id='word_1_465' title='bbox 953 2531 994 2553; x_wconf 86' lang='lat' dir='ltr'><strong>ta-</strong></span> 
     </span>
    </p>
   </div>
   <div class='ocr_carea' id='block_1_62' title="bbox 216 2573 992 2610">
    <p class='ocr_par' dir='ltr' id='par_1_62' title="bbox 216 2573 992 2610">
     <span class='ocr_line' id='line_1_62' title="bbox 216 2573 992 2610; baseline -0.001 -10"><span class='ocrx_word' id='word_1_466' title='bbox 216 2581 276 2601; x_wconf 89' lang='lat' dir='ltr'><strong>men</strong></span> <span class='ocrx_word' id='word_1_467' title='bbox 295 2578 324 2601; x_wconf 90' lang='lat' dir='ltr'><strong>ut</strong></span> <span class='ocrx_word' id='word_1_468' title='bbox 342 2582 398 2602; x_wconf 86' lang='lat' dir='ltr'><strong>res.</strong></span> <span class='ocrx_word' id='word_1_469' title='bbox 428 2575 523 2602; x_wconf 82' lang='lat' dir='ltr'><strong>Anam.</strong></span> <span class='ocrx_word' id='word_1_470' title='bbox 553 2574 624 2610; x_wconf 75' lang='lat' dir='ltr'><strong>Ergo</strong></span> <span class='ocrx_word' id='word_1_471' title='bbox 649 2574 811 2609; x_wconf 85' lang='lat' dir='ltr'><strong>compositio</strong></span> <span class='ocrx_word' id='word_1_472' title='bbox 831 2573 992 2600; x_wconf 86' lang='lat' dir='ltr'><strong>invenietur.</strong></span> 
     </span>
    </p>
   </div>
   <div class='ocr_carea' id='block_1_63' title="bbox 215 2619 993 2653">
    <p class='ocr_par' dir='ltr' id='par_1_63' title="bbox 215 2619 993 2653">
     <span class='ocr_line' id='line_1_63' title="bbox 215 2619 993 2653; baseline 0 -5"><span class='ocrx_word' id='word_1_473' title='bbox 215 2619 291 2648; x_wconf 83' lang='lat' dir='ltr'><strong>Orth.</strong></span> <span class='ocrx_word' id='word_1_474' title='bbox 310 2620 390 2648; x_wconf 87' lang='lat' dir='ltr'><strong>Aliud</strong></span> <span class='ocrx_word' id='word_1_475' title='bbox 409 2625 436 2648; x_wconf 77' lang='lat' dir='ltr'><strong>et</strong></span> <span class='ocrx_word' id='word_1_476' title='bbox 455 2621 529 2648; x_wconf 87' lang='lat' dir='ltr'><strong>aliud</strong></span> <span class='ocrx_word' id='word_1_477' title='bbox 563 2621 636 2653; x_wconf 82' lang='lat' dir='ltr'><strong>dixi,</strong></span> <span class='ocrx_word' id='word_1_478' title='bbox 673 2628 728 2648; x_wconf 94' lang='lat' dir='ltr'><strong>non</strong></span> <span class='ocrx_word' id='word_1_479' title='bbox 759 2627 848 2648; x_wconf 88' lang='lat' dir='ltr'><strong>tamen</strong></span> <span class='ocrx_word' id='word_1_480' title='bbox 880 2624 910 2647; x_wconf 89' lang='lat' dir='ltr'><strong>ut</strong></span> <span class='ocrx_word' id='word_1_481' title='bbox 936 2627 993 2648; x_wconf 87' lang='lat' dir='ltr'><strong>rem</strong></span> 
     </span>
    </p>
   </div>
   <div class='ocr_carea' id='block_1_64' title="bbox 1018 1545 1040 1576">
    <p class='ocr_par' dir='ltr' id='par_1_64' title="bbox 1018 1545 1040 1576">
     <span class='ocr_line' id='line_1_64' title="bbox 1018 1545 1040 1576; baseline 0 0"><span class='ocrx_word' id='word_1_482' title='bbox 1018 1545 1040 1576; x_wconf 91' lang='lat' dir='ltr'><strong>C</strong></span> 
     </span>
    </p>
   </div>
   <div class='ocr_carea' id='block_1_65' title="bbox 250 2687 1029 2720">
    <p class='ocr_par' dir='ltr' id='par_1_65' title="bbox 250 2687 1029 2720">
     <span class='ocr_line' id='line_1_65' title="bbox 250 2687 1029 2720; baseline -0.003 -5"><span class='ocrx_word' id='word_1_483' title='bbox 250 2687 260 2704; x_wconf 84' lang='lat'><strong>&#39;</strong></span> <span class='ocrx_word' id='word_1_484' title='bbox 279 2688 299 2715; x_wconf 92' lang='lat' dir='ltr'><strong>ll</strong></span> <span class='ocrx_word' id='word_1_485' title='bbox 316 2688 380 2716; x_wconf 89' lang='lat' dir='ltr'><strong>Cor.</strong></span> <span class='ocrx_word' id='word_1_486' title='bbox 398 2696 463 2717; x_wconf 76' lang='lat' dir='ltr'><strong>xm.</strong></span> <span class='ocrx_word' id='word_1_487' title='bbox 483 2689 510 2716; x_wconf 76' lang='grc' dir='ltr'><strong>ὅ.</strong></span> <span class='ocrx_word' id='word_1_488' title='bbox 547 2688 558 2704; x_wconf 68' lang='grc'><strong><em>⁵</em></strong></span> <span class='ocrx_word' id='word_1_489' title='bbox 576 2687 670 2716; x_wconf 78' lang='lat' dir='ltr'><strong>Matth.</strong></span> <span class='ocrx_word' id='word_1_490' title='bbox 687 2696 742 2718; x_wconf 76' lang='lat' dir='ltr'><strong>xu.</strong></span> <span class='ocrx_word' id='word_1_491' title='bbox 760 2688 802 2715; x_wconf 78' lang='lat' dir='ltr'><strong>i5.</strong></span> <span class='ocrx_word' id='word_1_492' title='bbox 840 2688 850 2704; x_wconf 88' lang='lat'>&#39;</span> <span class='ocrx_word' id='word_1_493' title='bbox 871 2687 891 2714; x_wconf 95' lang='lat' dir='ltr'><strong>ll</strong></span> <span class='ocrx_word' id='word_1_494' title='bbox 909 2687 981 2714; x_wconf 89' lang='lat' dir='ltr'><strong>Petr.</strong></span> <span class='ocrx_word' id='word_1_495' title='bbox 999 2694 1029 2720; x_wconf 87' lang='grc' dir='ltr'>ιι,</span> 
     </span>
    </p>
   </div>
   <div class='ocr_carea' id='block_1_66' title="bbox 251 2756 995 2793">
    <p class='ocr_par' dir='ltr' id='par_1_66' title="bbox 251 2756 995 2793">
     <span class='ocr_line' id='line_1_66' title="bbox 251 2756 995 2793; baseline 0 -9"><span class='ocrx_word' id='word_1_496' title='bbox 251 2757 327 2792; x_wconf 75' lang='lat'><strong>(65&quot;)</strong></span> <span class='ocrx_word' id='word_1_497' title='bbox 343 2757 446 2785; x_wconf 86' lang='lat' dir='ltr'><strong>Sensus</strong></span> <span class='ocrx_word' id='word_1_498' title='bbox 462 2757 590 2793; x_wconf 87' lang='lat' dir='ltr'><strong>postulat,</strong></span> <span class='ocrx_word' id='word_1_499' title='bbox 611 2757 639 2784; x_wconf 89' lang='lat' dir='ltr'><strong>ni</strong></span> <span class='ocrx_word' id='word_1_500' title='bbox 660 2756 747 2790; x_wconf 78' lang='lat' dir='ltr'><strong>fallor,</strong></span> <span class='ocrx_word' id='word_1_501' title='bbox 769 2761 798 2784; x_wconf 91' lang='lat' dir='ltr'><strong>ut</strong></span> <span class='ocrx_word' id='word_1_502' title='bbox 821 2757 927 2792; x_wconf 72' lang='lat' dir='ltr'><strong>legatur</strong></span> <span class='ocrx_word' id='word_1_503' title='bbox 945 2757 995 2784; x_wconf 79' lang='grc' dir='ltr'>οὐκ</span> 
     </span>
    </p>
   </div>
   <div class='ocr_carea' id='block_1_67' title="bbox 215 2793 504 2820">
    <p class='ocr_par' dir='ltr' id='par_1_67' title="bbox 215 2793 504 2820">
     <span class='ocr_line' id='line_1_67' title="bbox 215 2793 504 2820; baseline 0.007 -2"><span class='ocrx_word' id='word_1_504' title='bbox 215 2801 280 2819; x_wconf 70' lang='lat' dir='ltr'><strong>sm.</strong></span> <span class='ocrx_word' id='word_1_505' title='bbox 298 2794 373 2820; x_wconf 81' lang='lat' dir='ltr'><strong>Eul&#39;r.</strong></span> <span class='ocrx_word' id='word_1_506' title='bbox 389 2793 504 2820; x_wconf 75' lang='lat' dir='ltr'><strong>PATROL.</strong></span> 
     </span>
    </p>
   </div>
   <div class='ocr_carea' id='block_1_68' title="bbox 249 2827 882 2858">
    <p class='ocr_par' dir='ltr' id='par_1_68' title="bbox 249 2827 882 2858">
     <span class='ocr_line' id='line_1_68' title="bbox 249 2827 882 2858; baseline 0 -4"><span class='ocrx_word' id='word_1_507' title='bbox 249 2827 304 2855; x_wconf 85' lang='lat' dir='ltr'><strong>(66l</strong></span> <span class='ocrx_word' id='word_1_508' title='bbox 324 2829 378 2854; x_wconf 82' lang='lat' dir='ltr'><strong>Kal</strong></span> <span class='ocrx_word' id='word_1_509' title='bbox 394 2828 438 2855; x_wconf 80' lang='grc' dir='ltr'>τὸν</span> <span class='ocrx_word' id='word_1_510' title='bbox 453 2827 584 2858; x_wconf 67' lang='grc' dir='ltr'>μαθητὴν,</span> <span class='ocrx_word' id='word_1_511' title='bbox 597 2827 660 2854; x_wconf 81' lang='grc' dir='ltr'>ποτὲ</span> <span class='ocrx_word' id='word_1_512' title='bbox 670 2827 696 2855; x_wconf 82' lang='grc' dir='ltr'>δὲ</span> <span class='ocrx_word' id='word_1_513' title='bbox 709 2827 784 2856; x_wconf 78' lang='grc' dir='ltr'>ποοδ.</span> <span class='ocrx_word' id='word_1_514' title='bbox 797 2827 882 2854; x_wconf 85' lang='lat' dir='ltr'><strong>Palat.</strong></span> 
     </span>
    </p>
   </div>
   <div class='ocr_carea' id='block_1_69' title="bbox 1102 603 1856 642">
    <p class='ocr_par' dir='ltr' id='par_1_69' title="bbox 1102 603 1856 642">
     <span class='ocr_line' id='line_1_69' title="bbox 1102 603 1856 642; baseline 0.003 -12"><span class='ocrx_word' id='word_1_515' title='bbox 1102 603 1145 630; x_wconf 73' lang='grc'><strong>12.</strong></span> <span class='ocrx_word' id='word_1_516' title='bbox 1159 603 1258 637; x_wconf 84' lang='grc' dir='ltr'>Ἀνόμ.</span> <span class='ocrx_word' id='word_1_517' title='bbox 1273 603 1310 629; x_wconf 75' lang='grc' dir='ltr'><strong>Οὐ</strong></span> <span class='ocrx_word' id='word_1_518' title='bbox 1321 603 1442 639; x_wconf 79' lang='grc' dir='ltr'>διαφέρει</span> <span class='ocrx_word' id='word_1_519' title='bbox 1451 604 1467 638; x_wconf 83' lang='grc' dir='ltr'>ἡ</span> <span class='ocrx_word' id='word_1_520' title='bbox 1476 603 1523 630; x_wconf 82' lang='grc' dir='ltr'>τοῦ</span> <span class='ocrx_word' id='word_1_521' title='bbox 1537 603 1604 630; x_wconf 80' lang='grc' dir='ltr'>Θεοῦ</span> <span class='ocrx_word' id='word_1_522' title='bbox 1612 604 1747 640; x_wconf 78' lang='grc' dir='ltr'>ἀγαθὸτης</span> <span class='ocrx_word' id='word_1_523' title='bbox 1760 607 1811 642; x_wconf 79' lang='grc' dir='ltr'>τῆς</span> <span class='ocrx_word' id='word_1_524' title='bbox 1824 607 1856 634; x_wconf 69' lang='grc' dir='ltr'>ὲν</span> 
     </span>
    </p>
   </div>
   <div class='ocr_carea' id='block_1_70' title="bbox 1067 649 1856 687">
    <p class='ocr_par' dir='ltr' id='par_1_70' title="bbox 1067 649 1856 687">
     <span class='ocr_line' id='line_1_70' title="bbox 1067 649 1856 687; baseline 0.005 -12"><span class='ocrx_word' id='word_1_525' title='bbox 1067 649 1132 684; x_wconf 79' lang='grc' dir='ltr'>ἡμῖν</span> <span class='ocrx_word' id='word_1_526' title='bbox 1150 649 1330 684; x_wconf 77' lang='grc' dir='ltr'>ἀγαθότητοςς</span> <span class='ocrx_word' id='word_1_527' title='bbox 1341 649 1419 683; x_wconf 81' lang='grc' dir='ltr'><strong>Ὀρθ.</strong></span> <span class='ocrx_word' id='word_1_528' title='bbox 1428 650 1504 676; x_wconf 84' lang='grc' dir='ltr'>Ἐστι</span> <span class='ocrx_word' id='word_1_529' title='bbox 1516 650 1592 686; x_wconf 80' lang='lat'><strong>(65“)</strong></span> <span class='ocrx_word' id='word_1_530' title='bbox 1601 650 1654 686; x_wconf 84' lang='grc' dir='ltr'>γὰρ</span> <span class='ocrx_word' id='word_1_531' title='bbox 1665 651 1693 678; x_wconf 85' lang='grc' dir='ltr'>ὲν</span> <span class='ocrx_word' id='word_1_532' title='bbox 1707 652 1772 686; x_wconf 87' lang='grc' dir='ltr'>ἡμῖν</span> <span class='ocrx_word' id='word_1_533' title='bbox 1782 653 1856 687; x_wconf 78' lang='grc' dir='ltr'><strong>ἀγα-</strong></span> 
     </span>
    </p>
   </div>
   <div class='ocr_carea' id='block_1_71' title="bbox 1069 695 1855 731">
    <p class='ocr_par' dir='ltr' id='par_1_71' title="bbox 1069 695 1855 731">
     <span class='ocr_line' id='line_1_71' title="bbox 1069 695 1855 731; baseline 0.006 -10"><span class='ocrx_word' id='word_1_534' title='bbox 1069 695 1149 731; x_wconf 83' lang='grc' dir='ltr'>θύτης</span> <span class='ocrx_word' id='word_1_535' title='bbox 1159 695 1224 730; x_wconf 81' lang='grc' dir='ltr'>ἄλλη</span> <span class='ocrx_word' id='word_1_536' title='bbox 1235 704 1277 727; x_wconf 90' lang='grc' dir='ltr'>τις</span> <span class='ocrx_word' id='word_1_537' title='bbox 1286 695 1349 731; x_wconf 87' lang='grc' dir='ltr'>παρ’</span> <span class='ocrx_word' id='word_1_538' title='bbox 1356 695 1436 723; x_wconf 77' lang='grc' dir='ltr'>αὐτὸν</span> <span class='ocrx_word' id='word_1_539' title='bbox 1449 695 1494 722; x_wconf 80' lang='grc' dir='ltr'><strong>τὸν</strong></span> <span class='ocrx_word' id='word_1_540' title='bbox 1502 696 1575 723; x_wconf 87' lang='grc' dir='ltr'>Θεόν.</span> <span class='ocrx_word' id='word_1_541' title='bbox 1584 696 1683 731; x_wconf 79' lang='grc' dir='ltr'><strong>Ἀνὸμ.</strong></span> <span class='ocrx_word' id='word_1_542' title='bbox 1690 698 1722 724; x_wconf 74' lang='lat' dir='ltr'><strong>Oi</strong></span> <span class='ocrx_word' id='word_1_543' title='bbox 1731 698 1855 727; x_wconf 78' lang='grc' dir='ltr'>Ἰουδαῖοι</span> 
     </span>
    </p>
   </div>
   <div class='ocr_carea' id='block_1_72' title="bbox 1066 738 1854 778">
    <p class='ocr_par' dir='ltr' id='par_1_72' title="bbox 1066 738 1854 778">
     <span class='ocr_line' id='line_1_72' title="bbox 1066 738 1854 778; baseline 0.004 -11"><span class='ocrx_word' id='word_1_544' title='bbox 1066 738 1112 767; x_wconf 81' lang='grc' dir='ltr'>οὖν</span> <span class='ocrx_word' id='word_1_545' title='bbox 1123 740 1171 767; x_wconf 78' lang='grc' dir='ltr'><strong>καὶ</strong></span> <span class='ocrx_word' id='word_1_546' title='bbox 1183 740 1314 775; x_wconf 77' lang='grc' dir='ltr'>’Έλληνες</span> <span class='ocrx_word' id='word_1_547' title='bbox 1334 740 1379 767; x_wconf 75' lang='grc' dir='ltr'><strong>τὸν</strong></span> <span class='ocrx_word' id='word_1_548' title='bbox 1395 740 1462 767; x_wconf 67' lang='grc' dir='ltr'>Θεὸν</span> <span class='ocrx_word' id='word_1_549' title='bbox 1480 741 1508 767; x_wconf 82' lang='grc' dir='ltr'>ἐν</span> <span class='ocrx_word' id='word_1_550' title='bbox 1521 741 1624 773; x_wconf 49' lang='grc' dir='ltr'>ἑαυτοξ</span> <span class='ocrx_word' id='word_1_551' title='bbox 1637 741 1758 777; x_wconf 81' lang='grc' dir='ltr'>ἐχουσιν;</span> <span class='ocrx_word' id='word_1_552' title='bbox 1772 745 1854 778; x_wconf 78' lang='grc' dir='ltr'><strong>Ὀρθ.</strong></span> 
     </span>
    </p>
   </div>
   <div class='ocr_carea' id='block_1_73' title="bbox 1065 786 1854 826">
    <p class='ocr_par' dir='ltr' id='par_1_73' title="bbox 1065 786 1854 826">
     <span class='ocr_line' id='line_1_73' title="bbox 1065 786 1854 826; baseline 0.005 -14"><span class='ocrx_word' id='word_1_553' title='bbox 1065 786 1135 812; x_wconf 82' lang='grc' dir='ltr'>Ἀλλ’</span> <span class='ocrx_word' id='word_1_554' title='bbox 1165 786 1223 814; x_wconf 74' lang='grc' dir='ltr'>οὐδὲ</span> <span class='ocrx_word' id='word_1_555' title='bbox 1236 787 1250 813; x_wconf 86' lang='grc' dir='ltr'>ὁ</span> <span class='ocrx_word' id='word_1_556' title='bbox 1265 786 1358 818; x_wconf 78' lang='grc' dir='ltr'>ἁπλῶς</span> <span class='ocrx_word' id='word_1_557' title='bbox 1377 786 1521 822; x_wconf 78' lang='grc' dir='ltr'>λεγόμενος</span> <span class='ocrx_word' id='word_1_558' title='bbox 1547 788 1705 823; x_wconf 81' lang='grc' dir='ltr'>Χριστιανὸς</span> <span class='ocrx_word' id='word_1_559' title='bbox 1719 789 1747 815; x_wconf 78' lang='grc' dir='ltr'>ἐν</span> <span class='ocrx_word' id='word_1_560' title='bbox 1761 790 1854 826; x_wconf 77' lang='grc' dir='ltr'>ἑαυτῷ</span> 
     </span>
    </p>
   </div>
   <div class='ocr_carea' id='block_1_74' title="bbox 233 830 1005 870">
    <p class='ocr_par' dir='ltr' id='par_1_74' title="bbox 233 833 1005 870">
     <span class='ocr_line' id='line_1_74' title="bbox 233 833 1005 870; baseline -0.001 -9"><span class='ocrx_word' id='word_1_561' title='bbox 233 835 277 870; x_wconf 83' lang='lat' dir='ltr'><strong>qui</strong></span> <span class='ocrx_word' id='word_1_562' title='bbox 306 834 466 869; x_wconf 89' lang='lat' dir='ltr'><strong>simpliciter</strong></span> <span class='ocrx_word' id='word_1_563' title='bbox 478 833 577 861; x_wconf 75' lang='lat' dir='ltr'><strong>dicitur</strong></span> <span class='ocrx_word' id='word_1_564' title='bbox 590 833 763 861; x_wconf 83' lang='lat' dir='ltr'><strong>Christianus</strong></span> <span class='ocrx_word' id='word_1_565' title='bbox 776 842 783 860; x_wconf 74' lang='grc' dir='ltr'><strong>ε</strong></span> <span class='ocrx_word' id='word_1_566' title='bbox 807 833 853 861; x_wconf 83' lang='lat' dir='ltr'><strong>sed</strong></span> <span class='ocrx_word' id='word_1_567' title='bbox 869 833 892 861; x_wconf 91' lang='lat' dir='ltr'><strong>is</strong></span> <span class='ocrx_word' id='word_1_568' title='bbox 905 833 1005 861; x_wconf 84' lang='lat' dir='ltr'><strong>demun</strong></span> 
     </span>
    </p>
   </div>
   <div class='ocr_carea' id='block_1_75' title="bbox 1057 830 1854 870">
    <p class='ocr_par' dir='ltr' id='par_1_75' title="bbox 1057 831 1854 868">
     <span class='ocr_line' id='line_1_75' title="bbox 1057 831 1854 868; baseline 0.006 -10"><span class='ocrx_word' id='word_1_569' title='bbox 1057 831 1121 866; x_wconf 74' lang='grc' dir='ltr'>ιεχει</span> <span class='ocrx_word' id='word_1_570' title='bbox 1146 831 1192 858; x_wconf 81' lang='grc' dir='ltr'>τὸν</span> <span class='ocrx_word' id='word_1_571' title='bbox 1213 831 1290 863; x_wconf 80' lang='grc' dir='ltr'>Θεὸν,</span> <span class='ocrx_word' id='word_1_572' title='bbox 1312 832 1368 859; x_wconf 81' lang='grc' dir='ltr'>ἀλλ’</span> <span class='ocrx_word' id='word_1_573' title='bbox 1395 833 1498 864; x_wconf 78' lang='grc' dir='ltr'>ἐκεῖνος</span> <span class='ocrx_word' id='word_1_574' title='bbox 1522 832 1578 868; x_wconf 80' lang='grc' dir='ltr'>ἔχει</span> <span class='ocrx_word' id='word_1_575' title='bbox 1599 834 1612 859; x_wconf 84' lang='grc' dir='ltr'>ὁ</span> <span class='ocrx_word' id='word_1_576' title='bbox 1641 834 1797 867; x_wconf 79' lang='grc' dir='ltr'>ὑποπιάσας</span> <span class='ocrx_word' id='word_1_577' title='bbox 1821 836 1854 863; x_wconf 77' lang='grc' dir='ltr'><strong>τδ</strong></span> 
     </span>
    </p>
   </div>
   <div class='ocr_carea' id='block_1_76' title="bbox 1062 877 1854 914">
    <p class='ocr_par' dir='ltr' id='par_1_76' title="bbox 1062 877 1854 914">
     <span class='ocr_line' id='line_1_76' title="bbox 1062 877 1854 914; baseline 0.005 -10"><span class='ocrx_word' id='word_1_578' title='bbox 1062 878 1140 914; x_wconf 84' lang='grc' dir='ltr'>σῶμα</span> <span class='ocrx_word' id='word_1_579' title='bbox 1149 878 1420 913; x_wconf 28' lang='grc' dir='ltr'>καὶηδουλαγωγήσας,</span> <span class='ocrx_word' id='word_1_580' title='bbox 1431 877 1501 904; x_wconf 77' lang='grc' dir='ltr'>ὥστε</span> <span class='ocrx_word' id='word_1_581' title='bbox 1509 878 1635 905; x_wconf 82' lang='grc' dir='ltr'>δύνασθαι</span> <span class='ocrx_word' id='word_1_582' title='bbox 1644 879 1740 914; x_wconf 85' lang='grc' dir='ltr'>λέγειν·</span> <span class='ocrx_word' id='word_1_583' title='bbox 1753 890 1762 906; x_wconf 85' lang='grc'><strong>‹</strong></span> <span class='ocrx_word' id='word_1_584' title='bbox 1774 881 1854 908; x_wconf 81' lang='grc' dir='ltr'><strong>Ἐπεὶ</strong></span> 
     </span>
    </p>
   </div>
   <div class='ocr_carea' id='block_1_77' title="bbox 1060 924 1854 962">
    <p class='ocr_par' dir='ltr' id='par_1_77' title="bbox 1060 924 1854 962">
     <span class='ocr_line' id='line_1_77' title="bbox 1060 924 1854 962; baseline 0.004 -11"><span class='ocrx_word' id='word_1_585' title='bbox 1060 924 1174 960; x_wconf 80' lang='grc' dir='ltr'>δοκιμὴν</span> <span class='ocrx_word' id='word_1_586' title='bbox 1188 925 1292 960; x_wconf 79' lang='grc' dir='ltr'>ζητεῖτε</span> <span class='ocrx_word' id='word_1_587' title='bbox 1307 924 1354 951; x_wconf 85' lang='grc' dir='ltr'>τοῦ</span> <span class='ocrx_word' id='word_1_588' title='bbox 1372 925 1400 951; x_wconf 83' lang='grc' dir='ltr'>ὲν</span> <span class='ocrx_word' id='word_1_589' title='bbox 1417 925 1478 960; x_wconf 79' lang='grc' dir='ltr'>ἐμοὶ</span> <span class='ocrx_word' id='word_1_590' title='bbox 1486 924 1625 957; x_wconf 81' lang='grc' dir='ltr'>λαλοῦντος</span> <span class='ocrx_word' id='word_1_591' title='bbox 1640 925 1767 962; x_wconf 75' lang='grc' dir='ltr'><strong>Χριστοῦ.</strong></span> <span class='ocrx_word' id='word_1_592' title='bbox 1787 936 1797 952; x_wconf 74' lang='grc' dir='ltr'><strong>ι</strong></span> <span class='ocrx_word' id='word_1_593' title='bbox 1822 927 1854 954; x_wconf 82' lang='grc' dir='ltr'>ὐ</span> 
     </span>
    </p>
   </div>
   <div class='ocr_carea' id='block_1_78' title="bbox 1060 970 1853 1007">
    <p class='ocr_par' dir='ltr' id='par_1_78' title="bbox 1060 970 1853 1007">
     <span class='ocr_line' id='line_1_78' title="bbox 1060 970 1853 1007; baseline 0.005 -10"><span class='ocrx_word' id='word_1_594' title='bbox 1060 970 1113 1007; x_wconf 82' lang='grc' dir='ltr'><strong>γὰρ</strong></span> <span class='ocrx_word' id='word_1_595' title='bbox 1127 971 1244 1002; x_wconf 83' lang='grc' dir='ltr'>τοιοῦτος</span> <span class='ocrx_word' id='word_1_596' title='bbox 1254 970 1346 997; x_wconf 81' lang='grc' dir='ltr'>ἀκούει</span> <span class='ocrx_word' id='word_1_597' title='bbox 1358 970 1432 1007; x_wconf 85' lang='grc' dir='ltr'>παρὰ</span> <span class='ocrx_word' id='word_1_598' title='bbox 1446 970 1492 997; x_wconf 76' lang='grc' dir='ltr'>τοῦ</span> <span class='ocrx_word' id='word_1_599' title='bbox 1501 971 1629 1006; x_wconf 74' lang='grc' dir='ltr'>Χριστοῦ·</span> <span class='ocrx_word' id='word_1_600' title='bbox 1641 981 1649 997; x_wconf 82' lang='grc' dir='ltr'><strong>ι</strong></span> <span class='ocrx_word' id='word_1_601' title='bbox 1662 972 1690 998; x_wconf 83' lang='grc'><strong>’0</strong></span> <span class='ocrx_word' id='word_1_602' title='bbox 1698 972 1799 1006; x_wconf 78' lang='grc' dir='ltr'><strong>ἀγαθὸς</strong></span> <span class='ocrx_word' id='word_1_603' title='bbox 1808 974 1853 1001; x_wconf 75' lang='grc' dir='ltr'><strong>ἄν·</strong></span> 
     </span>
    </p>
   </div>
   <div class='ocr_carea' id='block_1_79' title="bbox 1060 1016 1852 1056">
    <p class='ocr_par' dir='ltr' id='par_1_79' title="bbox 1060 1016 1852 1056">
     <span class='ocr_line' id='line_1_79' title="bbox 1060 1016 1852 1056; baseline 0.004 -12"><span class='ocrx_word' id='word_1_604' title='bbox 1060 1017 1166 1052; x_wconf 84' lang='grc' dir='ltr'>θρωπος</span> <span class='ocrx_word' id='word_1_605' title='bbox 1177 1017 1208 1044; x_wconf 81' lang='grc' dir='ltr'><strong>ὲκ</strong></span> <span class='ocrx_word' id='word_1_606' title='bbox 1219 1017 1264 1043; x_wconf 85' lang='grc' dir='ltr'>τοῦ</span> <span class='ocrx_word' id='word_1_607' title='bbox 1275 1016 1377 1051; x_wconf 82' lang='grc' dir='ltr'>ἀγαθοῦ</span> <span class='ocrx_word' id='word_1_608' title='bbox 1391 1017 1528 1052; x_wconf 76' lang='grc' dir='ltr'>θησαυροῦ</span> <span class='ocrx_word' id='word_1_609' title='bbox 1537 1018 1585 1052; x_wconf 74' lang='grc' dir='ltr'><strong>τῆς</strong></span> <span class='ocrx_word' id='word_1_610' title='bbox 1597 1018 1708 1053; x_wconf 82' lang='grc' dir='ltr'>καρδίας</span> <span class='ocrx_word' id='word_1_611' title='bbox 1716 1020 1852 1056; x_wconf 82' lang='grc' dir='ltr'>προφέρει</span> 
     </span>
    </p>
   </div>
   <div class='ocr_carea' id='block_1_80' title="bbox 1058 1061 1851 1101">
    <p class='ocr_par' dir='ltr' id='par_1_80' title="bbox 1058 1061 1851 1101">
     <span class='ocr_line' id='line_1_80' title="bbox 1058 1061 1851 1101; baseline 0.005 -14"><span class='ocrx_word' id='word_1_612' title='bbox 1058 1061 1093 1088; x_wconf 78' lang='grc' dir='ltr'>τὰ</span> <span class='ocrx_word' id='word_1_613' title='bbox 1100 1061 1199 1095; x_wconf 84' lang='grc' dir='ltr'><strong>ἀγαθά.</strong></span> <span class='ocrx_word' id='word_1_614' title='bbox 1217 1071 1226 1086; x_wconf 70' lang='grc' dir='ltr'><strong>ι</strong></span> <span class='ocrx_word' id='word_1_615' title='bbox 1244 1061 1340 1096; x_wconf 81' lang='grc' dir='ltr'>Ἀνόμ.</span> <span class='ocrx_word' id='word_1_616' title='bbox 1353 1061 1385 1088; x_wconf 79' lang='lat' dir='ltr'><strong>Et</strong></span> <span class='ocrx_word' id='word_1_617' title='bbox 1399 1061 1472 1088; x_wconf 74' lang='grc' dir='ltr'>ἔστιν</span> <span class='ocrx_word' id='word_1_618' title='bbox 1486 1062 1586 1096; x_wconf 74' lang='grc' dir='ltr'>ἀγαθὸς</span> <span class='ocrx_word' id='word_1_619' title='bbox 1600 1063 1740 1098; x_wconf 83' lang='grc' dir='ltr'>ἄνθρωπος</span> <span class='ocrx_word' id='word_1_620' title='bbox 1752 1065 1767 1091; x_wconf 81' lang='grc' dir='ltr'><strong>ό</strong></span> <span class='ocrx_word' id='word_1_621' title='bbox 1783 1073 1851 1101; x_wconf 85' lang='grc' dir='ltr'>προ-</span> 
     </span>
    </p>
   </div>
   <div class='ocr_carea' id='block_1_81' title="bbox 1059 1107 1850 1145">
    <p class='ocr_par' dir='ltr' id='par_1_81' title="bbox 1059 1107 1850 1145">
     <span class='ocr_line' id='line_1_81' title="bbox 1059 1107 1850 1145; baseline 0.008 -12"><span class='ocrx_word' id='word_1_622' title='bbox 1059 1107 1149 1144; x_wconf 84' lang='grc' dir='ltr'>φέρων</span> <span class='ocrx_word' id='word_1_623' title='bbox 1164 1109 1197 1134; x_wconf 81' lang='grc' dir='ltr'><strong>ὲκ</strong></span> <span class='ocrx_word' id='word_1_624' title='bbox 1211 1108 1260 1143; x_wconf 83' lang='grc' dir='ltr'>τῆς</span> <span class='ocrx_word' id='word_1_625' title='bbox 1274 1107 1387 1142; x_wconf 72' lang='grc' dir='ltr'>καρδίας</span> <span class='ocrx_word' id='word_1_626' title='bbox 1401 1107 1437 1134; x_wconf 83' lang='grc' dir='ltr'>τὰ</span> <span class='ocrx_word' id='word_1_627' title='bbox 1458 1108 1557 1142; x_wconf 82' lang='grc' dir='ltr'>ἀγαθὰ,</span> <span class='ocrx_word' id='word_1_628' title='bbox 1577 1109 1635 1141; x_wconf 79' lang='grc' dir='ltr'><strong>πῶς</strong></span> <span class='ocrx_word' id='word_1_629' title='bbox 1649 1109 1733 1141; x_wconf 56' lang='grc' dir='ltr'>οὐδεὶς</span> <span class='ocrx_word' id='word_1_630' title='bbox 1746 1111 1850 1145; x_wconf 77' lang='grc' dir='ltr'><strong>ἀγαθὸς</strong></span> 
     </span>
    </p>
   </div>
   <div class='ocr_carea' id='block_1_82' title="bbox 1058 1151 1850 1193">
    <p class='ocr_par' dir='ltr' id='par_1_82' title="bbox 1058 1151 1850 1193">
     <span class='ocr_line' id='line_1_82' title="bbox 1058 1151 1850 1193; baseline 0.005 -13"><span class='ocrx_word' id='word_1_631' title='bbox 1058 1155 1082 1180; x_wconf 77' lang='grc' dir='ltr'>εἰ</span> <span class='ocrx_word' id='word_1_632' title='bbox 1104 1155 1142 1190; x_wconf 87' lang='grc' dir='ltr'>μὴ</span> <span class='ocrx_word' id='word_1_633' title='bbox 1168 1151 1208 1186; x_wconf 76' lang='grc' dir='ltr'><strong>εἷς</strong></span> <span class='ocrx_word' id='word_1_634' title='bbox 1223 1154 1329 1186; x_wconf 80' lang='grc' dir='ltr'>ὀΘεός;</span> <span class='ocrx_word' id='word_1_635' title='bbox 1353 1154 1429 1187; x_wconf 83' lang='lat' dir='ltr'><strong>&#39;Op0.</strong></span> <span class='ocrx_word' id='word_1_636' title='bbox 1450 1154 1510 1180; x_wconf 86' lang='grc' dir='ltr'>Ὅτι</span> <span class='ocrx_word' id='word_1_637' title='bbox 1523 1155 1536 1181; x_wconf 86' lang='grc' dir='ltr'><strong>ὀ</strong></span> <span class='ocrx_word' id='word_1_638' title='bbox 1549 1155 1616 1187; x_wconf 80' lang='grc' dir='ltr'><strong>Θεὸς</strong></span> <span class='ocrx_word' id='word_1_639' title='bbox 1637 1155 1667 1182; x_wconf 85' lang='grc' dir='ltr'>οὐ</span> <span class='ocrx_word' id='word_1_640' title='bbox 1689 1156 1760 1183; x_wconf 80' lang='grc' dir='ltr'>κατὰ</span> <span class='ocrx_word' id='word_1_641' title='bbox 1783 1166 1850 1193; x_wconf 78' lang='grc' dir='ltr'>μετ-</span> 
     </span>
    </p>
   </div>
   <div class='ocr_carea' id='block_1_83' title="bbox 1057 1199 1849 1236">
    <p class='ocr_par' dir='ltr' id='par_1_83' title="bbox 1057 1199 1849 1236">
     <span class='ocr_line' id='line_1_83' title="bbox 1057 1199 1849 1236; baseline 0.005 -10"><span class='ocrx_word' id='word_1_642' title='bbox 1057 1201 1124 1236; x_wconf 84' lang='grc' dir='ltr'>οχὴν</span> <span class='ocrx_word' id='word_1_643' title='bbox 1155 1200 1320 1235; x_wconf 74' lang='grc' dir='ltr'>ἀγαοάτητός</span> <span class='ocrx_word' id='word_1_644' title='bbox 1346 1201 1419 1227; x_wconf 84' lang='grc' dir='ltr'>ὲστιν</span> <span class='ocrx_word' id='word_1_645' title='bbox 1445 1199 1570 1234; x_wconf 47' lang='grc' dir='ltr'><strong>ἀγαθὴν</strong></span> <span class='ocrx_word' id='word_1_646' title='bbox 1588 1201 1645 1228; x_wconf 79' lang='grc' dir='ltr'>ἀλλ’</span> <span class='ocrx_word' id='word_1_647' title='bbox 1673 1202 1754 1234; x_wconf 81' lang='grc' dir='ltr'>αὐτός</span> <span class='ocrx_word' id='word_1_648' title='bbox 1773 1204 1849 1231; x_wconf 75' lang='grc' dir='ltr'>ἐστιν</span> 
     </span>
    </p>
   </div>
   <div class='ocr_carea' id='block_1_84' title="bbox 1057 1246 1848 1283">
    <p class='ocr_par' dir='ltr' id='par_1_84' title="bbox 1057 1246 1848 1283">
     <span class='ocr_line' id='line_1_84' title="bbox 1057 1246 1848 1283; baseline 0.006 -11"><span class='ocrx_word' id='word_1_649' title='bbox 1057 1246 1195 1282; x_wconf 80' lang='grc' dir='ltr'>ἀγαθότης</span> <span class='ocrx_word' id='word_1_650' title='bbox 1206 1255 1212 1261; x_wconf 80' lang='grc'><strong>”</strong></span> <span class='ocrx_word' id='word_1_651' title='bbox 1230 1247 1244 1272; x_wconf 82' lang='grc' dir='ltr'><strong>ὁ</strong></span> <span class='ocrx_word' id='word_1_652' title='bbox 1260 1246 1288 1273; x_wconf 83' lang='grc' dir='ltr'>δὲ</span> <span class='ocrx_word' id='word_1_653' title='bbox 1302 1246 1444 1282; x_wconf 78' lang='grc' dir='ltr'>ἄνθρωπος</span> <span class='ocrx_word' id='word_1_654' title='bbox 1462 1249 1560 1282; x_wconf 79' lang='grc' dir='ltr'><strong>μετοχῇ</strong></span> <span class='ocrx_word' id='word_1_655' title='bbox 1577 1247 1742 1283; x_wconf 79' lang='grc' dir='ltr'>ἀγαθότητός</span> <span class='ocrx_word' id='word_1_656' title='bbox 1772 1251 1848 1277; x_wconf 78' lang='grc' dir='ltr'>ἐστιν</span> 
     </span>
    </p>
   </div>
   <div class='ocr_carea' id='block_1_85' title="bbox 1057 1292 1847 1332">
    <p class='ocr_par' dir='ltr' id='par_1_85' title="bbox 1057 1292 1847 1332">
     <span class='ocr_line' id='line_1_85' title="bbox 1057 1292 1847 1332; baseline 0.005 -14"><span class='ocrx_word' id='word_1_657' title='bbox 1057 1292 1167 1326; x_wconf 79' lang='grc' dir='ltr'>ἁγαθός.</span> <span class='ocrx_word' id='word_1_658' title='bbox 1193 1293 1285 1327; x_wconf 80' lang='grc' dir='ltr'>Ἀνόμ.</span> <span class='ocrx_word' id='word_1_659' title='bbox 1301 1293 1355 1319; x_wconf 83' lang='grc' dir='ltr'><strong>Καὶ</strong></span> <span class='ocrx_word' id='word_1_660' title='bbox 1371 1293 1395 1319; x_wconf 87' lang='grc' dir='ltr'>οἱ</span> <span class='ocrx_word' id='word_1_661' title='bbox 1411 1292 1519 1327; x_wconf 77' lang='grc' dir='ltr'>ἄγγελοι</span> <span class='ocrx_word' id='word_1_662' title='bbox 1533 1294 1582 1320; x_wconf 75' lang='grc' dir='ltr'>οὐκ</span> <span class='ocrx_word' id='word_1_663' title='bbox 1595 1294 1663 1321; x_wconf 74' lang='grc' dir='ltr'>εἰσὶν</span> <span class='ocrx_word' id='word_1_664' title='bbox 1691 1295 1789 1329; x_wconf 68' lang='grc' dir='ltr'>ἁγαθοὶ</span> <span class='ocrx_word' id='word_1_665' title='bbox 1811 1298 1847 1332; x_wconf 77' lang='grc' dir='ltr'>τῇ</span> 
     </span>
    </p>
   </div>
   <div class='ocr_carea' id='block_1_86' title="bbox 1057 1337 1847 1378">
    <p class='ocr_par' dir='ltr' id='par_1_86' title="bbox 1057 1337 1847 1378">
     <span class='ocr_line' id='line_1_86' title="bbox 1057 1337 1847 1378; baseline 0.006 -15"><span class='ocrx_word' id='word_1_666' title='bbox 1057 1337 1153 1371; x_wconf 58' lang='lat' dir='ltr'><strong>cpiast;</strong></span> <span class='ocrx_word' id='word_1_667' title='bbox 1177 1338 1250 1372; x_wconf 82' lang='grc' dir='ltr'><strong>Ὀρθ.</strong></span> <span class='ocrx_word' id='word_1_668' title='bbox 1274 1338 1313 1373; x_wconf 79' lang='grc' dir='ltr'><strong>Τῇ</strong></span> <span class='ocrx_word' id='word_1_669' title='bbox 1338 1337 1428 1372; x_wconf 82' lang='grc' dir='ltr'>φύσει,</span> <span class='ocrx_word' id='word_1_670' title='bbox 1445 1338 1493 1365; x_wconf 76' lang='grc' dir='ltr'><strong>οὕ’</strong></span> <span class='ocrx_word' id='word_1_671' title='bbox 1521 1340 1631 1375; x_wconf 83' lang='grc' dir='ltr'><strong>μετοχῇ,</strong></span> <span class='ocrx_word' id='word_1_672' title='bbox 1654 1340 1706 1367; x_wconf 83' lang='grc' dir='ltr'>ναί.</span> <span class='ocrx_word' id='word_1_673' title='bbox 1733 1341 1769 1368; x_wconf 83' lang='grc' dir='ltr'><strong>Τὸ</strong></span> <span class='ocrx_word' id='word_1_674' title='bbox 1791 1341 1847 1378; x_wconf 83' lang='grc' dir='ltr'><strong>γὰρ</strong></span> 
     </span>
    </p>
   </div>
   <div class='ocr_carea' id='block_1_87' title="bbox 1055 1382 1845 1422">
    <p class='ocr_par' dir='ltr' id='par_1_87' title="bbox 1055 1382 1845 1422">
     <span class='ocr_line' id='line_1_87' title="bbox 1055 1382 1845 1422; baseline 0.006 -13"><span class='ocrx_word' id='word_1_675' title='bbox 1055 1382 1086 1409; x_wconf 74' lang='grc' dir='ltr'>ὃν</span> <span class='ocrx_word' id='word_1_676' title='bbox 1108 1384 1140 1419; x_wconf 83' lang='grc' dir='ltr'>τῇ</span> <span class='ocrx_word' id='word_1_677' title='bbox 1163 1383 1243 1418; x_wconf 79' lang='grc' dir='ltr'>φύσει</span> <span class='ocrx_word' id='word_1_678' title='bbox 1274 1383 1386 1418; x_wconf 77' lang='grc' dir='ltr'><strong>ἀγαθὸν,</strong></span> <span class='ocrx_word' id='word_1_679' title='bbox 1402 1385 1416 1410; x_wconf 82' lang='grc' dir='ltr'><strong>ὃ</strong></span> <span class='ocrx_word' id='word_1_680' title='bbox 1433 1385 1491 1411; x_wconf 75' lang='grc' dir='ltr'>ἐστι</span> <span class='ocrx_word' id='word_1_681' title='bbox 1515 1386 1548 1420; x_wconf 85' lang='grc' dir='ltr'>τῇ</span> <span class='ocrx_word' id='word_1_682' title='bbox 1574 1386 1664 1420; x_wconf 73' lang='grc' dir='ltr'>φύσει,</span> <span class='ocrx_word' id='word_1_683' title='bbox 1693 1387 1724 1413; x_wconf 76' lang='grc' dir='ltr'>οὐ</span> <span class='ocrx_word' id='word_1_684' title='bbox 1746 1387 1845 1422; x_wconf 74' lang='grc' dir='ltr'>τρέπε-</span> 
     </span>
    </p>
   </div>
   <div class='ocr_carea' id='block_1_88' title="bbox 1055 1427 1845 1467">
    <p class='ocr_par' dir='ltr' id='par_1_88' title="bbox 1055 1427 1845 1467">
     <span class='ocr_line' id='line_1_88' title="bbox 1055 1427 1845 1467; baseline 0.006 -12"><span class='ocrx_word' id='word_1_685' title='bbox 1055 1438 1110 1456; x_wconf 81' lang='grc' dir='ltr'>ται.</span> <span class='ocrx_word' id='word_1_686' title='bbox 1134 1430 1231 1464; x_wconf 78' lang='grc' dir='ltr'><strong>’Δνόμ.</strong></span> <span class='ocrx_word' id='word_1_687' title='bbox 1257 1427 1319 1457; x_wconf 77' lang='grc' dir='ltr'>οἷον</span> <span class='ocrx_word' id='word_1_688' title='bbox 1333 1430 1375 1463; x_wconf 81' lang='grc' dir='ltr'>τί;</span> <span class='ocrx_word' id='word_1_689' title='bbox 1397 1431 1473 1465; x_wconf 83' lang='grc' dir='ltr'>ὀρθ.</span> <span class='ocrx_word' id='word_1_690' title='bbox 1492 1431 1650 1467; x_wconf 80' lang='grc' dir='ltr'><strong>Ἀνθρωπος</strong></span> <span class='ocrx_word' id='word_1_691' title='bbox 1667 1434 1700 1467; x_wconf 85' lang='grc' dir='ltr'><strong>τῇ</strong></span> <span class='ocrx_word' id='word_1_692' title='bbox 1717 1433 1797 1467; x_wconf 75' lang='grc' dir='ltr'>φύσει</span> <span class='ocrx_word' id='word_1_693' title='bbox 1813 1435 1845 1460; x_wconf 78' lang='grc' dir='ltr'>οὐ</span> 
     </span>
    </p>
   </div>
   <div class='ocr_carea' id='block_1_89' title="bbox 1056 1475 1844 1515">
    <p class='ocr_par' dir='ltr' id='par_1_89' title="bbox 1056 1475 1844 1515">
     <span class='ocr_line' id='line_1_89' title="bbox 1056 1475 1844 1515; baseline 0.006 -14"><span class='ocrx_word' id='word_1_694' title='bbox 1056 1475 1200 1509; x_wconf 78' lang='grc' dir='ltr'>τρέπεται’</span> <span class='ocrx_word' id='word_1_695' title='bbox 1228 1475 1259 1501; x_wconf 83' lang='grc' dir='ltr'><strong>οὐ</strong></span> <span class='ocrx_word' id='word_1_696' title='bbox 1281 1475 1334 1511; x_wconf 86' lang='grc' dir='ltr'><strong>γὰρ</strong></span> <span class='ocrx_word' id='word_1_697' title='bbox 1358 1475 1462 1510; x_wconf 86' lang='grc' dir='ltr'>γίνεται</span> <span class='ocrx_word' id='word_1_698' title='bbox 1478 1476 1542 1503; x_wconf 74' lang='grc' dir='ltr'>ἄλλο</span> <span class='ocrx_word' id='word_1_699' title='bbox 1561 1485 1586 1503; x_wconf 89' lang='grc' dir='ltr'><strong>τι</strong></span> <span class='ocrx_word' id='word_1_700' title='bbox 1602 1479 1634 1512; x_wconf 84' lang='grc' dir='ltr'>τῇ</span> <span class='ocrx_word' id='word_1_701' title='bbox 1650 1477 1745 1512; x_wconf 86' lang='grc' dir='ltr'>φύσει·</span> <span class='ocrx_word' id='word_1_702' title='bbox 1765 1481 1799 1515; x_wconf 82' lang='grc' dir='ltr'><strong>τῇ</strong></span> <span class='ocrx_word' id='word_1_703' title='bbox 1815 1480 1844 1507; x_wconf 82' lang='grc' dir='ltr'>δὲ</span> 
     </span>
    </p>
   </div>
   <div class='ocr_carea' id='block_1_90' title="bbox 1056 1521 1843 1562">
    <p class='ocr_par' dir='ltr' id='par_1_90' title="bbox 1056 1521 1843 1562">
     <span class='ocr_line' id='line_1_90' title="bbox 1056 1521 1843 1562; baseline 0.006 -15"><span class='ocrx_word' id='word_1_704' title='bbox 1056 1521 1214 1556; x_wconf 80' lang='grc' dir='ltr'>προαιρέσει</span> <span class='ocrx_word' id='word_1_705' title='bbox 1225 1522 1354 1556; x_wconf 79' lang='grc' dir='ltr'>τρέπεται</span> <span class='ocrx_word' id='word_1_706' title='bbox 1364 1531 1370 1537; x_wconf 90' lang='grc'><strong>·</strong></span> <span class='ocrx_word' id='word_1_707' title='bbox 1387 1522 1432 1549; x_wconf 82' lang='grc' dir='ltr'>τὸν</span> <span class='ocrx_word' id='word_1_708' title='bbox 1443 1522 1496 1558; x_wconf 87' lang='grc' dir='ltr'><strong>γὰρ</strong></span> <span class='ocrx_word' id='word_1_709' title='bbox 1514 1522 1594 1550; x_wconf 78' lang='grc' dir='ltr'>αὑτὸν</span> <span class='ocrx_word' id='word_1_710' title='bbox 1603 1523 1662 1558; x_wconf 60' lang='grc' dir='ltr'>ὄψει</span> <span class='ocrx_word' id='word_1_711' title='bbox 1684 1525 1748 1551; x_wconf 77' lang='grc' dir='ltr'>ποτὲ</span> <span class='ocrx_word' id='word_1_712' title='bbox 1759 1534 1843 1562; x_wconf 81' lang='grc' dir='ltr'>πονη-</span> 
     </span>
    </p>
   </div>
   <div class='ocr_carea' id='block_1_91' title="bbox 1058 1566 1842 1604">
    <p class='ocr_par' dir='ltr' id='par_1_91' title="bbox 1058 1566 1842 1604">
     <span class='ocr_line' id='line_1_91' title="bbox 1058 1566 1842 1604; baseline 0.006 -12"><span class='ocrx_word' id='word_1_713' title='bbox 1058 1566 1114 1601; x_wconf 76' lang='grc' dir='ltr'>ρὸν,</span> <span class='ocrx_word' id='word_1_714' title='bbox 1125 1567 1190 1593; x_wconf 73' lang='grc' dir='ltr'>ποτὲ</span> <span class='ocrx_word' id='word_1_715' title='bbox 1201 1567 1311 1601; x_wconf 76' lang='grc' dir='ltr'>ἀγαθόν’</span> <span class='ocrx_word' id='word_1_716' title='bbox 1327 1567 1364 1599; x_wconf 84' lang='grc' dir='ltr'><strong>ὡς</strong></span> <span class='ocrx_word' id='word_1_717' title='bbox 1377 1567 1491 1600; x_wconf 80' lang='grc' dir='ltr'>Παῦλον,</span> <span class='ocrx_word' id='word_1_718' title='bbox 1500 1568 1565 1594; x_wconf 83' lang='grc' dir='ltr'>ποτὲ</span> <span class='ocrx_word' id='word_1_719' title='bbox 1579 1568 1627 1603; x_wconf 73' lang='grc' dir='ltr'>μὲν</span> <span class='ocrx_word' id='word_1_720' title='bbox 1639 1568 1766 1604; x_wconf 84' lang='grc' dir='ltr'>διώκτην,</span> <span class='ocrx_word' id='word_1_721' title='bbox 1776 1571 1842 1597; x_wconf 75' lang='grc' dir='ltr'><strong>ποτέ</strong></span> 
     </span>
    </p>
   </div>
   <div class='ocr_carea' id='block_1_92' title="bbox 1054 1611 1840 1650">
    <p class='ocr_par' dir='ltr' id='par_1_92' title="bbox 1054 1611 1840 1650">
     <span class='ocr_line' id='line_1_92' title="bbox 1054 1611 1840 1650; baseline 0.006 -12"><span class='ocrx_word' id='word_1_722' title='bbox 1054 1611 1082 1638; x_wconf 83' lang='grc' dir='ltr'>δὲ</span> <span class='ocrx_word' id='word_1_723' title='bbox 1097 1611 1304 1648; x_wconf 81' lang='grc' dir='ltr'>εὐαγγελιστήν·</span> <span class='ocrx_word' id='word_1_724' title='bbox 1324 1614 1370 1639; x_wconf 77' lang='grc' dir='ltr'>καὶ</span> <span class='ocrx_word' id='word_1_725' title='bbox 1384 1613 1428 1640; x_wconf 76' lang='grc' dir='ltr'><strong>τὸν</strong></span> <span class='ocrx_word' id='word_1_726' title='bbox 1445 1614 1524 1640; x_wconf 73' lang='grc' dir='ltr'>αὐτὸν</span> <span class='ocrx_word' id='word_1_727' title='bbox 1540 1615 1603 1640; x_wconf 83' lang='grc' dir='ltr'>ποτὲ</span> <span class='ocrx_word' id='word_1_728' title='bbox 1624 1615 1757 1650; x_wconf 78' lang='grc' dir='ltr'>μαθητὴν,</span> <span class='ocrx_word' id='word_1_729' title='bbox 1774 1618 1840 1644; x_wconf 72' lang='grc' dir='ltr'>ποτὲ</span> 
     </span>
    </p>
   </div>
   <div class='ocr_carea' id='block_1_93' title="bbox 1055 1654 1840 1694">
    <p class='ocr_par' dir='ltr' id='par_1_93' title="bbox 1055 1654 1840 1694">
     <span class='ocr_line' id='line_1_93' title="bbox 1055 1654 1840 1694; baseline 0.005 -11"><span class='ocrx_word' id='word_1_730' title='bbox 1055 1657 1187 1694; x_wconf 82' lang='grc' dir='ltr'>προδότην</span> <span class='ocrx_word' id='word_1_731' title='bbox 1201 1657 1267 1693; x_wconf 83' lang='lat'><strong>(66),</strong></span> <span class='ocrx_word' id='word_1_732' title='bbox 1291 1658 1329 1690; x_wconf 85' lang='grc' dir='ltr'><strong>ὡς</strong></span> <span class='ocrx_word' id='word_1_733' title='bbox 1349 1658 1394 1685; x_wconf 80' lang='grc' dir='ltr'><strong>τὸν</strong></span> <span class='ocrx_word' id='word_1_734' title='bbox 1418 1659 1534 1685; x_wconf 74' lang='grc' dir='ltr'>’ἰούδανη</span> <span class='ocrx_word' id='word_1_735' title='bbox 1553 1660 1600 1686; x_wconf 86' lang='grc' dir='ltr'>καὶ</span> <span class='ocrx_word' id='word_1_736' title='bbox 1615 1654 1756 1694; x_wconf 72' lang='grc' dir='ltr'><strong>ἀγγέλους,</strong></span> <span class='ocrx_word' id='word_1_737' title='bbox 1774 1663 1840 1689; x_wconf 72' lang='grc' dir='ltr'>ποτὲ</span> 
     </span>
    </p>
   </div>
   <div class='ocr_carea' id='block_1_94' title="bbox 1055 1703 1839 1743">
    <p class='ocr_par' dir='ltr' id='par_1_94' title="bbox 1055 1703 1839 1743">
     <span class='ocr_line' id='line_1_94' title="bbox 1055 1703 1839 1743; baseline 0.006 -14"><span class='ocrx_word' id='word_1_738' title='bbox 1055 1703 1105 1738; x_wconf 83' lang='grc' dir='ltr'>μὲν</span> <span class='ocrx_word' id='word_1_739' title='bbox 1119 1705 1262 1738; x_wconf 75' lang='grc' dir='ltr'>πονηροὺς,</span> <span class='ocrx_word' id='word_1_740' title='bbox 1287 1704 1352 1730; x_wconf 79' lang='grc' dir='ltr'>ποτὲ</span> <span class='ocrx_word' id='word_1_741' title='bbox 1368 1704 1395 1731; x_wconf 83' lang='grc' dir='ltr'>δὲ</span> <span class='ocrx_word' id='word_1_742' title='bbox 1412 1704 1537 1738; x_wconf 82' lang='grc' dir='ltr'><strong>ἀγαθούς.</strong></span> <span class='ocrx_word' id='word_1_743' title='bbox 1555 1706 1653 1740; x_wconf 66' lang='grc' dir='ltr'><strong>’Λνόμ</strong></span> <span class='ocrx_word' id='word_1_744' title='bbox 1669 1707 1722 1733; x_wconf 86' lang='lat' dir='ltr'><strong>Kal</strong></span> <span class='ocrx_word' id='word_1_745' title='bbox 1739 1707 1793 1743; x_wconf 87' lang='grc' dir='ltr'>γὰρ</span> <span class='ocrx_word' id='word_1_746' title='bbox 1814 1710 1839 1736; x_wconf 75' lang='grc' dir='ltr'><strong>οι</strong></span> 
     </span>
    </p>
   </div>
   <div class='ocr_carea' id='block_1_95' title="bbox 1053 1748 1837 1786">
    <p class='ocr_par' dir='ltr' id='par_1_95' title="bbox 1053 1748 1837 1786">
     <span class='ocr_line' id='line_1_95' title="bbox 1053 1748 1837 1786; baseline 0.009 -12"><span class='ocrx_word' id='word_1_747' title='bbox 1053 1748 1162 1782; x_wconf 78' lang='grc' dir='ltr'>ἄγγελοι</span> <span class='ocrx_word' id='word_1_748' title='bbox 1185 1748 1249 1774; x_wconf 79' lang='grc' dir='ltr'>ποτὲ</span> <span class='ocrx_word' id='word_1_749' title='bbox 1267 1749 1389 1784; x_wconf 79' lang='grc' dir='ltr'>πονηροὶ,</span> <span class='ocrx_word' id='word_1_750' title='bbox 1416 1750 1463 1776; x_wconf 80' lang='grc' dir='ltr'><strong>καὶ</strong></span> <span class='ocrx_word' id='word_1_751' title='bbox 1487 1750 1551 1776; x_wconf 84' lang='grc' dir='ltr'>ποτὲ</span> <span class='ocrx_word' id='word_1_752' title='bbox 1576 1751 1688 1784; x_wconf 51' lang='lat' dir='ltr'><strong>Madet;</strong></span> <span class='ocrx_word' id='word_1_753' title='bbox 1711 1752 1787 1786; x_wconf 75' lang='lat' dir='ltr'><strong>&#39;0p0.</strong></span> <span class='ocrx_word' id='word_1_754' title='bbox 1806 1755 1837 1781; x_wconf 83' lang='grc' dir='ltr'><em>Ἦ</em></span> 
     </span>
    </p>
   </div>
   <div class='ocr_carea' id='block_1_96' title="bbox 1052 1790 1836 1831">
    <p class='ocr_par' dir='ltr' id='par_1_96' title="bbox 1052 1790 1836 1831">
     <span class='ocr_line' id='line_1_96' title="bbox 1052 1790 1836 1831; baseline 0.009 -13"><span class='ocrx_word' id='word_1_755' title='bbox 1052 1791 1147 1828; x_wconf 75' lang='grc' dir='ltr'>Γραφὴ</span> <span class='ocrx_word' id='word_1_756' title='bbox 1161 1790 1236 1819; x_wconf 78' lang='grc' dir='ltr'>εἶπεν</span> <span class='ocrx_word' id='word_1_757' title='bbox 1246 1802 1252 1808; x_wconf 92' lang='grc'><strong>·</strong></span> <span class='ocrx_word' id='word_1_758' title='bbox 1273 1803 1282 1819; x_wconf 78' lang='grc' dir='ltr'><strong>ι</strong></span> <span class='ocrx_word' id='word_1_759' title='bbox 1307 1794 1338 1820; x_wconf 77' lang='grc' dir='ltr'><strong>Εἰ</strong></span> <span class='ocrx_word' id='word_1_760' title='bbox 1351 1793 1404 1830; x_wconf 85' lang='grc' dir='ltr'>γὰρ</span> <span class='ocrx_word' id='word_1_761' title='bbox 1421 1794 1542 1828; x_wconf 77' lang='grc' dir='ltr'>ἀγγέλων</span> <span class='ocrx_word' id='word_1_762' title='bbox 1560 1795 1775 1831; x_wconf 78' lang='grc' dir='ltr'><strong>ἁμαρτησάντων</strong></span> <span class='ocrx_word' id='word_1_763' title='bbox 1789 1798 1836 1826; x_wconf 74' lang='grc' dir='ltr'><strong>οὐκ</strong></span> 
     </span>
    </p>
   </div>
   <div class='ocr_carea' id='block_1_97' title="bbox 1052 1834 1835 1881">
    <p class='ocr_par' dir='ltr' id='par_1_97' title="bbox 1052 1834 1835 1881">
     <span class='ocr_line' id='line_1_97' title="bbox 1052 1834 1835 1881; baseline 0.009 -17"><span class='ocrx_word' id='word_1_764' title='bbox 1052 1838 1188 1872; x_wconf 76' lang='grc' dir='ltr'>ἐφείσατο.</span> <span class='ocrx_word' id='word_1_765' title='bbox 1209 1849 1219 1865; x_wconf 73' lang='grc' dir='ltr'><strong>ι</strong></span> <span class='ocrx_word' id='word_1_766' title='bbox 1234 1839 1264 1865; x_wconf 82' lang='lat' dir='ltr'><strong>Ei</strong></span> <span class='ocrx_word' id='word_1_767' title='bbox 1278 1839 1306 1866; x_wconf 86' lang='grc' dir='ltr'>δὲ</span> <span class='ocrx_word' id='word_1_768' title='bbox 1321 1840 1453 1875; x_wconf 78' lang='grc' dir='ltr'>ἥμαρτον,</span> <span class='ocrx_word' id='word_1_769' title='bbox 1467 1841 1557 1876; x_wconf 84' lang='grc' dir='ltr'>δῆλον,</span> <span class='ocrx_word' id='word_1_770' title='bbox 1576 1834 1621 1868; x_wconf 77' lang='grc' dir='ltr'>ὅτι</span> <span class='ocrx_word' id='word_1_771' title='bbox 1639 1842 1764 1874; x_wconf 77' lang='grc' dir='ltr'>ἐξέπεσον</span> <span class='ocrx_word' id='word_1_772' title='bbox 1787 1845 1835 1881; x_wconf 81' lang='grc' dir='ltr'>τῆς</span> 
     </span>
    </p>
   </div>
   <div class='ocr_carea' id='block_1_98' title="bbox 1051 1883 1835 1922">
    <p class='ocr_par' dir='ltr' id='par_1_98' title="bbox 1051 1883 1835 1922">
     <span class='ocr_line' id='line_1_98' title="bbox 1051 1883 1835 1922; baseline 0.009 -12"><span class='ocrx_word' id='word_1_773' title='bbox 1051 1883 1226 1919; x_wconf 75' lang='grc' dir='ltr'>ἀγαοότητος.</span> <span class='ocrx_word' id='word_1_774' title='bbox 1243 1885 1297 1911; x_wconf 83' lang='lat' dir='ltr'><strong>Kal</strong></span> <span class='ocrx_word' id='word_1_775' title='bbox 1316 1886 1428 1912; x_wconf 85' lang='grc' dir='ltr'>καθόλου</span> <span class='ocrx_word' id='word_1_776' title='bbox 1445 1887 1517 1913; x_wconf 80' lang='grc' dir='ltr'>πᾶσα</span> <span class='ocrx_word' id='word_1_777' title='bbox 1530 1888 1546 1922; x_wconf 82' lang='grc' dir='ltr'>ἡ</span> <span class='ocrx_word' id='word_1_778' title='bbox 1562 1887 1624 1920; x_wconf 78' lang='grc' dir='ltr'>ἀξία</span> <span class='ocrx_word' id='word_1_779' title='bbox 1641 1888 1687 1914; x_wconf 86' lang='grc' dir='ltr'>τοῦ</span> <span class='ocrx_word' id='word_1_780' title='bbox 1701 1889 1767 1916; x_wconf 85' lang='grc' dir='ltr'>Θεοῦ</span> <span class='ocrx_word' id='word_1_781' title='bbox 1778 1890 1835 1917; x_wconf 81' lang='grc' dir='ltr'>κτί-</span> 
     </span>
    </p>
   </div>
   <div class='ocr_carea' id='block_1_99' title="bbox 1050 1931 1834 1971">
    <p class='ocr_par' dir='ltr' id='par_1_99' title="bbox 1050 1931 1834 1971">
     <span class='ocr_line' id='line_1_99' title="bbox 1050 1931 1834 1971; baseline 0.01 -15"><span class='ocrx_word' id='word_1_782' title='bbox 1050 1938 1092 1962; x_wconf 87' lang='grc' dir='ltr'>σις</span> <span class='ocrx_word' id='word_1_783' title='bbox 1109 1932 1208 1966; x_wconf 77' lang='grc' dir='ltr'>μετοχῇ</span> <span class='ocrx_word' id='word_1_784' title='bbox 1225 1931 1390 1966; x_wconf 53' lang='lat' dir='ltr'><strong>auom-.2);</strong></span> <span class='ocrx_word' id='word_1_785' title='bbox 1415 1932 1522 1966; x_wconf 77' lang='grc' dir='ltr'>λέγεται</span> <span class='ocrx_word' id='word_1_786' title='bbox 1538 1933 1584 1959; x_wconf 74' lang='grc' dir='ltr'><strong>καὶ</strong></span> <span class='ocrx_word' id='word_1_787' title='bbox 1601 1934 1673 1961; x_wconf 75' lang='grc' dir='ltr'>ἐστιν</span> <span class='ocrx_word' id='word_1_788' title='bbox 1693 1935 1781 1971; x_wconf 75' lang='grc' dir='ltr'>ἀγαθή</span> <span class='ocrx_word' id='word_1_789' title='bbox 1794 1945 1801 1952; x_wconf 86' lang='lat'>&#39;</span> <span class='ocrx_word' id='word_1_790' title='bbox 1819 1938 1834 1964; x_wconf 82' lang='grc' dir='ltr'><strong>ό</strong></span> 
     </span>
    </p>
   </div>
   <div class='ocr_carea' id='block_1_100' title="bbox 1049 1976 1833 2016">
    <p class='ocr_par' dir='ltr' id='par_1_100' title="bbox 1049 1976 1833 2016">
     <span class='ocr_line' id='line_1_100' title="bbox 1049 1976 1833 2016; baseline 0.008 -14"><span class='ocrx_word' id='word_1_791' title='bbox 1049 1976 1077 2003; x_wconf 86' lang='grc' dir='ltr'>δὲ</span> <span class='ocrx_word' id='word_1_792' title='bbox 1090 1977 1166 2009; x_wconf 73' lang='grc' dir='ltr'>Θεὸς.</span> <span class='ocrx_word' id='word_1_793' title='bbox 1179 1977 1257 2012; x_wconf 83' lang='grc' dir='ltr'>φύσει</span> <span class='ocrx_word' id='word_1_794' title='bbox 1276 1977 1313 2004; x_wconf 81' lang='grc' dir='ltr'>ὢν</span> <span class='ocrx_word' id='word_1_795' title='bbox 1325 1977 1434 2012; x_wconf 83' lang='grc' dir='ltr'><strong>ἀγαθὸς.</strong></span> <span class='ocrx_word' id='word_1_796' title='bbox 1449 1978 1529 2010; x_wconf 76' lang='grc' dir='ltr'>αὐτός</span> <span class='ocrx_word' id='word_1_797' title='bbox 1543 1979 1615 2005; x_wconf 74' lang='grc' dir='ltr'>ἐστιν</span> <span class='ocrx_word' id='word_1_798' title='bbox 1627 1980 1762 2016; x_wconf 81' lang='grc' dir='ltr'>ἀγαθὸτης</span> <span class='ocrx_word' id='word_1_799' title='bbox 1771 1989 1778 1996; x_wconf 91' lang='grc'><strong>·</strong></span> <span class='ocrx_word' id='word_1_800' title='bbox 1794 1981 1833 2008; x_wconf 61' lang='grc' dir='ltr'><strong>διδ</strong></span> 
     </span>
    </p>
   </div>
   <div class='ocr_carea' id='block_1_101' title="bbox 1049 2021 1833 2060">
    <p class='ocr_par' dir='ltr' id='par_1_101' title="bbox 1049 2021 1833 2060">
     <span class='ocr_line' id='line_1_101' title="bbox 1049 2021 1833 2060; baseline 0.008 -12"><span class='ocrx_word' id='word_1_801' title='bbox 1049 2023 1096 2050; x_wconf 74' lang='grc' dir='ltr'><strong>καὶ</strong></span> <span class='ocrx_word' id='word_1_802' title='bbox 1114 2023 1202 2054; x_wconf 78' lang='grc' dir='ltr'>οὐδεὶς</span> <span class='ocrx_word' id='word_1_803' title='bbox 1213 2023 1323 2057; x_wconf 77' lang='grc' dir='ltr'><strong>ἀγαθὸς,</strong></span> <span class='ocrx_word' id='word_1_804' title='bbox 1342 2025 1365 2049; x_wconf 84' lang='grc' dir='ltr'>εὶ</span> <span class='ocrx_word' id='word_1_805' title='bbox 1391 2023 1428 2059; x_wconf 87' lang='grc' dir='ltr'>μὴ</span> <span class='ocrx_word' id='word_1_806' title='bbox 1451 2021 1490 2055; x_wconf 74' lang='grc' dir='ltr'>εἷς</span> <span class='ocrx_word' id='word_1_807' title='bbox 1506 2025 1520 2050; x_wconf 83' lang='grc' dir='ltr'>ὁ</span> <span class='ocrx_word' id='word_1_808' title='bbox 1540 2025 1616 2056; x_wconf 74' lang='grc' dir='ltr'>Θεός.</span> <span class='ocrx_word' id='word_1_809' title='bbox 1636 2026 1732 2060; x_wconf 81' lang='grc' dir='ltr'><strong>Ἀνόμ.</strong></span> <span class='ocrx_word' id='word_1_810' title='bbox 1749 2027 1804 2053; x_wconf 78' lang='grc' dir='ltr'><strong>Καὶ</strong></span> <span class='ocrx_word' id='word_1_811' title='bbox 1818 2028 1833 2054; x_wconf 82' lang='grc' dir='ltr'><strong>ό</strong></span> 
     </span>
    </p>
   </div>
   <div class='ocr_carea' id='block_1_102' title="bbox 1048 2066 1831 2105">
    <p class='ocr_par' dir='ltr' id='par_1_102' title="bbox 1048 2066 1831 2105">
     <span class='ocr_line' id='line_1_102' title="bbox 1048 2066 1831 2105; baseline 0.004 -11"><span class='ocrx_word' id='word_1_812' title='bbox 1048 2067 1112 2100; x_wconf 70' lang='grc' dir='ltr'><strong>Υἱὸς</strong></span> <span class='ocrx_word' id='word_1_813' title='bbox 1137 2066 1185 2095; x_wconf 75' lang='grc' dir='ltr'>οὖν</span> <span class='ocrx_word' id='word_1_814' title='bbox 1202 2067 1289 2100; x_wconf 79' lang='grc' dir='ltr'>οὕτως</span> <span class='ocrx_word' id='word_1_815' title='bbox 1312 2069 1385 2095; x_wconf 77' lang='grc' dir='ltr'>ἐστὶν</span> <span class='ocrx_word' id='word_1_816' title='bbox 1402 2069 1512 2103; x_wconf 77' lang='grc' dir='ltr'><strong>ἀγαθὸς,</strong></span> <span class='ocrx_word' id='word_1_817' title='bbox 1533 2069 1570 2100; x_wconf 82' lang='grc' dir='ltr'><strong>ὡς</strong></span> <span class='ocrx_word' id='word_1_818' title='bbox 1590 2070 1604 2095; x_wconf 86' lang='grc' dir='ltr'>ὁ</span> <span class='ocrx_word' id='word_1_819' title='bbox 1621 2070 1732 2105; x_wconf 83' lang='grc' dir='ltr'>Πατήρ;</span> <span class='ocrx_word' id='word_1_820' title='bbox 1755 2072 1831 2105; x_wconf 77' lang='grc' dir='ltr'>Ὀρθ.</span> 
     </span>
    </p>
   </div>
   <div class='ocr_carea' id='block_1_103' title="bbox 1048 2114 1830 2150">
    <p class='ocr_par' dir='ltr' id='par_1_103' title="bbox 1048 2114 1830 2150">
     <span class='ocr_line' id='line_1_103' title="bbox 1048 2114 1830 2150; baseline 0.005 -10"><span class='ocrx_word' id='word_1_821' title='bbox 1048 2114 1102 2141; x_wconf 85' lang='lat' dir='ltr'><strong>Kal</strong></span> <span class='ocrx_word' id='word_1_822' title='bbox 1119 2115 1198 2142; x_wconf 82' lang='grc' dir='ltr'>πάνυ.</span> <span class='ocrx_word' id='word_1_823' title='bbox 1216 2114 1314 2150; x_wconf 82' lang='grc' dir='ltr'>Ἀνόμ.</span> <span class='ocrx_word' id='word_1_824' title='bbox 1329 2115 1384 2141; x_wconf 78' lang='grc' dir='ltr'>Καὶ</span> <span class='ocrx_word' id='word_1_825' title='bbox 1400 2115 1458 2146; x_wconf 84' lang='grc' dir='ltr'><strong>πῶς</strong></span> <span class='ocrx_word' id='word_1_826' title='bbox 1471 2115 1581 2142; x_wconf 82' lang='grc' dir='ltr'>δύναται</span> <span class='ocrx_word' id='word_1_827' title='bbox 1601 2116 1726 2150; x_wconf 75' lang='grc' dir='ltr'>λέγεσθαι</span> <span class='ocrx_word' id='word_1_828' title='bbox 1749 2126 1757 2142; x_wconf 79' lang='grc' dir='ltr'><strong>ι</strong></span> <span class='ocrx_word' id='word_1_829' title='bbox 1779 2118 1830 2144; x_wconf 80' lang='grc' dir='ltr'><strong>Οὑ-</strong></span> 
     </span>
    </p>
   </div>
   <div class='ocr_carea' id='block_1_104' title="bbox 1047 2158 1830 2198">
    <p class='ocr_par' dir='ltr' id='par_1_104' title="bbox 1047 2158 1830 2198">
     <span class='ocr_line' id='line_1_104' title="bbox 1047 2158 1830 2198; baseline 0.001 -12"><span class='ocrx_word' id='word_1_830' title='bbox 1047 2159 1103 2191; x_wconf 77' lang='grc' dir='ltr'>δεὶς</span> <span class='ocrx_word' id='word_1_831' title='bbox 1120 2160 1232 2193; x_wconf 81' lang='grc' dir='ltr'><strong>ἀγαθὸς,</strong></span> <span class='ocrx_word' id='word_1_832' title='bbox 1249 2161 1273 2186; x_wconf 77' lang='lat' dir='ltr'><strong>sl</strong></span> <span class='ocrx_word' id='word_1_833' title='bbox 1296 2161 1333 2195; x_wconf 86' lang='grc' dir='ltr'>μὴ</span> <span class='ocrx_word' id='word_1_834' title='bbox 1350 2158 1389 2192; x_wconf 77' lang='grc' dir='ltr'><strong>εἷς</strong></span> <span class='ocrx_word' id='word_1_835' title='bbox 1408 2162 1422 2187; x_wconf 82' lang='grc' dir='ltr'><strong>ό</strong></span> <span class='ocrx_word' id='word_1_836' title='bbox 1434 2160 1518 2192; x_wconf 78' lang='grc' dir='ltr'><strong>Θεὸς,</strong></span> <span class='ocrx_word' id='word_1_837' title='bbox 1536 2171 1546 2186; x_wconf 72' lang='grc' dir='ltr'><strong>ι</strong></span> <span class='ocrx_word' id='word_1_838' title='bbox 1563 2161 1626 2192; x_wconf 81' lang='grc' dir='ltr'><strong>Υὶὺς</strong></span> <span class='ocrx_word' id='word_1_839' title='bbox 1639 2162 1684 2188; x_wconf 87' lang='grc' dir='ltr'>καὶ</span> <span class='ocrx_word' id='word_1_840' title='bbox 1701 2163 1796 2198; x_wconf 76' lang='grc' dir='ltr'>Πατὴρ</span> <span class='ocrx_word' id='word_1_841' title='bbox 1807 2164 1830 2189; x_wconf 67' lang='grc' dir='ltr'>εὑ</span> 
     </span>
    </p>
   </div>
   <div class='ocr_carea' id='block_1_105' title="bbox 1046 2203 1829 2243">
    <p class='ocr_par' dir='ltr' id='par_1_105' title="bbox 1046 2203 1829 2243">
     <span class='ocr_line' id='line_1_105' title="bbox 1046 2203 1829 2243; baseline 0.005 -13"><span class='ocrx_word' id='word_1_842' title='bbox 1046 2203 1112 2236; x_wconf 83' lang='grc' dir='ltr'>Θεός</span> <span class='ocrx_word' id='word_1_843' title='bbox 1134 2204 1205 2240; x_wconf 83' lang='grc'>(67);</span> <span class='ocrx_word' id='word_1_844' title='bbox 1227 2205 1303 2238; x_wconf 86' lang='grc' dir='ltr'><strong>Ὀρθ.</strong></span> <span class='ocrx_word' id='word_1_845' title='bbox 1321 2203 1368 2236; x_wconf 84' lang='grc' dir='ltr'><strong>Εἷς</strong></span> <span class='ocrx_word' id='word_1_846' title='bbox 1388 2205 1452 2238; x_wconf 77' lang='grc' dir='ltr'><strong>Θεὸς</strong></span> <span class='ocrx_word' id='word_1_847' title='bbox 1478 2206 1541 2237; x_wconf 78' lang='grc' dir='ltr'><strong>Υἱὸς</strong></span> <span class='ocrx_word' id='word_1_848' title='bbox 1564 2207 1610 2232; x_wconf 78' lang='grc' dir='ltr'>καὶ</span> <span class='ocrx_word' id='word_1_849' title='bbox 1626 2207 1728 2242; x_wconf 77' lang='grc' dir='ltr'>Πατὴρ,</span> <span class='ocrx_word' id='word_1_850' title='bbox 1746 2208 1776 2234; x_wconf 75' lang='grc' dir='ltr'>οὐ</span> <span class='ocrx_word' id='word_1_851' title='bbox 1796 2210 1829 2243; x_wconf 75' lang='grc' dir='ltr'>τῇ</span> 
     </span>
    </p>
   </div>
   <div class='ocr_carea' id='block_1_106' title="bbox 1049 2250 1827 2287">
    <p class='ocr_par' dir='ltr' id='par_1_106' title="bbox 1049 2250 1827 2287">
     <span class='ocr_line' id='line_1_106' title="bbox 1049 2250 1827 2287; baseline 0.004 -10"><span class='ocrx_word' id='word_1_852' title='bbox 1049 2250 1205 2282; x_wconf 82' lang='grc' dir='ltr'>ὑποστάσει,</span> <span class='ocrx_word' id='word_1_853' title='bbox 1218 2251 1286 2277; x_wconf 83' lang='grc' dir='ltr'>ἀλλὰ</span> <span class='ocrx_word' id='word_1_854' title='bbox 1293 2250 1331 2286; x_wconf 82' lang='grc' dir='ltr'><strong>τῷ</strong></span> <span class='ocrx_word' id='word_1_855' title='bbox 1344 2251 1417 2286; x_wconf 82' lang='grc' dir='ltr'><strong>αὺτῷ</strong></span> <span class='ocrx_word' id='word_1_856' title='bbox 1429 2251 1498 2287; x_wconf 86' lang='grc' dir='ltr'>λόγῳ</span> <span class='ocrx_word' id='word_1_857' title='bbox 1507 2252 1556 2286; x_wconf 77' lang='grc' dir='ltr'><strong>τῆς</strong></span> <span class='ocrx_word' id='word_1_858' title='bbox 1569 2252 1671 2284; x_wconf 75' lang='grc' dir='ltr'>οὐσίας·</span> <span class='ocrx_word' id='word_1_859' title='bbox 1682 2253 1719 2284; x_wconf 85' lang='grc' dir='ltr'>ὼς</span> <span class='ocrx_word' id='word_1_860' title='bbox 1732 2254 1827 2286; x_wconf 76' lang='grc' dir='ltr'>πάντες</span> 
     </span>
    </p>
   </div>
   <div class='ocr_carea' id='block_1_107' title="bbox 1048 2295 1825 2335">
    <p class='ocr_par' dir='ltr' id='par_1_107' title="bbox 1048 2295 1825 2335">
     <span class='ocr_line' id='line_1_107' title="bbox 1048 2295 1825 2335; baseline 0.003 -12"><span class='ocrx_word' id='word_1_861' title='bbox 1048 2295 1184 2332; x_wconf 78' lang='grc' dir='ltr'>ἄνθρωποι</span> <span class='ocrx_word' id='word_1_862' title='bbox 1204 2297 1232 2324; x_wconf 83' lang='grc' dir='ltr'>ὲν</span> <span class='ocrx_word' id='word_1_863' title='bbox 1247 2297 1358 2332; x_wconf 81' lang='grc' dir='ltr'>Χριστῷ</span> <span class='ocrx_word' id='word_1_864' title='bbox 1376 2295 1426 2328; x_wconf 77' lang='grc' dir='ltr'><strong>εἷς,</strong></span> <span class='ocrx_word' id='word_1_865' title='bbox 1440 2297 1470 2323; x_wconf 78' lang='grc' dir='ltr'>οὐ</span> <span class='ocrx_word' id='word_1_866' title='bbox 1483 2298 1516 2333; x_wconf 82' lang='grc' dir='ltr'>τῇ</span> <span class='ocrx_word' id='word_1_867' title='bbox 1527 2298 1682 2330; x_wconf 81' lang='grc' dir='ltr'>ὑποστάσει,</span> <span class='ocrx_word' id='word_1_868' title='bbox 1700 2299 1768 2325; x_wconf 75' lang='grc' dir='ltr'>ἀλλὰ</span> <span class='ocrx_word' id='word_1_869' title='bbox 1791 2299 1825 2335; x_wconf 73' lang='grc' dir='ltr'><strong>τῷ</strong></span> 
     </span>
    </p>
   </div>
   <div class='ocr_carea' id='block_1_108' title="bbox 1047 2341 1824 2378">
    <p class='ocr_par' dir='ltr' id='par_1_108' title="bbox 1047 2341 1824 2378">
     <span class='ocr_line' id='line_1_108' title="bbox 1047 2341 1824 2378; baseline 0.003 -10"><span class='ocrx_word' id='word_1_870' title='bbox 1047 2341 1117 2377; x_wconf 83' lang='grc' dir='ltr'>λόγῳ</span> <span class='ocrx_word' id='word_1_871' title='bbox 1135 2342 1184 2378; x_wconf 86' lang='grc' dir='ltr'><strong>τῆς</strong></span> <span class='ocrx_word' id='word_1_872' title='bbox 1201 2342 1294 2374; x_wconf 83' lang='grc' dir='ltr'>οὐσίας</span> <span class='ocrx_word' id='word_1_873' title='bbox 1310 2343 1357 2369; x_wconf 76' lang='grc' dir='ltr'>καὶ</span> <span class='ocrx_word' id='word_1_874' title='bbox 1368 2344 1427 2374; x_wconf 83' lang='grc' dir='ltr'>ταῖς</span> <span class='ocrx_word' id='word_1_875' title='bbox 1440 2343 1619 2377; x_wconf 79' lang='grc' dir='ltr'>συμφωνίαις.</span> <span class='ocrx_word' id='word_1_876' title='bbox 1639 2343 1736 2377; x_wconf 59' lang='grc' dir='ltr'>Ἀνιζα.</span> <span class='ocrx_word' id='word_1_877' title='bbox 1750 2344 1824 2370; x_wconf 68' lang='grc' dir='ltr'>Ἀλλ(</span> 
     </span>
    </p>
   </div>
   <div class='ocr_carea' id='block_1_109' title="bbox 1047 2388 1824 2424">
    <p class='ocr_par' dir='ltr' id='par_1_109' title="bbox 1047 2388 1824 2424">
     <span class='ocr_line' id='line_1_109' title="bbox 1047 2388 1824 2424; baseline 0.001 -9"><span class='ocrx_word' id='word_1_878' title='bbox 1047 2389 1100 2424; x_wconf 81' lang='grc' dir='ltr'><strong>γάρ</strong></span> <span class='ocrx_word' id='word_1_879' title='bbox 1119 2389 1192 2415; x_wconf 78' lang='grc' dir='ltr'>ἐστιν</span> <span class='ocrx_word' id='word_1_880' title='bbox 1208 2388 1295 2421; x_wconf 79' lang='grc' dir='ltr'>οὐσία,</span> <span class='ocrx_word' id='word_1_881' title='bbox 1317 2389 1364 2415; x_wconf 79' lang='grc' dir='ltr'>καὶ</span> <span class='ocrx_word' id='word_1_882' title='bbox 1384 2388 1446 2416; x_wconf 80' lang='grc' dir='ltr'>ἄλλο</span> <span class='ocrx_word' id='word_1_883' title='bbox 1470 2389 1633 2420; x_wconf 83' lang='grc' dir='ltr'>ὐπόστασις;</span> <span class='ocrx_word' id='word_1_884' title='bbox 1655 2389 1731 2423; x_wconf 82' lang='grc' dir='ltr'>ὀρθ.</span> <span class='ocrx_word' id='word_1_885' title='bbox 1749 2390 1824 2416; x_wconf 74' lang='grc' dir='ltr'>Ἀλλ(</span> 
     </span>
    </p>
   </div>
   <div class='ocr_carea' id='block_1_110' title="bbox 1046 2433 1823 2470">
    <p class='ocr_par' dir='ltr' id='par_1_110' title="bbox 1046 2433 1823 2470">
     <span class='ocr_line' id='line_1_110' title="bbox 1046 2433 1823 2470; baseline 0.001 -10"><span class='ocrx_word' id='word_1_886' title='bbox 1046 2435 1091 2461; x_wconf 81' lang='grc' dir='ltr'>καὶ</span> <span class='ocrx_word' id='word_1_887' title='bbox 1109 2434 1182 2467; x_wconf 78' lang='grc' dir='ltr'>ἄλλο,</span> <span class='ocrx_word' id='word_1_888' title='bbox 1197 2436 1244 2470; x_wconf 81' lang='grc' dir='ltr'><strong>οὐχ</strong></span> <span class='ocrx_word' id='word_1_889' title='bbox 1260 2435 1297 2466; x_wconf 80' lang='grc' dir='ltr'>ὡς</span> <span class='ocrx_word' id='word_1_890' title='bbox 1310 2435 1434 2470; x_wconf 81' lang='grc' dir='ltr'>πρᾶγμα.</span> <span class='ocrx_word' id='word_1_891' title='bbox 1458 2434 1554 2469; x_wconf 77' lang='grc' dir='ltr'>Ἀνόμ.</span> <span class='ocrx_word' id='word_1_892' title='bbox 1569 2433 1671 2460; x_wconf 72' lang='grc' dir='ltr'>Οὐκοῦν</span> <span class='ocrx_word' id='word_1_893' title='bbox 1695 2434 1823 2467; x_wconf 77' lang='grc' dir='ltr'>σύνθεσις.</span> 
     </span>
    </p>
   </div>
   <div class='ocr_carea' id='block_1_111' title="bbox 1052 2478 1822 2516">
    <p class='ocr_par' dir='ltr' id='par_1_111' title="bbox 1052 2478 1822 2516">
     <span class='ocr_line' id='line_1_111' title="bbox 1052 2478 1822 2516; baseline -0.003 -8"><span class='ocrx_word' id='word_1_894' title='bbox 1052 2481 1127 2514; x_wconf 82' lang='grc' dir='ltr'><strong>Ὀρθ.</strong></span> <span class='ocrx_word' id='word_1_895' title='bbox 1143 2481 1223 2508; x_wconf 76' lang='grc' dir='ltr'>Ἄλλο</span> <span class='ocrx_word' id='word_1_896' title='bbox 1239 2481 1286 2508; x_wconf 79' lang='grc' dir='ltr'><strong>καὶ</strong></span> <span class='ocrx_word' id='word_1_897' title='bbox 1302 2481 1365 2508; x_wconf 79' lang='grc' dir='ltr'>ἄλλο</span> <span class='ocrx_word' id='word_1_898' title='bbox 1381 2501 1388 2513; x_wconf 87' lang='lat'><strong>,</strong></span> <span class='ocrx_word' id='word_1_899' title='bbox 1405 2478 1480 2507; x_wconf 86' lang='grc' dir='ltr'>εἶπον</span> <span class='ocrx_word' id='word_1_900' title='bbox 1492 2489 1498 2496; x_wconf 88' lang='grc'><strong>·</strong></span> <span class='ocrx_word' id='word_1_901' title='bbox 1516 2481 1565 2516; x_wconf 80' lang='grc' dir='ltr'><strong>οὺχ</strong></span> <span class='ocrx_word' id='word_1_902' title='bbox 1578 2481 1615 2512; x_wconf 78' lang='grc' dir='ltr'><strong>ὡς</strong></span> <span class='ocrx_word' id='word_1_903' title='bbox 1631 2481 1748 2516; x_wconf 78' lang='grc' dir='ltr'>πρᾶγμα</span> <span class='ocrx_word' id='word_1_904' title='bbox 1764 2481 1822 2508; x_wconf 67' lang='grc' dir='ltr'>ἄλλ(</span> 
     </span>
    </p>
   </div>
   <div class='ocr_carea' id='block_1_112' title="bbox 1045 2526 1814 2563">
    <p class='ocr_par' dir='ltr' id='par_1_112' title="bbox 1045 2526 1814 2563">
     <span class='ocr_line' id='line_1_112' title="bbox 1045 2526 1814 2563; baseline 0 -9"><span class='ocrx_word' id='word_1_905' title='bbox 1045 2528 1091 2554; x_wconf 80' lang='grc' dir='ltr'>καὶ</span> <span class='ocrx_word' id='word_1_906' title='bbox 1105 2527 1177 2559; x_wconf 82' lang='grc' dir='ltr'>ἄλλο,</span> <span class='ocrx_word' id='word_1_907' title='bbox 1193 2528 1249 2554; x_wconf 84' lang='grc' dir='ltr'>ἀλλ’</span> <span class='ocrx_word' id='word_1_908' title='bbox 1263 2527 1300 2559; x_wconf 84' lang='grc' dir='ltr'><strong>ὡς</strong></span> <span class='ocrx_word' id='word_1_909' title='bbox 1320 2527 1383 2554; x_wconf 84' lang='grc' dir='ltr'>ἄλλο</span> <span class='ocrx_word' id='word_1_910' title='bbox 1398 2536 1422 2554; x_wconf 86' lang='grc' dir='ltr'><strong>τι</strong></span> <span class='ocrx_word' id='word_1_911' title='bbox 1442 2526 1624 2563; x_wconf 77' lang='grc' dir='ltr'>σημαινούσης</span> <span class='ocrx_word' id='word_1_912' title='bbox 1643 2528 1693 2562; x_wconf 80' lang='grc' dir='ltr'><strong>τῆς</strong></span> <span class='ocrx_word' id='word_1_913' title='bbox 1709 2527 1814 2554; x_wconf 79' lang='grc' dir='ltr'>ὐποστά</span> 
     </span>
    </p>
   </div>
   <div class='ocr_carea' id='block_1_113' title="bbox 1046 2573 1820 2608">
    <p class='ocr_par' dir='ltr' id='par_1_113' title="bbox 1046 2573 1820 2608">
     <span class='ocr_line' id='line_1_113' title="bbox 1046 2573 1820 2608; baseline -0.001 -8"><span class='ocrx_word' id='word_1_914' title='bbox 1046 2582 1124 2606; x_wconf 81' lang='grc' dir='ltr'>σεως,</span> <span class='ocrx_word' id='word_1_915' title='bbox 1143 2574 1187 2600; x_wconf 70' lang='grc' dir='ltr'>καὶ</span> <span class='ocrx_word' id='word_1_916' title='bbox 1203 2574 1266 2601; x_wconf 80' lang='grc' dir='ltr'>ἄλλο</span> <span class='ocrx_word' id='word_1_917' title='bbox 1280 2582 1306 2600; x_wconf 89' lang='grc' dir='ltr'><strong>τι</strong></span> <span class='ocrx_word' id='word_1_918' title='bbox 1320 2573 1370 2608; x_wconf 79' lang='grc' dir='ltr'><strong>τῆς</strong></span> <span class='ocrx_word' id='word_1_919' title='bbox 1381 2574 1488 2605; x_wconf 80' lang='grc' dir='ltr'>οὐσίας·</span> <span class='ocrx_word' id='word_1_920' title='bbox 1501 2573 1538 2604; x_wconf 80' lang='grc' dir='ltr'><strong>ὡς</strong></span> <span class='ocrx_word' id='word_1_921' title='bbox 1551 2574 1565 2600; x_wconf 85' lang='grc' dir='ltr'>ὁ</span> <span class='ocrx_word' id='word_1_922' title='bbox 1580 2573 1678 2604; x_wconf 79' lang='grc' dir='ltr'>κόκκος</span> <span class='ocrx_word' id='word_1_923' title='bbox 1693 2573 1740 2599; x_wconf 83' lang='grc' dir='ltr'>τοῦ</span> <span class='ocrx_word' id='word_1_924' title='bbox 1752 2573 1820 2599; x_wconf 81' lang='grc' dir='ltr'>σίτοι</span> 
     </span>
    </p>
   </div>
   <div class='ocr_carea' id='block_1_114' title="bbox 1044 2619 1820 2655">
    <p class='ocr_par' dir='ltr' id='par_1_114' title="bbox 1044 2619 1820 2655">
     <span class='ocr_line' id='line_1_114' title="bbox 1044 2619 1820 2655; baseline 0.001 -10"><span class='ocrx_word' id='word_1_925' title='bbox 1044 2619 1161 2654; x_wconf 80' lang='grc' dir='ltr'>λέγεται,</span> <span class='ocrx_word' id='word_1_926' title='bbox 1174 2621 1220 2647; x_wconf 70' lang='grc' dir='ltr'><strong>καὶ</strong></span> <span class='ocrx_word' id='word_1_927' title='bbox 1231 2619 1287 2646; x_wconf 75' lang='grc' dir='ltr'>ἔστι</span> <span class='ocrx_word' id='word_1_928' title='bbox 1301 2620 1410 2655; x_wconf 84' lang='grc' dir='ltr'>σπέρμα</span> <span class='ocrx_word' id='word_1_929' title='bbox 1421 2620 1467 2646; x_wconf 67' lang='grc' dir='ltr'>καὶ</span> <span class='ocrx_word' id='word_1_930' title='bbox 1483 2619 1587 2654; x_wconf 78' lang='grc' dir='ltr'>καρπὸς</span> <span class='ocrx_word' id='word_1_931' title='bbox 1598 2620 1646 2654; x_wconf 83' lang='grc' dir='ltr'><strong>οὐχ</strong></span> <span class='ocrx_word' id='word_1_932' title='bbox 1660 2619 1698 2651; x_wconf 82' lang='grc' dir='ltr'><strong>ὡς</strong></span> <span class='ocrx_word' id='word_1_933' title='bbox 1710 2620 1820 2654; x_wconf 70' lang='grc' dir='ltr'>πρᾶγμα</span> 
     </span>
    </p>
   </div>
   <div class='ocr_carea' id='block_1_115' title="bbox 1048 2687 1074 2714">
    <p class='ocr_par' dir='ltr' id='par_1_115' title="bbox 1048 2687 1074 2714">
     <span class='ocr_line' id='line_1_115' title="bbox 1048 2687 1074 2714; baseline 0.038 -1"><span class='ocrx_word' id='word_1_934' title='bbox 1048 2687 1074 2714; x_wconf 70' lang='grc' dir='ltr'>ι.</span> 
     </span>
    </p>
   </div>
   <div class='ocr_carea' id='block_1_116' title="bbox 1084 2753 1816 2796">
    <p class='ocr_par' dir='ltr' id='par_1_116' title="bbox 1084 2753 1816 2796">
     <span class='ocr_line' id='line_1_116' title="bbox 1084 2753 1816 2796; baseline 0 -13"><span class='ocrx_word' id='word_1_935' title='bbox 1084 2756 1140 2796; x_wconf 33' lang='grc'><strong>(⁵67)</strong></span> <span class='ocrx_word' id='word_1_936' title='bbox 1161 2755 1369 2796; x_wconf 62' lang='lat' dir='ltr'><strong>lta_§ieg._Editi</strong></span> <span class='ocrx_word' id='word_1_937' title='bbox 1384 2765 1464 2796; x_wconf 62' lang='lat' dir='ltr'><strong>verol</strong></span> <span class='ocrx_word' id='word_1_938' title='bbox 1479 2757 1517 2789; x_wconf 81' lang='grc' dir='ltr'><strong>ὡς</strong></span> <span class='ocrx_word' id='word_1_939' title='bbox 1528 2756 1666 2796; x_wconf 51' lang='lat' dir='ltr'><strong>etiame;</strong></span> <span class='ocrx_word' id='word_1_940' title='bbox 1690 2755 1762 2796; x_wconf 67' lang='grc' dir='ltr'><strong>Ὁρρ.</strong></span> <span class='ocrx_word' id='word_1_941' title='bbox 1776 2753 1816 2796; x_wconf 56' lang='lat' dir='ltr'><strong>Eii</strong></span> 
     </span>
    </p>
   </div>
   <div class='ocr_carea' id='block_1_117' title="bbox 1048 2789 1815 2829">
    <p class='ocr_par' dir='ltr' id='par_1_117' title="bbox 1048 2789 1815 2829">
     <span class='ocr_line' id='line_1_117' title="bbox 1048 2789 1815 2829; baseline -0.004 -11"><span class='ocrx_word' id='word_1_942' title='bbox 1048 2789 1123 2829; x_wconf 57' lang='grc' dir='ltr'>θεός.</span> <span class='ocrx_word' id='word_1_943' title='bbox 1131 2789 1189 2829; x_wconf 44' lang='lat' dir='ltr'><strong>ac;</strong></span> <span class='ocrx_word' id='word_1_944' title='bbox 1201 2789 1390 2829; x_wconf 49' lang='lat' dir='ltr'><strong>Mox—Eelckm.</strong></span> <span class='ocrx_word' id='word_1_945' title='bbox 1406 2797 1433 2821; x_wconf 88' lang='lat' dir='ltr'><strong>et</strong></span> <span class='ocrx_word' id='word_1_946' title='bbox 1445 2791 1524 2829; x_wconf 75' lang='lat' dir='ltr'><strong>Beg.,</strong></span> <span class='ocrx_word' id='word_1_947' title='bbox 1533 2791 1600 2818; x_wconf 73' lang='grc' dir='ltr'>ἀλλὰ</span> <span class='ocrx_word' id='word_1_948' title='bbox 1610 2789 1648 2826; x_wconf 68' lang='grc' dir='ltr'>τῷ</span> <span class='ocrx_word' id='word_1_949' title='bbox 1662 2789 1752 2825; x_wconf 80' lang='grc' dir='ltr'>ταυτῷ</span> <span class='ocrx_word' id='word_1_950' title='bbox 1762 2790 1815 2826; x_wconf 77' lang='grc' dir='ltr'><strong>τῆς,</strong></span> 
     </span>
    </p>
   </div>
   <div class='ocr_carea' id='block_1_118' title="bbox 1040 2826 1320 2858">
    <p class='ocr_par' dir='ltr' id='par_1_118' title="bbox 1040 2826 1320 2858">
     <span class='ocr_line' id='line_1_118' title="bbox 1040 2826 1320 2858; baseline 0.004 -4"><span class='ocrx_word' id='word_1_951' title='bbox 1040 2826 1139 2857; x_wconf 80' lang='lat' dir='ltr'><strong>Palat..</strong></span> <span class='ocrx_word' id='word_1_952' title='bbox 1155 2826 1194 2858; x_wconf 83' lang='grc' dir='ltr'>τῷ</span> <span class='ocrx_word' id='word_1_953' title='bbox 1209 2828 1320 2857; x_wconf 71' lang='grc' dir='ltr'><strong>σεαυτῆς.</strong></span> 
     </span>
    </p>
   </div>
  </div>
