1926 3067
87 186 152 215 1157

574 194 619 221 DE
639 194 775 222 SANCTA
795 195 981 224 TRINITATE
1003 196 1173 224 DIALOGUS
1192 196 1213 223 [.-

1627 195 1694 222 “58

88 242 146 272 allo
167 246 213 273 καὶ
228 246 391 275 illamilla
403 248 432 275 δέ
447 258 473 275 τι
488 250 612 285 σημαίνει
630 251 660 277 τὺ
675 251 794 287 σπέρμα,
818 252 865 278 καὶ

923 253 994 279 diam
1013 257 1039 280 et
1058 254 1138 280 aliam
1160 263 1167 280 :
1188 253 1235 281 sed
1247 252 1318 288 quod
1337 252 1491 288 hypostasis
1503 252 1611 287 quidem
1623 252 1697 279 aliud

88 290 146 317 ἄλλο
167 300 198 337 τι
214 293 332 328 καρπός·
350 293 391 320 ὄτι
413 294 443 321 τὺ
464 295 513 330 μὲν
528 296 636 332 σπέρμα
654 297 701 323 τοῦ
724 297 865 332 μέλλοντος

88 336 215 371 γεωργίου
230 338 289 364 ἐστὶ
302 339 411 374 σπέρμα
421 348 427 354 ’
441 340 454 366 ὁ
464 340 491 366 δὲ
506 341 610 376 καρπὸς
625 342 671 368 τοῦ
687 343 865 378 παρελθόντος

88 382 215 419 γεωργίου
228 383 287 410 ἐστὶ
303 385 417 420 καρπός.

917 299 1045 333 quiddam
1073 299 1222 334 signiﬁcet,
1252 296 1324 325 aliud
1337 297 1401 325 vé'i'o
1420 298 1536 326 essentia
1559 306 1566 325 :
1587 303 1617 325 ut
1634 305 1696 333 gra-

917 352 982 370 num
1018 344 1146 372 i'rumenti
1172 343 1288 376 dicitur,
1319 347 1346 371 et
1376 348 1418 371 est
1437 347 1495 370 tum
1514 351 1617 375 semen,
1637 347 1694 370 tum

917 389 1039 417 fructus:
1060 397 1115 417 non
1135 393 1164 416 ut
1183 397 1228 417 res
1244 389 1296 416 alia
1317 393 1397 424 atque
1416 390 1491 422 alia;
1513 388 1585 416 aliud
1605 392 1695 415 autem

88 430 218 465 signiﬁcat
243 436 352 461 semen,
373 430 446 456 aliud
464 430 589 465 fructus,
624 433 753 467 quoniam
787 441 880 461 semen
899 435 1006 468 quidem
1031 435 1129 462 futurae
1151 435 1264 462 cultum
1291 443 1404 467 semen.
1438 434 1543 462 fructus
1567 443 1630 462 vero
1654 439 1696 462 est

87 475 223 511 praeteritae
241 475 355 502 culturae
373 475 487 504 fructus.

122 535 160 562 15.
180 535 278 570 Ἀνόμ.
289 535 323 562 Τί
338 536 464 572 σημαίνει
484 537 501 572 ἡ
519 537 605 570 οὐσία,
618 539 665 566 καὶ
677 533 703 565 εί
719 540 735 574 ἡ
749 539 866 566 ὑπόστα-

89 589 142 613 σις;
163 582 239 615 Ὀρθ.
262 582 294 608 Ἦ
316 581 394 609 οὐσία
416 583 465 618 τὴν
486 583 628 618 κοινότητα
655 585 797 620 σημαίνει,’
819 586 865 612 καὶ

88 623 114 650 εἴ
129 624 154 650 τί
169 625 241 652 ἐστιν
262 625 327 652 ἴδιον
343 626 393 661 τῆς
413 627 515 659 οὐσίας,
529 627 607 654 τοῦτο
627 629 716 655 κοινόν
741 631 798 656 ἐστι
810 629 865 656 τῶν

88 670 256 698 ὕποστάσεων
268 672 321 698 τῶν
332 672 384 699 ὑπὸ
392 673 441 708 τὴν
453 674 546 700 οὐσίαν
557 684 563 690 ·
579 676 595 710 ἡ
608 675 636 701 δὲ
648 675 795 708 ὑπόσταπις
808 676 866 704 ἰδιό-

87 725 152 751 τητα
164 716 230 751 ἔχει,
246 718 305 752 ἥτις
320 718 370 744 οὐκ
380 718 436 745 Ιστι
452 719 526 754 κοινὴ
539 719 592 746 τῶν
608 721 656 754 τῆς
668 721 752 756 αὐτῆς
773 721 865 752 οὐσίας

86 763 266 794 ὕποστάσεων,
276 763 342 798 μετὰ
349 763 396 790 τοῦ
405 764 450 791 καὶ
458 764 571 800 ἀριθμὸν
579 765 757 800 ἐπιδέχεσθαι.
767 767 863 801 Ἀνόμ.

93 808 124 835 Ἡ
147 809 200 844 γὰρ
221 809 300 836 οὐσία
315 810 365 836 οὐκ
385 809 440 845 ἔχει
461 810 592 845 ῖδιότητα;
615 812 684 845 Ὀρθ.
712 811 780 839 Oli-ca
805 812 868 838 ἰδιό-

86 863 152 889 τητα
173 854 249 890 ἔχει,
276 855 312 890 μὴ
333 853 414 881 οὖσαν
433 855 524 891 κοινὴν
543 856 596 882 τῶν
618 858 667 892 τῆς
690 857 781 889 οὐσίας
800 859 867 884 ὑπο-

952 539 994 566 15.
1016 539 1109 566 Anam.
1131 539 1201 572 Quid
1220 540 1353 576 signiﬁcat
1372 540 1533 572 substantia,
1563 540 1628 576 quid
1648 541 1695 576 hy-

916 585 1056 620 postasis?
1086 584 1162 612 Orth.
1186 584 1344 613 Substantia
1363 586 1498 621 signiﬁcat
1516 586 1696 613 communita-

915 634 980 658 tem.
999 629 1032 657 Et
1051 631 1073 658 si
1093 630 1158 666 quid
1177 635 1219 659 est
1236 631 1394 658 substantiae
1412 631 1563 666 proprium,
1583 630 1610 657 id
1629 637 1697 665 quo-
1735 644 1737 646 -

916 682 969 709 que
996 681 1140 702 commune
1159 678 1200 702 est
1226 674 1429 710 hypostasibus,
1459 681 1519 709 quae
1537 673 1696 701 substantia:

918 720 1033 747 subsunt.
1053 729 1061 748 :
1082 720 1236 755 hypostasis
1275 723 1365 747 autem
1394 721 1586 755 proprietatem
1616 719 1697 746 habet

919 765 1029 793 minime
1059 773 1230 793 communem
1260 766 1452 801 hypostasihus
1478 764 1601 800 ejusdem
1630 764 1696 791 sub-

919 811 1036 843 stantiae,
1066 819 1098 838 ac
1126 815 1256 846 prteterea
1285 818 1428 838 numerum
1448 809 1577 837 admittit.
1599 809 1695 836 Anam.

921 855 1018 883 Annon
1046 864 1111 884 vero
1129 856 1247 884 essentia
1276 856 1467 891 proprietatem
1497 855 1600 882 habet?
1620 853 1698 882 Οι-ιΙι.

88 900 204 926 στάσεων
215 909 222 915 ·
237 899 298 926 οὕτε
311 900 425 936 ἀριθμὸν
439 900 617 936 πληθυντικὸν
635 902 795 937 ἐπιδέχεται,
819 902 867 938 μία

923 900 1010 936 Neque
1038 902 1228 936 proprietatem
1254 901 1335 928 habet
1363 909 1417 928 non
1449 907 1620 928 communem
1649 899 1699 934 hy-

85 943 159 972 οὗσα.
177 946 213 972 Τὸ
227 945 254 972 δὲ
266 946 379 981 ἀριθμὸν
398 946 575 981 πληθυντικὸν
596 947 784 983 ἐπιδεχόμενον
801 948 867 975 πάν-

87 1000 138 1022 τως
153 991 267 1026 ίδιότητα
282 991 351 1027 ἔχει·
366 993 411 1018 καὶ
428 992 457 1018 τὸ
469 992 528 1028 ἕχον
543 993 658 1028 ἰδιότητα
679 994 794 1029 ἀριθμὺν
809 996 867 1021 ἐπι-

86 1036 198 1071 δέχεται.
227 1037 299 1073 Λὺτὴ
326 1037 409 1073 γὰρὴ
432 1038 530 1073 ἰδιότης
552 1038 597 1064 τὸν
619 1039 734 1074 ἀριθμὸν
752 1040 865 1074 είσάγει.

94 1082 189 1116 Ἀνόμ.
205 1083 242 1108 Οὐ
264 1082 327 1114 νοῶ,
346 1082 360 1108 ὃ
374 1082 478 1116 λέγεις·
503 1083 563 1110 εἰπὲ
588 1085 764 1120 σαφέστερον.
790 1086 866 1120 Ὀρθ.

87 1127 181 1160 Λέγεις
203 1125 272 1153 εἶναι
292 1126 339 1153 τοῦ
358 1127 465 1162 Πατρὺς
479 1127 528 1163 τὴν
543 1128 637 1155 οὐσίαν
662 1128 804 1161 ἀθάνατον,
821 1129 868 1156 καὶ

87 1172 230 1207 ἄφθαρτον,
243 1173 289 1198 καὶ
296 1173 419 1208 ἀόρατον,
429 1173 475 1199 καὶ
485 1164 515 1208 δὴ
521 1173 656 1209 μιουργδν,
670 1174 716 1201 καὶ
724 1175 788 1201 Θεόν
796 1174 849 1211 (68)
859 1183 866 1208 ;

95 1217 189 1252 Ἀνόμ.
204 1218 266 1244 Ναί.
282 1219 357 1251 Ὀρθ.
375 1219 429 1245 Καὶ
443 1219 489 1245 τὸν
505 1219 568 1246 Υίὺν
585 1219 673 1254 λέγεις
689 1220 789 1255 ὁμοίως
803 1220 868 1247 ἀθά-

88 1270 175 1295 νατον,
190 1263 236 1289 καὶ
257 1263 404 1298 ἄφθαρτον,
429 1265 475 1290 καὶ
496 1264 620 1299 ἀόρατον,
633 1265 679 1291 καὶ
693 1266 867 1301 δημιουργὸν,

89 1307 134 1333 καὶ
150 1307 230 1340 Θεόν;
252 1307 349 1341 Ἀνόμ.
362 1307 424 1335 Ναί,
443 1308 519 1341 Ὀρθ.
539 1308 642 1344 Ὠσπερ
657 1306 702 1335 οὖν
721 1308 809 1343 λέγεις
820 1308 868 1335 τοῦ

89 1353 193 1389 Πατρὸς
205 1354 254 1390 τὴν
265 1353 358 1381 οὐσίαν
373 1353 516 1385 ἀθάνατον,
528 1355 673 1390 ἄφθαρτον,
687 1355 810 1391 ἀόρατον,
823 1356 869 1391 δη-

88 1399 226 1435 μιουργὸν,
243 1399 314 1426 οὕτω
328 1400 374 1426 καὶ
396 1399 443 1426 τοῦ
460 1399 524 1427 Υίοῠ
540 1400 629 1434 λέγεις
648 1401 702 1436 (69)
718 1401 765 1436 τὴν
787 1401 869 1437 αὐτὴν

87 1444 195 1477 οὐσίαν;
217 1445 314 1480 Ἀνόμ.
347 1445 410 1472 Ναί.
430 1446 506 1479 Ὀρθ.
528 1446 579 1472 Τὸν
590 1447 653 1474 Υῐὸν
667 1447 697 1473 οὑ
708 1446 796 1481 λέγεις
814 1448 869 1473 Πα-

85 1490 167 1525 τέρα;
191 1490 289 1524 Ἀνόμ.
313 1490 361 1517 Οὔ.
389 1492 465 1525 Ὀρθ.
490 1491 546 1518 Οὐκ
562 1491 614 1528 ἄρα
629 1493 677 1528 τῆς
692 1493 785 1525 οὐσίας
797 1493 869 1519 ἐστὶν

88 1534 151 1561 [διον
162 1534 191 1561 τὸ
205 1536 308 1571 Πατὴρ,
323 1536 389 1562 ἀλλὰ
403 1537 452 1572 τῆς
478 1537 661 1570 ὑποστάσεως.
677 1539 775 1572 Ἀνόμ.
791 1539 869 1571 Πῶς;

94 1580 163 1614 Ὀρθ.
182 1579 242 1607 ’Ότι
255 1567 289 1607 ad.
305 1581 354 1616 μὲν
365 1581 415 1617 τῆς
428 1567 521 1615 obuia;
533 1583 595 1616 ἴδια,
610 1567 710 1619 ὁμοίως
723 1567 775 1611 alat
792 1567 869 1612 κοινά
884 1567 906 1597 C

86 1625 133 1652 τοῦ
148 1627 263 1662 Πατρὸς,
277 1628 323 1654 καὶ
342 1628 389 1654 τοῦ
404 1628 480 1662 Υίοῦ,
494 1630 541 1656 καὶ
552 1629 598 1656 τοῦ
613 1630 689 1664 ἁγίου
703 1630 869 1666 Πνεύματοςο

85 1674 118 1700 τδ
137 1673 165 1700 δὲ
186 1674 280 1710 Πατὴρ
294 1675 324 1701 οὑ
344 1674 431 1701 κοινόν
441 1683 447 1690 ·
461 1675 511 1701 οὐκ
523 1674 577 1711 ἄρα
590 1676 640 1711 τῆς
654 1675 746 1707 οὐσίας
758 1676 824 1703 ῐδιον
840 1677 871 1703 τὸ

87 1719 266 1755 Πατὴρ,ἁλλὰ
277 1719 326 1755 τῆς
338 1721 521 1752 ὑποστάσεως.
535 1721 567 1747 Et
577 1721 604 1747 δὲ
615 1721 678 1748 ἄλλο
692 1721 740 1756 τῆς
754 1721 871 1748 ὑποστά-

87 1772 158 1796 σεως
180 1765 210 1791 τὸ
236 1765 310 1798 ἴδιον,
337 1765 384 1792 καὶ
408 1765 475 1793 ἄλλα
500 1766 551 1801 τῆς
569 1766 661 1798 οὐσίας
683 1766 824 1802 ἰδιώματα,
840 1768 870 1794 οὐ

83 1810 183 1837 ταυτόν
192 1811 249 1837 ἔστι
258 1811 453 1846 σημαινόμενον
461 1812 538 1838 οὐσία
548 1813 594 1839 καὶ
606 1812 762 1844 ὑπόστασις.
771 1813 870 1848 ’Λνόμ

84 1856 144 1883 Οὐκ
158 1856 231 1883 ἔστιν
245 1857 310 1883 ἴδιον
325 1857 371 1884 τοῦ
386 1858 491 1893 Πατρὸς
499 1858 530 1884 τὸ
544 1858 707 1894 ἀγέννητονς
727 1859 803 1893 ὀρθ.
815 1859 871 1886 Οὐκ

85 1902 169 1930 ἐστιν.
178 1903 276 1938 ’Δγ-ὀμ.
287 1904 378 1930 Ἔστιν
389 1902 434 1931 οὖν
441 1904 495 1932 τῶν
505 1904 588 1931 ὄντων
599 1905 662 1931 ἄλλο
673 1913 700 1932 τι
712 1905 872 1940 ἀγέννητον;

91 1949 170 1983 Ὄρϐ.
181 1949 245 1976 Ναί.
262 1950 361 1984 Ἀνόμ.
376 1949 423 1983 Τί;
445 1950 522 1984 Ὅρα.
544 1951 675 1986 Γεννητόν
691 1951 749 1978 ἐστι
770 1951 800 1978 τὸ
819 1961 872 1978 πα-

83 1995 154 2030 τέρα
167 1995 237 2030 ἔχον,
248 1995 295 2022 καὶ
312 1995 456 2031 ἀγέννητον
469 1996 499 2022 τδ
515 1995 553 2032 μὴ
566 1998 670 2032 πατέρα
684 1997 759 2032 ἐχον;
772 1998 870 2033 Ἀνόμ.

84 2040 150 2066 Ναί.
169 2040 245 2074 Ὀρθ.
259 2041 294 2067 Τὸ
310 2039 423 2076 Πνεῦμα
436 2041 467 2068 τὸ
477 2042 553 2076 ἆγιον
570 2042 678 2078 Πατέρα
689 2042 744 2078 ἔχει
755 2051 762 2075 ;
773 2043 873 2078 Ἀνόμ.

84 2084 136 2111 οὔ.
155 2086 232 2119 Ὀρθ.
249 2085 353 2112 Οὑκοῦν
365 2086 412 2112 καὶ
423 2087 488 2112 αὐτὸ
503 2086 649 2122 ἀγέννητον
659 2095 665 2102 ’
679 2087 729 2113 οὐκ
740 2087 794 2122 ἄρα
809 2087 874 2115 ίδιον

83 2130 133 2157 τοῦ
151 2131 258 2167 Πατρὺς
276 2132 306 2158 τὸ
318 2132 464 2168 ἀγέννητον
477 2131 542 2168 (70).
560 2133 659 2168 Ἀνόμ.
690 2133 759 2160 ’All'
782 2135 797 2160 ὁ
819 2135 875 2160 Πα-

83 2175 138 2211 τὴρ
154 2176 203 2202 καὶ
221 2175 367 2210 ἀγέννητός
381 2177 438 2203 ἐστι
452 2177 499 2204 καὶ
510 2177 651 2213 ἀγένητος.
669 2179 742 2212 Ὀρθ.
760 2178 827 2206 Οὐδὲ
844 2178 873 2205 τὸ

917 947 1071 982 postasibus
1102 947 1262 975 substantiae
1281 967 1287 978 ,
1309 955 1396 982 neque
1432 946 1540 974 numeri
1570 944 1700 979 multipli-

917 993 1052 1020 cationem
1080 993 1216 1024 admittit,
1243 1000 1303 1019 cum
1325 993 1360 1020 sit
1386 1000 1448 1019 una.
1470 990 1607 1026 Quidquid
1635 995 1700 1016 vero

918 1040 1022 1067 numeri
1051 1039 1301 1074 multiplicationem
1336 1038 1463 1070 admittit,
1491 1037 1602 1064 omnino
1632 1043 1698 1071 pro-

917 1085 1059 1120 prietatem
1088 1084 1168 1111 habet
1191 1093 1198 1111 :
1229 1087 1256 1112 et
1281 1083 1353 1118 quod
1377 1083 1570 1118 proprietatem
1600 1082 1699 1114 habet,

918 1138 1060 1158 numerum
1097 1129 1231 1157 admittit.
1257 1128 1319 1164 ipsa
1356 1129 1428 1156 enim
1460 1128 1612 1163 proprietas
1646 1137 1700 1156 nu-

918 1185 1021 1204 merum
1052 1176 1166 1203 inducit.
1197 1175 1292 1202 Anam.
1324 1174 1382 1202 Non
1414 1174 1535 1209 intelligo
1565 1174 1637 1209 quod
1657 1175 1700 1203 di-

918 1222 986 1249 cis:
1010 1221 1117 1257 planius
1144 1222 1264 1256 loquere.
1298 1220 1376 1248 Orth.
1405 1219 1493 1247 Patris
1521 1220 1700 1248 substantiam

918 1267 987 1296 dicis
1005 1276 1066 1296 esse
1085 1267 1277 1300 immortalem,
1297 1270 1324 1295 et
1343 1266 1590 1301 incorruptibilem,
1608 1271 1636 1294 et
1657 1267 1700 1294 in—

919 1313 1063 1347 visibilem,
1082 1316 1108 1340 et
1127 1313 1296 1344 creatricem,
1316 1315 1343 1340 et
1362 1311 1467 1340 Deum?
1486 1313 1580 1339 Anam.
1602 1311 1691 1339 Etiam

921 1359 997 1386 Orth.
1017 1359 1050 1386 Et
1061 1358 1158 1386 Filium
1173 1348 1303 1386 .similiter
1317 1357 1385 1385 dicis
1401 1357 1591 1390 immortalem,
1612 1358 1703 1385 incor-

919 1403 1092 1438 ruptibilem,
1132 1398 1317 1436 invisibilem,
1349 1408 1497 1430 creatorem
1534 1406 1562 1430 et
1599 1402 1706 1430 Deum?

921 1448 1015 1475 Anam.
1043 1448 1123 1475 Sane.
1163 1446 1239 1474 Orth.
1267 1447 1344 1474 Sicut
1372 1454 1437 1481 ergo
1465 1446 1551 1474 Patris
1576 1447 1703 1474 substan-

920 1493 985 1519 tiam
1006 1492 1074 1520 dicis
1094 1493 1283 1523 immortalem,
1303 1491 1545 1524 incorruptibilem,
1579 1491 1704 1520 invisibi-

921 1537 985 1568 lem,
1004 1539 1173 1569 creatricem.
1195 1545 1284 1564 nonne
1299 1537 1336 1564 ita
1361 1540 1387 1563 et
1405 1536 1466 1563 Filii
1487 1536 1609 1563 eamdem
1640 1537 1705 1564 sub—

922 1582 1050 1609 stantiam
1079 1582 1169 1609 dicis?
1198 1583 1292 1609 Anam.
1328 1580 1409 1608 Sane.
1441 1580 1517 1608 Orlh.
1537 1580 1636 1607 Filium
1656 1588 1705 1607 au-

921 1631 976 1655 tem
995 1636 1060 1655 num
1074 1635 1154 1656 vocas
1169 1627 1296 1655 Patrem?
1309 1627 1404 1654 Anam.
1419 1626 1606 1661 Nequaquam.
1625 1625 1703 1653 Orth.

921 1673 1001 1702 Pater
1019 1682 1083 1709 ergo
1099 1682 1152 1702 non
1173 1680 1214 1702 est
1231 1673 1369 1709 proprium
1386 1672 1514 1708 quiddam
1535 1672 1703 1705 substantia,

921 1721 969 1748 sed
1001 1720 1189 1756 hypostaseos.
1217 1721 1311 1747 Anam.
1338 1718 1497 1752 Quomodo?
1523 1718 1598 1745 Orth.
1633 1718 1705 1751 Quo-

922 1766 995 1793 niam
1014 1773 1074 1801 quae
1097 1766 1206 1801 propria
1225 1769 1290 1793 sunt
1315 1763 1484 1796 substantiae,
1503 1763 1628 1791 similiter
1641 1767 1706 1791 sunt

922 1812 1079 1839 communia
1098 1811 1183 1843 Patri,
1207 1810 1274 1838 Filio
1299 1813 1326 1838 et
1346 1809 1458 1844 Spiritui
1487 1813 1592 1837 sancto.
1624 1808 1706 1835 Pater

923 1861 1012 1884 autem
1027 1865 1081 1884 non
1098 1860 1140 1884 est
1156 1864 1301 1884 commune
1320 1854 1449 1891 quiddam
1465 1862 1472 1887 ;
1491 1861 1547 1881 non
1563 1849 1707 1888 est'igitur

922 1902 1004 1931 Pater
1021 1902 1086 1938 quid
1104 1902 1243 1938 proprium
1259 1901 1428 1933 substantizn,
1444 1900 1490 1928 sed
1512 1899 1703 1935 bypostaseos.

923 1949 1002 1982 Quod
1021 1949 1042 1976 si
1064 1949 1136 1976 aliud
1153 1948 1234 1985 416
1250 1952 1291 1976 est
1303 1948 1443 1983 proprium
1463 1947 1652 1983 hypostaseos,
1675 1949 1702 1972 et

924 1995 983 2022 alim
1003 1995 1073 2030 sunt]
1095 1995 1270 2029 proprietates
1294 1993 1462 2025 substantiae,
1489 1999 1542 2019 non
1567 1991 1638 2019 idem
1667 1991 1707 2017 si-

924 2041 1053 2076 gniﬁcant
1072 2040 1224 2067 substantia
1234 2043 1260 2067 et
1280 2038 1443 2074 hypostasis.
1459 2036 1601 2064 Anom.‘At
1619 2042 1708 2062 nonne

925 2093 978 2113 non
1016 2086 1134 2121 genitum
1158 2092 1229 2117 esse.
1261 2089 1302 2112 est
1324 2084 1413 2111 Patris
1443 2081 1602 2118 proprium?
1631 2080 1708 2107 Orlh.

924 2131 983 2158 Non
1012 2137 1063 2159 est.
1089 2132 1184 2158 Anam.
1213 2130 1296 2158 Estne
1315 2130 1342 2156 in
1360 2137 1451 2157 rerum
1488 2132 1586 2155 natura
1606 2125 1707 2160 aliquid

926 2177 998 2204 aliud
1022 2177 1193 2212 ingenitum?
1216 2176 1292 2204 Orth.
1313 2175 1412 2202 Etiam.
1443 2174 1538 2201 Anam.
1560 2171 1706 2206 Quidnam'x

83 2221 219 2256 ἀγένητον
231 2221 296 2248 ῐδιόν
311 2222 369 2248 ἐστι
381 2222 428 2249 τοῦ
440 2223 556 2258 Πατρὸς,
571 2223 638 2250 ἀλλὰ
652 2225 740 2251 κοινόν
750 2225 808 2251 ἐστι
819 2225 869 2251 Πα-

928 2222 1003 2250 Orth.
1029 2221 1123 2248 Nonne
1139 2221 1165 2249 id
1186 2222 1306 2257 genitum
1334 2224 1386 2252 est,
1402 2219 1474 2254 quod
1489 2223 1591 2253 patrem
1610 2216 1691 2243 habet

84 2266 162 2302 τρὸς,
180 2266 227 2293 καὶ
243 2266 319 2300 Υἱοῦ,
336 2268 383 2295 καὶ
405 2268 484 2302 ἁγίου
498 2269 665 2304 Πνεύματος.
683 2269 782 2304 Ἀνόμ.
796 2270 872 2303 Πῶς;

83 2313 162 2346 Ὀρθ.
171 2313 312 2348 Ἀγένητόν
323 2314 381 2340 ὲστι
392 2313 422 2340 τὸ
438 2314 625 2350 γενεσιουργδν
640 2314 677 2350 μὴ
688 2314 785 2350 ἕχον-ἢ
799 2315 871 2348 πῶς;

83 2359 189 2393 ’Δνόμ
201 2359 264 2386 Ναί.
286 2360 362 2393 Ὀρθ.
379 2359 415 2386 Τὸ
430 2360 458 2386 δὲ
479 2361 668 2396 γενεσιοιιργδν
687 2361 745 2396 ἕχον
761 2362 873 2396 γενητόν

83 2404 174 2431 ἐστιν.
187 2404 255 2431 Οὔτε
267 2405 296 2431 δὲ
312 2405 375 2437 Υἱὸς
390 2406 579 2441 γενεσιουργδν
591 2405 658 2441 ἔχει,
679 2405 739 2432 οὔτε
762 2406 874 2440 Πνεῦμα.

84 2449 234 2484 (δέδεικται
257 2450 312 2486 γὰρ
334 2451 365 2477 ὲκ
380 2451 499 2486 γαστρὸς
513 2452 528 2477 ὁ
549 2451 621 2484 Υἱὸς,
638 2451 684 2478 καὶ
698 2452 730 2478 ὲκ
744 2452 875 2486 στόματος

81 2495 116 2521 τὸ
131 2496 267 2532 Πνεῦμα).
279 2497 336 2523 υῦκ
352 2497 406 2533 ἄρα
423 2497 488 2524 ἴδιον
498 2497 552 2531 ’τοῦ
569 2497 675 2533 Πατρδς
686 2495 718 2524 τὸ
733 2497 873 2533 ἀγένητον.

926 2269 1075 2304 ingenitum
1103 2269 1141 2300 id,
1171 2267 1243 2302 quod
1259 2268 1370 2302 ‘patrem
1398 2273 1451 2292 non
1481 2263 1582 2291 habet?
1612 2263 1706 2289 Anam.

925 2314 1024 2342 Etiam.
1062 2314 1138 2341 Orth.
1172 2312 1289 2348 Spiritus
1319 2312 1435 2339 habetne
1464 2309 1595 2337 Patrem?
1613 2309 1706 2335 Anam.

926 2360 995 2388 Non.
1017 2360 1094 2388 Orth.
1113 2360 1183 2395 Ergo
1198 2363 1225 2387 et
1242 2359 1301 2394 ipse
1319 2362 1360 2386 est
1379 2357 1534 2392 ingenitus:
1556 2356 1648 2390 itaque
1667 2355 1704 2381 in-

928 2406 1047 2441 genitum
1079 2413 1150 2438 esse,
1174 2413 1227 2432 non
1255 2410 1297 2432 est
1320 2403 1460 2439 proprium
1484 2402 1582 2429 Patris.
1613 2402 1699 2427 Anam

928 2452 980 2479 Sed
1000 2452 1079 2479 Pater
1099 2456 1143 2479 est
1162 2455 1189 2478 et
1204 2458 1258 2478 non
1275 2450 1383 2485 genitus
1399 2452 1426 2476 et
1444 2455 1498 2475 non
1514 2447 1613 2474 factus.
1632 2445 1699 2473 0rl/t

927 2497 966 2526 Ne
991 2498 1063 2525 istud
1085 2496 1203 2532 quidem,
1226 2504 1280 2524 non
1310 2495 1411 2522 factum
1439 2501 1509 2527 esse,
1534 2492 1624 2519 Patris
1646 2499 1706 2526 pro-

84 2542 180 2576 prium
208 2546 260 2574 est,
285 2543 333 2570 sed
347 2551 490 2571 commune
509 2548 552 2572 est
570 2544 654 2576 Patri,
682 2544 761 2576 Filio,
781 2549 808 2572 et
827 2544 940 2579 Spiritui
970 2549 1076 2573 sancto.
1097 2546 1191 2572 Anam.
1213 2543 1374 2577 Quomodo?
1403 2541 1479 2570 Orth.
1515 2541 1555 2568 An
1593 2539 1706 2567 non—fa-

83 2594 165 2614 ctum
186 2592 228 2615 est
245 2589 322 2622 illud,
347 2589 420 2624 quod
436 2598 490 2618 non
506 2591 587 2618 habet
612 2591 735 2626 opificem
751 2601 756 2618 :
771 2595 817 2618 aut
832 2592 967 2626 quomodo
990 2592 1141 2627 intelligis?
1160 2592 1255 2619 Anam.
1290 2590 1387 2617 Etiam.
1419 2589 1495 2617 Orth.
1517 2587 1585 2614 Illud
1620 2590 1707 2612 autem

83 2637 131 2660 est
148 2632 262 2666 factum,
282 2636 355 2670 quod
382 2636 463 2663 habet
481 2638 615 2672 opiﬁcem.
642 2637 676 2664 At
690 2645 779 2672 neque
798 2636 882 2665 Filius
902 2646 989 2674 neque
1026 2638 1144 2674 Spiritus
1168 2641 1279 2666 sanctus
1314 2637 1414 2664 habent
1443 2634 1566 2670 opiﬁcem
1597 2632 1702 2668 (osten-

85 2687 152 2706 sum
173 2682 249 2708 enim
277 2686 330 2714 est,
350 2682 448 2710 Filium
467 2691 528 2712 esse
544 2692 576 2712 ex
593 2690 682 2716 utero,
697 2689 724 2712 et
739 2684 869 2720 Spiritum
890 2691 1014 2714 sanctum
1034 2694 1066 2714 ex
1083 2686 1153 2722 ore).
1166 2677 1276 2721 'ltaque
1290 2684 1392 2712 factum
1407 2690 1462 2710 non
1483 2689 1555 2715 esse,
1587 2687 1642 2708 non
1670 2684 1707 2706 esl

84 2727 234 2761 proprium
248 2728 347 2757 Patris.

126 2783 173 2810 14.
187 2784 286 2818 ’ΛΦ-ὀμ.
311 2784 343 2811 Τί
362 2783 407 2812 οὖν
423 2785 486 2812 ἄλλο
507 2785 569 2812 ἴδιόν
585 2787 643 2813 ἐστι
663 2787 709 2814 τοῦ
726 2788 831 2822 Πατρδς
850 2788 874 2813 εἰ

207 2837 303 2874 Palat.,
317 2840 362 2865 καὶ
372 2839 533 2874 δημιουργὸν
547 2840 622 2866 Θεόν.

127 2872 188 2908 (69)
208 2873 273 2909 Reg.
289 2878 315 2901 et
332 2872 429 2907 Palati,
440 2872 510 2901 οὕτω
523 2875 568 2901 καὶ
579 2876 687 2911 Πατέρα
703 2877 799 2910 λέγεις.

965 2786 1007 2814 14.
1030 2787 1123 2813 Anam.
1142 2785 1277 2819 Quidnam
1295 2785 1377 2820 igitur
1392 2782 1464 2811 aliud
1482 2786 1524 2810 est
1542 2782 1631 2810 Patris
1650 2789 1700 2817 pro

958 2842 1014 2875 (ἳο)
1033 2841 1119 2868 Palat.
1137 2841 1192 2868 fere
1211 2847 1317 2874 seraper
1337 2838 1602 2875 ὴίῲεῑγὰγέννητον,
1616 2842 1641 2865 et
1654 2845 1704 2872 γεν

927 2873 1016 2912 meo,
1028 2877 1080 2905 nisi
1096 2877 1173 2904 aliter
1187 2873 1305 2908 notetur,
1324 2879 1349 2902 et
1369 2873 1468 2908 Regius
1483 2874 1617 2901 similiter.
