1926 3067
246 192 315 215 1103

799 184 829 213 s.
849 183 1078 210 ATllANASlUS.
1094 199 1129 204 —
1145 169 1292 210 semis.~

1787 183 1801 210 ι
1809 175 1869 210 rm

245 247 344 281 prium,
375 245 399 273 si
418 252 506 279 neque
535 251 588 270 non
608 244 729 278 genitum
747 250 818 275 esse,
851 249 940 277 neque
971 249 1026 269 non

1082 242 1145 277 μήτε
1159 242 1189 268 τὸ
1205 242 1350 276 ἀγέννητον
1369 241 1433 267 εἳισν
1447 240 1527 267 αὑτοῦ
1550 240 1618 272 ἔστι,
1634 241 1700 277 μήτε
1715 241 1745 268 τὸ
1759 242 1866 277 ἀγένη-

245 292 357 322 factum,
382 295 423 318 est
439 291 526 325 ipsius
539 290 700 325 proprium?
723 288 800 317 Orth.
820 288 888 317 Esse
907 288 1024 318 Patrem,

244 342 284 364 νει
298 336 437 371 proprium
457 335 570 362 Patris:
590 342 651 362 esse
676 333 787 366 Filium,
816 338 858 361 est
886 333 1026 368 proprium

244 381 303 408 Filii
325 385 376 409 :et
405 388 466 408 esse
491 380 622 416 Spiritum
651 383 774 407 sanctum
795 379 852 412 Dei,
887 379 1025 414 proprium

243 432 284 454 est
307 427 426 462 Spiritus
445 427 544 454 sancti.
569 426 665 452 Anam.
685 425 782 452 Annon
803 432 866 451 vero
885 424 964 451 Pater
985 427 1027 451 est

244 472 356 506 spiritus
383 472 516 499 sanctus?
547 471 623 498 Orth.
642 469 723 497 Pater
749 477 857 504 quoque
877 473 920 497 est
947 469 1028 504 spiri-

245 522 287 544 tus
317 522 439 549 sanctus,
470 516 516 544 sed
549 524 603 543 non
635 520 678 543 est
701 514 820 550 Spiritus
849 514 906 541 Dei.
935 513 1028 549 ltaque

245 564 420 598 hypostaseos
456 562 544 589 Patris
579 561 719 596 proprium
743 563 804 592 est,
840 558 948 586 Pater:
978 566 1028 585 nec

246 610 316 637 enim
330 609 410 636 Pater
422 608 507 635 Filius
519 613 560 635 est
571 616 578 635 :
595 613 620 634 et
632 607 810 642 hypostaseos
818 605 878 632 Filii
888 605 1028 639 proprium

245 661 296 689 est,
333 655 437 683 Filius:
459 662 509 682 nec
535 654 608 681 enim
637 653 722 680 Filius
749 651 830 679 Pater
855 656 911 684 est;
934 656 961 678 ct
980 651 1029 686 hy-

246 706 386 736 postaseos
406 699 524 734 Spiritus
544 698 630 726 sancti
654 697 794 732 proprium
813 701 866 729 est,
898 695 1028 731 Spiritum

246 746 292 773 Dei
312 749 436 773 sanctum
474 752 554 776 esse,
577 751 666 778 neque
697 742 815 777 Spiritus
844 741 890 768 Dei
918 744 1029 768 sanctus

246 793 324 820 Pater
342 796 383 819 est
399 796 444 818 aut
464 790 558 818 Filius.
591 789 747 816 Substantia
763 795 828 814 vero
846 791 886 814 est
906 794 1029 813 commu-

246 839 288 866 nis
304 838 388 868 Patri,
404 836 481 869 Filio,
506 840 532 863 et
557 834 670 870 Spiritui
696 837 813 861 sancto:
835 836 877 859 est
894 831 965 859 enim
992 831 1030 858 si-

246 884 347 910 militer
366 882 538 912 immortalis,
565 880 691 908 similiter
710 877 936 912 incorruptibilis,
955 877 1030 904 simi-

1075 296 1135 319 τον;
1152 287 1229 321 Ὀρθ.
1246 287 1298 313 Τοῦ
1319 287 1423 322 Πατρὺς
1451 286 1515 313 ἴδιον
1537 286 1577 318 τὸ,
1599 287 1706 322 Πατήρ·
1727 287 1784 322 τοῦξ
1794 287 1865 314 Υἱοῦ

1077 333 1141 359 ἴδιον
1155 333 1194 365 τὸ,
1213 333 1290 364 Υἱός·
1310 332 1356 359 τοῦ
1373 332 1527 368 Πνεύματος
1540 331 1587 358 τοῦ
1604 333 1691 366 ἁγίου,
1701 332 1731 358 τὸ
1746 332 1866 368 Πνεῦμ-;

1077 378 1142 405 Θεοῦ
1166 379 1242 412 ἅγιον
1264 376 1343 405 εἶναι.
1359 379 1458 412 Ἀνόμ.
1481 379 1509 404 '0
1533 377 1588 413 γὰρ
1615 378 1708 413 Πατὴρ
1732 378 1782 404 οὒκ
1803 378 1854 403 ἔστ

1077 424 1184 460 πνεῦμα
1211 425 1303 458 ἆγιον;
1327 425 1403 458 Ὀρθ.
1425 424 1480 450 Καὶ
1504 425 1518 449 ὁ
1539 423 1633 458 Πατὴρ
1651 423 1758 458 πνεῦμα
1783 422 1848 456 ἆγιέ

1078 472 1162 501 ἐστιν,
1172 470 1228 496 ἀλλ’
1239 471 1269 496 οὺ
1278 469 1388 505 Πνεῦμα
1404 469 1481 496 Θεοῦ.
1500 469 1555 504 Τῆς
1570 467 1615 495 οῦν
1629 469 1804 500 ὑποστάσεως
1816 477 1846 494 τε

1078 516 1183 551 Πατρὸς
1194 516 1258 542 ἴδιον
1271 515 1311 547 τὸ,
1329 515 1434 550 Πατήρ⁶
1443 514 1567 549 οὐδαμῶς
1583 514 1636 548 γὰρ
1649 514 1662 540 6
1671 514 1764 550 Πατὴρ
1780 513 1849 544 Υἱός
1874 537 1879 555 ί

1078 563 1126 589 καὶ
1151 562 1200 597 τῆς
1225 561 1399 592 ὑποστάσεως
1417 561 1463 587 τοῦ
1487 560 1550 587 Υἰοῦ
1576 560 1640 586 ἴδιον
1664 559 1703 591 τὸ,
1719 560 1799 591 Υἱός·
1815 560 1864 585 οὑ-

1077 607 1171 643 δαμῶς
1191 606 1245 642 γὰρ
1258 608 1272 633 ὁ
1288 607 1349 638 Υἱὸς
1369 607 1478 641 Πατήρ’
1493 606 1602 640 καὶτῆς
1619 605 1794 636 ὑποστάσεως
1814 604 1864 631 τοῦ

1079 653 1236 688 Πνεύματος
1253 652 1299 678 τοῦ
1317 652 1395 686 ἁγίου
1422 651 1486 677 [διον
1512 652 1542 677 τὸ
1562 650 1630 678 εἶναι
1657 651 1768 686 Πνεῦμα
1792 650 1864 677 Θεοῦ

1079 701 1170 734 ἆγιον⁶
1199 699 1323 734 οὐδαμῶς
1349 699 1378 725 δὲ
1397 698 1426 724 τὸ
1447 698 1558 733 Πνεῦμα
1573 697 1619 724 τοῦ
1634 697 1700 723 Θεοῦ
1718 697 1748 723 τὸ
1772 696 1865 730 ἆγιον,

1079 746 1202 781 Πατὴρῆ
1220 745 1294 776 Υἱός.
1320 745 1353 770 Ἡ
1375 744 1402 770 δὲ
1421 744 1499 770 οὐσία
1523 743 1638 779 Πατρδς,
1655 743 1702 769 καὶ
1721 742 1798 773 Υίοῦ,
1818 743 1866 768 καὶ

1079 791 1157 825 ἁγίου
1176 790 1341 825 Πνεῦματος,
1349 790 1424 824 κοινή
1436 798 1443 804 '
1457 789 1558 824 ὁμοίως
1570 788 1624 823 γὰρ
1635 788 1778 819 ἀθάνατος,
1787 787 1868 822 ὁμοί-

1080 844 1117 866 ως
1132 834 1279 869 ἆφθαρτος,
1296 833 1396 869 ὁμοίως
1413 833 1478 866 ἁγία
1495 832 1561 867 (Ἠ),
1579 832 1677 867 ὁμοίως
1692 831 1792 867 ἀγαθή.
1809 832 1866 858 Καὶ

1080 880 1123 907 διὰ
1145 880 1222 906 τοῦτο
1239 879 1354 914 λέγομεν
1383 878 1446 914 μίαν
1466 878 1570 909 οὐσίαν,
1590 879 1664 913 τρεῖς
1688 877 1864 908 ὑποστάσεις.

246 930 307 956 liter
325 932 429 959 sancta.
451 927 576 955 similiter
595 926 677 953 bona.
705 924 737 951 Et
755 928 896 960 propterea
912 923 1028 950 dicimus

1082 927 1178 960 Ἀνόμ.
1189 925 1243 952 Ποῦ
1257 925 1466 960 γέγραπται,ὃτι
1483 924 1512 950 τὸ
1524 923 1645 959 Πνεῦμα,
1661 922 1727 949 Θεοῦ
1737 922 1865 956 λέγεται;

246 983 327 1002 unam
351 975 543 1006 substantiam,
567 977 623 1000 tres
655 972 825 1007 hypostases.
861 971 954 997 Anam.
977 969 1027 997 Ubi

246 1022 378 1056 scriptum
398 1024 440 1048 est
458 1019 588 1054 Spiritum
601 1022 725 1045 sanctum
745 1017 798 1043 dici
812 1016 943 1050 Spiritum
962 1014 1029 1042 Dei?

246 1067 322 1094 Ott/2.
339 1065 440 1093 Paulus
459 1065 599 1099 apostolus
616 1063 683 1090 dicit
698 1072 704 1089 :
730 1071 740 1087 ‹
759 1061 845 1088 Nemo
859 1061 930 1088 enim
945 1060 1029 1087 homi-

247 1120 311 1139 num
331 1112 383 1139 scit
395 1119 455 1146 qua:
469 1108 673 1141 sunthominis,
694 1107 747 1134 nisi
763 1107 876 1141 spiritus
898 1105 1027 1137 hominis,

246 1156 292 1190 qui
307 1155 334 1182 in
355 1155 414 1189 ipso
434 1157 494 1184 est;
516 1153 553 1179 ita
577 1155 604 1179 et
629 1158 689 1186 qua:
710 1150 756 1177 Dei
776 1154 855 1181 sunt,
880 1157 959 1176 nemo
983 1156 1030 1175 co-

247 1201 349 1237 gnovit,
358 1200 410 1227 nisi
425 1198 543 1234 Spiritus
559 1197 637 1225 Dei'.
652 1197 767 1223 i'Anom.
782 1194 912 1229 Spiritum
926 1195 973 1222 Dei
989 1195 1030 1222 di-

246 1248 283 1274 cit
294 1247 382 1284 ipsum
402 1245 497 1273 Deum.
520 1243 596 1272 Orth.
608 1243 679 1279 Lege
698 1243 868 1278 Apostolum,
890 1246 920 1269 ut
939 1242 1030 1277 ipsum

247 1294 303 1320 hac
333 1293 468 1320 dicentem
496 1291 611 1318 audias:
630 1299 640 1315 ι
670 1289 736 1322 Qua:
754 1290 852 1316 oculus
870 1297 925 1316 non
951 1288 1030 1320 vidit,

247 1348 297 1368 nec
311 1340 387 1367 auris
404 1338 518 1369 audivit,
534 1345 585 1364 nec
598 1338 625 1363 in
640 1343 688 1363 cor
702 1336 822 1363 hominis
837 1334 1030 1366 ascenderunt,

247 1395 306 1420 quae
329 1387 487 1420 prmparavit
502 1383 573 1410 Deus
594 1382 771 1416 diligentibus
785 1389 824 1412 se,
842 1379 923 1407 nobis
941 1383 1031 1406 autem

249 1432 318 1458 Deus
340 1430 469 1457 revelavit
491 1436 538 1463 per
555 1427 687 1462 Spiritum
707 1433 798 1454 suum.
825 1424 944 1460 Spiritus
960 1424 1032 1451 enim

247 1477 337 1503 omnia
354 1479 502 1508 scrutatur,
516 1474 598 1501 etiam
616 1472 750 1508 profunda
775 1471 823 1499 Dei
838 1472 859 1498 ".
880 1470 947 1504 Quis
960 1470 1032 1496 enim

247 1524 298 1551 scit
313 1523 463 1553 hominum,
481 1529 540 1556 qua:
555 1525 620 1548 sunt
635 1520 763 1551 hominis,
787 1518 839 1546 nisi
858 1518 972 1552 spiritus
984 1516 1034 1542 ho-

247 1569 348 1597 minis?
364 1569 400 1596 ita
427 1573 454 1595 et.
481 1575 542 1602 quae
563 1566 610 1593 Dei
634 1569 698 1593 sunt
710 1572 790 1592 nemo
815 1563 953 1599 cognovit,
972 1561 1031 1599 .nisi

248 1615 366 1650 Spiritus
381 1614 438 1642 Dei.
464 1623 473 1638 ι

284 1662 325 1689 l5.
349 1662 442 1688 Anam.
457 1659 515 1686 Cur
534 1667 587 1686 non
603 1663 658 1686 tres
671 1665 780 1693 quoque
796 1655 966 1685 substantias
990 1654 1032 1682 di-

247 1707 352 1735 cimuS?
367 1706 443 1734 Orth.
460 1706 528 1738 Quia
544 1706 607 1732 dato
626 1712 751 1736 numero,
776 1710 889 1730 necesse
909 1705 951 1729 est
971 1709 1032 1736 pro-

247 1754 388 1788 prietatem
401 1752 460 1779 dari
476 1761 482 1778 :
501 1750 655 1786 proprietas
674 1757 738 1777 vero
753 1753 795 1776 est
817 1748 934 1775 alterum
957 1746 1033 1781 quid-

247 1802 325 1826 dam:
339 1799 423 1825 altera
434 1801 524 1824 autem
535 1796 686 1824 substantia
700 1794 842 1822 constituit
855 1792 1031 1828 ἑτεροούσιον.

247 1844 331 1879 ρυοὼ
342 1848 431 1871 autem
450 1847 491 1870 est
509 1841 686 1878 ἑτεροούσιον,
705 1848 759 1868 non
773 1844 815 1867 est
836 1839 961 1866 similiter
981 1838 1033 1864 im-

246 1890 373 1922 mortale,
386 1897 438 1917 nec
454 1889 579 1916 similiter
596 1886 814 1921 incorruptibile,
834 1893 885 1912 nec
908 1884 1034 1912 similiter

247 1941 383 1968 sanctum,
398 1943 448 1963 nec
460 1933 773 1962 similitenimmutabile.
789 1931 823 1958 At
835 1931 925 1963 Pater,
937 1929 1032 1962 Filius,

247 1985 275 2010 et
299 1981 418 2016 Spiritus
439 1983 562 2012 sanctus,
587 1982 651 2007 sunt
675 1978 806 2013 quiddam
830 1977 955 2005 similiter
983 1976 1035 2002 im-

248 2027 372 2058 mortale,
400 2030 534 2057 sanctum,
562 2024 739 2052 immutabile.
762 2023 821 2051 Una
843 2027 885 2051 est
901 2030 966 2058 ergo
983 2022 1035 2048 Pa-

248 2075 310 2104 tris.
333 2073 407 2106 Filii,
434 2076 461 2100 et
486 2072 605 2107 Spiritus
622 2071 710 2099 sancti
726 2070 888 2098 substantia.
919 2068 1034 2102 Quando

247 2129 312 2149 vero
329 2125 385 2148 tres
401 2121 562 2155 hypostases
581 2119 700 2146 dicimus
720 2117 820 2149 Patris,
838 2117 909 2150 Filii,
928 2120 955 2144 et
972 2115 1034 2150 Spi-

248 2168 319 2195 ritus
335 2167 434 2199 sancti,
447 2174 511 2194 vere
528 2173 590 2193 esse
609 2165 727 2192 dicimus
742 2162 939 2198 proprietatum
955 2162 1034 2189 diﬂ'e-

248 2213 365 2240 rentiam
381 2212 409 2239 in
432 2211 572 2247 hypostasi
588 2232 595 2243 ,
622 2218 678 2238 non
698 2213 789 2237 autem
815 2209 841 2235 in
871 2209 1033 2236 substantia.

1079 975 1156 1007 Ὀρθ.
1168 972 1272 1003 Παῦλος
1287 972 1301 997 6
1323 971 1469 1002 ἀπόστολος
1485 970 1573 1004 λέγει·
1591 978 1600 994 ι
1616 969 1711 999 Οὐδεὶς
1730 968 1786 1002 γὰρ
1795 965 1866 994 οἶδεν

1078 1019 1227 1056 ἀνθρώπων
1250 1019 1284 1045 τὰ
1298 1017 1346 1044 τοῦ
1371 1016 1524 1052 ἀνθρώπου,
1548 1016 1572 1041 εἰ
1595 1016 1631 1050 μὴ
1645 1013 1798 1049 τδιπνεῦμα
1818 1012 1866 1040 τοῦ

1080 1065 1221 1101 ἀνθρώπου
1238 1063 1268 1091 τὸ
1284 1065 1314 1090 ὲν
1332 1061 1421 1097 αὑτῷ·
1437 1061 1523 1092 οὕτως
1540 1061 1587 1087 καὶ
1608 1060 1643 1085 τὰ
1663 1059 1709 1085 τοῦ
1729 1058 1800 1085 Θεοῦ
1819 1058 1866 1085 οὐ-

1079 1111 1134 1143 δεὶς
1141 1108 1210 1137 οἶδεν
1223 1111 1247 1136 εί
1263 1109 1299 1145 μὴ
1309 1109 1339 1136 τὸ
1350 1108 1461 1143 Πνεῦμα
1471 1107 1518 1134 τοῦ
1527 1106 1604 1133 Θεοῦ.
1611 1106 1724 1140 ιἈνόιι.
1735 1105 1773 1131 Τὸ
1779 1104 1868 1131 Πνεῦ-

1082 1166 1120 1192 μα
1133 1156 1180 1183 τοῦ
1195 1154 1263 1182 Θεοῦ
1282 1154 1356 1189 λέγει
1372 1153 1452 1180 αὐτὸν
1473 1152 1519 1178 τὸν
1533 1151 1609 1178 Θεόν.
1621 1152 1697 1184 ὀρθ.
1716 1150 1868 1184 Ἀνάγνωθι

1080 1203 1125 1229 τὸν
1143 1200 1313 1232 Ἀτιόστολον,
1330 1200 1373 1226 ῐνα
1389 1198 1508 1233 ἀκούσῃς
1531 1197 1654 1231 λέγοντος
1677 1196 1779 1227 οὕτως·
1798 1205 1809 1222 ε
1836 1197 1869 1222 Ἀ

1080 1249 1218 1284 ὀφθαλμὸς
1232 1248 1282 1275 οὑκ
1298 1245 1361 1278 εἶδε,
1378 1246 1426 1272 καὶ
1445 1245 1475 1270 τὺ
1495 1241 1540 1275 οὖς
1561 1244 1611 1270 οὐκ
1631 1244 1740 1279 ἢκουσε,
1755 1243 1804 1269 καὶ
1823 1242 1869 1269 ἐπὶ

1083 1295 1195 1331 καρδίαν
1212 1293 1353 1328 ἀνθρώπου
1362 1292 1411 1318 οὑκ
1420 1290 1513 1324 ἀνέϐη,
1521 1289 1539 1316 ἃ.
1552 1290 1697 1324 ἡτοίμασεν
1709 1289 1723 1315 6
1736 1287 1805 1318 Θεὸς
1815 1290 1868 1318 τοῖς

1083 1341 1224 1376 ἀγαπῶσιν
1246 1339 1342 1366 αὐτόν·
1361 1338 1426 1373 ἡμῖν
1448 1337 1476 1362 δὲ
1501 1335 1547 1362 καὶ¹
1562 1335 1627 1366 Θεὸς
1647 1333 1806 1368 ἀπεκάλυψε
1827 1333 1870 1359 διὰ

1082 1387 1128 1413 τοῦ
1146 1385 1302 1420 Πνεύματος
1310 1382 1401 1410 αὑτοῦ·
1417 1381 1446 1408 τὸ
1461 1380 1516 1415 γὰρ
1532 1379 1645 1415 Πνεῦμα
1658 1379 1746 1406 πάντα
1758 1379 1868 1414 ἐρευνᾷ,

1083 1430 1175 1457 καὶτὰ
1193 1429 1260 1465 βάθη
1279 1428 1326 1455 τοῦ
1347 1426 1426 1454 Θεοῦ.
1441 1426 1489 1457 Τίς
1503 1424 1555 1461 γὰρ
1572 1422 1641 1451 οἶδεν
1663 1423 1817 1460 ἀνθρώπων
1838 1423 1871 1450 τὰ

1084 1475 1132 1502 τοῦ
1146 1474 1299 1510 ἀνθρώπου,
1315 1474 1340 1499 εί
1357 1472 1393 1508 μὴ
1407 1472 1438 1497 τὸ
1447 1470 1553 1505 πνεῦμα
1561 1470 1607 1496 τοῦ
1620 1469 1783 1505 ἀνθρώπου;
1798 1468 1870 1495 οὕτω

1085 1522 1131 1548 καὶ
1155 1521 1190 1547 τὰ
1215 1520 1262 1546 τοῦ
1277 1519 1344 1546 Θεοῦ
1359 1517 1444 1548 οὐδεὶς
1458 1516 1539 1549 ἔγνω,
1551 1517 1575 1542 εἱ
1589 1516 1626 1552 μὴ
1643 1515 1673 1542 τὸ
1695 1515 1810 1550 Πνεῦμα
1824 1514 1873 1540 τοῦ

1084 1567 1163 1594 Θεοῦ.
1188 1577 1198 1592 ι

1120 1658 1265 1692 15.Ἀνόμ.
1282 1656 1330 1683 Διὰ
1343 1656 1370 1682 τί
1384 1655 1412 1681 δὲ
1429 1655 1466 1690 μὴ
1478 1654 1524 1681 καὶ
1537 1654 1611 1689 τρεῖς
1623 1652 1716 1682 οὐσίας
1732 1651 1873 1687 εῖπωμεν;

1081 1705 1159 1737 Ὀρθ.
1170 1703 1230 1728 ’Ὁτι
1249 1701 1356 1735 ἀνάγκη
1369 1699 1406 1734 τῷ
1421 1698 1530 1734 ἀριθμῷ
1543 1698 1592 1732 τὴν
1611 1696 1728 1730 ἰδιότητα
1743 1695 1870 1730 δοθῆναιο

1083 1751 1099 1784 ή
1111 1749 1140 1775 δὲ
1154 1748 1251 1783 ἰδιότης
1261 1747 1397 1782 ἐτερὸτηςυ
1416 1746 1434 1780 ἡ
1452 1745 1481 1771 δὲ
1498 1743 1624 1779 ἑτερότης
1637 1742 1687 1776 τῆς
1703 1741 1798 1772 οὐσίας
1812 1741 1870 1767 ὲτε-

1085 1795 1202 1830 ροούσιον
1210 1794 1264 1828 (72)
1274 1793 1353 1819 ποιεῖ·
1366 1792 1395 1818 τὸ
1407 1791 1435 1817 δὲ
1446 1789 1612 1825 ὲτεροούσιον
1624 1788 1672 1822 οὐχ
1683 1786 1784 1822 ὁμοίως
1797 1787 1871 1812 ἐστὶν

1083 1841 1223 1871 ἀθάνατον,
1239 1840 1288 1874 οὐχ
1311 1838 1411 1873 ὁμοίως
1436 1836 1583 1871 ἄφθαρτον,
1600 1834 1649 1868 οὐχ
1670 1832 1771 1867 ὁμοίως
1783 1832 1869 1865 ἅγιον,

1083 1887 1131 1922 οὐχ
1152 1886 1251 1921 ὁμοίως
1269 1885 1415 1920 ἄτρεπτον.
1437 1882 1552 1917 Ὁμοίως
1574 1880 1602 1907 δὲ
1624 1879 1717 1914 Πατὴρ
1737 1879 1785 1905 καὶ
1808 1878 1870 1908 Υἱὸς

1084 1934 1130 1960 καὶ
1149 1933 1224 1967 ἅγιον
1242 1931 1363 1966 Πνεῦμα,
1382 1929 1526 1959 ἀθάνατον,
1544 1927 1630 1961 ἅγιον,
1645 1925 1791 1961 ἄτρεπτον.
1814 1924 1870 1952 Μία

1083 1980 1137 2015 ἄρα
1154 1980 1232 2006 οὐσία
1256 1977 1372 2012 Πατρὸς,
1388 1976 1435 2002 καλ¹
1448 1974 1522 2005 Υίοῦ,
1538 1973 1585 2000 καὶ
1605 1972 1682 2006 ἁγίου
1699 1970 1867 2005 Πνεύματος.

1085 2027 1168 2053 Ὅταν
1195 2025 1224 2052 δὲ
1246 2025 1370 2059 λέγωμεν
1390 2023 1466 2058 τρεῖς
1489 2020 1652 2050 ὑποστάσεις
1676 2017 1794 2052 Πατρδς,
1823 2016 1870 2043 καὶ

1083 2072 1161 2104 Υἱοῦ,
1175 2071 1221 2098 καὶ
1234 2071 1310 2105 ἁγίου
1322 2069 1392 2096 Πνεὺ
1397 2076 1490 2104 ματος,
1509 2067 1540 2093 τὸ
1561 2065 1658 2101 ἀληθὲς
1674 2062 1742 2090 εἶναι
1756 2063 1871 2098 λέγομεν

1084 2118 1137 2145 τῶν
1150 2118 1286 2152 ἰδιοτήτων
1301 2116 1349 2151 τὴν
1361 2113 1491 2149 διαφορὰν
1503 2113 1532 2138 ὲν
1544 2113 1578 2146 τῇ
1594 2110 1750 2140 ὑποστάσει,
1768 2109 1830 2143 οὐχὶ
1843 2108 1870 2134 δὲ

1084 2165 1132 2191 καὶ
1146 2164 1174 2190 ὲν
1187 2164 1220 2198 τῇ
1235 2161 1325 2196 οὐσίᾳ,
1335 2160 1435 2194 Ἀνόμ.
1449 2158 1546 2192 Λέγεις
1565 2157 1593 2183 δὲ
1603 2156 1671 2186 ὅλως
1683 2154 1815 2189 διαφορὰν
1827 2153 1871 2179 ἐπὶ

1085 2209 1201 2244 Πατρδς,
1222 2208 1268 2234 καὶ
1287 2206 1364 2238 Υίοῦ,
1385 2205 1432 2231 καὶ
1446 2204 1523 2238 ἁγίου
1538 2201 1712 2237 Πνεύματος;
1725 2201 1801 2244 ξορθ.
1816 2199 1870 2234 Ἰῖὴν

250 2261 344 2287 Anam.
370 2258 444 2286 Dicis
458 2263 548 2286 autem
568 2257 680 2285 omnino
695 2256 873 2284 diﬁ‘erentiam
889 2263 950 2283 esse
964 2256 1030 2283 inter

1084 2243 1213 2290 διαφορὰν
1225 2253 1327 2288 ταύτην
1341 2252 1423 2286 λέγω,
1440 2251 1470 2277 τὸ
1484 2249 1529 2276 τὸν
1542 2248 1650 2282 Πατέρα
1664 2248 1701 2282 μὴ
1712 2243 1782 2272 εἶναι
1796 2245 1870 2274 Υἱὸν,

248 2306 366 2337 Patrem,
383 2304 491 2336 Filium,
507 2307 534 2331 et
553 2302 686 2338 Spiritum
701 2302 846 2329 sanctum?
860 2301 937 2329 ονιΙι.
959 2301 1034 2328 Hanc

251 2351 433 2380 dilTerentiam
453 2351 525 2382 dico,
541 2349 613 2385 quod
631 2349 677 2384 qui
693 2348 774 2376 Pater
792 2351 844 2381 est,
867 2355 921 2375 non
938 2348 973 2375 sit
990 2346 1035 2374 Fi-

247 2399 323 2426 lius:
340 2405 390 2425 nec
406 2397 452 2432 qui
477 2395 563 2423 Filius
582 2399 635 2426 est,
655 2395 691 2422 sit
711 2393 791 2421 Pater
808 2402 814 2420 :
833 2400 883 2420 nec
899 2392 954 2427 qui.
973 2391 1035 2427 Spi-

247 2447 318 2472 ritus
338 2448 450 2471 sanctus
479 2446 531 2473 est,
557 2442 594 2469 sit
612 2441 692 2468 Pater
709 2440 751 2468 vel
771 2439 881 2466 Filius:
899 2447 944 2471 ne,
971 2446 1033 2466 cum

248 2490 326 2517 audis
341 2489 460 2521 Patrem,
477 2491 504 2516 et
517 2486 626 2518 Filium,
636 2490 663 2513 et
678 2484 811 2520 Spiritum
827 2484 968 2516 sanctum‘,
984 2491 1033 2510 no-

248 2536 322 2563 mina
333 2535 455 2570 quaedam
471 2533 542 2561 nuda
557 2533 707 2568 intelligas,
723 2531 771 2559 sed
786 2531 958 2566 hypostases,
973 2536 1033 2563 qua:

248 2590 311 2610 vere
324 2585 388 2609 sunt
398 2585 425 2608 et
440 2580 603 2611 subsistunt,
620 2583 647 2606 et
670 2585 776 2609 rursus,
793 2585 856 2604 cum
869 2583 950 2603 unam
968 2575 1033 2602 sub-

234 2619 375 2656 'stantiam
402 2626 527 2656 dicimus,
554 2624 697 2659 intelligas,
724 2623 750 2650 id
768 2622 840 2658 quod
867 2629 918 2649 nos
943 2620 1032 2648 Patris

246 2673 430 2703 substantiam
448 2681 508 2700 esse
531 2672 664 2699 sentimus
683 2671 772 2705 ipsum
789 2677 850 2697 esse
870 2667 981 2699 Filium,
1005 2671 1032 2694 et

230 2799 231 2804 η
282 2764 293 2779 ⁸
312 2763 320 2790 1
336 2763 398 2792 Cor.
418 2772 450 2795 η,
469 2762 511 2789 Η.
550 2763 560 2777 ⁷
580 2761 645 2788 ibid.
662 2759 694 2792 9,
712 2759 756 2786 i0.

284 2867 339 2899 (Ti)
366 2866 478 2902 'Opojm;
489 2865 552 2898 ἁγία
565 2865 641 2902 abest
655 2871 670 2902 _a
681 2862 764 2902 Palat.

1087 2301 1154 2337 μηδὲ
1167 2301 1213 2327 τὸν
1222 2300 1287 2326 Υἱὸν
1300 2298 1408 2333 Πατέρα
1434 2295 1501 2331 μηδὲ
1514 2295 1544 2321 τὺ
1559 2292 1672 2328 Πνεῦμα
1682 2293 1712 2318 τὸ
1723 2292 1800 2325 ἆγιον
1816 2291 1870 2317 Πα-

1085 2348 1153 2383 τέρα
1173 2346 1189 2381 ἢ
1206 2346 1283 2372 Υίόν·
1300 2345 1344 2371 ἵνα
1365 2344 1402 2379 μὴ
1419 2343 1538 2378 ὀνόματα
1556 2339 1622 2374 ψιλὰ
1636 2338 1750 2373 νομίσῃς
1765 2337 1870 2363 ἀκούων

1086 2381 1206 2427 Πατέρα,
1225 2391 1272 2417 καὶ
1296 2390 1371 2420 Υίὸν,
1389 2389 1437 2415 καὶ
1452 2389 1528 2421 διγιον
1542 2385 1665 2420 Πνεῦμα,
1682 2383 1739 2410 ἀλλ’
1752 2381 1869 2409 ὑποστά-

1087 2446 1143 2469 σεις
1157 2437 1263 2472 ἀληθῶς
1277 2435 1359 2466 οὑσας
1373 2434 1419 2460 καὶ
1434 2431 1593 2468 ὑφεστώσας
1605 2439 1612 2446 ο
1634 2430 1698 2456 ὅταν
1708 2429 1737 2455 δὲ
1747 2428 1870 2463 λέγωμεν

1089 2483 1151 2518 μίαν
1164 2482 1268 2514 οὐσίαν,
1280 2481 1320 2507 ὅτι
1330 2482 1398 2515 ὅπερ
1411 2479 1444 2506 ἂν
1462 2479 1602 2513 νοήσωμεν
1616 2473 1685 2502 εἶναι
1705 2473 1752 2500 τοῦ
1765 2473 1870 2508 Πατρὸς

1084 2531 1134 2565 τὴν
1162 2529 1266 2561 οὐσίαν,
1285 2527 1363 2554 τοῦτό
1390 2527 1463 2553 ἐστιν
1486 2525 1501 2551 ὁ
1519 2524 1592 2554 Υἱὸς,
1614 2522 1692 2548 τοῦτο
1709 2521 1756 2547 καὶ
1777 2519 1808 2546 το
1825 2517 1870 2544 τοῦ

1085 2562 1192 2611 Πατρδς
1205 2573 1287 2601 αὐτοῦ
1305 2573 1426 2607 Πνεῦμα·
1441 2570 1506 2606 περὶ
1524 2566 1554 2596 οῦ
1568 2568 1649 2599 αὐτὸς
1663 2567 1677 2593 6
1693 2565 1757 2597 Υἱὸς
1779 2562 1868 2591 εἶπεν·

1088 2631 1097 2646 ι
1117 2609 1154 2648 Οὑ
1169 2620 1223 2655 γάρ
1244 2621 1304 2646 ἐστε
1329 2619 1408 2653 ὑμεῖς
1422 2617 1447 2643 οἱ
1466 2614 1617 2646 λαλοῦντες,
1633 2612 1701 2640 ἀλλὰ
1714 2611 1745 2637 τὸ
1760 2609 1869 2655 Πνεῦμα

1084 2666 1131 2693 τοῦ
1145 2654 1250 2701 Πατρὸς
1266 2664 1343 2700 ὑμῶν
1357 2664 1388 2690 τὸ
1398 2661 1493 2690 λαλοῦν
1505 2662 1533 2688 ὲν
1545 2660 1619 2696 ὑμῖν.
1629 2668 1638 2685 ι
1661 2657 1717 2685 Καὶ
1732 2655 1779 2684 διὰ.
1792 2654 1870 2683 τοῦτο

424 2891 523 2936 Ποέίιιέ
538 2905 564 2928 et
578 2891 727 2926 Palatinus.
745 2895 815 2923 Editi
830 2901 905 2927 vero,
923 2891 1094 2927 ἱτεροῦσιονρ
