1926 3067
87 176 156 206 ΗΜ

583 177 627 205 DE
648 176 783 221 SANCTA
803 175 990 206 TRINITATE
1007 177 1177 206 DIALOG‘US
1196 177 1205 204 1

1647 177 1716 205 1142

85 234 205 270 εἴρηται·
218 242 228 259 t
243 231 337 265 οὐδεὶς
353 231 464 267 ἀγαθὸς,
480 232 503 259 εὶ
525 232 562 269 μὴ
578 231 617 265 εἷς
629 235 643 260 6
657 235 732 266 Θεός·
746 243 755 260 ›
774 234 875 269 ἀγαθοῦ

931 234 978 260 hoc
994 233 1082 275 ipsum
1107 241 1168 262 esse
1187 240 1297 269 quoque
1315 232 1401 268 ipsius
1415 230 1506 260 Patris
1519 232 1664 268 Spiritum,
1682 235 1717 262 de

86 280 163 312 ὄντος
176 279 223 306 τοῦ
237 279 352 315 Πατρὸς,
367 279 414 306 κα)⁸
430 279 476 306 τοῦ
488 279 562 311 Υἱοῦ,
581 281 627 307 καὶ
642 280 689 306 τοῦ
705 281 781 314 ἁγίου
793 280 875 307 Πνεύ-

88 333 184 360 ματος,
196 325 226 351 οὐ
243 326 342 361 μετοχῇ
354 324 530 360 ἀγαθότητος,
544 324 600 352 ἀλλ’
612 325 705 357 οὐσίας
721 325 873 361 ταυτότητι.

87 372 189 406 Ἀνόμ.
207 370 319 405 Ἀγαθὸν
336 371 389 406 γὰρ
404 371 492 405 λέγεις
505 371 552 398 καὶ
567 371 596 397 τὸ
612 371 826 406 Πνεῦμα;’ορθ.
845 372 874 398 '0

87 417 232 452 προφήτης
243 416 325 443 Δαϐὶδ
341 416 432 450 λέγει·
452 426 461 441 ‹
481 417 517 442 Τὸ
536 416 649 451 Πνεῦμα
665 425 710 443 σου
727 417 757 443 τὸ
775 416 875 451 ἀγαθον

86 462 214 498 ὁδηγήσει
230 471 263 498 με
281 463 310 489 ὲν
330 464 364 498 γῇ
387 462 488 498 εὐθείᾳ.
506 472 515 488 ι
541 463 638 497 Ἀνόμ.
656 463 709 490 Καὶ
738 462 875 498 ἄνθρωποι

87 507 214 541 λέγονται
230 508 337 542 ἀγαθοί.
347 509 422 542 Ὀρθ.
434 509 498 539 Ναὶ,
510 508 578 535 ἀλλὰ
589 510 688 544 μετοχῇ
700 508 876 544 ἁγαθότητος.

94 554 197 588 Ἀνόμ.
214 554 270 580 Καὶ
285 553 316 580 τὸ
325 553 435 589 Πνεῦμα
451 554 532 588 λέγω.
547 555 623 588 Ὀρθ.
639 554 756 581 Δύναται
772 553 818 581 οὖν
834 555 881 581 καὶ

89 600 238 628 ἀποϐαλεῖν
252 600 300 635 τὴν
314 600 479 635 ἀγαθόττ,τα,
492 600 530 631 ὡς
541 601 555 626 6
567 599 676 632 Ἰούδας,
689 600 735 626 καὶ
747 599 785 632 ὡς
799 602 813 627 ό
824 600 880 627 διὰ-

89 643 167 675 ὓολος
177 652 183 676 ;
192 644 290 678 Ἀνόμ.
300 644 362 670 Ἐὰν
373 643 483 680 θελήσῃ,
500 645 553 671 ναί.
569 645 646 679 Ὀρθ.
656 646 702 680 Μή
714 654 757 680 μοι
767 645 810 681 εἴη
819 654 880 672 κατ-

87 688 179 716 έναντι
186 689 288 724 Κυρίου
296 689 511 723 ἀσεϐῆσαι,ῶστε
520 689 571 716 κᾶν
579 690 618 721 εἰς
626 689 687 716 νοῦν
693 690 772 716 τοῦτο
779 689 880 716 λαϐεῖνί

927 287 982 315 quo
1009 279 1094 307 Filius
1123 280 1181 315 ipse
1204 279 1292 307 dixit:
1313 289 1322 304 ί
1342 278 1401 306 Νοη
1416 279 1487 306 enim
1502 287 1550 306 vos
1566 279 1644 311 estis,
1669 280 1717 314 qui

928 326 1081 361 loquimini,
1091 326 1138 354 sed
1148 325 1267 361 Spiritus
1278 325 1357 361 417
1367 325 1456 353 Patris
1471 325 1564 356 vestri,
1576 326 1622 360 qui
1632 325 1719 360 loqui-

929 377 973 400 tur
982 372 1008 399 in
1019 372 1097 399 vobis
1106 372 1126 399 ".
1143 382 1151 398 ι
1173 371 1319 407 Propterea
1332 378 1441 406 quoque
1455 370 1557 398 dictum
1569 374 1626 398 est:
1644 379 1654 396 ι
1665 369 1718 398 Ne-
1755 391 1757 394 .

928 426 972 445 mo
997 418 1097 450 bonus,
1122 418 1174 446 nisi
1195 426 1266 445 unus
1283 416 1372 451 Deus;
1389 417 1518 444 nimirum
1540 416 1612 452 quod
1628 416 1718 444 bonus

929 465 964 492 sit
979 464 1069 496 Pater,
1086 463 1172 492 Filius
1196 467 1223 491 et
1248 463 1367 498 Spiritus
1382 467 1495 490 sanctus
1507 482 1515 494 ,
1533 470 1587 489 non
1607 463 1718 498 partici-

930 510 1040 545 patione
1060 510 1201 542 bonitatis,
1223 510 1270 537 sed
1289 509 1451 537 substantia:
1467 509 1622 545 ταυτότητι,
1638 509 1717 544 quasi

930 554 1016 586 dicas,
1044 554 1194 583 identitate.
1220 555 1315 581 Anam.
1331 553 1402 589 Ergo
1421 554 1523 581 bonum
1545 553 1613 581 dicis
1634 554 1718 581 etiam

932 599 1063 634 Spiritum
1093 599 1241 627 sanctum?
1261 599 1337 627 Orth.
1367 598 1451 626 David
1472 598 1601 634 propheta
1630 598 1717 625 dicit:

936 644 1070 680 :Spiritus
1096 649 1160 672 tuus
1183 645 1272 672 bonus
1299 644 1414 672 deducet
1429 651 1472 671 me
1498 643 1528 670 in
1551 647 1654 670 terram
1676 651 1720 670 re-

933 692 1033 718 ctam“.
1047 701 1055 717 ι
1067 691 1162 719 Anam.
1172 690 1304 718 Dicuntur
1316 690 1398 718 etiam
1410 689 1534 717 homines
1549 690 1622 717 boni.
1642 689 1718 717 Orth.

89 736 173 770 Sane,
190 736 238 764 sed
253 737 459 772 participatione
474 737 613 765 bonitatis.
639 737 734 764 Anam.
765 737 897 772 Spiritum
916 746 1023 773 quoque
1049 739 1174 766 similiter
1191 738 1292 766 bonum
1317 731 1389 765 dico.
1420 737 1497 765 Ortlt.
1518 736 1612 765 Potest
1636 738 1720 772 igitur

88 786 242 813 bonitatem
266 785 394 819 ahjicere,
418 788 447 811 ut
459 783 554 816 Iudas,
572 787 601 812 ut
615 784 761 812 diabolus?
780 786 874 812 Anam.
896 785 978 817 Sane,
997 786 1019 813 si
1040 785 1149 822 quidem
1164 786 1238 814 velit.
1265 785 1342 813 Orth.
1358 785 1456 813 Ahsitl
1479 790 1510 812 ut
1537 792 1632 812 coram
1665 784 1720 812 Deo

87 834 130 861 sic
148 833 346 868 blasphemern.
374 837 404 859 ut
422 833 473 860 hoc
488 833 555 860 milii
579 833 621 860 vel
650 833 676 860 in
693 836 812 860 mentem
828 833 930 861 veniat.

127 881 170 908 16.
212 881 310 915 ’Λνόμ.
350 879 443 912 Οὕτως
484 878 530 907 οὖν
576 881 677 915 ἀγαθὸν
716 880 805 915 λέγεις
848 881 878 907 τὸ

964 880 1008 908 16.
1027 881 1124 908 Anam.
1143 879 1188 908 Sic
1202 887 1268 915 ergo
1286 879 1356 907 dicis
1372 878 1504 914 Spiritum
1525 882 1651 906 sanctum
1672 877 1722 905 bo-

89 926 212 961 Πνεῦμα,
236 926 274 957 ὡς
294 925 341 952 τὸν
364 925 473 962 Πατέρα
494 926 542 952 καὶ
566 926 610 952 τὸν
631 926 711 958 Υὶόν;
729 927 802 960 Ὀρθ.
828 926 882 952 Καὶ

88 971 162 998 πάνυ
174 980 181 986 ·
199 973 245 998 καὶ
267 971 322 1007 γὰρ
341 972 406 998 αὑτὸ
419 972 450 999 οὐ
473 973 572 1008 μετοχῇ
592 972 760 1008 ἀγαοότητος
783 972 882 1006 ἀγαθόν

89 1019 175 1048 ἐστιν,
188 1017 244 1043 ἀλλ’
262 1017 442 1052 αὐτοαγαθόν,
458 1019 542 1054 ἤγουν
557 1018 613 1049 (75)
635 1018 782 1054 ἀγαοότης,
798 1019 881 1045 ἐστίν.

96 1062 206 1097 ’Δμέλει
219 1063 358 1095 Ἀίατθαίος
376 1063 424 1099 μὲν
439 1065 454 1090 ό
468 1063 662 1099 εὐαγγελιστὴς
680 1064 754 1098 λέγει
775 1064 883 1099 εἰρηκέ-

89 1117 133 1135 ναι
148 1108 194 1135 τὸν
211 1109 313 1144 Κύριον
325 1117 332 1124 ·
353 1118 361 1134 ι
383 1110 414 1135 El
427 1107 474 1136 οὖν
495 1109 584 1144 ὑμεῖς,
605 1110 718 1146 πονηροὶ
740 1109 826 1141 ὄντες,
845 1109 883 1135 οῖ-

87 1154 152 1181 δατε
166 1155 269 1190 δόματα
283 1155 372 1189 ἀγαθὰ
388 1155 490 1182 διδόναι
511 1157 567 1188 τοῖς
581 1156 685 1188 τέκνοις
704 1157 790 1192 ὑμῶν,
807 1157 882 1192 πόσῳ

90 1201 192 1235 μᾶλλον
213 1202 227 1228 ό
243 1202 338 1237 Πατὴρ
353 1202 429 1237 ὑμῶν
444 1203 458 1228 6
480 1202 603 1237 οὐράνιος
617 1202 697 1229 δώσει
718 1203 809 1237 ἀγαθὰ
827 1204 883 1234 τοῖς

87 1247 211 1274 αἰτοῦσιν
233 1248 334 1280 αὑτόν;
369 1257 378 1273 ι
408 1249 422 1274 6
449 1248 477 1274 δὲ
501 1249 623 1280 Λουκᾶς·
647 1257 656 1273 t
674 1249 705 1275 Et
726 1246 772 1275 οὖν
792 1249 881 1284 ὑμεῖς,

90 1292 205 1328 πονηροὶ
229 1292 314 1324 ὖντες,
338 1293 427 1319 οἴδατε
453 1292 557 1328 δόματα
585 1293 675 1327 ἀγαθὰ
702 1293 800 1320 διδόναι
827 1294 882 1325 τοῖς

89 1339 196 1370 τέκνοις
211 1339 299 1374 ὑμῶν,
314 1339 389 1374 πόσῳ
407 1339 507 1374 μᾶλλον
521 1340 534 1366 6
552 1339 644 1375 Πατὴρ
663 1341 676 1366 6
692 1340 817 1375 οὐράνιος
833 1340 883 1366 δώ-

91 1393 132 1411 σει
154 1384 268 1420 Πνεῦμα
287 1385 364 1419 ἆγιον
380 1387 437 1417 τοῖς
460 1385 580 1412 αἰτοῦσιν
601 1386 700 1418 αὑτόν;
716 1395 725 1412 ι
749 1386 881 1418 Ἀκούεις,

90 1432 115 1457 εί
128 1427 185 1457 ὦτα
199 1431 280 1466 ἔχεις,
293 1432 333 1457 ὅτι
348 1432 372 1458 οἱ
386 1432 576 1467 εὑαγγελισταὶ
593 1432 690 1459 ταυτὸν
705 1431 883 1466 γινώσκοντες

91 1473 161 1503 εἶναι
183 1476 214 1502 τὸ
230 1475 342 1511 Πνεῦμα
363 1478 395 1512 τῇ
418 1477 574 1513 ὰγαθότητι,
596 1479 643 1504 καὶ
656 1477 705 1513 τὴν
728 1477 882 1513 ἀγαθότητα

90 1521 130 1557 τῷ
145 1521 283 1557 Πνεύματι
309 1522 380 1557 (74)·
399 1522 413 1548 ὁ
440 1523 488 1558 μὲν
519 1532 528 1548 t
554 1523 588 1550 τὰ
613 1523 702 1557 ἀγαθὰ
727 1533 736 1549 ι
765 1523 831 1550 αὐτὸ
853 1523 882 1549 τὸ

933 934 1011 958 num,
1029 930 1058 953 ut
1082 926 1190 954 Patrem
1211 930 1237 954 et
1254 924 1376 953 Filium?
1393 924 1470 957 Orth.
1489 924 1561 953 Sane
1585 924 1695 960 quidem
1711 933 1719 952 :

933 980 996 1000 nam
1012 976 1038 1000 et
1054 973 1110 1008 ipse
1123 973 1212 1000 bonus
1226 976 1268 1000 est
1281 979 1335 1000 non
1354 971 1562 1007 participatione
1576 970 1719 1002 bonitatis,

933 1018 980 1046 sed
994 1019 1065 1054 quod
1084 1019 1118 1046 sit
1137 1019 1225 1054 ipsum
1239 1018 1352 1051 bonum,
1371 1018 1429 1046 sive
1444 1017 1502 1053 ipsa
1517 1017 1637 1045 bonitas.
1649 1016 1722 1044 Dicit

933 1065 1004 1092 enim
1023 1065 1164 1092 Mattlmus
1180 1064 1343 1099 evangelista
1356 1063 1501 1091 Dominum
1517 1063 1620 1091 dixisse
1635 1072 1642 1090 :
1661 1071 1671 1088 ι
1691 1062 1720 1089 Si

933 1118 998 1146 ergo
1010 1118 1058 1138 vos
1073 1118 1135 1137 cum
1149 1110 1211 1138 sitis
1226 1110 1301 1142 mali,
1321 1109 1410 1136 nostis
1432 1109 1504 1136 bona
1522 1108 1585 1135 data
1606 1108 1672 1136 dare
1689 1108 1722 1135 li-

933 1156 980 1183 liis
994 1156 1104 1188 vestris,
1117 1159 1220 1191 quanto
1231 1155 1319 1190 magis
1330 1155 1410 1182 Pater
1421 1158 1523 1186 vester,
1540 1155 1587 1189 qui
1603 1155 1630 1182 in
1643 1155 1721 1182 ccelis

933 1207 987 1236 est,
1002 1202 1078 1230 dabit
1101 1203 1170 1230 bona
1188 1202 1344 1237 petentibus
1359 1209 1389 1230 se
1401 1202 1442 1228 ‘°?
1460 1211 1473 1231 »ν
1487 1201 1520 1229 Ει
1534 1201 1622 1229 Lucas
1637 1211 1644 1228 :
1663 1211 1673 1227 ‹
1692 1199 1729 1228 Si‘

932 1257 998 1285 ergo
1012 1257 1060 1276 vos
1075 1257 1136 1276 cum
1149 1249 1209 1277 sitis
1221 1249 1295 1281 mali,
1312 1249 1399 1276 nostis
1415 1248 1486 1279 bona
1500 1248 1563 1275 data
1578 1248 1643 1276 dare
1659 1247 1722 1274 ﬁliis

933 1295 1043 1327 vestris,
1062 1300 1165 1330 quanto
1186 1294 1274 1330 magis
1299 1293 1379 1322 Pater
1401 1298 1490 1322 vester
1510 1293 1630 1321 caelestis
1645 1292 1722 1320 dabit

934 1341 1064 1376 Spiritum
1077 1345 1199 1368 sanctum
1211 1340 1367 1375 petentibus
1381 1347 1410 1368 se
1423 1340 1443 1356 “
1455 1340 1467 1367 ἲ
1478 1349 1487 1365 ι
1499 1339 1596 1372 Audis,
1606 1340 1628 1367 si
1640 1347 1721 1367 aures

934 1387 1029 1419 habes,
1043 1386 1224 1421 evangelistas
1235 1385 1319 1420 probe
1332 1385 1415 1415 scire.
1429 1383 1500 1412 idem
1515 1392 1576 1412 esse
1589 1384 1722 1419 Spiritum

934 1437 1058 1459 sanctum
1080 1435 1163 1466 atque
1179 1431 1340 1462 bonitatem,
1359 1435 1386 1458 et
1397 1430 1545 1457 bonitatem
1560 1433 1642 1464 atque
1660 1429 1724 1464 Spi~

933 1477 1016 1503 ritum
1029 1481 1154 1504 sanctum
1172 1486 1178 1503 :
1192 1481 1219 1503 et
1234 1476 1309 1502 illum
1325 1475 1434 1509 quidem
1452 1483 1461 1499 (
1478 1475 1549 1502 bona
1564 1483 1573 1500 ι
1592 1474 1722 1509 Spiritum

934 1527 1058 1551 sanctum
1089 1523 1189 1554 dicere,
1219 1521 1302 1553 alium
1325 1528 1391 1548 vero
1422 1520 1553 1555 Spiritum
1583 1524 1721 1552 sanctum,

93 1567 207 1602 Πνεῦμα
222 1565 308 1600 εἶπεν,
324 1569 337 1594 6
353 1568 382 1594 δὲ
402 1568 432 1595 τὸ
453 1569 565 1604 Πνεῦμα
583 1569 652 1596 αὐτὰ
671 1579 680 1595 ι
702 1569 736 1596 τὰ
751 1569 849 1604 ἀγαθά.
871 1579 880 1596 ι

937 1577 946 1593 ‹
962 1568 1042 1595 bona.
1060 1577 1069 1594 ι
1085 1567 1180 1594 Anam.
1204 1565 1300 1593 Nonne
1319 1569 1361 1593 est
1384 1565 1466 1600 igitur
1491 1564 1573 1591 etiam
1603 1563 1722 1599 Spiritus

99 1614 198 1647 Ἀνόμ.
229 1613 334 1640 Οὐκοῦν
361 1614 408 1640 καὶ
433 1614 499 1646 Θεός
522 1615 580 1640 ὲστι
605 1614 633 1641 τὸ
655 1613 784 1650 Πνεῦμα;
806 1615 880 1648 Ὀρθ.

99 1658 250 1686 ’Λντίθετον
264 1659 330 1695 (75),
346 1659 388 1686 οὔ.
407 1660 501 1695 Ὰνόμ.
516 1660 548 1686 Τί
563 1660 634 1687 Θέλει
647 1658 716 1687 εἶναι
729 1660 880 1693 ἁντίθετον;

100 1705 172 1739 Ὀρθ.
194 1704 230 1731 Τὸ
250 1706 474 1741 ἁντιτεταγμένον
492 1705 529 1741 τῷ
552 1706 683 1741 θελήματι
701 1706 747 1732 τοῦ
764 1707 880 1743 Πατρός.

92 1749 130 1778 Τὸ
142 1751 170 1777 δὲ
185 1752 296 1787 Πνεῦμα
317 1753 367 1779 οὑκ
381 1753 580 1785 ἀντιτέτακται,
599 1754 656 1780 ἀλλ’
679 1754 710 1780 ὲκ
725 1754 774 1789 τῆς
790 1754 882 1789 θεότη-

91 1796 139 1829 τός
151 1797 226 1823 ἐστι’
243 1798 289 1824 καὶ
314 1798 357 1825 διὰ
379 1799 459 1826 τοῦτο
474 1799 588 1834 λέγομεν
610 1799 672 1835 μίαν
696 1800 808 1835 θεότητα
826 1800 882 1826 Πα-

93 1842 168 1878 τρὸς,
184 1843 231 1869 καὶ
256 1843 330 1875 Υἱοῦ,
346 1845 393 1871 καὶ
414 1844 491 1878 ἁγίου
513 1845 679 1880 Πνεύματος.
705 1845 803 1880 Ἀνόμ.
824 1845 882 1872 Μία

93 1887 141 1915 οὖν
153 1889 310 1922 ὑπόστασις.
324 1891 403 1924 Ὀρθ.
420 1890 468 1917 Οὗ.
480 1890 581 1925 Ἀνόμ.
597 1891 628 1917 Εἰ
643 1891 692 1926 μία
704 1891 762 1917 ἐστὶ
774 1891 880 1925 θεότης,

96 1934 147 1974 μία
168 1935 214 1961 καὶ
234 1934 307 1961 ἔστιν
326 1934 484 1967 ὑπόστασις.
506 1935 584 1970 Ὀρθ.
606 1936 638 1962 Εἰ
661 1935 735 1971 ⁴ᾕδεις
759 1936 808 1971 τὴν
832 1936 882 1963 δω-

95 1979 161 2015 ρεὰν
181 1979 227 2006 τοῦ
248 1980 326 2012 Θεοῦ,
345 1981 502 2014 ἐγίνωσκες,
523 1981 564 2007 ὅτι
583 1979 677 2016 θεότης
691 1981 721 2007 τδ
747 1990 756 2006 ι
777 1979 846 2007 εἶναι
869 1991 878 2006 ι

93 2024 183 2051 κοινὸν
201 2026 260 2057 ταῖς
285 2025 448 2052 ὑποστάσεσι
471 2025 609 2061 σημαίνει,
634 2026 780 2058 ὑπόστασις
801 2026 829 2052 δὲ
852 2026 882 2052 τὸ

95 2081 106 2096 ‹
125 2068 205 2103 εἴναι,
223 2081 232 2097 ι
249 2071 326 2098 οὐσία
336 2071 364 2098 δὲ
383 2081 392 2096 ι
407 2071 456 2108 τὴν
472 2072 632 2106 ταυτότητα.
652 2082 661 2098 ι
683 2072 726 2104 Ὡς
740 2072 881 2108 ἀνθρωπό-

93 2126 154 2152 -σις,
167 2117 199 2144 τό
212 2127 237 2144 τι
255 2115 325 2144 εἶναι
349 2118 436 2146 κοινόν
447 2126 453 2133 ’
472 2118 620 2150 ὑπόστασις
635 2119 662 2145 δὲ
680 2118 712 2147 τὺ
725 2116 793 2145 εἶναι
805 2127 812 2134 ·
835 2118 881 2145 οὺ-

94 2163 140 2190 σία
153 2162 182 2190 δὲ
196 2163 212 2198 ἡ
232 2163 381 2198 ταυτότης·
402 2164 431 2190 οὐ
451 2163 505 2199 γὰρ
520 2165 594 2191 πᾶσα
611 2164 758 2196 ὑπόστασις
775 2163 880 2200 Θεότης,

92 2207 153 2234 οὐδὲ
171 2209 244 2234 πᾶσα
265 2208 414 2241 ὑπόστασις
436 2209 623 2245 ἀνθρωπότης.
649 2209 680 2236 El
703 2209 731 2236 δὲ
755 2210 785 2236 οὑ
809 2210 882 2236 πᾶσα

93 2252 242 2284 ὑπόστασις
264 2253 450 2288 ἀνθρωπότης,
472 2254 533 2281 οὐδὲ
553 2255 628 2280 πᾶσα
650 2254 797 2286 ὑπόστασις
821 2254 880 2281 Οεό-
897 2247 917 2274 Ῑ)

92 2307 154 2334 της,
170 2299 219 2325 οὑκ
233 2298 287 2334 ἄρα
299 2300 395 2325 ταυτὸν
411 2299 535 2335 σημαίνει
551 2301 700 2332 ὑπόστασις
716 2300 822 2336 θεότητι
835 2301 882 2332 καὶ

91 2345 293 2381 ἀνθρωπότητι.
310 2346 409 2381 Ἀνόμ.
434 2346 466 2372 Ἡ
489 2346 666 2383 ἀνθρωπότης
691 2347 740 2383 οὑχ
762 2346 881 2382 ὑφέστη-

93 2399 157 2423 κεν;
174 2390 248 2427 Ὀρθ.
264 2391 328 2422 Ναὶ,
342 2391 370 2418 ὲν
385 2391 494 2427 ἀτόμοις
506 2391 690 2428 θεωρουμένη.
702 2393 800 2426 Ἀνόμ.
816 2392 882 2419 οὐκ·

91 2435 141 2463 οῦν
164 2436 212 2462 καὶ
232 2436 380 2469 ὑπόστασίς
401 2438 486 2464 ἐστιν.
509 2437 587 2472 Ὀρθ.
608 2435 702 2470 Εῐπον,
722 2439 750 2464 ὲν
769 2438 881 2473 ἀτόμοις

91 2482 278 2517 ῦεωρουμένη.
294 2483 392 2517 Ἀνόμ.
413 2483 445 2509 Τί
457 2484 531 2511 ἐστιν
550 2483 668 2517 ἄτομον,
693 2484 739 2510 καὶ
760 2483 787 2509 τι
807 2484 881 2511 ἐστιν

91 2527 287 2563 ἀνθρωπότης;
312 2530 389 2562 Ὀρθ.
410 2529 525 2565 Ἀτομόν
545 2530 628 2561 ἐστιν,
645 2530 662 2565 ἡ
687 2528 746 2556 καθ’
765 2529 880 2556 ἕκαστον

92 2573 172 2608 ἡμῶν
195 2574 361 2606 ὑπόστασις·
378 2575 553 2610 ἀνθρωπότης
567 2575 594 2601 δὲ
616 2575 632 2610 ὴ
653 2575 703 2610 τῆς
716 2575 808 2608 οὐσίας
825 2585 880 2603 κοι-

90 2619 181 2654 νότης.
204 2620 301 2655 Ἀνόμ.
331 2620 386 2647 Καὶ
407 2620 449 2651 τίς
472 2621 489 2654 ἡ
511 2620 627 2655 διαφορὰ
654 2620 808 2656 κοινότητος
833 2622 880 2648 καὶ

93 2665 286 2699 ὑποστάσεωςς
307 2666 383 2700 Ὀρθ.
411 2666 471 2692 Ὅτι
493 2667 510 2701 ἡ
531 2667 580 2701 μὲν
606 2666 639 2702 σὴ
662 2667 808 2700 ὑπόστασις
830 2668 880 2694 οὑκ

91 2711 150 2739 ἔστι
164 2712 272 2739 πάντων
287 2711 437 2747 ἀνθρώπων
447 2721 453 2726 ·
466 2712 483 2747 ἡ
495 2712 522 2739 δὲ
533 2712 708 2748 ἀνθρωπότης
723 2713 798 2747 κοινὴ
813 2712 879 2739 πάν-

933 1617 1044 1641 sanctus
1062 1612 1152 1640 Deus?
1174 1611 1251 1639 Orth.
1278 1611 1338 1638 Non
1364 1618 1430 1638 sane
1451 1610 1603 1645 oppositus.
1624 1609 1720 1636 Anam.

932 1659 1003 1692 Quid
1018 1659 1070 1687 sibi
1085 1659 1142 1686 vult
1156 1657 1239 1690 istud,
1250 1657 1393 1693 oppositus
1404 1656 1416 1682 ?
1428 1656 1504 1684 Orth.
1521 1656 1573 1689 Qui
1585 1655 1721 1683 voluntati

932 1705 1022 1732 Patris
1040 1705 1075 1732 sit
1093 1703 1277 1732 adversarius.
1300 1703 1334 1730 At
1360 1701 1479 1739 Spiritus
1498 1710 1552 1730 non
1567 1705 1609 1730 est
1624 1701 1722 1730 adver-

932 1751 1032 1784 sarius,
1050 1750 1097 1777 sed
1122 1755 1165 1777 est
1189 1757 1222 1777 ex
1249 1749 1361 1782 deitate,
1388 1753 1415 1776 et
1439 1752 1583 1784 propterea
1603 1748 1721 1776 dicimus

932 1803 1013 1823 unam
1042 1802 1103 1822 esse
1129 1795 1257 1822 deitatem
1284 1793 1386 1826 Patris,
1411 1798 1438 1821 et
1466 1792 1539 1825 Filii,
1560 1796 1587 1820 et
1604 1793 1721 1828 Spiritu:

930 1843 1030 1869 sancti.
1045 1841 1140 1868 Anam.
1166 1840 1238 1875 Ergo
1261 1847 1315 1867 una
1331 1844 1374 1867 est
1392 1839 1558 1875 hypostasis.
1578 1838 1656 1866 Orth.
1671 1838 1722 1867 Ne~

931 1895 1078 1922 quaquam.
1096 1887 1191 1914 Anam.
1211 1886 1239 1914 Si
1255 1894 1309 1913 una
1324 1889 1366 1914 est
1381 1885 1479 1918 deitas,
1496 1893 1551 1913 una
1572 1885 1655 1913 etiam
1672 1885 1722 1922 hy-

931 1934 1062 1969 postasis.
1078 1933 1154 1960 Orth.
1174 1933 1203 1960 Si
1223 1940 1320 1960 nosses
1333 1932 1434 1960 donum
1448 1932 1506 1964 Dei,
1522 1940 1618 1961 nosses
1631 1932 1721 1960 deita-

931 1985 983 2006 tem
994 1979 1147 2013 signiﬁcare
1156 1979 1291 2014 quoddam
1303 1988 1312 2004 ι
1325 1986 1386 2007 esse
1398 1988 1408 2005 ι
1418 1979 1722 2015 communehypostasi-

930 2025 992 2057 bus,
1011 2025 1169 2060 hypostasin
1195 2029 1284 2052 autem
1308 2033 1316 2050 ι
1341 2032 1412 2057 esse,
1429 2035 1439 2051 ›
1453 2025 1634 2053 substantiam
1656 2033 1720 2053 vere

931 2071 1087 2106 signiﬁcare
1107 2071 1267 2106 ταυτότητα,
1290 2071 1316 2098 id
1338 2074 1379 2099 est
1408 2081 1416 2096 ι
1442 2071 1622 2098 identitatem.
1654 2080 1663 2097 ι
1685 2069 1722 2098 Ut

932 2117 1086 2149 humanitas
1119 2120 1161 2145 est
1191 2116 1327 2152 quoddam
1351 2124 1412 2144 esse
1439 2124 1600 2148 commune,
1629 2115 1720 2152 hypo-

932 2162 1013 2190 stasis
1039 2166 1128 2189 autem
1146 2169 1218 2194 esse,
1236 2162 1388 2189 substantia
1419 2169 1483 2189 vero
1510 2161 1648 2188 identitas.
1663 2160 1720 2189 Nec

931 2208 1003 2234 enim
1012 2207 1101 2234 omnis
1119 2206 1274 2242 hypOstasis
1284 2211 1326 2234 est
1334 2206 1432 2238 deitas,
1441 2213 1529 2241 neque
1536 2206 1625 2234 omnis
1634 2206 1717 2242 hypo-

933 2253 1015 2281 stasis
1030 2257 1072 2281 est
1082 2253 1246 2280 humanitas.
1256 2251 1334 2285 Quod
1346 2253 1369 2279 si
1383 2259 1437 2279 non
1456 2253 1546 2280 omnis
1562 2252 1718 2288 hypostasis

932 2303 974 2326 est
985 2298 1081 2330 deitas,
1094 2305 1144 2325 nec
1158 2298 1248 2326 omnis
1260 2297 1414 2333 hypostasis
1427 2292 1470 2325 est
1482 2297 1648 2331 humanitas,
1662 2306 1718 2326 non

933 2344 1002 2372 idem
1018 2344 1153 2379 signiﬁcat
1166 2343 1323 2379 hypostasis
1337 2344 1409 2379 quod
1430 2343 1518 2372 deitas
1532 2344 1574 2371 vel
1591 2344 1718 2372 humani‘

933 2396 983 2418 tas.
998 2390 1093 2417 Anam.
1108 2389 1268 2417 Humanitas
1282 2397 1374 2418 nonne
1389 2390 1532 2418 subsistit?
1542 2390 1619 2418 Orth.
1633 2389 1720 2417 Maxi-

932 2445 986 2469 me,
1001 2436 1023 2464 si
1037 2436 1145 2471 quidem
1160 2436 1188 2463 in
1205 2436 1351 2464 individuis
1370 2441 1517 2472 spectetur.
1533 2437 1628 2465 Anam.
1647 2437 1718 2474 Ergo

931 2486 974 2510 est
988 2489 1096 2517 quoque
1112 2482 1277 2517 hypostasis.
1302 2481 1387 2512 0rth..
1395 2483 1456 2510 Dixi
1472 2483 1632 2515 subsistere,
1651 2484 1675 2511 si
1689 2483 1718 2511 in

932 2527 1079 2554 individuis
1103 2531 1252 2562 spectetur.
1276 2527 1371 2556 Anam.
1392 2527 1463 2561 Quid
1478 2533 1520 2556 est
1535 2528 1716 2562 individuum,

931 2577 958 2600 et
975 2573 1039 2608 quid
1054 2577 1096 2601 est
1112 2573 1292 2602 humanitas?
1308 2574 1384 2602 Orth.
1408 2573 1579 2602 lndividuum
1602 2578 1645 2602 est
1668 2582 1719 2602 no-

931 2624 1017 2647 strum
1038 2620 1206 2656 singulorum
1225 2620 1401 2656 hypostasis:
1416 2621 1574 2648 humanitas
1589 2628 1655 2649 vero
1676 2625 1718 2648 est

930 2667 989 2701 ipsa
1007 2667 1166 2695 substantiae
1177 2668 1373 2696 communitas.
1395 2667 1491 2695 Anam.
1508 2667 1717 2696 Communitatis

930 2717 1021 2741 autem
1052 2720 1078 2743 et
1108 2714 1287 2750 hypostascos
1317 2722 1440 2750 quamam
1470 2718 1522 2751 est_
1546 2714 1718 2744 diﬁ‘erentia?

129 2789 141 2804 ³
161 2788 253 2816 Matth.
273 2797 306 2820 ι.
324 2789 368 2817 20.
407 2790 417 2805 ⁹
435 2788 506 2816 Psal.
522 2797 609 2822 CXLII,
628 2790 671 2818 Η.
711 2791 731 2806 ἰ
753 2789 846 2817 Matth.
867 2799 880 2817 v

942 2791 986 2818 ιι.
1027 2791 1048 2807 ει
1069 2791 1135 2822 Luc.
1154 2780 1260 2827 31,15.

129 2845 187 2879 (73)
207 2845 307 2881 Begins
326 2850 351 2873 et
367 2845 465 2877 Palat.,
483 2847 573 2881 ήτουν.

130 2880 186 2917 (74)
205 2880 303 2914 Palat.,
319 2882 364 2908 καὶ
377 2882 425 2918 τὴν
442 2882 471 2917 ἀγ
479 2882 594 2918 αϐότητα
607 2883 635 2909 τὸ
652 2882 782 2923 Πνεῦμα-λ

964 2848 1023 2886 «(75)
1045 2849 1121 2883 Mss.,
1138 2851 1268 2885 ἀντίθεον,
1280 2852 1323 2879 hic
1335 2856 1361 2879 et
1374 2859 1446 2879 mox.
