1926 3067
236 158 304 185 ΗΠ)

782 157 811 186 S.
832 156 1061 184 ATHANASIUS.
1079 170 1113 176 —-
1133 155 1271 183 SPURIA.

1779 154 1859 182 HM

233 217 309 245 Orth.
335 216 374 243 Eo
389 216 518 243 dili'erunt
545 218 618 250 quod
638 218 792 252 hypOstasis
815 221 862 244 tua
888 225 942 244 non
973 221 1015 244 est

1070 225 1120 243 ιων
1137 216 1296 252 ἀνθρώπων.
1314 216 1413 251 Ἀνόμ.
1437 215 1469 243 ’Π
1487 215 1541 252 ἐμὴ
1554 215 1700 248 ὑπόστασις
1710 216 1760 243 οὐκ
1775 216 1859 244 ἐστιν

231 263 352 289 animum
367 262 505 289 hominum
522 271 527 288 :
545 262 591 289 sed
606 262 762 290 humanitas
773 266 816 290 est
830 263 952 290 omnium
963 262 1012 290 ho-

232 307 335 333 minum
351 305 515 334 communis.
531 306 626 332 Anam.
649 306 690 332 An
706 313 765 333 mea
789 306 942 341 hypostasis
959 314 1012 333 non

230 357 273 380 est
296 351 372 380 aliud
399 360 481 387 quam
511 351 791 387 humanitas?:0rllz.
826 351 1011 387 Nequaquam.

1064 262 1127 288 ἄλλο
1141 262 1158 297 ἦ
1188 261 1383 298 ἀνθρωπότης;
1406 263 1484 296 Ὀρθ.
1509 262 1558 289 Οὑ.
1575 262 1673 296 Ἀνόμ.
1695 261 1757 293 Πῶς
1786 260 1859 295 οὖν;

1063 308 1141 342 Ὀρθ.
1159 309 1218 335 Ὅτι
1235 309 1251 343 ἡ
1269 307 1318 342 μὲν
1340 307 1518 343 ἀνθρωπότης
1530 308 1606 344 κοινὴ
1619 308 1726 335 πάντων
1745 307 1862 344 ἀνθρώ-

1065 363 1133 386 πων,
1149 355 1166 389 ἡ
1182 354 1210 380 δὲ
1228 353 1376 385 ὑπόστασις
1389 354 1406 389 ἡ
1423 353 1522 388 ἰδιότης
1535 353 1660 380 ἑκάστου.

232 402 326 427 Anam.
348 399 511 432 Quomodo?
525 399 601 426 Orth.
617 398 750 432 Quoniam
771 399 927 427 humanitas
948 401 1058 434 quidem
1076 405 1118 428 est
1132 401 1254 429 omnium
1269 401 1411 428 hominum
1432 401 1596 432 communis,
1621 400 1777 432 hvpostasis
1789 407 1864 428 vero

230 450 272 473 est
291 446 506 480 uniuscujusque
528 446 692 480 proprietas.

266 492 307 518 17.
324 492 416 518 Anam.
437 491 598 527 llypostasis
619 492 708 518 Patris
731 500 820 519 nonne
839 496 881 519 est
903 492 1012 519 deitas?

231 536 309 564 Orth.
325 536 448 563 Maxime.
468 536 520 563 Sed
542 536 629 563 deitas
649 537 782 570 signiﬁcat
796 536 923 570 quiddam
940 543 1010 568 esse,

232 583 388 618 hypostasis
405 589 469 609 vero
486 590 555 609 esse.
574 582 668 610 Anam.
691 582 756 609 Item
773 583 927 618 hypostasis
941 581 1012 612 Filii,

230 635 322 655 annon
334 633 379 666 est
395 628 504 655 deitas?
522 627 597 655 Orth.
621 627 718 655 Etiam.
749 627 842 656 Anam.
867 628 931 655 Duae
949 631 1014 654 sunt

231 674 314 708 igitur
349 674 474 702 deitates.
506 674 582 701 Orth.
612 673 798 708 Nequaquam.
834 674 927 700 Anam.
953 672 1013 705 Quo

231 719 330 746 modo?
345 718 422 746 om.
439 719 574 752 Quoniam
599 727 652 746 non
667 723 708 746 est
727 719 779 746 alia
796 725 822 746 ct
836 720 889 746 alia
915 719 1012 746 deitas.

229 763 325 791 Anam.
344 765 425 800 Atqui
444 765 496 792 alia
511 768 537 792 et
552 766 605 792 alia
627 769 670 793 est
686 765 850 800 hypostasis.
866 764 943 792 Ortlr.
960 763 1013 791 Sed

231 810 285 837 dixi
301 810 410 837 deitatis
429 814 455 837 et
480 811 660 846 hypostaseos
684 810 841 836 nominibus
866 809 937 837 idem
956 817 1013 836 non

1099 491 1141 516 l7.
1163 491 1262 524 Ἀνόμ.
1281 491 1313 516 Ἦ
1336 491 1483 522 ὑπόστασις
1507 499 1554 517 του
1578 491 1692 527 Πατρός.
1714 493 1766 519 οὐκ
1797 493 1859 519 ἐστι

1066 537 1159 572 θεότης
1171 545 1178 569 ;
1194 537 1271 570 ’ορθ.
1285 537 1349 564 Ναί.
1363 537 1432 562 Ἀλλ’
1448 538 1465 572 ἡ
1478 537 1573 573 θεότης
1586 538 1617 564 τό
1627 547 1654 564 τι
1665 536 1733 566 εἶναι
1750 539 1859 574 σημαι-

1067 591 1116 615 νει,
1130 583 1148 618 ἡ
1161 582 1189 608 δὲ
1207 582 1356 614 ὑπόστασις
1372 582 1402 609 τὸ
1415 581 1495 609 εἶναι.
1511 583 1610 617 Ἀνόμ.
1627 584 1683 610 Kal.
1703 584 1720 619 ἡ
1734 585 1860 611 ὑπόστα-

1069 636 1109 659 σις
1130 627 1177 654 τοῦ
1193 627 1257 654 Υίοῦ
1281 627 1331 654 οὐκ
1354 627 1412 654 ἐστι
1430 628 1541 662 θεότης;
1566 629 1642 662 ὀρθ.
1668 629 1731 656 Ναί.
1750 630 1856 664 Ἀνόμ.

1065 673 1116 698 Δύο
1127 670 1172 699 οὖν
1184 672 1320 708 θεότητες.
1343 672 1421 707 Ὀρθ.
1437 673 1485 700 Οὔ.
1501 674 1601 708 ’Δνόμ.
1614 673 1676 706 Πῶς
1691 672 1754 707 οὖν;
1771 675 1855 708 Ὄρθ.

1065 718 1102 743 Οὐ
1116 718 1171 752 γὰρ
1191 717 1258 752 ἄλλη
1282 718 1329 744 xal.
1346 718 1412 753 ἄλλη
1435 717 1528 752 θεότης
1548 719 1632 745 ἐστίν.
1648 719 1748 754 ’Δνόμ.
1768 720 1857 754 Ἀλλη

1066 762 1112 788 καὶ
1127 762 1193 796 ἄλλη
1211 762 1357 794 ὑπόστασις
1374 764 1457 790 ἐστιν.
1476 764 1552 796 Ὀρθ,
1570 763 1641 790 Ἀλλ’
1659 763 1719 799 οὐχὶ
1737 764 1768 790 τὸ
1785 764 1857 790 αὑτὸ

1065 807 1207 842 σημαίνειν
1223 805 1298 834 εἷπον
1314 807 1429 843 θεότητα
1443 808 1490 835 καὶ
1505 809 1667 836 ὑπόστασιν·
1683 810 1700 845 ἡ
1717 809 1772 845 γὰρ
1790 810 1858 836 ὑπό-

231 855 389 890 signiﬁcari.
422 855 490 882 Nam
516 856 669 890 hypostasis
694 856 815 883 declarat
828 863 900 888 esse,
925 855 1012 882 deitas

1070 861 1158 884 ῑτασις
1174 853 1205 879 τὸ
1220 850 1299 885 εἶναι,
1315 854 1332 888 ή
1346 853 1374 879 δὲ
1391 853 1486 888 θεότης
1502 853 1531 880 τό
1544 863 1570 880 τι
1582 852 1666 881 εἶναι’
1681 855 1720 887 ὡς
1735 855 1791 891 γὰρ
1804 856 1856 882 οὐκ

230 908 296 928 vero
314 901 442 936 quiddam
464 909 536 929 esse.
558 901 633 929 Sicut
647 902 719 929 enim
741 910 795 929 non
813 906 877 929 sunt
890 901 950 928 dua:
963 901 1014 928 hu-

230 946 374 973 manitates
389 945 461 973 Petri
475 950 502 973 et
516 946 604 978 Pauli,
614 947 651 974 ita
665 955 715 975 nec
729 947 819 974 Patris
834 951 861 975 et
876 947 938 974 Filii
955 947 1015 974 dua:

230 993 295 1016 sunt
311 989 434 1019 deitates.
448 991 543 1019 Anam.
562 991 642 1026 Atqui
659 1000 749 1019 nonne
763 991 846 1028 418
860 992 1017 1027 hypostasis

229 1035 321 1064 Patris
348 1040 391 1064 est
403 1037 484 1064 etiam
501 1037 607 1065 deitas?
629 1037 706 1065 Orth.
725 1037 884 1072 Hypostasis
905 1037 1015 1072 quidem

231 1081 321 1110 Patris
336 1086 378 1110 est
404 1083 485 1110 etiam
506 1082 602 1116 deitas,
625 1087 652 1111 et
673 1083 734 1110 Filii
756 1083 912 1119 hypostasis
934 1084 1016 1111 etiam

231 1127 320 1155 deitas
341 1138 348 1155 :
365 1132 393 1155 at
413 1136 467 1156 non
482 1129 670 1164 consequitur,
688 1129 752 1164 quia
768 1130 829 1156 duze
845 1133 909 1157 sunt
929 1129 1016 1165 hypo-

231 1178 330 1205 stases.
353 1174 421 1202 duas
445 1182 506 1202 esse
530 1175 656 1203 deitates.
675 1175 770 1202 Anam.
796 1175 939 1208 Quomodo
961 1182 1016 1202 non

231 1219 428 1254 consequitur?
443 1219 518 1247 Orth.
543 1219 676 1252 Quoniam
698 1220 888 1248 immortalitas
909 1227 1017 1254 quoque

231 1269 272 1292 est
289 1265 444 1300 hypostasis
469 1265 568 1298 Patris,
597 1270 625 1293 et
648 1266 837 1294 immortalitas
863 1266 1017 1301 hypostasis

231 1309 306 1341 Filii,
323 1318 373 1337 nec
389 1315 478 1338 tamen
495 1315 559 1338 sunt
585 1311 645 1338 dua:
673 1312 901 1338 immortalitates.
921 1311 1015 1338 Anam.

231 1354 291 1382 Non
319 1359 383 1382 sunt
406 1356 466 1382 dua:
485 1356 720 1383 immortalitatcs?
737 1356 813 1384 Orth.
831 1356 900 1384 Non.
922 1358 1014 1383 Anam.

232 1401 396 1434 Quomodo?
413 1401 490 1430 Ortlt.
508 1401 640 1434 Quoniam
656 1410 709 1430 non
729 1407 771 1430 est
782 1403 889 1430 diversa
906 1403 1017 1429 immor-

233 1447 324 1474 talitas
341 1457 348 1474 τ
365 1448 554 1475 immortalitas
575 1448 648 1475 enim
671 1448 706 1474 ab
730 1448 935 1475 immortalitate
961 1456 1018 1475 non

233 1491 333 1526 diﬁ‘ert,
347 1500 400 1527 qua
416 1493 606 1520 immortalitas
616 1497 666 1520 est.
681 1493 774 1520 Anam.
788 1493 816 1520 Si
831 1493 940 1528 quidem
954 1501 1017 1521 vere

1066 899 1119 925 εἰσὶ
1135 898 1181 925 δύο
1196 898 1402 935 ἀνθρωπὸτητες
1415 900 1518 935 Πέτρου
1531 901 1578 927 καὶ
1594 901 1711 933 Παύλου,
1728 902 1790 928 οὑδὲ
1807 901 1856 928 δύο

1066 943 1192 979 θεότητες
1214 943 1319 978 Πατρός
1336 944 1381 970 καὶ
1403 944 1478 972 Υἰοῦ.
1500 945 1597 980 Ἀνόμ.
1624 946 1728 972 Οὐκοῦν
1751 947 1813 981 οὐχὶ
1837 948 1854 981 ἡ

1066 989 1213 1020 ὑπόστασις
1230 989 1277 1015 τοῦ
1292 989 1416 1025 Πατρός;
1436 990 1512 1023 Ὀρθ.
1530 990 1563 1017 Ἥ
1578 990 1627 1025 μὲν
1642 991 1792 1023 ὑπόστασις
1807 991 1856 1018 τοῦ

1066 1035 1171 1070 Πατρδς
1185 1034 1231 1061 καὶ
1254 1034 1360 1070 θεότης,
1377 1036 1423 1062 καὶ
1444 1036 1460 1071 ἡ
1483 1036 1630 1068 ὑπόστασις
1653 1037 1700 1063 τοῦ
1717 1037 1783 1063 Υἱοῦ
1808 1037 1857 1064 καὶ

1067 1079 1163 1115 θεότης
1173 1089 1180 1096 ’
1192 1080 1252 1115 οὐχὶ
1266 1080 1305 1112 δὲ,
1322 1081 1415 1116 ἐπειδὴ
1434 1081 1479 1107 δύο
1494 1082 1656 1114 ὑποστάσεις
1669 1083 1731 1114 εἰσὶ,
1744 1083 1791 1109 δύο
1808 1083 1858 1110 καὶ

1067 1125 1203 1162 θεότητες.
1220 1125 1318 1160 Ἀνόμ.
1340 1126 1403 1158 Πῶς
1419 1126 1494 1162 οὺχί;
1521 1128 1598 1161 Ὀρθ.
1613 1128 1673 1155 Ὅτι
1687 1129 1735 1155 καὶ
1751 1129 1857 1155 ἀθανα-

1068 1172 1112 1198 σία
1125 1172 1273 1204 ὑπόστασις
1293 1172 1339 1199 τοῦ
1355 1172 1471 1207 Πατρὸς,
1488 1173 1535 1199 καὶ
1556 1173 1691 1201 ἀθανασία
1708 1174 1859 1206 ὑπόστασις

1066 1217 1113 1244 τοῦ
1128 1217 1204 1250 Υἱοῦ,
1221 1219 1268 1244 xal.
1279 1218 1309 1245 οὑ
1323 1218 1370 1244 δύο
1385 1218 1541 1245 ἀθανασίαι.
1555 1219 1654 1254 Ἀνόμ.
1670 1220 1726 1246 Kal.
1741 1220 1792 1246 οὐκ
1803 1220 1856 1246 εἰσὶ

1066 1264 1113 1290 δύο
1137 1264 1299 1296 ἀθανασίαι;
1321 1265 1394 1298 Ὀρθ.
1418 1264 1466 1291 Οὓ.
1483 1265 1583 1299 Ἀνόμ.
1605 1265 1681 1298 Πῶς;
1697 1266 1774 1299 Ὀρθ.
1795 1266 1857 1293 ’Ὁτι

1069 1310 1105 1345 μὴ
1120 1310 1246 1345 διάφορός
1261 1310 1334 1336 ἐστιν
1352 1309 1502 1336 ἀθανασίαο
1529 1309 1663 1337 ἀθανασία
1684 1310 1739 1346 γὰρ
1753 1311 1856 1338 ἀθανα-

1068 1356 1128 1387 σίας
1149 1355 1223 1382 οὑδὲν
1244 1355 1376 1391 διαφέρει,
1434 1355 1567 1382 ἀθανασία
1577 1356 1649 1382 ἐστίν
1665 1356 1731 1391 (76).
1750 1357 1853 1392 Ἀνόμ.

1068 1400 1153 1436 Εἴπερ
1169 1399 1275 1435 ἀληθῶς
1288 1399 1355 1435 ἄλλη
1369 1399 1516 1431 summa
1530 1401 1587 1427 ἐστι
1602 1401 1708 1436 Πατρδς
1719 1402 1765 1427 καὶ
1778 1401 1858 1433 Υῐοῦ,

1068 1446 1125 1478 πῶς
1141 1447 1201 1480 οὐχ).
1216 1446 1283 1480 ἄλλη
1300 1446 1347 1472 xal.
1363 1445 1430 1480 ἄλλη
1447 1445 1600 1478 ἀθανασίας
1616 1447 1694 1480 ’ορθ.
1712 1446 1796 1482 Ἀλλη
1809 1448 1857 1473 καὶ

1067 1492 1133 1527 ἄλλη
1147 1492 1294 1523 ὑπόστασίς
1305 1492 1362 1518 ἐστι
1377 1491 1483 1528 Πατρδς
1497 1492 1544 1518 καὶ
1557 1492 1633 1524 Υἱοῦ,
1645 1492 1702 1519 ἀλλ’
1714 1493 1774 1528 οὐχὶ
1788 1493 1855 1528 ἄλλη

233 1543 275 1565 est
288 1539 340 1565 alia
357 1543 384 1565 et
399 1539 451 1565 alia
467 1539 620 1574 hypostasis
643 1538 731 1566 Patris
748 1545 773 1566 et
790 1539 862 1571 Filii,
879 1540 1015 1574 quomodo

1070 1538 1114 1564 Kal.
1130 1537 1195 1572 ἄλλη
1218 1537 1360 1564 ἀθανασία.
1378 1537 1432 1563 Kal.
1447 1536 1501 1572 γὰρ
1525 1537 1572 1563 xal.
1594 1537 1673 1571 ἡμεῖς
1695 1536 1779 1572 ἀλλην
1805 1537 1853 1564 καὶ

234 1592 288 1611 non
308 1588 350 1612 est
364 1585 416 1611 alia
432 1589 458 1612 et
471 1586 524 1612 alia
538 1585 743 1613 immortalitas?
759 1585 835 1613 Orth.
851 1586 910 1613 Alia
922 1590 949 1613 et
965 1587 1017 1613 alia

234 1635 277 1658 est
291 1630 446 1666 hypostasis
465 1631 555 1658 Patris
568 1637 595 1659 et
622 1631 694 1659 Filii.
713 1632 759 1660 sed
784 1640 838 1659 non
855 1635 897 1659 est
917 1632 968 1658 alia
991 1637 1018 1660 et

235 1677 287 1704 alia
304 1677 505 1705 immortalitas.
526 1676 592 1704 Nam
618 1682 645 1705 et
668 1685 718 1706 nos
733 1678 812 1704 aliam
831 1682 857 1706 et
873 1678 952 1705 aliam
970 1677 1019 1713 hy-

235 1723 359 1757 postasin
374 1723 514 1755 habemus,
531 1727 559 1749 at
579 1731 634 1751 non
649 1724 729 1750 aliam
742 1728 768 1751 et
789 1724 868 1751 aliam
894 1723 1016 1750 humani-

235 1772 330 1795 tatem.
349 1768 381 1795 Et
392 1768 464 1796 Petri
479 1769 636 1804 hypostasis
659 1773 701 1796 est
715 1769 815 1800 homo;
835 1772 862 1795 et
877 1768 952 1794 Pauli
967 1769 1017 1804 hy-

235 1813 354 1848 postasis
383 1817 426 1840 est
449 1813 531 1841 homo
561 1822 568 1840 :
596 1817 623 1840 et
651 1817 715 1840 sunt
729 1813 790 1840 dua:
804 1813 975 1848 hypostases,
991 1817 1018 1840 at

237 1866 291 1886 non
308 1859 368 1886 due
392 1859 584 1886 humanitates.
605 1858 701 1885 Itidem
728 1858 808 1885 aliam
833 1862 915 1894 atque
937 1858 1018 1886 aliam

237 1903 396 1939 hypostasin
419 1904 562 1936 habemus,
588 1911 643 1931 non
659 1909 748 1931 tamen
774 1904 853 1930 aliam
883 1908 910 1931 et
937 1905 1018 1931 aliam

236 1949 479 1980 immortalitatem,
497 1956 577 1984 quam
593 1956 642 1984 per
658 1957 741 1976 unum
759 1949 892 1984 baptisma
914 1950 1019 1984 recepi-

236 2002 308 2022 mus.
323 1993 391 2020 Nam
408 1995 430 2021 si
450 1995 502 2021 alia
518 1999 545 2021 ct
559 1995 612 2021 alia
638 1999 679 2022 est
694 1995 893 2026 immortalitas,
907 1996 976 2023 alius
991 1999 1018 2023 et

237 2040 307 2066 alius
330 2040 493 2075 baptismus,
507 2040 560 2066 alia
584 2044 610 2067 et
629 2040 682 2066 alia
702 2040 777 2071 ﬁdes,
794 2048 848 2067 non
871 2045 912 2068 est
935 2042 1018 2068 etiam

239 2094 250 2110 ε
271 2093 342 2112 unus
357 2085 496 2118 Dominus,
513 2093 566 2112 una
584 2086 659 2117 ﬁdes,
674 2093 757 2112 unum
776 2086 920 2121 baptisma.
953 2096 961 2112 ι

274 2130 317 2157 l8.
338 2130 434 2158 Anam.
451 2131 503 2158 Sed
519 2135 612 2158 nostra
628 2131 782 2166 hypostasis
797 2131 869 2158 aliud
889 2131 1017 2166 quiddam

237 2180 290 2207 est,
311 2184 393 2210 quam
414 2176 606 2204 immortalitas
621 2180 649 2203 et
670 2177 802 2211 baptisma
825 2186 831 2203 ε
848 2185 912 2212 ergo
939 2177 1018 2204 etiam

1067 1583 1149 1618 ἄλλην
1171 1583 1266 1618 ἔχομεν
1285 1583 1442 1614 ὑπόστασιν,
1459 1583 1516 1609 ἀλλ’
1533 1583 1592 1617 οὐχὶ
1607 1583 1688 1618 ἀλλην
1707 1584 1753 1610 καὶ
1766 1583 1851 1618 ἄλλην

1067 1628 1272 1664 ἀνθρωπότητα.
1295 1628 1350 1655 Καὶ
1371 1629 1387 1664 ἡ
1413 1628 1560 1659 ὑπόστασις
1582 1628 1686 1664 Πέτρου
1708 1628 1851 1663 ἄνθρωπός

1067 1675 1134 1707 ἐστι,
1151 1675 1230 1710 καὶὴ
1253 1674 1398 1705 ὑπόστασις
1418 1673 1525 1701 Παύλου
1548 1673 1690 1709 ἄνθρωπός
1713 1675 1787 1700 ἐστι’
1809 1673 1856 1699 καὶ

1068 1719 1115 1746 δύο
1137 1711 1204 1746 εἰσὶν
1230 1719 1410 1750 ὑποστάσεις,
1429 1719 1476 1746 xal.
1501 1719 1532 1745 οὑ
1560 1718 1607 1745 δύο
1634 1719 1852 1754 ἀνθρωπότητες.

1068 1765 1124 1793 Kal
1149 1765 1233 1800 ἀλλην
1268 1765 1315 1791 καὶ
1338 1764 1420 1799 ἄλλην
1443 1764 1592 1791 ὑπόστασιν
1616 1764 1723 1799 ἔχομεν,
1747 1764 1807 1799 οὐχὶ
1826 1764 1854 1790 δὲ

1068 1811 1150 1846 ἀλλην
1166 1811 1212 1837 καὶ
1236 1810 1318 1846 ἀλλην
1339 1809 1497 1842 ἀθανασίαν,
1517 1810 1551 1845 ἣν
1574 1809 1618 1836 διὰ
1647 1809 1694 1836 τοῦ
1713 1809 1773 1840 ἑνὸς
1804 1809 1853 1844 βα-

1068 1856 1220 1891 πτίσματος
1239 1854 1382 1889 ὲλάόομεν.
1399 1854 1430 1880 El
1443 1854 1497 1890 γὰρ
1516 1853 1582 1890 ἄλλη
1605 1853 1651 1880 καὶ
1674 1853 1740 1888 ἄλλη
1761 1853 1855 1880 ἀθανα-

1069 1901 1125 1933 σία,
1147 1900 1210 1927 ἂλλο
1232 1900 1278 1926 καὶ
1302 1899 1366 1926 ἀλλο
1391 1899 1542 1935 βάπτισμα,
1566 1899 1613 1926 καὶ
1628 1898 1693 1934 ἄλλη
1715 1897 1763 1925 καὶ
1787 1898 1854 1933 ἄλλη

1069 1946 1170 1978 πίστις,
1185 1945 1232 1973 καὶ
1245 1945 1295 1973 οὐκ
1307 1945 1381 1972 ἔστιν
1399 1954 1408 1971 ι
1421 1942 1461 1977 εἷς
1475 1945 1586 1981 Κύριος,
1597 1945 1645 1980 μία
1658 1945 1792 1978 πίστις,ἓν
1807 1945 1856 1980 βά⁴¹

1069 2000 1184 2027 πτισμα.
1200 2001 1210 2018 ι

1105 2124 1148 2151 i8.
1167 2123 1265 2157 Ἀνόμ.
1291 2122 1372 2148 Ἀλλά
1407 2123 1423 2156 ἠ
1455 2121 1575 2157 ἡμετέρα
1611 2121 1759 2152 ὑπόστασις
1789 2120 1854 2155 ἄλλη

1071 2171 1130 2196 ἐστὶ
1143 2169 1218 2204 παρὰ
1232 2169 1281 2204 τὴν
1297 2168 1445 2195 ἀθανασίαν
1460 2167 1508 2194 καὶ
1521 2167 1551 2193 τὸ
1567 2167 1706 2202 βάπτισμα
1719 2175 1726 2182 ·
1742 2166 1796 2202 ἄρα
1808 2167 1853 2193 καὶ

238 2207 392 2256 hypos'tasis
407 2221 454 2248 Dei
472 2222 524 2249 alia
548 2227 591 2249 est
609 2230 690 2257 quam
706 2207 910 2249 immortalitas.
941 2222 1015 2249 Ortli.

1073 2216 1089 2250 ἡ
1103 2215 1150 2241 τοῦ
1163 2214 1230 2241 Θεοῦ
1243 2214 1391 2245 ὑπόστασις
1403 2213 1468 2248 ἄλλη
1481 2213 1540 2239 ἐστὶ¹
1551 2213 1625 2248 παρά
1637 2212 1686 2247 τὴν
1697 2211 1852 2238 ἀθανασίαν.

237 2266 424 2302 Nequaquam.
442 2266 493 2294 Sed
510 2267 570 2302 ipsa
586 2267 741 2302 hypostasis
757 2271 799 2295 est
813 2268 894 2295 etiam
909 2268 1020 2296 immor-

239 2313 330 2339 talitas
351 2321 358 2340 ;
375 2320 462 2347 neque
474 2313 662 2339 immortalitas
676 2313 818 2343 duntaxat.
831 2320 924 2340 verum
938 2313 1019 2340 etiam

238 2357 494 2392 incorruptibilitas,
508 2361 536 2384 et
550 2357 667 2391 justitia,
682 2361 708 2385 et
728 2357 916 2387 sanctiﬁcatio.
934 2362 961 2384 et
979 2365 1021 2384 re-

239 2403 367 2438 demptio,
392 2408 419 2430 et
437 2403 597 2435 dominatio,
619 2406 646 2430 et
675 2408 805 2438 potestas.
832 2403 925 2438 Neque
949 2403 1021 2431 Deus

238 2448 297 2475 haec
312 2456 373 2476 esse
386 2448 486 2475 dicitur
501 2457 549 2483 per
563 2450 787 2484 compositionem
804 2459 810 2476 :
824 2450 872 2477 sed
886 2457 918 2476 ex
933 2449 1022 2477 diver-

239 2495 278 2522 sis
295 2495 559 2523 considerationihus
568 2495 657 2523 dictus
679 2497 878 2527 immortalitas,
893 2497 964 2531 quod
977 2497 1022 2524 de-

240 2541 331 2567 sinere
347 2550 353 2568 :
367 2541 621 2575 incorruptibilitas,
637 2541 708 2576 quod
719 2542 832 2569 dissolvi
848 2549 900 2570 non
914 2542 1001 2576 possit
1013 2551 1021 2569 :

241 2585 346 2616 iustitia
371 2590 480 2620 propter
506 2587 660 2620 aequitatem
678 2595 684 2612 :
704 2587 894 2620 sanctiﬁcatio,
910 2588 982 2622 quod
1007 2595 1022 2615 a

241 2633 355 2663 peccato
370 2630 507 2657 custodiat
524 2640 530 2657 :
544 2630 702 2665 redemptio,
716 2631 789 2665 quod
804 2631 885 2658 vitam
900 2636 1021 2658 nostram

242 2673 337 2700 liberet
351 2681 366 2700 a
381 2675 554 2709 corruptione
567 2684 574 2702 :
587 2675 748 2708 dominatio,
767 2675 838 2710 quod
852 2676 973 2702 omnium
989 2676 1023 2702 sit

241 2717 373 2747 Dominus
388 2730 395 2749 :
414 2724 545 2755 potestas,
558 2721 630 2756 quod
645 2721 711 2748 nihil
725 2722 749 2748 ci
767 2722 883 2749 resistat.
898 2721 961 2748 Haec
976 2729 1019 2748 au-

279 2806 339 2843 (τίῆ
354 2805 391 2841 ᾛ
404 2807 536 2835 ἀθανασία
557 2809 638 2835 ἐστίν.
662 2809 747 2843 Εἴπερ
767 2807 874 2843 saneto;
895 2807 961 2842 ἄλλη
979 2808 1025 2833 καὶ

245 2839 310 2876 ἄλλη
331 2839 477 2875 ὑπόστασίς
501 2844 558 2870 ἐστι
582 2845 687 2878 Πατρὸς
713 2839 758 2870 καὶ
782 2842 857 2870 Υἱοῦ.
878 2839 1025 2875 ’Δλλ“ὀὺχὶ

1071 2262 1150 2295 Ὀρθ.
1175 2259 1223 2287 Οὔ.
1244 2259 1326 2286 Ἀλλά
1350 2259 1418 2294 αὑτὴ
1438 2261 1454 2295 ἡ
1477 2258 1623 2290 ὑπόστασις
1653 2259 1699 2285 καὶ
1725 2257 1853 2284 ἀθανασία

1071 2307 1144 2334 ἐστί·
1158 2307 1205 2333 καὶ
1217 2306 1248 2332 οὺ
1266 2306 1346 2341 μόνον
1357 2305 1498 2337 ἀθανασία,
1513 2305 1579 2331 ἀλλά
1591 2305 1637 2331 καὶ
1648 2304 1794 2340 ἀφθαρσία,
1807 2303 1853 2331 καὶ

1073 2352 1239 2386 δικαιοσύνη,
1254 2352 1299 2378 καὶ
1312 2351 1455 2386 ἁγιασμὸς,
1476 2351 1523 2376 καὶ
1534 2349 1729 2385 ἀπολύτρωσις,
1748 2349 1794 2375 καὶ
1808 2357 1854 2375 κυ-

1073 2399 1174 2434 ριότης,
1192 2399 1239 2424 καὶ
1263 2397 1385 2433 δύναμις.
1408 2397 1462 2423 Kal.
1483 2397 1533 2422 οὑκ
1555 2395 1611 2422 ἐστι
1637 2395 1707 2422 κατά
1732 2394 1852 2422 σύνθεσιν

1072 2445 1158 2472 ταῦτα
1176 2446 1190 2471 ὁ
1201 2444 1276 2475 Θεὸς,
1290 2443 1357 2470 ἀλλά
1369 2442 1439 2470 κατά
1453 2442 1596 2477 διαφόρους
1611 2441 1732 2473 ἐπινοίας
1747 2441 1851 2476 λεγόμε-

1073 2499 1133 2522 νος*
1144 2489 1276 2517 ἀθανασία
1295 2490 1342 2525 μὲν
1359 2489 1402 2516 διὰ
1415 2488 1444 2515 τὸ
1455 2488 1646 2523 ἀτελεύτητον·
1661 2487 1797 2523 ἀφθαρσία
1813 2486 1850 2520 δὲ,

1072 2537 1116 2564 διὰ
1139 2537 1169 2563 τὸ
1191 2536 1287 2564 ἄλυτον
1307 2535 1379 2570 (77)·
1401 2534 1555 2569 δικαιοσύνη
1571 2533 1614 2560 διὰ
1633 2533 1663 2560 τὸ
1680 2534 1735 2560 ἴσον
1747 2543 1753 2548 ·
1777 2533 1852 2567 ἁγια-

1074 2583 1142 2618 σμὸς
1163 2582 1207 2609 διὰ
1222 2582 1253 2608 τὺ
1270 2581 1414 2616 φυλάττειν
1427 2581 1480 2607 ἀπὸ
1499 2579 1650 2615 ἁμαρτίαςο
1668 2578 1851 2613 ἀπολύτρωσις

1074 2629 1116 2656 διὰ
1130 2629 1160 2655 τὸ
1173 2627 1269 2659 σώζειν
1285 2627 1317 2654 ἐκ
1330 2627 1431 2662 φθορᾶς
1442 2626 1490 2661 τὴν
1511 2625 1582 2660 ζωὴν
1603 2623 1681 2660 ἡμῶν
1693 2633 1700 2640 ·
1715 2623 1851 2658 κυριότης,

1073 2673 1116 2699 διὰ
1128 2673 1158 2698 τὸ
1177 2672 1283 2698 πάντων
1300 2673 1409 2706 κρατεῖν
1419 2679 1425 2685 ·
1441 2670 1565 2705 δύναμις,
1577 2670 1620 2696 διὰ
1639 2669 1669 2695 τὸ
1685 2668 1766 2704 μηδὲν
1781 2665 1851 2703 αὐτῷ

1074 2718 1248 2745 ἀντικεῖσθαι.
1265 2716 1357 2743 Ταῦτα
1376 2716 1405 2742 δὲ
1419 2717 1506 2744 πάντα
1521 2715 1567 2742 xal.
1589 2714 1652 2749 περὶ
1667 2714 1716 2749 τὴν
1737 2713 1850 2744 ὑπόστα-

1076 2806 1140 2839 ἄλλη
1157 2806 1203 2831 καὶ
1219 2805 1295 2840 ἄλλη.
1307 2804 1351 2832 Sic
1364 2804 1438 2832 Palat

1111 2841 1166 2873 (77)
1187 2841 1285 2871 Paiat.,
1297 2839 1443 2866 ἀδιάλυτον.
