1926 3067
220 123 289 151 ΗΠ

765 125 792 153 S.
814 124 1045 153 ATHANASIUS.
1065 140 1099 145 —-
1120 123 1253 152 SPURiA.

1778 128 1848 156 ωδ

220 184 322 219 postasi
335 189 362 211 et
377 183 504 220 Spiritus,
520 193 608 220 neque
625 190 714 213 tamen
731 190 795 213 sunt
811 187 866 214 duo
883 186 1001 214 fratres?

1055 185 1178 220 ἀδελφοι;
1195 186 1273 220 Ὀρθ.
1297 186 1346 213 Διὰ
1369 186 1449 213 τοῦτο
1469 187 1487 213 ό·
1503 187 1564 219 Υιδς
1584 188 1618 215 οὐ
1640 182 1726 224 μόνον
1746 190 1780 217 ὲκ
1800 190 1848 228 τῆς

221 229 296 256 Orth.
315 229 461 264 Propterea
475 230 559 258 Filius
575 231 665 258 dictus
677 236 719 258 est
734 239 796 259 esse
818 239 872 259 non
896 235 1002 258 tantum

220 283 252 301 ex
276 276 425 311 bypostasi,
446 284 538 304 verum
563 277 644 304 etiam
661 286 695 305 ex
719 282 815 312 utero;
836 283 862 306 et
884 278 1002 313 Spiritus

219 325 331 348 sanctus
343 329 397 348 non
414 326 520 349 tantum
535 331 567 350 cx
581 324 733 358 ilypostasi,
750 325 797 352 sed
811 325 893 352 etiam
914 325 1002 360 Spiri-

220 372 264 394 tus
279 368 346 399 oris,
368 373 397 395 ut
413 368 564 396 diﬂ'crcntia
581 370 616 397 sit
636 377 690 396 non
706 370 795 397 habita
811 371 870 404 ejus
886 371 1001 403 ratione,

216 414 290 447 quod
304 414 361 440 sint
379 422 412 441 ex
433 415 582 450 hypostasi,
599 415 647 443 sed
663 423 779 450 quorum
800 424 872 443 unus
891 416 1002 451 quidem

219 466 251 485 ex
268 464 346 485 utero
358 461 406 489 sit,
422 461 491 486 alter
503 468 535 487 ex
549 468 608 488 ore.

254 505 298 531 ΞΟ.
317 505 412 532 Anam.
435 505 514 533 Aliud
530 514 594 541 ergo
614 510 656 534 cst
676 515 718 539 os,
735 508 807 535 aliud
827 512 870 535 est
896 512 1001 540 uterus,

220 550 293 578 aliud
318 551 492 586 hypostasis?
507 552 583 579 Orlh.
596 552 655 579 Non
671 553 744 580 aliud
768 559 795 581 et
809 553 893 585 aliud,
912 558 942 580 ut
959 562 1002 581 res

220 600 267 622 aut
282 597 459 632 tritonymum
483 598 634 632 quidpiam.
659 599 754 625 Anam.
782 599 816 626 Ut
839 600 903 634 quid
920 601 1003 635 ergo?

222 641 298 669 Orth.
316 641 346 668 Ut
363 643 435 670 aliud
451 642 560 677 quidem
576 644 745 678 signiﬁcante
762 645 914 680 hypostasi,
928 646 1000 672 aliud

221 691 310 719 utero,
321 691 347 713 et
360 687 433 714 aliud
448 695 505 715 ore.
528 689 622 716 Anam.
637 689 706 721 Quid
724 690 860 724 igniiicat
873 691 1003 725 hyposta-

220 732 268 763 sis,
284 733 350 766 quid
363 740 404 765 os,
421 733 486 768 quid
504 736 616 762 uterus?
632 735 710 762 0rllt.
734 735 894 770 iiypostasis
911 737 1001 763 decia-

221 781 274 807 rat.
289 777 318 803 τὸ
335 775 413 809 εἶναι,
440 779 466 806 id
488 783 531 806 est
559 789 568 805 ι
600 787 661 807 esse
685 791 694 806 ι
714 789 719 806 :
739 788 832 808 uterus
856 782 1001 815 generandi

220 822 274 848 vim
295 830 356 854 :os,
373 823 459 857 ipsam
471 823 585 852 docendi
603 825 769 853 facultatem.
783 826 926 858 Quomodo
936 835 1001 854 vero

220 869 312 903 gignat
328 868 425 896 Filium
442 870 524 902 Deus,
541 875 567 898 et
581 872 718 906 quomodo
736 872 866 906 Spiritum
883 874 999 905 emittat,

220 914 328 941 curiose
344 922 398 941 non
414 917 586 951 pervestigo:
604 918 652 944 sed
668 917 750 944 credo
767 917 864 945 Filium
881 919 1001 953 genitum

221 960 404 996 inexplicabili
429 963 511 990 modo
526 967 552 990 et
576 964 678 999 absque
700 965 826 998 passione
842 965 906 998 ulla,
922 970 948 992 et
963 966 998 993 si-

219 1007 320 1034 militer
345 1007 475 1043 Spiritum
496 1014 620 1036 sanctum
641 1000 789 1044 procedere
817 1011 1001 1046 inexplicabili

219 1052 302 1079 modo
315 1058 342 1080 et
354 1054 457 1088 absque
467 1054 592 1088 passione
605 1055 669 1081 ulta.
687 1055 781 1082 Anam.
798 1055 849 1083 Ubi
863 1060 905 1083 est
917 1064 958 1088 os,
975 1061 1002 1083 et

221 1101 325 1129 uterus.
347 1102 374 1125 et
398 1098 564 1133 hypostasis,
581 1099 646 1134 quid
664 1100 747 1130 aliud.
764 1108 846 1134 quam
865 1101 1002 1135 composi-

219 1143 322 1171 tionem
341 1143 417 1171 dicas
429 1145 443 1170 ?
460 1144 537 1172 Orth.
557 1146 788 1180 Compositionem
806 1154 860 1173 non
882 1147 1002 1174 eﬂiciunt

219 1191 277 1217 haec
292 1191 412 1218 nomina.
428 1190 634 1219 Omnino'euim
652 1193 703 1220 ista
715 1201 767 1220 non
779 1193 954 1225 dicuntur,ut
969 1193 1002 1221 de

220 1236 348 1264 membris
358 1238 456 1264 solent.
473 1238 567 1264 Anam.
581 1237 629 1270 Os,
639 1246 728 1265 nonne
741 1245 782 1265 est
794 1239 843 1266 os?
854 1243 881 1266 et
896 1243 1000 1271 uterus,

219 1289 310 1309 annon
326 1287 367 1310 est
385 1284 499 1311 uterus?
515 1283 591 1311 Orth.
606 1283 664 1311 Non
683 1292 763 1312 omne
773 1293 804 1312 os
814 1290 855 1312 est
869 1284 941 1312 idem
958 1292 1000 1317 os,

220 1335 308 1363 neque
322 1329 411 1357 omnis
428 1334 524 1358 uterus
546 1334 588 1358 est
612 1330 682 1358 idem
700 1334 794 1358 uterus
810 1339 817 1357 :
837 1339 897 1358 nam
914 1339 1003 1366 neque
1013 1351 1026 1363 ν.

219 1381 299 1401 omne
313 1382 344 1402 os
367 1379 409 1403 est
425 1376 586 1409 membrum,
600 1385 689 1412 neque
712 1378 801 1404 omnis
815 1382 909 1405 uterus
924 1386 1002 1413 pror-

219 1426 267 1446 sus
286 1419 436 1446 membrum
456 1424 507 1448 est.
529 1421 625 1448 Anam.
642 1421 694 1454 Qui
710 1430 774 1449 vero
792 1423 837 1450 iiat
857 1426 886 1450 ut
903 1431 934 1450 os
948 1432 1001 1450 non

218 1464 255 1491 sit
269 1472 316 1496 os,
334 1469 360 1491 et
376 1469 470 1493 uterus
497 1474 551 1493 non
578 1467 614 1494 sit
639 1468 754 1495 uterus?
769 1467 845 1495 0rtlt.
862 1468 1002 1504 Scriptura

219 1509 312 1536 multis
331 1509 397 1537 locis
410 1517 441 1538 os
464 1511 546 1544 gladii
563 1512 723 1544 nominavit,
748 1521 798 1540 nec
813 1513 948 1548 quispiam
964 1515 1000 1540 ita

219 1554 330 1586 insanit,
359 1559 389 1582 ut
411 1555 485 1582 dicat
509 1556 629 1591 gladium
654 1565 688 1585 eo
713 1558 835 1585 membro
860 1559 1001 1593 praeditum

218 1608 291 1631 esse,
312 1601 385 1635 quod
410 1609 442 1629 os
466 1606 596 1636 vocatur;
613 1604 660 1630 sed
683 1603 824 1639 Scriptura
851 1613 883 1632 os
897 1606 1003 1632 vocavit

219 1646 298 1679 illud,
312 1654 369 1681 quo
386 1647 493 1682 gladius
517 1648 637 1676 absumit
653 1657 659 1675 :
680 1654 708 1676 et
724 1657 786 1676 cum
805 1650 872 1677 dicit
899 1659 932 1678 ex
949 1658 1002 1686 quo

219 1695 298 1719 utero
317 1694 460 1727 proveniat
488 1695 602 1729 glacies,
627 1700 733 1722 uterum
759 1704 920 1731 corporeum
949 1705 1002 1724 non

219 1738 359 1772 requirit:
389 1743 417 1766 et
443 1747 506 1766 cum
530 1740 628 1768 faciem
654 1741 724 1776 ignis
753 1741 830 1774 dicit,
857 1750 910 1769 non
935 1743 1003 1770 dicit

218 1782 307 1817 ignem
322 1791 383 1811 esse
406 1785 524 1812 humana
548 1786 634 1817 {arma
660 1786 813 1820 praeditum,
828 1788 908 1822 cujus
922 1795 1004 1815 mem-

220 1826 299 1854 bruin
316 1836 398 1855 unum
422 1829 458 1856 sit
484 1829 576 1864 I'acies,
594 1832 707 1858 alterum
722 1840 788 1859 vero
808 1832 896 1867 ignis;
915 1840 1003 1867 neque

221 1873 317 1901 faciem
332 1878 411 1902 terra;
426 1876 531 1905 dicens.
541 1881 641 1904 terram
653 1877 718 1904 dicit
731 1879 875 1905 humanam
889 1878 1005 1906 formam

219 1917 332 1946 referre.

246 1964 299 1991 I21.
321 1966 416 1992 Anam.
440 1970 474 1993 Al.
490 1968 600 1995 uoinam
625 1969 726 1996 dictum
747 1973 790 1997 est
817 1973 918 1997 terram
941 1978 1004 1998 esse

220 2009 290 2038 {acie
303 2012 461 2046 praeditam?
478 2012 554 2040 Ort/t.
578 2014 715 2049 Scriptum
731 2020 772 2042 est
788 2017 858 2050 apud
886 2017 1004 2051 prophe-

221 2061 277 2083 tam
293 2067 299 2084 :
319 2067 328 2082 ι
344 2057 394 2091 Qui
410 2058 488 2094 fugit.
505 2060 557 2087 erit
585 2065 613 2087 ut
631 2061 677 2095 qui
694 2061 761 2096 fugit
777 2069 792 2088 a
805 2063 874 2090 facie
894 2063 974 2098 ignis.
990 2074 1001 2089 ι

221 2102 254 2129 Et
268 2104 295 2130 in
309 2103 407 2132 Genesi
424 2105 491 2132 Cain
516 2107 603 2141 inquit
618 2116 625 2134 :
642 2117 651 2133 ι
677 2106 704 2134 Si
725 2108 802 2142 ejicis
826 2116 869 2136 me
889 2109 970 2136 hodie
985 2117 1000 2136 a

221 2148 291 2176 facie
302 2153 389 2180 terrae.
401 2151 483 2178 etiam
497 2159 511 2178 a
525 2151 594 2181 facie
605 2157 650 2180 tua
665 2154 818 2181 abscondar
831 2154 862 2180 ".
880 2163 890 2180 ›
904 2154 999 2182 Anam.

221 2194 274 2221 Sed
290 2202 351 2222 cum
372 2195 406 2223 de
433 2197 619 2226 animantibus
644 2199 695 2225 ista
721 2200 831 2226 nomina
860 2199 1000 2234 dicuntur,
1016 2194 1039 2222 ι)

221 2242 339 2268 membra
356 2242 494 2270 declarant
511 2252 517 2269 ε
536 2244 562 2271 in
590 2245 624 2272 iis
645 2253 719 2277 vero,
746 2253 806 2280 qua).
821 2254 919 2273 sensus
938 2251 1001 2275 sunt

218 2288 350 2321 expertia,
374 2289 506 2317 abusione
521 2290 638 2324 quadam
658 2296 835 2326 usurpantur.
853 2292 929 2321 Orth.
948 2293 1002 2320 An-

220 2341 274 2359 non
297 2333 345 2360 tibi
359 2334 466 2362 vidctur
477 2336 566 2363 anima
581 2344 641 2364 esse
656 2338 776 2364 animai?
796 2338 892 2365 Anam.
916 2338 998 2367 Sane.

220 2377 287 2405 Nam
313 2383 340 2406 et
367 2380 479 2415 angelus
494 2381 594 2408 animal
619 2386 672 2414 est,
693 2387 719 2410 et
745 2390 840 2411 omnes
865 2384 998 2418 spiritus:

220 2428 361 2458 propterea
387 2425 460 2452 enim
492 2427 573 2453 etiam
594 2434 688 2455 omnes
713 2429 848 2464 serapliim
873 2430 1000 2457 animalia

220 2469 370 2496 dicuntur:
387 2475 413 2497 et
427 2471 560 2506 scriptum
574 2476 615 2499 est
633 2482 640 2499 :
656 2482 666 2498 ‹
690 2473 772 2505 Deus,
788 2475 815 2501 in
829 2476 918 2502 medio
932 2476 999 2503 duo-

221 2522 280 2540 rum
294 2515 450 2542 animalium
463 2518 640 2551 cognosceris
653 2519 683 2546 ".
700 2529 709 2544 ι
722 2519 798 2547 Orth.
809 2520 907 2548 Dicens
919 2522 1001 2556 igitur

220 2559 292 2587 Deus
306 2569 313 2587 :
330 2571 339 2586 ι
358 2562 439 2596 Aperi
456 2570 488 2589 os
505 2562 587 2597 5.20
603 2568 676 2590 tuum
693 2569 721 2591 et
735 2566 852 2600 implebo
867 2567 931 2594 illud
948 2567 996 2599 ¹⁹,›

218 2607 356 2640 quodnam
368 2615 399 2635 os
414 2608 496 2635 dicit?
507 2608 539 2635 Et
549 2608 633 2636 David
645 2611 712 2644 psai.
728 2619 810 2638 cxvm
822 2620 827 2637 :
841 2621 849 2637 ι
861 2611 898 2640 Os
909 2620 998 2640 meum

1052 231 1237 264 ὑποστάσεως,
1255 232 1321 258 ἀλλὰ
1341 233 1388 259 καὶ
1409 234 1441 260 ἐκ
1462 233 1578 269 γαστρὸς
1597 234 1732 270 εἴρηται·
1759 235 1807 262 καὶ
1819 236 1849 263 τὺ

1051 276 1163 311 Πνεῦμα
1186 278 1216 303 οὐ
1244 277 1323 312 μόνον
1349 278 1381 303 ἐκ
1407 279 1456 313 τῆς
1480 279 1672 312 ὑποστάσεως,
1702 280 1774 308 ἀλλὰ
1802 281 1848 310 καὶ

1052 322 1164 357 Πνεῦμα
1180 322 1313 357 στόματος
1336 323 1457 359 εἴρηται·
1473 325 1518 351 ἵνα
1540 327 1556 360 ἡ
1571 325 1696 361 διαφορὰ
1720 326 1758 362 μὴ
1778 327 1848 355 κατὰ

1051 367 1097 393 τὸν
1118 369 1150 394 ὲκ
1171 368 1219 403 τῆς
1242 369 1416 401 ὑποστάσεως
1435 371 1513 404 λόγον
1531 371 1660 406 γένηται,
1687 371 1758 398 ἀλλὰ
1779 374 1846 401 κατὰ

1050 414 1096 441 τόν
1109 414 1165 450 (8i)
1177 416 1209 441 ὲκ
1219 416 1337 451 γαστρὸς
1354 417 1399 443 καὶ
1413 417 1553 452 στόματος.

1086 502 1130 529 20.
1157 503 1251 536 Ἃνόμ.
1269 503 1348 530 Ἀλλο
1360 501 1406 531 οὖν
1419 504 1514 539 στόμα,
1528 505 1575 531 καὶ
1585 504 1655 531 ἄλλο
1665 505 1788 541 γαστὴρ,
1800 505 1843 533 καὶ

1051 547 1114 574 ἄλλο
1129 547 1275 579 ὑπόστασις
1284 568 1291 580 ,
1301 548 1372 582 Ὀρθ.
1384 548 1440 575 Οὐκ
1451 549 1513 575 ἀλλο
1522 549 1567 576 καὶ
1576 549 1655 579 ὰλλὸ.
1666 550 1708 581 ὡς
1719 553 1841 586 πρᾶγμα,

1051 593 1265 628 ὼςτριτώνυμόν
1277 602 1314 620 τι.
1330 594 1423 628 Ἀνόμ.
1440 594 1508 620 Ἀλλ’
1524 595 1562 626 ὡς
1573 595 1617 628 τί;
1632 596 1711 629 Ὀρθ.
1726 596 1772 628 Ὦς
1784 597 1842 623 ἄλλο

1051 647 1077 665 τι
1094 639 1149 674 (82)
1167 639 1352 674 σημαινούσης
1373 639 1422 674 τῆς
1441 640 1627 672 ὑποστάσεως,
1652 642 1704 668 καὶ
1720 641 1784 668 ἄλλο
1796 642 1841 677 τῆς

1051 684 1178 718 γαστρὸς.
1195 684 1242 710 καὶ
1256 683 1318 710 ἄλλο
1333 684 1380 711 τοῦ
1394 684 1535 719 στόματος.
1553 686 1652 720 Ἀνόμ.
1671 686 1706 712 Τί
1722 687 1840 722 σημαίνει

1052 730 1068 764 ὴ
1083 729 1240 760 ὑπόστασις,
1253 729 1299 755 καὶ
1309 730 1334 755 τί
1345 729 1375 755 τδ
1386 730 1484 765 στόμα,
1497 730 1543 757 καὶ
1555 730 1581 757 τί
1592 732 1610 766 ἡ
1622 732 1754 767 γαστήρ;
1773 732 1839 765 Ὀρθ.

1067 774 1089 800 H
1105 774 1253 805 ὑπόστασις
1266 774 1296 800 τὸ
1311 773 1379 802 εἶναι
1394 775 1529 810 σημαίνει-
1545 777 1561 813 ἠ
1578 778 1693 813 γαστὴρ
1707 777 1738 804 τὸ
1751 786 1839 812 γεννη-

1054 819 1138 845 τικόν·
1155 819 1185 845 τὸ
1197 819 1284 854 στόμα
1295 819 1325 846 τὸ
1335 819 1496 847 διδακτικόν.
1512 821 1573 852 Πῶς
1583 821 1614 848 δὲ
1627 823 1715 857 γεννᾷ
1728 822 1773 849 τὸν
1783 822 1840 848 Υἱδν

1055 866 1069 891 6
1092 865 1167 897 Θεὸς,
1191 866 1221 892 οὺ
1248 866 1477 902 πολυπραγμονῶ·
1506 867 1551 894 καὶ
1573 867 1637 899 πῶς
1653 868 1793 903 ἐκπέμπει
1814 868 1840 894 τὸ

1056 911 1176 946 Πνεῦμα,
1199 912 1298 947 ὁμοίως
1320 912 1350 938 οὐ
1374 913 1604 948 πολυπραγμονῶ-
1628 914 1701 941 ἀλλὰ
1718 914 1840 947 πιστεύω,

1055 959 1095 984 ὅτι
1111 959 1157 984 καὶ
1172 959 1186 984 6
1201 958 1263 990 Υἱὸς
1279 959 1403 992 γεννᾶται
1415 959 1542 994 ἀρῤήτως
1555 959 1603 986 καὶ
1616 960 1745 993 ἀπαθῶς,
1759 961 1803 986 καὶ
1816 960 1840 986 τὺ

1056 1004 1168 1039 Πνεῦμα
1186 1004 1364 1039 ἐκπορεύεται
1385 1005 1511 1040 ὰρῤήτως
1531 1006 1578 1032 καὶ
1599 1006 1730 1038 ἀπαθῶς.
1753 1006 1839 1041 Ἀνόμ.

1057 1049 1140 1076 Ἔνθα
1157 1050 1252 1085 στόμα,
1277 1051 1324 1076 καὶ
1344 1051 1460 1086 γαστὴρ,
1482 1051 1529 1077 καὶ
1550 1051 1715 1083 ὑπόστασις,
1734 1052 1761 1078 τί
1783 1052 1840 1078 ἄλλο

1055 1095 1157 1131 ὲστὶνῆ
1178 1096 1300 1123 σύνθεσιν
1318 1097 1421 1130 εἰπεῖν;
1450 1097 1521 1130 Ὀρθ.
1544 1097 1677 1124 Σύνθεσιν
1694 1098 1726 1124 οὐ
1742 1097 1840 1125 ποιοῦσι

1054 1141 1088 1168 τὰ
1105 1142 1234 1176 ὀνόματα·
1251 1142 1310 1168 οὐδὲ
1332 1142 1385 1178 γὰρ
1407 1143 1514 1175 πάντως
1535 1144 1580 1170 ἐπὶ
1603 1143 1696 1179 μελῶν
1712 1145 1838 1178 λέγονται.

1061 1188 1154 1222 Ἀνόμ.
1169 1188 1204 1214 Τὸ
1219 1188 1304 1223 στόμα
1320 1189 1369 1214 οὐκ
1385 1188 1441 1215 ἔστι
1457 1189 1560 1224 στόμα;
1575 1190 1625 1216 καὶ
1643 1191 1659 1225 ἡ
1675 1190 1780 1226 γαστὴρ
1796 1189 1839 1215 οὐκ

1055 1235 1245 1271 ἐστιγαστήρ;
1267 1236 1338 1269 Ὀρθ.
1357 1235 1394 1262 Οὐ
1418 1235 1472 1262 πᾶν
1494 1236 1581 1271 στόμα
1604 1236 1637 1262 τὸ
1659 1237 1726 1263 αὐτὸ
1749 1236 1837 1271 στόμα,

1055 1280 1114 1306 οὐδὲ
1138 1282 1212 1306 πᾶσα
1233 1281 1337 1317 γαστὴρ
1359 1281 1375 1316 ἡ
1397 1280 1466 1316 αὑτὴ
1488 1282 1606 1316 γαστήρ·
1633 1281 1695 1308 οὐδὲ
1716 1281 1770 1317 γὰρ
1790 1282 1837 1307 πᾶν

1056 1326 1142 1361 στόμα
1157 1326 1214 1352 ἐστὶ
1233 1326 1321 1361 μέλος,
1345 1326 1405 1352 οὐδὲ
1428 1327 1501 1352 πᾶσα
1521 1327 1630 1362 γαστὴρ
1656 1327 1764 1358 πάντως
1785 1326 1837 1351 ἐστὶ

1057 1371 1145 1408 μέλος.
1170 1373 1264 1407 Ἀνόμ.
1276 1373 1331 1400 Καὶ
1345 1372 1403 1404 πῶς
1417 1372 1527 1399 δύναται
1545 1372 1635 1408 στόμα
1652 1372 1690 1408 μὴ
1703 1370 1770 1398 εἶναι
1783 1371 1836 1398 στό-

1057 1427 1103 1453 μα,
1122 1419 1169 1445 καὶ
1190 1418 1296 1454 γαστὴρ
1321 1419 1357 1454 μὴ
1375 1418 1443 1445 εἶναι
1457 1419 1578 1453 γαστήρ;
1604 1419 1680 1452 Ὁρθ.
1703 1418 1735 1444 Ἢ
1749 1416 1836 1452 Γραφὴ

1056 1464 1189 1500 πολλαχοῦ
1205 1465 1293 1500 στόμα
1310 1465 1444 1499 μαχαίρας
1457 1464 1592 1500 ὠνόμασε·
1609 1466 1658 1491 καὶ
1673 1464 1760 1495 οὐδεὶς
1772 1463 1835 1490 οὕτω

1016 1529 1037 1558 ο
1058 1511 1187 1546 μέμηνεν,
1207 1511 1276 1537 ὥστε
1293 1510 1382 1545 λέγειν
1403 1511 1482 1546 μέλος
1504 1511 1575 1546 ἔχειν
1596 1511 1648 1546 τὴν
1666 1508 1835 1558 μάχαιραν,ὂ

1054 1556 1176 1583 καλεῖται
1194 1556 1291 1592 στόμα·
1316 1556 1383 1583 ἀλλὰ
1400 1557 1466 1583 αὐτὸ
1483 1556 1513 1583 τὸ
1532 1557 1702 1583 ἀναλωτικὺν
1721 1556 1767 1590 τῆς
1789 1563 1833 1589 μα-

1053 1603 1151 1637 χαίρας
1174 1603 1261 1637 στόμα
1286 1602 1419 1638 ὠνόμασε·
1443 1602 1500 1634 καὶ,
1525 1604 1557 1629 ἐκ
1581 1603 1664 1634 ποίας
1683 1602 1711 1628 δὲ
1725 1599 1834 1636 γαστρὸς

1053 1648 1230 1684 ἐκπορεύεται
1246 1648 1420 1683 κρύσταλλος,
1438 1649 1561 1680 εἰποῦσα,
1577 1649 1609 1675 οὐ
1623 1648 1779 1683 σωματικὴν
1790 1653 1832 1680 γα-

1054 1694 1136 1729 στέρα
1156 1694 1289 1729 ἐπιζητεῖ·
1306 1695 1352 1721 καὶ
1367 1695 1511 1729 πρόσωπον
1534 1694 1622 1731 πυρὸς
1644 1693 1766 1723 εἰποῦσα,
1788 1691 1832 1717 οὐκ

1053 1739 1249 1774 ἁνθρωποειδὲς
1263 1739 1336 1773 λέγει
1350 1740 1379 1766 τὸ
1395 1739 1460 1774 πῦρ,
1479 1740 1524 1766 καὶ
1542 1740 1572 1766 τὸ
1588 1740 1640 1774 μὲν
1660 1738 1740 1766 αὑτοῦ
1761 1736 1830 1772 μέλος

1053 1783 1121 1810 εἶναι
1138 1785 1291 1820 πρόσωπον,
1318 1784 1348 1810 τὸ
1372 1785 1400 1810 δὲ
1417 1784 1482 1821 πῦρ·
1505 1785 1551 1811 καὶ
1573 1786 1720 1820 πρόσωπον
1735 1783 1783 1818 γῆς
1796 1781 1830 1810 Eii

1054 1831 1152 1863 ποῦσα,
1171 1831 1221 1857 οὐκ
1233 1831 1417 1867 ἀνθρωποειδῆ
1433 1832 1506 1867 λέγει
1522 1832 1570 1868 τὴν
1585 1831 1640 1867 γῆν

1088 1972 1135 2000 2i.
1171 1973 1266 2007 Ἁνόμ.
1290 1972 1346 2000 Ποῦ
1377 1972 1431 2008 γὰρ
1455 1973 1562 2010 εἴρηται
1591 1972 1737 2008 πρόσωπον
1763 1969 1827 2003 ἔχειν

1052 2017 1101 2052 τὴν
1112 2018 1177 2052 γῆν;
1198 2018 1269 2051 Ὀρθ.
1285 2027 1294 2043 ι
1311 2018 1406 2044 Ἔσται
1420 2018 1434 2044 6
1450 2017 1567 2052 φεύγων,
1584 2018 1624 2049 ὡς
1638 2017 1652 2044 6
1667 2015 1768 2051 φεύγων
1780 2011 1826 2039 ἀπὸ

1053 2062 1198 2098 προσώπου
1219 2063 1312 2098 πυρὸς,
1330 2072 1338 2088 ι
1363 2062 1438 2098 παρὰ
1462 2063 1500 2098 τῷ
1524 2064 1650 2103 προφήτῃ
1674 2061 1822 2096 γέγραπται.

1052 2108 1107 2134 Καὶ
1122 2107 1150 2134 ὲν
1162 2109 1196 2143 τῇ
1211 2108 1317 2134 Γενέσει
1332 2107 1346 2133 6
1362 2108 1430 2134 Κάῖν
1455 2107 1538 2141 λέγει·
1567 2117 1576 2133 ι
1600 2108 1631 2134 Et
1652 2104 1778 2139 ἐκϐάλλῃς
1794 2108 1823 2136 με

1054 2153 1172 2188 σήμερον
1188 2153 1242 2179 ἀπὸ
1256 2152 1401 2188 προσώπου
1420 2153 1469 2188 τῆς
1483 2153 1544 2188 γῆς,
1561 2153 1609 2179 καὶ
1625 2152 1678 2179 ἀπὸ
1692 2149 1736 2176 τοῦ
1750 2153 1823 2182 προσ-

1054 2198 1127 2225 ώπου
1142 2207 1188 2225 σου
1200 2199 1380 2235 κρυὸήσομαι.
1395 2209 1403 2225 ι
1427 2199 1521 2234 Ὰνόμ.
1544 2199 1613 2226 Ἀλλ’
1628 2199 1689 2224 ὅταν
1699 2195 1742 2222 ὲπὶ
1755 2193 1822 2225 ζώων

1055 2243 1163 2279 λέγηται
1178 2244 1262 2271 ταῦτα
1279 2244 1313 2271 τὰ
1323 2244 1452 2280 ὀνόματα,
1468 2244 1534 2280 μέλη
1552 2238 1786 2288 σημαίνουσιν-ιὲξὶ
1797 2235 1821 2288 δῖ

1054 2291 1107 2317 τῶν
1122 2290 1292 2326 ἀναισθήτων
1305 2290 1360 2325 (85)
1373 2290 1605 2325 καταχρηστικῶς.
1628 2290 1697 2322 Ὀρθ.
1713 2285 1747 2312 Οὐ
1757 2283 1819 2309 δοκεῖ

1056 2347 1096 2365 σοι
1117 2339 1134 2373 ἡ
1154 2338 1226 2373 ψυχὴ
1243 2338 1310 2370 ζῶον
1331 2336 1415 2370 εἷναι;
1437 2337 1530 2372 Ἀνόμ.
1547 2337 1601 2362 Kal.
1616 2335 1694 2362 πάνυ.
1711 2331 1761 2358 Καὶ
1773 2327 1819 2373 γὰρ

1054 2384 1100 2410 καὶ
1247 2382 1315 2416 ζῶόν
1328 2384 1395 2413 ἐστι,
1412 2383 1458 2409 καὶ
1476 2371 1563 2409 πᾶντα
1578 2382 1611 2408 τὰ
1625 2379 1768 2413 πνεύματα·
1780 2371 1818 2417 διὰ

1053 2427 1108 2463 γὰρ
1118 2416 1196 2453 τοὺτο
1202 2429 1249 2454 καὶ
1255 2427 1289 2453 τὰ
1298 2427 1418 2462 σεραφὶμ
1426 2426 1482 2458 ζῶα
1494 2426 1626 2460 λέγονται·
1634 2424 1689 2454 καὶ,
1699 2430 1708 2446 ι
1719 2420 1744 2446 '0
1750 2416 1816 2463 Θεὸς.

1053 2461 1081 2500 έν
1093 2461 1167 2509 μέσῳ
1176 2474 1221 2500 δύο
1231 2473 1306 2506 ζώων
1316 2461 1468 2509 γνωσθήσῃ,
1482 2483 1491 2498 ι
1504 2472 1663 2508 γέγραπται.
1676 2466 1748 2516 νὈηθ-

1052 2518 1099 2546 οὖν
1113 2520 1179 2556 λέγῃ
1193 2521 1207 2546 ό
1214 2519 1288 2550 Θεόςι
1295 2529 1304 2545 ι
1312 2519 1432 2551 Ἀνοιξον
1439 2519 1469 2545 τὸ
1477 2519 1563 2553 στόμα
1577 2527 1632 2549 σου,
1642 2513 1816 2563 mlum???

1053 2566 1129 2596 αὐτὸ,
1144 2576 1152 2591 ι
1169 2566 1244 2591 ποῖον
1255 2565 1327 2598 λέγει
1344 2565 1444 2600 στόμα;
1461 2563 1523 2591 Ἐὰν
1536 2564 1564 2590 δὲ
1575 2564 1588 2590 ό
1598 2561 1676 2589 Δαῦὶὸ
1689 2559 1715 2585 ἐν
1726 2559 1761 2590 τῷ
1770 2559 1808 2600 ρξη

1052 2612 1162 2648 ψαλμῷ·
1183 2621 1191 2637 ι
1204 2611 1240 2638 Τὸ
1254 2597 1340 2646 στόμα
1355 2597 1406 2646 μοι)
1419 2610 1522 2646 ἧνοιξα,
1535 2610 1644 2636 εῖλκυσα
1655 2603 1767 2637 Πνεῦμα,
1779 2597 1814 2624 δτι

255 2695 276 2711 ¹⁷
297 2695 395 2723 Cenes.
413 2705 449 2730 iv,
466 2697 508 2725 i4.
548 2698 568 2713 "
588 2697 688 2727 Habac.
708 2707 749 2733 tu,
772 2699 800 2728 2.
838 2701 860 2717 "
880 2700 953 2729 [τοι.
971 2709 1060 2736 Lxxx,
1078 2702 1121 2729 ii.

267 2787 311 2818 Si)
331 2787 481 2818 Palatinus,
495 2789 561 2815 ἀλλά
575 2790 619 2816 καὶ
634 2791 702 2817 κατὰ
715 2791 768 2818 τόν.

267 2821 311 2853 82)
332 2822 386 2850 Mss
402 2842 408 2854 ,
418 2823 485 2849 Ἀλλ’
501 2824 537 2855 ὡς
554 2824 616 2851 ἄλλο
629 2834 663 2851 τι.

1088 2792 1142 2826 (85)
1164 2790 1273 2827 Regius,
1284 2790 1369 2818 Palat.
1387 2783 1706 2822 cthlckm.,atcenr&'wa
