1926 3067
103 154 172 182 1149

593 151 637 178 DE
658 151 793 178 SANCTA.
813 151 999 178 TRINITATE
1018 152 1189 181 DiAbOGBS
1206 153 1227 180 Ι.

1653 152 1722 181 H50

102 213 155 245 τὰς
175 219 283 243 εντοΛας
301 219 347 237 σου
363 218 544 246 ῃρετισαμην,
563 219 572 235 ι
591 211 665 236 ποῖον
687 209 760 244 λέγει
783 209 886 244 στόμας

940 210 1045 244 aperui,
1063 215 1089 238 et
1106 212 1206 238 attraxi
1229 209 1370 246 Spiritum,
1390 210 1520 245 quoniam
1537 210 1662 237 mandata
1675 215 1722 236 trra

109 259 174 286 ἐὰν
187 258 214 284 δὲ
228 257 322 293 λέγῃμὸ
338 256 407 282 Ἰώϐ-
427 266 436 282 1
458 255 594 291 ’Δληθινὸν
608 255 635 282 δὲ
652 255 739 290 στόμα
752 255 886 290 ἐμπλήσει

103 303 231 338 γέλωτος,
247 312 256 328 ι
274 303 348 328 ποῖον
362 302 436 335 λέγει
452 301 555 336 στόμα;
570 301 641 335 Ποῐῳ
655 300 683 327 δὲ
699 300 812 335 στόματι
823 300 887 326 ἐϐόα

103 350 207 384 Μωσῆς
227 348 349 376 ἀκούων-
372 357 381 374 1
402 348 433 374 Τί
451 348 513 383 βοᾷς
535 347 602 382 πρὸς
621 346 670 381 μέ;
698 356 707 371 ι
722 346 770 377 Τίς
790 346 818 372 δὲ
838 346 887 372 οὐκ

103 393 184 426 οἶδεν,
202 394 243 420 ὅτι
258 393 305 420 καὶ
318 391 480 419 σιωπώντων
499 391 592 418 ἀκούει
607 392 621 417 ὁ
635 391 710 422 Θεὸς,
727 391 887 424 στεναγμοῖς

103 440 248 475 ἀλαλήτοις
272 439 411 474 βοώντων;
433 438 516 464 Ποίαν
538 437 565 463 δὲ
583 437 701 472 γαστέρα
715 438 728 463 ὁ
744 437 887 471 προφήτης

103 485 189 519 λέγει’
208 494 216 510 1
240 485 306 510 Ἀπὸ
322 483 368 510 τοῦ
383 484 464 518 φόϐου
483 492 540 514 σου,
556 483 652 518 Κύριε,
670 485 699 509 ὲν
716 483 815 518 γαστρὶ
827 482 887 509 ἑλά-

103 530 199 565 6ομεν,
214 530 262 556 χαὶ
274 529 452 564 ὡδινήσαμεν,
468 529 515 555 καὶ
531 529 659 563 ἑτέκομεν
671 528 780 563 πνεῦμα
800 537 887 563 σωτη-

104 576 166 611 ρίας
182 576 228 602 ἐπὶ
239 575 289 610 τῆς
303 575 370 610 γῆς;
384 584 393 600 ι
408 575 512 610 ’Ὠσπερ
525 572 570 601 οὖν
585 575 601 609 ἡ
618 574 687 610 ψυχὴ
704 574 751 600 καὶ
765 574 887 609 γαστέρα

103 622 176 656 ἔχειν
195 621 311 655 λέγεται,
330 621 377 647 καὶ
390 621 487 655 στόμα,
505 621 552 647 καὶ
565 620 728 655 ὀφθαλμοὺς,
751 620 798 646 καὶ
817 617 884 652 ὦτα,

103 667 152 693 καὶ
166 667 254 694 πάντα
273 666 308 692 τὰ
326 666 393 693 ἄλλα
413 666 480 701 μέλη
493 665 541 692 τοῦ
559 665 692 700 σώματος,
710 665 756 691 καὶ
772 665 802 691 οὺ
819 665 884 698 σύγ-

103 720 193 739 κειται
208 713 241 738 ὲκ
257 711 354 747 μελῶν·
371 710 465 742 οὕτως,
479 711 541 737 ὅταν
555 711 673 747 ἀκούσῃς
689 711 734 736 ἐπὶ
748 710 826 742 Θεοῦ,
839 710 885 736 τοῦ

105 758 215 792 ἀληθῶς
232 756 388 792 ἀσωμάτου,
412 756 530 792 στόμαῆ
546 756 675 792 γαστέρα,
701 757 737 791 μὴ
763 755 885 783 σύνθεσιν

103 803 171 834 νόει,
189 802 255 829 ἀλλὰ
269 802 390 837 γαστέρα
405 802 435 828 τὸ
450 802 616 837 γεννητικὸν,
629 802 716 836 στόμα
727 801 757 828 τὸ
769 801 886 829 διδακτι-

103 849 163 880 κόν,
175 847 328 882 ὀφθαλμοὺς
342 847 371 873 τὸ
384 846 588 882 κατανοητικὺν,
601 843 658 873 ὦτα
671 846 701 872 τδ
715 846 883 873 ἀκουστικόν.

103 893 159 920 Καὶ
175 893 219 920 διὰ
233 892 311 922 τοῦτο
324 893 357 919 ὲκ
369 892 487 927 γαστρὸς
501 892 606 928 εἴρηται
619 893 634 918 ὁ
650 892 725 923 Υἱὸς,
740 892 832 927 ἐπειδὴ
844 900 887 926 γε-
901 882 923 909 Β

102 937 239 972 γέννηται’
252 937 298 963 καὶ
309 936 352 963 διὰ
365 936 443 962 τοῦτο
454 936 566 972 Πνεῦμα
577 937 707 971 στόματος
721 936 750 962 τὸ
764 936 884 971 Πνεῦμα,

102 982 196 1018 ἐπειδὴ
215 982 376 1009 διδακτικόν.
393 983 448 1009 Καὶ
461 982 555 1018 ὥσπερ
569 982 598 1008 οὺ
615 981 704 1016 λέγεις
716 981 844 1017 γεννητὸν
855 981 886 1008 τὸ

102 1027 223 1063 Πνεῦμα,
239 1028 283 1055 ἵνα
296 1028 334 1064 μὴ
344 1028 390 1055 δύο
403 1028 477 1060 υἱοὺς
491 1027 586 1063 εἴπῃςθ
601 1026 686 1058 οὕτως
695 1026 731 1062 μὴ
745 1027 806 1061 λέγε
821 1026 886 1053 αὐτὸ

101 1073 226 1108 γενητὸν,
250 1073 293 1100 ἵνα
315 1073 351 1109 μὴ
364 1073 401 1108 [ἓν
417 1073 471 1100 τῶν
485 1072 604 1108 γενητῶν
621 1072 716 1108 εἴπῃς,
736 1072 783 1098 καὶ
803 1072 886 1106 ἀναγ-

101 1119 205 1154 κασθῇς
219 1119 264 1146 καὶ
277 1119 368 1146 δοῦλον
381 1119 467 1146 εἰπεῖν
479 1119 523 1146 διὰ
534 1119 579 1145 τὸν
592 1118 719 1154 εἰρηκότα
729 1118 884 1154 Προφήτην,

99 1164 142 1193 ὅτι
157 1173 166 1189 1
181 1164 221 1191 Τὰ
237 1164 381 1201 σύμπαντα
397 1164 477 1191 δοῦλα
493 1164 537 1192 σά.
556 1174 566 1190 ι

136 1308 182 1336 22.
204 1309 299 1344 Ἀνόμ.
316 1306 398 1335 Εἶπον
413 1308 460 1335 καὶ
485 1308 513 1334 ἐν
539 1307 608 1342 ἀρχῇ
629 1306 676 1333 τοῦ
701 1307 791 1340 λόγου,
819 1307 885 1341 παρ’

99 1353 191 1387 ὀλίγον
207 1362 240 1388 με
255 1353 358 1384 πείθεις
373 1352 570 1388 ὁμοουσιαστὴν
587 1351 722 1385 γενέσθαι.
747 1352 818 1385 Ὀρθ.
835 1351 883 1377 Γέσ

99 1401 172 1428 νοιτό
202 1409 232 1428 σε
255 1401 354 1432 εἰπεῖν,
373 1399 535 1436 Χριστιανὸν
563 1398 703 1432 γενέσθαιὲ
739 1398 884 1432 Γενόμενος

100 1445 225 1481 γὰρ(84)
250 1445 422 1481 Χριστιανὸς,
448 1444 597 1481 ἑπιγνώσῃ,
623 1445 663 1470 ὅτι
687 1443 827 1478 ὁμοούσιον
844 1443 884 1468 δετ

100 1491 191 1524 λέγειν
206 1490 260 1516 ἀπὸ
274 1490 327 1516 τῶν
344 1490 423 1516 θείων
444 1489 558 1524 Γραφῶν
579 1488 720 1524 διδαχθείς.
745 1489 814 1514 Ὅσα
830 1487 884 1522 γὰρ

101 1537 157 1565 tam
178 1538 230 1564 εισι
251 1537 329 1568 Θεοῦ,
346 1536 431 1563 ταῦτα
448 1537 524 1563 κοινὰ
541 1536 658 1571 Πατρδς,
677 1536 725 1562 καὶ
744 1534 819 1566 Υἱοῦ,
838 1534 884 1560 καὶ

101 1584 180 1618 ἁγίου
197 1583 363 1618 Πνεύματος.
385 1583 477 1617 Ἀνόμ.
494 1582 554 1613 Πῶς
564 1581 671 1617 εἴρηται
681 1580 755 1616 παρὰ
769 1579 808 1615 τῷ
819 1579 887 1614 ἁγίῳ

108 1628 270 1663 umnam.
280 1628 321 1654 ὅτι
331 1627 402 1662 μόνῳ
413 1626 470 1661 Θεῷ
478 1626 605 1653 ἀδύνατόν
615 1627 672 1651 ἐστι
682 1625 712 1651 τὸ
720 1623 869 1658 ψεύσασθαι
878 1631 885 1655 ;

107 1675 180 1707 Ὀρθ.
193 1673 278 1700 Τοῦτο
290 1673 317 1699 δὲ
327 1673 372 1699 ἐπὶ
386 1672 500 1707 Πατρὺς,
516 1672 561 1698 καὶ
570 1671 647 1702 Tia-3,
660 1671 707 1696 καὶ
721 1669 798 1704 ἁγίου
807 1669 889 1695 Ilvati-

103 1723 188 1756 ματος
194 1718 364 1762 λεχθήσεται;
375 1719 406 1744 Ὀ
414 1718 467 1754 γάρ
478 1719 551 1744 ἐστιν
562 1717 625 1743 ἴδιον
633 1716 682 1750 τῆς
689 1715 888 1750 φύσεως,τοῦτο

103 1763 192 1790 κοινὸν
208 1763 261 1789 τῶν
276 1760 461 1790 ὑποστάσεων.
486 1763 580 1796 Ὰνόμ.
604 1761 718 1788 Δύναται
739 1761 767 1787 δὲ
785 1760 889 1795 ψεύσα-

104 1808 167 1835 σθαι
181 1808 215 1834 τὰ
232 1808 368 1843 σεραφίμς
392 1808 463 1840 Ὀρθ.
490 1807 522 1833 Et
542 1807 579 1842 μὴ
600 1807 711 1833 δύναται
724 1806 888 1841 ψεύσασθαι,

103 1854 197 1880 οὐκέτι
213 1853 292 1888 μόνος
301 1854 314 1879 ὁ
325 1853 391 1884 Θεδς
402 1852 518 1888 ἀψευδής
532 1853 615 1879 ἐστιν.
625 1853 718 1886 Ἀνόμ.
729 1852 785 1878 Οὐκ
798 1849 886 1883 εἶπεν,

102 1901 144 1927 ὅτι
159 1900 232 1935 μόνῳ
246 1898 304 1934 Θεῷ
321 1899 449 1925 ἀδύνατον
466 1898 496 1924 τὸ
514 1898 674 1932 ψεύσασθαι,
691 1897 746 1924 ἀλλ’
764 1898 804 1924 ὃτι
823 1898 887 1924 ἁδύ-

102 1954 183 1973 νατον
212 1944 270 1980 Θεῷ
293 1944 454 1979 ψεύσασθαι.
491 1944 565 1978 Ὀρθ.
596 1944 654 1970 Πᾶν
683 1944 697 1970 ὅ
724 1952 751 1970 τι
776 1943 891 1978 γενητόν

102 1991 177 2016 ἔστιν
196 1988 262 2024 (85),
280 1988 388 2015 δύναται
409 1987 574 2022 ψεύσασθαι·
595 1988 643 2014 καὶ
657 1987 701 2014 διὰ
717 1988 795 2014 τοῦτο
815 1988 860 2014 καὶ
875 1989 889 2014 ὁ

102 2035 236 2067 διάϐολος,
253 2036 282 2061 ὲν
297 2034 371 2070 μέσῳ
385 2034 440 2060 τῶν
451 2034 583 2070 χερουϐὶμ
598 2033 646 2066 ὢν,
661 2034 775 2069 ἐδυνήθη
788 2034 889 2068 ψεύσα-

104 2080 177 2107 σθαι.
189 2080 244 2106 Καὶ
254 2079 333 2106 τοῦτό
345 2080 402 2106 ἐστι
416 2079 470 2106 τῶν
484 2079 600 2113 λογικῶν
611 2078 752 2114 δυνάμεων
763 2080 780 2115 ή
790 2078 890 2115 τροπή,

103 2127 134 2153 τὸ
148 2125 309 2160 ψεύσασθαι.
334 2125 400 2157 Θεὸς
415 2125 455 2157 δὲ,
478 2125 610 2160 ἄτρεπτος
629 2124 678 2157 ὢν,
703 2125 749 2151 καὶ
773 2124 890 2160 ἀψευδής

104 2173 173 2200 ἐστι·
197 2173 243 2198 καὶ
261 2171 355 2207 ὥσπερ
381 2170 458 2206 μόνος
485 2170 618 2206 ἀτρεπτός
644 2171 713 2202 ἐστι,
738 2170 786 2196 καὶ
811 2170 890 2205 μόνος

104 2218 248 2250 ἀθάνατος,
271 2218 317 2244 καὶ
339 2217 417 2252 μόνος
436 2217 560 2251 ἀόρατος,
581 2217 628 2243 καὶ
645 2216 724 2252 μόνος
741 2215 888 2251 ἄφθαρτος,

103 2263 191 2295 οὕτως
206 2263 253 2290 καὶ
269 2263 346 2297 μόνος
361 2261 495 2296 ἀψευδής·
511 2260 590 2287 τοῦτο
607 2261 634 2286 δὲ
651 2260 739 2288 κοινόν
755 2261 812 2286 ἐστι
832 2260 889 2286 Πα-

104 2309 179 2347 τρὸς,
197 2309 243 2335 καὶ⁸
259 2307 334 2338 Υἱοῦ,
352 2307 399 2334 καὶ
415 2307 494 2341 ἁγίου
517 2306 683 2342 Πνεύματος.
713 2307 805 2341 Ὰνόμ.
829 2306 890 2338 Πῶς

104 2353 152 2382 οὖν
165 2354 271 2389 εἴρηται
287 2352 350 2388 περὶ
364 2351 411 2378 τοῦ
432 2350 501 2378 Πνεύ
507 2359 599 2386 ματος,
620 2351 660 2378 ὅτι
674 2351 703 2377 οὐ
719 2350 829 2386 λαλήσει
843 2351 889 2385 ἀφ’

103 2399 214 2431 ἑαυτοῦ,
232 2398 288 2425 ἀλλ’
306 2399 355 2424 ὅσα
370 2396 490 2429 ἀκούσει,
506 2396 626 2431 λαλήσει,
647 2395 725 2431 εἴπερ
740 2395 789 2431 τῆς
806 2395 891 2430 αὐτῆς

105 2447 163 2472 ἐστι
178 2445 305 2480 φύσεως;
326 2444 399 2477 Ὀρθ.
421 2443 506 2469 Τοῦτο
521 2441 575 2477 γάρ
588 2442 671 2474 ἐστιν,
683 2440 697 2467 ὃ
710 2442 826 2468 δείκνυσι
842 2442 889 2468 καὶ

105 2493 172 2520 αὐτὸ
185 2491 299 2526 ἀψευδὲς
315 2488 395 2521 εἶναι,
405 2490 451 2516 καὶ
467 2489 516 2524 τῆς
530 2488 614 2523 αὐτῆς
627 2488 732 2522 φύσεως
744 2489 783 2515 δν.
793 2489 886 2523 Ἀνόμ.

106 2538 184 2570 Πῶς;
208 2538 280 2571 Ὀρθ.
299 2537 359 2563 ’Ὁτι
379 2536 432 2562 πᾶν
443 2535 473 2561 τδ
482 2534 604 2570 γενητὸν,
619 2534 666 2560 ἐὰν
712 2534 830 2568 λογικὸν⁷
845 2535 889 2560 ὅτε

106 2585 180 2611 θέλει
204 2583 272 2619 (86),
298 2583 344 2609 καὶ
361 2583 407 2617 ἀφ’
423 2581 519 2608 ἑαυτοῦ
536 2580 622 2612 λαλεῖ,
643 2580 737 2616 ἐπειδὴ
761 2581 808 2607 καὶ
827 2581 890 2607 ῐδιον

104 2631 163 2667 ἔχει
175 2631 291 2665 θέλημα.
305 2629 319 2655 ὃ
332 2628 520 2662 κατασιγάζει,
538 2628 581 2654 ἵνα
595 2627 625 2653 τὸ
641 2626 688 2653 τοῦ
704 2626 772 2653 Θεοῦ
787 2626 891 2662 θέλημα

154 2709 177 2724 ³³
197 2707 269 2735 Psal.
287 2714 388 2739 cxvnl,
405 2706 464 2732 151.
517 2705 538 2721 ²¹
557 2703 608 2732 Job
626 2712 693 2738 vm,
709 2704 754 2731 21.

105 2744 130 2761 ³⁵
150 2743 232 2771 Hebr.
251 2750 293 2776 vr,
311 2742 355 2769 18.
393 2741 415 2756 ¹⁶
433 2740 510 2768 Joan.
529 2747 589 2774 xvr,
607 2739 650 2767 15.

144 2801 198 2833 (81)
218 2801 256 2827 Ita
274 2807 340 2827 mss.
358 2799 428 2826 Editi
449 2805 524 2832 vero,
545 2798 691 2833 γενόμενος
705 2796 735 2823 οὑ
748 2795 814 2831 γάρ.
828 2794 889 2827 Mox

107 2836 172 2862 edit.
186 2835 291 2869 Steph,
302 2834 466 2868 ὲπιγνὼσκῃ.

145 2870 199 2905 (85)
221 2865 305 2897 l‘alat.
327 2865 359 2897 (δι’
373 2865 515 2904 11ος.,’ῐῐᾶν
532 2867 596 2894 εἴτι
611 2876 723 2903 γενητον
741 2876 808 2894 εστι.
825 2865 887 2894 Mox

807 2705 829 2721 "
848 2703 933 2732 Exod.
953 2713 1009 2736 xtv,
1028 2705 1071 2732 15.

938 257 1053 291 elegi",
1071 257 1225 292 pquodnam
1237 265 1268 284 os
1283 257 1372 284 dicit?
1386 256 1419 283 Et
1432 255 1483 283 Job
1494 257 1620 291 inquiens
1637 263 1643 281 :
1659 265 1668 281 1
1684 255 1723 282 Os

938 311 1019 330 verax
1035 304 1157 339 implebit
1173 305 1246 331 risus
1256 305 1288 336 ἰ,
1308 314 1318 330 ι
1330 303 1468 338 quodnam
1484 311 1515 331 os
1531 302 1722 338 inquitYQuo-

937 356 1000 375 nam
1030 354 1120 376 autem
1145 357 1192 376 ore
1220 349 1355 377 clamabat
1382 349 1482 379 Moses,
1505 357 1566 376 cum
1591 347 1720 375 audiret:

940 403 949 419 1
965 393 1022 420 Cur
1042 394 1145 421 clamas
1162 394 1195 420 ad
1213 402 1256 421 me
1278 394 1319 420 “‘3
1341 405 1352 419 ι
1373 393 1439 426 Quis
1456 401 1520 420 vero
1544 394 1651 428 ignorat
1681 395 1723 418 ta-

937 444 1030 467 centes
1049 447 1158 475 quoque
1177 447 1192 466 a
1212 439 1268 467 Deo
1282 439 1405 467 exaudiri
1420 440 1566 475 gemitibus
1581 439 1723 465 inenarra-

936 485 1037 514 bilibus
1064 487 1233 514 clamantes?
1252 486 1337 519 Quem
1359 490 1449 513 autem
1477 491 1584 513 uterum
1598 485 1723 520 intelligit

936 532 1085 566 propheta,
1110 531 1233 559 scribens
1252 539 1259 557 :
1277 540 1287 557 1
1306 533 1328 558 Δ
1347 532 1445 558 timore
1471 532 1526 564 tui,
1551 531 1673 563 Domine,
1695 531 1723 558 in

937 582 1015 605 utero
1036 577 1211 612 concepimus
1236 582 1263 604 et
1283 577 1492 612 parturivimus,
1516 581 1542 603 et
1566 576 1724 611 peperimus

937 625 1062 660 spiritum
1087 623 1183 652 salutis
1199 624 1227 651 in
1246 628 1318 651 terra
1334 624 1376 650 ’³⁸1
1392 633 1401 650 ›
1424 623 1655 656 Quemadmodum
1671 623 1724 658 igi-

937 673 982 696 tur
997 670 1087 697 anima
1101 669 1202 697 dicitur
1219 673 1326 697 uterum
1347 669 1457 700 habere,
1474 673 1501 695 et
1516 676 1558 700 os,
1570 672 1597 695 et
1614 669 1723 700 oculos,

936 719 962 742 et
992 723 1082 747 aures,
1097 719 1124 743 et
1147 719 1245 742 caetera
1271 715 1363 742 omnia
1381 714 1505 749 corporis
1521 714 1657 746 membra,
1673 721 1726 741 nec

937 765 1030 788 tamen
1043 769 1077 788 ex
1093 761 1225 788 membris
1243 761 1395 796 composita
1415 763 1457 787 est
1475 769 1482 787 :
1501 759 1538 786 ita
1551 767 1613 786 cum
1624 759 1657 785 de
1671 759 1726 786 Deo

936 814 1001 834 vere
1016 807 1178 841 incorporeo
1193 806 1290 834 audies
1310 813 1352 838 os,
1375 805 1417 833 vel
1432 809 1551 836 uterum,
1568 804 1636 831 nihil
1652 811 1726 831 com-

937 852 1056 887 positum
1071 852 1206 887 intellige;
1224 852 1272 879 sed
1284 852 1354 879 uteri
1368 851 1490 882 nomine,
1507 849 1634 885 gignendi
1650 849 1703 876 vim
1717 858 1724 877 :

939 898 1006 931 oris,
1034 897 1150 925 docendi
1172 897 1226 924 vim
1250 907 1257 924 :
1284 898 1437 929 oculorum,
1455 896 1622 930 intelligendi
1648 895 1724 922 vim:

939 944 1057 975 aurium,
1073 943 1236 970 cxaudiendi
1263 943 1329 970 vim.
1354 942 1460 970 idcirco
1474 943 1558 977 igitur
1579 941 1670 969 dictus
1683 945 1728 968 est

938 988 1024 1016 Filius
1039 996 1072 1016 ex
1087 993 1175 1020 utero,
1187 988 1260 1024 quod
1277 989 1312 1016 sit
1325 989 1434 1024 genitus
1449 996 1455 1014 :
1468 992 1495 1015 et
1507 992 1650 1023 propterea
1665 986 1727 1022 Spi-

938 1035 1008 1062 ritus
1031 1038 1074 1061 est
1090 1035 1146 1062 oris
1163 1034 1292 1069 Spiritus,
1307 1034 1435 1069 quoniam
1455 1034 1479 1062 is
1502 1039 1544 1061 est
1573 1034 1619 1069 qui
1635 1033 1725 1061 docet.

938 1081 971 1107 Et
987 1081 1058 1109 sicut
1068 1088 1122 1109 non
1137 1081 1207 1109 dicis
1235 1080 1366 1115 Spiritum
1382 1088 1443 1108 esse
1457 1080 1588 1115 genitum,
1607 1087 1643 1106 ne
1657 1078 1728 1106 duos

938 1127 1009 1154 ﬁlios
1019 1127 1095 1154 dicas
1116 1136 1124 1153 :
1141 1127 1178 1154 ita
1191 1134 1226 1154 ne
1242 1126 1325 1154 dicito
1341 1127 1430 1161 ipsum
1441 1133 1502 1153 esse
1519 1125 1633 1158 factum,
1649 1129 1679 1151 ut
1693 1132 1728 1151 ne

938 1172 1014 1199 illum
1034 1179 1120 1199 unum
1141 1180 1236 1200 eorum
1259 1180 1320 1207 quae
1348 1172 1418 1199 facta
1435 1174 1500 1198 sunt
1517 1170 1605 1204 dicas,
1617 1178 1648 1198 ac
1663 1178 1727 1205 pro-

938 1218 1001 1246 inde
1027 1226 1089 1245 eum
1115 1218 1207 1246 dicere
1234 1218 1316 1245 etiam
1340 1225 1449 1246 servum
1476 1217 1593 1252 cogaris,
1617 1219 1728 1251 propter

936 1264 1112 1298 Prophetam,
1129 1264 1177 1298 qui
1200 1263 1268 1291 dixit
1286 1273 1292 1291 :
1312 1273 1321 1290 1
1341 1263 1438 1290 Omnia
1454 1262 1503 1289 tibi
1521 1262 1645 1290 serviunt
1660 1262 1695 1289 ⁸⁸.
1715 1271 1726 1288 ι

972 1309 1016 1336 22.
1035 1309 1130 1337 Anam.
1147 1310 1225 1342 Quod
1253 1309 1331 1336 initio
1353 1308 1422 1340 dixi,
1439 1316 1534 1344 parum
1567 1308 1644 1336 abest
1662 1307 1727 1342 quin

936 1355 1003 1383 mibi
1034 1355 1209 1390 persuadeas,
1239 1355 1359 1389 ut,ilam
1389 1355 1599 1387 homousiastes,
1629 1354 1657 1382 id
1686 1361 1728 1382 est

940 1411 950 1426 1
972 1401 1253 1429 consubstantialista.
1270 1410 1279 1426 ι
1301 1400 1377 1428 Orth.
1405 1399 1514 1428 Utinam
1546 1400 1650 1428 dixeris
1665 1421 1672 1433 ,
1698 1404 1728 1427 ut

943 1446 1117 1474 Christianus
1133 1446 1213 1473 tiam!
1229 1445 1328 1473 Factus
1342 1446 1413 1473 enim
1431 1445 1616 1477 Christianus,
1628 1444 1727 1472 didice-

938 1492 977 1519 ris
994 1496 1121 1526 oportere
1141 1491 1402 1519 consubstantialem
1417 1490 1516 1518 Filium
1535 1491 1638 1523 dicere,
1660 1498 1674 1517 a
1689 1491 1727 1518 di<

937 1538 1012 1564 vinis
1028 1537 1177 1572 Scripturis
1192 1537 1315 1564 edoctus.
1331 1537 1505 1571 Quaecunque
1516 1537 1588 1564 enim
1605 1540 1669 1564 sunt
1681 1536 1727 1564 Dei

940 1583 1062 1618 propria,
1082 1590 1113 1609 ea
1130 1586 1193 1610 sunt
1206 1582 1360 1609 communia
1377 1581 1459 1615 Patri,
1472 1581 1551 1613 Filio,
1568 1586 1597 1609 et
1614 1581 1726 1616 Spiritui

939 1633 1044 1656 sancto.
1073 1627 1169 1655 Anam.
1184 1626 1327 1660 Quomodo
1342 1627 1411 1654 dixit
1426 1631 1537 1654 sanctus
1551 1627 1700 1662 Apostolus
1716 1636 1724 1653 :

940 1684 950 1700 1
969 1674 1024 1701 Deo
1037 1675 1086 1702 soli
1099 1674 1267 1708 impossibile
1281 1679 1322 1701 est
1337 1674 1445 1701 mentiri
1457 1674 1479 1690 ³⁸
1491 1674 1503 1700 ?
1518 1683 1527 1699 ι
1539 1672 1615 1701 Orth.
1629 1673 1685 1700 Hoc
1697 1677 1725 1701 et

937 1719 972 1746 de
990 1719 1080 1750 Patre,
1097 1723 1124 1746 et
1141 1718 1220 1750 Filio,
1235 1722 1262 1746 et
1281 1717 1383 1753 Spiritu
1397 1722 1493 1745 sancto
1508 1718 1614 1746 dicetur
1627 1728 1633 1745 :
1648 1718 1725 1753 quod

937 1765 1010 1792 enim
1023 1768 1128 1792 natura
1142 1764 1298 1799 proprium,
1312 1772 1456 1791 commune
1467 1768 1509 1792 est
1522 1764 1728 1799 hypostasibus.

937 1809 1032 1837 Anam.
1054 1810 1094 1836 An
1121 1813 1235 1844 possunt
1258 1810 1366 1836 mentiri
1393 1809 1550 1844 serapbim?
1570 1809 1647 1836 Orth.
1669 1809 1727 1837 Nisi

937 1855 1044 1890 possint
1059 1855 1178 1887 mentiri,
1205 1863 1259 1882 non
1283 1855 1339 1890 jam
1365 1859 1407 1882 est
1434 1855 1509 1882 solus
1530 1854 1601 1882 Deus
1627 1855 1662 1887 is,
1680 1855 1728 1889 qui

937 1901 1047 1928 mentiri
1057 1909 1109 1928 non
1119 1901 1215 1936 possit.
1223 1901 1319 1928 Anam.
1329 1900 1387 1928 Non
1396 1901 1465 1936 dixit
1474 1900 1621 1935 Apostolus
1637 1900 1727 1928 solum

939 1947 1023 1974 Deuln
1037 1955 1090 1974 non
1105 1955 1185 1982 posse
1198 1947 1318 1979 mentiri,
1333 1947 1380 1974 sed
1396 1947 1565 1982 impossibile
1586 1947 1641 1975 Deo
1659 1955 1723 1975 esse

938 1993 1058 2020 mentiri.
1073 1993 1149 2021 Orlh.
1162 1993 1298 2028 Quidquid
1316 1993 1416 2020 factum
1425 1998 1478 2026 est,
1491 1993 1599 2020 mentiri
1611 1997 1718 2028 potest:

940 2038 1055 2073 ideoque
1073 2039 1154 2066 etiam
1169 2039 1306 2070 diabolus,
1321 2046 1383 2066 cum
1397 2042 1469 2066 esset
1484 2038 1512 2065 in
1528 2038 1616 2065 medio
1628 2038 1728 2065 cheru-

940 2083 1005 2117 bim,
1019 2083 1109 2118 potuit
1123 2083 1243 2111 mentiri.
1261 2083 1294 2110 Et
1304 2084 1356 2110 hoc
1370 2084 1459 2118 ipsum
1472 2083 1592 2115 mentiri,
1608 2085 1651 2109 est
1667 2090 1728 2109 mu—

939 2130 1007 2156 tatio
1033 2129 1090 2162 illa,
1117 2129 1162 2156 cui
1192 2129 1308 2157 virtutes
1324 2129 1473 2155 rationales
1498 2131 1562 2156 sunt
1590 2126 1727 2154 obnoxia}.

940 2174 1012 2203 Deus
1036 2178 1138 2206 autem,
1163 2182 1224 2202 cum
1241 2174 1278 2201 sit
1294 2174 1471 2201 immutabilis
1482 2193 1490 2205 ,
1513 2172 1623 2200 mentiri
1639 2172 1728 2199 nulla-

942 2223 1021 2246 tenus
1048 2222 1138 2253 potest
1156 2227 1163 2245 :
1181 2225 1213 2245 ac
1238 2218 1311 2245 sicut
1335 2218 1411 2246 solus
1436 2222 1478 2246 est
1497 2217 1685 2250 immutabilis,
1701 2220 1728 2244 et

944 2263 1019 2291 solus
1034 2263 1206 2294 immortalis,
1224 2267 1251 2290 et
1269 2262 1346 2290 solus
1370 2262 1527 2294 invisibilis,
1544 2265 1572 2289 et
1596 2262 1671 2289 solus
1686 2261 1728 2288 in-

943 2308 1141 2344 corruptibilis,
1160 2308 1198 2335 ita
1217 2308 1298 2335 etiam
1317 2308 1392 2336 solus
1418 2308 1527 2335 mentiri
1544 2315 1598 2334 non
1627 2311 1726 2342 potest,

944 2359 970 2383 et
988 2355 1040 2383 boc
1056 2361 1200 2382 commune
1217 2357 1258 2382 est
1276 2353 1372 2386 Patri,
1394 2353 1475 2386 Filio,
1491 2358 1518 2382 et
1535 2353 1647 2388 Spiritui
1665 2360 1728 2380 san-

944 2405 998 2428 eto.
1015 2400 1108 2427 Anam.
1123 2399 1264 2433 Quomodo
1276 2407 1342 2435 ergo
1350 2400 1384 2427 de
1399 2399 1502 2435 Spiritu
1528 2399 1639 2430 dicitur,
1654 2399 1729 2434 quod

947 2454 957 2470 1
976 2452 1031 2473 non
1056 2445 1184 2479 loquetur
1203 2452 1236 2472 ex
1253 2444 1412 2479 semetipso,
1429 2443 1478 2471 sed
1493 2450 1663 2478 quaecunque
1683 2449 1728 2469 au-

948 2490 1014 2524 diet,
1035 2491 1160 2526 loquetur
1170 2491 1193 2506 ¹⁶
1206 2499 1213 2517 :
1233 2500 1242 2516 ι
1262 2490 1396 2526 siquidem
1412 2490 1532 2524 ejusdem
1545 2491 1588 2516 est
1600 2493 1704 2515 natura:
1716 2488 1728 2515 3

944 2536 1020 2563 Orth.
1033 2536 1089 2564 Imo
1104 2536 1157 2564 hoc
1172 2537 1261 2571 ipsum
1271 2536 1391 2565 ostendit
1405 2544 1467 2563 eum
1495 2542 1604 2570 quoque
1618 2534 1729 2561 mentiri

944 2590 998 2609 non
1021 2590 1112 2617 posse,
1129 2587 1156 2610 et
1173 2583 1295 2617 ejusdem
1319 2590 1380 2610 esse
1403 2586 1516 2608 natum.
1543 2580 1636 2606 Anam.
1655 2579 1728 2612 Quo-

945 2627 1043 2655 modo?
1062 2628 1139 2655 Orth.
1155 2628 1289 2661 Quoniam
1304 2627 1436 2663 quidquid
1452 2626 1554 2654 factum
1571 2630 1622 2657 est,
1641 2625 1728 2660 siqui-
1752 2643 1755 2647 η

1123 2705 1145 2720 ’³
1164 2704 1216 2733 lsa.
1236 2712 1315 2738 nm,
1333 2703 1376 2731 18.
1429 2704 1452 2720 ’δ
1472 2702 1542 2731 Psal.
1561 2709 1664 2734 cxvnl,
1683 2702 1728 2731 91.

943 2795 1027 2827 idem,
1047 2796 1188 2832 χερουδίμ.

981 2831 1037 2867 (86)
1057 2831 1118 2858 Ὅτι
1132 2831 1212 2864 θέλει,
1226 2831 1292 2865 Reg.
