1926 3067
204 142 268 169 1151
739 140 768 170 S.
784 141 1015 170 ATHANASIUS.
1035 159 1070 163 ——-
1088 142 1223 170 SPURIA.
1764 143 1858 169 “52

202 199 263 226 dem
281 198 316 225 sit
334 198 446 226 rationis
465 198 612 234 particeps.
639 199 684 226 ubi
711 201 778 231 vult.
800 201 881 228 ctiam
898 209 930 228 ex
954 208 983 227 sc

1053 201 1107 238 ἶπῃ.
1120 201 1156 227 Τὸ
1168 201 1196 226 δὲ
1210 200 1321 236 Πνεῦμα
1330 201 1380 236 οὐχ
1393 200 1489 234 οὕτως,
1501 201 1556 228 ἀλλ’
1568 201 1605 232 ὡς
1617 199 1731 235 Πνεῦμα
1745 199 1853 231 Θεοῦ,

203 244 333 278 loquitur,
352 244 570 279 quandoquidem
593 245 676 272 etiam
696 253 745 273 sua
760 247 868 281 propria
887 246 985 281 praedi-

203 292 260 315 tum
282 294 323 316 est
344 290 492 321 voluntate,
520 291 562 317 cui
587 291 724 318 silentium
745 292 868 326 imponit,
890 295 919 318 ut
939 291 984 317 l'lei

204 334 370 360 voluntatem
395 334 479 362 dicat.
502 335 537 362 At
557 334 674 370 Spiritus
699 345 753 363 non
770 337 805 364 ita
821 341 873 368 est,
896 337 942 364 sed
958 341 987 363 ut

205 378 250 406 Dei
263 379 381 414 Spiritus
395 381 516 407 eamdem
532 389 613 416 quam
633 381 702 409 Deus
721 382 800 409 habet
818 382 875 417 ipse
891 383 987 408 volun-

204 429 308 453 tatem:
326 430 353 453 et
373 427 424 454 hoc
446 431 499 459 est,
521 437 530 452 ι
550 427 608 454 Non
622 428 749 462 loquetur
769 435 783 454 a
800 428 956 462 semetipso.
976 437 985 453 ι

205 471 272 498 Nam
286 476 313 499 et
332 471 417 500 Filius
431 473 464 500 de
481 481 510 500 se
525 473 614 500 dixit:
631 484 640 499 ι
658 474 696 500 Ex
709 474 812 508 meipso
827 474 893 500 nihil
906 473 987 506 facio,

205 517 252 544 sed
272 522 300 544 ut
315 518 408 545 docuit
419 527 461 546 me
477 519 566 551 Pater,
583 520 634 547 ista
651 520 747 555 loquor
767 520 801 546 ".
821 530 830 545 ι
846 520 886 546 An
907 520 990 554 igitur

207 562 324 589 Verbum
352 564 416 590 illud
437 564 480 591 Dei
503 569 530 591 ct
547 565 591 591 illa
617 564 662 591 Dei
689 565 827 600 Sapientia
842 566 988 596 nesciebat,

204 607 270 642 quid
286 609 410 636 locutura
425 611 518 637 esset?
534 611 621 641 Absit,
638 615 667 637 ut
690 611 833 646 quisquam
856 611 991 637 Christia—

208 661 260 680 nus
278 653 328 680 hoc
350 654 502 682 existimet!
521 655 567 682 sed
583 655 634 683 ista
651 664 701 682 nos
714 656 854 686 duremur,
867 661 896 682 ut
910 660 937 682 et
949 664 992 682 na-

206 701 295 724 turain
310 699 450 733 utriusque
462 701 583 726 eamdem
606 708 666 727 esse
682 702 811 732 sciamus,
826 704 852 727 et
869 701 994 727 volunta-

207 747 271 775 tem,
297 751 358 778 qua:
383 744 542 772 divisionem
566 746 668 772 nullam
696 746 797 780 patitur
813 755 819 772 :
834 746 876 773 sin
892 746 991 777 minus,

1037 247 1118 273 ταυτὸ
1135 247 1239 281 θέλημα
1257 246 1311 281 ἔχει
1331 246 1370 282 τῷ
1387 246 1455 282 Θεῷ·
1470 247 1516 273 καὶ
1533 247 1609 273 τοῦτό
1624 247 1681 272 ἐστι
1696 246 1739 277 τὸ,
1766 255 1778 271 ι
1800 246 1852 272 Οὐ

1037 291 1147 326 λαλήσει
1164 292 1208 326 ἀφ’
1222 291 1328 318 ἑαυτοῦ.
1343 301 1351 317 ι
1366 292 1419 318 Καὶ
1427 291 1480 327 γὰρ
1489 292 1534 318 καὶ
1549 292 1612 327 περὶ
1621 291 1717 318 ἑαυτοῦ
1731 292 1748 317 ὁ
1767 290 1852 322 Υἱὸς

1039 335 1124 368 εἶπεν,
1139 338 1179 364 ὅτι
1201 347 1210 362 ι
1234 337 1293 363 Ἀπ’
1310 337 1426 372 ἐμαυτοῦ
1447 337 1516 364 ποιῶ
1532 338 1617 370 οὐδὲν,
1639 337 1707 364 ἀλλὰ
1731 335 1852 368 καθὼς

1039 381 1140 414 ἐδίδαξε
1157 391 1190 417 με
1202 383 1215 408 ὁ
1231 383 1334 418 Πατὴρ,
1347 383 1432 409 ταῦτα
1443 383 1524 410 λαλῶ.
1541 393 1550 409 ι
1565 381 1638 418 Ἀρα
1651 380 1696 409 οῦν
1710 383 1725 408 ὸ
1739 383 1851 416 Λόγος

1041 428 1055 453 ό
1068 427 1114 453 τοῦ
1130 427 1207 459 Θεοῦ,
1217 428 1232 463 ἡ
1242 428 1322 462 σοφία
1336 429 1351 463 ἠ
1366 428 1412 455 τοῦ
1429 429 1506 461 θεοῦ,
1524 429 1574 455 οὐκ
1586 429 1643 464 ᾔδει
1655 428 1680 454 τί
1692 428 1823 463 λαλήσει
1837 435 1847 459 ;

1040 473 1086 507 Μὴ
1103 473 1206 499 γένοιτο
1219 473 1295 500 τοῦτο
1309 473 1448 509 ἄνθρωπον
1469 475 1628 510 Χριστιανὸν
1648 473 1844 507 λογίσασθαιί

1041 516 1098 541 ἀλλ’
1117 517 1159 542 ἵνα
1179 517 1286 553 γνῶμεν
1303 519 1381 553 ἡμεῖς
1399 518 1430 544 τὸ
1444 519 1526 545 ταυτο
1540 519 1589 553 τῆς
1604 517 1721 553 φύσεως,
1737 517 1793 543 καὶ
1808 517 1847 543 τὸ

1042 560 1190 596 ἀδιαῖρετον
1205 562 1251 595 τοῦ
1271 561 1430 597 Θελήματος,
1450 562 1534 589 ταῦτα
1549 561 1740 597 διδασκόμεθα”
1761 562 1789 587 εἰ
1810 561 1844 586 δὲ

1043 607 1091 642 μὴ,
1109 607 1213 639 Παῦλος
1227 609 1274 642 μὲν
1287 608 1372 642 λέγει·
1390 618 1398 634 ι
1419 609 1486 644 Περὶ
1499 608 1527 634 δὲ
1539 608 1593 634 τῶν
1608 607 1753 642 παρθένων
1771 607 1843 631 sm-

1040 653 1126 688 ταγὴν
1138 653 1240 688 Κυρίου
1254 654 1303 680 οὐκ
1319 654 1382 689 ἔχω,
1399 654 1511 689 γνώμην
1530 653 1558 680 δὲ
1572 653 1666 688 δίδωμι
1688 652 1727 684 ὡς
1743 651 1843 686 ὴλεη-

1043 699 1131 734 μένος
1144 709 1153 724 ι
1168 700 1182 726 ὁ
1199 699 1226 725 δὲ
1242 699 1305 731 Υἱὸς
1320 699 1429 734 ἐντολὴν
1446 698 1588 734 λαμϐάνει,
1608 699 1634 724 τί
1648 698 1724 734 εἴπῃ,
1743 697 1798 723 καὶ
1811 696 1842 722 τί

1041 744 1163 780 λαλήσει,
1180 746 1226 771 καὶ
1239 745 1270 771 τὸ
1285 745 1395 780 Πνεῦμα
1407 745 1436 771 οὺ
1451 745 1524 771 λαλεῖ
1540 744 1586 778 ἀφ’
1601 743 1706 770 ἑαυτοῦ.

207 787 308 815 Paulus
339 789 448 823 quidem
476 789 542 817 dicit
561 798 567 815 :
587 799 597 815 ‹
625 790 662 818 De
679 791 831 825 virginibus
856 794 1018 825 prteceptnm
1039 789 1145 817 Domini
1170 798 1223 817 non
1245 791 1342 822 habeo,
1370 790 1515 818 consilium
1529 794 1619 817 autem
1645 790 1679 816 do
1693 793 1840 823 tanquam

208 834 421 861 misericordiam
435 840 601 863 consecutus
610 836 643 862 ’⁸,
659 845 667 861 ι
684 835 719 862 At
730 836 815 864 Filius
839 840 1004 871 przeceptum
1025 836 1124 871 accipit
1147 835 1180 864 de
1198 844 1231 863 eo
1252 836 1325 872 quod
1347 836 1472 864 dicturus
1501 839 1528 864 et
1552 836 1694 863 locuturus
1717 838 1776 865 est,
1810 838 1841 860 et

208 878 327 914 Spiritus
341 888 374 907 ex
391 882 539 916 semetipso
554 889 608 908 non
624 881 745 916 loquitur

241 925 321 961 42],
333 926 378 953 25.
387 927 481 954 Anam.
492 927 550 955 Non
562 928 641 956 habet
656 936 720 963 ergo
729 928 846 963 Spiritus
854 928 989 963 propriam

1076 925 1120 953 25.
1146 926 1239 960 Ἀνόμ.
1252 927 1308 953 Οὐκ
1322 925 1378 961 ἔχει
1390 924 1436 953 οῦν
1449 926 1514 952 ἴδιον
1533 925 1637 961 θέλημα
1655 926 1686 952 τὸ
1702 925 1838 961 Πνεῦμα.

208 970 395 998 voluntatem?
418 972 495 999 (λι-ιιι.
513 973 601 1005 Absit,
619 981 680 1008 quae
696 974 805 1008 quidem
823 973 876 1000 Deo
896 981 929 1000 ex
943 974 993 1000 ad-

209 1023 289 1043 verso
302 1017 484 1052 respondeat!
509 1026 558 1046 nec
583 1019 656 1046 enim
675 1019 754 1046 modo
778 1019 836 1046 vult
861 1026 922 1053 quae
946 1018 993 1046 Dei

209 1066 291 1095 sunt,
310 1063 390 1090 modo
402 1071 466 1090 vero
483 1072 544 1098 qua:
568 1065 610 1092 sui
624 1065 709 1097 ipsius
724 1074 730 1091 :
751 1064 799 1092 sed
817 1064 840 1092 si
856 1065 921 1100 quid
936 1065 994 1091 vult

210 1107 330 1143 Spiritus
346 1113 468 1141 sanctus,
489 1110 546 1137 hare
568 1116 610 1138 est
626 1111 671 1138 Dei
687 1112 813 1138 voluntas
829 1120 836 1138 ι
852 1115 879 1138 et
892 1111 915 1138 si
929 1111 995 1145 quid

210 1154 268 1180 vult
288 1153 368 1187 Deus,
379 1155 436 1181 haec
451 1159 493 1182 est
510 1155 628 1190 Spiritus
639 1157 775 1183 voluntas.
787 1159 882 1182 Anam.
900 1156 994 1183 Enim-

210 1207 286 1231 vero.
300 1207 391 1227 annon
419 1201 491 1235 quod
517 1200 589 1228 Deus
619 1202 692 1233 vult,
714 1202 808 1228 volunt
824 1203 906 1229 etiam
933 1209 996 1236 pro~

211 1245 316 1285 plteue?
333 1245 409 1273 Orth.
434 1245 493 1273 Non
513 1255 638 1282 semper;
658 1248 792 1274 interdum
819 1248 892 1274 enim
913 1248 995 1275 etiam

211 1299 244 1318 cx
263 1292 362 1326 seipsis
377 1292 566 1327 loquebantur.
589 1293 657 1320 Cum
674 1293 775 1320 diceret
792 1294 863 1320 enim
879 1294 995 1329 primum

213 1336 324 1364 Moses:
343 1347 352 1363 ι
373 1337 555 1372 lmpeditioris
581 1342 608 1365 et
630 1339 759 1366 tardioris
790 1339 888 1374 lingure
917 1347 995 1370 sum,

212 1389 300 1417 neque
327 1383 419 1410 audiet
432 1391 474 1410 me
488 1383 593 1410 Pharao
609 1383 632 1399 ”
647 1393 653 1410 :
675 1393 684 1409 ι
702 1387 729 1410 et
741 1383 805 1410 illud
823 1393 829 1410 :
850 1393 860 1409 ι
877 1383 997 1411 Obsecro

214 1432 251 1460 te,
263 1428 331 1463 elige
345 1429 428 1455 alium
439 1429 478 1462 ³⁰;
501 1439 510 1454 ι
529 1428 593 1463 quid
609 1429 681 1456 aliud
696 1430 839 1464 signiﬁcat,
852 1437 932 1464 quam
945 1429 998 1457 sibi

214 1475 295 1502 aliam
312 1475 477 1502 voluntatem
495 1477 594 1507 inesse,
615 1484 696 1511 quam
718 1481 810 1511 postea
825 1477 956 1509 coercuit,
968 1481 998 1504 ut

215 1519 262 1548 Dei
278 1521 408 1549 voluntati
422 1522 636 1557 obsequeretur?
658 1523 749 1549 Aaron
765 1530 873 1557 quoque
890 1526 917 1550 et
939 1523 999 1550 Ma-

215 1567 255 1594 ria
264 1574 278 1594 a
287 1567 384 1602 seipsis
396 1568 523 1595 commoti
534 1572 739 1595 murmurarunt
749 1568 880 1596 adversus
887 1567 997 1600 Mosem,

1050 971 1122 1005 Ὀρθ.
1135 971 1268 997 Ἐναντίον
1281 970 1327 997 τοῦ
1341 970 1419 1003 Θεοῦ,
1432 970 1468 1006 μὴ
1485 971 1604 1005 γένοιτοί
1622 970 1681 997 οὐδὲ
1695 971 1761 996 ποτὲ
1778 970 1838 1006 γὰρ

1044 1017 1115 1043 ϐέλει
1131 1017 1165 1043 τὰ
1178 1016 1224 1043 τοῦ
1240 1016 1319 1048 Θεοῦ,
1336 1017 1400 1043 ποτὲ
1428 1016 1456 1042 δὲ
1476 1017 1510 1042 τὰ
1533 1015 1629 1042 ἑαυτοῦ
1641 1024 1647 1030 ”
1665 1015 1722 1042 ἀλλ’
1748 1015 1778 1042 εῐ
1808 1024 1838 1041 τι

1045 1062 1115 1089 Θέλει
1134 1062 1243 1097 Πνεῦμα
1257 1061 1287 1088 τὸ
1306 1063 1392 1097 ἇγιον,
1410 1061 1489 1088 τοῦτο
1502 1061 1547 1088 τοῦ
1563 1061 1629 1088 Θεοῦ
1641 1063 1697 1088 ἐστι
1710 1061 1836 1096 θέλημα·

1045 1107 1092 1133 καὶ
1103 1107 1162 1133 εἴτι
1177 1107 1247 1133 θέλει
1261 1108 1275 1133 ὁ
1291 1107 1368 1138 Θεὸς,
1380 1106 1458 1133 τοῦτο
1471 1106 1577 1141 θέλημά
1593 1107 1651 1132 ἐστι
1672 1105 1718 1132 τοῦ
1744 1106 1837 1133 Πνεῦ-

1047 1160 1141 1187 ματος.
1159 1153 1257 1186 Ἀνόμ.
1273 1153 1304 1178 Οἱ
1326 1152 1380 1188 γὰρ
1406 1151 1553 1187 προφῆται,
1570 1151 1619 1178 οὐκ
1638 1152 1663 1178 εί
1676 1160 1703 1178 τι
1723 1151 1799 1178 θέλει
1821 1153 1838 1178 ὀ

1045 1197 1120 1229 Θεὸς,
1133 1197 1267 1229 θέλουσινς
1291 1198 1364 1232 Ὁρθ.
1381 1198 1418 1224 Οὐ
1434 1198 1562 1225 πάντοτε·
1579 1197 1634 1224 ἐσθ’
1647 1198 1690 1224 ὅτε
1707 1197 1763 1232 γὰρ
1784 1197 1836 1223 καὶ

1046 1243 1091 1278 ἀφ’
1108 1243 1211 1270 ἑαυτῶν
1233 1243 1354 1270 ἐλάλουν.
1383 1244 1486 1279 Μωσῆς
1505 1243 1558 1279 γὰρ
1585 1243 1691 1279 πρῶτος
1717 1242 1812 1276 ἔλεγεν
1825 1252 1833 1258 -

1049 1298 1059 1314 ι
1085 1289 1256 1324 Ἰσινόᾷωνος
1268 1290 1314 1315 καὶ
1334 1288 1540 1325 βραδὺγλωσσος
1555 1288 1609 1323 ἐγώ
1625 1290 1691 1324 ειμι,
1707 1289 1755 1315 καὶ
1781 1289 1834 1315 οὐκ

1047 1334 1236 1361 εἰσακοῦσεταί
1252 1343 1302 1370 μου
1315 1333 1428 1370 Φαραώ·
1446 1343 1456 1360 ›
1476 1333 1523 1360 καὶ
1542 1334 1583 1366 τὸ,
1607 1343 1617 1360 ι
1641 1333 1740 1369 Δέομαί
1764 1342 1833 1366 σου,

1049 1379 1220 1415 προχείρισαι
1240 1380 1329 1412 ἄλλον,
1350 1389 1360 1406 ι
1374 1379 1400 1406 τί
1420 1380 1575 1415 σημαίνειῆ
1593 1379 1655 1406 ἄλλο
1676 1379 1782 1414 Θέλημα
1803 1380 1835 1405 ἐν

1048 1423 1227 1460 ὲαυτῷεῖναι,
1244 1425 1258 1450 ὃ
1281 1426 1418 1457 ἐκόλασεν,
1434 1425 1478 1452 ίνα
1501 1425 1531 1451 τὺ
1555 1425 1602 1451 τοῦ
1623 1424 1690 1451 Θεοῦ
1712 1425 1832 1461 ποιήσῃ;

1049 1471 1103 1497 Καὶ
1121 1471 1224 1506 ’Δαρὼν
1236 1471 1282 1498 καὶ
1298 1471 1392 1506 Μαρία.
1405 1471 1451 1505 ἀφ’
1463 1470 1566 1497 ἑαυτῶν
1585 1470 1736 1506 κινούμενοι
1756 1471 1834 1504 ὲγὸγ-

1049 1524 1135 1550 γυσαν
1150 1516 1220 1543 κατὰ
1232 1516 1363 1548 Μωσέως,
1381 1516 1424 1542 ὅτε
1440 1516 1599 1552 ὲλεπρίασεν
1619 1516 1635 1551 ὴ
1651 1515 1759 1551 Μαρία,
1785 1516 1832 1542 xal.

1050 1561 1172 1597 ὠργίσθη
1187 1561 1268 1597 θυμῷ
1280 1561 1390 1597 Κύριος.
1405 1562 1547 1598 Ἱερεμίας,
1559 1560 1772 1596 παραιτούμενος
1782 1561 1832 1596 τὴν

215 1619 270 1646 quo
284 1617 404 1648 tempore
416 1614 496 1640 etiam
514 1613 587 1648 lepra
605 1614 738 1641 laboravit
758 1613 853 1645 Maria,
870 1614 997 1648 indigna-

1053 1607 1228 1642 προφητείαν,
1255 1607 1351 1641 ἐλεγε⁸
1375 1617 1384 1633 ι
1412 1606 1552 1643 Νεώτερός
1563 1608 1619 1642 ειμι
1642 1606 1707 1641 ἐγὼ,
1729 1608 1775 1633 καὶ
1799 1607 1830 1633 οὐ

216 1662 316 1693 tusque
337 1662 378 1686 est
392 1658 531 1686 Dominus.
546 1659 680 1687 Jeremias
694 1660 882 1694 propheticum
901 1667 1001 1687 munus

217 1703 380 1738 deprecans,
397 1704 505 1731 dicebat
521 1713 527 1731 :
548 1713 557 1730 ι
574 1704 672 1732 Iunior
687 1713 759 1738 sum,
776 1713 865 1740 neque
889 1713 1001 1740 possum

217 1751 378 1784 prophetare
389 1749 421 1776 ³¹.
439 1759 448 1776 ι
472 1749 505 1776 Ει
517 1749 601 1778 Jonas
613 1759 646 1778 eo
660 1758 747 1785 usque
760 1750 788 1777 in
807 1751 859 1778 hoc
873 1758 1003 1778 recusan-

218 1795 254 1822 do
281 1803 443 1830 progressus
457 1799 518 1829 est,
548 1800 577 1823 ιιι
602 1797 683 1824 etiam
709 1796 858 1824 decreverit
875 1795 967 1831 fugere
987 1804 1002 1823 a

219 1839 289 1867 faeie
302 1839 416 1868 Domini.
431 1841 464 1868 Et
479 1841 564 1869 David
583 1849 645 1869 cum
659 1849 716 1869 suae
733 1842 869 1869 voluntati
885 1842 1002 1869 obsecu-

220 1888 276 1915 tus,
294 1885 422 1919 populum
450 1886 652 1917 recensuisset.
677 1886 836 1921 castigatur.
856 1886 932 1914 Mitto
957 1887 1003 1914 illa

219 1930 254 1958 de
273 1929 334 1957 Uria
349 1930 479 1959 Chettzeo.
498 1931 565 1959 Nam
583 1940 677 1960 omnes
693 1940 801 1968 quoque
814 1933 919 1960 ratione
935 1941 1004 1968 prae-

219 1975 284 2003 ditre
293 1980 439 2008 creaturae,
457 1977 593 2005 interdum
610 1985 671 2012 qua:
693 1985 743 2006 sua
755 1999 762 2010 ,
789 1979 924 2006 interdum
943 1986 1004 2014 quae

221 2020 269 2051 Dei
283 2025 358 2053 sunt,
373 2022 530 2057 loquuntur.
547 2023 581 2050 At
596 2031 651 2051 non
662 2023 699 2050 ita
713 2023 832 2059 Spiritus
846 2033 852 2051 :
869 2031 919 2051 nec
930 2024 1002 2052 enim

221 2066 302 2094 modo
316 2074 375 2102 quae
390 2066 436 2094 Dei
453 2071 534 2099 sunt,
561 2068 642 2096 modo
656 2075 706 2095 sua
732 2068 870 2103 loquitur,
901 2075 963 2096 cum
979 2067 1005 2095 ei

222 2120 276 2139 non
302 2112 367 2140 insit
389 2113 441 2140 alia
466 2113 598 2148 quaepiam
623 2113 768 2146 voluntas,
782 2118 814 2140 ut
839 2120 873 2144 ne
895 2113 921 2140 in
937 2112 1007 2141 Filio

221 2157 343 2192 quidem,
356 2157 404 2185 sed
420 2165 474 2185 una
489 2159 525 2186 sit
546 2157 643 2190 Patris,
656 2158 728 2191 Filii,
742 2162 769 2186 et
785 2157 903 2193 Spiritus
918 2158 1005 2186 sancti

223 2203 359 2230 voluntas.
380 2202 485 2230 Idcirco
505 2204 608 2231 dictum
637 2208 679 2232 est
702 2204 736 2231 de
760 2203 887 2238 Spiritu:
921 2213 930 2229 ι
947 2203 1006 2230 Non

224 2248 350 2283 loquetur
364 2256 380 2274 a
401 2249 548 2284 semetipso
565 2250 598 2276 ".
620 2259 629 2276 I
654 2249 686 2276 Et
708 2249 742 2277 de
764 2249 855 2277 Filio:
875 2257 885 2274 ι
903 2249 973 2276 Nihil
991 2257 1005 2276 a

1052 1652 1169 1688 δύναμαι
1180 1653 1369 1688 προφητεύειν.
1390 1663 1399 1678 ι
1425 1653 1480 1680 Kal.
1501 1654 1516 1680 ὁ
1535 1653 1625 1685 Ἰωνᾶς
1644 1653 1684 1685 εἰς
1708 1652 1831 1680 τοσοῦτον

1053 1699 1239 1734 παρῃτήσατο,
1261 1699 1299 1730 ὡς
1317 1699 1364 1725 καὶ
1384 1699 1456 1732 δόξαι
1483 1698 1592 1733 φεύγειν
1614 1698 1667 1725 ἀπὸ
1688 1698 1832 1735 προσώπου

1053 1744 1167 1779 Κυρίου.
1180 1744 1235 1770 Kal.
1246 1745 1260 1770 ὁ
1272 1744 1364 1776 Δασὶδ,
1382 1744 1412 1771 τὸ
1428 1744 1533 1780 Θέλημα
1548 1744 1578 1770 τὸ
1592 1743 1689 1771 ἑαυτοῦ
1708 1745 1830 1780 ποιήσας,

1053 1790 1100 1816 καὶ
1116 1789 1240 1825 ἀριθμῶν
1254 1789 1300 1816 τὸν
1316 1790 1390 1822 λαὸν,
1415 1791 1584 1825 ἐπιτιμᾶται.
1609 1789 1707 1816 Σιωπῶ
1724 1790 1775 1826 γὰρ
1797 1789 1832 1816 τὰ

1054 1835 1124 1861 κατὰ
1139 1835 1184 1861 τὸν
1196 1835 1297 1870 Οὐρίαν
1317 1835 1363 1862 τὸν
1378 1835 1517 1862 Χετταῖον.
1546 1835 1600 1862 Kal.
1614 1835 1700 1862 πάντα
1724 1834 1776 1870 γὰρ
1798 1834 1832 1861 τὰ

1053 1880 1150 1915 λογικὰ
1168 1881 1305 1916 κτίσματα
1321 1881 1386 1908 ποτὲ
1401 1880 1435 1908 τὰ
1456 1881 1560 1908 ἑαυτῶν
1578 1880 1698 1913 λαλοῦσι,
1717 1881 1777 1907 ποτὲ
1800 1879 1830 1906 τὰ

1052 1926 1099 1953 τοῦ
1111 1926 1178 1953 Θεοῦ
1188 1935 1194 1941 ·
1206 1926 1235 1953 τὺ
1244 1927 1271 1953 δὲ
1288 1927 1397 1962 Πνεῦμα
1413 1928 1462 1962 οὑχ
1472 1926 1557 1958 οὕτως
1568 1935 1576 1942 ⁸
1593 1927 1622 1954 οὐ
1650 1927 1703 1962 γὰρ
1718 1927 1778 1953 ποτὲ
1799 1925 1831 1952 τὰ

1053 1971 1100 1998 τοῦ
1115 1971 1192 2002 Θεοῦ.
1209 1972 1256 1998 καὶ
1269 1972 1334 1998 ποτὲ
1349 1972 1382 1998 τὰ
1397 1971 1493 1998 ἑαυτοῦ
1504 1980 1512 1988 ’
1529 1972 1589 1998 οὐδὲ
1607 1971 1661 2007 γάρ
1685 1972 1757 1998 ἐστιν
1775 1971 1827 2007 (87)

1053 2016 1118 2043 ἄλλο
1131 2025 1156 2044 τι
1168 2018 1197 2043 ὲν
1209 2017 1283 2052 αὑτῷ
1297 2017 1411 2052 θέλημα,
1423 2017 1514 2052 ἐπειδὴ
1525 2017 1586 2043 οὐδὲ
1601 2017 1631 2044 ὲν
1644 2016 1682 2052 τῷ
1695 2016 1760 2052 Υἱῷ,
1777 2017 1828 2044 ἀλλ’

1054 2062 1083 2088 ἓν
1099 2063 1156 2088 ἐστι
1167 2061 1273 2097 Θέλημα
1285 2062 1401 2097 Πατρὺς,
1412 2062 1459 2089 καὶ
1475 2061 1551 2094 Υἱοῦ,
1561 2062 1608 2088 καὶ
1621 2061 1700 2096 ἁγίου
1714 2062 1829 2096 Πνεῦμα-

1055 2116 1109 2139 τος.
1123 2107 1178 2134 Καὶ
1188 2107 1231 2134 διὰ
1241 2107 1320 2134 τοῦτο
1332 2107 1438 2144 εἴρηται
1452 2108 1515 2144 περὶ
1528 2107 1574 2134 τοῦ
1584 2108 1752 2144 Πνεύματος·
1773 2118 1781 2134 ι
1795 2109 1828 2135 03

1055 2153 1166 2189 λαλήσει
1179 2153 1225 2188 ἀφ’
1238 2153 1334 2180 ἑαυτοῦ
1346 2162 1353 2168 ·
1375 2163 1384 2179 ›
1400 2154 1446 2180 καὶ
1459 2154 1522 2189 περὶ
1537 2153 1583 2180 τοῦ
1600 2153 1677 2186 Υἱοῦ,
1691 2155 1731 2180 ὅτι
1747 2163 1756 2179 ι
1775 2154 1828 2180 ’Δπ“

1056 2199 1171 2234 ἐμαυτοῦ
1187 2199 1257 2226 ποιῶ
1269 2200 1354 2231 οὐδὲν,
1369 2199 1435 2226 ἀλλὰ
1447 2200 1538 2231 καθὼς
1550 2199 1650 2232 ἐδίδαξε
1663 2209 1696 2235 με
1709 2200 1722 2226 ὁ
1734 2199 1826 2235 Πατὴρ,

1055 2247 1141 2272 ταῦτα
1155 2246 1228 2272 λαλῶ
1238 2254 1246 2262 ·
1270 2255 1280 2272 ι
1298 2246 1348 2272 οὒκ
1364 2245 1460 2281 ἐπειδὴ
1476 2245 1530 2280 (88)
1541 2246 1590 2272 οὐκ
1605 2244 1657 2272 οἶδε
1673 2245 1781 2281 λαλῆσαί
1794 2254 1826 2278 τι,

224 2300 268 2321 me
281 2294 340 2328 ipso
353 2293 423 2322 facio
435 2314 443 2326 ,
464 2295 511 2322 sed
526 2294 597 2322 sicut
612 2295 705 2322 docuit
725 2302 769 2321 me
784 2293 874 2326 Pater,
889 2294 946 2321 haec
966 2294 997 2320 lo‘

1059 2291 1115 2318 ἀλλ’
1131 2291 1172 2318 ὅτι
1188 2291 1237 2317 οὐκ
1256 2290 1319 2317 ἄλλο
1338 2290 1409 2317 θέλει
1428 2292 1442 2318 ὁ
1464 2291 1568 2326 Πατὴρ,
1588 2291 1634 2317 καὶ
1655 2290 1718 2317 ἄλλο
1739 2290 1827 2317 θὲλειὸ

223 2346 295 2374 quor
309 2340 331 2355 "
346 2349 352 2367 :
376 2350 386 2366 ›
402 2347 457 2368 non
469 2340 541 2375 quod
560 2341 664 2368 nesciat
675 2341 823 2375 quidquam
839 2340 911 2375 loqui
924 2360 931 2372 ,
955 2340 1002 2368 sed

225 2385 289 2420 quia
309 2393 363 2413 non
378 2386 452 2413 aliud
468 2386 526 2414 vult
543 2385 634 2419 Pater,
648 2386 721 2413 aliud
733 2387 789 2414 vult
800 2385 886 2414 Filius
896 2391 923 2414 et
934 2385 1007 2413 aliud

226 2429 348 2464 Spiritus
363 2435 486 2459 sanctus.

262 2475 308 2502 Ἃ.
327 2476 424 2503 Anam.
444 2476 556 2504 Etiamsi
580 2484 634 2504 non
649 2484 758 2511 semper
771 2483 831 2510 qua
848 2475 895 2504 Dei
922 2481 986 2504 sunt
999 2496 1007 2509 ,

228 2519 312 2547 locuti
327 2520 381 2547 sint
397 2521 535 2556 propheta:
547 2540 555 2553 ,
582 2525 612 2548 ut
636 2525 665 2548 tu
679 2520 794 2548 dicendo
809 2521 1008 2556 comprobasti;

197 2566 202 2571 '
229 2569 257 2592 at
272 2569 347 2593 certe
363 2566 478 2601 apostoli
495 2566 563 2593 nihil
574 2574 606 2593 ex
623 2566 730 2601 seipsis,
748 2566 794 2594 sed
804 2574 864 2601 quae
877 2570 940 2593 sunt
951 2565 1008 2598 Dei,

229 2619 338 2647 semper
364 2612 448 2639 locuti
474 2616 548 2640 sunt.
578 2612 654 2640 Orth.
686 2611 769 2639 Docet
803 2619 853 2639 nos
870 2611 1010 2647 Scriptura

266 2689 288 2704 “
307 2688 386 2716 Jnan.
403 2697 461 2721 νιιι,
478 2689 523 2717 28.
560 2690 583 2705 "
602 2689 612 2716 l
629 2689 689 2717 Cor.
708 2697 754 2722 ru,
767 2689 812 2717 ΞΒ.

231 2723 255 2739 ³³
273 2723 353 2752 Joan.
371 2732 436 2757 vni,
453 2724 488 2751 28

271 2799 326 2837 (87)
344 2800 440 2833 Palat.,
453 2800 498 2828 τοῦ
509 2801 584 2828 Θεοῦ
596 2801 654 2828 οὐδὲ
668 2801 721 2837 γάρ
735 2803 816 2834 ἐστιν,
831 2802 939 2830 omissis
952 2802 1012 2837 qui-

235 2834 359 2862 busdam.

851 2690 873 2705 ”
895 2689 978 2718 Exod.
992 2697 1029 2722 xv,
1049 2689 1092 2717 10.
1131 2690 1153 2706 ³⁸
1173 2689 1238 2716 ibid.
1255 2690 1297 2717 15.

1060 2337 1134 2368 Υίδς,
1150 2337 1196 2363 καὶ
1209 2336 1273 2364 ἄλλο
1288 2337 1318 2363 τὸ
1334 2337 1456 2372 Πνεῦμα.

1095 2477 1140 2504 21.
1161 2478 1255 2512 Ἁνόμ.
1279 2478 1309 2504 El
1326 2478 1373 2505 καὶ
1406 2478 1443 2513 μὴ
1464 2478 1577 2504 πάντοτε
1604 2477 1628 2504 οξ
1657 2476 1784 2513 προφῆται
1800 2477 1826 2504 τὰ

1061 2521 1108 2547 τοῦ
1122 2521 1189 2548 Θεοῦ
1204 2521 1304 2556 ἔλεγον,
1313 2523 1351 2553 ὡς
1363 2522 1461 2555 ἔδειξεν
1474 2522 1581 2556 ὸλὸγος,
1598 2521 1654 2548 ἀλλ’
1665 2522 1690 2548 οξ
1703 2521 1826 2548 ἀπόστολοι

1063 2566 1122 2593 οὐδὲ
1136 2566 1244 2593 ἐλάλουν
1258 2567 1304 2601 ἀφ’
1321 2567 1434 2598 ἑαυτῶν,
1453 2566 1520 2593 ἀλλὰ
1537 2567 1650 2593 πάντοτε
1665 2567 1699 2593 τὰ
1710 2566 1753 2593 τοῦ
1761 2561 1826 2594 Θεοῦ.

1071 2613 1144 2647 Ὀρθ.
1159 2612 1192 2639 Ἦ
1209 2612 1304 2648 Γραφὴ
1319 2613 1393 2648 ἡμᾶς
1405 2612 1532 2645 ἐδίδαξεν,
1546 2613 1586 2639 ὅτι
1597 2614 1620 2639 οἱ
1633 2611 1768 2639 ἀπόστολοι
1776 2612 1822 2638 ἐλά·

1336 2689 1356 2705 ³⁸
1377 2689 1476 2717 Jerem.
1495 2697 1513 2720 ι,
1530 2690 1556 2717 6.
1593 2690 1616 2705 ³¹
1633 2689 1711 2718 Joan.
1730 2697 1775 2722 xvt,
1790 2688 1826 2716 15.

1104 2801 1158 2836 (88)
1178 2801 1268 2828 Ταῦτα
1282 2801 1352 2829 λαλῶ
1367 2802 1448 2828 λαλεῖ·
1463 2802 1511 2828 οὐκ
1528 2801 1628 2836 ἐπειδὴ.
