1926 3067
72 109 144 138 1153

551 93 612 136 .DE
631 107 766 135 SANCTA
785 106 971 135 TRINITATE
991 107 1162 135 DlALOGUS
1183 108 1191 135 Ι

1621 107 1689 133 1154

70 169 136 195 λουν
163 167 210 202 ἀφ’
241 167 355 194 ἑαυτῶν.
386 168 480 202 Άνόμ.
508 167 590 200 nam
611 167 683 201 Ὀρθ.
718 166 780 193 Ἐὰν
811 165 857 193 οὖν

916 168 1048 202 ipostolos
1062 168 1197 196 interdum
1213 176 1228 195 a
1246 168 1343 203 seipsis
1363 175 1423 195 esse
1446 167 1564 195 locutos.
1593 168 1688 193 Anam.

71 213 194 249 ἀλούσης
222 213 330 239 Παύλου
357 213 481 247 λέγοντος
508 213 573 248 περὶ
599 212 653 239 τῶν
685 213 856 245 ἀποστόλων,

74 268 85 285 ε
107 258 180 286 Ἀλλ’
191 259 235 285 ὅτε
251 256 330 290 εἶδον,
343 259 383 285 ὅτι
398 260 447 286 οὐκ
461 259 634 294 ὀρθοποδοῦσι
650 259 718 294 πρὸς
733 259 782 294 τὴν
793 259 858 293 ἀλή-

71 305 150 332 θειαν
158 304 205 332 τοῦ
213 304 391 339 Εὑαγγελίου,
401 303 476 331 εἷπον
489 305 527 340 τῷ
539 305 618 340 Κηφᾷ
628 305 781 341 ἔμπροσθεν
793 306 859 333 πάν-

70 358 129 376 των
157 360 168 376 ι
187 350 233 385 (τά
246 350 274 376 δὲ
303 350 423 386 ἑπόμενα
443 349 525 383 οἶδας,
554 352 578 377 εί
596 351 734 385 φιλόλογος
754 350 808 386 ei),
832 352 859 378 τί

72 394 138 421 ἄλλο
151 394 258 431 λογίζῃ,
274 395 290 430 ἢ
305 396 335 421 τὸ
346 396 392 430 ἀφ’
407 396 510 422 ἑαυτῶν
524 405 550 422 τι
566 396 740 431 λελαληκέναι
751 397 798 424 καὶ
813 406 860 424 πε-

73 441 227 476 ποιηκέναι,
244 441 313 477 ὅπερ
326 442 375 468 οὐκ
386 439 419 477 ἦν
434 441 609 469 Θεόπνευστον
622 450 629 474 ;
642 442 696 469 Καὶ
714 443 778 478 περὶ
795 444 858 470 ἑαυ-

72 486 122 514 τοῦ
138 486 167 513 δὲ
181 486 263 520 λέγει·
286 496 296 512 ‹
316 486 398 513 Οὐδὲν
412 487 466 522 γὰρ
480 487 590 523 ἐμαυτῷ
604 478 726 514 σύνοιδα·
739 489 796 515 ἀλλ’
811 489 861 517 οὐκ

73 533 106 560 ὲν
123 531 210 567 τούτῳ
225 531 412 567 δεδικαίωμαι.
431 540 440 558 ι
462 531 497 558 Τὸ
511 532 539 558 δὲ
562 532 673 568 Πνεῦμα
695 534 744 569 οὐχ
757 533 858 566 οὕτως·

73 577 123 605 καὶ
139 577 184 604 διὰ
198 576 277 604 τοῦτο
289 577 405 612 εἴρηται,
415 577 455 604 ὅτι
467 586 476 603 t
490 577 528 604 Οῦ
541 577 651 614 λαλήσει
667 579 713 614 ἀφ’
726 580 833 608 ἑαυτοῦ.
848 590 858 606 ι

81 625 176 659 Ἀνόμ.
195 624 276 651 Ἀλλά
303 624 350 651 καὶ
374 625 474 656 πάντες
496 624 633 660 ἄνθρωποι
657 626 724 652 ποτὲ
751 626 800 661 μὲν
824 627 859 654 τὰ

74 670 182 696 ἑαυτῶν
196 669 329 704 λέγουσιν,
345 670 391 696 καὶ
406 670 470 697 ποτὲ
489 670 517 696 δὲ
529 670 564 697 τά
580 670 626 697 τοῦ
646 671 728 698 Θεοῦ·
757 672 815 699 ἀλλ’
835 674 860 699 οἱ

75 715 187 750 ἄγγελοι
203 716 319 742 πάντοτε
332 715 367 742 τά
383 715 427 742 τοῦ
450 715 517 742 Θεοῦ
534 715 667 750 λέγουσιν.
692 717 765 751 Ὀρθ.
794 718 860 745 Οὐδὲ

75 761 156 787 τοῦτο
165 761 273 796 ἀληθές.
291 761 321 787 Εί
344 760 398 796 γάρ
412 761 526 788 πάντοτε
549 761 583 788 τὰ
605 762 651 789 τοῦ
668 763 735 789 Θεοῦ
758 763 860 799 ἔλεγον,

76 806 129 832 οὐκ
145 805 180 832 ἂν
193 805 325 841 ἥμαρτον,
340 805 410 832 ὥστε
424 806 565 840 λέγεσθαι·
586 815 595 832 ι
620 807 650 833 Εἰ
670 807 724 843 γὰρ
740 809 861 842 ἀγγέλων

909 212 1070 245 Quomodo?
1087 213 1163 240 Ortlt.
1181 213 1248 240 Cum
1262 214 1340 241 audis
1361 213 1475 240 Paulum
1498 212 1632 240 dicentem
1657 211 1691 239 de

909 259 1041 293 apostolis
1056 268 1063 285 :
1085 268 1095 284 ι
1114 258 1166 286 Sed
1177 267 1237 286 cum
1254 259 1370 286 viderem
1386 266 1434 286 eos
1459 265 1514 285 non
1530 262 1606 285 recto
1622 257 1691 292 pede

909 304 1035 331 incedere
1059 306 1208 332 secundum
1229 305 1369 332 veritatem
1387 304 1536 338 Evangelii,
1556 304 1611 330 dixi
1638 302 1691 330 Ce-

909 349 968 384 plue
993 357 1084 376 coram
1109 350 1236 377 omnibus
1252 350 1274 365 "
1291 360 1300 376 )
1327 351 1398 384 (qua:
1425 351 1576 383 sequuntur
1601 351 1690 374 autem

909 397 992 426 nosti,
1011 396 1033 422 si
1050 395 1158 430 quidem
1189 403 1219 422 es
1247 403 1388 422 sacrarum
1404 401 1560 422 sermonum
1587 391 1693 419 studio-

909 440 988 475 sus),
1004 441 1069 476 quid
1087 440 1159 468 aliud
1175 441 1332 474 existimas,
1360 448 1441 475 quam
1459 447 1506 467 eos
1519 438 1600 466 aliud
1616 438 1692 464 loeu—

909 489 952 514 tus
964 494 1025 514 esse
1041 491 1088 514 aut
1105 487 1203 515 fecisse
1214 508 1221 520 ,
1250 487 1322 522 quod
1351 495 1384 515 ex
1406 486 1496 514 divina
1514 485 1693 520 inspiratione

910 539 964 559 non
980 531 1224 566 proﬁciscebatur?
1243 532 1314 559 Idem
1329 532 1363 559 de
1377 531 1467 566 seipso
1478 531 1545 558 dicit
1561 541 1567 558 :
1585 539 1594 556 α
1620 530 1692 557 Nihil

910 578 977 605 mihi
1000 579 1127 606 conscius
1153 586 1232 609 sum.
1256 578 1301 605 sed
1325 585 1380 604 non
1402 577 1430 604 in
1456 577 1506 604 hoc
1527 577 1693 612 jnstiiicatus

911 630 972 650 sum
992 623 1026 650 ³⁸.
1045 633 1056 649 ι
1072 623 1107 650 At
1122 631 1176 650 non
1203 623 1238 649 ita
1263 622 1399 657 Spiritus:
1428 621 1489 649 ideo
1508 621 1610 648 dictum
1627 626 1691 649 est:

914 677 923 694 ι
942 668 1000 696 Non
1016 669 1143 704 loquetur
1155 676 1170 695 a
1184 669 1339 703 semetipso.
1359 678 1369 694 ι
1382 668 1477 695 Anam.
1495 667 1596 695 Omnes
1610 668 1694 703 igitur

911 714 1036 742 homines
1053 715 1134 742 modo
1148 715 1257 750 quidem
1280 722 1328 742 sua
1340 735 1348 748 ,
1371 714 1452 742 modo
1479 721 1544 742 vero
1570 722 1630 749 quae
1647 713 1693 741 Dei

912 764 986 792 sunt,
1003 761 1169 795 loquuntur:
1187 764 1214 787 at
1230 761 1329 795 angeli,
1353 768 1413 796 quze
1428 759 1473 788 Dei
1501 764 1566 788 sunt
1588 768 1695 795 semper

911 805 1069 840 loquuntur.
1080 805 1156 832 Orth.
1173 805 1210 832 Nc
1227 805 1279 832 hoc
1295 805 1404 840 quidem
1420 814 1511 832 verum
1523 810 1575 832 est.
1593 805 1660 832 Nam
1671 807 1695 833 si

75 851 293 887 ἁμαρτησάντων
315 851 365 878 οὐκ
381 851 516 886 ἐφείσατο.
535 861 545 878 ι
573 852 666 886 Ἀνόμ.
688 853 766 880 Ἀλλά
783 854 829 880 καὶ
840 854 865 880 εἴ

916 860 1033 887 semper,
1043 860 1102 887 quae
1111 851 1157 879 Dei
1174 855 1249 883 sunt,
1262 852 1449 886 loquerentur,
1460 859 1513 878 non
1523 855 1694 886 peccassent,

77 905 144 923 ποτε
153 897 276 932 ἥμαρτόν
283 906 354 928 τινες
362 897 416 924 τῶν
423 897 556 932 ἀγγέλων,
563 898 619 924 ἀλλ’
626 899 693 925 εἰσὶν
704 899 812 933 ἄγγελοι
821 900 864 926 ἀν-

77 944 239 979 αμάρτητοιι
249 944 320 977 Ὀρθ.
328 944 364 970 Οὐ
373 943 515 979 ζητοῦμεν,
524 944 622 971 εῐείσιν
629 944 737 979 ἄγγελοι
746 945 864 981 ἀναμάρ-

77 997 164 1025 τητοι,
172 989 229 1016 ἀλλ’
244 990 268 1016 ει
279 989 404 1016 δύνανται
414 990 582 1025 ἀμαρτῆσαι.
599 990 654 1016 Καὶ
664 989 719 1026 γὰρ
728 990 776 1017 καὶ
785 991 864 1026 ἡμεῖς

77 1036 134 1070 (89)
152 1036 204 1068 ἓως
219 1035 267 1062 νῦν
290 1035 339 1062 οὐκ
361 1035 543 1071 ἀπεθάνομεν,
560 1035 607 1062 καὶ¹
624 1035 706 1070 ἐσμὲν
723 1035 814 1069 θνητοὶ
825 1034 864 1070 τῷ

77 1082 208 1109 δύνασθαι
221 1082 375 1111 ἀποθανεῖν,
387 1081 418 1108 οὐ
429 1081 468 1116 τῷ
483 1082 533 1117 ήδη
543 1080 769 1116 ἀποτεθνηκέναι·
781 1082 865 1115 ἐγχω-

81 1130 124 1163 ρεῖ
134 1128 188 1164 γὰρ
202 1127 248 1154 καὶ
266 1129 303 1162 μὴ
320 1127 465 1154 ἀποθανεῖν
474 1135 534 1152 τινα
549 1125 638 1160 ἡμῶν,
648 1126 685 1157 ὡς
694 1125 739 1151 τὸν
761 1125 862 1151 Ἠλίαν.

81 1173 139 1199 Κᾶν
158 1173 194 1208 μή
212 1182 254 1204 τις
266 1173 294 1199 δὲ
310 1173 388 1208 ἡμῶν
413 1172 545 1208 ἀποθάνῃ,
567 1172 625 1198 ἀλλ’
649 1173 666 1208 ἡ
688 1171 768 1206 φύσις
795 1171 864 1208 αὑτὴ

79 1219 164 1254 Θιιητή
181 1220 264 1245 ἐστιν.
282 1219 363 1245 Ὥστε
377 1219 423 1246 καὶ
437 1219 491 1245 τῶν
507 1218 629 1252 ἀγγέλων
638 1218 666 1244 at
677 1217 804 1253 μυριάδες
813 1218 865 1244 οὐκ

79 1265 239 1300 ἐψεύσαντο,
256 1265 314 1292 ἀλλ’
333 1265 468 1299 ἐφύλαξαν
485 1264 521 1291 τά
536 1264 583 1290 τοῦ
606 1263 672 1290 Θεοῦ
698 1263 791 1298 λόγια·
806 1263 863 1291 ἀλλ’

80 1311 190 1347 ἐδείχθη
213 1311 334 1346 αὒτὼνὴ
358 1312 438 1345 φύσις
462 1310 575 1346 τρεπτὴ,
603 1310 650 1336 καὶ
674 1309 793 1336 λαλοῦσα
817 1309 864 1342 ἀφ’

81 1358 192 1393 ἑαυτῆς,
208 1358 237 1384 τό
252 1366 328 1389 τινας
341 1357 396 1393 (90)
408 1357 496 1384 αὐτῶν
511 1356 647 1391 τραπῆναι
662 1356 707 1381 καὶ
717 1355 806 1381 λαλεῖν
818 1355 864 1388 ἀφ’

82 1404 197 1430 ἑαυτῶν.
213 1403 249 1430 Τὺ
259 1403 287 1430 δὲ
304 1403 415 1438 Πνεῦμα
425 1403 456 1429 τὸ
467 1403 543 1437 ἅγιον
561 1402 591 1428 οὐ
607 1402 683 1428 λαλεῖ
696 1402 741 1435 ἀφ’
756 1400 862 1427 ἑαυτοῦ.

82 1450 120 1477 Οὐ
135 1450 188 1486 γάρ
209 1451 267 1477 ἐστι
291 1450 407 1485 γενητῆς
433 1450 549 1484 φύσεως,
572 1449 642 1475 ὥστε
667 1448 714 1475 καὶ
738 1447 865 1474 δύνασθαι

81 1497 229 1533 τραπῆναι.

914 898 981 925 adeo
997 902 1026 924 ut
1041 898 1171 932 scriptum
1191 898 1247 924 sit:
1266 907 1275 922 ‹
1295 897 1360 924 Nam
1377 897 1399 925 si
1422 898 1541 932 angelis,
1569 897 1616 932 qui
1634 905 1698 932 pec-

913 948 1051 974 caverant,
1067 951 1120 970 non
1136 943 1296 978 pepercit",
1318 953 1327 968 ι
1346 947 1398 970 etc.
1415 943 1509 970 Anam.
1525 942 1577 970 Sed
1589 944 1696 970 etiamsi

914 989 1037 1016 nonnulli
1050 989 1206 1024 angelorum
1235 989 1299 1016 olim
1324 993 1492 1023 peccarunt,
1519 993 1582 1016 sunt
1606 993 1698 1016 tamen

917 1035 1005 1070 angeli
1035 1035 1140 1070 peccati
1168 1038 1301 1069 expertes.
1336 1034 1411 1061 Orth.
1441 1033 1500 1061 Non
1536 1035 1695 1069 quaerimus,

915 1088 950 1108 an
978 1081 1034 1109 sint
1064 1080 1152 1116 angeli
1181 1080 1284 1115 absque
1307 1084 1431 1115 peccato,
1460 1080 1507 1108 sed
1535 1089 1569 1107 an
1591 1081 1698 1116 possint

916 1134 1037 1161 peccare.
1060 1126 1165 1154 Etenim
1188 1134 1238 1154 nos
1260 1134 1370 1162 quaque
1390 1135 1477 1162 usque
1500 1135 1573 1154 nunc
1598 1127 1697 1154 mortui

914 1180 970 1199 non
986 1180 1093 1204 sumus,
1107 1177 1133 1199 et
1146 1180 1242 1200 sumus
1256 1173 1383 1200 mortales
1394 1193 1401 1205 ,
1423 1181 1456 1200 eo
1475 1173 1546 1208 quod
1563 1174 1698 1208 possimus

915 1219 996 1251 mori,
1013 1226 1067 1246 non
1084 1219 1156 1253 quod
1169 1219 1225 1254 jam
1240 1219 1340 1246 mortui
1358 1227 1453 1247 sumus
1466 1239 1474 1251 ,
1495 1219 1626 1253 siquidem
1640 1219 1698 1247 ﬁeri

915 1268 1004 1300 potest
1037 1268 1067 1292 ut
1092 1264 1177 1299 aliqui
1205 1270 1327 1292 nostrum
1352 1273 1406 1292 non
1433 1266 1605 1297 moriantur,
1636 1265 1699 1292 Elite

915 1310 1048 1345 exemplo.
1069 1310 1180 1338 Etiamsi
1196 1318 1260 1337 vero
1271 1310 1404 1345 quispiam
1424 1315 1549 1337 nostrum
1568 1319 1622 1337 non
1639 1319 1698 1338 mo-

916 1356 1012 1388 riatur,
1029 1359 1056 1382 at
1081 1356 1139 1391 ipsa
1165 1359 1238 1383 certe
1259 1360 1357 1382 natura
1380 1359 1422 1383 est
1450 1357 1582 1383 mortalis.
1609 1356 1698 1391 Itaque

916 1401 1040 1435 quamvis
1050 1401 1185 1436 myriades
1198 1401 1354 1435 angelorum
1368 1409 1423 1428 non
1438 1402 1556 1428 mentitae
1575 1401 1639 1433 sint,
1653 1401 1698 1428 sed

916 1446 964 1474 Dei
979 1454 1131 1474 sermonem
1147 1447 1337 1478 custodierint,
1353 1447 1443 1481 rcipsa
1457 1451 1547 1473 tamen
1564 1447 1698 1481 apparuit.

917 1493 1075 1520 mutabilem
1091 1500 1152 1520 esse
1168 1493 1289 1527 ipsorum
1307 1497 1443 1525 naturam,
1460 1500 1492 1519 ac
1510 1493 1583 1527 loqui
1598 1501 1657 1520 eam
1669 1500 1698 1520 ex

82 1543 251 1577 semetipsa,
280 1539 501 1576 quandoquidem
533 1547 627 1567 eorum
656 1537 740 1573 aliqui
770 1538 867 1564 mutati
886 1541 959 1568 sunt.
977 1545 1009 1564 ac
1035 1537 1118 1564 locuti
1137 1545 1152 1564 a
1185 1538 1350 1572 semetipsis.
1379 1538 1414 1564 At.
1444 1537 1562 1573 Spiritus
1590 1543 1698 1565 sanctus

84 1595 138 1615 non
155 1588 277 1622 loquitur
291 1595 306 1613 a
319 1587 475 1622 semetipso.
496 1585 555 1613 Non
576 1585 649 1613 enim
669 1588 712 1612 est
724 1592 755 1611 ea
775 1588 873 1611 natura
892 1583 1039 1618 praeditus,
1055 1591 1115 1618 quae
1131 1584 1203 1610 facta
1218 1584 1273 1615 sit,
1289 1592 1320 1611 ae
1341 1584 1456 1619 proinde
1487 1585 1585 1611 mutari
1605 1586 1692 1619 possit

119 1632 164 1659 25.
185 1624 283 1667 Ἀτῖὀμ
300 1631 385 1658 Πόθεν
398 1626 462 1666 γὰρ,
487 1631 528 1657 ὅτι
550 1630 580 1656 οῦ
596 1629 706 1656 δύναται
731 1629 865 1664 τραπῆναι

952 1628 997 1654 23.
1017 1629 1112 1655 .tnam.
1129 1627 1286 1660 Enimvero,
1303 1629 1373 1657 unde
1387 1629 1454 1657 illud
1470 1629 1550 1657 habet
1568 1628 1698 1665 Spiritus,

84 1677 116 1704 τὸ
133 1676 263 1712 Πνεῦμα;
280 1677 357 1710 Ὀρθ.
377 1676 414 1702 Τὸ
426 1675 544 1711 παρέχον
560 1674 649 1706 ἄλλοις
660 1674 708 1709 τὴν
724 1673 865 1710 ἀτρεψίαν,

85 1723 192 1758 ἀνάγκη
210 1723 344 1758 ἄτρεπτον
360 1720 429 1748 εἶναι
446 1723 479 1757 τῇ
502 1721 588 1755 φύσει.
615 1721 712 1754 Ἀνόμ.
732 1720 792 1746 Εἰσὶ
813 1719 867 1755 γὰρ

84 1767 132 1795 οῦν
148 1769 195 1795 καὶ
211 1768 279 1795 ἄλλα
293 1767 425 1803 ἄτρεπτα.
456 1767 488 1794 Et
514 1767 569 1802 γὰρ
584 1765 697 1802 παρέχει
723 1765 811 1796 ἀλλοις
838 1765 868 1791 τὸ

86 1814 197 1849 Πνεῦμα
208 1814 256 1849 τὴν
270 1813 412 1849 ἀτρεψίαν,
437 1812 506 1840 αὐτὰ
529 1813 631 1846 ἐκεῖνα,
644 1809 684 1844 οἷς
708 1812 822 1847 παρέχει
837 1811 869 1838 τὸ

87 1860 200 1895 Πνεῦμα
221 1861 271 1895 τὴν
293 1859 442 1895 ἀτρεψίαν,
468 1859 589 1895 ἄτρεπτά
610 1859 678 1885 εἰσιν
703 1857 769 1893 (91).
792 1858 867 1892 Ὀρθ.

92 1906 173 1933 Ἀλλά
182 1906 216 1932 τὰ
227 1906 274 1941 μέν
286 1907 339 1932 εἰσι
354 1906 452 1940 μετοχῇ
467 1904 597 1940 ἄτρεπτα,
608 1904 642 1930 τὰ
654 1903 681 1930 δὲ
691 1905 724 1938 τῇ
734 1903 823 1937 φύσει,
833 1903 869 1934 ὡς

85 1952 117 1980 τὸ
125 1952 181 1987 πῦρ
195 1952 274 1986 φύσει
288 1952 345 1977 ἐστὶ
353 1951 507 1984 καυστικὺν,
517 1951 548 1977 τὸ
558 1950 585 1977 δὲ
594 1950 663 1985 ὕδωρ
675 1949 744 1976 κατά
751 1948 871 1984 παράθευ

87 2006 130 2024 σιν
136 1998 183 2024 τοῦ
193 1998 278 2032 πυρδς
285 1997 429 2024 καυστικὸν
437 1997 548 2031 γίνεται.
559 1996 650 2028 Οὕτως
662 1995 691 2022 τὸ
704 1996 751 2030 μὲν
760 1995 871 2029 Πνεῦμα

88 2041 167 2076 φύσει
175 2034 247 2067 ἐστὶν
256 2042 397 2077 ἄτρεπτον,
406 2041 429 2066 οί
438 2040 466 2066 δὲ
477 2041 634 2076 μετέχοντες
642 2039 723 2066 αὑτοῦ
732 2039 803 2065 κατά
811 2047 873 2073 μετ-

87 2088 152 2124 οχὴν
168 2087 414 2123 ᾶτρετποι.Ἀνόμ.
429 2087 474 2122 Μὴ
484 2087 570 2118 Θέλεις
585 2087 670 2113 εἰπεῖν
688 2087 728 2112 ὅτι
747 2086 794 2112 καὶ
807 2085 872 2111 αὐτὸ

87 2135 118 2161 τὸ
136 2134 247 2169 Πνεῦμα
272 2133 367 2168 Πατήρ
384 2134 475 2165 ὲστιν;
493 2134 564 2167 Ὀρθ.
576 2133 621 2167 Μὴ
637 2132 754 2166 γένοιτοῑ
773 2132 870 2165 Ἀνόμ.

88 2181 120 2206 Εἰ
132 2179 221 2206 πάντα
235 2178 269 2205 τὰ
284 2178 338 2205 ἴδια
345 2178 390 2204 τοῦ
405 2178 522 2214 Πατρὸς,
531 2177 578 2204 καὶ
589 2177 636 2204 τοῦ
647 2177 806 2212 Πνεῦματός
818 2178 871 2203 εἰσι

88 2224 201 2251 καὶτοῦ
221 2223 286 2250 Υίοῦ
313 2223 401 2256 κοινὰ,
426 2223 526 2258 ὀφείλει
551 2223 599 2250 καὶ
624 2223 718 2258 Πατὴρ
745 2220 813 2249 εἶναι
841 2223 872 2250 τὸ

88 2267 201 2303 Πνεῦμα
213 2268 267 2303 (92)
279 2269 326 2294 καὶ
342 2268 415 2300 Υἱός.
435 2268 508 2301 Ὀρθ.
523 2268 580 2294 Οὐκ
591 2265 682 2294 εἶπον·
698 2268 737 2294 Τά
757 2267 809 2294 ἴδια
825 2268 871 2295 τοῦ

89 2302 205 2349 Πατρος,
221 2312 324 2340 καὶτοῦ
338 2313 401 2339 Υίοῦ
413 2313 460 2339 καὶ
471 2313 517 2339 τοῦ
530 2313 685 2348 Πνεύματός
708 2314 760 2340 εισι
777 2314 853 2340 κοινά
864 2323 870 2329 ·
887 2302 910 2332 D

88 2358 167 2389 ἀλλὰ,
181 2358 222 2384 Τὰ
236 2357 289 2384 ἴδια
301 2358 350 2392 τῆς
363 2358 457 2390 οὐσίας
471 2358 519 2384 τοῦ
532 2357 610 2390 Θεοῦ,
628 2357 675 2384 τοῦ
698 2358 804 2393 Πατρὺς
825 2359 872 2385 καὶ

87 2405 135 2432 τοῦ
154 2404 220 2430 Υίοῦ
245 2404 292 2431 καὶ
306 2403 352 2430 τοῦ
367 2403 445 2438 ἁγίου
461 2402 619 2438 Πνεύματός
632 2403 683 2429 εἱσι
701 2403 794 2429 κοινόν
816 2400 871 2430 οἷον

87 2452 118 2478 τὸ
129 2451 278 2486 ἄφθαρτον,
293 2450 324 2476 τὸ
339 2449 482 2481 ἀθάνατον,
496 2449 527 2475 τὸ
536 2448 724 2480 ἀναλλοίωτον,
737 2448 768 2475 τὸ
785 2448 869 2483 ἀψευ-

86 2497 141 2529 δὲς,
167 2497 214 2524 καὶ
232 2497 282 2523 ὅσα
308 2496 430 2523 τοιαῦτα.
457 2496 556 2530 Ἀνόμ.
576 2495 672 2526 ’Ἄλλος
694 2492 740 2521 οὖν
765 2495 838 2521 ἐστιν
856 2494 870 2520 ὁ

86 2544 164 2577 Θεὸς,
181 2543 228 2570 καὶ
241 2543 319 2574 ἀλλος
337 2543 351 2569 ό
368 2544 480 2578 Πατὴρ;
499 2543 572 2575 Ὀρθ.
589 2541 634 2576 Μὴ
659 2541 764 2575 γένοιτο
780 2541 786 2566 l
803 2540 871 2567 ἀλλά

85 2590 127 2622 τὸ,
146 2590 224 2622 Θεὸς,
237 2590 286 2625 τὴν
302 2589 381 2624 φύσιν
393 2589 478 2625 δηλοῖ,
492 2588 523 2615 τὺ
536 2588 564 2615 δὲ
582 2587 688 2623 Πατὴρ,
709 2586 758 2622 τὴν
779 2587 871 2622 σχέσιν

917 1675 946 1699 ut
967 1674 1066 1700 mutari
1082 1680 1136 1699 non
1152 1673 1259 1708 possit?
1278 1673 1354 1701 Ortlr.
1371 1674 1448 1707 Quod
1465 1675 1526 1702 aliis
1541 1675 1642 1710 praebet
1655 1676 1691 1702 im

917 1718 1140 1751 mutabilitatem,
1163 1727 1274 1747 necesse
1293 1724 1336 1747 est
1353 1724 1450 1747 natura
1475 1728 1537 1748 esse
1565 1721 1693 1748 immuta-

918 1764 981 1791 bile.
1001 1764 1098 1792 Anom.
1120 1765 1190 1792 Sunt
1204 1765 1287 1800 igitur
1302 1765 1383 1801 422
1399 1766 1451 1792 alia
1466 1774 1574 1801 quoque
1602 1767 1686 1794 itnmu

918 1810 1020 1837 tabilia.
1036 1809 1103 1837 Nam
1120 1811 1143 1837 si
1164 1811 1225 1839 aliis
1245 1815 1355 1846 praestat
1371 1811 1490 1846 Spiritus
1506 1812 1580 1838 illam
1605 1813 1699 1839 immu-

919 1856 1096 1888 tabilitatem,
1120 1864 1217 1892 nempe
1242 1857 1305 1890 illa,
1332 1858 1433 1892 quibus
1457 1858 1698 1885 immutabilitaterr

919 1901 993 1928 illam
1019 1902 1120 1936 prazbet
1145 1901 1284 1936 Spiritus,
1315 1902 1398 1929 etiam
1424 1907 1489 1930 sunt
1512 1903 1692 1930 immutabilia

921 1947 996 1974 Orth.
1011 1946 1064 1975 Sed
1077 1947 1199 1982 quaedam
1211 1953 1274 1976 sunt
1288 1948 1467 1975 immutabilia
1483 1949 1693 1983 participatione

920 1993 1042 2028 quaedam
1059 1998 1166 2024 natura,
1179 1997 1208 2020 ut
1226 1994 1296 2029 ignis
1309 1998 1404 2020 natura
1423 1994 1532 2028 quidem
1551 1999 1592 2021 est
1605 2001 1687 2022 urens

921 2046 991 2073 aqua
1001 2046 1066 2066 vero
1079 2040 1203 2074 apposito
1218 2039 1279 2074 igne
1304 2039 1333 2066 tit
1355 2047 1448 2066 urens.
1465 2039 1504 2066 Ita
1520 2038 1638 2074 Spiritus
1661 2045 1699 2066 est

921 2089 1020 2111 natura
1033 2085 1211 2112 immutabilis
1229 2094 1236 2111 :
1253 2085 1299 2120 qui
1317 2093 1381 2112 vero
1406 2085 1468 2111 l’acti
1487 2089 1551 2112 sunt
1568 2085 1628 2118 ejus
1642 2092 1690 2118 par

922 2130 1038 2165 ticipes,
1079 2130 1131 2157 hac
1168 2130 1376 2165 participatione
1407 2130 1474 2156 ﬁunt
1509 2130 1692 2156 immutabili-5

922 2175 1017 2202 Anam.
1035 2175 1075 2201 An
1092 2175 1134 2202 vis
1163 2175 1253 2202 dicere
1276 2175 1352 2202 illum
1379 2175 1468 2209 ipsum
1494 2174 1624 2208 Spiritum
1653 2174 1697 2201 Pa-

924 2225 992 2248 trem
1011 2221 1093 2248 esse?
1111 2220 1186 2248 Orth.
1205 2221 1298 2248 Absit!
1327 2221 1420 2247 Anam.
1438 2220 1520 2255 Atqui
1536 2220 1559 2246 si
1576 2228 1696 2254 quzecnn

922 2274 975 2301 que
988 2270 1052 2293 sunt.
1068 2265 1140 2292 Patri
1154 2266 1273 2300 propria,
1289 2269 1352 2292 sunt
1368 2273 1476 2300 quoque
1487 2264 1555 2292 Filio
1573 2270 1599 2292 et
1617 2264 1697 2299 Spiri.

924 2313 962 2339 tui
975 2312 1140 2344 communia,
1152 2315 1258 2346 oportet
1269 2316 1299 2338 ut
1312 2310 1392 2338 Pater
1413 2311 1447 2338 sit
1472 2311 1530 2346 ipse
1545 2310 1664 2345 Spiritus
1679 2316 1700 2338 e'

924 2357 1020 2385 Filius.
1048 2356 1124 2384 Orth.
1144 2356 1202 2384 Non
1217 2356 1284 2387 dixi,
1302 2364 1362 2391 quae
1386 2356 1495 2391 propria
1511 2360 1575 2382 sunt
1596 2355 1685 2382 Patris

923 2411 985 2431 esse
997 2410 1105 2438 qu0que
1120 2401 1190 2428 Filio
1211 2406 1237 2429 et.
1257 2401 1370 2436 Spiritui
1393 2400 1566 2428 communia:
1583 2401 1630 2428 sed
1650 2401 1696 2428 dix

924 2457 966 2480 ea,
980 2456 1039 2484 qua:
1054 2447 1165 2483 propria
1180 2452 1243 2475 sunt
1259 2447 1418 2475 substantia:
1435 2446 1482 2474 Dei
1492 2467 1499 2478 ,
1521 2455 1584 2474 csse
1595 2451 1622 2474 et
1638 2446 1698 2474 Filit

923 2499 951 2523 et
965 2494 1076 2530 Spiritui
1100 2498 1195 2522 sancto
1216 2493 1382 2525 communia,
1402 2497 1432 2520 ut
1453 2493 1699 2528 incorruptibilem.

924 2541 1113 2573 immortalem,
1125 2540 1320 2568 immutabilem
1330 2547 1402 2572 esse,
1415 2538 1524 2566 mentiri
1539 2545 1594 2565 non
1614 2545 1696 2572 posse

924 2590 952 2615 et
967 2594 1137 2622 qurecunque
1152 2590 1216 2613 sunt
1231 2585 1397 2620 huiusmodi.
1413 2585 1508 2612 Anam.
1519 2584 1626 2619 Ergone
1638 2584 1699 2611 aliu:

124 2667 147 2683 “
165 2666 254 2695 Galat.
272 2675 307 2698 ιι,
327 2666 370 2693 14.
408 2667 430 2682 ³⁸
450 2665 459 2692 1
475 2666 538 2694 Cor.
557 2674 593 2696 ιν.
611 2666 638 2692 Α.
677 2665 699 2680 ³⁸
715 2663 736 2691 ll
754 2663 828 2693 Petr.
849 2671 879 2696 ιι,
895 2664 923 2691 ι.

67 2726 79 2764 Ι
124 2745 181 2779 (89)
199 2744 298 2777 Paiat.,
311 2745 366 2771 Καὶ
376 2744 430 2779 γὰρ
444 2745 534 2779 ἡμεῖς.

136 2780 182 2814 90)
200 2779 292 2812 Forte,
312 2778 351 2814 τῷ
364 2778 450 2814 τινας,

125 2781 171 2814 (90
200 2781 292 2812 Forte,
312 2781 351 2814 τῷ
364 2788 450 2811 τινας.

125 2781 182 2851 (9|;
204 2815 262 2849 Τὴν
269 2814 423 2849 ἁτρεψιαν,
433 2812 561 2847 ἄτρεπτά
571 2814 657 2840 εισιν.
668 2811 713 2857 Sic
723 2810 821 2844 Palat.,
837 2810 870 2838 δι’

923 2739 1130 2775 όμοιοτέλευτον.

960 2775 1015 2811 (9‘2)
1035 2774 1128 2809 Πατὴρ
1141 2770 1209 2811 εἶναι
1222 2771 1286 2799 αὐτὸ
1297 2770 1418 2806 Πνεῦμα.
1438 2769 1507 2797 Edit.
1523 2768 1620 2806 Steph.
