1926 3067
211 77 283 104 Ηῢὸ

756 75 791 103 S.
810 74 1042 104 ATIIANASIUS.
1063 92 1097 96 —
1110 74 1250 103 ’δμωαὶ

1769 77 1857 105 1156

205 131 282 159 Deus
297 135 349 163 est,
364 131 435 159 alius
449 131 549 159 Pater?
563 131 639 159 Ortii.
653 132 747 159 Absit!
766 132 813 159 sed
828 132 874 160 Dei
894 140 991 160 nomen

1045 133 1094 168 τὴν
1110 132 1177 167 πρὸς
1192 132 1239 158 τὸν
1255 132 1327 158 Υἱόνε
1344 132 1413 158 Ὅσα
1428 131 1474 158 ούν
1490 130 1544 158 ἴδιά
1565 130 1617 159 εἶσι
1641 130 1689 167 τῆς
1715 132 1855 166 φύσεως,

205 181 334 205 naturam
349 178 462 208 indicat,
480 185 578 204 nomen
587 182 674 205 autem
684 177 774 205 Patris
783 185 842 205 eam
851 179 995 209 rationem,

207 230 289 258 quam
304 223 337 249 ad
354 222 450 249 Filium
474 222 562 249 habet.
593 223 767 256 Quaecunque
787 223 870 258 igitur
887 223 996 257 propria

204 273 272 295 sunt
286 271 389 294 natura
400 286 407 298 ,
432 269 586 293 communia
602 272 665 294 stitit
684 267 805 301 ejusdem
835 268 996 294 substantiae

207 312 410 348 bypostasibus.
422 312 560 346 Siquidem
576 313 649 347 quod
664 313 733 340 dixit
747 314 879 348 propheta
895 314 928 345 ⁸⁷,
942 313 997 340 Ma-

206 357 359 393 gnitudinis
371 357 416 384 Dei
433 365 486 384 non
509 362 551 384 est
574 358 634 385 linis
646 377 655 389 ,
676 358 774 385 dixerit
795 358 876 385 etiam
893 359 995 394 aliquis

211 407 238 430 et
253 402 286 430 de
304 401 372 428 Filio
385 406 412 429 et
430 402 463 429 de
479 401 600 436 Spiritu;
617 403 681 437 quia
697 410 784 437 neque
800 403 996 437 magnitudinis

210 447 284 478 Filii,
300 456 388 483 neque
402 448 597 482 magnitudinis
615 447 752 483 Spiritus‘:
767 449 838 476 ullus
850 452 892 475 est
903 449 997 476 termi-

209 501 274 521 nus.
283 493 350 520 Nam
362 503 371 519 ι
384 493 497 525 Quoibo
514 501 530 519 a
546 492 648 527 Spiritu
664 493 729 520 tuo?
742 498 769 520 et
784 501 838 528 quo
847 501 860 520 a
872 493 940 520 facie
951 499 996 521 tua

211 540 313 576 fugiam
329 540 371 566 ’9?
392 549 401 565 ι
416 539 516 567 Iterum
530 545 621 566 autem
638 540 759 567 omnium
780 540 954 567 conditarum
969 545 997 568 et

210 586 344 613 terminus
371 589 413 613 est
435 585 534 620 aliquis
559 589 586 613 et
614 585 763 620 quantitas.
789 585 904 612 Possum
921 585 996 612 enim

209 632 301 659 animo
315 633 459 666 concipere
477 630 639 664 Gabrielem,
652 631 699 658 ubi
718 639 772 658 non
792 632 828 659 sit
849 631 970 667 Rapbael
986 641 994 660 :

204 677 312 704 Patrem
327 682 418 704 autem
432 681 459 704 et
474 676 572 704 Filium
587 681 614 704 et
630 676 763 711 Spiritum
783 681 908 705 sanctum
934 678 996 706 ubi-

203 731 266 758 que.
276 723 304 750 in
317 723 445 750 omnibus
455 726 483 750 et
494 730 541 757 per
555 723 648 750 omnia
663 729 753 750 mente
767 723 923 751 considero.

238 767 284 795 26.
305 768 401 794 Anam.
419 766 484 794 Dico
501 768 581 794 etiam
598 775 649 802 ego
661 787 668 800 ,
691 768 803 802 ubique,
817 772 844 795 et
862 769 890 795 in
904 769 994 796 omni-

1047 179 1131 205 ταῦτα
1143 179 1220 205 κοινὰ
1233 179 1287 205 τῶν
1299 179 1350 213 τῆς
1358 179 1444 214 αὐτῆς
1457 179 1550 210 οὐσίας
1564 179 1749 205 ὑποστάσεων.
1761 180 1794 205 Ἀ
1800 180 1857 215 μὲ-

1052 225 1092 251 λει
1105 226 1154 251 καὶ
1169 226 1218 260 τῆς
1232 225 1426 260 μεγαλωσύνης
1455 225 1500 251 τοῦ
1513 225 1580 251 Θεοῦ
1598 226 1648 252 οὐχ
1664 225 1721 251 ἐστι
1737 225 1853 260 πέρας,

1047 270 1154 306 εἴρηται
1164 271 1239 306 παρὰ
1250 271 1289 306 τῷ
1306 272 1432 306 προφήτῃ
1441 280 1447 285 ·
1464 271 1542 298 τοῦτο
1552 271 1580 297 δὲ
1593 271 1625 298 ἄν
1644 280 1685 302 τις
1703 272 1780 298 εἴποι
1795 272 1854 298 καὶ

1047 317 1112 352 περὶ
1122 317 1169 343 τοῦ
1186 317 1262 349 Υἱοῦ,
1279 318 1324 343 καὶ
1342 318 1405 352 περὶ
1428 317 1474 343 τοῦ
1502 317 1673 352 Πνεύματος·
1699 317 1763 344 οὔτε
1786 318 1852 353 γὰρ

1046 363 1096 397 τῆς
1113 362 1307 398 μεγαλωσύνης
1317 363 1364 389 τοῦ
1380 363 1444 389 Υἱοῦ
1463 363 1518 397 (95)
1529 364 1587 389 ἐστι
1603 363 1697 398 πέρας,
1711 362 1775 390 οὕτε
1790 363 1850 397 τῆς

1049 408 1243 444 μεγαλωσύνης
1267 408 1313 435 τοῦ
1342 409 1508 442 Πνεύματος.
1536 417 1546 434 ι
1577 409 1631 435 Ποῦ
1655 418 1664 434 ν
1687 409 1740 444 γὰρ
1761 419 1771 434 ι
1794 418 1849 435 πο-

1048 454 1136 490 ρευθῶ
1147 455 1200 481 ἀπὸ
1211 454 1257 481 τοῦ
1269 455 1426 490 Πνεύματός
1438 464 1500 488 con;
1511 455 1557 482 καὶ
1569 455 1676 482 ἀπὸτοῦ
1688 455 1846 491 προσώπου

1048 509 1095 526 σου
1105 500 1156 526 ποῦ
1164 500 1242 534 φύγω
1249 508 1256 532 ;
1263 510 1271 525 ι
1284 500 1344 527 Τῶν
1352 501 1379 527 δὲ
1392 502 1547 537 κτισμάτων
1555 502 1682 528 ἁπάντων
1691 502 1737 528 καὶ
1750 502 1846 536 πέρας

1047 546 1108 572 ἐστὶ
1135 547 1181 572 καὶ
1207 546 1335 582 ποσότης.
1364 547 1486 583 Δύναμαι
1512 547 1566 583 γὰρ
1591 549 1685 583 νοῆσαι
1710 548 1756 574 τὸν
1782 549 1844 574 Γα-

1047 592 1136 628 ϐριὴλ,
1157 593 1221 619 ἔνθα
1248 593 1304 619 ὀὑκ
1333 593 1407 620 ἐστιν
1424 596 1438 621 ὀ
1458 594 1595 629 Ῥαφαήλ’
1614 594 1722 630 Πατέρα
1743 594 1773 620 δὲ
1791 595 1843 620 καὶ

1047 638 1109 665 Υἱον
1125 639 1171 665 καὶ
1188 639 1265 673 ἂγιον
1281 639 1405 676 Πνεῦμα,
1426 640 1562 676 πανταχοῦ
1584 641 1631 667 καὶ
1647 642 1675 667 ὲν
1696 642 1765 667 πᾶσι
1790 642 1842 667 καὶ

1046 683 1090 710 διὰ
1107 684 1215 710 πάντων
1233 685 1285 711 νοῶ

1081 762 1124 788 26.
1147 763 1246 798 Ἀνόμ.
1274 765 1359 799 Κάγὼ
1389 765 1470 799 λέγω.
1499 766 1539 791 ὅτι
1559 765 1695 800 πανταχοῦ
1730 764 1779 790 καὶ
1808 765 1840 790 ἐν

202 811 264 843 bus,
280 816 306 839 et
321 820 368 847 per
383 812 474 838 omnia
483 820 544 840 esse
556 811 674 844 Patrem,
690 811 800 846 Filium,
817 817 844 840 et
859 812 991 848 Spiritum

1046 809 1112 834 πᾶσι
1127 810 1174 836 καὶ
1186 810 1229 838 διὰ
1244 811 1352 838 πάντων
1371 812 1429 838 ἐστὶ
1452 812 1544 846 Πατὴρ
1559 812 1607 837 καὶ
1621 811 1683 842 Υἱὸς
1697 811 1743 837 καὶ
1757 810 1839 844 ἇγιον

202 862 340 885 sanctum.
361 857 437 885 Orth.
455 858 549 886 Nonne
567 859 593 886 id
605 862 647 886 est
657 859 901 891 consubstantiale,
913 860 988 895 quod

205 905 330 931 eamdem
343 904 502 932 substantiae
512 905 644 932 rationem
656 905 766 939 recipit?
780 904 875 932 Anam.
885 905 944 932 Non
953 906 994 933 di—

200 949 242 977 cis
258 950 341 984 igitur
357 949 488 984 majorem
498 957 559 977 esse
567 949 674 977 Patrem
685 949 766 976 Filio?
779 951 856 978 Orth.
866 949 901 977 Ut
910 950 995 978 Deum

199 995 256 1024 Deo
269 996 411 1030 majorem,
424 1004 596 1032 nequaquam
613 1006 619 1023 :
635 996 684 1024 sed
698 1001 726 1023 ut
743 996 851 1024 Patrem
867 996 928 1024 Filii
941 998 994 1024 bu-

199 1050 280 1070 mana
293 1049 376 1069 carne
391 1042 478 1069 induti
494 1052 499 1069 :
517 1042 651 1077 siquidem
670 1050 724 1069 non
739 1042 825 1069 dixit:
847 1043 918 1070 Deus
934 1050 994 1070 ma-

198 1087 243 1121 jor
258 1095 300 1114 me
312 1091 364 1119 est,
386 1087 434 1114 sed
449 1096 458 1112 ι
475 1086 555 1113 Pater
573 1086 660 1120 major
688 1094 731 1113 me
748 1091 790 1113 est
807 1086 839 1112 ³⁹.
859 1095 868 1111 ι
894 1087 992 1113 Αηοηι.

199 1131 299 1160 Filium
326 1140 392 1167 ergo
421 1132 490 1160 dicis
517 1132 617 1159 deitate
649 1131 782 1165 aequalem
811 1139 873 1158 esse
901 1130 993 1158 Patri?

198 1178 276 1206 Ortli.
299 1178 436 1206 Maxime:
458 1177 524 1205 dicit
540 1177 611 1204 enim
629 1177 797 1212 Apostolus:
818 1186 826 1202 c
849 1177 906 1204 Hoc
929 1185 994 1205 sen-

199 1225 248 1252 tite
263 1225 290 1252 in
304 1225 394 1256 vobis,
413 1224 484 1259 quod
501 1228 528 1251 et
539 1224 568 1250 in
584 1223 694 1250 Christo
711 1222 775 1250 Jesu
791 1232 797 1250 :
818 1223 865 1258 qui
887 1231 951 1250 cum
964 1224 993 1251 in

198 1271 288 1298 torma
306 1269 352 1298 Dei
367 1274 450 1304 esset,
464 1278 519 1297 non
532 1270 655 1305 rapinam
670 1270 820 1297 arbitratus
834 1273 876 1297 est
886 1277 949 1297 esse
963 1278 994 1297 se

197 1317 331 1352 :equaiem
344 1316 399 1343 Deo
408 1317 441 1343 ⁵ο.
463 1325 471 1341 ι
483 1314 664 1350 Auam.Quod
677 1315 823 1350 igituripse
830 1323 884 1342 non
891 1315 991 1350 rapuit,

198 1371 249 1390 cur
268 1363 308 1389 illi
324 1362 470 1389 attribuis?
490 1361 566 1389 Orlh.
585 1361 719 1394 Quoniam
732 1361 790 1396 ipse
811 1369 866 1389 non
885 1361 992 1396 rapuit,
1009 1381 1012 1384 .

197 1409 246 1436 sed
258 1409 340 1435 habet
354 1412 475 1441 natura;
496 1412 524 1435 et
542 1408 594 1434 hoc
613 1407 727 1440 habens,
746 1417 755 1432 ε
775 1407 927 1434 exinanivit
948 1415 993 1435 se-

197 1453 352 1487 metipsum,
366 1452 452 1479 forma
470 1453 539 1479 servi
553 1456 664 1486 accepta
685 1453 718 1480 “.
738 1461 747 1478 ι
759 1451 825 1485 Quae
841 1453 912 1479 enim
929 1453 988 1480 laus

196 1496 329 1523 debeatur
343 1496 380 1528 ei,
392 1496 439 1531 qui
462 1504 543 1531 quam
555 1504 610 1523 non
626 1495 707 1523 habet
721 1497 914 1531 aequalitatem,
929 1504 990 1524 eam

197 1550 252 1569 non
269 1542 380 1577 rapuit?
403 1541 471 1568 Nam
496 1542 519 1568 si
546 1541 597 1569 hoc
616 1541 752 1569 laudabile
779 1546 836 1574 est,
864 1542 990 1569 similiter

194 1587 278 1614 etiam
293 1588 392 1615 calum
410 1587 577 1620 laudabitur,
593 1591 620 1615 et
631 1587 758 1620 Gabriel,
772 1592 800 1616 et
814 1587 946 1622 Raphael,
961 1592 989 1615 et

194 1633 355 1668 angelorum
386 1633 497 1669 singuli,
513 1637 540 1661 et
562 1633 744 1669 archangelus
762 1634 896 1669 quilibet,
914 1635 989 1670 quod

196 1679 381 1714 aequalitatem
396 1686 458 1706 cum
475 1678 529 1705 Deo
553 1687 609 1706 non
624 1679 776 1714 rapuerint.

232 1725 277 1753 27.
296 1726 392 1752 Anam.
415 1725 471 1752 Nos
487 1725 605 1753 dicimus
630 1725 749 1758 Patrem,
768 1729 795 1752 et
821 1723 920 1751 Filium
933 1743 941 1756 ,
962 1729 990 1752 et

197 1773 330 1808 Spiritum
348 1777 472 1800 sanctum
488 1780 549 1799 esse
566 1772 653 1799 instar
671 1771 804 1806 episcopi,
830 1776 858 1798 et
874 1771 988 1806 presby-

196 1819 259 1851 teri,
273 1822 300 1845 et
315 1818 433 1845 diaconi.
456 1817 532 1845 Orth.
558 1817 611 1845 Sed
634 1818 706 1845 sicut
719 1817 856 1852 quispiam
872 1817 917 1851 qui
932 1816 990 1851 epi-

197 1873 298 1899 scopus
312 1872 367 1891 non
383 1865 430 1896 sit,
442 1868 470 1891 et
487 1869 578 1892 tamen
595 1864 677 1891 homo
692 1864 737 1896 sit,
756 1863 879 1890 eamdem
908 1863 990 1889 habet

197 1915 323 1938 naturam
339 1913 419 1944 atque
431 1910 576 1945 episcopus
592 1920 598 1937 :
609 1909 735 1937 similiter
748 1913 776 1937 et
789 1909 932 1940 diaconus,
942 1908 989 1943 qui

166 1974 171 1978 -
199 1963 288 1991 neque
299 1955 441 1991 presbyter
449 1955 495 1988 sit,
504 1956 752 1990 nequeepiscopus,
760 1953 882 1988 ejusdem
898 1957 989 1981 tamen

197 2006 241 2030 est
251 2006 371 2029 natura}:
387 2002 426 2029 ita
440 1995 522 2036 igitur
536 2008 565 2028 tu
579 2009 687 2037 quoque
701 2001 794 2029 fateris
812 2000 910 2027 Filium
927 2001 989 2035 qui-

197 2047 260 2075 dem
277 2055 332 2074 non
345 2055 406 2075 esse
416 2046 534 2081 Patrem,
551 2048 600 2076 sed
614 2048 737 2082 ejusdem
753 2055 815 2075 essv.
828 2053 933 2074 natura:
948 2052 987 2073 at-

197 2100 251 2128 que
275 2092 406 2120 Patrem:
438 2092 588 2127 itidemque
614 2093 746 2128 Spiritum
774 2092 822 2119 Dei
850 2100 905 2119 non
927 2099 989 2119 esse

1047 854 1168 890 Πνεῦμα.
1190 856 1262 890 Ὀρθ.
1280 857 1365 884 Τοῦτο
1378 855 1423 884 οῦν
1437 858 1510 884 ἐστιν
1528 857 1582 892 (94)
1598 857 1747 892 ὁμοούσιον,
1761 857 1776 882 ὃ
1788 856 1839 882 τὸν

1045 900 1126 926 αὑτὸν
1141 902 1293 937 ἐπιδέχεται
1307 903 1384 937 λόγον
1396 904 1445 939 τῆς
1456 904 1559 934 οὐσίας.
1583 903 1680 937 Ἀνόμ.
1694 903 1730 929 Οὐ
1741 902 1840 936 λέγεις

1044 944 1091 972 οὖν
1107 946 1218 981 μείζονα
1231 948 1277 975 τὸν
1287 949 1397 984 Πατέρα
1412 949 1458 976 τοῦ
1483 949 1566 981 Υἱοῦ;
1592 948 1666 982 Ὀρθ.
1694 948 1738 979 Ὠς
1766 947 1839 974 Θεὸν

1045 992 1124 1024 Θεοῦ,
1154 993 1203 1020 οὗ·
1230 994 1267 1027 ὡς
1293 996 1403 1032 Πατέρα
1429 996 1457 1023 δὲ
1482 995 1546 1022 Υἱοῦ
1563 995 1835 1032 ὲνανθρωπήσαντος.

1052 1038 1160 1073 Ἀμέλει
1171 1041 1221 1066 ούκ
1234 1038 1319 1068 εἶπεν·
1341 1041 1371 1068 ’0
1388 1042 1453 1073 Θεὸς
1470 1041 1570 1077 μείζων
1585 1050 1636 1077 μου
1657 1042 1744 1068 ἐστίν·
1762 1042 1835 1073 ἀλλ’,

1047 1094 1056 1110 ι
1078 1085 1106 1111 Ὁ
1118 1086 1211 1121 Πατὴρ
1228 1087 1329 1122 μείζων
1346 1097 1397 1122 μου
1410 1087 1494 1114 ἐστίν.
1511 1098 1520 1113 ι
1545 1088 1644 1122 Ἀνόμ.
1666 1088 1704 1123 Τῇ
1725 1087 1836 1123 Βεότητι

1044 1128 1090 1157 οὖν
1107 1131 1163 1158 ἴσον
1175 1131 1262 1166 λέγεις
1278 1133 1323 1159 τὸν
1337 1133 1399 1159 Υὶὸν
1409 1133 1455 1159 τοῦ
1467 1133 1572 1169 Πατρός
1581 1142 1588 1165 ;
1597 1134 1669 1167 Ὀρθ.
1683 1133 1736 1160 Καὶ
1749 1133 1834 1159 πάνυ“

1044 1178 1156 1214 καὶγὰρ
1172 1179 1218 1205 καὶ
1229 1179 1243 1204 ό
1267 1179 1426 1210 Ἀπόστολος
1441 1179 1514 1213 λέγει
1529 1187 1535 1193 ”
1561 1188 1570 1204 α
1584 1179 1669 1205 Τοῦτο
1681 1178 1836 1214 φρονείσθω

1044 1224 1073 1250 ἐν
1089 1225 1187 1259 ὑμῖν,ὂ
1202 1226 1249 1251 καὶ
1262 1226 1291 1251 ἐν
1306 1225 1416 1261 Χριστῷ
1436 1225 1523 1260 Ἰησοῦ
1533 1233 1540 1240 ·
1559 1225 1599 1257 ὃς,
1619 1226 1647 1251 ἐν
1661 1226 1750 1260 μορφῇ
1764 1224 1834 1251 Θεοῦ

1043 1271 1241 1306 ὑπάρχων,οὐχ
1257 1271 1402 1306 ἁρπαγμὸν
1418 1272 1540 1307 ἡγήσατο
1555 1271 1585 1297 τὸ
1598 1269 1667 1297 εἶναι
1680 1272 1724 1298 τσα
1733 1271 1803 1306 Θεῷ,
1820 1283 1829 1298 ι

1050 1315 1148 1350 Ἀνὸμ.
1168 1317 1201 1342 Ὂ
1216 1314 1263 1343 οὖν
1274 1317 1353 1348 αὐτὸς
1366 1317 1415 1351 οὐχ
1427 1317 1535 1352 ἥρπασε
1551 1316 1618 1352 (95),
1638 1318 1670 1343 σὺ
1686 1316 1731 1342 διὰ
1749 1317 1776 1343 τί
1791 1317 1832 1344 δί-

1042 1363 1095 1394 δως
1107 1362 1196 1398 αὐτῷ;
1217 1363 1289 1397 Ὀρθ.
1308 1364 1368 1389 ’Ότι
1384 1363 1432 1397 οὐχ
1447 1363 1581 1398 ἥρπασεν,
1595 1363 1652 1389 ἀλλ’
1665 1362 1721 1398 ἔχει
1733 1364 1766 1398 τῇ
1783 1363 1833 1397 φύ-

1043 1417 1100 1434 σει·
1119 1408 1166 1434 καὶ
1183 1407 1251 1443 ἔχων
1267 1408 1356 1439 τοῦτο,
1371 1418 1379 1433 ι
1397 1408 1492 1435 ἑαυτὸν
1505 1409 1633 1439 ὲκένωσε,
1647 1408 1757 1444 μορφὴν,
1768 1408 1831 1435 δού-

1043 1453 1089 1480 λου
1103 1453 1202 1481 λαϐών.
1228 1463 1238 1480 ι
1265 1455 1343 1485 Ποῖος
1359 1453 1412 1489 γὰρ
1426 1451 1459 1489 ἦν
1473 1454 1582 1485 ἔπαινος
1592 1454 1630 1489 τῷ
1642 1454 1678 1490 μὴ
1698 1454 1785 1489 ἔχοντι
1799 1455 1832 1481 τὺ

1004 1482 1025 1511 c
1043 1499 1110 1532 ἴσον,
1127 1500 1174 1527 καὶ
1192 1499 1229 1534 μὴ
1245 1482 1412 1535 ἁρπάξούτιξ
1426 1482 1457 1526 ἐξ
1466 1499 1520 1534 γὰρ
1531 1482 1608 1526 τοῦτο
1616 1482 1738 1532 ετξ-αἶνος,
1749 1501 1831 1527 ἐπαι-

1040 1545 1181 1580 νεθήσεται
1197 1545 1297 1580 ὁμοίως
1313 1544 1359 1571 καὶ
1369 1545 1382 1571 ὁ
1394 1545 1518 1580 οὐρανὸς,
1535 1551 1582 1572 καὶ
1603 1547 1617 1572 ὁ
1637 1545 1768 1582 Γαὸριῂλ,
1781 1547 1830 1573 καὶ

1039 1591 1054 1616 ὁ
1071 1591 1202 1626 Ῥαφαὴλ.
1217 1591 1264 1617 καὶ
1285 1591 1399 1622 ἕκαστος
1412 1590 1466 1617 τῶν
1483 1590 1616 1625 ἀγγέλων,
1639 1592 1687 1618 καὶ
1709 1592 1828 1624 ἕκαστος

1039 1637 1093 1664 τῶν
1111 1637 1298 1672 ἀρχαγγέλων,
1312 1638 1353 1663 ὅτι
1369 1637 1406 1672 μὴ
1422 1637 1550 1672 ἥρπασαν
1563 1637 1593 1663 τὸ
1608 1635 1678 1664 εἶναι
1697 1638 1743 1664 ἴσα
1757 1638 1827 1674 Θεῷ.

1074 1725 1119 1752 27.
1152 1726 1250 1760 Ἀνόμ.
1274 1725 1369 1762 Ἡμεῖς
1392 1726 1506 1762 λέγομεν
1526 1727 1653 1763 Πατέρα,
1677 1726 1725 1754 καὶ
1753 1727 1827 1761 Ὡὸν,

1040 1772 1086 1798 κα).
1103 1771 1180 1805 ἆγιον
1194 1771 1317 1807 Πνεῦμα,
1331 1772 1368 1804 ὡς
1392 1773 1551 1805 ἐπίσκοπον,
1568 1774 1616 1800 καὶ
1633 1773 1826 1810 πρεσὸύτερον,

1039 1818 1087 1845 καὶ
1112 1818 1233 1845 διάκονον
1262 1818 1326 1854 (96).
1361 1819 1433 1852 Ὀρθ.
1460 1819 1530 1846 Ἀλλ’
1559 1819 1653 1854 ὥσπερ
1680 1819 1827 1852 ἐπίσκοπος

1039 1865 1088 1890 οὐκ
1115 1864 1164 1897 ὢν,
1196 1863 1339 1899 ἄνθρωπος
1361 1865 1390 1891 δὲ
1411 1864 1458 1897 ὢν,
1486 1865 1536 1900 τὴν
1558 1865 1642 1901 αὐτὴν
1670 1865 1726 1900 ἔχει
1744 1866 1824 1900 φύσιν

1039 1909 1079 1945 τῷ
1090 1910 1247 1945 ὲπισκόπῳ’
1261 1909 1363 1945 ὁμοίως
1375 1910 1421 1936 καὶ
1439 1911 1455 1937 ό
1471 1910 1603 1942 διάκονος,
1624 1910 1686 1937 οὔτε
1708 1912 1825 1946 πρεσὸύ-

1039 1965 1127 1992 τερος,
1139 1955 1201 1982 οὕτε
1218 1956 1366 1988 ἐπίσκοπος
1390 1956 1440 1987 ὢν,
1463 1957 1513 1991 τῆς
1533 1957 1619 1991 αὐτῆς
1648 1957 1739 1992 μέντοι
1768 1959 1825 1984 ἐστὶ

1039 2001 1165 2036 (pacator
1178 2001 1265 2032 οὕτως
1282 1999 1328 2028 οὖν
1344 2001 1433 2036 λέγεις
1457 2002 1504 2028 καὶ
1525 2002 1605 2034 αὐτος
1624 2003 1668 2029 τὸν
1682 2002 1744 2028 Υἰὸν
1770 2004 1824 2029 Πα-

1039 2048 1106 2083 τέρα
1124 2048 1173 2082 μὲν
1191 2048 1228 2082 μὴ
1245 2045 1326 2078 εῖναι,
1351 2047 1401 2082 τῆς
1417 2048 1446 2074 δὲ
1473 2048 1556 2083 αὐτῆς
1583 2048 1691 2082 φύσεως
1708 2048 1747 2083 τῷ
1771 2049 1823 2074 Πα-

1039 2093 1083 2128 τρί
1093 2101 1100 2108 ·
1118 2092 1206 2119 καὶτὸ
1220 2091 1332 2128 Πνεῦμα
1350 2091 1379 2118 δὲ
1392 2091 1440 2118 τοῦ
1450 2092 1529 2125 Θεοῦ,
1552 2093 1614 2119 Υἰὸν
1633 2092 1682 2127 μὲν
1706 2093 1742 2128 μὴ
1757 2091 1822 2119 εἶναι

197 2139 307 2174 quidem
320 2139 431 2171 Filium,
447 2146 536 2174 neque
544 2139 665 2172 Patrem,
680 2140 728 2166 sed
741 2139 863 2173 ejusdem
874 2146 936 2165 esse
947 2143 988 2165 at—

1044 2139 1108 2174 μήτε
1122 2138 1241 2174 Πατέρα,
1261 2138 1310 2173 τῆς
1331 2138 1359 2164 δὲ
1384 2137 1470 2173 αὐτῆς
1497 2135 1566 2165 εἶναι
1582 2138 1637 2173 (97)
1655 2138 1761 2173 φύσεως
1787 2139 1822 2173 τῷ

196 2193 250 2220 que
268 2184 376 2213 Patrem
392 2189 517 2213 naturae:
542 2193 592 2213 cur
621 2186 704 2220 igitur
728 2185 869 2213 auditores
895 2184 985 2217 fallis,

196 2238 260 2257 cum
271 2231 380 2258 nescias
396 2231 461 2265 quid
476 2231 568 2258 dicas?
588 2238 620 2258 ac
637 2239 692 2258 non
716 2231 786 2258 dicis
802 2236 857 2258 tres
873 2235 987 2258 naturas

197 2276 363 2308 dissimiles,
390 2281 420 2303 ut
441 2277 578 2312 angelum,
594 2281 622 2304 et
637 2277 774 2304 hominem
786 2297 794 2309 ,
818 2281 845 2304 et
869 2277 987 2311 equum?

196 2323 292 2350 Anam.
310 2323 391 2358 423
409 2323 448 2350 Ita
462 2323 523 2350 dico
539 2332 545 2350 :
563 2323 664 2358 alioqui
683 2322 781 2350 fuerint
804 2323 988 2350 consubstan-

232 2402 253 2418 ³⁷
274 2401 347 2436 Psal.
366 2409 456 2434 cxuv,
473 2401 500 2429 5.
539 2400 561 2417 ³⁵
581 2400 654 2429 Psal.
670 2408 811 2435 cxxxvul,
829 2401 857 2428 7.
896 2401 918 2416 ³³
937 2400 1017 2428 Joan.

232 2480 287 2515 (95)
306 2479 406 2511 Palat.,
422 2479 467 2505 τοῦ
484 2479 561 2506 Θεοῦ.

199 2551 212 2576 ὲ
232 2511 289 2550 (94)
308 2515 379 2542 Edit.
390 2515 496 2550 Steph.,
505 2514 590 2541 Τοῦτο
596 2514 647 2541 οὐκ
656 2514 739 2542 ἐστιν.
751 2513 829 2549 Μδε.,
840 2514 926 2541 Τοῦτο
938 2511 986 2541 οὖν

215 2559 282 2576 στιν.

215 2559 282 2577 στιν.

233 2586 288 2621 (95)
307 2584 406 2621 Palat.,
422 2581 607 2621 libandum;
620 2585 669 2621 οὐχ
682 2585 818 2621 ἥρπασεν.

234 2619 290 2656 (96)
310 2620 396 2647 Palat.
412 2625 439 2647 et
450 2619 553 2656 Felck.,
568 2619 801 2656 Ἦμείξλέγομεν,
819 2621 871 2652 ὅτι,
889 2620 985 2656 ὥσπερ

195 2657 212 2683 ὁ
221 2655 404 2691 πρεσϐύτερος
412 2655 560 2687 ἐπίσκοπος
573 2656 622 2682 οὐκ
639 2655 723 2687 ἐστιν,
736 2655 783 2682 ἄνθ
788 2664 878 2691 ρωπος
890 2656 917 2682 δὲ
926 2655 980 2691 νὼνγ,

195 2664 212 2683 ο
221 2664 404 2691 πρεσουτερος
412 2664 560 2687 επισκοπος
573 2664 622 2682 ουκ
639 2664 723 2687 εστιν,
736 2664 878 2717 averni-n0;
890 2664 917 2682 οε
932 2665 980 2688 ων,

195 2692 246 2727 τὴν
255 2692 338 2727 αὐτὴν
353 2690 433 2725 φύσιν
447 2691 502 2727 ἑχεμ
513 2690 551 2725 τῷ
566 2690 716 2727 ἐπισκόπῳ·
729 2692 780 2725 ὁμο
792 2699 830 2722 ως
839 2691 886 2718 καὶ
898 2691 912 2716 ὸ
922 2690 981 2727 ξδιὰ-

195 2725 284 2758 κονος,
311 2725 372 2752 οὗτε
395 2726 589 2761 πρεσὸύτερος,
615 2725 676 2752 οὔτε
698 2726 830 2757 διάκονος,
855 2725 983 2760 τοιαύτης

199 2761 291 2797 μέντοι
307 2761 364 2797 ἐστὶ
381 2762 487 2797 φύσεως
504 2761 612 2797 (Felck.
628 2762 763 2797 solusrliic
792 2761 867 2788 addit
885 2761 980 2797 0130.).

196 2794 291 2827 Οὕτως
306 2794 362 2823 οὖν.
379 2796 456 2832 Πθὲη
478 2794 571 2831 Ἀνόμ.
581 2796 675 2831 Ἡμεῖς
685 2796 810 2831 λέγομεν,
823 2797 874 2829 ὅτι,
889 2796 982 2831 ὥσπερ

1039 2184 1137 2220 Πατρι.
1155 2184 1186 2210 Τί
1212 2182 1258 2210 οῦν
1275 2184 1383 2218 ὰπατᾷς
1404 2185 1468 2215 τοὺς
1493 2185 1656 2216 ἀκούοντας,
1685 2185 1722 2220 μὴ
1748 2185 1821 2216 εἰδὼς

1038 2230 1056 2258 ἃ
1083 2231 1195 2264 λέγεις,
1224 2231 1255 2257 οὺ
1289 2230 1376 2265 λέγεις
1401 2231 1430 2257 δὲ
1457 2232 1530 2266 τρεῖς
1563 2230 1657 2265 φύσεις
1683 2231 1820 2265 ἀνομοίους

1039 2276 1077 2308 ὡς
1105 2277 1238 2311 ἄγγελον,
1265 2277 1312 2304 καὶ
1335 2277 1497 2313 ἄνθρωπον,
1525 2277 1571 2303 καὶ
1597 2277 1699 2309 ῖππον;
1726 2277 1819 2311 Ἀνόμ.

1040 2322 1119 2349 Οὖτω
1136 2322 1208 2357 λέγω
1219 2331 1226 2337 ·
1248 2323 1295 2349 ἐὰν
1312 2322 1366 2358 γὰρ
1378 2322 1458 2349 τοῦτο
1479 2322 1516 2358 μὴ
1533 2322 1612 2354 εἴπω,
1629 2324 1819 2359 ὁμοουσιαστὴς

1036 2409 1092 2434 xtv,
1110 2401 1155 2428 28.
1193 2401 1216 2417 ⁵ο
1236 2400 1354 2436 Philipp.
1371 2408 1408 2432 ιι,
1427 2400 1461 2432 5,
1479 2400 1506 2427 6.
1551 2400 1572 2415 “
1593 2400 1661 2427 ibid.
1679 2400 1706 2428 7.

1039 2478 1198 2511 ἐπίσκοπος,
1222 2479 1269 2505 καὶ
1293 2477 1486 2512 πρεσσύτερος,
1511 2477 1558 2504 καὶ
1582 2477 1714 2508 διάκονος·
1740 2476 1819 2508 οὕτως

1039 2487 1198 2511 επισκοπος,
1222 2487 1269 2505 και
1293 2488 1313 2504 π
1333 2487 1486 2512 εσουτερος,
1511 2487 1558 2504 και
1582 2487 1714 2508 οιακονος-
1740 2487 1818 2508 ουτως

1039 2514 1098 2540 ἐστὶ
1112 2514 1207 2549 Πατὴρ
1219 2514 1265 2540 καὶ
1286 2487 1350 2549 11%;
1368 2513 1413 2539 mi
1432 2513 1508 2549 ἅγιον
1523 2512 1647 2549 Πνεῦμα.
1673 2512 1748 2549 ἶορη.
1765 2512 1818 2549 [As-3

1038 2557 1126 2591 xvuctn
1135 2547 1206 2591 μήτε
1228 2548 1307 2591 τοῦτο
1323 2548 1444 2591 λέγοντα.
1464 2547 1650 2591 Argynni?“
1674 2547 1747 2591 Ὀρθζ
1764 2548 1819 2588 ὐὶτι

1039 2581 1222 2619 πρεσϐύτερος
1235 2584 1283 2618 μὲν
1296 2581 1443 2614 ἐπίσκοπος
1452 2582 1502 2608 οὐκ
1511 2582 1551 2608 ἐτι
1562 2582 1703 2617 ἄνθρωπος
1717 2581 1765 2616 μὲν
1775 2581 1818 2616 τὴν

1038 2620 1122 2654 αὐτὴν
1138 2619 1194 2654 ἔχει
1207 2619 1298 2653 φύσιν,
1314 2623 1367 2654 «λιιιζ

1072 2650 1127 2690 (97)
1148 2650 1224 2681 Εἱναὶ
1243 2655 1320 2690 abest
1328 2653 1486 2690 aPalatino.
1500 2651 1613 2690 ibidem,
1629 2650 1719 2690 Felclt.
1735 2655 1760 2678 et
1771 2650 1817 2678 Pa-

1035 2686 1126 2722 latini,
1143 2689 1240 2724 Πατρι.
1262 2688 1371 2723 Ἐπειδὴ
1390 2690 1455 2724 παρ’
1478 2687 1560 2724 αὑτοῦ
1582 2686 1770 2724 ἐκπορεύεται,
1793 2690 1816 2713 et

1036 2697 1126 2722 Iallll.,
1143 2697 1240 2724 Πατρι.
1265 2697 1371 2723 ιπειοη
1390 2697 1428 2716 πα
1452 2697 1454 2699 ⁷
1478 2697 1560 2714 αυτου
1582 2697 1770 2722 εκπηρευεται,
1793 2697 1815 2713 el

1035 2725 1123 2752 erasis
1135 2724 1311 2759 quibusdam,
1336 2724 1412 2758 Ὀρθ.
1425 2697 1460 2759 ’ᾗ
1472 2721 1520 2759 οὖν
1531 2723 1646 2759 ἀπατᾷς.
1664 2721 1816 2759 Palat._ioco

1035 2756 1177 2821 grasorum
1193 2760 1275 2802 habet
1292 2768 1298 2785 :
1319 2756 1413 2795 Ἀνὸμ.
1427 2758 1474 2786 Οὔ.
1497 2757 1557 2786 Mox
1575 2756 1667 2791 iidem,
1689 2757 1718 2783 οὐ
1733 2756 1815 2791 λέγιις

1051 2810 1074 2821 ε..
1088 2804 1129 2821 οτι
1144 2803 1228 2821 τοεις.

1051 2796 1074 2828 ὲ,
1088 2796 1129 2822 ὅτι
1144 2796 1228 2830 τρεῖς.
