1926 3067
75 107 146 138 4157

559 104 604 135 DE
624 106 757 136 SANCTA
778 107 965 137 TRINITATE
984 109 1158 138 DIALOGUS
1177 109 1208 136 ll.

1630 107 1700 139 1158

79 167 220 202 πενόμην.
262 168 330 201 Ορθ.
350 168 456 202 Ἔγνως
472 164 528 199 οὖν,
545 167 587 194 ὅτι
602 168 617 194 ὁ
636 159 723 202 λέγων
735 168 780 194 τὸν
810 168 866 194 Πα-

919 169 1029 196 tialista.
1052 169 1127 196 0rl/i.
1153 169 1275 196 Didicisti
1292 169 1375 204 igitur
1389 177 1462 202 eum,
1488 170 1534 205 qui
1558 170 1632 197 dicat
1648 171 1699 197 Pa-

80 213 144 248 ;ἐρα
165 213 202 244 ὡς
223 212 381 245 ἐπίσκοπον,
401 213 448 240 καὶ
469 212 515 239 τὸν
532 213 596 240 Υίὸν
613 213 651 245 ὡς
674 213 866 248 πρεσϐύτερον,

80 256 125 285 -ιᾶὶ
163 258 195 284 τὸ
226 258 339 293 Πνεῦμα
374 258 411 290 ὡς
444 258 584 290 διάκονον,
611 259 752 294 ὁμοούσιον
784 259 866 293 λέγει.

80 304 156 330 Tum)
182 303 211 330 δὲ
240 303 326 338 λέγων
353 304 450 331 σαυτὸν
475 304 636 340 Χριστιανὸν
661 305 789 339 ἐνόμισας
812 305 867 340 (98)

81 348 161 384 μέχρι
185 349 231 375 τοῦ
246 349 388 385 παρόντος.
401 350 433 376 Εί
446 349 474 375 δὲ
484 349 563 376 τοῦτο
577 350 592 375 ὁ
605 349 690 384 λέγων
700 350 729 376 οὐ
745 349 867 385 κέκριταί

75 402 121 421 σοι
145 393 214 421 εἶναι
229 395 400 431 Χριστιανὸς,
415 395 512 422 σαυτὸν
523 395 577 430 ἄρα
591 395 765 431 κατέκρινας,
776 396 824 422 καὶ
835 397 868 422 ἐκ

83 441 127 468 τοῦ
145 441 276 476 στόματός
288 450 335 468 σου
350 441 462 477 ὲκρίθης
473 441 510 477 μὴ
526 440 562 467 ὢν
572 441 745 477 Χριστιανός.
767 442 865 476 Ἀνόμ.

84 487 116 515 '0
130 487 216 521 λέγων
232 484 278 514 οὖν
288 487 428 522 ὁμοούσιον
446 487 606 522 Χριστιανὸς
618 487 667 514 οὐκ
683 487 770 521 Eos-tv;
789 488 866 521 ὀρθ.

84 533 116 560 '0
130 532 217 567 λέγων
234 532 374 568 ὁμοούσιον
386 533 549 569 Χριστιανός
572 534 645 559 ἐστιν
658 541 664 548 ·
680 534 694 560 ὁ
706 533 736 560 δὲ
749 533 867 569 νομίζων

82 578 120 615 μὴ
133 577 202 606 εἶναι
214 579 374 614 Χριστιανὸν
389 579 434 605 τὸν
449 579 562 613 λέγοντα
587 579 740 614 ὀμοούσιον,
757 580 805 606 καὶ
819 580 867 605 αὺ-

80 625 126 657 εὸς
152 626 248 659 λέγων,
274 626 450 662 εὑρεθήσεται
473 626 568 652 ἑαυτὸν
593 626 775 661 κατακρίνων,
791 626 831 657 ὡς
852 627 866 652 ὀ

83 671 165 703 -ιακὸς
186 671 278 703 δοῦλος
291 672 404 704 ἐκεῖνος,
424 673 438 699 ὁ
450 673 483 700 ὲκ
494 672 542 699 τοῦ
558 673 622 699 ίδίου
639 673 770 707 στόματος
781 681 866 699 κατα-

82 717 252 753 κεκριμένος.
280 718 377 753 ’ᾼνόμ
394 719 456 751 Πῶς
469 719 523 755 γὰρ
546 719 611 746 αὐτὸ
624 718 709 753 λέγων
734 718 865 754 εὑρέθην;

85 765 163 798 Ὀρθ.
176 763 262 796 Εἷπας
276 765 327 797 ὃτι,
346 765 440 800 Ἡμεῖς
459 766 573 800 λέγομεν
596 765 714 800 Πατέρα,
730 765 777 791 καὶ
791 765 864 797 Υἱδν,

82 811 128 837 ut
145 811 220 844 ἅγιον
232 811 354 846 Πνεῦμα,
371 811 408 842 ὡς
424 811 478 846 (99)
496 811 652 844 ἐπίσκοπον,
670 811 864 846 πρεσϐύτερον,

81 856 128 882 οιαὶ
153 855 283 883 διάκονον.
305 857 403 890 Ἀνόμ.
426 856 563 892 Ὁμολογῷ
587 857 734 892 εἰρηκέναι,
749 857 786 888 ὡς
808 856 867 882 ὲπί-
882 846 903 872 Β

83 910 192 934 σκοπον,
225 902 426 938 πρεσϐύτερον,
453 903 500 928 καὶ
524 902 654 929 διάκονον.
690 903 765 936 Ὀρθ.
797 902 865 928 Ἀλλ’

82 947 239 980 ἐπίσκοπος,
249 948 441 984 πρεσϐύτερος,
455 948 501 975 καὶ
512 949 632 980 διάκονος
643 948 778 984 ὁμοούσιοί
787 949 864 974 εἰσιν·

83 993 221 1028 δμοούσιον
245 994 299 1030 ἄρα
322 994 440 1030 Πατέρα,
454 995 499 1021 καὶ
514 995 585 1026 Υἰὸν,
599 995 647 1021 καὶ
663 994 740 1028 ἆγιον
754 994 866 1029 Πνεῦμα

82 1038 268 1075 ὡμολόγηκας.
297 1041 394 1075 Ἀνόμ.
423 1041 515 1073 Θέλεις
531 1039 576 1067 οὖν
589 1041 684 1072 είπεῖν,
704 1041 755 1072 ὅτι,
774 1040 867 1076 ὥσπερ

81 1086 200 1118 ιιονδῖτος
228 1085 299 1118 οἶνος
320 1087 473 1123 κερασθεὶς,
489 1087 575 1118 οὕτως
589 1086 646 1113 ἐστὶ
670 1086 773 1122 Πατὴρ,
792 1087 865 1118 Υἱὸς,

82 1132 129 1159 ut
154 1132 230 1166 ἆγιον
253 1132 380 1168 Πνεῦμα;
405 1134 481 1167 Ὀρθ.
501 1133 568 1159 Οὐδὲ
579 1130 661 1165 οἶδας,
681 1133 722 1158 ὅτι
740 1132 772 1158 σὺ
787 1131 866 1158 τοῦτο

82 1175 188 1210 λέγεις
216 1178 311 1212 Ἀνόμ.
328 1178 408 1210 Πῶς;
431 1179 505 1212 Ὀρθ.
521 1178 670 1213 ’Ότιᾶλλην
685 1177 764 1211 φύσιν
778 1177 867 1211 λέγεις

80 1223 130 1249 τοῦ
146 1223 317 1259 Πατρὸς,καὶ
328 1223 410 1260 ἄλλην
423 1224 470 1251 τοῦ
485 1224 561 1255 Υἱοῦ,
578 1224 625 1250 καὶ
636 1223 718 1257 ἄλλην
732 1222 779 1249 τοῦ
790 1223 867 1257 ἁγίου

83 1267 261 1302 Πνεύματος,
290 1269 327 1301 ὡς
348 1269 418 1296 οἴνου
445 1270 492 1296 καὶ
515 1269 619 1304 μέλιτος
647 1268 693 1295 καὶ
715 1268 865 1303 πεπέρεως.

88 1313 184 1349 Ἡμεῖς
203 1314 232 1341 δὲ
257 1315 379 1351 λέγομεν·
395 1316 449 1342 Εὰν
497 1316 511 1341 ὁ
527 1316 621 1351 Πατὴρ
632 1313 703 1346 οἶνος
715 1315 867 1350 εὐφραίνων

80 1360 204 1395 καρδίαν,
226 1361 271 1388 καὶ
293 1363 307 1387 ὁ
329 1361 393 1393 Υἱὸς
416 1360 486 1394 οἶνος
504 1362 655 1398 εὐφραίνων
677 1362 799 1397 καρδίαν,
821 1362 866 1388 καὶ

79 1405 111 1431 τὸ
135 1406 247 1441 Πνεῦμα
263 1405 333 1439 οἶνος
352 1408 504 1443 εὐφραίνων
517 1407 628 1443 καρδίαν
647 1408 729 1438 ἐστὶν,
775 1408 789 1433 ὁ
810 1408 866 1434 Πα-

79 1450 133 1485 τὴρ
149 1451 187 1486 (1)
204 1452 273 1487 ὑπὲρ
291 1453 350 1488 μέλι
374 1453 420 1479 καὶ
443 1453 548 1489 κηρίον.
572 1454 664 1489 Ὑμεῖς
687 1454 740 1488 ἄρα
758 1454 803 1479 καὶ
818 1453 866 1488 οὐχ

80 1483 183 1530 iii-tete,-
197 1483 309 1533 xavs‘lrt'p
333 1483 516 1534 παρεὸάλλετε
541 1499 586 1525 τὸν
605 1483 715 1534 Πατέρα
734 1499 780 1524 καὶ
804 1483 867 1525 Tibi;
880 1510 903 1541 ο

80 1541 128 1567 καὶ
143 1542 173 1568 τὸ
192 1542 269 1577 ἅγιον
286 1544 406 1580 Πνεῦμα,
419 1546 444 1571 οἱ
458 1546 600 1581 ἀνομοίους
623 1545 672 1577 τὰς
694 1546 787 1580 φύσεις
815 1547 866 1572 εἰσ-

80 1586 237 1622 ηγούμενοι.

919 218 987 241 trem
999 222 1059 242 esse
1075 218 1105 241 ut
1117 215 1283 250 episcopum,
1300 218 1327 241 et
1339 214 1439 242 Filium
1454 218 1481 241 ut
1496 215 1699 250 presbyterum,

918 263 945 287 et
961 259 1091 295 Spiritum
1108 265 1137 287 ut
1151 261 1295 287 diaconum
1306 280 1312 292 .
1329 261 1640 288 consubstantialitatem
1659 262 1701 288 di-

918 313 988 334 cere.
1007 307 1096 341 Atque
1112 307 1147 333 ita
1163 307 1277 333 dicendo
1292 312 1318 334 te
1334 306 1519 334 Christianum
1534 314 1595 334 esse
1610 308 1703 333 hacte-

918 360 970 379 nus
983 353 1157 380 existimasti.
1174 352 1251 385 Quod
1267 361 1289 380 Si
1303 353 1411 387 judicus
1428 361 1499 385 eum,
1523 353 1569 388 qui
1586 353 1637 379 hoc
1657 354 1700 379 di-

917 403 972 429 cat,
988 406 1042 425 non
1055 407 1116 426 esse
1131 399 1316 426 Christianum
1328 418 1336 430 ,
1357 399 1474 433 teipsum
1490 399 1618 425 nimirum
1633 406 1702 425 con-

918 443 1071 470 demnasti:
1088 448 1115 470 et
1129 451 1163 470 ex
1180 447 1227 470 tuo
1250 444 1337 478 ipsius
1359 450 1407 470 ore
1434 443 1606 470 convinceris
1623 443 1702 470 Chri-

917 489 1023 516 stianus
1036 496 1092 516 non
1111 496 1182 516 esse.
1199 490 1294 517 Anam.
1322 488 1381 516 Non
1405 493 1446 516 est
1471 489 1553 524 igitur
1569 489 1702 516 Christia-

917 542 986 566 nus,
1015 535 1063 570 qui
1091 535 1403 563 consubstantialitatem
1428 535 1515 561 dicit?
1544 534 1620 563 Grut.
1649 535 1702 568 Qui

917 581 1228 608 consubstantialitatem
1257 581 1339 613 dicit,
1364 581 1538 608 Christianus
1567 585 1628 609 esl:
1655 583 1702 616 qui

915 633 981 653 vero
1015 626 1152 653 existimat
1180 634 1242 653 eum
1269 633 1324 652 non
1341 633 1402 653 esse
1423 625 1628 658 Christianum,
1654 627 1702 661 qui

917 672 1227 699 consubstantialitatem
1241 672 1348 703 dicit,et
1360 676 1450 699 tamen
1467 673 1525 707 ipse
1541 673 1610 699 hanc
1623 673 1701 705 dicit,

916 719 1098 753 comperietur
1113 720 1233 753 seipsum
1257 718 1440 746 condemnare
1455 739 1463 752 ,
1486 722 1516 745 ut
1541 726 1636 746 servus
1658 719 1703 746 illc

916 764 1004 791 malus
1012 772 1043 791 ex
1057 771 1108 791 suo
1124 764 1210 798 ipsius
1222 771 1269 803 ore
1282 764 1437 791 damnatus.
1448 764 1544 790 Anam.
1562 764 1704 796 Quomodo

917 819 981 838 vero
992 819 1051 838 sum
1067 814 1224 845 compertus
1234 812 1302 838 hanc
1312 811 1502 839 dicere?0rtlt.
1513 811 1577 843 Nos,
1591 811 1702 844 dixisti,

917 858 1034 885 dicimus
1053 857 1170 889 Patrem,
1187 857 1297 889 Filium,
1311 862 1337 885 et
1355 857 1487 892 Spiritum
1501 862 1626 884 sanctum
1643 865 1704 885 esse

918 904 1004 931 instar
1017 903 1148 938 episcopi,
1164 903 1327 938 presbyteri,
1343 908 1370 930 et
1387 903 1505 930 diaconi.
1535 903 1630 930 Anam.
1651 903 1704 930 Fa-

917 954 975 977 teor
990 958 1032 976 me
1042 949 1143 976 dixisse
1157 958 1163 975 :
1179 950 1265 976 instar
1279 949 1415 984 episcopi,
1435 950 1596 985 presbyteri,
1607 954 1634 977 et
1645 950 1704 977 dia-

917 995 989 1022 coni.
1012 994 1088 1022 0rth.
1104 994 1185 1029 Atqui
1200 995 1355 1029 episcopus,
1373 995 1526 1030 presbyter,
1553 999 1580 1021 et
1610 995 1704 1022 diaco-

917 1048 969 1067 nus
982 1044 1046 1067 sunt
1060 1039 1324 1073 consubstantiales;
1346 1047 1411 1073 ergo
1436 1039 1580 1067 confcssns
1594 1047 1624 1066 es
1638 1047 1703 1066 con-

918 1086 1110 1113 substantiales
1131 1093 1192 1112 esse
1223 1086 1351 1116 Patrem,
1382 1083 1478 1111 Filium
1510 1088 1538 1111 et
1569 1084 1703 1119 Spiritum

917 1135 1053 1158 sanctum.
1073 1130 1168 1156 Anam.
1193 1129 1276 1157 Visne
1295 1130 1378 1165 igitur
1403 1130 1494 1157 dicere
1524 1130 1626 1157 conditi
1647 1130 1702 1156 vini

918 1176 1005 1203 instar
1017 1183 1078 1203 esse
1100 1174 1219 1206 Patrem,
1239 1174 1349 1206 Filium,
1365 1179 1392 1202 et
1408 1174 1537 1209 Spiritum
1555 1179 1680 1202 sanctum
1692 1175 1705 1201 ?

919 1221 994 1249 Orth.
1020 1221 1054 1248 Et
1077 1229 1132 1248 non
1157 1221 1231 1248 vides
1254 1225 1280 1248 te
1297 1221 1348 1248 hoc
1365 1221 1454 1255 ipsum
1473 1221 1584 1248 dicere?
1606 1221 1702 1248 Anam.

917 1267 1081 1300 Quomodo?
1107 1266 1182 1294 Orth.
1208 1266 1343 1299 Quoniam
1359 1267 1440 1293 aliam
1464 1274 1524 1294 esse
1539 1266 1607 1294 dicis
1623 1271 1705 1293 natu~

917 1321 975 1340 ram
991 1312 1090 1344 Patris,
1106 1312 1187 1339 aliam
1205 1311 1283 1343 Filii,
1306 1312 1387 1339 aliam
1406 1311 1524 1347 Spiritus
1542 1313 1629 1339 sancti
1644 1332 1651 1344 ,
1675 1317 1704 1339 ut

916 1358 984 1390 vini,
1002 1357 1091 1385 mellis
1107 1362 1134 1384 et
1148 1357 1259 1392 piperis.
1278 1356 1333 1384 Nos
1348 1365 1412 1384 vero
1425 1358 1542 1385 dicimus
1558 1367 1564 1384 :
1583 1358 1611 1384 Si
1623 1357 1704 1384 Pater

917 1407 959 1431 est
971 1404 1064 1430 vinum
1075 1403 1232 1430 exbilarans
1252 1411 1310 1436 cor,
1324 1403 1410 1430 Filius
1428 1404 1522 1431 itidem
1545 1408 1586 1431 est
1610 1405 1703 1431 vinum

918 1458 966 1478 cor
975 1450 1141 1481 exhilarans,
1160 1449 1279 1485 Spiritus
1308 1455 1421 1478 sanctus
1439 1451 1532 1477 itidem
1553 1457 1595 1478 est
1609 1451 1703 1478 vinum

918 1505 966 1524 cor
984 1497 1151 1529 exhilarans,
1170 1504 1223 1531 qua
1241 1498 1346 1524 rationc
1357 1496 1439 1524 Pater
1453 1502 1495 1523 est
1512 1504 1593 1530 super
1612 1497 1663 1523 mel
1676 1501 1704 1523 et

917 1544 1019 1571 favum.
1040 1543 1098 1570 Non
1114 1552 1164 1571 nos
1190 1545 1286 1579 igitur,
1312 1542 1359 1570 sed
1376 1550 1425 1570 vos
1446 1542 1464 1568 ii
1484 1542 1560 1575 estis,
1578 1542 1623 1577 qui
1648 1541 1702 1568 Pa-

917 1594 1003 1623 trem,
1029 1596 1056 1618 et
1078 1590 1176 1618 Filium
1203 1595 1231 1618 et
1253 1589 1384 1625 Spiritum
1413 1595 1538 1618 sanctum
1560 1597 1622 1616 cum
1638 1590 1702 1617 vino

74 1634 190 1662 condito
206 1637 382 1672 comparatis.
398 1645 460 1665 cum
478 1638 625 1666 dissimiles
652 1643 764 1666 naturas
782 1637 972 1673 introducitis,

637 1794 705 1821 ΤΟΥ
723 1794 769 1821 EN
783 1794 893 1821 ΑΓΙΟΙΣ
909 1793 1044 1820 ΠΑΤΡΟΣ
1062 1792 1161 1820 ΗΜΩΝ

731 1867 1048 1912 ΑΘΑΝΑΣΙΟΥ

73 1944 269 1972 ΔῙΔΛΟΓΟΣ
294 1944 324 1970 B'
350 1945 442 1972 ΠΕΡΙ
469 1945 584 1972 ΑΓῘΑΣ
617 1947 780 1977 ΤΡῘΑΔΟΣ,
816 1946 867 1972 EN
898 1946 920 1980 ῼ
955 1946 1203 1973 ΔΙΑΛΕΓΟΝΤΑΙ
1237 1947 1373 1973 ΟΜΟΙΩΣ
1399 1945 1611 1972 ΟΡΘΟΔΟΞΟΣ
1640 1947 1703 1972 ΚΑΙ

644 1981 834 2008 ΑΝΟΜΟΙΟΣ
854 1981 1102 2008 ΑΡΕΙΑΝῙΣΤΗΣ

548 2099 623 2143 ’8.
662 2100 715 2143 Ρ.
755 2100 816 2144 Ν.
853 2099 1180 2145 ATHANASII

114 2194 299 2224 DIALOGUS
319 2195 352 2222 II
379 2195 429 2222 DE
448 2195 590 2224 SANCTA
614 2195 828 2229 TRINITATE,
850 2197 895 2225 IN

915 2198 989 2232 QUO
1011 2198 1148 2225 ITIDEM
1170 2197 1388 2226 DISPUTANT
1416 2197 1666 2226 ORTIIODOXUS

643 2231 688 2258 ET
707 2231 901 2262 ANOM/EUS
920 2231 1133 2261 ARIANISTA.

379 2323 562 2350 ΑΝΟΜΟΙΟΣ.

115 2369 141 2396 Ι.
159 2369 228 2395 Πᾶσι
239 2369 294 2400 τοῖς
312 2368 373 2395 νοῦν
385 2369 491 2404 ἔχουσιν
503 2369 715 2405 ὁμολογούμενόν
726 2371 810 2402 ἐστιν,
823 2372 864 2398 ὅτι

77 2415 110 2442 ὀδ
122 2414 155 2441 ἐκ
169 2423 239 2446 τινος
256 2414 285 2441 ὃν
302 2414 530 2450 μεταγενέστερόν
544 2416 601 2442 ἐστι
617 2415 664 2442 τοῦ
679 2415 708 2448 ἐξ
727 2413 758 2442 οὗ
780 2417 864 2452 ἐστιν,⁷

78 2461 118 2492 ὡς
151 2460 181 2494 ἐξ
209 2462 304 2490 αἰτίου.
332 2462 514 2496 Ὀρθόὸοξος.
546 2463 584 2489 Οὐ
617 2463 735 2495 πάντως.
765 2464 864 2498 Ἀνόμ.

79 2508 117 2534 Σὺ
139 2509 190 2534 οὐκ
205 2506 232 2534 εῐ
242 2509 274 2534 ὲκ
286 2508 332 2535 τοῦ
347 2509 448 2544 πατρός
472 2517 528 2542 σου,
545 2509 592 2536 καὶ
612 2510 680 2544 μετὰ
696 2510 742 2536 τὸν
761 2510 867 2546 πατέρα

60 2573 65 2602 θ
83 2585 179 2623 ψέξει
194 2586 313 2623 omnes
328 2587 524 2623 λέγωνγσαυτὺν
542 2587 703 2623 Χριστιανὸν
721 2587 859 2623 ὲνᾷμισας.

79 2621 221 2657 βίονΡεῴιι.
233 2621 303 2648 Editi
312 2630 386 2654 vero,
398 2622 468 2649 οὕτω
480 2623 507 2649 δὲ
520 2621 607 2657 λέγειν
617 2623 714 2650 σαυτὸν
724 2622 860 2657 ἐνόμισας.

78 2655 147 2683 Ibid.
163 2656 262 2693 Palat.,
277 2657 323 2684 τοῦ
338 2658 479 2693 παρρντος.
489 2655 582 2692 Ἀγά-λι.
598 2659 629 2685 Εἰ
643 2658 670 2684 δὲ
685 2655 780 2693 τοῦτοί
793 2657 807 2683 ὂ
818 2657 861 2693 λέ-

97 2700 135 2717 ων
149 2691 316 2729 οὺ-κέιςριταί
326 2701 366 2729 σοι
377 2690 448 2719 εἴναι
459 2690 628 2728 Χριστιανὸς,
643 2692 803 2729 Χριστιανὸς
813 2692 863 2718 οὐκ

95 2734 163 2752 στιν.
183 2727 255 2760 ὀρθ.
264 2727 292 2754 '0
304 2727 400 2761 λέγων.

1212 2323 1404 2352 ANOMUEUS.

953 2373 979 2400 1.
996 2371 1127 2399 Omnibus
1140 2378 1206 2399 sana
1221 2376 1311 2397 mente
1326 2371 1447 2405 praeditis
1463 2370 1489 2396 in
1502 2369 1627 2397 confesso
1647 2374 1699 2401 est.

919 2418 945 2445 id
962 2417 1035 2453 quod
1049 2421 1090 2444 est
1101 2424 1133 2444 cx
1153 2416 1217 2449 alio,
1230 2421 1290 2442 ortu
1307 2416 1443 2450 posterius
1456 2423 1488 2442 eo
1505 2423 1577 2446 esse,
1592 2423 1626 2442 ex
1642 2423 1698 2450 quo

918 2467 960 2491 est
986 2467 1015 2490 ut
1027 2470 1060 2490 ex
1076 2469 1170 2490 causa.
1189 2461 1367 2489 Orlhadaxus.
1388 2461 1446 2488 Non
1459 2461 1582 2488 omnino.
1605 2461 1699 2488 Anam.

919 2511 1017 2537 Annon
1028 2513 1057 2536 tu
1071 2517 1101 2537 es
1111 2497 1149 2536 cx.
1163 2514 1239 2544 patre
1256 2512 1314 2539 tuo,
1330 2513 1358 2535 et
1375 2512 1452 2543 patre
1476 2513 1523 2535 tuo
1547 2508 1701 2542 posterior?

950 2587 1006 2623 (99)
1031 2587 1075 2618 Ὠς
1093 2586 1169 2623 deest
1181 2587 1208 2613 in
1225 2594 1291 2623 mss.
1307 2585 1366 2613 Mox
1378 2585 1496 2623 Polycliti
1506 2586 1553 2612 καὶ
1564 2585 1701 2623 διάκονον,

915 2619 962 2650 xui.
977 2619 1098 2658 δίάκονος
1116 2622 1350 2658 ὀμοούσιοίγείσιν.
1378 2621 1450 2658 Ὁρᾷ.
1473 2619 1631 2658 Ὀμοούσιος
1649 2621 1701 2655 ἄρα

917 2659 1024 2694 Πατήρέ
1038 2657 1125 2685 Palat.
1134 2655 1214 2694 'vero.
1228 2657 1273 2683 καὶ
1285 2657 1415 2694 διάφωνον)
1425 2656 1508 2694 -Ὀρθε
1525 2655 1655 2694 Intactis.

953 2689 1110 2730 (U'chius
1124 2698 1150 2721 et
1161 2692 1248 2719 Palat.
1264 2692 1390 2728 καρδίαν,
1405 2689 1480 2727 ἐὰνῇ
1496 2691 1511 2717 ὁ
1525 2689 1631 2726 Πατὴρ.

116 2802 156 2839 (2)
175 2802 205 2831 In
221 2803 307 2832 Palat.
323 2805 414 2833 nullus
430 2809 472 2834 est
489 2805 593 2834 titulus.
615 2805 644 2834 In
659 2805 725 2843 Reg.
743 2809 769 2834 et
790 2805 866 2834 Felcll

919 2809 1004 2840 utcm,
1021 2804 1086 2840 ἄλλη
1098 2804 1214 2838 διάλεξις
1233 2803 1371 2840 ’Λνομοίου
1387 2803 1433 2830 καὶ
1453 2802 1619 2837 Ὀρϐοδόξου.
