1926 3067
214 81 283 109 H59

738 65 742 70 ’
759 78 788 105 s.
809 77 1041 106 ATIIANASIUS.
1060 93 1095 98 -
1116 75 1250 104 SPL‘RIA.

1763 76 1847 103 1160

215 139 292 167 Orth.
313 138 368 174 Ego
383 138 491 173 quidem
506 145 566 164 sum
583 145 614 164 ex
631 143 708 173 patre
723 145 794 168 meo,
810 142 838 165 et
850 143 925 172 patre
937 146 996 165 meo

1051 146 1112 169 sou;
1146 138 1221 170 Ὀρθ.
1241 136 1310 170 Ἐγὼ
1329 136 1377 168 μὲν
1406 136 1437 161 ἐκ
1450 134 1496 161 τοῦ
1513 135 1615 170 πατρὸς
1631 143 1682 169 μου
1697 136 1765 170 εἰμὶ,
1788 136 1850 162 καὶ

217 185 358 220 posterior,
372 188 399 211 et
417 188 493 211 extra
514 188 616 218 patrem
634 191 739 210 meum:
758 184 802 210 lux
816 191 880 210 vero
892 191 925 210 ex
938 181 995 211 sd’le

218 235 265 263 est,
277 238 363 265 neque
379 234 467 256 tamen
482 229 615 263 posterior
624 232 665 256 est
675 229 742 259 sole,
753 236 839 263 neque
856 232 933 256 extra
951 237 995 256 so-

217 283 277 307 lem,
295 275 342 302 sed
358 275 438 302 simul
453 279 534 309 atque.
549 275 589 301 sol
600 294 607 306 ,
625 278 651 301 et
666 274 692 300 in
714 274 781 313 sple,
798 278 826 300 et
843 281 905 300 cum
918 271 993 300 sole:

217 321 365 356 fragrantia
379 329 489 355 quoque
500 329 532 347 ex
548 325 687 354 unguento
703 325 755 351 est,
768 328 816 347 nec
830 324 919 346 tamen
935 324 996 355 post

217 371 392 401 unguentum,
401 374 489 401 neque
497 371 573 393 extra
587 366 816 400 unguentumﬁed
826 366 907 393 simul
916 370 996 400 atque

217 417 392 448 unguentum,
406 416 433 439 et
443 412 469 439 ill
478 416 627 446 unguento,
635 416 732 438 etcum
745 415 900 446 unguento:
916 416 943 438 et
952 411 995 438 in—

215 457 345 492 telligere,
355 464 388 484 ex
397 461 486 484 mente
493 461 546 488 est,
558 461 586 484 at
598 464 686 492 neque
695 461 756 491 post
764 461 894 488 utentem,
909 464 998 491 neque

216 508 290 530 extra
298 507 428 534 mentem.
438 503 485 530 sed
496 504 577 530 simul
592 508 674 538 atque
683 511 770 535 mens,
780 507 807 530 et
818 503 844 530 in
854 507 954 536 mente,
969 508 997 531 et

213 556 278 576 cum
287 555 375 577 mente
384 559 391 576 :
401 554 427 577 et
436 550 503 577 velle
510 557 544 577 ex
552 550 658 577 volente
666 554 719 581 est,
728 554 850 583 etneque
858 553 938 576 extra
949 557 997 576 vo-

214 594 324 626 lentem,
338 602 426 629 neque
442 598 502 629 post
515 594 666 627 volentem,
687 594 734 621 sed
755 594 836 621 simul
854 598 934 628 atque
948 602 997 621 vo-

214 639 284 671 lens,
299 644 326 667 et
339 640 367 666 in
385 640 492 667 volente
505 643 531 666 et
543 647 605 667 cum
619 640 727 667 volente
742 649 748 666 :
763 644 791 667 et
806 639 941 674 sapientia
963 647 998 666 ex

213 686 337 721 sapiente
350 690 400 718 est,
417 689 444 713 et
458 693 546 721 neque
561 691 622 721 post
637 685 801 720 sapientem,
815 692 904 720 neque
918 689 997 712 extra

213 730 375 765 sapientem,
386 731 433 758 sed
449 730 531 758 simul
547 736 629 766 atque
645 731 766 766 sapiens,
777 734 804 758 et
818 730 847 758 in
863 730 997 765 sapiente,

215 779 310 803 etcum
323 776 447 810 sapiente
458 785 464 802 :
475 780 501 803 el.
514 777 635 811 potentia
647 784 680 804 ex
693 780 802 811 potente
814 780 868 808 est,
876 775 959 812 424
971 779 999 802 at

1049 183 1118 219 μετὰ
1128 183 1172 209 τὸν
1187 183 1292 217 πατέρα
1310 191 1359 216 μου
1375 182 1443 216 εἰμὶ,
1458 182 1503 208 καὶ
1517 181 1594 212 ἐκτὸς
1608 180 1654 208 τοῦ
1666 181 1771 216 πατρός
1784 190 1845 216 μοι.

1047 230 1105 265 εἰμί
1117 238 1124 244 ·
1138 230 1169 255 τὸ
1182 229 1210 255 δὲ
1229 229 1285 263 φῶς
1299 229 1332 254 ἐκ
1349 228 1395 254 τοῦ
1407 228 1480 263 ἡλίου
1491 229 1558 259 ἐστὶ,
1576 228 1623 253 καὶ
1634 227 1693 254 οὐδὲ
1707 228 1778 262 μετὰ
1792 228 1850 254 “rh;

1047 276 1132 311 ἥλιόν.
1145 276 1230 306 ἐστιν,
1255 274 1314 300 οὐδὲ
1328 274 1406 305 ἐκτὸς
1421 273 1467 300 τοῦ
1483 273 1557 309 ἡλίου
1581 275 1664 306 ἐστὶν,
1679 273 1747 300 ἀλλὰ
1765 274 1843 309 μετὲ

1048 321 1095 348 τοῦ
1108 321 1195 356 ἡλίου,
1211 321 1258 346 καὶ
1273 321 1301 346 ὲν
1315 320 1353 354 τῷ
1365 320 1441 355 ἡλίῳ,
1466 320 1512 345 καὶ
1528 320 1576 346 σὺν
1590 319 1628 354 τῷ
1653 319 1735 355 ἡλίῳ·
1757 320 1812 346 καὶ
1829 319 1857 382 ἡῘ

1050 367 1146 382 -.ωρι-
1173 368 1204 382 ι...
1220 367 1266 382 ,ηπ
1280 366 1364 382 nam.
1379 366 1433 382 an-3
1453 366 1491 382 1·ξὶ
1520 366 1563 382 ..-i
1578 365 1638 382 ..ι-..ε
1654 366 1722 382 ..ρ-ιι,
1737 366 1769 382 ..λ
1845 381 1848 382 ,

1049 367 1147 394 εὐωδία
1173 368 1204 393 ὲκ
1220 367 1266 392 τοῦ
1279 366 1364 402 μύρου
1379 366 1435 392 ἐστὶ
1453 366 1503 400 (3),
1520 366 1566 391 καὶ
1578 365 1638 392 οὔτε
1653 366 1722 401 μετὰ
1737 366 1770 392 τὸ
1786 366 1849 401 μῦ-

1051 422 1107 449 ρον,
1127 412 1189 439 οῦτε
1209 413 1286 444 ὲκτὺς
1312 412 1358 439 τοῦ
1377 412 1474 447 μύρου,
1492 412 1560 438 ἀλλὰ
1577 412 1645 447 μετὰ
1665 411 1712 437 τοῦ
1736 411 1848 447 μύρου,

1049 461 1096 487 καὶ
1110 461 1139 487 ὲν
1154 459 1192 494 τῷ
1210 459 1298 494 μύρῳ,
1315 458 1362 484 καὶ
1384 459 1432 485 σὺν
1448 458 1487 493 τῷ
1503 457 1596 493 μύρῳ·
1611 457 1697 484 καὶτὸ
1713 458 1788 484 νοεῖν
1809 458 1848 485 ὲκ

1049 505 1097 532 τοῦ
1112 505 1157 531 νοῦ
1172 506 1240 536 ἐστι,
1255 505 1301 531 καὶ
1315 503 1374 531 οὒτε
1389 504 1458 539 μετὰ
1470 504 1515 530 τὸν
1529 504 1602 536 νοῦν,
1616 503 1676 530 οὔτε
1695 504 1774 535 ἐκτὸς
1789 503 1849 531 τοῦ

1049 550 1106 582 νοῦ,
1127 550 1194 577 ἀλλὰ
1217 549 1285 585 μετὰ
1297 549 1342 576 τοῦ
1360 549 1417 581 νοῦ,
1431 550 1477 576 καὶ
1506 550 1534 575 ὲν
1547 549 1586 584 τῷ
1606 549 1653 585 νῷ,
1669 550 1715 576 καὶ
1732 551 1782 576 σὺν
1803 550 1850 585 τῷ

1050 595 1164 631 νῷ·καὶ
1185 595 1215 621 τὸ
1230 595 1316 621 θέλειν
1342 594 1374 621 ἐκ
1392 594 1439 621 τοῦ
1464 593 1585 625 θέλοντός
1608 594 1676 625 ἐστι,
1696 593 1743 620 καὶ
1775 593 1847 619 οὔτε

1051 642 1127 673 ἐκτὸς
1145 641 1191 667 τοῦ
1218 640 1350 672 θέλοντος,
1371 639 1433 666 οὔτε
1454 639 1522 675 μετὰ
1546 639 1591 666 τὸν
1618 639 1737 672 θέλοντα,
1769 639 1846 666 ἀλλὰ

1054 687 1121 723 μετὰ
1140 687 1187 713 τοῦ
1210 686 1341 719 θέλοντος,
1355 687 1402 713 καὶ
1413 687 1443 713 ὲν
1469 686 1508 721 τῷ
1532 685 1644 717 θέλοντι,
1669 685 1717 712 καὶ
1735 686 1785 712 σὺν
1801 685 1847 721 τῷ

1053 733 1172 760 θέλοντι·
1199 732 1245 759 καὶ
1269 734 1286 768 ὴ
1314 733 1394 766 σοφία
1431 732 1463 758 ὲκ
1496 731 1542 758 τοῦ
1575 730 1656 765 σοφοῦ
1689 731 1746 756 ἔστι
1762 752 1768 761 ,
1794 731 1848 757 καὶ

1051 778 1112 806 οὔτε
1142 778 1210 814 μετὰ
1223 778 1267 804 τὸν
1284 777 1374 812 σοφὸν,
1391 776 1453 803 οὔτε
1478 777 1556 808 ἐκτὸς
1579 777 1626 803 τοῦ
1653 777 1746 811 σοφοῦ,
1769 776 1846 803 ἀλλὰ

214 828 302 856 neque
315 825 377 856 post
390 825 538 856 potentem,
554 829 642 856 neque
667 825 745 849 extra
762 825 900 856 potentem
913 841 921 852 ,
947 820 994 848 sed

1053 824 1122 859 μετὰ
1136 824 1182 850 τοῦ
1200 823 1280 857 σοφοῦ
1296 823 1378 858 (4-5).
1398 823 1445 849 καὶ
1463 823 1492 848 ὲν
1513 821 1551 858 τῷ
1569 823 1652 858 σοφῷ,
1669 823 1716 849 καὶ
1732 822 1781 849 σὺν
1801 822 1847 857 τῷ

215 867 243 894 in
262 871 381 902 potente,
399 872 427 894 et
438 868 520 895 simul
537 872 618 902 atque
633 873 739 903 potens,
757 872 784 895 et
798 875 861 895 cum
877 871 995 903 potente.

214 911 261 939 Sic
274 912 358 948 igitur
370 912 468 940 Filium
481 921 590 948 quoque
605 913 651 940 Dei
667 921 700 941 ex
715 913 771 941 Deo
791 921 854 942 esse
869 913 999 949 intelligi-

214 965 286 990 mus,
302 962 330 984 at
354 967 409 986 non
430 964 492 994 post
509 959 605 992 Deum,
623 967 712 994 neque
737 964 814 987 extra
830 959 930 992 Deum,
951 960 999 988 sed

214 1003 297 1031 simul
312 1009 393 1040 atque
412 1004 495 1039 Deus,
507 1009 534 1033 et
549 1006 577 1032 in
589 1005 655 1039 Deo,
671 1009 698 1032 et
715 1013 777 1033 cum
793 1005 858 1033 Deo.

1053 870 1142 905 σοφῷ·
1156 870 1203 896 καὶ
1219 871 1235 905 ή
1249 869 1361 905 δύναμις
1377 870 1408 895 ἐκ
1427 869 1474 895 τοῦ
1489 869 1612 901 δυνατοῦ,
1630 870 1676 896 καὶ
1691 869 1750 895 οὔτε
1770 868 1846 902 μετὰ

1051 916 1096 942 τὸν
1119 915 1240 947 δυνατὸν,
1267 914 1328 940 οὔτε.
1357 914 1434 946 ἐκτὸς
1467 914 1512 940 τοῦ
1529 914 1651 945 δυνατοῦ,
1674 913 1731 940 ἀλλ’
1755 914 1785 939 ὲν
1801 912 1846 947 τῷ

1052 960 1168 995 δυνατῷ,
1183 960 1229 986 καὶ
1245 961 1313 995 μετὰ
1338 960 1385 986 τοῦ
1398 959 1522 992 δυνατοῦ,
1538 960 1585 986 καὶ
1603 960 1650 986 σὺν
1669 959 1708 995 τῷ
1722 959 1843 994 δυνατῷ.

1053 1006 1130 1033 Οὕτω
1160 1006 1249 1032 τοίνυν
1275 1005 1322 1032 καὶ
1344 1005 1389 1032 τὸν
1412 1005 1475 1031 Υἱὺν
1494 1005 1541 1031 τοῦ
1564 1005 1630 1031 Θεοῦ
1651 1006 1681 1031 ὲκ
1706 1004 1752 1031 τοῦ
1770 1004 1845 1031 Θεοῦ

214 1051 345 1087 νοοῦμεν,
370 1052 418 1079 καὶ
441 1053 472 1079 οὐ
500 1053 569 1089 μετὰ
595 1053 640 1080 τὸν
663 1053 745 1086 Θεὸν,
770 1053 832 1080 οὔτε
857 1054 935 1085 ὲκτὺς
958 1053 1005 1080 τοῦ
1024 1053 1103 1086 Θεοῦ,
1117 1053 1185 1080 ἀλλὰ
1203 1053 1272 1088 μετὰ
1289 1052 1336 1079 τοῦ
1350 1052 1427 1085 Θεοῦ,
1443 1053 1491 1079 καὶ
1512 1053 1541 1079 ὲν
1554 1052 1592 1088 τῷ
1610 1051 1678 1087 Θεῷ,
1710 1051 1759 1078 καὶ
1791 1051 1846 1078 cria

214 1097 253 1133 τῷ
265 1098 334 1134 Θεῷ.

249 1146 277 1173 Ξ.
297 1147 392 1174 Anam.
406 1147 441 1174 At
467 1147 610 1183 splendor,
626 1152 654 1176 et
665 1149 828 1184 intelligere,
840 1152 867 1176 et
878 1149 957 1181 velle,
969 1151 997 1176 et

214 1190 366 1224 sapientia,
391 1196 418 1218 et
447 1194 586 1227 potentia,
616 1201 672 1221 non
695 1198 759 1222 sunt
791 1195 942 1221 substantia
968 1194 997 1220 in

213 1243 275 1263 sese
287 1237 449 1265 subsistens.
468 1237 553 1266 Filius
570 1239 618 1266 Dei
635 1247 700 1267 vero
713 1244 756 1267 est
776 1240 930 1267 substantia
942 1261 950 1272 ,
968 1240 997 1267 in

213 1289 263 1308 sua
278 1284 388 1317 propria
403 1284 553 1320 hypostasi.
564 1284 678 1312 Ortth
692 1286 745 1313 hoc
755 1293 862 1320 quoque
878 1285 998 1312 conferri

214 1335 278 1355 cum
293 1329 353 1364 ipso
372 1335 510 1365 nequeunt
533 1332 658 1366 corporei
679 1332 743 1363 ﬁlii,
760 1332 833 1367 quod
849 1331 921 1359 ﬁlius
937 1331 1000 1366 qui-

214 1373 276 1399 dem
292 1381 352 1401 squ
369 1382 419 1410 ego
439 1376 525 1410 patris
542 1376 662 1408 mei,sed
674 1384 728 1403 non
743 1384 804 1403 sum
816 1378 877 1412 ejus
892 1377 1002 1411 sapien-

214 1418 266 1450 tia,
282 1427 371 1454 neque
386 1427 448 1447 sum
460 1421 521 1456 ejus
538 1422 658 1456 potentia
669 1442 676 1454 ,
695 1430 783 1457 neque
799 1430 860 1450 sum
877 1423 938 1458 ejus
954 1430 1003 1449 vo-

215 1464 316 1498 luntas,
332 1473 421 1501 neque
445 1475 506 1494 sum
522 1468 582 1502 ejus
601 1469 714 1496 verbum
727 1489 734 1501 ,
760 1476 849 1504 neque
863 1477 924 1496 sttm
940 1469 1000 1503 ejus
1014 1485 1036 1515 ο

215 1512 355 1546 splendor,
378 1521 467 1548 neque
493 1522 554 1541 sum
582 1514 609 1541 in
636 1514 696 1550 ipso
714 1514 794 1542 Patre
818 1523 889 1543 meo.
919 1514 1000 1542 Pater

214 1558 274 1592 ipse
287 1566 343 1585 non
356 1563 398 1586 est
415 1559 443 1586 in
460 1567 514 1591 me,
528 1567 580 1587 nec
597 1560 668 1588 sicut
694 1565 823 1595 operatur
845 1560 937 1593 Pater,
950 1568 1001 1596 ego

213 1612 331 1639 operor:
347 1605 433 1634 Filius
447 1606 494 1634 Dei
510 1615 575 1634 vero
591 1615 646 1634 non
660 1612 766 1634 tantum
782 1611 824 1636 est
839 1607 937 1641 Filius,
953 1607 1001 1635 sed

172 1674 174 1677 .
213 1650 296 1677 etiam
310 1652 449 1685 potentia,
477 1657 503 1678 et
526 1653 717 1690 sapientiaqet
735 1652 870 1685 Verbum,
899 1659 926 1680 et
952 1661 1002 1680 vo-

215 1695 317 1728 luntas,
330 1700 357 1724 et
367 1697 507 1732 splendor,
521 1703 550 1724 ut
564 1706 597 1725 ex
609 1706 652 1730 eo,
670 1699 741 1733 quod
756 1699 791 1726 sit
808 1698 906 1731 Filius,
920 1699 1002 1727 intel-

215 1742 314 1776 ligatur
337 1744 411 1778 quod
427 1744 462 1771 sit
474 1744 602 1778 quiddam
618 1745 645 1771 in
660 1753 720 1772 sese
735 1745 887 1772 subsistens
902 1755 908 1772 :
924 1750 951 1772 et
967 1753 1001 1772 ex

213 1794 257 1818 eo,
271 1787 343 1821 quod
357 1791 398 1814 est
414 1789 558 1822 sapientia,
572 1794 599 1816 et
618 1790 754 1823 potentia.
774 1793 801 1816 et
824 1789 954 1821 Verbum,
972 1794 1000 1817 et

215 1832 352 1865 voluntas,
368 1836 394 1859 et
415 1833 550 1867 splendor,
567 1835 732 1870 intelligatur
745 1835 810 1861 illud
835 1836 907 1869 quod
920 1835 1001 1863 simul

213 1881 296 1913 atque
307 1877 397 1912 Pater,
413 1883 439 1906 et
452 1881 479 1906 in
492 1880 582 1912 Patre,
597 1886 623 1908 et
633 1889 695 1908 cum
709 1881 789 1908 Patre
801 1882 845 1913 sit,
857 1889 943 1916 neque
957 1890 1000 1910 se-

213 1923 335 1955 cundus,
359 1923 387 1950 id
400 1927 443 1951 est
468 1932 555 1959 neque
580 1929 642 1960 post
664 1925 782 1953 Patrem.
799 1934 887 1961 neque
917 1931 998 1955 extra

214 1967 332 1997 Patrem.
348 1968 495 2003 Propterea
514 1970 587 1997 enim
603 1971 702 1998 clamat
717 1972 859 2006 propheta,
884 1973 997 2000 dicens:

215 2023 226 2040 ι
247 2013 368 2046 Domine,
386 2014 456 2042 Deus
480 2020 573 2043 noster
585 2037 592 2049 ,
624 2017 659 2044 da
682 2018 761 2045 nobis
779 2025 891 2052 pacem:
909 2019 1000 2046 omnia

214 2058 287 2086 enim
304 2059 404 2086 dedisti
427 2061 517 2087 nobis.
533 2061 646 2089 Domine
658 2082 666 2094 ,
689 2062 761 2090 Deus
777 2067 870 2090 noster
882 2084 889 2095 ,
916 2064 1000 2091 alium

212 2110 289 2133 extra
301 2109 328 2132 te
340 2113 394 2132 non
409 2107 534 2135 novimus
548 2107 581 2134 δ’.
598 2117 607 2134 ι
625 2107 679 2135 Nec
700 2109 772 2136 enim
791 2113 869 2136 extra
886 2109 996 2136 Patrem

1085 1145 1112 1172 2.
1133 1145 1233 1178 ’Δγ-ὀμ.
1262 1142 1342 1170 Ἀλλὰ
1369 1143 1400 1169 τὸ
1416 1142 1600 1178 ἀπαύγασμα,
1628 1143 1675 1170 καὶ
1703 1144 1733 1170 τὸ
1750 1146 1842 1177 νοεῖν,

1048 1191 1097 1217 καὶ
1112 1190 1142 1216 τὺ
1155 1189 1252 1221 θέλειν,
1273 1189 1346 1224 καὶὴ
1364 1189 1455 1223 σοφία,
1471 1190 1517 1216 καὶ
1537 1189 1688 1224 ἡδύναμις,
1704 1190 1753 1216 οὐκ
1764 1190 1843 1217 ἔστιν

1050 1237 1127 1263 οὐσία
1145 1236 1324 1267 ὲνυπόστατος
1338 1243 1345 1250 '
1358 1236 1372 1261 ὁ
1385 1235 1412 1261 δὲ
1431 1235 1493 1267 Υἱὸς
1510 1235 1555 1261 τοῦ
1576 1235 1642 1261 Θεοῦ
1665 1236 1744 1263 ουσία
1765 1237 1842 1263 ἐστὶν

1050 1282 1079 1308 ὲν
1093 1281 1146 1317 ἰδίᾳ
1173 1281 1328 1307 ὑποστάσει.
1351 1281 1427 1315 Ὀρθ.
1445 1281 1500 1307 Καὶ
1521 1281 1548 1307 ὲν
1562 1281 1648 1316 τούτῳ
1665 1281 1720 1308 τῶν
1744 1290 1841 1317 σωμα-

1050 1327 1134 1353 τικῶν
1146 1327 1211 1353 υίῶν
1223 1327 1254 1353 τὸ
1270 1326 1432 1362 ἀσύγκριτον
1447 1327 1514 1362 ἔχει,
1530 1328 1571 1353 ὅτι
1593 1326 1648 1361 ἐγὼ
1659 1327 1718 1362 μὲν,
1729 1328 1787 1359 υίὸς
1801 1327 1842 1354 ὣν

1050 1372 1102 1399 ’τοῦ
1132 1372 1234 1408 πατρός
1263 1380 1325 1407 μου,
1340 1372 1390 1398 οὐκ
1420 1373 1477 1406 εἰμὶ
1493 1372 1576 1398 αὑτοῦ
1591 1372 1681 1406 σοφία,
1710 1372 1760 1399 οὐκ
1780 1373 1842 1408 εἰμὶ

1055 1418 1136 1444 αὑτοῦ
1160 1417 1298 1453 δύναμις,ς
1310 1418 1359 1444 οὐκ
1385 1418 1442 1452 εἰμὶ
1470 1417 1552 1444 αὑτοῦ
1581 1417 1696 1453 θέλημα,
1717 1418 1768 1444 οὐχ
1781 1419 1842 1454 εἰμὶ

1054 1464 1136 1491 αὑτοῦ
1156 1464 1243 1498 λόγος,
1272 1465 1321 1491 οὐκ
1347 1464 1404 1500 εἰμὶ
1420 1464 1500 1491 αὑτοῦ
1514 1465 1692 1500 ἀπαύγασμα,
1706 1465 1756 1491 οὐκ
1779 1466 1840 1501 εἰμὶ

1052 1511 1081 1536 ὲν
1101 1510 1175 1544 αὐτῷ
1206 1509 1244 1545 τῷ
1269 1510 1352 1544 πατρί
1380 1518 1440 1544 μου.
1460 1510 1517 1536 Οὐκ
1538 1509 1618 1541 αὐτὸς
1638 1510 1652 1536 ὁ
1674 1511 1763 1546 πατήρ
1787 1519 1840 1545 μου

1051 1556 1081 1582 ὲν
1092 1556 1163 1590 ἐμοὶ,
1179 1556 1208 1581 οὐ
1224 1555 1316 1587 καθὼς
1332 1556 1346 1581 ὀ
1362 1556 1453 1591 πατήρ
1469 1564 1518 1590 μου
1535 1554 1688 1590 ἐργάζεται,
1705 1556 1781 1590 κάγὼ
1794 1557 1841 1592 ἑρ-

1051 1602 1170 1638 γάζομαι
1183 1611 1189 1617 ”
1203 1603 1217 1628 ὁ
1233 1602 1261 1629 δὲ
1284 1601 1330 1628 τοῦ
1345 1601 1411 1628 Θεοῦ
1433 1602 1496 1634 Υἱὸς
1513 1602 1542 1628 οὐ
1570 1602 1650 1638 μόνον
1675 1602 1748 1629 ἐστὶν
1763 1603 1837 1635 Υἱὸς,

1052 1649 1119 1676 ἀλλὰ
1128 1649 1175 1675 καὶ¹
1187 1648 1310 1684 δύναμις,
1327 1648 1373 1674 καὶ
1383 1647 1473 1682 σοφία,
1489 1648 1537 1674 καὶ
1550 1648 1646 1682 Λόγος,
1660 1647 1707 1674 καὶ
1721 1647 1837 1683 θέλημα,

1052 1696 1099 1722 καὶ
1129 1694 1309 1729 ἀπαύγασμα,
1330 1694 1374 1720 ἴνα
1392 1693 1446 1720 ἀπὸ
1465 1693 1512 1719 τοῦ
1529 1691 1598 1719 εἶναι
1611 1693 1684 1725 Υἱὸς,
1698 1693 1727 1720 τὸ
1742 1693 1838 1720 ὲνυπό-

1052 1749 1148 1767 στατον
1159 1740 1241 1776 νοηθῇ
1251 1748 1258 1755 ο
1277 1741 1324 1766 καὶ
1335 1740 1388 1766 ἀπὸ
1404 1739 1450 1765 τοῦ
1465 1737 1533 1766 εἶναι
1550 1740 1640 1774 σοφία,
1654 1740 1701 1766 καὶ
1711 1739 1834 1774 δύναμις,

1051 1787 1099 1813 καὶ
1125 1786 1221 1820 Λόγος,
1236 1786 1283 1812 καὶ
1301 1786 1414 1821 θέλημα,
1445 1786 1491 1812 καὶ
1511 1785 1690 1820 ἀπαύγασμα,
1715 1786 1757 1811 τὸ(
1770 1785 1837 1820 μετὰ

1051 1832 1098 1859 τοῦ
1126 1832 1242 1867 Πατρδς,
1263 1832 1309 1858 καὶ
1331 1833 1360 1858 ὲν
1382 1831 1420 1866 τῷ
1435 1831 1533 1866 Πατρὶ,
1550 1832 1596 1858 καὶ
1610 1832 1658 1858 σὺν
1679 1831 1718 1866 τῷ
1750 1832 1836 1867 Πατρὶ

1051 1878 1145 1913 νοηθῇ,
1162 1878 1208 1904 καὶ
1232 1878 1263 1904 οὐ
1288 1877 1422 1912 δεύτερος,
1455 1877 1515 1903 οὐδὲ
1546 1877 1614 1912 μετὰ
1645 1877 1690 1904 τὸν
1717 1877 1834 1913 Πατέρα,

1051 1923 1112 1949 οὐδὲ
1135 1923 1213 1955 ἐκτὸς
1238 1922 1284 1949 τοῦ
1310 1923 1423 1958 Πατρός.
1447 1922 1495 1948 Διὰ
1512 1922 1565 1958 γὰρ
1580 1922 1656 1948 τοῦτο
1673 1922 1721 1957 βοᾷ
1740 1923 1754 1948 ὁ
1770 1931 1835 1958 προ-

1051 1971 1150 2006 φήτης,
1169 1969 1274 2003 λέγων·
1293 1977 1302 1994 ‹
1321 1968 1416 2004 Κύριε,
1433 1971 1446 1995 ὁ
1470 1969 1534 2000 Θεὸς
1553 1968 1646 2003 ἡμῶν,
1667 1969 1778 2004 εἰρήνην
1793 1969 1836 2000 δὸς

1051 2017 1117 2052 ἡμῖν
1128 2025 1134 2031 ·
1146 2018 1233 2042 πάντα
1241 2016 1295 2052 γὰρ
1308 2015 1449 2046 ἀπέδωκας
1461 2016 1535 2050 ἡμῖν.
1548 2015 1643 2051 Κύριε,
1653 2015 1666 2041 ὁ
1674 2015 1738 2046 Θεὸς
1749 2015 1834 2050 ἡμῶν,

1051 2063 1129 2094 me;
1154 2062 1200 2089 σοῦ
1227 2062 1304 2089 ἄλλον
1331 2062 1380 2087 οὐκ
1397 2061 1516 2095 οἴδαμεν.
1537 2071 1546 2087 ι
1565 2061 1601 2087 Οὐ
1616 2060 1670 2096 γὰρ
1693 2061 1771 2092 ἐκτὸς
1788 2060 1833 2086 τοῦ

1051 2108 1159 2144 Πατρὸς
1176 2108 1239 2140 Υἱὸς
1251 2107 1423 2143 γνωρίζεται,
1439 2106 1496 2132 ἀλλ’
1514 2107 1542 2132 ὲν
1558 2106 1596 2141 τῷ
1609 2106 1707 2141 Πατρὶ,
1726 2106 1773 2132 καὶ
1788 2106 1834 2132 σὺν

213 2148 298 2177 Filius
315 2152 501 2185 cognoscitur,
516 2152 564 2179 sed
580 2153 608 2179 in
627 2151 718 2186 Patre,
731 2158 757 2181 et
773 2162 835 2181 cum
852 2154 932 2182 Patre
945 2176 953 2188 ,
972 2160 998 2182 et

1053 2155 1092 2191 τῷ
1111 2156 1209 2190 [lat-.92,
1226 2155 1273 2181 καὶ
1283 2154 1340 2189 ἅμα
1354 2153 1392 2188 τῷ
1407 2153 1505 2188 Πατρὶ,
1520 2153 1557 2184 ὡς
1573 2152 1741 2187 ἀπαύγασμα
1748 2152 1832 2187 δόξης,

213 2195 295 2223 simul
310 2201 390 2231 atque
403 2197 493 2229 Pater,
507 2201 536 2224 ut
550 2199 677 2232 splendor
688 2199 791 2233 gloriae,
808 2204 837 2226 ut
850 2200 997 2227 character

213 2241 401 2277 hypostaseos,
420 2247 449 2270 ut
460 2245 593 2279 sapientia
608 2245 749 2280 sapientis.
766 2249 792 2272 et
808 2247 927 2280 potentia
945 2254 995 2280 po-

213 2288 307 2320 tentis,
324 2293 353 2314 ut
370 2288 486 2315 Verbum
511 2291 619 2317 mentis.
647 2291 741 2320 Anam.
761 2289 813 2317 Sed
845 2291 975 2326 splendor
989 2311 996 2323 ,

213 2335 283 2362 lucis
304 2343 359 2362 non
387 2339 428 2362 est
456 2336 547 2370 ﬁlius;
567 2337 721 2369 character,
747 2337 925 2373 hypostaseos
942 2346 998 2365 non

212 2383 254 2407 est
279 2380 376 2408 ﬁlius:
397 2381 549 2416 sapientia,
579 2383 710 2418 sapientis
742 2391 797 2410 non
835 2388 876 2410 est
909 2384 998 2417 lilius;

212 2425 346 2459 potentia,
375 2428 496 2460 potentis
519 2436 573 2455 non
599 2432 642 2456 est
666 2429 748 2456 ﬁlius.
778 2429 855 2456 (mh.
877 2428 999 2457 Potentis

211 2470 321 2504 quidem
346 2473 477 2506 potentia,
496 2481 551 2501 non
566 2479 608 2501 est
622 2475 681 2509 ejus
699 2474 789 2508 ﬁlius;
817 2483 867 2502 nec
890 2476 998 2510 sapien-

212 2516 248 2543 tis
269 2518 413 2552 sapientia,
427 2523 470 2546 est
483 2520 543 2554 ejus
559 2520 648 2554 ﬁlius;
673 2529 760 2555 neque
783 2521 896 2548 verbum
920 2529 998 2549 men-

211 2563 259 2597 tis,
283 2568 326 2593 est
341 2565 402 2601 ejus
423 2566 509 2598 ﬁlius;
538 2574 626 2602 neque
653 2567 782 2602 splendor
815 2567 925 2602 gloriae,
955 2571 996 2596 est

247 2665 270 2682 δ’
289 2665 341 2694 lsa.
355 2673 428 2699 xxvi,
448 2667 490 2700 l2,
508 2668 548 2694 13.

199 2806 204 2811 _
247 2767 287 2803 (ὅ)
307 2767 353 2796 Sie
371 2776 438 2796 mss.
455 2768 483 2796 In
494 2768 574 2797 editis
591 2776 654 2796 vero
673 2769 731 2795 ἐστί
745 2768 830 2796 deest.

1047 2201 1085 2233 ὡς
1102 2200 1244 2236 χαρακτὴρ
1259 2199 1442 2230 ὑποστάσεως,
1457 2199 1494 2229 ὡς
1508 2198 1587 2233 σοφία
1603 2198 1695 2232 σοφοῦ,
1709 2198 1745 2229 ὡς
1757 2198 1830 2225 δύνα-

1050 2257 1094 2284 μις
1103 2246 1227 2279 δυνατοῦ,
1244 2247 1282 2278 ὼς
1297 2246 1381 2280 Λόγος
1402 2245 1458 2272 νοῦ.
1483 2246 1582 2280 Ἀνέμ.
1606 2245 1686 2271 Ἀλλὰ
1700 2245 1730 2271 τὸ
1747 2246 1830 2272 ἀπαύ-

1048 2303 1141 2329 γασμα
1157 2293 1203 2320 τοῦ
1224 2294 1311 2328 φωτὸς
1339 2292 1397 2323 υἱὸς
1419 2292 1468 2318 οὐκ
1492 2291 1564 2318 ἐστιν
1578 2300 1585 2306 ’
1603 2292 1617 2317 ό
1633 2291 1772 2327 χαρακτὴρ
1785 2291 1829 2326 τῆς

1052 2339 1228 2370 ὑποστάσεως
1242 2339 1298 2370 υίὸς
1311 2339 1360 2364 οὐκ
1377 2338 1465 2364 ἔστιν·
1479 2338 1494 2372 ή
1515 2337 1594 2372 σοφία
1611 2337 1657 2364 τοῦ
1680 2337 1761 2371 σοφοῦ
1779 2337 1830 2368 υἱὸς

1049 2386 1100 2411 οὐκ
1124 2385 1213 2411 ἔστιν·
1237 2385 1380 2420 ήδύναμις
1396 2384 1442 2410 τοῦ
1467 2383 1580 2410 δυνατοῦ
1603 2384 1661 2415 υἱὸς
1682 2384 1731 2410 οὐκ
1752 2383 1828 2411 ἔστιν.

1057 2430 1135 2463 Ὀρθ.
1156 2429 1209 2456 Τοῦ
1240 2430 1289 2465 μὲν
1310 2429 1422 2456 δυνατοῦ
1444 2428 1585 2464 ὴδύναμις
1599 2429 1649 2455 οὐκ
1668 2429 1740 2454 ἔστιν
1754 2428 1829 2455 αὐτοῦ

1050 2476 1124 2507 υἱός·
1141 2475 1188 2502 καὶ
1212 2476 1229 2510 ὴ
1253 2475 1333 2509 σοφία
1353 2474 1400 2500 τοῦ
1421 2474 1504 2508 σοφοῦ
1516 2474 1566 2500 οὐκ
1577 2473 1649 2500 ἔστιν
1662 2473 1743 2500 αὐτοῦ
1761 2474 1827 2505 υἱός-

1048 2521 1096 2547 καὶ
1121 2522 1135 2548 ὁ
1150 2520 1228 2554 λόγος
1254 2519 1300 2546 τοῦ
1327 2519 1373 2546 νοῦ
1388 2520 1437 2545 οὐκ
1456 2519 1528 2545 ἐστιν
1549 2518 1630 2545 αὑτοῦ
1651 2519 1726 2549 υἱός·
1741 2519 1785 2545 καὶ
1802 2518 1829 2544 τὸ

1049 2562 1218 2602 ἀπαύγασμα
1229 2566 1278 2601 τῆς
1292 2566 1370 2600 δόξης
1384 2566 1433 2591 οὐκ
1448 2564 1520 2591 ἐστιν
1536 2565 1619 2600 αὐτῆς
1637 2564 1708 2595 υἱός·
1720 2565 1735 2591 ὁ
1747 2564 1775 2591 δὲ
1786 2564 1828 2591 τοῦ

1083 2767 1152 2802 (4-5)
1171 2766 1250 2801 Mss,
1267 2767 1323 2794 ἀλλ’
1337 2767 1369 2793 ἐκ
1380 2766 1426 2793 τοῦ
1440 2766 1533 2799 σοφοῦ.
