1926 3067
95 145 162 172 “Gl

585 143 628 170 DE
647 143 782 171 SANCTA
800 141 988 171 TRINITATE
1008 139 1181 169 DIALOGUS
1200 140 1231 168 ΙΙ.

1637 138 1706 167 1162

95 200 164 227 Θεοῦ
191 201 254 232 Tib;
272 201 319 228 καὶ
335 201 398 233 Υἱός
414 202 471 228 ἐστι
485 201 531 228 τοῦ
544 200 610 228 Θεοῦ
623 202 669 228 καὶ
683 201 767 235 Λόγος
783 200 876 232 αὐτοῦ,

942 199 989 234 jus
1020 199 1113 227 illius:
1136 199 1183 227 sed
1200 198 1248 226 Dei
1268 197 1371 230 Filius.
1393 201 1421 225 et
1444 196 1528 225 Filius
1553 201 1595 226 est
1617 196 1664 225 Dei
1683 201 1711 225 et

95 247 144 274 καὶ
158 247 220 279 Υιός
245 247 302 274 ἐστι
314 247 361 274 τοῦ
388 247 469 282 σοφοῦ
480 248 527 275 καὶ
548 247 628 282 σοφία
641 247 733 279 αὑτοῦ,
747 247 793 274 καὶ
816 247 879 278 Υἱός

95 295 155 320 ἐστι
176 293 222 320 τοῦ
242 293 365 324 δυνατοῦ.
382 295 429 320 καὶ
453 293 566 329 δύναμις
584 294 664 320 αὑτοῦ
682 295 749 320 ἐστι.
770 294 824 320 Καὶ
836 293 881 320 διὰ

96 339 185 371 τοῦτο,
203 339 266 366 Υἰὺν
279 339 432 372 ἀκούοντες,
448 339 478 366 τὸ
493 340 672 366 ἐνυπόστατον
686 339 798 375 νοοῦμεν
808 347 814 353 ·
832 339 880 366 καὶ

95 384 211 420 δύναμιν
237 385 390 417 ἀκούοντες,
406 386 451 412 καὶ
468 385 562 419 Λόγον,
579 385 626 412 καὶ
644 385 751 420 σοφίαν,
767 385 798 412 τὺ
810 384 881 420 ἀχώ-

99 438 189 465 ριστον
203 431 250 457 καὶ
266 431 398 458 cumam
411 431 618 466 ἐπαιδεύθημεν.

134 517 161 544 5.
180 517 277 553 Ἀνόμ.
294 519 369 554 ’Ἅμα
380 516 426 546 οὖν
448 519 537 554 λέγεις
558 520 689 555 ὑπάρχειν
708 521 817 556 Πατέρα.
837 521 883 548 χαὶ

100 564 183 601 ΪὶόῊ
210 564 286 597 Ὀρθ.
303 564 378 600 ’Ἅμα
406 564 485 599 λέγω.
509 566 606 600 Ἀνόμ.
636 566 688 593 Δύο
708 565 753 594 οὖν
764 567 884 602 ἀγένητα

99 610 207 645 λέγειςς
227 611 302 645 Ὀρθ.
333 611 403 646 Ἐγὼ
429 612 536 648 Πατέρα
560 613 606 639 καὶ
620 613 683 640 Υἱὸν
706 613 795 648 λέγω·
809 614 836 640 τί
855 614 884 640 δέ

99 657 174 683 ἐστιν
186 656 325 692 ἀγένητον,
333 658 382 684 οὐκ
393 657 532 694 ἐδιδάχθην
542 659 595 686 ἀπὸ
606 659 659 686 τῶν
671 659 749 686 θείων
759 661 779 686 Γ
781 660 882 696 ραφῶν.

106 703 204 737 ’Λνόμ
229 704 285 730 Οὐκ
308 704 380 731 ἔστιν
404 703 450 732 οὗν
468 705 690 740 ὁμολογούμενον,
704 707 745 733 ὅτι
761 707 775 733 6
791 707 884 742 Πατὴρ

98 748 145 775 τοῦ
167 750 284 785 Χριστοῦ
308 751 358 777 οὐκ
378 751 434 777 ἐστι
454 751 582 786 γενητόςς
605 752 681 786 Ὀρθ.
709 753 886 789 Ὠμολόγηται

100 796 148 822 καὶ
165 797 230 832 παρ’
249 797 327 832 ἐμοῦ.
349 798 448 832 Ἀνόμ.
472 798 500 824 '0
514 798 541 824 δὲ
555 799 592 834 μὴ
603 798 721 833 γεγονὼς
733 799 780 826 καὶ
796 800 885 835 ὑπάρ-

100 851 156 877 χων
184 842 322 877 ἀγενήτως
337 843 470 879 ὑπάρχει·
494 844 624 880 ἀγένητος
641 845 703 880 ἄρα.
732 845 809 879 Ὀρθ.
825 845 886 872 ’Ὁτι

102 888 152 922 μὲν
168 887 217 914 οὐκ
227 889 343 922 ἐγένετο,
359 887 415 916 οἶδα
425 898 431 904 ·
445 890 574 925 ἀγένητον
586 890 612 917 δὲ
632 890 710 917 αὐτὸν
727 890 826 926 λέγειν,
837 892 888 918 οὐκ

101 932 242 968 ἐδιδάχθην
250 933 357 968 ὑπὸτῆς
370 933 444 966 θείας
453 935 572 970 Γραφῆς,
582 935 649 962 ἀλλὰ
657 936 777 972 Πατέρα.
787 937 884 972 Ἀνόμ.

102 978 134 1005 Εἰ
149 979 198 1006 οὐκ
208 979 315 1014 ἐγένετο
328 981 342 1006 6
354 979 481 1016 ὑπάρχων
492 981 544 1014 πρὸ
555 981 608 1007 τῶν
619 981 733 1013 αίώνων,
749 983 887 1018 ἀγενήτως

103 1024 236 1061 ὑπάρχει’
260 1026 274 1052 6
301 1025 329 1052 δὲ
348 1027 486 1061 ἀγενήτως
506 1027 635 1063 ὑπάρχων
651 1028 782 1063 ἀγένητύς
801 1029 886 1057 ἐστιν.

109 1071 185 1106 Ὀρθ,
208 1072 277 1098 Ἀλλ’
299 1073 348 1099 οὐκ
371 1070 446 1099 εἶπεν
461 1074 476 1108 ἠ
494 1073 586 1108 Γραφὴ
602 1074 632 1100 τὸ
646 1074 786 1109 ἀγένητον.
803 1075 834 1101 τὸ
859 1075 887 1102 δὲ

103 1117 212 1154 Πατέρα
237 1118 316 1145 αὑτὸν
329 1116 397 1146 εἶναι
421 1116 491 1147 εἷπε.
508 1120 624 1146 Κάκεῐνο
640 1119 722 1154 λέγω,
736 1120 750 1147 ὃ
764 1121 780 1157 ή
793 1121 888 1156 Γραφὴ

102 1161 175 1196 εἷπε,
191 1164 236 1190 καὶ
251 1164 310 1199 οὐχὶ
326 1164 340 1190 ὅ
351 1165 384 1200 τῇ
399 1165 488 1200 ἐννοίᾳ
501 1165 555 1191 τῶν
568 1165 719 1202 ἀνθρώπων
732 1166 888 1193 ὑποπίπτει.

103 1209 159 1235 Καὶ
173 1209 228 1245 γὰρ
242 1209 279 1245 (6)
294 1209 360 1237 ἄλλα
379 1210 464 1238 πολλὰ
473 1212 557 1242 ἐστιν,
575 1211 593 1238 ὃ.
609 1213 667 1242 ταῖς
681 1211 795 1243 ἐννοίαις
811 1211 889 1248 ἡμῶν

103 1254 261 1287 ὑποπίπτει,
291 1255 339 1282 καὶ
363 1255 401 1287 ὼς
426 1255 538 1291 ἀπρεπῆ
553 1255 640 1290 λέγειν
652 1255 721 1282 αὐτὰ
737 1256 801 1291 περὶ
823 1255 889 1283 Θεοῦ

104 1300 320 1336 παραιτούμεθα,
343 1301 434 1337 ἐπειδὴ
455 1302 514 1328 οὐδὲ
537 1303 554 1337 ἡ
568 1302 588 1328 Γ
591 1302 663 1338 ραφὴ
684 1300 768 1328 εἶπεν.
791 1302 889 1337 Ἀνιψ.

103 1343 182 1378 οἷονς
202 1346 239 1378 ὡς
263 1347 290 1373 τί
313 1347 382 1375 είπὲ.
403 1348 479 1382 Ὀρθ.
493 1347 554 1373 ’Ότι
572 1349 652 1383 ἡμεῖς
672 1347 809 1383 εὐχόμεθα
829 1355 892 1383 προ‹

106 1393 218 1419 κόπτειν
234 1392 279 1420 ἐπί
295 1402 321 1419 τι
336 1393 456 1428 βέλτιον,
473 1393 552 1428 δῆλόν
579 1395 669 1421 ἐστιν’
695 1394 709 1420 ὁ
725 1394 753 1420 δὲ
777 1394 843 1427 Θεὸς
860 1394 890 1420 οὐ

105 1438 269 1472 προκόπτει·
287 1437 362 1464 οὐδὲν
385 1437 438 1474 γὰρ
467 1438 542 1473 αὐτῷ
565 1438 665 1465 λείπει.
686 1430 780 1473 Ἄνόμ.
809 1439 892 1466 Οὐδὲν

105 1483 178 1519 αὑτῷ
206 1483 302 1510 λείπει.
333 1485 409 1518 ’ορθ.
437 1484 473 1510 Οὐ
497 1484 591 1520 χρείαν
614 1483 660 1511 οὖν
687 1485 741 1520 ἔχει
765 1484 811 1512 τοῦ
827 1493 892 1520 προ-

103 1528 225 1555 )ὠπτειν.
241 1529 339 1563 Ἀπί-ὀμ,
358 1529 394 1554 Οὐ
403 1528 496 1564 χρείαν
513 1528 577 1564 ἔχει.
599 1528 676 1562 Ὀρθ.
692 1528 785 1559 Οὐδεὶς
802 1528 889 1563 ἡμῶν,

104 1573 185 1600 διὰτὸ
199 1574 236 1609 μὴ
250 1573 413 1609 προκόπτειν
423 1573 512 1605 αὑτὸν,
530 1571 703 1610 ἀπρόκοπτον
718 1574 888 1609 λέγειαὺτὺν,

105 1618 162 1646 ἀλλ’
175 1619 212 1650 ὡς
226 1618 337 1651 ἀναξίαν
357 1619 403 1646 τοῦ
420 1619 487 1646 Θεοῦ
502 1619 550 1655 τὴν
567 1620 657 1655 φωνὴν
674 1620 888 1656 παραιτούμεθα.

106 1665 198 1697 οὕτως
209 1665 268 1692 οὐδὲ
281 1665 310 1692 τὸ
323 1665 452 1701 ἀγένητον
461 1665 534 1699 ἄξιον
547 1663 670 1692 εἷναιτοῦ
681 1665 747 1693 Θεοῦ
759 1666 873 1702 λέγομεν
881 1675 887 1682 ·

107 1711 131 1738 εί
145 1711 198 1747 γὰρ
211 1710 244 1748 ἧν
261 1711 344 1744 ἄξιον,
362 1709 437 1738 εἶπεν
451 1711 484 1738 ἂν
494 1712 559 1738 αὐτὶ)
574 1713 590 1747 ἡ
605 1711 662 1738 θεία
677 1711 781 1748 Γραφή.

930 246 989 280 ejus
1004 243 1133 276 Verbum,
1147 248 1174 272 et
1185 244 1271 272 Eilius
1284 249 1326 272 est
1338 243 1470 279 sapientis
1486 243 1582 279 eteius
1599 243 1709 279 sapien-

931 291 978 323 tia,
992 296 1019 318 et
1036 290 1120 318 Filius
1140 291 1183 319 εει
1200 290 1319 325 potentis
1332 294 1360 318 et
1373 290 1432 325 ejus
1447 291 1577 325 potentia.
1593 290 1711 327 Ideoque

931 344 993 364 cum
1006 335 1104 363 Filium
1119 335 1256 368 audimus,
1271 343 1333 363 eum
1353 336 1380 363 in
1391 344 1451 364 sese
1463 336 1615 365 subsistere
1628 337 1710 365 intel-

932 384 1039 419 ligimus
1053 393 1060 411 :
1077 391 1139 411 cum
1155 387 1245 410 autem
1270 383 1417 418 potentiam
1431 405 1438 414 .
1456 382 1587 416 Verbum,
1602 384 1710 419 sapien-

932 429 998 456 tiam
1011 429 1152 462 audimus;
1178 428 1218 456 sic
1240 429 1369 456 docemur
1383 430 1593 464 inseparabilem
1609 437 1670 458 esse
1684 434 1712 458 et

934 479 1068 500 coaeternu
1073 480 1096 500 m
1101 492 1109 499 ι

971 519 997 546 5.
1008 519 1103 546 Anam.
1115 518 1200 547 Simul
1210 519 1292 554 igitur
1301 519 1371 547 dicis
1379 527 1440 547 esse
1448 519 1553 548 Patrem
1562 525 1588 548 et
1599 521 1712 548 Filium!

935 565 1012 592 Orth.
1031 564 1117 592 Simul
1132 573 1192 593 esse
1213 565 1285 592 dico.
1299 566 1395 593 Anam.
1411 565 1469 593 Duo
1478 566 1560 601 igitur
1573 575 1628 594 non
1644 567 1716 595 facta

934 612 1020 639 dicis?
1040 611 1116 640 Orth.
1140 611 1196 646 Ego
1211 610 1318 639 Patrem
1335 616 1362 638 et
1383 611 1481 639 Filium
1497 613 1579 640 dico:
1596 602 1661 648 quid
1681 614 1717 642 sit

936 662 1026 686 autem
1051 665 1105 685 non
1121 657 1220 689 factus.
1236 665 1321 685 sacrae
1335 657 1445 686 Litterae
1469 666 1512 686 me
1537 667 1591 686 non
1606 659 1715 687 docent.

937 704 1031 730 Anam.
1051 703 1091 730 An
1110 709 1172 730 vero
1184 710 1236 730 non
1251 706 1293 729 est
1312 702 1339 729 in
1353 702 1480 730 confesso
1495 702 1602 730 Patrem
1612 703 1713 732 Christi

936 756 990 775 non
1005 755 1065 775 esse
1083 748 1205 775 factum?
1232 747 1310 775 Ortlt.
1328 747 1384 775 Hoc
1397 751 1424 775 et
1437 755 1487 783 ego
1501 747 1598 776 fateor.
1621 749 1715 777 Anam.

940 793 1034 830 itaque
1057 795 1103 829 qui
1122 802 1176 822 non
1187 799 1227 822 est
1241 794 1339 828 factus,
1356 797 1447 828 etest,
1459 795 1496 821 ita
1509 799 1562 828 est,
1572 799 1602 822 ut
1618 795 1654 823 sit
1664 803 1718 822 non

939 839 1038 868 factus.
1062 839 1110 867 Est
1135 839 1218 876 igitur
1238 848 1293 868 non
1308 840 1405 868 factus.
1428 840 1506 868 Orth.
1523 840 1591 868 Eum
1610 842 1720 877 quidem

938 886 1000 913 novi
1017 893 1071 913 non
1089 886 1175 914 fuisse
1188 885 1290 913 factum
1304 895 1311 913 :
1334 887 1423 922 ipsum
1445 891 1535 914 autem
1551 894 1648 915 vocare
1665 895 1720 915 non

936 933 1038 960 factum
1051 941 1105 960 non
1120 933 1219 960 docent
1233 941 1276 960 me
1303 940 1388 961 sacrae
1402 933 1520 966 Litterae,
1534 933 1583 962 sed
1599 933 1719 963 Patrem.

936 979 1030 1006 Anam.
1053 979 1081 1006 Si
1096 986 1151 1006 non
1165 983 1207 1006 cst
1223 978 1310 1006 factus
1326 979 1373 1014 qui
1398 984 1461 1007 ante
1476 980 1576 1007 saecula
1598 985 1656 1014 est,
1678 985 1722 1009 est

937 1033 992 1052 non
1008 1024 1095 1052 factus
1110 1034 1116 1052 :
1133 1024 1180 1059 qui
1193 1031 1258 1051 vero
1271 1024 1310 1052 sic
1325 1028 1376 1056 est.
1392 1029 1421 1052 ut
1445 1033 1500 1053 non
1520 1025 1556 1053 sit
1568 1025 1667 1058 factus,
1679 1031 1723 1054 est

938 1078 992 1098 non
1005 1070 1102 1098 factus.
1122 1069 1200 1098 Orlh.
1218 1069 1318 1097 Verum
1335 1070 1476 1106 Scriptura
1492 1078 1546 1098 non
1560 1076 1641 1099 vocat
1657 1079 1720 1100 eum

939 1125 993 1144 non
1009 1116 1121 1148 factum,
1134 1117 1180 1144 sed
1195 1124 1257 1144 eum
1271 1124 1331 1144 esse
1349 1116 1456 1144 Patrem
1481 1117 1557 1144 dicit.
1582 1117 1660 1151 Quod
1675 1125 1721 1145 au-

939 1167 993 1190 tem
1007 1162 1072 1190 dicit
1083 1162 1236 1198 Scriptura,
1251 1163 1302 1190 hoc
1315 1167 1341 1190 et
1359 1170 1408 1198 ego
1420 1163 1492 1195 dico,
1506 1171 1560 1190 non
1576 1167 1666 1191 autem
1681 1164 1719 1195 id,

939 1208 1011 1244 quod
1027 1209 1054 1235 in
1070 1208 1210 1236 hominum
1230 1209 1422 1244 cogitationem
1443 1209 1525 1237 cadit.
1544 1208 1611 1236 Nam
1627 1213 1655 1237 et
1668 1211 1722 1237 alia

941 1255 1027 1282 multa
1045 1255 1073 1282 in
1088 1258 1210 1282 nostram
1223 1255 1416 1290 cogitationem
1431 1255 1543 1287 cadunt,
1558 1263 1619 1291 quae
1633 1260 1723 1284 tamen

940 1302 1125 1338 repudiamus.
1140 1309 1169 1329 ut
1186 1309 1247 1336 qua:
1262 1302 1457 1329 convenienter
1474 1302 1508 1330 de
1520 1302 1576 1330 Deo
1594 1302 1649 1330 dici
1668 1311 1724 1331 non

941 1348 1057 1383 pessint,
1070 1347 1289 1383 quandoquidem
1319 1349 1347 1375 in
1372 1347 1522 1383 Scripturis
1545 1349 1570 1376 ei
1597 1357 1651 1377 non
1674 1349 1725 1376 tri-

942 1394 1071 1422 buuntur.
1087 1397 1179 1421 Anam.
1190 1394 1263 1422 Cedo
1277 1395 1430 1430 exemplum
1446 1405 1453 1422 :
1470 1399 1499 1422 ut
1510 1395 1586 1430 quid,
1597 1396 1725 1423 obsecro?

944 1438 1020 1466 Orth.
1040 1439 1154 1466 Constat
1176 1447 1227 1466 nos
1244 1444 1348 1474 optare,
1365 1444 1395 1466 ut
1419 1441 1447 1467 in
1476 1440 1573 1468 melius
1594 1440 1723 1475 proiicia-

941 1493 1004 1513 mus
1018 1496 1024 1512 :
1042 1489 1069 1511 at
1086 1484 1156 1512 Deus
1172 1493 1226 1512 non
1241 1485 1359 1520 proﬁcit.
1373 1485 1501 1520 quoniam
1513 1486 1582 1513 nihil
1596 1487 1622 1514 ei
1636 1487 1723 1514 deest.

942 1531 1037 1558 Anam.
1056 1530 1127 1558 Nihil
1142 1539 1254 1566 prorsus
1271 1531 1322 1567 ipsi
1341 1532 1427 1559 deest.
1446 1531 1522 1560 Orth.
1544 1531 1584 1559 liii
1600 1540 1665 1568 ergo
1682 1533 1726 1559 ni-

943 1577 981 1605 hil
997 1585 1065 1612 opus
1076 1581 1127 1609 est,
1139 1581 1169 1605 ut
1185 1577 1319 1613 proliciat.
1334 1578 1428 1605 Anam.
1447 1577 1531 1606 Nihil.
1549 1577 1626 1606 Orth.
1640 1578 1725 1606 Nemo

944 1628 1032 1650 tamen
1050 1626 1174 1649 nostrum
1190 1627 1248 1654 est,
1267 1623 1314 1658 qui
1333 1622 1405 1658 quod
1422 1630 1477 1650 non
1501 1623 1637 1658 proficiat,
1652 1623 1726 1651 dicat

944 1677 1016 1700 eum,
1029 1669 1210 1705 ἀπρόκοπτον,
1225 1677 1284 1701 seu,
1299 1677 1354 1696 non
1372 1669 1573 1704 proficientem;
1596 1670 1661 1704 quin
1678 1676 1728 1704 po-

943 1716 999 1743 tius
1013 1715 1084 1743 hanc
1100 1723 1206 1748 vocem,
1219 1720 1249 1742 ut
1262 1723 1322 1750 qua:
1335 1714 1419 1742 Deum
1437 1723 1490 1743 non
1517 1716 1628 1749 deceat,
1648 1723 1728 1750 repu-

107 1758 224 1785 diamus.
252 1758 289 1786 Ita
305 1759 384 1786 etiam
404 1759 470 1786 illud
483 1759 623 1793 ἀγένητον,
640 1766 699 1792 seu,
717 1767 772 1786 non
788 1759 887 1787 factum
903 1769 1034 1798 negamus
1048 1761 1103 1789 Deo
1117 1761 1230 1797 dignum
1253 1769 1313 1790 esse
1326 1781 1333 1792 ,
1363 1769 1425 1788 nam
1441 1761 1464 1788 si
1495 1761 1607 1797 dignum
1641 1764 1726 1792 esset,

108 1804 135 1831 id
149 1805 272 1844 dicerent
288 1813 373 1833 sacra:
388 1804 504 1832 Litterae.

142 1851 170 1878 4.
194 1851 287 1886 Ὰνόμ.
303 1851 425 1885 Ἐγένετο
433 1849 479 1878 οὖν
492 1852 506 1877 ό
517 1851 598 1882 Θεός;
614 1851 685 1883 είπέ,
695 1852 740 1878 καὶ
754 1852 807 1879 ὑπὸ
820 1852 892 1884 τίνος

107 1896 230 1930 ἐγένετο;
262 1896 338 1930 Ὀρθ.
360 1896 390 1922 Et
418 1896 462 1923 διὰ
485 1895 564 1922 τοῦτο
589 1896 719 1932 ἀγένητον
743 1897 824 1924 αὑτὸν
853 1898 894 1924 δεῖ

108 1942 206 1977 λέγειν,
218 1943 310 1978 ἐπειδὴ
334 1942 379 1969 ὑπ’
397 1942 501 1974 οὐδενὸς
529 1942 646 1976 ἐγένετο,
665 1943 726 1969 εἰπὲ
744 1943 825 1969 αὑτὸν
846 1944 893 1970 καὶ

108 1988 231 2021 ἄπιστον,
247 1988 340 2024 ἐπειδὴ
351 1990 390 2020 εἰς
406 1989 498 2016 οὐδένα
513 1988 634 2015 πιστεύει
643 1997 651 2003 ε
662 1988 722 2015 me
735 1989 781 2015 καὶ
794 1989 891 2024 ἀσεϐῆ,

108 2035 201 2071 ἐπειδὴ
216 2035 310 2062 οὐδένα
334 2035 450 2062 σέϐεται.
479 2035 509 2062 Εἰ
539 2035 568 2062 δὲ
583 2034 669 2062 ταῦτα
692 2035 708 2070 ἡ
736 2035 784 2070 μὲν
805 2035 893 2062 ἔννοια

108 2081 263 2111 ὑποεάλ).ει,
279 2081 333 2117 ἡδὲ
347 2081 471 2108 εὐσέϐεια
483 2081 532 2108 οὐκ
547 2082 687 2117 ἐπιτρέπει
703 2081 791 2116 λέγειν
802 2090 808 2096 ·
822 2081 893 2107 οὕτω

108 2128 156 2154 καὶ
169 2128 200 2154 τὸ
209 2127 349 2163 ἀγένητον,
368 2127 418 2154 κᾶν
431 2128 495 2163 δοκῇ
518 2129 578 2160 ταῖς
596 2128 710 2159 ἐννοίαις
729 2128 808 2162 ἡμῶν
825 2128 892 2154 ὑπο-

110 2174 230 2205 πίπτειν,
245 2174 302 2201 ὰλλ⁹
315 2175 333 2210 ἡ
347 2174 472 2201 εὐσέϐεια
484 2174 534 2200 οὐκ
555 2174 695 2209 ἐπιτρέπει
709 2173 807 2208 λέγειν.
822 2174 853 2200 Εἰ
864 2174 892 2200 δὲ

979 1852 1060 1889 425
1077 1853 1104 1880 4.
1123 1853 1217 1880 Anam.
1230 1852 1278 1879 Dic
1290 1853 1382 1887 igitur,
1397 1852 1520 1880 factusne
1539 1857 1582 1880 est
1597 1851 1689 1880 Deus?
1703 1858 1730 1880 et

945 1906 960 1926 a
975 1907 1029 1934 quo
1046 1899 1133 1926 factus
1146 1898 1297 1926 cst?0rlli.
1315 1897 1342 1925 Si
1360 1903 1500 1934 propterea
1516 1902 1624 1933 oportet
1641 1899 1730 1934 ipsum

945 1945 999 1973 dici
1015 1954 1069 1973 non
1087 1946 1188 1972 factum
1199 1965 1206 1977 ,
1223 1945 1353 1980 quoniam
1375 1953 1390 1971 a
1413 1945 1490 1972 nullo
1505 1949 1548 1972 est
1563 1944 1651 1973 iactus
1662 1965 1669 1977 ,
1685 1946 1731 1972 dic

945 1991 1025 2017 etiam
1040 1998 1101 2017 eum
1118 1998 1171 2017 non
1185 1990 1351 2021 credentem,
1366 1991 1496 2025 quoniam
1513 1991 1540 2017 in
1553 1991 1658 2017 tullium
1671 1998 1731 2018 cre-

946 2035 985 2063 dit
999 2045 1005 2063 :
1023 2041 1049 2064 et
1062 2036 1174 2070 impium
1185 2056 1193 2065 .
1207 2036 1335 2071 quoniam
1350 2036 1454 2063 nullum
1468 2037 1544 2064 colit.
1558 2036 1636 2069 Quod
1649 2037 1672 2064 si
1687 2044 1731 2064 co-

946 2083 1040 2116 gitatio
1062 2081 1171 2117 quidem
1192 2087 1285 2110 nostra
1306 2082 1385 2110 nobis
1400 2083 1466 2109 talia
1482 2083 1617 2118 suggerit,
1634 2083 1730 2118 religio

946 2136 1010 2155 vero
1032 2129 1122 2156 dicere
1136 2136 1187 2156 nos
1208 2137 1262 2156 non
1283 2129 1404 2164 patitur:
1426 2130 1463 2155 ita
1482 2131 1564 2156 etiam
1587 2129 1654 2167 illud
1674 2137 1730 2157 non

946 2174 1046 2200 factum
1058 2194 1064 2205 ,
1081 2174 1188 2201 etiamsi
1202 2174 1280 2201 nobis
1293 2174 1422 2209 cogitatio
1437 2178 1529 2201 nostra
1544 2174 1569 2201 id
1585 2179 1728 2210 suggerat,

111 2219 159 2255 μὴ,
177 2218 252 2246 εἶπεν
262 2220 329 2247 αὐτὸ
348 2220 456 2251 πάντως
469 2220 486 2255 ἡ
506 2220 612 2255 Γραφή.
637 2220 730 2254 Ὰνὸμ.
755 2220 791 2246 Οὺ
806 2220 889 2254 λέγεις

946 2226 999 2245 non
1016 2219 1081 2245 sinit
1096 2222 1186 2246 tamen
1202 2219 1297 2253 religio
1312 2227 1362 2246 nos
1378 2219 1479 2246 dicere.
1496 2219 1523 2246 Id
1538 2220 1611 2247 enim
1627 2220 1729 2255 alioqui

109 2265 156 2293 οὖν
173 2267 303 2301 ἀγένητον
318 2266 364 2293 τὸν
378 2267 424 2292 ἐπὶ
440 2266 546 2293 πάντων
560 2266 640 2298 Θεόν;
659 2266 734 2300 Ὀρθ.
750 2267 780 2292 Εἰ
793 2266 893 2301 γέγρα-

111 2321 187 2344 πται,
199 2312 285 2346 λέγω·
305 2313 328 2338 εί
351 2311 380 2338 δὲ
395 2312 424 2338 οὐ
440 2312 605 2347 γέγραπται,
622 2311 671 2337 οὐκ
695 2311 749 2346 ἔχω
772 2311 893 2346 ἀνάγκην

111 2360 206 2385 εἰπεῖν.
228 2359 281 2385 Καὶ
302 2358 342 2385 ὅτι
366 2358 395 2384 οὐ
414 2357 523 2389 πάντως
548 2356 582 2383 τὰ
603 2358 662 2388 ταῖς
685 2357 799 2389 ἐννοίαις
814 2357 893 2392 ἡμῶν

110 2405 297 2432 ὑποπίπτοντα
313 2405 353 2431 δεῖ
374 2404 580 2439 λέγειν,-ἓ.ξεστι
605 2404 651 2430 καὶ⁸
672 2403 757 2435 ἄλλως
782 2403 892 2437 γνῶναι.

111 2450 191 2486 Παρὰ
206 2451 312 2477 πάντων
325 2450 403 2486 ἡμῶν
419 2451 601 2486 ὡμολόγηται,
615 2450 655 2476 ὃτι
673 2450 687 2476 6
701 2449 765 2481 Θεὸς
782 2449 895 2485 ἀόρατός

111 2499 180 2529 ἐστι,
189 2497 236 2524 τοῦ
248 2497 325 2530 ἁγίου
335 2497 440 2524 Παύλου
447 2497 581 2531 λέγοντος·
595 2506 604 2521 ι
615 2495 766 2532 ’Λφθάρτῳ,
777 2495 895 2531 ἀοράτῳ.

113 2544 186 2579 μόνῳ
206 2543 280 2578 σοφῷ
299 2543 368 2578 Θεῷ.
382 2553 391 2568 ι
411 2543 440 2568 '0
457 2542 485 2568 δὲ
511 2542 649 2578 ἄφθαρτος
673 2542 722 2576 οὐχ
738 2541 827 2576 ἐαυτῷ
848 2542 896 2571 μὲν

112 2589 230 2624 φθαρτός
244 2591 327 2620 ἐστιν,
344 2588 433 2620 ἄλλοις
448 2589 476 2615 δὲ
501 2588 656 2624 ἄφθαρτος,
676 2587 742 2614 ἀλλὰ
764 2588 811 2614 καὶ
830 2588 897 2614 πᾶσι

112 2636 159 2661 καί
175 2635 264 2670 ἑαυτῷ
279 2634 415 2670 ἄφθαρτός
429 2635 511 2661 ἐστιν.
531 2634 629 2669 Ἀνόμ.
645 2634 700 2661 Καὶ
717 2633 800 2660 πάνυ.
820 2633 896 2668 Ὀρθ.

113 2682 227 2714 οὐκοῦν,
247 2682 340 2716 ἐπειδὴ
358 2682 490 2716 συνῆπται
507 2681 544 2715 τῷ
571 2680 702 2716 ἀφθάρτῳ
728 2680 758 2706 τὸ
772 2679 897 2714 ἀόρατον,

152 2773 174 2789 ιε
192 2773 201 2800 l
218 2771 288 2800 Tim.
307 2772 394 2806 1,.17.

154 2851 188 2888 β)
207 2851 293 2878 Palat.
309 2851 363 2876 Καὶ
377 2850 431 2885 γὰρ
444 2850 497 2876 καί.

272 2897 408 2927 Pauca.
424 2896 482 2926 Gl.
503 2896 585 2926 XXV
593 2895 643 2925 lli.

946 2264 1088 2299 Scriptura
1104 2265 1198 2299 utique
1212 2267 1384 2299 usurpasset.
1405 2265 1500 2291 Anam.
1524 2266 1566 2292 An
1590 2273 1643 2293 non
1664 2274 1729 2294 vero

946 2309 1049 2341 Deum,
1073 2311 1119 2344 qui
1142 2317 1223 2343 supra
1244 2310 1335 2336 omnia
1360 2314 1417 2343 est,
1443 2310 1513 2337 dicis
1538 2319 1592 2338 non
1610 2311 1732 2339 factum?

949 2356 1026 2384 Orlh.
1042 2356 1160 2384 Dixerim
1171 2376 1178 2388 .
1195 2356 1218 2383 si
1231 2356 1362 2390 scriptum
1374 2361 1466 2391 esset,
1478 2357 1548 2392 quod
1565 2358 1588 2385 si
1600 2358 1731 2392 scriptum

948 2410 1003 2429 non
1017 2407 1075 2434 est,
1096 2410 1151 2430 non
1170 2409 1253 2437 cogor
1273 2402 1374 2430 dicere.
1399 2403 1453 2431 Sed
1474 2408 1501 2431 et
1516 2404 1617 2439 alioqui
1631 2405 1733 2432 intelli-

948 2456 1011 2483 gere
1034 2448 1117 2482 licet,
1139 2456 1193 2475 non
1210 2456 1271 2476 esse
1288 2448 1434 2476 dicendum
1445 2470 1452 2482 ,
1466 2447 1598 2486 quidquid
1614 2451 1642 2478 in
1657 2459 1730 2486 cogi-

947 2495 1077 2522 tationem
1093 2499 1214 2522 nostram
1230 2495 1311 2521 cadit.
1324 2493 1452 2522 Fatemur
1464 2503 1559 2524 omnes
1572 2496 1656 2524 Deum
1671 2505 1733 2525 esse

947 2540 1131 2573 invisibilem,
1158 2548 1221 2567 cum
1248 2540 1321 2568 dicat
1346 2541 1468 2569 Paulus:
1484 2551 1493 2568 ι
1509 2542 1731 2578 lneorruptibiii,

948 2586 1096 2618 invisibili,
1119 2586 1170 2614 soli
1191 2586 1308 2621 sapienti
1329 2585 1384 2614 Deo
1401 2587 1434 2615 ".
1450 2598 1460 2614 ι
1473 2588 1608 2616 Caeterum
1625 2589 1672 2623 qui
1689 2589 1732 2615 in-

949 2632 1136 2667 corruptibilis
1148 2636 1191 2660 est
1201 2652 1208 2664 ,
1225 2640 1279 2660 non
1293 2637 1336 2660 est
1347 2633 1401 2661 sibi
1412 2634 1521 2669 quidem
1533 2634 1732 2669 corruptibilis.

949 2679 1009 2706 aliis
1030 2686 1096 2707 vero
1118 2679 1359 2715 incorruptibilis:
1384 2681 1432 2708 sed
1452 2684 1479 2709 et
1495 2681 1623 2708 omnibus
1636 2685 1663 2708 et
1679 2681 1732 2709 silii

1534 2886 1573 2917 ετ
