1926 3067
196 145 260 172 1151

732 143 761 174 S.
777 145 1008 174 ATHANASIUS.
1028 163 1063 167 —
1081 146 1216 174 SPUMA.

1747 149 1833 174 1152

194 202 255 228 dem
273 201 309 228 sit
326 201 438 229 rationis
458 201 604 237 particeps,
631 203 677 230 ubi
703 204 771 235 vult.
793 204 874 231 etiam
891 213 923 231 ex
947 212 976 231 se

1043 205 1100 241 ἴπῃ.
1113 205 1149 231 Τὸ
1161 205 1189 230 δὲ
1202 204 1313 239 Πνεῦμα
1323 205 1372 240 οὑχ
1386 204 1482 238 οὕτως,
1494 205 1550 232 ἀλλ’
1561 205 1598 237 ὡς
1610 203 1722 239 Πνεῦμα
1733 204 1829 237 Θεοῦ,

196 247 326 281 loquitur,
344 247 563 282 quandoquidem
586 249 668 276 etiam
688 257 738 276 sua
753 251 861 284 propria
880 250 978 285 praedi—

196 295 253 318 tum
274 296 316 319 est
337 293 485 325 voluntate,
512 295 555 320 cui
580 294 716 321 silentium
737 295 861 329 imponit,
882 299 911 321 ut
931 294 977 321 Dei

196 337 363 363 voluntatem
388 337 471 365 dicat.
495 338 529 365 At
550 338 666 373 Spiritus
692 348 746 367 non
762 341 798 367 ita
813 344 865 372 est,
889 341 935 368 sed
950 345 980 367 ut

197 381 243 409 Dei
255 382 374 416 Spiritus
387 384 508 411 eamdem
525 392 605 419 quam
624 385 694 413 Deus
713 386 793 412 habet
811 386 868 420 ipse
883 386 979 412 volun-

197 432 300 456 tatem:
318 433 345 456 et
365 429 416 456 hoc
439 434 491 461 est,
513 440 523 456 ι
542 430 600 458 Non
615 431 741 466 loquetur
761 439 776 458 a
793 432 949 466 semetipso.
968 441 977 457 ι

198 474 265 500 Nam
279 479 305 502 et
324 474 409 503 Filius
423 476 456 503 dc
473 484 502 504 se
517 476 606 504 dixit:
623 487 632 502 ι
650 477 688 504 Ex
700 477 804 512 meipso
819 478 886 504 nihil
898 477 980 510 facio,

198 520 245 546 sed
264 525 293 547 ut
307 521 400 548 docuit
412 530 454 549 mc
469 522 558 554 Pater,
575 523 626 550 ista
643 524 739 558 l0quor
760 524 793 550 ’⁷.
814 533 823 548 ι
839 523 878 550 An
900 524 982 558 igitur

199 565 317 592 Verbum
344 567 408 593 illud
429 567 473 594 Dei
495 572 522 594 et
540 568 583 594 illa
609 568 654 594 Dei
681 568 819 603 Sapientia
834 569 980 600 nesciebat,

197 610 262 645 quid
279 611 401 638 locutura
417 613 510 640 esset?
526 614 613 644 Absit,
631 618 659 640 ut
682 615 826 649 quisquam
848 614 983 641 Christia-

200 663 253 683 nus
270 657 320 682 hoc
342 657 494 686 existimet!
513 659 559 686 sed
575 659 626 686 ista
643 667 693 686 nos
707 659 846 690 docemur,
859 665 888 686 ut
903 664 929 686 et
942 668 984 686 na—

198 704 287 727 turam
301 702 443 736 utriusque
454 704 576 730 eamdem
598 712 658 731 csse
674 705 803 736 sciamus,
818 708 844 731 et
861 705 986 730 volunta-

199 749 263 778 tem,
289 754 350 781 qua:
375 747 534 775 divisionem
558 749 659 775 nullam
688 749 789 784 patitur
805 759 811 776 :
826 749 868 776 sin
884 750 983 780 minus,

1030 251 1111 277 ταυτδ
1127 251 1232 285 θέλημα
1250 251 1304 285 ἔχει
1324 250 1362 285 τῷ
1380 250 1448 286 eaq»
1463 252 1509 277 καὶ
1526 251 1602 277 τοῦτό
1617 252 1674 277 ἐστι
1689 250 1729 282 τὸ,
1749 260 1758 276 ι
1781 251 1829 277 Οὐ

1030 295 1139 330 λαλήσει
1156 296 1201 329 ἀφ’
1215 295 1321 322 ἑαυτοῦ.
1336 305 1344 320 ι
1358 296 1412 322 Καὶ
1420 295 1472 331 γὰρ
1482 297 1527 323 καὶ
1541 296 1604 332 περὶ
1614 295 1708 322 ἑαυτοῦ
1722 297 1736 322 ὁ
1751 295 1830 327 Υἱὸς

1031 339 1116 372 εἶπεν,
1131 341 1171 368 ὅτι
1193 351 1202 366 ‹
1226 342 1286 367 Ἀπ’
1303 341 1419 376 ἐμαυτοῦ
1440 342 1508 368 ποιῶ
1525 342 1610 375 οὐδὲν,
1633 341 1699 368 ἀλλὰ
1722 340 1830 372 καθὼς

1032 385 1132 418 ἐδίδαξέ
1149 395 1181 420 με
1194 387 1208 412 ὁ
1223 387 1327 422 Πατὴρ,
1339 387 1424 413 ταῦτα
1435 387 1517 415 λαλῶ.
1534 397 1542 413 ι
1558 385 1631 422 τΑρα
1644 385 1689 413 οὖν
1702 388 1716 413 ὁ
1730 387 1831 420 Λόγος

1033 432 1048 457 ὀ
1060 431 1106 457 τοῦ
1122 431 1199 463 Θεοῦ,
1209 432 1224 467 ἡ
1235 433 1314 466 σοφία
1328 433 1344 468 ὴ
1358 432 1404 459 τοῦ
1421 433 1498 465 Θεοῦ,
1517 433 1566 460 οὐκ
1579 433 1636 468 ᾔδει
1647 433 1673 459 τί
1685 433 1804 468 λαλήσει
1817 440 1826 463 ;

1032 477 1078 511 Μὴ
1095 476 1197 503 γένοιτο
1212 477 1287 504 τοῦτο
1301 478 1441 513 ἄνθρωπον
1461 479 1621 514 Χριστιανὸν
1641 477 1824 512 λογίσασθαιί

1033 520 1090 545 ἀλλ’
1109 521 1151 546 ἵνα
1172 521 1278 556 γνῶμεν
1295 523 1373 557 ἡμεῖς
1391 523 1422 549 τὸ
1437 523 1518 549 ταυτὸ
1533 523 1581 557 τῆς
1596 521 1711 557 φύσεως,
1727 522 1777 548 καὶ
1791 522 1828 547 τὸ

1034 564 1182 599 ἀδιαίρετον
1197 566 1242 600 τοῦ
1263 565 1423 602 θελήματος,
1442 566 1526 593 ταῦτα
1541 566 1730 601 διδασκόμεθα·
1748 567 1773 591 εἰ
1793 565 1826 591 δὲ

1035 610 1083 646 μὴ,
1101 611 1205 644 Παῦλος
1219 613 1266 646 μὲν
1280 612 1364 646 λέγει·
1381 622 1390 638 ι
1411 613 1478 648 Περὶ
1491 612 1520 638 δὲ
1531 612 1585 638 τῶν
1600 611 1741 647 παρθένων
1757 611 1826 636 ἐπι-

1032 656 1118 692 ταγὴν
1130 657 1231 692 Κυρίου
1246 658 1295 684 οὐκ
1311 658 1374 693 ἔχω,
1391 658 1502 693 γνώμην
1522 657 1550 684 δὲ
1564 657 1658 692 δίδωμι
1680 657 1717 688 ὡς
1733 656 1825 690 ἠλεη-

1035 703 1123 738 μένος·
1136 712 1145 728 ι
1160 705 1174 730 ὁ
1190 703 1218 729 δὲ
1235 703 1296 735 Υἱὸς
1312 703 1421 737 ἐντολὴν
1438 703 1580 738 λαμϐάνει,
1600 703 1626 729 τί
1641 703 1714 738 εἴπῃ,
1733 701 1783 728 καὶ
1795 701 1825 726 τί

1033 748 1154 784 λαλήσει,
1172 749 1218 775 καὶ
1231 749 1262 775 τὸ
1276 749 1387 784 Πνεῦμα
1398 750 1427 775 οὐ
1442 749 1516 775 λαλεῖ
1532 748 1578 783 ἀφ’
1593 747 1698 774 ἑαυτοῦ.
1754 759 1759 765 ο

199 789 300 819 Paulus
331 792 441 826 quidem
468 792 534 820 dicit
552 801 559 818 ε
579 803 589 819 ‹
617 793 654 821 De
671 794 823 828 virginibus
847 798 1010 829 przeceptum
1032 793 1137 820 Domini
1161 802 1215 821 non
1236 795 1334 826 habeo,
1361 794 1506 822 consilium
1521 798 1611 821 autem
1637 794 1671 820 do
1685 797 1824 827 tanquam

200 837 413 864 misericordiam
428 840 634 866 consecutus“.
650 849 660 864 ι
676 839 710 866 At
722 840 807 868 Filius
830 843 995 875 praeceptum
1017 840 1116 875 accipit
1138 839 1171 867 de
1190 847 1223 867 eo
1244 840 1316 875 quod
1338 840 1464 868 dicturus
1494 843 1520 867 et
1545 840 1687 867 locuturus
1708 843 1762 870 est,
1795 842 1825 865 et

200 881 319 917 Spiritus
333 891 366 910 ex
383 885 530 919 semetipso
546 892 600 912 non
615 885 737 920 l0quitur

234 928 313 963 42],
325 929 369 956 25.
379 930 473 956 Anam.
483 930 542 958 Non
553 932 633 959 habet
648 939 711 967 ergo
721 931 838 966 Spiritus
846 931 981 966 propriam

1067 930 1112 957 25.
1138 930 1231 965 Ἀνόμ.
1244 930 1300 957 Οὔκ
1314 929 1370 965 ἔχει
1381 928 1428 957 οὖν
1441 931 1505 957 ἴδιον
1525 930 1629 966 Οέλημα
1647 930 1678 956 τὸ
1693 930 1823 965 Πνεῦμα.

199 974 387 1001 voluntatem?
409 975 487 1002 Ortlt.
505 976 592 1008 Absit,
611 985 672 1011 qua:
688 977 796 1012 quidetn
814 977 868 1004 Deo
887 985 920 1004 ex
935 977 984 1004 ad-

200 1026 281 1046 verso
294 1020 476 1055 respondeat!
499 1029 550 1049 nec
575 1022 648 1049 enint
666 1023 746 1049 modo
770 1022 827 1048 vult
853 1030 913 1057 qua:
937 1021 985 1049 Dei

201 1069 283 1098 sunt,
302 1065 381 1093 modo
394 1074 458 1094 vero
475 1075 535 1102 quae
560 1068 601 1095 sui
615 1068 700 1100 ipsius
716 1077 722 1095 :
743 1068 790 1095 sed
808 1067 830 1096 si
847 1069 913 1104 quid
927 1068 985 1095 vult

201 1110 321 1146 Spiritus
337 1116 460 1144 sanctus,
480 1112 538 1140 haec
560 1119 602 1141 est
617 1113 663 1141 Dei
678 1115 805 1141 voluntas
821 1124 827 1141 :
844 1119 871 1141 et
884 1115 906 1142 si
920 1114 986 1149 quid

202 1156 259 1182 vult
279 1156 360 1190 Deus,
370 1157 428 1185 haec
442 1161 485 1184 est
501 1157 620 1192 Spiritus
630 1159 766 1186 voluntas.
779 1162 874 1186 Anam.
891 1159 986 1186 Enim-

202 1209 277 1233 vero,
291 1209 382 1230 annon
410 1203 483 1237 quod
508 1203 580 1231 Deus
610 1205 684 1236 vult,
705 1205 799 1231 volunt
816 1206 897 1233 etiam
924 1213 987 1240 pro-

202 1248 307 1288 pliet:c_?
325 1248 400 1275 Ort/t.
425 1248 485 1276 Non
505 1257 629 1284 semper;
649 1251 784 1277 interdum
810 1251 882 1278 enim
904 1251 986 1278 etiam

202 1302 236 1320 ex
255 1294 353 1328 seipsis
368 1295 558 1329 loquebantur.
581 1296 649 1323 Cum
665 1296 767 1323 diceret
783 1297 855 1323 enim
869 1297 986 1332 primum

204 1339 292 1366 Moses
309 1350 314 1366 :
335 1349 344 1365 ι
364 1340 546 1375 lmpeditioris
572 1345 599 1368 et
621 1342 750 1369 tardioris
781 1342 879 1377 lingua!
908 1350 986 1374 sum.

204 1392 291 1420 tneque
318 1386 410 1412 audiet
423 1394 466 1412 me
479 1385 584 1413 Pharao
600 1387 623 1402 "
638 1396 644 1413 :
666 1396 675 1412 ι
693 1391 720 1413 et
732 1386 796 1413 illud
814 1397 820 1414 :
841 1397 851 1412 ‹
868 1387 988 1415 Obsecro

205 1434 242 1462 te,
254 1430 322 1466 elige
336 1431 419 1458 alium
431 1432 469 1464 ‘°;
492 1441 501 1457 ι
520 1431 584 1466 quid
600 1432 672 1459 aliud
687 1432 830 1467 signiﬁcat,
843 1441 923 1468 quam
937 1433 988 1461 sibi

205 1477 286 1504 aliam
303 1478 468 1505 voluntatem
486 1479 585 1510 inesse,
606 1487 688 1514 quam
708 1484 801 1514 postea
817 1480 947 1513 coercuit,
960 1483 990 1507 ut

205 1522 252 1550 Dei
269 1523 399 1551 voluntati
413 1524 627 1559 obsequeretur?
649 1525 740 1552 Aaron
756 1533 864 1560 quoque
881 1530 908 1553 et
930 1526 990 1553 Ma-

205 1569 246 1596 ria
255 1576 269 1595 a
278 1569 375 1604 seipsis
387 1571 514 1597 commoti
525 1575 730 1598 murmurarunt
740 1571 870 1599 adversus
877 1571 989 1603 Mosem,

1042 975 1113 1009 Ὀρθ.
1126 975 1259 1001 Ἐναντίον
1272 974 1319 1001 τοῦ
1333 975 1410 1007 Θεοῦ,
1423 975 1460 1010 μὴ
1477 975 1596 1009 γένοιτοί
1614 975 1673 1001 οὐδὲ
1687 975 1751 1001 ποτὲ
1765 975 1824 1011 γὰρ

1036 1020 1107 1047 θέλει
1122 1021 1156 1047 τὰ
1169 1020 1215 1046 τοῦ
1231 1020 1310 1052 Θεοῦ,
1328 1021 1392 1047 ποτὲ
1420 1020 1447 1047 δὲ
1467 1021 1501 1047 τὰ
1525 1019 1621 1047 ἑαυτοῦ
1633 1029 1639 1035 ·
1657 1020 1713 1046 ἀλλ’
1738 1020 1765 1046 εί
1795 1029 1824 1046 τι

1037 1066 1106 1092 ϐέλει
1126 1066 1235 1101 Πνεῦμα
1248 1066 1278 1092 τὺ
1297 1067 1384 1101 ἅγιον,
1401 1065 1480 1092 τοῦτο
1493 1065 1538 1092 τοῦ
1555 1065 1621 1092 Θεοῦ
1633 1067 1689 1092 ἐστι
1702 1066 1822 1101 θέλημα·

1036 1111 1083 1138 καὶ
1094 1111 1154 1136 εἴτι
1169 1111 1239 1137 θέλει
1252 1112 1266 1137 ὁ
1283 1110 1359 1142 Θεὸς,
1371 1111 1449 1137 τοῦτο
1462 1110 1568 1146 θέλημά
1585 1111 1643 1136 ἐστι
1663 1110 1711 1136 τοῦ
1734 1110 1822 1137 Πνεῦ-

1039 1164 1132 1190 ματος.
1151 1157 1248 1190 Ἀνόμ.
1265 1157 1295 1182 Οἱ
1317 1156 1371 1192 γὰρ
1397 1156 1544 1192 προφῆται,
1561 1156 1611 1183 οὐκ
1630 1157 1655 1183 ετ
1668 1165 1695 1182 τι
1715 1156 1787 1182 θέλει
1808 1157 1825 1183 ὁ

1036 1202 1112 1232 Θεὸς,
1125 1201 1258 1233 θέλουσιν;
1283 1202 1355 1236 Ὀρθ.
1373 1203 1409 1228 Οὐ
1425 1202 1554 1229 πάντοτε·
1571 1201 1625 1228 ἔσθ’
1638 1203 1682 1228 ὅτε
1699 1202 1753 1237 γὰρ
1773 1202 1823 1228 καὶ

1037 1247 1082 1281 ἀφ’
1099 1247 1202 1273 ἑαυτῶν
1224 1247 1345 1274 ἐλάλουν.
1374 1249 1477 1283 Μωσῆς
1496 1247 1550 1283 γὰρ
1576 1248 1683 1284 πρῶτος
1709 1247 1820 1281 ἔλεγεν-

1040 1302 1050 1318 (
1076 1293 1247 1327 ’ἰσχνόφωνος
1259 1293 1305 1319 καὶ
1325 1293 1532 1329 βραδύγλωσσος
1546 1293 1600 1327 ἐγώ
1616 1295 1683 1328 ειμι,
1699 1294 1746 1320 καὶ
1771 1293 1822 1320 οὐκ

1038 1337 1227 1365 είσακούσεταί
1243 1347 1292 1374 μου
1305 1338 1420 1374 Φαραώ·
1437 1348 1446 1364 ι
1467 1338 1514 1365 καὶ
1533 1339 1574 1370 τὸ,
1599 1348 1607 1364 ι
1632 1338 1731 1374 Δέομαί
1755 1347 1821 1371 σου,

1040 1383 1211 1419 προχείρισαι
1231 1383 1320 1415 ἄλλον,
1341 1393 1350 1410 ι
1365 1384 1391 1410 τί
1411 1384 1566 1419 σημαίνειῆ
1584 1384 1646 1411 ἄλλο
1667 1383 1777 1418 θέλημα·
1793 1385 1823 1410 ὲν

1039 1427 1218 1464 ὲαυτῷεἷναι,
1235 1429 1249 1454 ὃ
1272 1429 1409 1462 ἐκόλασεν,
1425 1429 1469 1456 ’ίνα
1492 1429 1522 1456 τὸ
1547 1429 1594 1455 τοῦ
1614 1429 1681 1455 Θεοῦ
1704 1430 1822 1465 ποιήσῃ;

1039 1475 1094 1501 Καὶ
1112 1475 1215 1509 Ἀαρὼν
1226 1475 1273 1501 καὶ
1289 1475 1383 1510 Μαρία
1396 1475 1442 1509 ἀφ’
1454 1474 1558 1501 ἑαυτῶν
1577 1474 1728 1510 κινούμενοι
1747 1475 1823 1509 ἐγόγ-

1039 1528 1126 1554 γυσαν
1141 1520 1210 1546 κατὰ
1223 1520 1354 1552 Μωσέως,
1372 1520 1415 1546 ὅτε
1431 1521 1590 1556 ἐλεπρίασεν
1610 1520 1626 1556 ἡ
1643 1520 1751 1556 Μαρία,
1776 1521 1822 1547 καὶ

1041 1564 1162 1600 ὠργίσθη
1178 1565 1258 1600 θυμῷ
1270 1565 1381 1601 Κύριος.
1396 1566 1538 1602 Ἱερεμίας,
1550 1565 1764 1601 παραιτούμενος
1773 1566 1823 1601 τὴν

206 1622 261 1648 quo
275 1619 394 1650 tempore
407 1616 487 1643 etiam
505 1616 579 1650 lepra
596 1617 728 1644 laboravit
749 1616 844 1648 Maria,
861 1617 988 1651 indigna-

1041 1611 1219 1646 προφητείαν,
1245 1611 1342 1645 ἔλεγεε
1366 1621 1375 1636 ι
1403 1610 1543 1647 Νεώτερός
1554 1612 1610 1646 είμι
1633 1610 1698 1646 ἐγὼ,
1721 1612 1767 1638 καὶ
1790 1612 1822 1638 οὐ

206 1664 306 1695 tuaque
327 1665 369 1688 est
382 1661 522 1689 Dominus.
537 1661 671 1690 Jeremias
685 1662 872 1697 propheticum
892 1670 992 1690 munus

208 1705 371 1740 deprecans,
388 1707 495 1734 diccbat
511 1716 518 1734 :
539 1715 548 1732 ι
565 1706 662 1734 Junior
678 1716 749 1741 sum,
766 1715 856 1742 neque
879 1716 992 1743 possum

208 1753 369 1786 prophetare
379 1752 411 1778 ’1.
430 1762 439 1779 ι
463 1752 495 1779 Et
508 1751 592 1781 Jonas
604 1761 636 1781 eo
650 1761 737 1788 usque
751 1754 778 1780 in
798 1753 850 1780 hoc
863 1761 993 1781 recusan-

208 1798 244 1824 do
271 1806 433 1833 progressus
448 1802 508 1831 est,
538 1803 568 1826 ut
593 1799 674 1826 etiam
700 1799 849 1826 decreverit
866 1799 958 1834 fugere
977 1807 992 1826 a

210 1842 280 1869 facie
293 1842 406 1870 Domini.
421 1843 454 1870 Et
470 1843 554 1872 David
574 1852 636 1871 cum
650 1852 706 1872 sua:
723 1845 860 1872 voluntati
875 1845 992 1872 obsecu-

210 1891 266 1918 tus,
285 1887 413 1922 populum
440 1889 642 1920 recensuisset,
668 1890 827 1924 castigatur.
846 1889 922 1916 Mitto
948 1890 993 1916 illa

209 1932 244 1960 de
262 1932 324 1960 Uria
339 1933 470 1961 Chettteo.
488 1934 556 1961 Nam
573 1943 668 1963 omnes
683 1943 792 1971 quoque
804 1936 909 1963 ratione
925 1944 994 1971 prae-

210 1978 273 2005 dita!
284 1983 430 2010 creaturae,
448 1980 583 2008 interdum
600 1988 661 2016 qua:
683 1989 733 2008 sua
745 2001 752 2013 ,
779 1981 914 2009 interdum
933 1989 995 2017 quae

211 2022 259 2052 Dei
274 2027 349 2056 sunt.
363 2024 521 2059 loquuntur.
537 2026 572 2053 At
586 2034 641 2054 non
653 2027 689 2053 ita
703 2025 822 2062 Spiritus
836 2036 842 2054 :
859 2035 909 2054 nec
920 2027 992 2054 enim

211 2068 292 2096 modo
306 2077 366 2104 quae
380 2069 426 2097 Dei
443 2074 525 2102 sunt,
551 2071 632 2098 modo
646 2078 696 2098 sua
722 2071 860 2106 loquitur.
891 2079 953 2098 cum
970 2070 995 2098 ei

212 2122 266 2141 non
292 2114 358 2142 insit
379 2115 432 2142 alia
457 2116 588 2151 quapiam
613 2116 738 2144 voluntas
751 2137 758 2149 ,
772 2121 803 2143 ut
829 2123 863 2147 ne
884 2117 912 2143 in
926 2115 996 2144 Filio

211 2159 334 2195 quidem,
346 2160 394 2188 sed
411 2168 464 2187 una
479 2162 515 2188 sit
536 2160 634 2192 Patris.
646 2161 718 2194 Filii,
731 2165 759 2189 et
775 2160 893 2196 Spiritus
908 2161 996 2189 sancti

213 2205 349 2233 voluntas.
370 2205 474 2233 Idcirco
495 2206 598 2234 dictum
627 2211 669 2234 est
691 2207 726 2234 de
750 2206 877 2241 Spiritu:
911 2216 920 2232 (
937 2206 996 2234 Non

214 2251 340 2285 loquetur
355 2259 369 2277 a
392 2252 537 2287 semetipso
555 2253 588 2279 ¹¹.
610 2262 619 2279 ι
643 2252 677 2280 Et
698 2253 732 2280 de
753 2252 845 2280 Filio:
865 2261 875 2277 ι
892 2252 963 2279 Nihil
981 2260 995 2279 a

1043 1655 1160 1691 δύναμαι
1171 1657 1360 1692 προφητεύειν.
1380 1666 1389 1682 ι
1416 1657 1471 1684 Καὶ
1492 1658 1506 1684 ὁ
1526 1658 1616 1689 Ἰωνᾶς
1635 1658 1675 1690 εἰς
1699 1657 1823 1684 τοσοῦτον

1043 1703 1230 1738 παρῃτήσατο,
1252 1703 1290 1734 ὡς
1308 1702 1356 1729 καὶ
1374 1702 1447 1736 δόξαι
1473 1703 1583 1738 φεύγειν
1605 1703 1658 1730 ἀπὸ
1679 1702 1823 1739 προσώπου

1044 1747 1157 1783 Κυρίου.
1170 1748 1226 1774 Καὶ
1237 1749 1250 1774 ὁ
1263 1748 1355 1780 Δαϐὶδ,
1372 1748 1402 1775 τὸ
1419 1748 1524 1784 θέλημα
1539 1749 1569 1775 τὸ
1583 1748 1680 1776 ἑαυτοῦ
1699 1749 1822 1784 ποιήσας,

1043 1793 1091 1819 καὶ
1107 1793 1230 1828 ἀριθμῶν
1245 1793 1290 1820 τὸν
1307 1793 1380 1826 λαὸν,
1406 1795 1575 1829 ἐπιτιμᾶται.
1600 1794 1698 1821 Σιωπῶ
1715 1794 1768 1830 γὰρ
1790 1794 1825 1821 τὰ

1044 1839 1114 1865 κατὰ
1129 1838 1174 1864 τὸν
1187 1839 1288 1874 Οὐρίαν
1308 1839 1353 1866 τὸν
1368 1839 1508 1867 Χετταῖον.
1537 1840 1591 1866 Καὶ
1605 1840 1692 1867 πάντα
1715 1839 1769 1875 γὰρ
1791 1839 1825 1866 τὰ

1044 1884 1141 1918 λογικὰ
1158 1885 1296 1920 κτίσματα
1312 1886 1377 1912 ποτὲ
1392 1885 1425 1912 τὰ
1447 1886 1550 1912 ἑαυτῶν
1569 1885 1689 1918 λαλοῦσι,
1708 1885 1771 1912 ποτὲ
1793 1884 1824 1911 τὰ

1043 1929 1089 1956 τοῦ
1101 1930 1185 1957 Θεοῦ·
1196 1931 1262 1957 τὸδὲ
1277 1931 1388 1966 Πνεῦμα
1403 1932 1452 1967 οὐχ
1462 1931 1548 1963 οὕτως
1559 1940 1566 1947 ·
1583 1932 1613 1958 οὐ
1640 1932 1694 1967 γὰρ
1709 1931 1772 1958 ποτὲ
1792 1930 1824 1957 τὰ

1043 1974 1089 2001 τοῦ
1105 1975 1183 2006 Θεοῦ,
1199 1976 1246 2002 καὶ
1260 1976 1324 2002 ποτὲ
1339 1976 1372 2002 τὰ
1387 1975 1484 2003 ἑαυτοῦ
1495 1985 1502 1992 ·
1520 1977 1579 2003 οὐδὲ
1598 1977 1652 2012 γάρ
1677 1977 1749 2002 εστιν
1768 1976 1820 2012 (87)

1044 2020 1108 2047 ἄλλο
1121 2029 1146 2047 τι
1158 2021 1187 2047 ὲν
1199 2021 1273 2056 αὐτῷ
1288 2021 1401 2057 θέλημα,
1413 2021 1505 2056 ἐπειδὴ
1516 2022 1576 2048 οὐδὲ
1592 2021 1621 2048 ὲν
1635 2021 1673 2057 τῷ
1685 2021 1753 2057 Υίῷ,
1770 2022 1822 2048 ἀλλ’
1835 2035 1838 2038 ~

1044 2065 1074 2091 ἓν
1089 2067 1146 2092 ἐστι
1158 2065 1263 2101 Θέλημα
1276 2066 1391 2102 Πατρὺς,
1403 2067 1449 2093 καὶ
1465 2066 1541 2098 Υίοῦ,
1551 2067 1598 2092 καὶ
1612 2067 1690 2101 ἁγίου
1704 2066 1824 2101 Πνεῦμα-

1045 2120 1099 2142 τος.
1113 2112 1168 2138 Καὶ
1178 2111 1221 2138 διὰ
1231 2111 1311 2138 τοῦτο
1322 2112 1428 2148 εἴρηται
1443 2113 1505 2148 περὶ
1518 2112 1564 2139 τοῦ
1575 2113 1729 2148 Πνεύματος
1738 2121 1744 2128 ·
1766 2123 1774 2139 ι
1789 2114 1822 2140 ω

1045 2157 1156 2192 λαλήσει
1169 2157 1215 2192 ἀφ’
1228 2157 1324 2184 ἑαυτοῦ
1337 2165 1343 2172 ·
1365 2167 1374 2183 ι
1390 2159 1436 2184 καὶ
1449 2158 1512 2193 περὶ
1527 2157 1574 2184 τοῦ
1591 2158 1667 2191 Tia-3,
1682 2159 1721 2185 ὅτι
1739 2168 1748 2184 ι
1768 2159 1824 2185 ’Δπ“

1046 2203 1161 2238 ἐμαυτοῦ
1177 2204 1247 2230 ποιῶ
1260 2204 1345 2235 οὐδὲν,
1360 2203 1426 2230 ἀλλὰ
1437 2204 1528 2235 καθὼς
1541 2204 1640 2237 ἐδίδαξέ
1654 2213 1686 2239 με
1699 2205 1713 2231 ὁ
1725 2205 1822 2240 Πατὴρ,

1045 2250 1132 2276 ταῦτα
1145 2249 1218 2276 λαλῶ
1228 2258 1236 2265 ·
1260 2259 1269 2276 ι
1288 2250 1338 2276 οὐκ
1355 2249 1449 2285 ἐπειδὴ
1466 2250 1521 2284 (88)
1532 2250 1580 2276 οὐκ
1595 2249 1647 2276 οἶδε
1662 2250 1774 2285 λαλῆσαί
1789 2259 1822 2282 τι,

214 2303 258 2323 me
271 2296 330 2331 ipso
343 2296 412 2324 facio
425 2317 432 2329 .
454 2298 501 2325 sed
516 2297 587 2324 sicut
601 2297 695 2325 docuit
715 2305 759 2325 me
773 2297 863 2328 Pater,
879 2298 936 2325 haec
956 2297 988 2324 lo-

1049 2295 1105 2321 ἀλλ’
1122 2295 1162 2322 ὅτι
1178 2296 1227 2321 οὐκ
1246 2294 1309 2321 ἄλλο
1328 2294 1399 2321 θέλει
1418 2295 1432 2321 ὁ
1454 2295 1558 2331 Πατὴρ,
1579 2295 1624 2321 καὶ
1645 2294 1708 2322 ἄλλο
1730 2295 1823 2322 ϐέλειό

213 2349 285 2376 quor
299 2343 321 2358 "
336 2352 343 2370 :
366 2352 376 2368 ι
392 2350 446 2370 non
459 2343 531 2378 quod
550 2344 654 2371 nesciat
664 2344 813 2379 quidquam
829 2344 921 2378 loqui,
945 2344 992 2371 sed

215 2388 279 2422 quia
300 2396 352 2416 non
368 2389 441 2416 aliud
457 2389 516 2416 vult
533 2389 623 2422 Pater,
638 2389 711 2416 aliud
723 2390 780 2417 vult
790 2389 876 2417 Filius
886 2394 912 2417 et
924 2389 997 2417 aliud

216 2432 337 2467 Spiritus
353 2437 475 2461 sanctus.

252 2478 297 2505 24.
317 2479 413 2506 Anam.
434 2479 546 2507 Etiamsi
570 2487 624 2506 non
639 2487 747 2514 semper
761 2486 822 2514 qua:
838 2478 885 2507 Dei
912 2484 976 2507 sunt
989 2499 997 2513 ,

217 2522 301 2549 locuti
316 2523 371 2550 sint
386 2524 524 2558 prophetae
537 2543 545 2556 ,
572 2527 601 2551 ut
626 2527 655 2550 tu
669 2523 784 2551 dicendo
799 2525 997 2559 comprobasti;

187 2569 191 2574 '
219 2572 247 2594 at
262 2572 336 2596 certe
353 2569 468 2604 apostoli
484 2569 596 2596 nihilex
613 2569 720 2604 seipsis,
738 2569 783 2597 sed
793 2577 853 2604 quze
866 2573 930 2597 sunt
940 2569 997 2601 Dei,

219 2622 327 2650 semper
354 2615 437 2642 locuti
464 2619 538 2642 sunt.
568 2615 644 2642 Orth.
676 2614 759 2642 Docet
793 2623 843 2642 nos
860 2614 1000 2650 Scriptura

255 2691 277 2707 ¹⁷
297 2690 375 2719 Joan.
392 2700 450 2724 vui,
467 2691 512 2720 28.
550 2693 572 2708 ’⁸
592 2691 601 2718 l
618 2692 679 2720 Cor.
697 2700 744 2725 vn,
757 2692 802 2720 25.

221 2726 244 2742 ³³
262 2725 342 2754 Joan.
360 2735 425 2760 vm,
442 2727 477 2754 28

260 2802 315 2840 (87)
333 2802 429 2836 Palat.,
442 2803 487 2830 τοῦ
498 2804 574 2830 Θεοῦ·
585 2804 643 2830 οὐδὲ
657 2804 710 2839 γὰρ
724 2806 805 2837 ἐστιν,
820 2805 928 2833 omissis
941 2805 1002 2840 qui-

223 2837 348 2865 busdam.

1050 2340 1124 2373 Υἱδς,
1140 2341 1185 2367 καὶ
1199 2340 1263 2367 ἄλλο
1278 2340 1308 2367 τὺ
1324 2341 1446 2376 Πνεῦμα.

1085 2481 1129 2508 24.
1151 2482 1245 2515 Ὰνόμ.
1268 2482 1299 2508 El
1315 2482 1363 2508 καὶ
1396 2482 1432 2517 μὴ
1454 2481 1567 2508 πάντοτε
1593 2482 1617 2508 οἱ
1647 2481 1780 2517 προφῆται
1796 2482 1824 2509 τὰ

1051 2525 1098 2551 τοῦ
1112 2525 1178 2551 Θεοῦ
1193 2525 1293 2560 ἔλεγον.
1303 2527 1340 2557 ὡς
1353 2525 1450 2559 ἔδειξεν
1464 2526 1571 2560 ὀλόγος,
1588 2525 1643 2552 ἀλλ’
1655 2526 1680 2552 οἱ
1692 2526 1823 2553 ἀπόστολοι

1052 2569 1112 2596 οὐδὲ
1125 2569 1233 2596 ἐλάλουν
1247 2571 1293 2605 ἀφ’
1310 2571 1423 2601 ἑαυτῶν,
1443 2570 1509 2597 ἀλλὰ
1527 2570 1639 2598 πάντοτε
1655 2571 1689 2597 τὰ
1701 2571 1747 2598 τοῦ
1756 2565 1824 2598 Θεοῦ.

1061 2617 1133 2650 Ὀρθ.
1148 2615 1181 2642 Ἦ
1198 2616 1293 2652 Γραφὴ
1309 2617 1383 2652 ἡμᾶς
1394 2616 1522 2650 ἐδίδαξεν,
1536 2618 1576 2643 ὅτι
1586 2618 1609 2643 οἱ
1622 2617 1762 2643 ἀπόστολοι
1772 2617 1820 2643 ὲλά-

840 2693 862 2708 ’⁸
884 2691 968 2721 Exod.
982 2700 988 2720 ι

1041 2692 1081 2720 l0.
1120 2693 1142 2709 ³⁸
1162 2693 1227 2720 ibid.
1245 2694 1287 2720 15.
1325 2693 1346 2709 ³¹
1366 2693 1465 2721 Jerem.
1483 2702 1503 2725 ι,
1519 2694 1546 2721 6.
1583 2694 1605 2710 ³¹
1623 2693 1701 2721 Joan.
1720 2702 1771 2727 xvi,
1787 2693 1824 2721 l3.

1093 2805 1147 2839 (88)
1168 2805 1257 2832 Ταῦτα
1271 2804 1342 2832 λαλῶ
1356 2805 1437 2832 λαλεῖ·
1452 2806 1501 2832 οὐκ
1518 2806 1618 2840 ἐπειδὴ.
