1926 3067
70 107 141 135 1153

549 92 609 134 ¹1)ῑί
628 106 763 134 SANCTA
782 105 967 134 TRINITATE
988 106 1160 134 DlALOGUS
1179 107 1188 134 Ι

1618 107 1686 132 HM

68 166 133 193 λ’γυν
161 165 207 200 ἀφ’
238 165 352 192 ἑαυτῶν.
382 166 477 200 Ἀνόμ.
505 165 587 198 Πῶς;
609 165 680 199 Ὀρθ.
715 165 777 192 Ἐὰν
808 163 854 192 οὖν

911 167 1044 200 apostolos
1059 167 1193 194 interdum
1210 175 1225 194 a
1243 167 1340 202 scipsis
1360 174 1420 194 esse
1443 166 1560 194 locutos.
1589 167 1685 192 Anam.

69 210 191 246 ἀκούσῃς
219 210 326 237 Παύλου
353 211 478 245 λέγοντος
505 211 570 246 περὶ
596 211 650 238 τῶν
682 211 854 243 ἀποστόλων,

72 265 82 282 α
105 255 177 283 ⁹Δ”λλ’
189 257 232 282 ὅτε
248 254 327 289 εἷδον,
339 257 379 283 ὅτι
395 257 444 283 οὐκ
457 257 631 292 ὀρθοποδοῦσι
647 257 715 292 πρὸς
729 258 778 293 τὴν
790 258 855 292 ἀλή-

69 303 146 329 θειαν
155 302 202 329 τοῦ
210 302 388 336 Εὐαγγελίου,
398 301 472 329 εἷπον
485 303 524 338 τῷ
535 303 615 339 Κηφᾷ
625 303 778 338 ἔμπροσθεν
789 304 856 331 πάν-

67 355 126 374 των
154 357 165 374 ο
184 347 229 383 (τὰ
243 348 271 374 δὲ
300 348 419 383 ἑπόμενα
439 347 522 381 οἶδας,
551 350 575 375 ει
592 349 730 383 φιλόλογος
751 348 805 384 εἴ),
829 351 855 376 τί

69 392 135 419 ἄλλο
147 392 254 429 λογίζῃ,
270 393 287 428 ἦ
301 393 332 419 τὸ
343 394 388 428 ἀφ’
404 393 506 420 ἑαυτῶν
520 402 546 420 τι
562 394 737 430 λελαληκέναι
747 395 794 422 καὶ
809 404 857 422 πε-

70 438 224 474 ποιηκέναι,
241 439 310 474 ὅπερ
323 439 372 465 οὐκ
383 436 416 475 ἧν
431 439 606 467 θεόπνευστον
619 448 625 472 ;
639 441 693 481 iiut
711 442 775 477 περὶ
792 442 855 468 ἐαυ-

69 484 118 511 τοῦ
135 484 163 511 δὲ
177 484 260 518 λέγει·
282 493 292 510 ι
312 484 395 511 Οὐδὲν
409 485 462 520 γὰρ
477 485 586 520 ἐμαυτῷ
600 485 723 513 σύνοιδα·
736 487 793 513 ἀλλ’
807 488 857 515 οὐκ

69 530 102 558 ὲν
119 529 207 564 τούτῳ
222 529 409 565 δεδικαίωμαι.
428 538 437 555 ι
458 530 494 556 Τὸ
508 530 535 556 δὲ
559 530 670 566 Πνεῦμα
692 532 741 567 οὐχ
753 532 854 565 οὕτως’

70 575 119 602 καὶ
136 575 180 602 διὰ
194 574 274 602 τοῦτο
286 574 401 610 εἴρηται,
411 575 452 602 ὃτι
464 585 473 601 ι
486 575 525 603 Οὐ
538 576 648 612 λαλήσει
664 577 709 612 ἀφ’
722 578 829 606 ἑαυτοῦ.
844 588 854 604 ι

77 623 172 657 Ἀνόμ.
191 622 272 648 Ἀλλὰ
299 622 347 649 καὶ
371 623 470 654 πάντες
493 622 630 658 ἄνθρωποι
653 623 720 650 ποτὲ
748 624 796 659 μὲν
821 625 855 652 τὰ

70 667 178 694 ἑαυτῶν
192 667 326 702 λέγουσιν,
341 669 387 694 καὶ
402 668 467 694 ποτὲ
485 668 513 694 δὲ
526 669 560 694 τά
576 668 622 695 τοῦ
642 669 724 696 Θεοῦ·
753 671 811 697 ἀλλ’
831 672 856 697 oi

71 713 183 748 ἄγγελοι
200 713 316 740 πάντοτε
329 713 363 740 τὰ
379 713 424 740 τοῦ
447 713 513 740 Θεοῦ
530 713 664 748 λέγουσιν.
689 715 761 750 Ὀρθ.
790 717 857 743 Οὐδὲ

72 758 152 785 τοῦτο
162 758 269 794 ἀληθές.
287 759 318 785 Εἰ
340 758 394 794 γάρ
408 759 522 786 πάντοτε
545 760 580 786 τὰ
601 761 648 787 τοῦ
664 761 731 788 Θεοῦ
755 762 856 797 ἔλεγον,

72 804 125 830 οὐκ
141 803 176 830 ἂν
189 803 321 838 ἥμαρτον,
336 803 406 830 ὥστε
420 803 561 838 λέγεσθαι·
583 814 592 830 ι
616 805 647 831 Εἰ
666 805 720 841 γὰρ
736 807 858 841 ἀγγέλων

905 210 1066 243 Quomodo?
1083 211 1159 239 Ortlt.
1178 212 1245 239 Cum
1259 213 1336 240 audis
1357 211 1471 239 Paulum
1495 211 1629 239 dicentem
1653 211 1688 238 de

905 257 1037 291 apostolis
1053 266 1060 284 :
1082 266 1092 283 ι
1110 257 1162 284 Sed
1173 265 1234 284 cum
1251 258 1368 285 viderem
1383 265 1431 285 eos
1456 264 1510 285 non
1527 261 1602 284 recto
1619 257 1688 291 pede

906 302 1032 330 incedere
1056 305 1205 331 secundum
1226 304 1366 331 veritatem
1383 303 1533 337 Evangelii,
1553 303 1608 329 dixi
1634 302 1687 329 Ce-

906 347 965 382 plize
991 355 1081 374 coram
1106 349 1232 376 omnibus
1249 349 1270 364 "‘
1288 359 1297 374 ι
1323 350 1395 383 (ηοω
1422 350 1573 382 sequuntur
1597 351 1687 373 autem

906 396 989 425 nosti,
1008 395 1030 421 si
1047 393 1155 428 quidem
1186 401 1216 421 es
1244 401 1384 421 sacrarunt
1401 400 1556 421 sermonum
1583 391 1690 419 studio—

906 438 984 474 sus),
1001 439 1065 474 quid
1083 439 1156 466 aliud
1172 439 1329 473 existimas,
1357 447 1438 474 quam
1455 446 1503 466 eos
1516 437 1597 464 aliud
1612 438 1688 464 locu-

906 488 949 512 tus
960 492 1021 513 esse
1038 489 1085 512 aut
1102 485 1199 513 fecisse
1211 507 1218 519 ,
1246 485 1319 520 quod
1348 493 1381 513 ex
1403 485 1493 512 divina
1511 484 1690 519 inspiratione

906 537 961 557 non
977 529 1220 565 proﬁciscebatur?
1240 531 1310 558 Idem
1326 530 1360 558 de
1373 530 1464 565 seipso
1475 529 1541 557 dicit
1557 540 1563 556 :
1581 538 1590 555 ι
1617 529 1689 556 Nihil

906 576 973 603 mihi
996 577 1123 605 conscius
1150 584 1229 608 sum,
1252 577 1298 604 sed
1322 584 1377 603 non
1399 576 1426 603 iu
1452 577 1503 603 hoc
1524 576 1690 611 justiticatus

907 629 968 649 sum
988 621 1022 649 ⁸⁸.
1042 631 1052 648 ι
1069 622 1103 648 At
1119 629 1174 648 non
1199 621 1236 648 ita
1259 621 1396 656 Spiritus:
1425 621 1486 648 ideo
1505 621 1606 647 dictum
1623 625 1687 648 est:

910 675 920 693 t
939 667 997 694 Non
1013 667 1139 703 loquetur
1152 675 1167 694 a
1180 668 1336 701 semetipso.
1356 677 1365 693 ›
1379 667 1473 694 Anam.
1491 666 1592 694 Omnes
1607 667 1690 702 igitur

908 713 1032 741 homines
1049 714 1130 741 modo
1144 713 1254 749 quidem
1276 721 1324 740 sua
1337 734 1344 746 ,
1367 713 1449 740 modo
1475 720 1540 740 vero
1566 721 1626 748 quae
1642 713 1689 740 Dei

908 763 982 791 sunt,
999 759 1165 794 loquuntur:
1183 763 1211 786 at
1227 759 1325 794 angeli,
1349 767 1409 794 qum
1425 759 1469 786 Dei
1497 763 1562 787 sunt
1584 767 1691 794 semper

908 803 1065 839 loquuntur.
1076 803 1152 831 Orth.
1169 804 1207 832 Ne
1223 804 1275 831 hoc
1291 804 1401 839 quidem
1416 813 1507 831 verum
1519 809 1571 832 est.
1589 805 1656 831 Nam
1667 806 1691 833 si

72 848 289 884 ἁμαρτησάντων
312 849 362 876 οὐκ
378 849 512 884 ἐφείσατο.
532 859 541 875 ι
569 850 663 885 Ἀνόμ.
684 851 762 878 Ἀλλὰ
779 853 825 878 καὶ
837 853 860 879 εῑ

911 859 1028 886 semper,
1039 858 1099 886 quae
1107 850 1153 877 Dei
1170 855 1245 883 sunt,
1258 851 1445 884 loquerentur,
1456 858 1509 877 non
1518 855 1690 885 peccassent,

73 903 141 921 ποτε
149 895 272 930 ἧμαρτόν
279 903 351 926 τινες
358 895 412 922 τῶν
420 895 551 930 ἀγγέλων,
559 896 615 922 ἀλλ’
621 896 689 923 εἰσὶν
700 897 808 931 ἄγγελοι
817 898 860 924 άν-

72 941 236 976 αμάρτητοι.
245 942 316 975 Ὀρθ.
324 941 360 968 Οὐ
369 941 512 977 ζητοῦμεν,
520 942 618 969 εῐεεσιν
626 943 734 977 ἄγγελοι
742 943 861 980 ἀναμάρ-

72 995 160 1023 τητοι,
169 987 225 1014 ἀλλ’
240 988 264 1013 εί
275 987 400 1014 δύνανται
411 987 579 1023 άμαρτῆσαι.
596 988 650 1014 Καὶ
660 987 715 1024 γὰρ
725 988 772 1015 καὶ
781 989 861 1024 ἡμεῖς

73 1034 130 1068 (89)
147 1033 200 1065 ἓως
216 1033 263 1060 νῦν
286 1033 335 1059 οὐκ
357 1032 539 1068 ἀπεθάνομεν,
556 1033 604 1060 καὶ
620 1033 702 1068 ἐσμὲν
719 1033 810 1068 θνητοὶ
821 1033 860 1068 τῷ

72 1080 204 1107 δύνασθαι
218 1079 371 1108 ἀποθανεῖν.
384 1079 414 1106 οὐ
426 1079 464 1114 τῷ
480 1079 529 1114 ἥδη
539 1078 765 1114 ἀποτεθνηκέναι·
778 1080 861 1113 ἐγχω-

76 1127 120 1161 ρεῖ
130 1125 184 1161 γὰρ
198 1125 245 1152 καὶ
261 1127 298 1160 μὴ
316 1124 461 1152 ἀποθανεῖν
471 1133 531 1150 τινα
545 1125 561 1158 ἡ
565 1123 633 1159 μῶν,
644 1124 681 1155 ὡς
690 1123 735 1150 τὸν
756 1123 858 1150 Ἠλίαν.

76 1170 135 1197 Κᾶν
154 1171 190 1206 μή
208 1179 250 1202 τις
261 1171 290 1197 δὲ
307 1170 384 1205 ἡμῶν
409 1170 541 1206 ἀποθάνῃ,
563 1169 621 1196 ἀλλ’
645 1171 662 1205 ή
684 1169 764 1205 φύσις
791 1169 860 1206 αὑτὴ

75 1217 159 1252 θνητή
177 1217 259 1243 ἐστιν.
278 1216 360 1243 Ὥστε
373 1217 420 1244 καὶ
433 1217 488 1242 τῶν
502 1216 625 1250 ἀγγέλων
634 1216 662 1242 at
673 1215 799 1251 μυριάδες
809 1216 861 1242 οὐκ

75 1262 234 1297 ἐψεύσαντο,
252 1263 309 1289 ἀλλ’
330 1262 464 1297 ἐφύλαξαν
482 1262 517 1288 τὰ
531 1262 579 1288 τοῦ
602 1261 668 1288 Θεοῦ
694 1261 786 1296 λόγωι
802 1261 859 1288 ἀλλ’

75 1308 186 1344 ἐδείχθη
209 1309 330 1344 αὐτῶνὴ
354 1310 434 1343 φύσις
458 1308 572 1344 τρεπτὴ,
599 1307 646 1334 καὶ
670 1307 788 1333 λαλοῦσα
813 1307 860 1341 ἀφ’

77 1355 188 1391 ἑαυτῆς,
203 1356 233 1382 τό
248 1364 324 1386 τινας
336 1354 392 1390 (90)
403 1354 492 1382 αὐτῶν
506 1353 643 1389 τραπῆναι
657 1354 703 1379 καὶ
713 1353 801 1379 λαλεῖν
814 1353 860 1386 ἀφ’

77 1401 192 1428 ἑαυτῶν.
209 1401 245 1427 Τὸ
255 1401 283 1427 δὲ
299 1401 410 1436 Πνεῦμα
421 1400 451 1427 τὸ
463 1400 539 1434 ἇγιον
557 1400 586 1426 οὐ
603 1400 679 1426 λαλεῖ
692 1400 737 1433 ἀφ’
752 1399 858 1426 ἑαυτοῦ.

77 1448 115 1474 Οὐ
130 1448 184 1484 γάρ
205 1449 263 1474 ἐστι
287 1448 403 1483 γενητῆς
428 1447 545 1482 φύσεως,
568 1447 638 1473 ὥστε
663 1446 710 1472 καὶ
734 1445 861 1472 δύνασθαι

76 1495 224 1531 τραπῆναι.

910 896 977 924 adeo
993 901 1022 923 ut
1037 897 1167 931 scriptum
1188 897 1243 923 sit:
1262 905 1271 922 ι
1290 896 1356 923 Nam
1373 896 1395 924 si
1418 897 1537 931 angelis,
1566 897 1611 932 qui
1630 905 1693 932 pec-

910 946 1047 973 caverant,
1063 950 1116 969 non
1132 942 1250 976 pepercit
1261 942 1293 975 ³⁶,
1314 952 1323 967 ι
1342 946 1394 969 etc.
1410 943 1505 969 Anam.
1521 941 1573 969 Sed
1585 943 1692 970 etiamsi

910 988 1033 1015 nonnulli
1046 989 1202 1023 angelorum
1230 988 1295 1016 olim
1320 992 1488 1022 peccaruut,
1515 992 1578 1015 sunt
1601 992 1693 1015 tamen

913 1034 1000 1068 angeli
1032 1034 1135 1069 peccati
1164 1037 1298 1068 expertes.
1332 1033 1407 1060 Orth.
1437 1033 1496 1060 Non
1532 1034 1691 1068 quaerimus,

911 1087 946 1106 an
975 1080 1030 1108 sint
1060 1079 1148 1115 angeli
1177 1079 1279 1114 absque
1303 1083 1426 1114 peccato,
1457 1079 1502 1107 sed
1531 1087 1565 1106 an
1587 1080 1693 1115 possint

911 1132 1033 1160 peccare.
1057 1125 1160 1152 Etenim
1183 1133 1233 1152 nos
1256 1133 1366 1160 quoque
1386 1134 1472 1160 usque
1495 1134 1568 1153 nunc
1593 1127 1692 1154 mortui

911 1179 966 1198 non
982 1179 1089 1203 sumus,
1103 1175 1129 1198 et
1142 1179 1238 1198 sumus
1252 1173 1379 1199 mortales
1390 1192 1397 1204 ,
1419 1180 1452 1199 eo
1470 1173 1542 1207 quod
1558 1174 1694 1207 possimus

911 1218 992 1250 mori,
1009 1225 1063 1244 non
1080 1218 1151 1252 quod
1165 1218 1220 1252 jam
1236 1218 1335 1245 mortui
1354 1226 1449 1245 sumus
1462 1238 1470 1250 ,
1491 1219 1622 1252 siquidem
1636 1219 1694 1246 ﬁeri

911 1267 1000 1298 potest
1034 1267 1063 1290 ut
1088 1263 1172 1297 aliqui
1200 1269 1323 1291 nostrum
1347 1271 1402 1290 non
1429 1265 1600 1296 moriantur,
1631 1264 1694 1291 Elite

911 1309 1044 1343 exemplo.
1065 1308 1175 1337 Etiamsi
1191 1316 1256 1336 vero
1266 1309 1400 1344 quispiam
1420 1314 1544 1336 nostrum
1563 1318 1618 1337 non
1635 1317 1694 1337 mo-

912 1354 1008 1386 riatur,
1024 1358 1052 1381 at
1076 1355 1134 1389 ipsa
1160 1358 1234 1381 certe
1255 1359 1352 1381 natura
1376 1359 1418 1381 est
1445 1356 1577 1382 mortalis.
1604 1355 1694 1390 Itaque

912 1400 1036 1434 quamvis
1046 1400 1181 1435 myriades
1193 1400 1350 1434 angelorum
1363 1407 1418 1427 non
1433 1401 1552 1427 mentitae
1570 1401 1635 1433 sint,
1648 1400 1694 1428 sed

912 1444 960 1472 Dei
974 1452 1127 1472 sermonem
1143 1446 1333 1477 custodierint,
1349 1446 1438 1480 reipsa
1452 1449 1543 1472 tamen
1559 1447 1693 1480 apparuit.

913 1491 1070 1518 mutabilem
1086 1498 1147 1519 esse
1163 1491 1285 1526 ipsorum
1302 1496 1438 1524 naturam,
1455 1499 1487 1518 ac
1505 1492 1578 1526 loqui
1593 1500 1653 1519 eam
1664 1500 1694 1519 ex

77 1540 247 1574 semetipsa,
275 1537 496 1574 quandoquidem
529 1545 623 1565 eorum
651 1536 736 1572 aliqui
766 1535 863 1563 mutati
881 1540 954 1566 sunt.
972 1543 1004 1562 ac
1030 1536 1113 1563 locuti
1133 1544 1147 1562 ιι
1181 1537 1346 1571 semetipsis.
1374 1537 1409 1563 At
1439 1536 1557 1572 Spiritus
1585 1542 1693 1564 sanctus

79 1593 134 1612 non
150 1585 272 1620 loquitur
286 1592 301 1611 a
314 1585 471 1619 semetipso.
492 1583 550 1611 Non
571 1583 644 1611 enim
665 1586 751 1610 estea
770 1586 869 1609 natura
887 1582 1034 1616 praeditus,
1050 1590 1110 1616 quae
1127 1582 1198 1609 facta
1213 1583 1248 1610 sit
1261 1602 1268 1613 ,
1284 1591 1316 1610 ac
1336 1583 1451 1618 proinde
1482 1584 1580 1610 mutari
1600 1585 1687 1618 possit

115 1630 160 1656 25.
180 1622 278 1664 ’Διίόμ
296 1629 381 1656 Πόθεν
393 1625 458 1664 γὰρ,
483 1628 524 1655 ὃτι
545 1628 575 1654 οὺ
592 1627 702 1654 δύναται
726 1627 860 1662 τραπῆναι

947 1626 992 1653 23.
1013 1628 1107 1654 .lnom.
1124 1626 1280 1659 Enimvero,
1298 1628 1368 1656 unde
1382 1627 1449 1655 illud
1465 1628 1546 1656 habet
1563 1627 1693 1664 Spiritus,

79 1675 111 1701 τὺ
129 1673 258 1709 Πνεῦμα;
275 1674 352 1708 Ὀρθ.
372 1674 409 1700 Ta
421 1673 540 1709 παρέχον
555 1672 644 1704 ἄλλοις
655 1672 704 1707 τὴν
720 1671 860 1708 ἀτρεψίαν,

80 1720 187 1755 ἀνάγκη
205 1720 339 1755 ἄτρεπτον
355 1717 424 1746 εἶναι
441 1720 474 1754 τῇ
498 1719 584 1753 φύσει.
610 1719 708 1753 Ἀνόμ.
728 1718 788 1744 Εἰσὶ
809 1718 862 1754 γὰρ

79 1764 127 1793 οὖν
143 1766 189 1792 καὶ
206 1765 274 1793 ἄλλα
289 1765 420 1800 ἄτρεπτα.
451 1765 483 1791 Et
509 1764 564 1800 γάρ
579 1763 693 1800 παρέχει
719 1763 807 1795 ἄλλοις
834 1763 863 1789 τὸ

81 1811 192 1847 Πνεῦμα
203 1811 251 1846 τὴν
265 1811 407 1846 άτρεψίαν,
432 1810 501 1838 αὐτὰ
524 1811 627 1844 ἐκεῖνα,
639 1807 680 1842 οἷς
704 1810 817 1845 παρέχει
833 1809 864 1836 τδ

83 1858 195 1892 Πνεῦμα
216 1858 266 1893 τὴν
289 1857 437 1892 ἀτρεψίαν,
463 1857 585 1893 ἄτρεπτα
605 1857 673 1883 εἰσιν
699 1856 765 1891 (91).
788 1856 862 1890 ὀρθ.

87 1904 168 1931 Ἀλλά
176 1903 211 1930 τὰ
222 1904 269 1939 μέν
281 1904 334 1930 εἰσι
349 1904 447 1938 μετοχῇ
462 1902 592 1938 ἄτρεπτα,
604 1902 638 1928 τὰ
650 1902 676 1928 δὲ
686 1902 719 1936 τῇ
729 1901 818 1935 φύσει,
828 1901 864 1931 ὡς

81 1950 112 1977 τὺ
119 1950 175 1985 πῦρ
191 1950 269 1984 φύσει
283 1949 340 1975 ἐστὶ
348 1949 502 1982 καυστικὸν,
512 1949 543 1975 τὺ
553 1948 580 1975 δὲ
589 1948 659 1984 ὕδωρ
670 1947 739 1974 κατὰ
747 1947 866 1982 παράθε-

83 2004 125 2022 σιν
132 1995 178 2021 τοῦ
188 1995 272 2030 πυρὸς
280 1995 424 2022 καυστικὺν
432 1995 543 2029 γίνεται.
554 1994 646 2026 Οὕτως
657 1994 686 2020 τὸ
698 1994 746 2028 μὲν
755 1993 866 2028 Πνεῦμα

83 2039 161 2074 φύσει
170 2031 242 2065 ἐστὶν
250 2039 392 2075 ἄτρεπτον,
401 2039 424 2064 οἱ
433 2038 462 2064 δὲ
472 2039 629 2074 μετέχοντες
637 2038 718 2064 αὑτοῦ
727 2037 798 2064 κατὰ
807 2045 868 2072 μετ-

81 2085 147 2121 οχὴν
163 2085 300 2121 ἄτρεπτοι.
310 2085 408 2119 Ἀνόμ.
424 2085 469 2120 Μὴ
479 2084 565 2116 θέλεις
580 2085 665 2111 εἰπεῖν
682 2084 722 2110 ὅτι
742 2084 788 2110 καὶ
802 2083 867 2109 αὐτὸ

82 2133 114 2159 τὸ
131 2132 242 2167 Πνεῦμα
266 2131 362 2166 Πατήρ
379 2132 470 2163 ὲστιν;
488 2131 560 2164 Ὀρθ.
571 2131 616 2166 Μὴ
632 2130 749 2164 γένοιτοί
768 2130 865 2163 Ἀνόμ.

83 2178 115 2204 Εἰ
126 2177 215 2203 πάντα
230 2176 264 2203 τὰ
278 2176 332 2203 ῐδια
340 2176 385 2202 τοῦ
400 2176 517 2212 Πατρὸς,
526 2175 573 2202 καὶ
584 2175 631 2202 τοῦ
642 2175 801 2210 Πνεὺματός
813 2176 866 2201 είσι

83 2222 132 2249 καὶ
149 2221 196 2248 τοῦ
216 2221 281 2248 Υἱοῦ
308 2221 395 2254 κοινὰ,
421 2221 521 2256 ὀφείλει
546 2221 594 2248 καὶ
618 2221 712 2257 Πατὴρ
739 2219 808 2248 εἶναι
836 2222 866 2248 τὺ

83 2265 195 2301 Πνεῦμα
208 2265 262 2300 (92)
273 2266 320 2292 καὶ
336 2266 409 2298 Υἱός.
430 2266 503 2300 Ὀρθ.
518 2266 574 2292 Οὐκ
586 2263 677 2292 εἷπον·
692 2266 732 2292 Τὰ
752 2266 804 2293 ἴδια
819 2267 866 2294 τοῦ

912 1673 942 1697 ιιι
963 1672 1062 1698 mutari
1077 1679 1131 1698 non
1147 1672 1255 1706 possit?
1273 1672 1349 1700 Ortlt.
1366 1673 1444 1706 Quod
1460 1674 1521 1701 aliis
1536 1675 1637 1709 praebet
1650 1675 1686 1701 im

912 1717 1135 1750 mutabilitatem,
1158 1726 1269 1745 necesse
1288 1723 1331 1745 est
1349 1723 1444 1745 natura
1471 1727 1532 1747 esse
1560 1720 1688 1747 immuta-

914 1762 977 1790 bile.
997 1763 1092 1791 Anom.
1115 1763 1185 1790 Sunt
1199 1764 1281 1798 igitur
1297 1764 1378 1800 422
1394 1765 1445 1791 alia
1461 1773 1570 1800 quoque
1598 1766 1681 1792 itnmu

913 1809 1015 1836 taliilia.
1031 1808 1098 1836 Nam
1115 1809 1138 1836 si
1158 1809 1220 1838 aliis
1240 1814 1351 1845 praestat
1366 1810 1485 1844 Spiritus
1502 1811 1575 1837 illam
1600 1812 1694 1838 imum-

914 1855 1091 1887 tabilitatem,
1115 1863 1212 1891 nempe
1237 1856 1300 1889 illa,
1328 1857 1428 1891 quibus
1452 1857 1693 1885 immutabilitaterr

915 1899 988 1926 illam
1014 1901 1115 1934 praebet
1140 1899 1279 1935 Spiritus,
1310 1901 1393 1928 etiam
1419 1906 1484 1929 sunt
1507 1902 1687 1929 immutabilia

916 1945 991 1972 Orth.
1006 1945 1059 1973 Sed
1072 1946 1194 1981 quaedam
1206 1951 1269 1975 sunt
1283 1947 1462 1974 immutabilia
1478 1948 1688 1982 participatione

916 1991 1038 2026 quaedam
1053 1996 1161 2023 natura,
1174 1996 1203 2018 ut
1221 1993 1290 2028 ignis
1304 1997 1399 2019 natura
1418 1993 1528 2027 quidem
1546 1997 1587 2020 est
1600 2000 1682 2021 uret-'3

916 2044 986 2071 aqua
997 2045 1061 2064 vero
1075 2038 1198 2072 apposito
1213 2038 1274 2072 igne
1298 2038 1328 2064 lit
1350 2046 1443 2066 urens.
1460 2038 1499 2065 ita
1514 2037 1633 2073 Spiritus
1657 2045 1694 2066 esI

917 2087 1014 2110 natura
1028 2083 1206 2111 immutabilis
1224 2093 1230 2110 :
1248 2084 1294 2118 qui
1312 2091 1375 2111 vero
1401 2084 1463 2110 facti
1482 2087 1545 2111 sunt
1563 2083 1622 2118 ejus
1637 2091 1686 2118 par

917 2129 1033 2163 ticipes,
1073 2128 1125 2156 hac
1163 2129 1370 2164 participatione
1402 2129 1469 2156 ﬁunt
1505 2129 1686 2156 immutabili-8

917 2174 1012 2200 Anam.
1030 2173 1071 2200 An
1087 2174 1129 2201 vis
1158 2173 1248 2201 dicere
1271 2174 1347 2200 illum
1373 2174 1462 2208 ipsum
1489 2174 1618 2207 Spiritum
1647 2173 1692 2201 Pas

919 2223 986 2246 trem
1006 2219 1088 2246 esse?
1105 2219 1181 2246 Orth.
1199 2219 1292 2246 Absit!
1321 2219 1415 2246 Αηοηι.
1433 2219 1515 2254 Atqui
1531 2219 1553 2246 si
1571 2227 1690 2254 quaecun-

917 2272 970 2299 que
983 2269 1047 2292 sunt
1063 2264 1135 2291 Patri
1148 2264 1268 2298 propria,
1284 2268 1348 2291 sunt
1362 2272 1471 2299 quoque
1482 2263 1550 2291 Filio
1568 2269 1594 2292 et
1612 2264 1692 2298 Spiri-

83 2312 199 2346 Πατρὸς,
215 2311 262 2338 καὶ
272 2311 318 2337 τοῦ
332 2311 396 2337 Υἱοῦ
407 2311 454 2337 καὶ
466 2310 512 2338 τοῦ
524 2311 680 2346 Πνεὺματός
703 2312 755 2338 εἰσι
772 2312 860 2339 κοινάη

919 2311 956 2338 ιιιί
970 2311 1135 2342 communia,
1147 2313 1253 2344 oportet
1263 2314 1293 2336 ut
1306 2309 1387 2337 Pater
1407 2310 1442 2338 sit
1466 2310 1525 2344 ipse
1539 2309 1659 2344 Spiritus
1673 2316 1695 2337 e'

83 2356 161 2387 ἀλλὰ,
176 2355 217 2382 Τὰ
231 2355 284 2382 ἴδια
295 2356 344 2391 τῆς
358 2356 452 2388 οὐσίας
466 2356 513 2382 τοῦ
527 2355 605 2388 Θεοῦ,
623 2355 669 2382 τοῦ
693 2356 799 2391 Πατρὸς
820 2357 866 2383 καὶ

82 2402 129 2429 τοῦ
148 2402 214 2428 Υἱοῦ
240 2402 286 2428 καὶ
300 2402 346 2428 τοῦ
362 2401 440 2435 ἁγίου
455 2400 613 2436 Πνεύματός
626 2402 678 2427 είσι
695 2401 789 2428 κοινάν
811 2399 866 2428 οἷον

82 2449 113 2476 τὸ
124 2448 272 2484 ἄφθαρτον,
288 2448 318 2474 τὸ
333 2447 476 2479 ἀθάνατον,
491 2447 521 2473 τὸ
531 2447 718 2479 ἀναλλοίωτον,
731 2446 762 2473 τὸ
780 2447 864 2482 ἀψευ-

81 2495 136 2526 δὲς,
161 2495 208 2521 καὶ
226 2495 276 2521 ὅσα
303 2494 425 2521 τοιαῦτα.
451 2494 551 2528 Ἀνόμ.
570 2493 666 2524 ’Ἄλλος
688 2491 734 2519 οὖν
759 2494 832 2519 ἐστιν
850 2493 864 2518 ὁ

81 2541 158 2574 Θεὸς,
176 2541 222 2567 καὶ
236 2540 314 2573 ἄλλος
332 2541 346 2566 ὀ
362 2542 473 2576 Πατήρ;
494 2541 566 2574 Ὀρθ.
583 2539 628 2574 Μὴ
654 2539 758 2573 γένοιτο
774 2539 780 2565 l
798 2538 865 2565 ἀλλὰ

80 2588 122 2620 τὸ,
141 2587 217 2620 Θεὸς,
231 2587 280 2623 τὴν
296 2587 375 2622 φύσιν
387 2587 471 2623 δηλοῖ,
486 2586 517 2613 τὸ
530 2586 559 2613 δὲ
576 2585 682 2621 Πατὴρ,
703 2585 753 2620 τὴν
773 2585 865 2620 σχέσιν

918 2356 1014 2383 Filius.
1042 2355 1119 2383 Ortlt.
1139 2355 1197 2382 Non
1212 2355 1279 2386 dixi,
1296 2363 1357 2389 quae
1381 2355 1490 2390 propria
1506 2360 1570 2382 sunt
1590 2354 1679 2382 Patris

917 2409 979 2430 esse
992 2409 1099 2436 quoque
1114 2400 1184 2427 Filio
1206 2405 1232 2427 et
1252 2399 1365 2435 Spiritui
1387 2399 1560 2427 communia:
1577 2400 1624 2427 scd
1644 2400 1690 2427 dix

918 2455 960 2479 ea,
974 2455 1034 2482 qua:
1049 2446 1159 2482 propria
1174 2450 1238 2473 sunt
1253 2446 1413 2474 substantiae
1429 2445 1476 2473 Dei
1487 2465 1494 2477 ,
1516 2454 1578 2473 esse
1589 2451 1617 2473 et
1632 2446 1692 2474 Filii

918 2498 945 2521 et
959 2493 1070 2529 Spiritui
1094 2497 1190 2521 sancto
1210 2492 1377 2524 communia,
1396 2495 1426 2519 ut
1448 2492 1694 2526 incorruptibilem.

918 2539 1107 2572 immortalem,
1120 2538 1315 2566 immutabilem
1324 2545 1397 2570 esse,
1409 2537 1518 2565 mentiri
1534 2544 1588 2564 nou
1608 2545 1690 2572 posse

918 2589 946 2613 et
961 2593 1131 2621 quatcunque
1146 2589 1210 2612 sunt
1226 2583 1391 2619 huiusmodi.
1407 2583 1503 2611 Anam.
1514 2583 1621 2618 Ergone
1632 2583 1693 2610 aliu:

117 2664 141 2680 “
159 2663 248 2693 Galat.
266 2672 301 2695 tl.
321 2664 364 2691 14.
402 2665 423 2680 ⁸⁵
444 2663 453 2690 Ι
469 2664 531 2692 Cor.
551 2672 587 2695 tv,
605 2664 632 2691 4.
671 2663 693 2679 ³⁸
710 2662 730 2690 ll
748 2662 823 2691 Petr.
843 2670 872 2695 ιι,
889 2663 917 2690 4.

61 2723 74 2762 λ
118 2742 175 2778 (89)
193 2741 292 2778 ξοιειη
305 2743 360 2778 καὶ
370 2741 424 2777 γὰρ
439 2742 528 2777 ἡμεῖς.

120 2777 176 2812 (90)
195 2777 286 2809 Forte,
306 2777 345 2812 τῷ
358 2785 444 2812 τινας,

119 2808 176 2848 (91)
197 2812 256 2847 Τὴν
263 2808 417 2846 ἀτρέψίαν,
426 2810 555 2846 arpi-mni
564 2811 651 2837 εἰσιν.
662 2809 707 2854 Sic
717 2808 815 2842 Palat.,
830 2809 864 2836 δι’

917 2737 1124 2774 ὀμοιοτέλευτον.
1148 2769 1161 2774 _
1238 2771 1244 2774 _
1267 2770 1273 2774 _
1291 2770 1315 2774 _
1348 2769 1361 2774 _
1432 2768 1479 2774 ,ω

954 2773 1009 2809 (9‘2)
1029 2772 1123 2808 Πατὴρ
1135 2769 1203 2809 εἶναι
1216 2770 1280 2798 αὐτὸ
1291 2769 1413 2806 Πνεῦμα.
1432 2768 1502 2796 Edit.
1517 2767 1614 2805 Steph.
