1926 3067
209 84 280 110 1155

756 82 788 110 S.
808 81 1040 110 ATHANASIUS.
1061 99 1094 103 ——-
1107 81 1248 110 ‘SPUHIA.

1765 83 1846 111 1156

203 139 280 166 {Deus
294 142 346 170 est,
362 139 433 166 alius
446 138 547 166 Pater?
561 138 636 166 Orth.
651 139 745 166 Absit!
764 139 811 166 sed
826 139 872 166 Dei
892 147 989 167 nomen

1043 140 1092 175 τὴν
1107 139 1176 174 πρὸς
1190 139 1236 165 τὸν
1253 139 1325 165 Υἰόν»
1342 139 1411 165 Ὅσα
1426 137 1472 165 οὖν
1488 137 1542 166 ἴδιά
1563 137 1615 166 εισι
1638 136 1688 174 τῆς
1714 139 1845 173 φύσεως,

202 189 332 212 naturam
347 184 459 215 indicat,
478 192 576 211 nomen
585 189 672 211 autem
682 183 772 212 Patris
780 192 839 212 eam
849 186 993 216 rationem,

205 238 287 265 quam
302 230 335 256 ad
351 229 448 256 Filium
471 229 560 256 habet.
591 229 765 264 Quaecunque
786 230 868 264 igitur
885 230 995 264 propria

201 280 270 302 sunt
283 278 405 305 naturae,
430 275 583 300 communia
599 279 663 300 sunt
681 274 803 308 ejusdem
833 275 994 302 substantia:

204 319 407 355 hypostasibus.
420 319 557 353 Siquidem
574 319 647 354 quod
662 320 730 347 dixit
745 320 877 355 propheta
893 321 926 352 ⁸⁷,
939 320 995 348 Ma-

204 364 356 400 gnitudinis
369 363 413 391 Dei
430 372 484 391 non
507 368 549 392 est
571 365 632 392 ﬁnis
644 384 653 396 ,
673 366 772 392 dixerit
793 366 874 392 etiam
891 366 993 401 aliquis

208 414 236 437 et
251 409 284 437 de
301 408 370 435 Filio
383 413 409 436 et
427 409 461 436 de
477 408 598 443 Spiritu;
615 410 679 444 quia
695 418 782 444 neque
798 410 994 444 magnitudinis

208 454 282 486 Filii.
298 463 386 490 neque
400 455 595 489 magnitudinis
613 454 750 490 Spiritus:
764 456 836 482 ullus
848 459 890 482 est
902 456 994 482 termi-

207 508 272 528 nus.
281 500 348 528 Nam
360 510 369 526 ‹
382 500 441 532 Quo
450 500 494 527 ibo
512 508 527 526 a
543 499 646 535 Spiritu
662 500 727 527 tuo?
740 505 767 527 et
782 508 858 535 quoa
870 500 938 527 facie
949 506 994 528 tua

209 547 311 583 fugiam
327 547 369 573 ἐἳ
390 556 399 572 ι
414 546 514 574 Iterum
528 551 619 574 autem
636 547 757 574 omnium
778 547 952 574 conditarum
967 552 995 574 et

207 593 342 620 terminus
369 597 411 620 est
433 592 532 627 aliquis
557 596 584 620 ct
612 593 761 627 quantitas.
788 592 902 619 Possum
920 592 994 619 enim

207 639 299 666 animo
313 639 457 673 concipere
475 637 637 671 Gabrielem,
650 638 697 665 ubi
716 646 770 666 non
790 639 826 667 sit
847 639 968 674 Raphael
984 648 992 666 :

201 684 310 712 Patrem
325 690 416 711 autem
430 689 457 711 et
471 683 570 711 Filium
585 688 612 711 et
628 684 761 718 Spiritum
781 689 906 712 sanctum
932 685 994 712 ubi-

201 738 264 765 que.
274 730 301 756 in
315 729 443 757 omnibus
453 733 481 757 et
491 737 539 764 per
554 730 646 757 omnia
661 735 751 757 mente
765 730 921 758 considero.

236 774 282 802 26.
302 775 398 801 Anam.
417 773 482 801 Dico
499 775 580 801 etiam
596 782 646 809 ego
659 794 666 807 ,
690 775 802 809 ubique,
816 779 842 802 et
861 775 888 801 in
902 776 992 803 omni-

1045 186 1129 212 ταῦτα
1141 185 1218 212 κοινὰ
1231 186 1285 212 τῶν
1298 186 1347 220 τῆς
1356 186 1441 220 αὐτῆς
1455 186 1548 217 οὐσίας
1561 185 1746 212 ὑποστάσεων.
1758 186 1846 221 ’Ᾱμὲ-

1050 231 1090 258 λει
1102 232 1152 258 ικαὶ
1167 233 1216 266 τῆς
1230 231 1423 267 μεγαλωσύνης
1453 231 1498 258 τοῦ
1511 231 1577 258 Θεοῦ
1596 232 1646 258 οὐκ
1662 232 1719 258 ἔστι
1735 231 1843 267 πέρας,

1045 277 1151 312 εἴρηται
1162 277 1237 313 παρὰ
1248 278 1287 313 τῷ
1303 279 1445 313 προφήτῃ·
1462 278 1540 304 τοῦτο
1550 277 1577 304 δὲ
1591 277 1623 304 ἄν
1641 287 1684 309 τις
1702 278 1776 304 εἴποι
1791 278 1844 305 καὶ

1045 324 1110 359 περὶ
1120 324 1166 350 τοῦ
1184 324 1259 355 Υἱοῦ,
1276 325 1322 350 καὶ
1340 325 1403 359 περὶ
1426 324 1473 349 τοῦ
1499 324 1671 358 Πνεύματος·
1697 323 1760 351 οὕτε
1782 324 1842 360 γὰρ

1044 370 1094 404 τῆς
1111 369 1305 404 μεγαλωσύνης
1315 369 1362 395 τοῦ
1378 369 1442 396 Υἱοῦ
1461 370 1515 404 (95)
1527 371 1584 395 ἐστι
1601 370 1695 404 πέρας,
1708 369 1772 396 οὔτε
1787 369 1841 404 τῆς

1047 415 1241 450 μεγαλωσύνης
1265 415 1311 442 τοῦ
1339 415 1506 449 Πνεύματος.
1533 425 1544 440 1
1574 415 1629 442 Ποῦ
1652 425 1662 441 ›
1684 415 1738 451 γὰρ
1757 425 1767 441 ι
1789 424 1840 442 πο-

1045 461 1133 496 ρευθῶ
1145 461 1198 488 ἀπὸ
1208 461 1255 487 τοῦ
1267 461 1424 497 Πνεύματός
1436 471 1498 494 con;
1509 463 1555 488 καὶ
1567 462 1674 488 ἀπὸτοῦ
1685 461 1838 497 προσώπου

1046 516 1093 533 σου
1103 507 1153 533 ποῦ
1162 507 1240 541 φύγω
1247 515 1254 538 ;
1261 517 1269 532 ι
1282 507 1342 533 Τῶν
1350 507 1377 534 δὲ
1389 509 1545 544 κτισμάτων
1552 508 1680 534 ἁπάντων
1688 509 1734 535 καὶ
1746 509 1838 543 πέρας

1045 553 1106 579 ἐστὶ
1132 553 1179 579 κα)⁵
1205 553 1333 589 ποσότης.
1361 554 1484 590 Δύναμαι
1510 554 1563 590 γὰρ
1589 555 1683 589 νοῆσαι
1707 555 1753 581 τὸν
1778 555 1836 581 Γα-

1044 598 1134 635 ϐριὴλ,
1153 599 1220 626 ἔνθα
1246 599 1302 626 ὀὐκ
1331 599 1405 627 ἐστιν
1422 602 1436 628 ὸ
1456 600 1593 636 Ῥαφαήλ·
1611 601 1720 636 Πατέρα
1740 601 1769 627 δὲ
1786 601 1836 627 καὶ

1044 645 1107 672 Υἱὸν
1123 646 1169 672 καὶ
1185 646 1263 679 ἅγιον
1279 646 1403 682 Πνεῦμα,
1424 647 1560 682 πανταχοῦ
1582 647 1628 674 καὶ
1645 648 1673 673 ἐν
1694 648 1761 674 πᾶσι
1786 649 1835 674 καὶ

1043 689 1088 716 διὰ
1105 691 1213 717 πάντων
1231 691 1283 718 νοῶ

1078 769 1122 795 ‘26.
1145 770 1245 805 Ἀνόμ.
1272 772 1357 806 Κάγὼ
1387 772 1468 806 λέγω,
1497 773 1537 798 ὅτι
1558 771 1693 806 πανταχοῦ
1728 771 1776 797 καὶ
1802 771 1834 797 ὲν

200 819 262 850 bus.
278 823 304 846 ct
318 827 366 854 per
381 819 472 845 omnia
482 827 542 846 esse
554 818 673 851 Patrem,
688 818 799 852 Filium,
815 824 842 848 et
857 819 989 855 Spiritum

1044 815 1110 841 πᾶσι
1125 817 1172 843 καὶ
1184 817 1227 845 διὰ
1242 818 1351 845 πάντων
1368 818 1427 845 ἐστὶ
1450 818 1542 853 Πατὴρ
1557 819 1605 844 καὶ
1619 818 1681 849 Υἱὸς
1695 817 1741 843 καὶ
1753 817 1833 851 ἆγιον

200 869 338 892 sanctum.
359 864 435 892 Οι-ιΙι.
453 865 548 893 Nonne
565 865 591 893 id
603 869 645 893 est
655 866 899 898 consubstantiale,
911 867 986 901 quod

203 912 328 938 eamdem
341 911 501 938 substantiae
511 912 642 939 rationem
654 912 764 946 recipit?
778 912 873 939 Anam.
883 912 941 939 Non
951 913 992 939 di-

199 957 240 984 cis
256 957 340 990 igitur
355 956 486 990 majorem
496 964 557 984 esse
565 955 672 983 Patrem
683 955 764 983 Filio?
778 957 855 984 ΟνιΙι.
864 956 899 984 Ut
908 957 993 985 Deum

198 1002 254 1030 Deo
268 1003 409 1037 majorem,
422 1011 594 1038 nequaquam
612 1013 617 1030 :
633 1003 683 1031 sed
696 1008 725 1030 ut
741 1003 850 1030 Patrem
865 1003 926 1031 Filii
939 1004 992 1031 hu-

197 1057 278 1076 mana
291 1057 374 1076 carne
389 1049 476 1076 induti
491 1059 497 1076 :
515 1049 649 1084 siquidem
668 1057 722 1076 non
737 1049 824 1076 dixit:
845 1049 916 1077 Deus
933 1057 992 1076 ma-

196 1094 241 1128 jor
255 1102 298 1121 me
310 1097 363 1126 est,
385 1094 432 1121 sed
447 1103 456 1119 ι
473 1093 553 1121 Pater
571 1093 659 1128 major
686 1101 729 1119 me
746 1098 788 1120 est
805 1093 838 1119 ³³.
857 1102 866 1118 ι
893 1094 991 1120 Anam.

197 1139 297 1166 Filium
325 1147 390 1174 ergo
419 1139 489 1166 dicis
515 1139 615 1166 deitale
647 1138 780 1172 aequalem
809 1146 871 1165 esse
899 1137 992 1165 Patri?

196 1185 275 1213 Ortli.
297 1185 434 1212 Maxime:
456 1185 522 1212 dicit
538 1184 610 1212 enim
627 1184 796 1219 Apostolus:
816 1193 825 1209 ι
847 1183 904 1211 Hoc
928 1192 992 1212 sen-

197 1232 246 1259 tite
261 1232 288 1258 in
303 1232 392 1263 vobis,
411 1231 483 1266 quod
500 1231 566 1258 etin
582 1230 692 1258 Christo
709 1229 774 1257 Jesu
789 1239 796 1257 :
816 1231 864 1265 qui
885 1237 950 1257 cum
963 1231 991 1258 in

197 1278 286 1305 forma
304 1276 350 1306 Dei
365 1281 449 1311 esset,
463 1285 518 1304 non
530 1277 653 1312 rapinam
668 1277 818 1304 arbitratus
833 1280 874 1304 est
885 1284 947 1304 esse
961 1284 992 1304 se

195 1324 330 1359 aqualem
342 1323 397 1350 Deo
406 1324 440 1349 ”⁰.
461 1332 469 1348 ι
483 1325 576 1349 Anam.
585 1321 663 1357 Quod
676 1322 821 1357 igituripse
829 1329 882 1349 non
890 1321 990 1356 rapuit,

196 1378 247 1397 cur
267 1369 307 1396 illi
323 1369 468 1397 attribuis?
489 1368 565 1396 0rtlz.
583 1367 717 1401 Quoniam
730 1368 788 1403 ipse
809 1376 863 1396 non
883 1369 1010 1403 rapuit,.

196 1416 245 1443 sed
257 1415 338 1442 habet
353 1419 473 1448 natura;
495 1419 522 1442 et
541 1415 592 1441 hoc
611 1414 726 1447 habens,
744 1423 753 1439 ι
774 1414 926 1441 exinanivit
947 1422 991 1442 se-

195 1459 350 1494 metipsum,
364 1459 451 1486 forma
468 1460 538 1486 servi
552 1463 663 1494 accepta
683 1460 716 1486 “.
736 1468 745 1484 ι
758 1459 824 1492 Quae
839 1460 911 1486 enim
927 1460 988 1487 laus

195 1503 328 1530 debeatur
342 1503 378 1535 ei,
391 1503 438 1538 qui
461 1511 542 1538 quam
554 1511 609 1530 non
624 1503 705 1530 habet
720 1504 913 1539 aequalitatem,
928 1511 989 1530 eam

196 1557 250 1577 non
268 1549 379 1584 rapuit?
401 1548 470 1576 Nam
495 1549 518 1575 si
544 1549 596 1576 hoc
615 1549 751 1576 laudabile
777 1553 834 1581 est,
863 1549 988 1576 similiter

193 1594 277 1622 etiam
292 1595 390 1622 caelum
409 1594 575 1627 laudabitur,
591 1598 618 1622 et
630 1594 757 1627 Gabriel,
771 1599 798 1622 et
814 1594 945 1629 Baphael,
959 1599 988 1622 et

193 1641 353 1676 angelorum
384 1640 496 1676 singuli,
512 1644 538 1668 et
561 1640 742 1676 arcliangelus
761 1641 895 1676 quilibet,
912 1641 987 1677 quod

195 1686 380 1721 aequalitatem
394 1693 457 1713 cum
473 1685 528 1712 Deo
552 1693 607 1712 non
623 1686 774 1720 rapuerint.

231 1733 276 1760 27.
294 1733 391 1760 Anam.
414 1732 469 1759 Nos
485 1732 604 1759 dicimus
628 1731 748 1764 Patrem,
767 1736 794 1759 et
819 1730 919 1758 Filium
932 1750 940 1763 ,
961 1736 989 1758 et

196 1780 329 1815 Spiritum
346 1784 471 1807 sanctum
487 1787 547 1806 esse
565 1779 651 1806 instar
670 1778 803 1813 episcopi.
829 1782 856 1805 et
873 1778 987 1812 presby-

195 1826 258 1858 teri,
272 1829 298 1852 et
313 1825 432 1852 diaconi.
455 1824 531 1852 Orth.
556 1824 610 1851 Sed
633 1825 705 1852 sicut
718 1823 855 1858 quispiam
871 1823 916 1858 qui
931 1823 988 1857 epi-

195 1879 297 1906 scopus
311 1879 366 1898 non
382 1871 428 1902 sit,
441 1875 468 1898 et
486 1875 577 1898 tamen
594 1871 675 1898 homo
690 1871 736 1903 sit,
754 1869 877 1897 eamdem
907 1869 988 1896 habet

196 1922 321 1944 naturam
337 1920 418 1952 atque
429 1917 575 1952 episcopus
591 1926 597 1944 :
609 1916 734 1944 similiter
747 1919 774 1944 et
788 1915 931 1947 diaconus,
940 1915 988 1950 qui

165 1980 170 1986 .
197 1970 287 1998 neque
299 1963 439 1998 presbyter
447 1962 493 1995 sit,
502 1963 751 1997 nequeepiscnpus,
759 1960 881 1995 ejusdem
897 1965 988 1988 tamen

195 2013 239 2037 est
250 2013 369 2036 naturae:
386 2010 424 2036 ita
439 2001 521 2044 igitur
535 2015 564 2036 tu
578 2015 687 2044 quoque
699 2008 793 2035 fateris
811 2007 909 2034 Filium
925 2007 988 2042 qui-

196 2054 259 2082 dem
275 2062 330 2082 non
343 2062 404 2082 esse
414 2054 533 2088 Patrem,
550 2055 598 2082 sed
613 2055 736 2089 ejusdem
752 2062 813 2081 essa
827 2060 932 2081 natura:
946 2058 987 2080 at-

196 2107 250 2135 que
274 2099 405 2127 Patrem:
437 2099 587 2135 itidemque
613 2100 745 2135 Spiritum
773 2099 820 2125 Dei
849 2106 904 2126 non
925 2106 987 2126 esse

1045 861 1167 896 Πνεῦμα.
1188 863 1260 897 Ὀρθ,
1278 864 1363 890 Τοῦτο
1376 862 1421 891 οὖν
1435 865 1508 890 ἐστιν
1526 865 1580 899 (94)
1596 863 1745 898 ὁμοούσιον,
1758 863 1773 889 ὅ
1784 863 1833 889 τὸν

1043 907 1123 933 αὐτὸν
1139 908 1291 944 ἐπιδέχεται
1305 910 1382 944 λόγον
1394 911 1443 945 τῆς
1454 910 1556 941 οὐσίας.
1581 910 1677 944 ’Δγ-ὀμ.
1692 909 1729 936 Οὐ
1739 909 1834 943 λέγεις

1042 951 1089 979 οῦν
1105 953 1217 988 μείζονα
1230 955 1275 982 τὸν
1286 956 1394 991 Πατέρα
1410 956 1456 983 τοῦ
1481 955 1563 988 Υἱοῦ;
1590 955 1663 989 Ὀρθ.
1692 955 1736 986 Ὠς
1763 954 1833 980 θεὸν

1043 998 1122 1031 Θεοῦ,
1153 1000 1201 1026 οὗ⁸
1228 1002 1265 1034 ὠς
1291 1003 1401 1039 Πατέρα
1427 1003 1455 1029 δὲ
1480 1002 1544 1029 Υἱοῦ
1561 1002 1830 1038 ὲνανθρωπήσαντος.

1050 1045 1158 1081 Ἀμέλει
1169 1047 1219 1073 οὐκ
1233 1045 1318 1075 εἶπεν·
1339 1048 1369 1076 Ὀ
1385 1049 1451 1080 Θεὸς
1468 1048 1568 1084 μείζων
1584 1057 1634 1084 μου
1655 1049 1742 1074 ἐστίν·
1759 1049 1830 1079 ἀλλ’.

1046 1100 1055 1117 ι
1077 1092 1104 1118 '0
1116 1093 1209 1128 Πατὴρ
1226 1094 1327 1128 μείζων
1344 1103 1394 1129 μου
1408 1095 1492 1121 ἐστίν.
1509 1105 1518 1120 ι
1543 1095 1641 1129 Ἀνόμ.
1664 1094 1702 1130 Τῇ
1723 1094 1831 1129 θεότητι

1043 1135 1088 1164 οὖν
1105 1137 1161 1165 ἴσον
1173 1138 1261 1172 λέγεις
1276 1140 1321 1166 τὸν
1335 1140 1397 1166 Υἱὸν
1407 1140 1453 1166 τοῦ
1465 1139 1570 1175 Πατρός
1579 1149 1586 1172 ;
1595 1140 1667 1174 Ὀρθ.
1680 1140 1734 1166 Καὶ
1747 1139 1829 1166 πάνυ”

1043 1185 1154 1220 καὶγὰρ
1170 1185 1216 1212 καὶ
1227 1186 1241 1211 ὁ
1265 1186 1424 1217 Ἀπόστολος
1439 1185 1513 1220 λέγει
1527 1194 1533 1200 ·
1559 1195 1568 1210 ι
1582 1186 1667 1212 Τοῦτο
1679 1185 1831 1221 φρονείσθω

1043 1231 1071 1257 ἐν
1088 1231 1185 1266 ὑμῖν,ὃ
1200 1232 1247 1258 καὶ
1260 1233 1289 1258 ὲν
1304 1232 1414 1267 Χριστῷ
1433 1231 1521 1267 Ἰησοῦ
1532 1240 1538 1246 ·
1558 1231 1597 1263 ὃς,
1617 1233 1645 1258 ἐν
1659 1233 1748 1267 μορφῇ
1761 1231 1830 1257 Θεοῦ

1041 1277 1239 1312 ὑπάρχων,οὺχ
1255 1278 1400 1313 ἁρπαγμὸν
1416 1279 1539 1313 ἡγήσατο
1553 1277 1583 1304 τὸ
1596 1275 1666 1304 εἶναι
1678 1278 1722 1304 ἴσα
1730 1278 1800 1313 Θεῷ.
1816 1289 1826 1304 ι

1048 1322 1146 1356 ’Δγ-ὀμ.
1166 1323 1199 1349 Ὃ
1214 1321 1261 1349 οὖν
1272 1323 1352 1354 αὐτὸς
1365 1323 1413 1358 οὐχ
1425 1324 1533 1358 ἥρπασε
1549 1322 1617 1358 (95),
1636 1324 1668 1350 σὺ
1684 1322 1729 1349 διὰ
1747 1323 1773 1349 τί
1789 1323 1829 1350 δί-

1041 1369 1093 1401 δως
1105 1369 1194 1404 αὐτῷ;
1215 1370 1287 1403 Ὀρθ.
1306 1370 1366 1395 Ὅτι
1382 1370 1430 1404 οὺχ
1445 1369 1578 1405 ἥρπασεν,
1593 1369 1650 1396 ἀλλ’
1663 1369 1718 1404 ἔχει
1731 1371 1764 1405 τῇ
1781 1370 1829 1404 φῶ

1042 1423 1099 1441 σει*
1118 1415 1165 1441 καὶ
1181 1414 1249 1450 ἔχων
1266 1415 1355 1446 τοῦτο,
1369 1424 1377 1439 ι
1396 1415 1490 1442 ἑαυτὸν
1503 1415 1630 1446 ὲκένωσε,
1645 1415 1755 1450 μορφὴν,
1765 1414 1828 1441 δού-

1041 1460 1087 1486 λου
1101 1460 1201 1488 λαϐὼν,
1227 1470 1236 1486 ι
1263 1461 1341 1491 Ποίος
1357 1460 1411 1495 γὰρ
1424 1458 1458 1496 ἧν
1472 1460 1581 1492 ἔπαινος
1590 1461 1627 1496 τῷ
1639 1461 1677 1496 μὴ
1695 1460 1782 1496 ἔχοντι
1796 1461 1829 1487 τὺ

1003 1488 1024 1517 C
1042 1506 1109 1539 ῐσον,
1125 1506 1172 1533 καὶ
1190 1505 1228 1541 μὴ
1243 1488 1410 1541 ἀρπάξοντις
1424 1488 1518 1541 έίγὰρ
1528 1488 1605 1532 τοῦτο
1613 1488 1735 1538 ’ἐπαίνοςζ
1747 1507 1828 1534 ἐπαι-

1038 1552 1180 1586 νεθήσεται
1195 1551 1296 1586 ὁμοίως
1311 1551 1381 1578 καὶὸ
1392 1552 1516 1587 οὐρανὸς,
1533 1557 1580 1578 και
1600 1553 1615 1578 ὁ
1634 1552 1765 1588 Γαϐριὴλ,
1778 1553 1827 1580 καὶ

1037 1598 1052 1623 ὁ
1069 1597 1200 1633 Ῥαφαὴλ.
1215 1598 1262 1624 καὶ
1284 1597 1398 1628 ἕκαστος
1411 1597 1464 1623 τῶν
1481 1597 1614 1631 ἀγγέλων,
1637 1598 1685 1624 καὶ
1708 1598 1825 1630 ἕκαστος

1037 1644 1092 1671 τῶν
1109 1643 1296 1680 ἁρχαγγέλων,
1311 1644 1352 1670 ὅτι
1367 1643 1404 1679 μὴ
1420 1643 1548 1678 ἥρπασαν
1561 1643 1591 1670 τὸ
1606 1641 1676 1670 εἶναι
1695 1644 1741 1671 ἴσα
1754 1644 1825 1680 Θεῷ.

1073 1732 1118 1759 27.
1150 1733 1248 1767 Ἀνάμ.
1272 1732 1368 1768 Ἡμεῖς
1390 1733 1504 1769 λέγομεν
1525 1733 1650 1769 Πατέρα,
1676 1733 1723 1760 καὶ
1750 1733 1825 1767 libV,

1038 1778 1084 1804 καὶ
1101 1778 1178 1812 ἅγιον
1192 1778 1315 1814 Πνεῦμα,
1329 1779 1367 1811 ὼς
1390 1779 1549 1812 ἐπίσκοπον,
1567 1780 1614 1806 καὶ
1631 1780 1823 1815 πρεσῦύτερον,

1038 1825 1085 1851 καὶ
1110 1825 1231 1851 διάκονον
1261 1825 1325 1860 (96).
1359 1826 1431 1859 Ὀρθ.
1458 1825 1528 1852 Ἀλλ’
1557 1825 1652 1861 ὥσπερ
1679 1826 1825 1858 ἐπίσκοπος

1037 1871 1087 1897 ούκ
1114 1870 1162 1903 ὦν,
1194 1871 1337 1906 ἄνθρωπος
1359 1871 1388 1898 δὲ
1409 1871 1457 1903 ὢν,
1484 1871 1535 1906 τὴν
1556 1872 1641 1907 αὐτὴν
1669 1872 1723 1907 ἔχει
1741 1872 1822 1906 φύσιν

1037 1915 1077 1951 τῷ
1089 1916 1246 1952 ὲπισκόπῳθ
1260 1916 1361 1951 ὁμοίως
1373 1917 1420 1943 καὶ
1438 1917 1453 1943 ὁ
1469 1917 1602 1948 διάκονος,
1623 1917 1684 1943 οὕτε
1706 1918 1823 1952 7:956:65-

1037 1971 1126 1998 τερος,
1137 1962 1199 1989 οὔτε
1216 1963 1364 1995 ἐπίσκοπος
1389 1962 1438 1994 ὢν.
1462 1963 1511 1998 τῆς
1532 1964 1618 1997 αὐτῆς
1646 1963 1737 1998 μέντοι
1766 1965 1824 1990 ἐστὶ

1038 2008 1146 2042 φύσεως
1157 2016 1163 2023 ·
1177 2007 1264 2040 οὕτως
1280 2005 1326 2035 οὖν
1342 2008 1431 2042 λέγεις
1456 2009 1502 2035 καὶ
1524 2009 1604 2040 αὐτος
1623 2009 1667 2035 τὸν
1679 2009 1742 2035 Υἱὺν
1769 2010 1824 2035 Πα-

1037 2054 1105 2090 τέρα
1123 2054 1172 2089 μὲν
1189 2054 1226 2089 μὴ
1244 2051 1325 2086 εἶναι,
1350 2054 1400 2088 τῆς
1416 2054 1444 2080 δὲ
1472 2055 1555 2090 αὐτῆς
1582 2054 1689 2088 φύσεως
1706 2054 1746 2090 τῷ
1770 2055 1824 2080 Πα-

1038 2099 1098 2135 τρί·
1117 2099 1205 2125 καὶτὸ
1219 2098 1331 2134 Πνεῦμα
1349 2098 1377 2125 δὲ
1391 2098 1438 2124 τοῦ
1448 2098 1527 2131 Θεοῦ,
1550 2099 1613 2125 Υἱὺν
1632 2099 1680 2134 μὲν
1704 2099 1741 2134 μὴ
1756 2097 1823 2126 εἶναι

196 2146 306 2181 quidem
319 2145 429 2178 Filium,
446 2153 535 2181 neque
542 2145 663 2178 Patrem,
679 2146 727 2173 sed
740 2145 862 2180 ejusdem
873 2152 934 2172 esse
946 2149 987 2171 al-

1042 2146 1107 2181 μήτε
1121 2145 1240 2180 Πατέρα,
1260 2145 1309 2179 τῆς
1330 2145 1358 2171 δὲ
1383 2144 1468 2179 αὐτῆς
1495 2142 1564 2171 εἶναι
1581 2145 1636 2180 (97)
1653 2145 1760 2180 φύσεως
1786 2146 1823 2180 τῷ

195 2200 249 2227 que
268 2191 375 2220 Patrem
391 2196 516 2219 naturae:
541 2200 591 2220 cur
619 2193 703 2227 igitur
727 2192 867 2219 auditores
893 2191 984 2224 fallis,

195 2245 259 2264 cum
271 2238 379 2264 nescias
394 2238 459 2272 quid
475 2237 567 2265 dicas?
587 2245 619 2264 ac
636 2245 690 2264 non
715 2237 785 2265 dicis
801 2243 856 2264 tres
872 2241 986 2265 naturas

196 2283 362 2314 dissimiles,
388 2288 419 2310 ut
440 2284 577 2318 angelum,
593 2287 620 2311 et
635 2283 773 2311 hominem
785 2303 792 2315 ,
816 2288 844 2310 et
868 2283 986 2318 equum?

195 2330 292 2356 Anam.
309 2329 390 2366 423
408 2329 447 2356 Ita
461 2330 522 2358 dico
538 2339 544 2356 :
562 2330 663 2364 alioqui
682 2329 781 2356 fuerim
802 2329 986 2358 consubstan-

231 2409 252 2424 ³⁷
273 2408 346 2443 Psal.
364 2416 455 2441 cxuv,
472 2408 499 2435 5.
538 2407 560 2423 ³⁸
579 2406 653 2436 Psal.
669 2415 810 2442 cxxxvni,
828 2407 855 2434 7.
895 2408 917 2423 "
936 2406 1016 2434 Jaan.

231 2487 286 2522 (9'5)
305 2486 405 2518 Palat.,
421 2486 467 2512 τοῦ
483 2486 560 2522 Θεοῦ.

232 2518 288 2557 (94)
307 2522 378 2549 Edit.
389 2522 495 2557 Steph.,
504 2521 589 2548 Τοῦτο
595 2521 646 2548 οὐκ
655 2521 738 2548 ἐστιν.
750 2520 829 2555 Mss.,
839 2520 925 2548 Τοῦτο
937 2518 984 2548 οὖν

197 2559 281 2585 ἐστιν.

232 2593 287 2628 (95)
306 2591 405 2625 Palat.,
420 2588 606 2628 El_aﬁvrabrac
619 2591 816 2628 obxrﬁpnacsv.

233 2626 289 2663 (96)
309 2627 395 2654 Palat.
411 2632 437 2655 et
449 2626 552 2659 Felck.,
567 2626 800 2663 Ἡμεζςλέγομεν,
818 2628 870 2659 ὅτι,
888 2626 984 2663 ὥσπερ

194 2664 211 2690 ὁ
220 2663 403 2698 πρεσϐύτερος
411 2662 559 2694 ἐπίσκοπος
572 2663 622 2688 οὐκ
637 2662 722 2693 ἐστιν,
735 2662 877 2698 ἄνθρωπος
889 2662 917 2688 δὲ
924 2662 980 2698 γῶν,

194 2697 247 2734 τὴν
254 2699 337 2734 αὐτὴν
352 2697 432 2732 φύσιν
446 2698 501 2732 ἔχει
512 2697 550 2732 τῷ
564 2697 715 2734 ἐπισκόπῳ-
728 2697 828 2734 ομοίως
838 2698 885 2724 καὶ
897 2698 910 2722 ὁ
921 2697 980 2734 ati-

195 2732 284 2765 κόνος,
310 2732 370 2759 οὔτε
395 2734 587 2768 πρεσϐύτερος,
614 2732 675 2759 οὒτε
697 2732 982 2768 διάκονοςπτοιαύτης

198 2769 290 2804 μέντοι
306 2769 363 2804 ἐστὶ
380 2767 486 2804 φύζτεως
503 2767 604 2804 (Felck.
627 2768 763 2804 solursrhic
791 2767 866 2804 addit
884 2768 980 2804 @904.

195 2801 290 2834 ὒῦτως
305 2801 361 2830 οὖν.
378 2803 456 2839 lieg.,
477 2801 570 2838 ’Ai-o’y.
580 2804 674 2838 Ἡμεῖς
685 2803 809 2838 λέγομεν,
823 2803 872 2836 ὅτι,
888 2802 981 2838 ὥσπερ

1039 2190 1135 2226 Πατρί.
1153 2191 1185 2217 Τί
1211 2189 1257 2217 οὗν
1275 2191 1381 2225 ἀπατᾷς
1403 2191 1466 2222 τοὺς
1492 2191 1655 2222 ἀκούοντας,
1684 2191 1721 2226 μὴ
1747 2191 1822 2222 εἰδὼς

1037 2237 1055 2265 ἃ
1082 2237 1170 2271 λέγεις
1186 2257 1193 2269 ,
1223 2237 1254 2263 οὐ
1287 2237 1375 2272 λέγεις
1400 2237 1429 2263 δὲ
1455 2239 1529 2272 τρεῖς
1562 2237 1656 2271 φύσεις
1681 2237 1822 2272 ἀνομοίους

1038 2283 1076 2315 ὠς
1104 2283 1237 2317 ἄγγελον,
1263 2284 1311 2310 καὶ
1334 2283 1496 2319 ἄνθρωπον,
1523 2284 1569 2310 καὶ
1597 2284 1698 2316 ἵππον;
1725 2284 1820 2318 Ἀνόμ.

1039 2328 1117 2356 Οῦτω
1134 2329 1206 2363 λέγω
1218 2337 1225 2344 ο
1247 2329 1294 2355 ἐὰν
1310 2329 1365 2365 γὰρ
1377 2329 1457 2355 τοῦτο
1478 2328 1515 2365 μὴ
1531 2328 1611 2361 εἴπω,
1628 2331 1821 2366 ὁμοουσιαστὴς

1035 2415 1091 2440 xw,
1108 2407 1154 2435 28.
1192 2407 1215 2424 “
1234 2407 1352 2442 Philipp.
1370 2415 1408 2439 ιι,
1426 2407 1460 2439 5,
1478 2407 1505 2434 6.
1550 2406 1571 2422 “
1592 2406 1660 2434 ibid.
1678 2407 1705 2435 7.

1038 2485 1196 2517 ἐπίσκοπος,
1222 2485 1268 2511 καὶ
1292 2484 1485 2519 πρεσϐύτερος,
1510 2484 1557 2510 καὶ
1580 2483 1713 2514 διάκονος·
1739 2483 1821 2514 οὕτως

1037 2521 1097 2546 ἐστὶ
1111 2521 1205 2560 Πατὴρ
1218 2521 1273 2560 καὶ.
1285 2519 1350 2560 THE
1367 2520 1412 2546 καὶ
1431 2519 1507 2560 inci;
1520 2519 1647 2560 Πνεῦμα.

1037 2564 1125 2599 κνυσξ³
1133 2554 1204 2599 μήτε
1227 2555 1306 2599 τοῦτο
1321 2555 1443 2599 λέγοντα.
1463 2554 1649 2599 ergata?“
1673 2554 1748 2599 Ὀρθὶ
1765 2555 1821 2595 “0‘1:

1037 2588 1221 2639 πρεσὸὖιτέρος
1233 2590 1282 2632 μὲν
1295 2590 1442 2639 ἐπίσκοπος
1451 2589 1501 2615 οὐκ
1510 2589 1550 2615 ἐτι
1561 2589 1702 2624 ἄνθρωπος
1716 2588 1765 2623 μὲν
1775 2588 1821 2623 τὴν

1037 2629 1121 2661 αὐτὴν
1137 2629 1193 2660 ἔχει
1207 2629 1297 2659 φύσιν,
1313 2629 1366 2651 etc.

1037 2696 1042 2700 _
1071 2661 1126 2700 (97)
1142 2660 1229 2700 Εἶναι.
1242 2659 1485 2700 abestafalatino.
1500 2658 1612 2700 ibidem,
1628 2657 1718 2700 Felclt.
1734 2662 1761 2685 et
1772 2657 1820 2700 Pa:

1034 2696 1125 2728 latin.,
1142 2695 1239 2731 Πατρί.
1261 2695 1370 2730 Ἐπειδὴ
1389 2697 1455 2731 πο.ρῖ
1477 2695 1559 2731 αὑτοῦ
1582 2695 1770 2731 ἐκπορεύεται,
1795 2696 1818 2720 el

1034 2727 1122 2759 erasis
1135 2727 1322 2766 quibusdam,
1335 2727 1411 2764 Ὀξρθ.
1424 2727 1460 2766 Τί
1471 2727 1520 2766 οὖν
1530 2727 1819 2766 ἀπατᾲςξΡοζοξηιοεο

1034 2762 1176 2828 gas'oru'm
1192 2766 1274 2808 habet
1291 2774 1297 2792 2
1318 2762 1412 2801 Ἁνόμ.
1426 2765 1473 2792 υῡ.
1496 2764 1556 2793 Μο).
1574 2762 1666 2797 iidem,
1688 2763 1717 2790 οὺ
1732 2762 1818 2797 λέγεις

1050 2817 1072 2828 ς.
1087 2810 1128 2828 οτι
1143 2809 1227 2828 τοεις.

1050 2802 1072 2835 ὲ,
1087 2802 1128 2828 ὅτι
1143 2802 1227 2836 τρεῖς.
