1926 3067
70 114 82 142 εὶ
90 112 140 143 157

553 109 599 140 DE
619 111 751 141 SANCTA
773 112 960 142 TRINITATE
979 113 1153 143 DIALOGUS
1172 114 1202 141 ll.

1625 112 1695 143 “58

73 172 215 207 ετενόμην.
257 173 324 206 Ορθ.
345 173 450 207 Ἔγνως
466 170 522 204 οὖν,
539 172 581 198 ὅτι
597 173 611 198 ὁ
630 164 717 207 λέγων
729 173 775 199 τὸν
804 173 860 199 Πα-

914 174 1024 201 tialista.
1046 173 1121 201 Ortli.
1147 173 1270 201 Didicisti
1287 173 1370 208 igitur
1383 181 1456 206 eum,
1482 175 1529 209 qui
1553 174 1626 201 dicat
1642 175 1693 202 Pa-

75 218 139 254 εὲρα
159 218 197 249 ὡς
217 217 375 251 ἐπίσκοπον,
395 218 443 244 καὶ
464 217 509 244 τὸν
526 218 590 245 Υἱὸν
607 218 645 250 ὡς
668 218 860 253 πρεσὸύτερον,

75 261 119 290 (Et
158 263 189 290 τὸ
221 263 333 298 Πνεῦμα
369 263 406 294 ὡς
438 263 578 296 διάκονον,
605 263 746 299 ὁμοούσιον
778 263 860 298 λέγει»

75 309 151 335 ὀῦτω
177 309 206 335 δὲ
234 308 321 343 λέγων
348 309 445 336 σαυτὸν
469 309 631 344 Χριστιανὸν
656 310 784 344 ἐνόμισας
806 310 861 345 (98)

76 354 156 389 μέχρι
180 353 225 380 τοῦ
240 354 382 389 παρόντος,
396 355 428 380 Et
441 354 469 380 δὲ
478 354 558 381 τοῦτο
572 355 586 380 ὁ
599 354 685 388 λέγων
693 355 723 380 οὺ
739 354 862 390 κέκριται

71 408 116 426 σοι
139 398 208 426 εἶναι
223 399 394 436 Χριστιανὸς,
410 400 507 427 σαυτὸν
518 400 572 436 ἄρα
586 399 760 435 κατέκρινας,
771 400 818 426 καὶ
830 401 862 427 ἐκ

78 446 121 473 τοῦ
140 446 271 481 στόματός
283 455 330 473 σου
345 446 456 482 ὲκρίθης
468 446 504 482 μὴ
519 446 557 473 ὢν
567 446 740 481 Χριστιανός.
761 447 860 481 ’Δνόμ.

79 492 110 520 '0
124 492 210 526 λέγων
226 489 272 519 οὖν
282 491 423 527 ὁμοούσιον
441 492 601 528 Χριστιανὸς
612 493 661 519 οὑκ
677 492 765 526 gmw;
784 493 860 526 ‘0p0.

79 539 110 565 '0
124 537 211 572 λέγων
229 537 369 574 ὁμοούσιον
381 538 543 574 Χριστιανός
567 539 640 564 ἐστιν
652 547 659 553 ·
674 539 688 564 ὁ
701 538 731 565 δὲ
744 538 861 574 νομίζων

78 584 114 620 μὴ
127 581 196 611 εἶναι
209 584 368 619 Χριστιανὸν
383 584 429 610 τὸν
443 583 556 618 λέγοντα.
581 584 735 619 ὁμοούσιον,
752 585 799 610 καὶ
813 585 861 610 αὒ-

76 631 120 662 εὸς
146 631 243 664 λέγων,
268 631 445 666 εὑρεθήσεται
467 630 562 658 ἑαυτὸν
587 631 770 666 κατακρίνων,
786 631 826 662 ὡς
847 632 862 658 ὁ

77 677 160 708 «ira;
181 676 272 708 δοῦλος
286 678 399 709 ἐκεῖνος,
419 679 433 703 ὁ
445 679 477 704 ἐκ
489 677 536 704 τοῦ
552 678 617 704 ἰδίου
634 677 764 712 στόματος
775 686 860 704 κατα-

78 722 246 758 ιεκριμένος.
275 724 372 758 Ἀνόμ.
389 724 450 756 Πῶς
464 724 518 760 γὰρ
540 724 605 750 αὐτὸ
618 723 704 758 λέγων
728 723 859 759 εὑρέθην;

80 770 158 804 Ὀρθ.
170 767 257 801 Εἷπας
271 770 322 802 ὅτι,
341 770 434 805 Ἡμεῖς
453 770 568 805 λέγομεν
591 770 709 805 Πατέρα,
725 770 772 796 καὶ
785 769 858 802 Υἰὺν,

77 816 122 842 ια).
139 816 215 850 ἆγιον
226 815 349 851 Πνεῦμα,
366 816 403 847 ὠς
418 816 472 851 (99)
490 816 647 849 ἐπίσκοπον,
665 815 858 851 πρεσϐύτερον,

913 223 982 246 trem
993 226 1054 246 esse
1069 223 1099 245 ut
1111 219 1278 254 episcopum,
1295 223 1321 246 et
1334 218 1433 246 Filium
1448 223 1476 245 ut
1490 219 1693 254 presbyterum.

912 268 940 291 et
955 264 1085 299 Spiritum
1103 269 1131 292 ut
1146 265 1308 297 diaconum,
1323 266 1634 292 consubstantialitutcm
1653 265 1696 292 di-

913 318 982 338 cere.
1002 311 1090 346 Atque
1106 311 1141 337 ita
1158 312 1272 338 dicenth
1286 317 1312 338 te
1328 311 1514 338 Christianum
1529 319 1589 338 esse
1605 312 1698 338 hacte-

912 365 964 383 nus
977 357 1152 384 existimasti.
1169 357 1246 390 Quod
1262 365 1284 384 SI
1297 357 1406 391 iudicas
1422 365 1494 389 eum,
1518 357 1564 392 qui
1581 358 1632 384 hoc
1651 358 1694 383 di-

912 407 967 434 cat,
982 410 1036 430 non
1049 411 1110 430 esse
1126 403 1311 430 Christianum
1323 422 1330 435 ,
1352 404 1468 438 teipsum
1485 403 1613 429 nimirum
1627 410 1696 429 con-

912 447 1045 475 demnasti
1059 457 1066 474 :
1083 453 1110 475 et
1123 456 1157 474 ex
1175 452 1222 474 tuo
1245 448 1332 483 ipsius
1354 455 1402 475 ore
1428 448 1602 475 convinceris
1617 448 1697 474 Cbri-

912 494 1018 521 stianus
1031 501 1086 520 non
1105 501 1177 521 esse.
1194 494 1289 521 Anam.
1316 493 1375 520 Non
1400 497 1441 520 est
1467 493 1548 528 igitur
1563 494 1697 520 Christia-

911 547 980 571 nus,
1010 539 1057 574 qui
1085 540 1398 567 consubstantialitatem
1422 540 1510 566 dicit?
1539 539 1615 567 Orth.
1645 539 1697 573 Qui

911 586 1222 613 consubstantialitatem
1252 586 1334 618 dicit,
1359 585 1533 613 Christianus
1562 590 1622 613 est:
1649 587 1696 621 qui

910 638 976 658 vero
1009 631 1147 658 existimat
1174 638 1237 658 eum
1264 638 1319 657 non
1336 638 1397 657 esse
1418 630 1623 662 Christianum,
1649 631 1696 665 qui

911 677 1222 704 consubstantialitatem
1235 677 1343 708 dicit.et
1354 680 1445 704 tamen
1462 677 1520 712 ipse
1536 677 1605 703 hanc
1618 677 1696 710 dicit,

911 724 1093 757 comperietur
1108 725 1228 757 scipsum
1251 723 1435 750 condemnare
1450 743 1458 756 ,
1482 727 1510 749 ut
1535 731 1631 751 servus
1653 724 1698 751 ille

911 769 1038 796 malusex
1052 776 1102 796 suo
1119 769 1204 803 ipsius
1217 776 1264 807 ore
1277 769 1432 795 damnatus.
1443 769 1539 794 Anam.
1556 768 1698 801 Quomodo

911 824 976 843 vero
986 823 1046 842 sum
1061 819 1218 850 compertus
1229 816 1297 842 hanc
1307 815 1497 844 dicere?0rtlz.
1507 815 1572 847 Nos,
1586 816 1677 843 dixisti
1689 837 1696 849 ,

77 861 123 886 aut
148 860 278 888 διάκονον.
300 862 398 896 Ἀνόμ.
421 850 558 896 Ὁμολογῷ
581 861 729 897 εἰρηκέναι,
744 861 781 893 ὡς
803 850 860 887 ἐπί-

914 863 1029 890 dicimus
1048 862 1165 894 Patrem,
1182 861 1292 894 Filium,
1306 867 1333 889 et
1349 861 1482 897 Spiritum
1496 867 1622 889 sanctum
1637 869 1699 889 esse

78 915 188 939 σκοπον,
219 907 422 943 πρεσὸύτερον,
448 908 495 934 καὶ
519 907 649 934 διάκονον.
684 908 760 941 Ὀρθ.
791 907 860 933 Ἀλλ’

77 953 436 989 ἐπίσκοποςλπρεσϐύτερος,
450 954 496 980 καὶ
507 953 627 985 διάκονος
637 953 773 988 ὁμοούσιοι
782 954 859 979 εἰσιν·

78 998 217 1034 ὁμιλούσιον
240 999 294 1035 ἄρα
317 999 435 1035 Πατέρα,
449 1000 494 1026 καὶ
510 1000 580 1031 Υἱὸν,
595 999 641 1025 καὶ
658 999 736 1033 ἅγιον
749 999 861 1034 Πνεῦμα

77 1043 263 1080 ὤμολόγηκας.
291 1046 389 1080 Ἀνόμ.
418 1045 509 1078 Θέλεις
525 1043 571 1072 οὖν
584 1046 679 1077 εἰπεῖν,
699 1045 750 1077 ὅτι,
769 1045 862 1080 ὥσπερ

77 1091 194 1123 ωνδῖτος
223 1090 294 1123 οἶνος
315 1092 468 1128 κερασθεὶς,
483 1092 569 1123 οὕτως
583 1091 641 1118 ἐστὶ
665 1090 768 1126 Πατὴρ,
787 1091 860 1123 Υἱὸς,

78 1137 123 1164 καὶ
150 1137 225 1171 ἅγιον
249 1137 375 1173 Πνεῦμα;
400 1139 476 1172 Ὀρθ.
496 1137 562 1164 Οὐδὲ
573 1136 656 1170 οἶδας,
676 1137 716 1163 ὃτι
735 1137 767 1163 σὺ
782 1136 861 1162 τοῦτο

77 1180 183 1216 λέγειςς
211 1183 306 1217 Ἀνόμ.
323 1183 403 1215 Πῶς;
425 1184 500 1217 Ὀρθ.
516 1182 665 1218 ’Ότιᾶλλην
680 1182 759 1216 φύσιν
773 1182 862 1216 λέγεις

76 1227 125 1254 τοῦ
142 1229 312 1264 Πατρὸς,καὶ
323 1229 406 1265 ἄλλην
418 1228 465 1255 τοῦ
480 1229 556 1260 Υὶοῦ,
572 1228 620 1255 καὶ
631 1228 713 1262 ἄλλην
727 1227 774 1254 τοῦ
785 1227 862 1261 ἁγίου

79 1272 256 1307 Πνεύματος,
285 1274 322 1305 ὡς
343 1274 413 1300 οῐνου
440 1274 487 1300 καὶ
510 1273 613 1309 μέλιτος
641 1273 688 1300 καὶ
710 1273 860 1308 πεπέρεως.

85 1318 179 1353 Ἡμεῖς
199 1319 227 1346 δὲ
252 1320 374 1356 λέγομεν·
390 1321 444 1347 Εὰν
492 1321 506 1346 ὁ
522 1321 616 1356 Πατὴρ
627 1318 698 1351 alvo;
710 1319 861 1355 εὐφραίνων

77 1364 200 1400 καρδίαν,
221 1367 266 1392 καὶ
288 1367 302 1393 ὁ
324 1366 388 1398 Υἱὸς
411 1365 480 1398 οἶνος
499 1367 650 1403 εὐφραίνων
672 1367 794 1402 καρδίαν,
815 1366 861 1392 καὶ

75 1411 106 1436 τὺ
130 1411 242 1446 Πνεῦμα
258 1410 328 1444 οἶνος
347 1413 499 1448 εὐφραίνων
513 1413 623 1448 καρδίαν
642 1413 724 1443 ἐστὶν,
770 1413 784 1438 ὁ
805 1413 861 1438 Πα-

74 1455 128 1490 τὴρ
145 1456 182 1491 (1)
199 1457 268 1492 ὑπὲρ
285 1458 345 1492 μέλι
369 1458 415 1484 καὶ
438 1457 543 1494 κηρίον.
567 1459 659 1493 Ὑμεῖς
682 1458 735 1492 ἄρα
753 1459 798 1484 καὶ
813 1458 862 1492 οὺχ

76 1501 168 1535 ἡμεῖς,
192 1502 305 1538 κονδίτῳ
328 1503 511 1539 παρεϐάλλετε
536 1504 582 1530 τὸν
601 1503 710 1539 Πατέρα
729 1504 775 1530 καὶ
799 1503 861 1530 Υἱὺν
875 1515 898 1546 c

70 1546 124 1572 νκαὶ
138 1547 168 1573 τὺ
187 1547 264 1582 ἅγιον
281 1549 401 1585 Πνεῦμα,
414 1551 439 1576 οἱ
453 1551 596 1586 ἀνομοίους
618 1550 667 1582 τὰς
689 1551 783 1585 φύσεις
810 1552 860 1577 εἰσ-

76 1591 232 1628 ηγούμενοι.

912 909 999 936 instar
1012 909 1143 943 episcopi,
1160 908 1322 943 presbyteri,
1338 913 1366 935 et
1382 908 1500 935 dim-oni.
1530 908 1625 934 Anam.
1646 907 1699 934 Fa-

912 959 970 982 teor
985 963 1027 982 me
1037 955 1138 982 dixisse
1152 963 1158 980 :
1174 954 1260 981 instar
1273 954 1410 989 episcopi,
1430 955 1590 989 presbyteri,
1602 958 1629 982 ct
1640 955 1698 981 dia-

911 999 984 1027 coni.
1007 999 1083 1026 Orl/t.
1099 999 1180 1034 Atqui
1195 999 1350 1034 episcopus,
1368 999 1521 1034 presbyter,
1548 1003 1575 1025 et
1605 999 1699 1026 diaco-

912 1053 963 1072 nus
976 1049 1040 1071 sunt
1055 1045 1319 1077 consubstantiales;
1341 1051 1406 1078 ergo
1431 1043 1575 1071 confessus
1589 1051 1619 1070 es
1632 1051 1698 1070 con-

912 1090 1106 1118 substantiales
1126 1098 1187 1117 esse
1218 1090 1346 1121 Patrem,
1376 1088 1474 1115 Filium
1505 1093 1533 1116 et
1564 1088 1698 1124 Spirituln

912 1139 1048 1163 sanctum.
1068 1135 1163 1161 Anam.
1189 1134 1272 1162 Visne
1290 1135 1373 1169 igitur
1397 1135 1488 1161 dicere
1519 1134 1621 1161 conditi
1642 1134 1697 1161 vini

912 1181 1000 1208 instar
1013 1187 1073 1207 esse
1095 1179 1214 1211 Patrem,
1235 1179 1344 1211 Filium,
1361 1185 1387 1206 et
1402 1179 1532 1214 Spiritum
1549 1183 1675 1206 sanctum
1687 1179 1700 1205 ?

913 1226 989 1254 Orth.
1015 1225 1049 1252 Et
1072 1233 1127 1252 non
1152 1225 1226 1252 vides
1248 1230 1275 1252 te
1292 1225 1342 1252 hoc
1359 1225 1449 1260 ipsum
1468 1225 1579 1252 dicere?
1601 1226 1697 1252 Anam.

912 1271 1076 1305 Quomodo?
1101 1271 1177 1298 Orth.
1203 1271 1338 1304 Quoniam
1355 1271 1434 1298 aliam
1459 1279 1519 1298 esse
1533 1270 1602 1298 dicis
1617 1275 1700 1297 natu—

912 1325 970 1344 ram
985 1317 1086 1349 Patris.
1101 1317 1182 1344 aliam
1200 1315 1278 1348 Filii,
1301 1317 1382 1343 aliam
1401 1316 1519 1352 Spiritus
1537 1317 1645 1348 sancti,
1670 1321 1699 1343 ut

911 1362 980 1394 vini,
997 1362 1086 1389 mellis
1102 1366 1128 1389 et
1143 1362 1254 1396 piperis.
1273 1360 1329 1388 Nos
1343 1369 1407 1388 vero
1420 1362 1537 1389 dicimus
1553 1371 1559 1389 :
1578 1362 1606 1389 Si
1617 1361 1699 1389 Pater

911 1412 954 1436 est
966 1408 1059 1435 vinum
1070 1407 1228 1435 exbilarans
1247 1415 1305 1441 cor,
1319 1407 1405 1435 Filius
1423 1409 1517 1436 itidem
1539 1413 1581 1436 est
1604 1409 1698 1436 vinum

913 1455 1136 1486 corexhilarans,
1155 1454 1275 1490 Spiritus
1303 1459 1417 1482 sanctus
1434 1455 1526 1482 itidem
1548 1461 1590 1482 est
1603 1456 1698 1482 vinum

913 1510 961 1529 cor
979 1502 1146 1533 exbllarans,
1165 1509 1219 1536 qua
1236 1503 1341 1528 ratione
1352 1500 1434 1528 Pater
1448 1506 1490 1528 est
1507 1509 1588 1535 super
1607 1501 1658 1528 mel
1671 1505 1699 1527 et

912 1548 1014 1576 favum.
1035 1548 1094 1575 Non
1109 1556 1159 1575 nos
1185 1549 1282 1583 igitur,
1307 1547 1355 1574 sed
1371 1555 1420 1574 vos
1441 1547 1459 1573 ii
1479 1547 1555 1579 estis,
1573 1547 1618 1581 qui
1643 1545 1697 1573 Pa-

912 1599 998 1628 trem,
1024 1601 1051 1623 et
1073 1595 1171 1623 Filium
1198 1599 1226 1623 et
1248 1594 1379 1629 Spiritum
1408 1599 1533 1622 sanctum
1554 1602 1617 1621 cum
1633 1594 1698 1622 vino

69 1639 186 1667 Acondito
201 1641 377 1677 comparatis.
394 1650 455 1670 cum
473 1643 620 1671 dissimiles
647 1648 759 1672 naturas
777 1642 968 1677 introducitish

632 1799 700 1826 ΤΟΥ
719 1799 765 1826 ΕΝ
778 1799 888 1826 ᾹΓΙΟῙΣ
904 1797 1039 1825 ΠΛΤΡΟΣ
1057 1796 1156 1824 ΗΜΩΝ

726 1872 1042 1917 ΑΘΑΝΑΣΙΟΥ

69 1949 265 1978 ΔῙΔΛΟΙὌΣ
290 1949 320 1975 B'
345 1950 437 1977 ΠΕΡΙ
465 1950 579 1976 ΑΓΙΑΣ
612 1951 776 1981 ΤΡῙΑΔΟΣ,
812 1951 862 1977 ΕΝ
893 1951 916 1981 ῼ

950 1951 1198 1978 ΔΙΑΛΕΓΟΝΤΑΙ
1232 1951 1368 1977 ΘΜΟΙΩΣ
1395 1950 1606 1976 ΟΡΘΟΔΟΞΟΣ
1635 1951 1698 1976 ΚΑΙ

639 1978 829 2013 szomoios
849 1978 1098 2013 APEIANIL‘THL‘
1119 1985 1168 2021 (2).

569 2104 618 2148 S.
657 2105 710 2148 P.
750 2105 811 2148 N.
848 2104 1176 2150 ATHANASII

110 2199 295 2228 DIALOGUS
315 2199 347 2227 II
376 2200 424 2227 DE
444 2200 585 2229 SANCTA
610 2200 823 2234 TRINITATE,
845 2202 891 2230 IN

910 2203 985 2237 QUO
1007 2202 1144 2230 ITIDEM
1165 2202 1383 2231 DISPUTANT
1411 2202 1661 2231 ORTIIODOXI/S

638 2236 684 2264 ET
702 2236 896 2266 ANOM/EUS
916 2236 1129 2266 ARIANISTA.

374 2328 558 2355 ᾹΝΟΜΟΙΟΣ.

111 2374 136 2401 Ι.
154 2374 224 2400 nam
235 2374 290 2405 τοῖς
307 2373 368 2400 νοῦν
380 2374 486 2409 ἔχουσιν
498 2374 711 2410 ὁμολογούμενόν
721 2376 806 2407 ἐστιν,
819 2377 860 2402 ὅτι

72 2420 106 2447 τὸ
118 2419 150 2446 ἐκ
164 2428 235 2451 τινος
251 2420 281 2446 ὃν
298 2420 526 2455 μεταγενέστερύν
539 2421 597 2446 ἐστι
613 2420 659 2447 τοῦ
675 2420 704 2453 ἐξ
723 2417 753 2447 οὗ
775 2422 860 2457 ἐστιν,

73 2466 114 2498 ὡς
147 2465 177 2499 ἐξ
205 2467 300 2494 αἰτίου.
327 2467 510 2502 Ὀρθόδοξος.
542 2468 579 2494 Οὐ
613 2468 730 2499 πάντως.
760 2469 859 2503 Ἀνόμ.

75 2513 112 2539 Σὺ
134 2514 185 2540 οὐκ
201 2511 227 2540 εἴ
238 2514 269 2540 ὲκ
281 2514 327 2540 τοῦ
343 2514 444 2549 πατρὸς
467 2523 524 2547 σου,
540 2514 587 2541 καὶ
607 2514 676 2549 μετὰ
691 2514 737 2541 τὸν
756 2515 862 2550 πατέρα

56 2572 60 2608 9
78 2591 174 2628 Μ<ξξ8λ
189 2591 267 2628 Οῦτῳ
280 2592 308 2618 δὲ
324 2592 520 2628 λέγωνγσαυτὸν
537 2591 699 2628 Χριστιανὸν
717 2591 854 2628 ὲνᾴμισας.

75 2626 122 2662 Sic
131 2626 216 2662 Palat.
229 2626 299 2654 Editi
308 2635 382 2657 vero.
393 2627 464 2654 οὕτω
475 2627 503 2654 δὲ
515 2626 603 2662 λέγειν
613 2627 709 2654 σαυτὸν
719 2627 856 2661 ἐνόμισας.

74 2660 142 2688 Ibid.
158 2661 256 2698 Palat..
272 2662 320 2688 τοῦ
333 2663 476 2698 παρρντος.
485 2660 578 2697 Ἀνόλι.
594 2664 625 2689 Ei
638 2663 666 2688 δὲ
681 2660 775 2698 τοῦτοί
788 2662 802 2687 ὃ
813 2662 857 2698 λέ-

93 2705 130 2722 ων
145 2696 311 2734 οὺ-κέκριίεαί
322 2706 362 2734 σοι
373 2695 443 2724 εἶναι
454 2695 624 2733 Χριστιάνδς,
639 2697 799 2734 Χριστιανὸς
809 2697 859 2723 οὐκ

91 2739 159 2757 στιν.
179 2731 250 2766 ὀρθ.
260 2732 288 2759 '0
300 2733 396 2766 λέγων.

1207 2328 1398 2356 ΑΝοιιυΕυδ.

949 2378 975 2404 1.
991 2376 1123 2404 Omnibus
1136 2383 1202 2404 sana
1217 2381 1306 2402 mente
1322 2375 1442 2410 praeditis
1458 2374 1485 2401 in
1497 2374 1623 2401 confesso
1642 2378 1695 2405 est.

914 2423 941 2450 id
957 2422 1030 2458 quod
1044 2426 1128 2449 estex
1148 2421 1213 2454 alio,
1226 2425 1286 2447 ortu
1302 2420 1439 2455 posterius
1451 2427 1484 2446 eo
1500 2427 1572 2451 esse,
1588 2428 1621 2446 ex
1637 2427 1693 2454 quo

914 2472 956 2495 est
981 2471 1011 2495 ut
1023 2475 1056 2495 ex
1071 2474 1165 2494 causa.
1184 2466 1362 2494 Orthodaxus.
1383 2465 1442 2492 Non
1455 2466 1577 2492 omnino.
1601 2465 1695 2492 Anam.

914 2515 1012 2542 Annon
1023 2518 1052 2540 tu
1066 2522 1096 2541 es
1106 2502 1145 2541 ex.
1158 2519 1234 2548 patre
1251 2517 1310 2544 tuo.
1326 2517 1354 2540 et
1371 2516 1447 2548 patre
1471 2517 1518 2539 tuo
1542 2512 1696 2547 posterior?

945 2591 1002 2628 (99)
1027 2592 1070 2624 Ὣς
1088 2591 1165 2628 deest
1177 2591 1203 2628 in
1220 2599 1288 2628 mss.
1302 2590 1361 2617 Mox
1373 2589 1492 2628 [‘elcki
1501 2590 1548 2616 καὶ
1559 2589 1696 2628 διάκοπφν,

911 2623 958 2654 καῖ
973 2623 1093 2658 διάκονος
1112 2626 1248 2662 ὁμοούσιοί
1266 2627 1345 2662 slew.
1373 2626 1445 2662 Ὦρα.
1469 2623 1627 2662 Ὀμοούσιος
1644 2625 1696 2660 ἄρα

912 2663 1019 2699 Πατήρ
1034 2662 1120 2699 Palat-
1129 2659 1210 2699 ’νςτίξι
1223 2662 1269 2688 καὶ
1280 2661 1410 2699 ww,-
1420 2661 1504 2699 ,Ὀρθς
1521 2659 1651 2699 Plum-

948 2693 1106 2735 (ifﬂcgius
1120 2702 1146 2725 et
1156 2697 1244 2724 Palat.
1260 2696 1385 2733 καρδίαν,
1401 2693 1476 2732 ἐὰνῇ
1491 2695 1506 2721 ὁ
1521 2693 1626 2730 Πατὴρ.

111 2807 152 2845 (3)
171 2808 201 2837 1n
217 2808 302 2837 Palat.
318 2810 410 2837 nullus
425 2814 468 2839 est
484 2810 589 2839 titulus.
611 2810 640 2839 In
655 2810 720 2848 Reg.
739 2814 765 2840 et
785 2809 860 2838 Fclcl

915 2813 1000 2845 utem,
1017 2809 1082 2845 ἄλλη
1093 2809 1209 2843 διάλεξις
1228 2809 1367 2844 Ἀνομοίου
1383 2808 1429 2835 καὶ
1449 2806 1615 2842 Ὀρθοδόξου.
