1926 3067
207 79 277 107 “59

732 63 736 67 ’
753 76 781 103 s.
803 75 1034 104 ATIIANASIUS.
1054 91 1088 95 —
1109 73 1244 102 SPL’RIA.

1762 74 1852 101 “60

208 137 286 164 Orth.
307 135 363 170 Ego
377 135 484 170 quidem
500 142 559 162 sum
577 143 608 162 ex
625 141 702 170 patre
717 143 788 166 meo,
804 140 831 162 et
844 140 919 170 patre
930 143 990 163 meo

1046 143 1106 167 seu;
1140 135 1215 168 Ὀρθ.
1235 133 1303 168 Ἐγὼ
1323 134 1370 165 μὲν
1400 134 1431 159 ἐκ
1444 131 1490 158 τοῦ
1508 132 1608 168 πατρός
1625 141 1676 167 μου
1691 134 1762 168 εἰμὶ,
1788 134 1854 160 καὶ

211 183 352 217 posterior,
365 186 393 209 et
411 186 487 208 extra
509 186 611 215 patrem
628 189 733 208 meum:
751 181 796 208 lux
810 189 873 208 vero
886 189 918 208 ex
932 182 989 208 sdle

212 233 259 261 lst,
271 236 357 262 neque
373 231 461 254 tamen
475 227 609 260 posterior
618 230 660 253 est
669 227 736 257 sole.
747 234 833 261 neque
850 230 926 253 extra
944 234 989 254 so-

211 280 271 305 tem,
289 273 336 300 sed
353 273 432 299 simul
447 276 528 306 atque.
543 273 601 303 sol,
619 276 646 298 et
660 271 686 298 in
708 272 775 310 splc,
793 276 820 298 et
837 279 899 298 cum
911 269 986 298 sole:

211 319 358 354 fragrantia
373 327 483 353 quoque
494 327 526 345 ex
542 322 681 352 unguento
697 322 748 349 est,
762 326 811 345 nec
824 322 912 344 tamen
929 322 990 352 post

211 369 386 399 unguentum,
395 372 483 399 neque
491 368 568 390 (-xtra
581 363 810 399 unguentum,sed
821 364 990 398 simulatque

211 414 386 445 unguentum,
399 413 427 437 et
437 410 657 444 inungucnto,et
665 418 726 436 cum
739 413 893 444 unguento:
910 413 937 436 et
946 408 989 435 in-

210 455 340 489 telligere,
349 462 382 482 ex
391 459 480 482 mente
488 458 540 486 est,
552 459 580 481 at
592 462 680 489 neque
689 458 750 489 post
758 459 887 486 mentem,
903 461 992 488 neque

210 506 284 528 extra
293 505 422 532 mentem,
433 501 479 528 sed
490 502 571 528 simul
586 506 668 536 atque
677 508 765 533 mens,
774 505 801 527 et
811 501 838 527 in
848 505 948 534 mente,
964 505 991 528 et

208 553 272 574 cum
281 553 370 575 mente
378 557 386 574 ς
395 551 422 574 et
430 547 497 575 velle
505 555 538 574 ex
546 548 652 574 volente
660 552 713 578 est,
722 552 844 581 etneque
852 550 931 574 extra
943 554 992 574 vo-

208 592 319 624 lentem,
333 600 421 627 neque
436 596 497 627 post
510 592 660 624 volentem,
681 591 728 619 sed
748 591 830 619 simul
847 595 928 626 atque
942 599 991 618 vo-

208 637 279 669 lens.
293 642 320 665 et
333 637 362 664 in
380 638 487 665 volente
499 641 525 664 et
537 645 599 664 cum
613 637 721 665 volente
737 647 742 664 :
758 641 785 664 et
800 637 936 672 sapientia
957 644 992 664 ex

208 683 332 719 sapiente
344 688 395 716 est,
412 687 439 711 et
452 691 540 718 neque
555 688 617 719 post
632 683 795 718 sapientem,
809 690 898 717 neque
912 687 991 710 extra

207 729 369 764 sapientem.
380 729 428 756 sed
443 728 525 756 simul
541 734 623 764 atque
639 729 760 764 sapiens,
771 731 799 755 et
812 728 841 755 in
856 728 991 763 sapiente,

209 777 306 800 etcum
318 775 458 808 sapiente:
469 777 496 801 et
508 775 630 809 potentia
641 782 675 802 ex
687 777 796 809 potente
808 778 862 806 est,
870 773 953 809 424
965 777 993 800 at

1041 228 1099 262 εἰμί
1111 235 1118 242 ·
1132 227 1163 254 τὸ
1176 227 1204 253 δὲ
1222 227 1279 260 φῶς
1294 227 1326 252 ὲκ
1343 226 1389 251 τοῦ
1401 225 1474 260 ἡλίου
1485 226 1552 257 ἐστὶ,
1570 225 1617 251 καὶ
1628 225 1687 251 οὐδὲ
1701 226 1778 260 μετὰ
1792 226 1852 252 τὸν

1041 273 1126 308 ἥλιόν.
1139 273 1224 304 ἐστιν,
1249 272 1308 298 οὐδὲ
1322 271 1400 303 ἐκτὸς
1415 271 1462 297 τοῦ
1477 271 1551 306 ἡλίου
1575 272 1658 303 ἐστὶν,
1673 271 1740 298 ἀλλὰ
1763 271 1844 306 μετὲ

1041 319 1089 345 τοῦ
1101 319 1189 354 ἡλίου,
1206 318 1252 344 καὶ
1267 319 1295 344 ὲν
1309 317 1346 352 τῷ
1359 317 1436 352 ἡλίῳ,
1459 318 1506 343 καὶ
1522 318 1571 344 σὺν
1584 317 1622 352 τῷ
1647 317 1730 352 ἡλίῳ·
1752 318 1812 344 καὶ
1830 319 1851 353 ἡ

1043 365 1141 392 εὐωδία
1167 365 1199 391 ὲκ
1214 364 1260 390 τοῦ
1273 363 1358 399 μύρου
1372 364 1429 390 ἐστὶ
1447 364 1496 398 ('5),
1513 364 1560 389 καὶ
1572 363 1633 390 οὕτε
1647 364 1716 398 μετὰ
1731 364 1766 390 τὸ
1785 363 1849 398 μύ-

1045 419 1101 447 ρον,
1120 410 1183 437 οὔτε
1202 410 1280 441 me“;
1306 410 1352 436 τοῦ
1372 410 1468 444 μύρου,
1486 409 1554 436 ἀλλὰ
1571 409 1639 444 μετὰ
1659 409 1706 435 τοῦ
1730 409 1847 444 μύρου,

1044 458 1090 484 καὶ
1104 458 1133 484 ὲν
1148 457 1186 492 τῷ
1204 456 1292 492 μύρῳ,
1309 456 1356 482 καὶ
1378 457 1426 482 σὺν
1443 455 1481 490 τῷ
1497 455 1590 491 μύρῳ*
1605 455 1651 481 καὶ
1661 455 1691 481 τὺ
1707 456 1786 481 νοεῖν
1807 456 1848 482 ὲκ

1043 503 1091 529 τοῦ
1106 503 1152 529 νοῦ
1167 503 1234 534 ὲστι,
1249 502 1295 528 καὶ
1309 501 1369 528 οὔτε
1383 501 1452 536 μετὰ
1464 501 1510 527 τὸν
1523 501 1595 533 νοῦν,
1611 501 1670 528 οὔτε
1689 501 1772 533 ὲκτδς
1787 500 1848 528 τοῦ

1043 548 1100 579 νοῦ.
1121 547 1189 575 ἀλλὰ
1211 547 1279 583 μετὰ
1291 547 1336 574 τοῦ
1354 547 1411 578 νοῦ,
1425 547 1471 574 καὶ
1500 548 1528 573 ὲν
1541 547 1580 582 τῷ
1599 547 1647 582 νῷ,
1662 548 1709 573 καὶ
1726 548 1780 573 σὺν
1800 547 1848 583 τῷ

1044 593 1082 628 νῷ
1095 593 1159 619 ’καὶ
1179 593 1209 619 τὸ
1224 592 1310 619 θέλειν
1335 592 1368 619 ἐκ
1387 591 1433 618 τοῦ
1459 591 1579 622 θέλοντός
1602 592 1670 622 ἔστι,
1690 592 1737 617 καὶ
1772 591 1846 617 οὔτε

1045 639 1122 670 ἐκτὸς
1140 638 1185 665 τοῦ
1212 638 1344 670 θέλοντος,
1365 637 1427 664 οὔτε
1448 637 1517 673 μετὰ
1540 637 1585 663 τὸν
1612 637 1731 669 Θέλοντα,
1765 637 1844 664 ἀλλὰ

1043 181 1111 217 μετὰ
1121 181 1166 207 τὸν
1180 180 1285 215 πατέρα
1304 188 1353 214 μου
1369 179 1437 214 εἰμὶ,
1452 180 1497 205 καὶ
1511 179 1588 210 ἐκτὸς
1602 178 1647 205 τοῦ
1661 179 1770 214 πατρός
1784 188 1850 214 μου

1043 228 1099 262 εἰμί
1111 235 1118 242 ·
1132 227 1163 254 τὸ
1176 227 1204 253 δὲ
1222 227 1279 260 φῶς
1294 227 1326 252 ὲκ
1343 226 1389 251 τοῦ
1401 225 1474 260 ἡλίου
1485 226 1552 257 ἐστὶ,
1570 225 1617 251 καὶ
1628 225 1687 251 οὐδὲ
1701 226 1778 260 μετὰ
1792 226 1852 252 τὸν

1043 273 1126 308 ἥλιόν.
1139 273 1224 304 ἐστιν,
1249 272 1308 298 οὐδὲ
1322 271 1400 303 ἐκτὸς
1415 271 1462 297 τοῦ
1477 271 1551 306 ἡλίου
1575 272 1658 303 ἐστὶν,
1673 271 1740 298 ἀλλὰ
1763 175 1872 327 (usth

1048 685 1116 720 μετὰ
1134 685 1181 711 τοῦ
1205 684 1336 716 θέλοντος,
1349 685 1396 711 καὶ
1407 684 1437 711 ὲν
1463 684 1502 719 τῷ
1527 683 1639 715 θέλοντι,
1663 683 1711 709 καὶ
1730 684 1783 710 σὺν
1798 683 1845 718 τῷ

1047 731 1167 758 θέλοντιθ
1194 730 1239 756 καὶ
1263 731 1280 766 ή
1308 731 1388 764 σοφία
1424 730 1457 756 ὲκ
1489 729 1536 756 τοῦ
1569 728 1650 762 σοφοῦ
1683 729 1764 759 ἐστι,
1790 729 1844 755 καὶ

1045 776 1106 803 οὔτε
1136 776 1205 811 μετὰ
1217 776 1262 802 τὸν
1279 775 1369 810 σοφὸν,
1386 774 1447 801 οὔτε
1471 775 1550 806 ἐκτὸς
1573 775 1621 801 τοῦ
1648 774 1740 809 σοφοῦ,
1765 773 1842 800 ἀλλὰ

208 826 298 854 neque
310 823 371 854 post
384 823 532 854 potentem,
548 827 637 854 neque
661 823 739 847 extra
755 823 894 854 potentem
908 838 916 850 ,
941 818 989 846 sed

1047 821 1116 857 μετὰ
1130 822 1176 848 τοῦ
1194 821 1275 855 σοφοῦ
1291 821 1373 856 (4-5),
1392 821 1439 847 καὶ
1457 821 1485 846 ὲν
1507 819 1545 855 τῷ
1563 820 1646 855 σοφῷ,
1663 820 1710 846 καὶ
1727 819 1778 846 σὺν
1797 819 1843 855 τῷ

210 865 238 892 in
257 869 376 900 potente,
394 870 421 892 et
432 866 514 893 simul
531 870 612 900 atque
627 870 733 901 potens,
751 871 778 893 et
793 873 855 893 cum
871 869 990 900 potente.

209 909 256 937 Sic
269 910 352 946 igitur
365 910 463 938 Filium
476 919 585 946 quoque
599 911 645 938 Dei
661 919 695 939 ex
709 911 765 939 Deo
785 919 848 939 esse
863 911 993 947 intelligi-

208 963 281 988 mus,
297 960 324 982 at
349 964 404 984 non
424 962 486 992 post
503 957 599 989 Demn,
618 965 706 992 neque
731 962 809 985 extra
824 957 924 990 Deum,
946 958 994 986 sed

208 1001 292 1029 simul
307 1007 387 1038 atque
407 1002 489 1036 Deus,
501 1007 528 1031 et
542 1003 571 1030 in
583 1003 649 1036 Deo,
665 1007 692 1030 ct
709 1011 771 1031 cum
788 1003 851 1031 Deo.

1048 867 1137 903 σοφῷ-
1150 868 1198 894 xui.
1213 869 1229 902 ὴ
1243 867 1356 902 δύναμις
1371 868 1402 893 ἐκ
1421 866 1468 892 τοῦ
1483 866 1606 898 δυνατοῦ,
1624 867 1670 893 καὶ
1685 867 1744 892 οὗτε
1764 865 1842 900 μετὰ

1045 914 1090 940 τὸν
1114 913 1234 945 δυνατὸν,
1262 912 1322 938 οὔτε
1351 912 1428 943 ἐκτὸς
1461 911 1506 938 τοῦ
1523 911 1645 942 δυνατοῦ,
1668 911 1725 937 ἀλλ’
1749 912 1782 936 ὲν
1797 909 1842 945 τῷ

1047 958 1162 993 δυνατῷ,
1177 958 1224 984 καὶ
1239 958 1308 992 μετὰ
1332 957 1379 984 τοῦ
1392 956 1516 989 δυνατοῦ,
1532 958 1579 983 καὶ
1597 957 1644 983 σὺν
1663 956 1702 992 τῷ
1716 956 1838 991 δυνατῷ.

1047 1004 1125 1030 Οὕτω
1154 1003 1243 1030 τοίνυν
1270 1003 1317 1029 καὶ
1338 1003 1383 1029 τὸν
1406 1003 1469 1029 Υῑὸν
1488 1002 1535 1029 τοῦ
1559 1002 1625 1028 Θεοῦ
1645 1003 1676 1028 ὲκ
1699 1001 1746 1028 τοῦ
1765 1000 1840 1028 Θεοῦ

208 1049 339 1085 νοοῦμεν,
365 1051 413 1077 χαὶ
436 1051 466 1077 ού
494 1051 564 1086 μετὰ
589 1051 634 1078 τὸν
657 1051 740 1083 Θεὸν,
765 1051 826 1078 οὔτε
851 1051 930 1083 ὲκτὺς
952 1051 1000 1078 τοῦ
1019 1051 1097 1083 Θεοῦ,
1112 1050 1180 1078 ἀλλὰ
1197 1050 1266 1086 μετὰ
1283 1049 1330 1076 τοῦ
1344 1049 1421 1083 Θεοῦ,
1438 1050 1485 1077 καὶ
1506 1051 1535 1076 ὲν
1547 1049 1585 1086 τῷ
1604 1049 1672 1084 Θεῷ,
1704 1048 1753 1075 καὶ
1787 1048 1842 1075 στὶν

208 1095 248 1131 τῷ
260 1096 329 1131 Θεῷ.

244 1144 271 1171 2.
291 1145 386 1172 Anam.
400 1145 435 1172 At
461 1145 605 1180 splendor,
620 1150 648 1174 et
660 1147 822 1182 intelligere,
834 1151 862 1174 et
873 1146 951 1178 velle,
964 1149 991 1174 et

209 1188 360 1222 sapientia,
385 1193 412 1216 et
442 1191 580 1225 potentia,
610 1199 666 1219 non
689 1196 753 1220 sunt
785 1192 937 1219 substantia
962 1192 992 1218 in

208 1240 270 1261 sese
282 1234 444 1263 subsistens.
463 1235 547 1264 Filius
565 1237 613 1264 Dei
629 1246 695 1265 vero
708 1242 750 1265 est
770 1238 924 1265 substantia
936 1258 944 1270 ,
962 1238 991 1265 in

208 1287 258 1306 sua
273 1282 383 1315 propria
397 1281 548 1317 hypostasi.
559 1282 635 1310 Orth.
644 1283 673 1310 lu
687 1284 739 1310 hoc
749 1291 857 1318 quoque
872 1283 992 1310 conferri

208 1334 272 1353 eum
288 1327 348 1361 ipso
367 1333 504 1363 nequeunt
528 1329 652 1364 corporei
673 1329 738 1361 ﬁlii,
755 1329 827 1365 quod
844 1329 916 1356 ﬁlius
932 1330 994 1364 qui-

209 1371 270 1397 dem
286 1379 347 1398 sum
363 1380 414 1407 ego
434 1374 520 1408 patris
537 1374 656 1405 mei,sed
668 1382 722 1401 non
738 1381 799 1402 sum
810 1375 872 1410 ejus
887 1375 997 1409 sapien-

209 1416 260 1448 tia,
276 1425 365 1452 neque
380 1426 442 1445 sum
455 1419 516 1454 ejus
533 1420 653 1454 potentia
663 1439 670 1452 ,
690 1428 778 1455 neque
793 1427 855 1447 sum
871 1420 932 1456 ejus
948 1428 997 1447 vo-

209 1462 310 1496 luntas,
326 1472 415 1499 neque
440 1473 500 1492 sum
517 1465 577 1500 ejus
596 1466 709 1493 verbum
721 1487 729 1499 ,
754 1474 844 1501 neque
858 1474 918 1494 sum
934 1466 995 1501 ejus
1009 1483 1030 1512 ϐ

209 1510 350 1544 splendor,
373 1519 462 1546 neque
487 1520 549 1539 sum
576 1512 603 1539 in
630 1513 690 1547 ipso
708 1512 789 1540 Patre
812 1521 884 1541 meo.
914 1512 994 1540 Pater

209 1555 268 1590 ipse
282 1564 338 1583 non
351 1560 393 1584 est
410 1557 437 1583 in
455 1565 509 1589 me,
523 1565 574 1585 nec
591 1558 662 1585 sicut
688 1563 817 1592 operatur
839 1558 932 1590 Pater,
945 1566 996 1593 ego

208 1610 326 1637 operor:
342 1603 427 1631 Filius
441 1604 488 1632 Dei
504 1612 569 1632 vero
585 1613 640 1632 non
654 1609 761 1632 tantum
777 1609 818 1633 est
833 1605 932 1638 Filius,
947 1605 996 1633 sed

208 1647 291 1675 etiam
305 1650 443 1683 potentia,
471 1656 498 1676 et
520 1651 712 1687 sapientiasct
730 1650 864 1682 Verbum,
893 1656 921 1678 et
947 1658 997 1678 vo-

210 1693 312 1726 luntas,
325 1698 352 1722 et
361 1695 501 1730 splendor,
515 1700 544 1722 ut
559 1703 591 1723 ex
603 1704 646 1727 eo,
665 1697 735 1730 quod
751 1697 786 1724 sit
803 1695 900 1728 Filius,
914 1697 996 1724 intel-

210 1739 308 1774 ligatur
332 1742 405 1776 quod
421 1742 457 1768 sit
469 1742 597 1776 quiddam
612 1743 639 1769 in
655 1751 715 1770 sese
729 1743 882 1770 subsistens
896 1752 902 1770 :
919 1747 946 1770 et
961 1750 995 1769 ex

208 1792 252 1815 eo,
265 1785 337 1819 quod
352 1789 393 1812 est
408 1786 552 1820 sapientia,
567 1791 593 1813 et
612 1787 748 1821 potentia.
769 1790 795 1814 et
818 1786 949 1818 Verbum.
967 1791 995 1814 et

209 1830 346 1862 voluntas,
362 1834 389 1857 et
409 1831 545 1865 splendor,
561 1833 726 1868 intelligatur
740 1832 804 1858 illud
830 1833 901 1866 quod
914 1833 996 1860 simul

208 1879 291 1911 atque
302 1875 392 1910 Pater,
407 1881 434 1904 et
447 1878 474 1904 in
487 1877 577 1910 Patre,
592 1883 618 1905 et
628 1886 689 1905 cum
704 1878 784 1905 Patre
796 1879 840 1910 sit,
851 1887 938 1914 neque
951 1887 995 1907 se-

208 1921 330 1952 cundus,
354 1921 381 1948 id
395 1925 438 1948 est
462 1930 550 1957 neque
575 1926 637 1957 post
659 1922 776 1951 Patrem.
794 1931 882 1959 neque
912 1928 994 1952 extra

209 1965 327 1994 Patrem.
343 1966 489 2001 Propterea
508 1968 582 1995 enim
597 1968 697 1995 clamat
711 1970 854 2004 propheta,
878 1970 992 1998 dicens:

211 2021 221 2037 ε
241 2011 362 2043 Domine,
380 2012 450 2040 Deus
474 2018 567 2041 noster
579 2034 587 2046 ,
619 2015 653 2042 da
676 2015 756 2042 nobis
774 2023 886 2050 pacem:
904 2017 995 2043 omnia

209 2056 282 2083 enim
299 2056 398 2084 dedisti
422 2058 510 2085 nobis.
528 2058 640 2086 Domine
653 2079 661 2092 ,
684 2059 755 2087 Deus
772 2065 864 2088 noster
877 2081 884 2094 ,
911 2062 995 2089 alium

207 2108 284 2130 extra
295 2107 322 2131 te
335 2111 389 2130 non
403 2105 528 2132 norimus
542 2105 576 2132 “.
592 2115 601 2132 1
619 2105 673 2133 Nec
695 2107 766 2133 enirn
786 2111 864 2134 extra
881 2106 990 2134 Patrem

1079 1142 1107 1169 2.
1128 1142 1227 1176 Ἀνόμ.
1257 1140 1336 1167 Ἀλλὰ
1364 1140 1394 1166 τὸ
1410 1140 1594 1175 ἀπαύγασμα,
1622 1140 1670 1167 καὶ
1697 1141 1728 1168 τὸ
1744 1143 1837 1175 νοεῖν,

1043 1188 1091 1215 καὶ
1106 1187 1136 1213 τὸ
1150 1187 1246 1218 θέλειν,
1268 1186 1341 1222 καὶὴ
1358 1186 1449 1220 σοιρία,
1464 1187 1512 1213 καὶ
1531 1186 1682 1221 ὴδύναμις,
1698 1187 1747 1213 οὐκ
1758 1187 1837 1214 ἐστιν

1044 1234 1122 1261 οὐσία
1139 1233 1318 1264 ὲνυπόστατος
1332 1240 1339 1247 ·
1352 1233 1366 1259 ὁ
1379 1233 1407 1258 δὲ
1424 1232 1487 1264 Υἱὸς
1504 1233 1549 1258 τοῦ
1569 1233 1635 1259 Θεοῦ
1660 1233 1738 1260 οὐσία
1760 1235 1837 1261 ἐστὶν

1044 1280 1074 1306 ὲν
1087 1279 1140 1315 ἰδίᾳ
1167 1278 1323 1305 ὑποστάσει.
1346 1278 1421 1312 Ὀρθ.
1439 1279 1495 1304 Καὶ
1515 1279 1543 1305 ὲν
1556 1278 1642 1314 τούτῳ
1659 1278 1713 1305 τῶν
1739 1288 1834 1314 σωμα-

1044 1324 1128 1351 τικῶν
1140 1324 1205 1350 υἱῶν
1217 1324 1248 1350 τὸ
1264 1323 1426 1360 ἀσύγκριτον
1441 1324 1507 1359 ἔχει,
1524 1325 1565 1350 ὅτι
1587 1323 1641 1358 ἐγὼ
1652 1325 1711 1360 μὲν,
1724 1325 1782 1356 υἱὸς
1795 1325 1835 1351 ὢν

1044 1370 1096 1397 τοῦ
1126 1370 1228 1405 πατρός
1257 1378 1319 1404 μου,
1335 1370 1384 1395 οὐχ
1414 1370 1472 1404 εἰμὶ
1487 1370 1570 1396 αὐτοῦ
1585 1370 1675 1404 σοφία,
1703 1370 1754 1396 ούκ
1774 1370 1836 1405 εἰμὶ

1049 1415 1130 1442 αὑτοῦ
1154 1415 1292 1450 δύναμις,ε
1305 1415 1353 1441 οὐκ
1379 1416 1436 1450 εἰμὶ
1464 1415 1547 1441 αὐτοῦ
1576 1415 1689 1451 θέλημα,
1711 1416 1761 1442 οὐκ
1775 1416 1835 1452 εἰμὶ

1048 1462 1130 1489 αὑτοῦ
1150 1462 1237 1496 λόγος,
1266 1463 1316 1488 οὐκ
1341 1462 1398 1497 είμὶ
1414 1461 1494 1488 αὑτοῦ
1509 1462 1686 1497 ἀπαύγασμα,
1700 1462 1749 1489 οὐκ
1773 1463 1833 1498 εἰμὶ

1046 1508 1076 1534 ὲν
1095 1507 1170 1542 αύτῷ
1200 1507 1239 1543 τῷ
1263 1507 1346 1542 πατρί
1374 1515 1434 1542 μου.
1455 1507 1512 1533 Οὐκ
1533 1507 1613 1538 αὐτὸς
1633 1508 1646 1533 ὁ
1667 1508 1757 1543 πατήρ
1780 1516 1833 1543 μου

1045 1554 1075 1580 ἐν
1086 1553 1158 1588 ἐμοὶ,
1173 1553 1202 1579 οὺ
1219 1552 1311 1584 καθὼς
1327 1554 1340 1579 ὁ
1356 1554 1447 1588 πατήρ
1463 1561 1512 1588 μου
1529 1552 1683 1588 ἐργάζεται,
1698 1553 1774 1587 κάγὼ
1787 1555 1834 1589 ὲρ-

1045 1600 1165 1635 γαζομαι
1177 1609 1183 1615 ·
1197 1600 1212 1626 ὁ
1227 1600 1255 1626 δὲ
1278 1599 1324 1626 τοῦ
1339 1599 1405 1626 Θεοῦ
1427 1599 1491 1631 Υἱὸς
1507 1600 1537 1626 οὐ
1564 1599 1644 1634 μόνον
1669 1600 1742 1626 ἐστὶν
1756 1600 1830 1633 Υἱὸς,

1046 1647 1113 1673 ἀλλὰ
1123 1647 1169 1673 καὶ
1182 1646 1304 1681 δύναμις,
1321 1646 1367 1672 καὶ
1378 1645 1467 1679 σοφία,
1484 1645 1531 1671 καὶ
1545 1645 1640 1679 Λόγος,
1654 1645 1701 1671 καὶ
1715 1645 1829 1680 θέλημα,

1045 1693 1093 1719 καὶ
1124 1692 1304 1726 ἀπαύγασμα,
1324 1691 1369 1718 ἵνα
1386 1690 1440 1717 ἀπὸ
1459 1690 1506 1717 τοῦ
1524 1688 1592 1717 εἶναι
1605 1690 1678 1722 Υἱὸς,
1692 1690 1722 1716 τὸ
1735 1691 1830 1718 ὲνυπό-

1046 1747 1142 1765 στατον
1153 1737 1235 1774 νοηθῇ
1246 1746 1252 1753 ·
1271 1738 1318 1764 καὶ
1329 1737 1382 1763 ἀπὸ
1399 1736 1444 1763 τοῦ
1459 1735 1528 1763 εἶναι
1545 1737 1635 1771 σοφία,
1649 1737 1696 1763 καὶ
1705 1736 1826 1772 δύναμις,

1045 1784 1093 1810 καὶ
1120 1784 1216 1818 Λόγος,
1230 1784 1278 1810 καὶ
1295 1783 1409 1819 θέλημα,
1439 1783 1486 1809 καὶ
1506 1783 1685 1818 ἀπαύγασμα,
1709 1783 1750 1809 τὺί
1763 1783 1830 1818 μετὰ

1045 1830 1093 1856 τοῦ
1120 1829 1236 1865 Πατρὺς,
1257 1830 1303 1855 καὶ
1325 1831 1354 1855 ὲν
1375 1828 1414 1864 τῷ
1429 1829 1527 1864 Πατρὶ,
1544 1829 1591 1854 καὶ
1605 1830 1652 1855 σὺν
1674 1828 1712 1863 τῷ
1744 1829 1829 1864 Πατρὶ

1046 1875 1140 1910 νοηθῇ,
1157 1876 1203 1901 καὶ
1227 1875 1257 1901 οὐ
1283 1874 1416 1909 δεύτερος,
1449 1874 1509 1900 οῦδὲ
1540 1874 1608 1909 μετὰ
1640 1874 1685 1901 τὸν
1711 1874 1826 1910 Πατέρα,

1046 1921 1106 1947 οὐδὲ
1130 1921 1207 1952 ἐκτὸς
1232 1919 1279 1946 τοῦ
1304 1920 1417 1955 Πατρός.
1441 1919 1489 1945 Διὰ
1506 1920 1560 1955 γὰρ
1574 1919 1651 1946 τοῦτο
1668 1919 1716 1954 βοᾷ.
1734 1921 1748 1945 ὁ
1763 1928 1827 1955 προ-

1047 1968 1145 2003 φήτης,
1164 1966 1251 2000 λέγων
1263 1974 1269 1980 ·
1287 1975 1296 1991 ι
1316 1966 1411 2002 Κύριε,
1427 1968 1440 1992 ὁ
1464 1966 1528 1997 Θεὸς
1547 1966 1641 2001 ἡμῶν,
1662 1966 1771 2001 εἰρήνην
1786 1966 1827 1997 δὸς

1046 2015 1112 2048 ἡμῖν
1123 2023 1128 2028 ·
1141 2015 1227 2040 πάντα
1235 2013 1289 2048 γὰρ
1302 2013 1444 2043 ἀπέδωκας
1456 2013 1529 2047 ἡμῖν.
1542 2012 1637 2048 Κύριε,
1647 2013 1660 2038 ὁ
1668 2012 1733 2043 Θεὸς
1743 2012 1825 2048 ἡμῶν,

1046 2060 1124 2091 ἐκτὸς
1148 2059 1194 2086 σοῦ
1221 2059 1298 2086 ἄλλον
1325 2059 1374 2085 οὐκ
1391 2058 1510 2093 οἴδαμεν.
1532 2068 1541 2084 ›
1559 2059 1595 2084 Οὐ
1611 2058 1664 2094 γὰρ
1687 2058 1763 2089 ἐκτὸς
1781 2057 1824 2084 τοῦ

1046 2106 1153 2141 Πατρὺς
1170 2105 1233 2137 Υἱὸς
1246 2104 1417 2140 γνωρίζεται.
1433 2103 1490 2130 ἀλλ’
1508 2104 1536 2129 ὲν
1552 2103 1591 2138 τῷ
1603 2103 1701 2138 Πατρὶ,
1720 2103 1766 2130 καὶ
1780 2103 1825 2129 σὺν

208 2146 293 2175 Filius
309 2150 495 2183 cognoscitur,
511 2150 558 2177 sed
575 2150 602 2177 in
621 2149 713 2184 Patre,
725 2156 752 2179 et
768 2160 830 2179 cum
847 2152 927 2179 Patre
940 2173 947 2185 ,
967 2157 992 2180 el

1047 2153 1087 2188 τῷ
1106 2153 1203 2188 Πατρὶ,
1220 2152 1267 2178 καὶ
1277 2152 1335 2186 ἅμα
1348 2150 1386 2185 τῷ
1402 2150 1499 2186 Πατρὶ,
1514 2150 1552 2182 ὼς
1567 2149 1823 2184 ὰπαύγασμαδόξης,

208 2194 289 2220 simul
304 2199 385 2229 atque
398 2195 488 2228 Pater,
502 2199 531 2222 ut
545 2196 672 2230 splendor
683 2197 786 2232 gloriw,
803 2201 832 2224 ut
845 2197 992 2225 character

207 2239 395 2275 hypostaseos,
414 2245 443 2268 ut
455 2242 587 2276 sapientia
603 2243 744 2278 sapientis,
761 2248 787 2270 et
802 2245 921 2278 potentia
940 2251 990 2278 po-

208 2286 302 2317 tentis,
318 2291 348 2312 ut
363 2286 480 2313 Verbum
505 2289 614 2315 mentis.
641 2289 736 2317 Anam.
755 2287 808 2315 Sed
839 2289 969 2323 splendor
983 2309 991 2321 ,

207 2332 277 2359 lucis
299 2341 354 2360 non
382 2337 423 2360 est
451 2334 542 2367 ﬁlius;
562 2335 716 2367 character,
742 2335 920 2370 hypostaseos
937 2344 992 2363 non

206 2382 249 2404 est
274 2378 370 2405 ﬁlius:
391 2379 544 2414 sapientia,
573 2381 705 2415 sapientis
737 2389 792 2408 non
829 2386 870 2408 est
903 2381 992 2415 ﬁlius;

206 2423 340 2457 potentia,
369 2426 490 2458 potentis
514 2434 568 2453 non
594 2430 635 2453 est
660 2427 742 2454 ﬁlius.
772 2427 849 2454 (mh.
872 2426 994 2455 Potentis

206 2467 316 2502 quidem
341 2471 472 2504 potentia,
491 2479 546 2498 non
561 2475 603 2499 est
616 2472 676 2507 ejus
693 2472 783 2506 ﬁlius;
811 2480 862 2500 nec
885 2474 993 2508 sapien‘

207 2514 242 2541 tis
263 2515 408 2550 sapientia,
422 2520 465 2544 est
478 2517 538 2552 ejus
554 2518 643 2552 ﬁlius;
667 2526 755 2553 neque
778 2519 891 2546 verbum
915 2527 992 2546 men-

206 2561 253 2594 tis,
277 2566 320 2591 est
336 2563 396 2598 ejus
417 2563 504 2596 ﬁlius;
533 2571 620 2599 neque
648 2564 777 2599 splendor
810 2564 920 2600 gloriae,
949 2569 991 2593 cst

242 2662 264 2679 δ’
283 2663 336 2692 lsa.
349 2671 424 2697 τινι,
442 2665 485 2697 12,
503 2666 543 2692 15.

194 2804 200 2809 ι
241 2765 282 2801 (3)
302 2765 348 2794 Sic
366 2774 433 2795 mss.
449 2766 478 2794 In
489 2766 568 2794 editis
585 2774 648 2794 vero
668 2766 725 2793 ἐστι
739 2766 825 2794 deest.

1041 2198 1079 2230 ὡς
1097 2197 1239 2232 χαρακτὴρ
1254 2197 1436 2228 ὑποστάσεως,
1451 2196 1489 2226 ὡς
1502 2196 1582 2230 σοφία
1597 2196 1689 2230 σοφοῦ,
1704 2195 1739 2227 ὡς
1750 2195 1822 2222 δύνα-

1044 2254 1089 2281 μις
1097 2243 1222 2276 δυνατοῦ,
1239 2243 1276 2275 ὡς
1292 2244 1375 2278 Λόγος
1396 2243 1452 2269 νοῦ.
1477 2243 1576 2278 Ἀνόμ.
1601 2242 1680 2268 Ἀλλὰ
1695 2243 1725 2268 τὸ
1740 2243 1822 2269 ἀπαύ-

1043 2300 1136 2326 γασμα
1152 2291 1198 2317 τοῦ
1218 2290 1306 2325 φωτὸς
1333 2290 1392 2321 υἱὸς
1413 2290 1463 2316 οὐχ
1487 2289 1559 2315 ἐστιν
1573 2297 1579 2303 ·
1598 2289 1611 2314 ὸ
1627 2288 1764 2324 χαρακτὴρ
1777 2288 1820 2323 τῆς

1047 2336 1222 2368 ὑποστάσεως
1236 2337 1292 2367 υἱὸς
1305 2336 1354 2362 οὐκ
1372 2335 1443 2362 ἐστιν
1509 2335 1589 2369 σοφία
1606 2334 1652 2361 τοῦ
1674 2334 1754 2368 σοφοῦ
1771 2334 1821 2365 υίὸς

1044 2384 1095 2409 οὐκ
1118 2382 1208 2408 ἔστιν·
1232 2382 1375 2418 ὴδύναμις
1391 2382 1437 2408 τοῦ
1462 2380 1575 2407 δυνατοῦ
1598 2381 1655 2412 υἱὸς
1676 2381 1725 2407 οὐκ
1746 2380 1820 2408 ἐστιν.

1052 2427 1130 2461 Ὀρθ.
1150 2427 1204 2454 Τοῦ
1234 2428 1284 2463 μὲν
1305 2426 1417 2453 δυνατοῦ
1439 2426 1579 2462 ἡδύναμις
1593 2427 1643 2452 οὐκ
1662 2425 1734 2452 ἔστιν
1747 2425 1820 2452 αὑτοῦ

1045 2473 1118 2505 υἱός·
1135 2473 1183 2500 καὶ
1207 2474 1223 2507 ἡ
1247 2472 1327 2507 copia
1347 2472 1394 2498 τοῦ
1416 2471 1499 2506 σοφοῦ
1510 2471 1560 2497 οὐκ
1571 2471 1644 2497 ἔστιν
1656 2470 1737 2497 αὐτοῦ
1754 2471 1818 2502 υἱός·

1043 2519 1091 2545 καὶ
1115 2519 1130 2545 ό
1145 2518 1223 2552 λόγος
1248 2517 1294 2544 τοῦ
1321 2517 1368 2544 νοῦ
1383 2517 1432 2543 οὐκ
1451 2516 1523 2542 ἐστιν
1543 2515 1625 2542 αὑτοῦ
1645 2516 1721 2546 υἱός*
1736 2517 1777 2542 καὶ
1794 2515 1821 2541 τὸ

1043 2560 1213 2599 ἀπαύγασμα
1223 2563 1272 2598 τῆς
1287 2563 1365 2598 δόξης
1378 2563 1428 2589 οὒκ
1443 2561 1515 2588 ἐστιν
1530 2562 1614 2597 αὐτῆς
1632 2561 1703 2593 υἱόςο
1715 2562 1730 2588 ὁ
1741 2561 1767 2588 δὲ
1778 2561 1819 2589 τοῦ

1078 2764 1146 2800 (4-5)
1165 2763 1244 2798 Mss.,
1261 2764 1317 2791 ἀλλ’
1332 2764 1364 2791 ἐκ
1374 2764 1420 2791 τοῦ
1435 2763 1527 2797 σοφοῦ.
