1926 3067
93 155 160 182 1161

584 155 626 181 DE
646 154 780 182 SANCTA
799 152 986 182 TRINITATE
1006 150 1178 179 DIALOGUS
1197 150 1230 178 ll.

1635 148 1705 176 1182

93 211 163 238 Θεοῦ
189 211 252 244 Υίδς
271 212 317 239 καὶ
333 212 396 244 Υἱός
412 213 469 239 ἐστι
483 211 529 238 τοῦ
541 211 609 238 θεοῦ
621 213 667 238 καὶ
681 213 765 246 Λόγος
782 211 874 243 αὐτοῦ,

941 210 1001 245 ius
1017 209 1111 237 ﬁlius:
1135 209 1181 237 sed
1198 208 1246 236 Dei
1267 207 1370 240 Filius.
1392 211 1419 235 et
1442 206 1527 235 Filius
1551 211 1593 236 est
1615 206 1663 235 Dei
1682 211 1710 236 et

93 259 142 285 καὶ
156 258 219 290 Υἱός
243 258 300 285 ἐστι
313 258 359 285 τοῦ
386 259 468 294 σοφοῦ
479 259 525 286 καὶ
547 258 626 293 σοφία
640 257 731 290 αὑτοῦ,
745 258 792 284 καὶ
814 258 878 289 Υἱός

93 306 152 331 ἐστι
175 304 221 331 τοῦ
240 304 363 335 δυνατοῦ,
380 306 427 331 καὶ
452 305 564 340 δύναμις
583 304 663 331 αὑτοῦ
680 305 747 331 ἐστι.
768 305 822 331 Καὶ
835 304 879 330 διὰ

95 350 183 382 τοῦτο,
201 350 264 377 Υἰὺν
277 350 430 383 ἀκούοντες,
446 350 477 376 τὸ
491 351 670 377 ὲνυπόστατον
684 349 797 385 νοοῦμεν
806 358 812 364 ·
831 350 879 376 καὶ

94 395 209 431 δύναμιν
235 395 388 428 ἀκούοντες,
404 397 450 422 καὶ
466 396 560 429 Λόγον,
577 396 624 422 καὶ
642 396 749 430 σοφίαν,
766 396 796 422 τὸ
808 395 880 430 ἀχώ-

97 449 188 476 ριστον
201 442 249 468 καὶ
265 442 397 468 ωναῖδιον
409 441 616 477 ἐπαιδεύθημεν.

133 528 160 555 5.
178 528 276 563 ’Δγ-ὀμ.
292 529 367 565 ’Ἅμα
379 527 425 556 οῦν
447 531 535 564 λέγεις
556 531 687 566 ὑπάρχειν
707 531 815 566 Πατέρα
835 532 881 558 καὶ

99 574 182 611 Ϊίόνι
208 575 285 608 Ὁρθ.
302 575 377 611 ’Ἅμα
404 575 484 610 λέγω.
507 577 605 610 Ἀνόμ.
635 576 686 603 Δύο
706 575 751 604 οὖν
763 577 882 613 ἀγένητα

98 621 206 656 λέγεις;
226 621 301 656 Ὀρϐ.
332 621 402 656 Ἐγὼ
427 623 535 658 Πατέρα
559 623 605 649 καὶ
618 623 681 650 Υἰὺν
705 623 793 658 λέγω⁸
808 625 834 651 τί
855 624 882 650 δέ

99 668 173 694 ἔστιν
185 666 323 702 ἀγένητον,
332 669 381 695 οὐκ
391 668 530 704 ἐδιδάχθην
541 669 594 696 ἀπὸ
604 670 657 696 τῶν
669 670 748 697 θείων
758 670 881 706 Γραφῶν.

105 714 202 748 ’Δγ-ὀμ.
228 715 284 741 Οὑκ
306 715 378 741 ἔστιν
403 713 448 742 οὖν
467 715 688 751 ὁμολογούμενον,
703 717 744 743 ὅτι
760 718 774 743 ὁ
790 717 883 753 Πατὴρ

97 759 144 786 τοῦ
166 761 282 796 Χριστοῦ
307 761 357 788 οὑκ
376 761 433 788 ἐστι
452 762 581 796 γενητός;
604 762 680 796 Ὀρθ.
707 763 884 799 Ὤμολόγηται

99 806 147 833 καὶ
163 808 229 843 παρ’
248 808 325 843 ἐμοῦ.
348 808 446 843 Ἀνόμ.
471 809 499 834 '0
512 808 540 835 δὲ
554 809 591 845 μὴ
601 808 720 843 γεγονὼς
732 809 779 836 καὶ
795 810 884 846 ὑπάρ-

99 862 154 888 χων
183 853 321 887 ἀγενήτως
336 854 468 890 ὑπάρχει”
493 854 623 890 ἀγένητος
640 855 701 890 ἄρα.
731 855 807 889 Ὀρθ.
825 856 885 882 ’Ότι

101 899 152 933 μὲν
167 898 216 925 οὐκ
226 899 341 932 ἐγένετο,
357 897 430 927 οἶδα·
444 900 572 936 ἀγένητον
585 900 611 927 δὲ
631 901 710 927 αὑτὸν
726 901 826 936 λέγειν,
837 902 887 928 οὑκ

101 943 241 978 ἐδιδάχθην
250 944 300 970 ὑπὸ
307 944 356 979 τῆς
369 943 442 977 θείας
452 945 571 981 Γραφῆς,
581 946 648 973 ἀλλὰ
656 946 776 983 Πατέρα.
785 948 883 982 Ἀνόμ.

100 989 132 1015 Εἰ
148 989 197 1016 οὐκ
207 989 314 1024 ἐγένετο
326 991 340 1016 ὁ
352 991 480 1026 ὑπάρχων
490 991 543 1024 πρὸ
554 991 608 1018 τῶν
618 992 732 1023 αἰώνων,
748 993 886 1028 ἀγενήτως

102 1035 234 1071 ὑπάρχει·
259 1037 273 1062 ό
300 1036 328 1063 δὲ
347 1037 485 1072 ἀγενήτως
505 1038 634 1073 ὑπάρχων
650 1038 780 1074 ἀγένητός
801 1039 884 1067 ἐστιν.

107 1082 184 1116 Ὄρθ.
207 1082 276 1109 Ἀλλ’
298 1084 347 1110 οὑκ
370 1081 445 1110 εἶπεν
460 1085 476 1119 ἡ
493 1084 585 1119 Γραερὴ
601 1084 631 1111 τὸ
645 1085 785 1120 ἀγένητον,
802 1086 833 1112 τὸ
857 1085 886 1112 δὲ

101 1128 211 1164 Πατέρα
236 1128 316 1155 αὑτὸν
328 1127 396 1156 εἶναι
420 1126 490 1157 εἶπε.
506 1130 623 1156 Κάκεῖνο
639 1130 720 1165 λέγω,
735 1131 749 1157 ὃ
763 1132 779 1167 ἡ
792 1131 811 1157 Γ
815 1131 887 1167 ραφὴ

101 1171 174 1207 εἷπε,
190 1175 235 1201 καὶ
249 1174 310 1210 οὐχ).
325 1175 339 1200 ὂ
349 1176 382 1210 τῇ
399 1176 487 1211 ἐννοίᾳ
500 1175 554 1202 τῶν
567 1175 717 1212 ἀνθρώπων
731 1176 886 1203 ὑποπίπτει.

103 1220 158 1246 Καὶ
173 1220 227 1256 γὰρ
241 1220 278 1256 (6)
293 1221 359 1248 ἄλλα
379 1221 463 1248 πολλά
473 1223 556 1253 ἐστιν,
574 1221 592 1248 ἃ
607 1223 666 1253 ταῖς
681 1222 794 1254 ἐννοίαις
811 1222 888 1258 ἡμῶν

103 1265 260 1298 ὑποπίπτει,
290 1266 338 1293 καὶ
363 1265 400 1298 ὡς
425 1265 537 1302 ἀπρεπῆ
551 1265 640 1300 λέγειν
651 1266 720 1293 αὑτὰ
736 1267 800 1301 περὶ
822 1265 888 1293 θεοῦ

103 1311 319 1347 παραιτούμεθα,
342 1312 433 1347 ἐπειδὴ
454 1312 514 1339 οὐδὲ
536 1314 553 1348 ἡ
567 1313 662 1348 Γραφὴ
683 1310 767 1339 εἶπεν.
790 1313 887 1347 Ἀνάιι.

103 1353 181 1390 Οῖον;
201 1357 238 1389 ὡς
262 1358 289 1383 τί
311 1358 381 1385 εἰπέ.
402 1359 478 1392 Ὀρθ.
492 1358 553 1384 Ὅτι
571 1359 651 1393 ἡμεῖς
671 1357 808 1393 εὐχόμεθα
828 1366 891 1393 προ-

105 1403 216 1430 κόπτειν
233 1403 278 1430 ὲπῑ
294 1413 320 1430 τι
336 1403 455 1439 βέλτιον,
473 1404 550 1439 δῆλόν
578 1405 651 1431 ἐστιν
662 1413 668 1419 ·
694 1405 708 1430 ὁ
724 1404 752 1431 δὲ
777 1404 841 1437 Θεὸς
860 1405 889 1431 οὑ

104 1448 268 1483 προκόπτει·
287 1448 361 1475 οὐδὲν
384 1448 438 1484 γὰρ
467 1448 541 1483 αὑτῷ
565 1448 664 1476 λείπει.
685 1440 779 1484 Ἆγόμ.
808 1450 891 1476 Οὐδὲν

104 1494 178 1530 αὑτῷ
205 1493 302 1521 λείπει.
332 1495 408 1529 Ὀρθ.
436 1495 472 1522 Οὺ
497 1495 590 1531 χρείαν
613 1493 659 1522 οὖν
685 1495 741 1531 ἔχει
764 1495 810 1522 τοῦ
827 1504 891 1531 προ-

103 1539 224 1566 κόπτειν.
240 1540 338 1574 Ἀνόμ.
357 1539 393 1565 Οὐ
402 1539 496 1575 χρείαν
512 1538 576 1574 ἔχει.
598 1538 675 1573 Ὀρθ.
692 1539 785 1570 Οὐδεὶς
801 1539 888 1574 ἡμῶν,

104 1584 148 1611 διὰ
156 1584 184 1611 τὸ
199 1585 235 1620 μὴ
249 1584 412 1620 προκόπτειν
422 1584 511 1616 αὑτὸν,
529 1585 702 1621 ἀπρόκοπτον
717 1585 789 1619 λέγει
798 1584 888 1617 αὑτὸν,

104 1629 162 1656 ἀλλ’
174 1630 211 1661 ὡς
226 1630 336 1661 ἀναξίαν
357 1630 402 1656 τοῦ
419 1630 486 1656 Θεοῦ
501 1630 550 1666 τὴν
566 1630 656 1666 φωνὴν
674 1630 888 1666 παραιτούμεθα.

105 1675 197 1708 Οὕτως
208 1676 268 1703 οὐδὲ
280 1677 310 1702 τὸ
322 1676 451 1712 ἀγένητον
460 1676 533 1709 ἄξιον
547 1674 615 1703 εἶναι
623 1676 670 1703 τοῦ
681 1676 747 1703 θεοῦ
758 1677 872 1713 λέγομεν
880 1686 887 1692 ·

106 1723 131 1749 εί
144 1722 198 1758 γὰρ
210 1721 244 1758 ἦν
261 1722 344 1756 ἄξιον,
361 1720 437 1749 εἶπεν
451 1722 483 1749 ἂν
493 1722 558 1749 αὐτὸ
573 1723 589 1757 ἡ
604 1722 661 1748 θεία
677 1721 781 1758 Γραφή.

928 256 988 290 ejus
1002 254 1131 287 Verbum,
1145 258 1172 282 et
1184 254 1269 282 Eilius
1283 259 1325 282 est
1336 254 1468 290 sapientis
1485 257 1512 281 et
1520 253 1580 289 ejus
1597 253 1708 290 sapien-

929 301 976 333 δὴ,
990 306 1017 328 et
1034 300 1119 328 Filius
1139 300 1181 337 est
1198 300 1317 336 potentis
1330 304 1359 328 et
1372 301 1431 335 ejus
1445 302 1575 335 potentia.
1591 300 1709 337 ideoque

930 354 991 374 cum
1004 346 1102 374 Filium
1118 345 1254 379 audimus,
1270 354 1332 374 eum
1351 346 1378 373 in
1390 354 1449 374 sese
1461 346 1613 374 subsistere
1627 347 1708 374 intel-

931 394 1038 429 ligimus
1052 403 1058 421 :
1076 401 1137 421 cum
1154 397 1243 420 autem
1268 393 1415 428 potentiam
1429 415 1437 424 ,
1454 392 1586 426 Verbum,
1601 394 1709 429 sapien‘

930 439 996 466 tiam
1009 439 1150 472 audimus;
1177 439 1217 467 sic
1238 439 1367 466 docemur
1381 440 1592 474 inseparabilem
1608 447 1669 468 esse
1683 444 1710 468 et

932 489 1107 511 coteternnm.

969 529 995 556 5.
1006 529 1101 556 Anam.
1113 528 1199 557 Simul
1209 529 1290 564 igitur
1300 529 1369 557 dicis
1377 537 1438 557 esse
1446 529 1552 558 Patrem
1560 535 1587 558 et
1598 531 1711 558 Filium!

934 575 1010 603 Orlh.
1029 575 1115 602 Simul
1130 583 1190 603 esse
1211 575 1283 603 dico.
1297 576 1393 603 Anam.
1409 575 1467 603 Duo
1477 576 1559 611 igitur
1572 585 1627 604 non
1643 577 1714 605 facta

933 622 1019 650 dicis?
1039 622 1115 650 Ortlt.
1139 621 1194 657 Ego
1209 620 1317 649 Patrem
1334 627 1361 649 et
1382 621 1480 649 Filium
1496 623 1577 650 dico:
1595 612 1660 658 quid
1679 624 1716 652 sit

935 673 1024 696 autem
1049 676 1104 695 non
1119 667 1218 699 factus,
1234 675 1320 696 sacrae
1334 667 1444 696 Litterae
1467 676 1511 696 me
1536 677 1590 696 non
1605 670 1714 697 docent.

935 714 1030 740 Anam.
1049 713 1090 740 An
1109 719 1170 740 vero
1183 721 1234 740 non
1250 716 1292 740 est
1310 713 1337 740 in
1351 712 1479 741 confesso
1494 712 1601 740 Patrem
1611 713 1712 742 Christi

935 766 989 786 non
1003 766 1064 786 esse
1082 758 1203 785 factum?
1230 757 1308 785 Ortlt.
1326 757 1383 785 lloc
1396 762 1423 785 et
1436 766 1486 794 ego
1500 757 1598 786 fateor.
1620 759 1714 786 Anam.

939 804 1033 840 itaque
1055 805 1101 840 qui
1121 812 1175 832 non
1186 809 1226 832 est
1239 804 1337 838 factus,
1355 808 1382 832 et
1393 808 1445 838 cst,
1457 805 1495 831 ita
1508 809 1560 838 est,
1571 809 1601 832 ut
1617 805 1653 832 sit
1663 813 1717 832 non

938 849 1036 878 factus.
1061 849 1108 877 Est
1134 850 1217 885 igitur
1237 859 1292 878 non
1307 850 1404 878 factus.
1427 850 1505 879 Orth.
1523 850 1589 878 Eum
1608 852 1718 887 quidem

937 896 998 924 novi
1015 903 1070 923 non
1089 896 1173 924 fuisse
1187 895 1309 924 factum:
1332 897 1422 931 ipsum
1444 901 1534 924 autent
1550 904 1647 925 vocare
1664 905 1719 925 non

935 943 1037 970 factum
1050 951 1104 970 non
1119 943 1218 970 docent
1232 951 1275 970 me
1301 951 1387 971 sacrm
1401 943 1519 976 Litterae.
1533 944 1582 972 sed
1598 943 1718 973 Patrem.

935 990 1029 1016 Anam.
1051 989 1079 1016 Si
1095 997 1150 1016 non
1164 993 1206 1016 est
1222 988 1309 1016 factus
1325 989 1372 1024 qui
1397 993 1460 1017 ante
1475 991 1575 1017 saecula
1596 995 1655 1024 εει,
1677 995 1720 1018 est

936 1043 991 1062 non
1007 1035 1094 1062 factus
1108 1044 1115 1062 :
1132 1034 1179 1069 qui
1192 1042 1256 1061 vero
1270 1034 1309 1062 sic
1324 1038 1375 1066 est,
1391 1039 1420 1062 ut
1445 1043 1499 1062 non
1519 1035 1555 1063 sit
1567 1035 1666 1068 factus,
1679 1041 1722 1064 est

937 1089 991 1108 non
1003 1080 1102 1108 factus.
1121 1079 1198 1108 Ortlt.
1217 1079 1316 1107 Verum
1334 1080 1476 1116 Scriptura
1491 1088 1545 1108 non
1559 1086 1640 1108 vocat
1656 1089 1718 1109 eum

937 1135 993 1154 non
1008 1127 1120 1159 factum,
1133 1127 1179 1154 sed
1194 1134 1256 1154 eum
1269 1134 1331 1154 esse
1349 1126 1455 1154 Patrem
1480 1127 1556 1154 dicit.
1581 1127 1659 1160 Quod
1674 1135 1720 1155 au-

938 1177 992 1201 tem
1006 1172 1071 1200 dicit
1082 1172 1235 1208 Scriptura,
1250 1173 1301 1200 hoc
1313 1177 1340 1200 et
1358 1180 1407 1208 ego
1420 1173 1491 1205 dico,
1504 1181 1558 1200 non
1575 1177 1664 1200 autem
1679 1173 1718 1205 id,

938 1218 1010 1254 quod
1026 1219 1053 1246 in
1069 1219 1209 1246 hominum
1229 1219 1421 1254 cogitationem
1442 1219 1524 1247 cadit.
1543 1219 1610 1246 Nam
1626 1223 1653 1247 et
1668 1221 1721 1247 alia

940 1265 1026 1292 multa
1044 1265 1073 1292 in
1087 1269 1209 1292 nostram
1222 1265 1415 1300 cogitationem
1430 1265 1541 1297 cadunt,
1557 1273 1618 1301 qua:
1631 1270 1722 1294 tamen

939 1312 1124 1348 repudiamus,
1139 1319 1168 1339 ut
1185 1319 1246 1346 qua:
1261 1311 1456 1339 convenienter
1473 1312 1507 1340 de
1520 1312 1575 1340 Deo
1593 1312 1648 1340 dici
1667 1321 1723 1340 non

940 1359 1056 1393 possint,
1070 1357 1289 1393 quandoquidem
1319 1359 1346 1385 in
1371 1357 1520 1393 Scripturis
1544 1358 1569 1386 ei
1596 1367 1651 1386 non
1673 1359 1723 1386 tri~

941 1404 1071 1432 buuntnr.
1087 1407 1179 1431 Anam.
1189 1404 1262 1432 Cedo
1276 1405 1429 1440 exemplttm
1445 1414 1452 1432 :
1469 1409 1498 1432 ut
1509 1405 1584 1440 quid,
1596 1406 1724 1433 obsecro?

943 1449 1019 1477 Ortlt.
1040 1449 1153 1477 Constat
1176 1457 1227 1476 nos
1243 1455 1347 1484 optare,
1365 1454 1394 1476 ut
1418 1450 1446 1478 in
1475 1450 1572 1478 tnelius
1594 1450 1723 1485 proﬁcia-

941 1503 1003 1523 mus
1017 1506 1023 1522 :
1042 1500 1069 1521 at
1085 1495 1156 1522 Deus
1172 1503 1225 1522 non
1240 1495 1359 1530 proﬁcit,
1372 1495 1500 1530 quoniam
1512 1496 1581 1523 nihil
1596 1496 1621 1524 ei
1635 1496 1722 1524 deest.

941 1542 1036 1569 Anam.
1055 1541 1127 1568 Nihil
1141 1549 1253 1576 prorsus
1270 1541 1322 1578 ipsi
1340 1542 1426 1569 deest.
1445 1541 1521 1570 Orth.
1543 1541 1583 1569 llli
1599 1550 1665 1578 ergo
1682 1543 1725 1569 ni-

942 1587 981 1615 hil
996 1595 1065 1623 optts
1075 1592 1127 1620 est,
1138 1591 1168 1615 ut
1185 1587 1318 1623 proﬁciat.
1333 1588 1427 1615 Anam.
1447 1587 1530 1616 Nihil.
1548 1587 1625 1616 Orth.
1639 1588 1725 1616 Nemo

943 1638 1032 1661 tamen
1049 1636 1173 1660 nostrum
1189 1637 1248 1665 est,
1267 1633 1313 1668 qui
1333 1632 1405 1668 qttod
1421 1641 1476 1660 non
1501 1633 1636 1668 proﬁciat,
1651 1633 1726 1660 dicat

943 1687 1016 1710 eum.
1028 1679 1210 1715 ἀπρόκοπτον,
1225 1687 1283 1711 seu,
1299 1687 1354 1706 non
1371 1679 1572 1714 proﬁcientem;
1595 1679 1660 1714 quin
1677 1686 1727 1714 po-

943 1726 998 1754 tius
1012 1725 1083 1753 hanc
1099 1733 1205 1759 vocem,
1219 1730 1248 1753 ut
1261 1733 1321 1760 qua:
1335 1724 1419 1752 Deutn
1437 1733 1490 1753 non
1516 1726 1627 1758 deceat,
1647 1733 1728 1760 repu-

106 1769 223 1796 diamus.
252 1769 288 1796 Ita
304 1769 384 1797 etiam
404 1769 469 1797 illud
483 1769 623 1803 ἀγένητον,
639 1777 698 1802 seu,
717 1778 771 1796 non
788 1770 886 1798 factum
903 1780 1034 1808 negamus
1048 1772 1103 1799 Deo
1117 1771 1230 1807 dignum
1252 1779 1313 1799 esse
1325 1792 1332 1802 .
1362 1779 1424 1799 nam
1441 1771 1463 1798 si
1494 1771 1607 1807 dignum
1640 1774 1726 1802 esset,

107 1815 134 1842 id
149 1816 272 1855 dicerent
287 1823 372 1844 sacrm
386 1815 503 1843 Litterre.

142 1862 169 1889 4.
193 1862 286 1897 Ἀνόμ.
303 1862 424 1896 Ἐγένετο
432 1859 479 1888 οὖν
492 1863 506 1888 ὁ
516 1861 598 1893 Θεός;
613 1861 684 1894 εἰπὲ,
694 1863 739 1888 καὶ
753 1863 806 1890 ὑπὸ
819 1863 891 1895 τίνος

107 1907 230 1941 ὲγένετο;
262 1907 338 1940 Ὄρθ.
359 1907 390 1933 El
417 1907 462 1934 διὰ
484 1907 563 1933 τοῦτο
589 1907 719 1942 ἀγένητον
742 1908 824 1935 αὑτὸν
852 1909 893 1935 δεῖ

107 1953 206 1988 λέγειν,
218 1953 310 1989 ἐπειδὴ
333 1953 379 1979 ὑπ’
396 1953 501 1985 οὐδενὸς
528 1953 646 1987 ἐγένετο,
664 1953 725 1980 εἰπὲ
743 1954 825 1980 αὐτὸν
845 1955 892 1981 καὶ

107 1999 230 2032 ἄπιστον,
247 1999 340 2035 ἐπειδὴ
350 2001 389 2030 εἰς
405 1999 498 2026 οὐδένα
513 1999 651 2026 πιστεύει”
662 1999 722 2025 εἰπὲ
734 2000 780 2026 καὶ
794 2000 890 2035 ἀσεϐῆ,

107 2046 200 2081 ἐπειδὴ
216 2046 309 2072 οὐδένα
333 2045 450 2072 σέϐεται.
478 2046 509 2072 Εἰ
539 2044 669 2073 δὲταῦτα
692 2046 708 2081 ή
735 2046 784 2081 μὲν
805 2046 892 2073 ἔννοια

107 2092 263 2123 ὑποϐάλλει,
278 2093 294 2127 ἡ
305 2091 333 2118 δὲ
346 2092 471 2118 εὐσέϐεια
483 2092 532 2118 οὑκ
546 2092 687 2127 ἐπιτρέπει
703 2092 791 2126 λέγειν
802 2100 808 2106 ”
821 2091 893 2118 οὕτω

108 2139 155 2165 καὶ
169 2139 199 2165 τὸ
209 2138 348 2174 ἀγένητον,
368 2138 418 2164 κᾶν
431 2138 495 2174 δοκῇ
518 2139 578 2170 ταῖς
596 2139 710 2170 ἐννοίαις
729 2138 808 2173 ἡμῶν
825 2138 891 2164 ὑπο-

109 2185 230 2216 πίπτειν,
245 2185 301 2211 ἀλλ⁷
315 2186 333 2221 ἡ
347 2185 471 2211 εὑσέὸεια
484 2185 534 2211 οὑκ
555 2184 695 2220 ἐπιτρέπει
709 2183 807 2218 λέγειν.
822 2184 853 2210 Εἰ
864 2184 892 2211 δὲ

979 1862 1060 1900 425
1077 1863 1103 1891 4.
1122 1863 1217 1890 Anam.
1229 1861 1277 1889 Dic
1290 1863 1382 1897 igitur,
1396 1862 1519 1890 factusne
1539 1867 1581 1890 est
1597 1861 1688 1890 Deus?
1702 1867 1730 1889 ct

944 1917 959 1936 a
974 1917 1028 1944 quo
1046 1909 1133 1937 factus
1146 1909 1209 1936 est?
1221 1908 1296 1936 Ort/t.
1314 1907 1342 1935 Si
1359 1914 1500 1943 propterea
1515 1912 1624 1943 oportet
1640 1909 1729 1944 ipsum

945 1956 998 1984 dici
1015 1964 1069 1984 non
1086 1956 1187 1983 factum
1199 1976 1206 1987 ,
1223 1955 1353 1990 quoniam
1374 1962 1389 1982 a
1412 1955 1489 1982 nullo
1505 1959 1547 1982 est
1563 1954 1651 1983 factus
1662 1975 1669 1987 ,
1685 1955 1730 1983 dte

945 2001 1025 2028 etiam
1040 2008 1101 2028 eum
1117 2008 1171 2028 non
1184 2000 1350 2032 credentem,
1366 2001 1496 2035 quoniam
1513 2001 1540 2027 in
1553 2001 1657 2028 nullum
1671 2008 1731 2028 cre-

945 2046 984 2074 dit
998 2055 1004 2073 :
1023 2052 1049 2074 et
1062 2047 1173 2081 impium
1184 2067 1192 2075 ,
1207 2046 1334 2081 quoniam
1350 2047 1454 2073 nullum
1468 2046 1543 2073 colit.
1558 2046 1636 2079 Quod
1648 2046 1671 2074 si
1686 2054 1731 2074 co-

946 2093 1040 2127 gitatio
1061 2091 1170 2127 quidem
1191 2097 1285 2120 nostra
1306 2092 1384 2120 nobis
1400 2092 1466 2119 talia
1482 2093 1617 2128 suggerit,
1634 2093 1730 2128 religio

945 2146 1009 2166 vero
1031 2139 1122 2167 dicere
1136 2147 1187 2167 nos
1208 2147 1262 2166 non
1283 2139 1404 2174 patitur:
1426 2140 1463 2166 ita
1482 2141 1563 2166 etiam
1586 2139 1653 2177 illud
1674 2147 1729 2167 non

946 2184 1046 2210 factum
1058 2205 1064 2215 ,
1081 2185 1188 2212 etiamsi
1201 2185 1280 2212 nobis
1293 2184 1422 2219 cogitatio
1436 2189 1529 2211 nostra
1544 2184 1569 2211 id
1584 2189 1728 2219 suggerat,

111 2230 158 2266 μὴ,
176 2229 252 2257 εἶπεν
261 2231 329 2258 αὑτὸ
347 2231 456 2262 πάντως
469 2231 486 2265 ὴ
506 2230 611 2266 Γραφή.
636 2231 730 2265 Ἀγόμ.
755 2231 791 2257 Οὑ
806 2230 888 2264 λέγεις

946 2237 999 2256 non
1015 2229 1081 2256 sinit
1095 2233 1186 2256 tamen
1201 2229 1296 2264 religio
1311 2237 1362 2256 nos
1377 2229 1479 2256 dicere.
1496 2229 1523 2256 ld
1538 2229 1610 2256 enim
1626 2230 1728 2264 alioqui

109 2276 156 2304 οὖν
173 2278 303 2313 ἀγένητον
318 2277 363 2304 τὸν
378 2277 423 2303 ἐπὶ
439 2277 546 2303 πάντων
560 2276 639 2308 θεόν;
658 2277 734 2311 Ὀρθ.
750 2277 780 2302 Εἰ
793 2276 892 2311 γέγρα-

110 2332 187 2354 πται,
199 2323 285 2357 λέγω·
305 2324 328 2349 εί
351 2322 380 2349 δὲ
394 2323 424 2349 οὑ
440 2322 605 2357 γέγραπται,
622 2322 671 2348 οὑκ
695 2322 749 2357 ἔχω
772 2322 893 2356 ἀνάγκην

110 2371 206 2396 εἰπεῖν.
228 2370 281 2396 Καὶ
302 2370 342 2396 ὅτι
366 2369 395 2395 οὺ
415 2368 522 2399 πάντως
547 2367 582 2394 τὰ
603 2369 662 2399 ταῖς
686 2367 799 2400 ἐννοίαις
814 2367 893 2402 ἡμῶν

110 2415 297 2442 ὑποπίπτοντα
312 2416 353 2442 δεῖ
374 2415 580 2450 λέγειν,ιὲξεστι
604 2415 651 2441 καὶ
672 2414 757 2446 ἄλλως
782 2413 892 2447 γνῶναι.

111 2462 190 2497 Παρὰ
205 2462 312 2488 πάντων
325 2461 404 2497 ήμῶν
419 2461 601 2496 ὡμολόγηται,
615 2460 656 2486 ὅτι
673 2461 687 2486 ὀ
700 2460 765 2492 Θεὸς
782 2460 894 2496 ἀόρατός

111 2510 180 2540 ἐστι,
189 2508 236 2534 τοῦ
248 2508 325 2541 ἁγίου
335 2507 440 2534 Παύλου
447 2507 581 2542 λέγοντος·
595 2517 604 2532 ι
615 2506 766 2542 Ἀφθάρτῳ,
777 2505 895 2542 ἀοράτῳ,

113 2555 186 2590 μόνῳ
206 2554 280 2589 σοφῷ
299 2554 368 2589 Θεῷ.
381 2563 390 2578 ι
411 2554 441 2579 Ὀ
457 2553 485 2579 δὲ
511 2553 648 2588 ἄφθαρτος
673 2552 722 2587 οὐχ
738 2551 827 2586 ἑαυτῷ
848 2552 897 2581 μὲν

112 2600 229 2635 φθαρτός
244 2601 327 2631 ἐστιν,
344 2599 434 2631 ἄλλοις
448 2599 476 2626 δὲ
501 2598 639 2634 ἄφθαρτος
650 2619 656 2630 ,
675 2597 743 2624 ἀλλὰ
764 2598 811 2624 καὶ
830 2599 897 2624 πᾶσι

112 2647 159 2673 καὶ
175 2645 264 2681 ἑαυτῷ
279 2645 415 2681 ἄφθαρτός
429 2646 511 2672 ἐστιν.
531 2645 629 2679 Ἀνόμ.
645 2644 700 2671 Καὶ
717 2644 800 2671 πάνυ.
820 2644 896 2678 ¹ορ0.

113 2693 228 2725 Οὐκοῦν,
247 2693 340 2727 ἐπειδὴ
357 2693 490 2727 συνῆπται
506 2691 544 2726 τῷ
572 2690 702 2727 ἀφθάρτῳ
728 2690 758 2716 τὸ
772 2689 897 2725 ἀόρατον,

152 2784 174 2800 ⁸⁸
192 2785 201 2811 I
218 2783 288 2811 Tim.
307 2783 394 2816 1,.17.

154 2862 188 2899 β)
207 2862 293 2890 Palat.
309 2861 364 2887 Καὶ
378 2861 431 2896 γὰρ
445 2860 497 2888 καί.

272 2907 408 2937 Ριτιοι.
425 2907 483 2937 Gtt.
502 2906 643 2936 XXl'lll.

946 2274 1087 2310 Scriptura
1104 2275 1198 2310 utique
1212 2278 1383 2309 usurpasset.
1405 2275 1499 2302 Anam.
1524 2276 1566 2302 An
1589 2283 1643 2303 non
1664 2284 1729 2304 vero

945 2320 1049 2352 Deum,
1073 2321 1119 2355 qui
1142 2327 1223 2354 supra
1244 2320 1334 2346 omnia
1360 2324 1416 2353 est,
1443 2320 1512 2348 dicis
1538 2329 1592 2348 non
1610 2321 1732 2349 factum?

949 2366 1026 2394 Orth.
1043 2366 1160 2394 Dixerim
1171 2386 1178 2398 ,
1195 2366 1218 2394 si
1231 2366 1362 2401 scriptum
1373 2371 1465 2401 esset,
1477 2367 1548 2402 quod
1565 2368 1588 2395 si
1599 2367 1730 2402 scriptum

948 2421 1002 2440 non
1017 2418 1075 2444 est,
1096 2420 1151 2440 non
1170 2419 1253 2448 cogor
1273 2412 1374 2440 dicere.
1400 2413 1453 2441 Sed
1474 2418 1500 2441 et
1516 2414 1616 2449 alioqui
1631 2414 1732 2442 intelli-

948 2466 1011 2493 gere
1033 2459 1117 2492 licet,
1139 2466 1193 2485 non
1210 2466 1271 2486 esse
1288 2459 1452 2492 dicendum,
1466 2456 1598 2495 quidquid
1614 2461 1642 2488 in
1657 2468 1730 2496 cogi-

947 2505 1077 2532 tationem
1093 2508 1214 2532 nostrant
1229 2505 1311 2531 cadit.
1324 2504 1452 2532 Fatemur
1464 2513 1558 2534 omnes
1572 2506 1656 2534 Deum
1671 2515 1733 2534 esse

947 2550 1111 2577 invisibilem
1123 2571 1131 2583 ,
1158 2557 1221 2578 cum
1248 2550 1321 2577 dicat
1346 2551 1447 2579 Paulus
1461 2561 1468 2579 :
1484 2562 1493 2578 ι
1509 2552 1709 2587 lncorrnptibili
1723 2573 1731 2584 ,

948 2596 1078 2624 invisibili
1089 2616 1096 2628 ,
1119 2596 1170 2624 soli
1191 2596 1308 2631 sapienti
1329 2595 1384 2624 Deo
1401 2597 1433 2625 “.
1450 2608 1460 2624 ›
1473 2597 1607 2626 Caeterum
1625 2599 1672 2633 qui
1688 2598 1732 2625 in-

949 2642 1136 2678 corruptibilis
1148 2646 1208 2675 est,
1225 2650 1280 2670 non
1293 2647 1336 2670 est
1347 2643 1401 2671 sibi
1412 2643 1521 2679 quidem
1533 2643 1732 2679 corruptibilis,

949 2689 1009 2717 aliis
1031 2697 1097 2718 vero
1119 2689 1359 2725 incorruptibilis:
1385 2691 1433 2718 sed
1452 2694 1480 2719 et
1495 2691 1623 2718 omnibus
1636 2695 1662 2718 et
1679 2691 1732 2719 sibi

1534 2896 1573 2927 3'!
