  <div class='ocr_page' id='page_1' title='image "/cluster/home/n/w/nwhite01/storage/ocr_20150623/28/njp.32101007506148/599.png"; bbox 0 0 1926 3067; ppageno 0'>
   <div class='ocr_carea' id='block_1_1' title="bbox 206 141 275 171">
    <p class='ocr_par' dir='ltr' id='par_1_1' title="bbox 206 141 275 171">
     <span class='ocr_line' id='line_1_1' title="bbox 206 141 275 171; baseline 0.014 -1"><span class='ocrx_word' id='word_1_1' title='bbox 206 141 275 171; x_wconf 76' lang='lat' dir='ltr'><strong>H65</strong></span> 
     </span>
    </p>
   </div>
   <div class='ocr_carea' id='block_1_2' title="bbox 754 142 1242 174">
    <p class='ocr_par' dir='ltr' id='par_1_2' title="bbox 754 142 1242 174">
     <span class='ocr_line' id='line_1_2' title="bbox 754 142 1242 174; baseline -0.006 -1"><span class='ocrx_word' id='word_1_2' title='bbox 754 144 786 174; x_wconf 82' lang='lat' dir='ltr'><strong>S.</strong></span> <span class='ocrx_word' id='word_1_3' title='bbox 801 142 1033 173; x_wconf 76' lang='lat' dir='ltr'><strong>ATHANASIUS.</strong></span> <span class='ocrx_word' id='word_1_4' title='bbox 1053 160 1087 165; x_wconf 95' lang='lat'><strong><em>—</em></strong></span> <span class='ocrx_word' id='word_1_5' title='bbox 1107 142 1242 172; x_wconf 74' lang='lat' dir='ltr'><strong>SPURIA.</strong></span> 
     </span>
    </p>
   </div>
   <div class='ocr_carea' id='block_1_3' title="bbox 1750 139 1821 168">
    <p class='ocr_par' dir='ltr' id='par_1_3' title="bbox 1750 139 1821 168">
     <span class='ocr_line' id='line_1_3' title="bbox 1750 139 1821 168; baseline 0 0"><span class='ocrx_word' id='word_1_6' title='bbox 1750 139 1821 168; x_wconf 65' lang='grc'><strong>1188</strong></span> 
     </span>
    </p>
   </div>
   <div class='ocr_carea' id='block_1_4' title="bbox 205 194 979 236">
    <p class='ocr_par' dir='ltr' id='par_1_4' title="bbox 205 199 979 236">
     <span class='ocr_line' id='line_1_4' title="bbox 205 199 979 236; baseline 0.001 -10"><span class='ocrx_word' id='word_1_7' title='bbox 205 203 247 226; x_wconf 84' lang='lat' dir='ltr'><strong>est</strong></span> <span class='ocrx_word' id='word_1_8' title='bbox 261 199 482 235; x_wconf 83' lang='lat' dir='ltr'><strong>incorruptibilis.</strong></span> <span class='ocrx_word' id='word_1_9' title='bbox 491 199 586 227; x_wconf 86' lang='lat' dir='ltr'><strong>Anam.</strong></span> <span class='ocrx_word' id='word_1_10' title='bbox 596 201 636 227; x_wconf 88' lang='lat' dir='ltr'><strong>lta</strong></span> <span class='ocrx_word' id='word_1_11' title='bbox 643 205 686 228; x_wconf 87' lang='lat' dir='ltr'><strong>est</strong></span> <span class='ocrx_word' id='word_1_12' title='bbox 699 207 823 236; x_wconf 82' lang='lat' dir='ltr'><strong>prorsus.</strong></span> <span class='ocrx_word' id='word_1_13' title='bbox 839 200 916 228; x_wconf 81' lang='lat' dir='ltr'><strong>Orth.</strong></span> <span class='ocrx_word' id='word_1_14' title='bbox 932 200 979 236; x_wconf 86' lang='lat' dir='ltr'><strong>lgi-</strong></span> 
     </span>
    </p>
   </div>
   <div class='ocr_carea' id='block_1_5' title="bbox 1032 194 1821 236">
    <p class='ocr_par' dir='ltr' id='par_1_5' title="bbox 1037 194 1821 236">
     <span class='ocr_line' id='line_1_5' title="bbox 1037 194 1821 236; baseline -0.003 -9"><span class='ocrx_word' id='word_1_15' title='bbox 1037 201 1158 236; x_wconf 72' lang='grc' dir='ltr'>εἴπωμεν</span> <span class='ocrx_word' id='word_1_16' title='bbox 1173 200 1220 228; x_wconf 70' lang='grc' dir='ltr'><strong>καὶ</strong></span> <span class='ocrx_word' id='word_1_17' title='bbox 1233 199 1313 226; x_wconf 74' lang='grc' dir='ltr'>αὑτὸν</span> <span class='ocrx_word' id='word_1_18' title='bbox 1325 198 1414 234; x_wconf 78' lang='grc' dir='ltr'>ἐαυτῷ</span> <span class='ocrx_word' id='word_1_19' title='bbox 1429 198 1543 234; x_wconf 70' lang='grc' dir='ltr'>ἀόρατον</span> <span class='ocrx_word' id='word_1_20' title='bbox 1556 195 1626 224; x_wconf 51' lang='grc' dir='ltr'>εἶτα.</span> <span class='ocrx_word' id='word_1_21' title='bbox 1639 194 1757 224; x_wconf 72' lang='grc' dir='ltr'>τὸνθεόν</span> <span class='ocrx_word' id='word_1_22' title='bbox 1767 195 1821 232; x_wconf 79' lang='grc'><strong>(7).</strong></span> 
     </span>
    </p>
   </div>
   <div class='ocr_carea' id='block_1_6' title="bbox 203 245 984 282">
    <p class='ocr_par' dir='ltr' id='par_1_6' title="bbox 203 245 984 282">
     <span class='ocr_line' id='line_1_6' title="bbox 203 245 984 282; baseline 0.005 -11"><span class='ocrx_word' id='word_1_23' title='bbox 203 248 259 278; x_wconf 81' lang='lat' dir='ltr'><strong>tur,</strong></span> <span class='ocrx_word' id='word_1_24' title='bbox 283 245 411 280; x_wconf 87' lang='lat' dir='ltr'><strong>quoniam</strong></span> <span class='ocrx_word' id='word_1_25' title='bbox 433 245 683 282; x_wconf 85' lang='lat' dir='ltr'><strong>incorruptibilitati</strong></span> <span class='ocrx_word' id='word_1_26' title='bbox 699 247 843 282; x_wconf 73' lang='lat' dir='ltr'><strong>copulatur</strong></span> <span class='ocrx_word' id='word_1_27' title='bbox 857 247 984 275; x_wconf 88' lang='lat' dir='ltr'><strong>invisibi-</strong></span> 
     </span>
    </p>
   </div>
   <div class='ocr_carea' id='block_1_7' title="bbox 204 289 982 327">
    <p class='ocr_par' dir='ltr' id='par_1_7' title="bbox 204 289 982 327">
     <span class='ocr_line' id='line_1_7' title="bbox 204 289 982 327; baseline 0.003 -11"><span class='ocrx_word' id='word_1_28' title='bbox 204 289 267 317; x_wconf 87' lang='lat' dir='ltr'><strong>litas</strong></span> <span class='ocrx_word' id='word_1_29' title='bbox 277 310 284 322; x_wconf 89' lang='grc'><strong>,</strong></span> <span class='ocrx_word' id='word_1_30' title='bbox 300 290 422 318; x_wconf 84' lang='lat' dir='ltr'><strong>dicamus</strong></span> <span class='ocrx_word' id='word_1_31' title='bbox 437 290 521 318; x_wconf 87' lang='lat' dir='ltr'><strong>Deum</strong></span> <span class='ocrx_word' id='word_1_32' title='bbox 537 291 590 318; x_wconf 83' lang='lat' dir='ltr'><strong>sibi</strong></span> <span class='ocrx_word' id='word_1_33' title='bbox 608 291 658 326; x_wconf 88' lang='lat' dir='ltr'><strong>ipsi</strong></span> <span class='ocrx_word' id='word_1_34' title='bbox 674 299 784 327; x_wconf 85' lang='lat' dir='ltr'><strong>quoque</strong></span> <span class='ocrx_word' id='word_1_35' title='bbox 799 291 964 319; x_wconf 82' lang='lat' dir='ltr'><strong>invisibilem</strong></span> <span class='ocrx_word' id='word_1_36' title='bbox 974 311 982 324; x_wconf 88' lang='lat'><strong>,</strong></span> 
     </span>
    </p>
   </div>
   <div class='ocr_carea' id='block_1_8' title="bbox 203 337 984 374">
    <p class='ocr_par' dir='ltr' id='par_1_8' title="bbox 203 337 984 374">
     <span class='ocr_line' id='line_1_8' title="bbox 203 337 984 374; baseline 0.001 -10"><span class='ocrx_word' id='word_1_37' title='bbox 203 339 231 364; x_wconf 84' lang='lat' dir='ltr'><strong>et</strong></span> <span class='ocrx_word' id='word_1_38' title='bbox 244 337 280 364; x_wconf 87' lang='lat' dir='ltr'><strong>ita</strong></span> <span class='ocrx_word' id='word_1_39' title='bbox 293 337 435 364; x_wconf 89' lang='lat' dir='ltr'><strong>mentitum</strong></span> <span class='ocrx_word' id='word_1_40' title='bbox 449 337 501 365; x_wconf 88' lang='lat' dir='ltr'><strong>erit</strong></span> <span class='ocrx_word' id='word_1_41' title='bbox 516 337 525 373; x_wconf 94' lang='lat'>(</span> <span class='ocrx_word' id='word_1_42' title='bbox 539 342 630 366; x_wconf 86' lang='lat' dir='ltr'><strong>vestro</strong></span> <span class='ocrx_word' id='word_1_43' title='bbox 643 338 751 373; x_wconf 88' lang='lat' dir='ltr'><strong>quidem</strong></span> <span class='ocrx_word' id='word_1_44' title='bbox 761 338 884 374; x_wconf 84' lang='lat' dir='ltr'><strong>judicio)</strong></span> <span class='ocrx_word' id='word_1_45' title='bbox 898 337 984 365; x_wconf 85' lang='lat' dir='ltr'><strong>Evan-</strong></span> 
     </span>
    </p>
   </div>
   <div class='ocr_carea' id='block_1_9' title="bbox 201 383 985 418">
    <p class='ocr_par' dir='ltr' id='par_1_9' title="bbox 201 383 985 418">
     <span class='ocr_line' id='line_1_9' title="bbox 201 383 985 418; baseline 0.003 -8"><span class='ocrx_word' id='word_1_46' title='bbox 201 383 301 417; x_wconf 74' lang='lat' dir='ltr'><strong>gelium</strong></span> <span class='ocrx_word' id='word_1_47' title='bbox 312 402 319 414; x_wconf 87' lang='lat'><strong>,</strong></span> <span class='ocrx_word' id='word_1_48' title='bbox 336 390 397 410; x_wconf 92' lang='lat' dir='ltr'><strong>cum</strong></span> <span class='ocrx_word' id='word_1_49' title='bbox 411 383 513 418; x_wconf 84' lang='lat' dir='ltr'><strong>inquit.</strong></span> <span class='ocrx_word' id='word_1_50' title='bbox 527 393 536 410; x_wconf 86' lang='grc' dir='ltr'><strong>ι</strong></span> <span class='ocrx_word' id='word_1_51' title='bbox 549 384 600 417; x_wconf 85' lang='lat' dir='ltr'><strong>Qui</strong></span> <span class='ocrx_word' id='word_1_52' title='bbox 615 389 657 412; x_wconf 91' lang='lat' dir='ltr'><strong>est</strong></span> <span class='ocrx_word' id='word_1_53' title='bbox 670 392 685 411; x_wconf 90' lang='lat' dir='ltr'><strong>a</strong></span> <span class='ocrx_word' id='word_1_54' title='bbox 702 385 782 412; x_wconf 88' lang='lat' dir='ltr'><strong>Patre</strong></span> <span class='ocrx_word' id='word_1_55' title='bbox 793 406 800 416; x_wconf 86' lang='grc'><strong>,</strong></span> <span class='ocrx_word' id='word_1_56' title='bbox 815 385 839 412; x_wconf 87' lang='lat' dir='ltr'><strong>is</strong></span> <span class='ocrx_word' id='word_1_57' title='bbox 852 385 919 412; x_wconf 88' lang='lat' dir='ltr'><strong>vidit</strong></span> <span class='ocrx_word' id='word_1_58' title='bbox 933 383 985 411; x_wconf 81' lang='lat' dir='ltr'><strong>Pa-</strong></span> 
     </span>
    </p>
   </div>
   <div class='ocr_carea' id='block_1_10' title="bbox 201 429 984 465">
    <p class='ocr_par' dir='ltr' id='par_1_10' title="bbox 201 429 984 465">
     <span class='ocr_line' id='line_1_10' title="bbox 201 429 984 465; baseline 0.003 -11"><span class='ocrx_word' id='word_1_59' title='bbox 201 432 270 456; x_wconf 92' lang='lat' dir='ltr'><strong>trem</strong></span> <span class='ocrx_word' id='word_1_60' title='bbox 284 429 316 456; x_wconf 56' lang='lat'><strong>&quot;2</strong></span> <span class='ocrx_word' id='word_1_61' title='bbox 335 439 344 455; x_wconf 72' lang='grc' dir='ltr'><strong>ι</strong></span> <span class='ocrx_word' id='word_1_62' title='bbox 358 429 436 462; x_wconf 86' lang='lat' dir='ltr'><strong>Quod</strong></span> <span class='ocrx_word' id='word_1_63' title='bbox 451 430 474 457; x_wconf 89' lang='lat' dir='ltr'><strong>si</strong></span> <span class='ocrx_word' id='word_1_64' title='bbox 496 430 536 462; x_wconf 83' lang='lat' dir='ltr'><strong>is.</strong></span> <span class='ocrx_word' id='word_1_65' title='bbox 554 430 600 465; x_wconf 79' lang='lat' dir='ltr'><strong>qui</strong></span> <span class='ocrx_word' id='word_1_66' title='bbox 623 438 637 456; x_wconf 78' lang='grc' dir='ltr'><strong>ιι</strong></span> <span class='ocrx_word' id='word_1_67' title='bbox 659 430 740 458; x_wconf 89' lang='lat' dir='ltr'><strong>Patre</strong></span> <span class='ocrx_word' id='word_1_68' title='bbox 763 436 822 463; x_wconf 85' lang='lat' dir='ltr'><strong>est,</strong></span> <span class='ocrx_word' id='word_1_69' title='bbox 839 431 911 458; x_wconf 85' lang='lat' dir='ltr'><strong>videt</strong></span> <span class='ocrx_word' id='word_1_70' title='bbox 931 430 984 457; x_wconf 86' lang='lat' dir='ltr'><strong>Pa-</strong></span> 
     </span>
    </p>
   </div>
   <div class='ocr_carea' id='block_1_11' title="bbox 201 475 981 512">
    <p class='ocr_par' dir='ltr' id='par_1_11' title="bbox 201 475 981 512">
     <span class='ocr_line' id='line_1_11' title="bbox 201 475 981 512; baseline 0.004 -11"><span class='ocrx_word' id='word_1_71' title='bbox 201 478 270 502; x_wconf 89' lang='lat' dir='ltr'><strong>trem</strong></span> <span class='ocrx_word' id='word_1_72' title='bbox 281 495 288 507; x_wconf 92' lang='lat'><strong>,</strong></span> <span class='ocrx_word' id='word_1_73' title='bbox 312 483 377 503; x_wconf 85' lang='lat' dir='ltr'><strong>sane</strong></span> <span class='ocrx_word' id='word_1_74' title='bbox 400 475 457 511; x_wconf 85' lang='lat' dir='ltr'><strong>ipse</strong></span> <span class='ocrx_word' id='word_1_75' title='bbox 472 475 552 504; x_wconf 86' lang='lat' dir='ltr'><strong>Pater</strong></span> <span class='ocrx_word' id='word_1_76' title='bbox 565 477 684 511; x_wconf 83' lang='lat' dir='ltr'><strong>seipsum</strong></span> <span class='ocrx_word' id='word_1_77' title='bbox 701 477 792 504; x_wconf 82' lang='lat' dir='ltr'><strong>videt:</strong></span> <span class='ocrx_word' id='word_1_78' title='bbox 809 477 880 512; x_wconf 91' lang='lat' dir='ltr'><strong>quod</strong></span> <span class='ocrx_word' id='word_1_79' title='bbox 896 481 939 504; x_wconf 87' lang='lat' dir='ltr'><strong>cst</strong></span> <span class='ocrx_word' id='word_1_80' title='bbox 953 480 981 504; x_wconf 86' lang='lat' dir='ltr'><strong>et</strong></span> 
     </span>
    </p>
   </div>
   <div class='ocr_carea' id='block_1_12' title="bbox 200 520 980 554">
    <p class='ocr_par' dir='ltr' id='par_1_12' title="bbox 200 520 980 554">
     <span class='ocr_line' id='line_1_12' title="bbox 200 520 980 554; baseline 0.004 -7"><span class='ocrx_word' id='word_1_81' title='bbox 200 520 303 550; x_wconf 82' lang='lat' dir='ltr'><strong>dicitur</strong></span> <span class='ocrx_word' id='word_1_82' title='bbox 311 526 338 549; x_wconf 90' lang='lat' dir='ltr'><strong>et</strong></span> <span class='ocrx_word' id='word_1_83' title='bbox 349 522 470 549; x_wconf 85' lang='lat' dir='ltr'><strong>creditur</strong></span> <span class='ocrx_word' id='word_1_84' title='bbox 479 530 540 550; x_wconf 83' lang='lat' dir='ltr'><strong>esse</strong></span> <span class='ocrx_word' id='word_1_85' title='bbox 554 522 700 550; x_wconf 80' lang='lat' dir='ltr'><strong>invisibilis</strong></span> <span class='ocrx_word' id='word_1_86' title='bbox 710 544 717 554; x_wconf 85' lang='grc'><strong>,</strong></span> <span class='ocrx_word' id='word_1_87' title='bbox 732 521 903 550; x_wconf 77' lang='lat' dir='ltr'><strong>referendum</strong></span> <span class='ocrx_word' id='word_1_88' title='bbox 921 528 963 550; x_wconf 89' lang='lat' dir='ltr'><strong>est</strong></span> <span class='ocrx_word' id='word_1_89' title='bbox 973 542 980 554; x_wconf 85' lang='lat'><strong>,</strong></span> 
     </span>
    </p>
   </div>
   <div class='ocr_carea' id='block_1_13' title="bbox 1036 241 1820 280">
    <p class='ocr_par' dir='ltr' id='par_1_13' title="bbox 1036 241 1820 280">
     <span class='ocr_line' id='line_1_13' title="bbox 1036 241 1820 280; baseline -0.006 -8"><span class='ocrx_word' id='word_1_90' title='bbox 1036 246 1093 273; x_wconf 75' lang='grc' dir='ltr'>Καὶ</span> <span class='ocrx_word' id='word_1_91' title='bbox 1114 244 1261 280; x_wconf 74' lang='grc' dir='ltr'><strong>ἐψεύσαντο</strong></span> <span class='ocrx_word' id='word_1_92' title='bbox 1279 243 1312 270; x_wconf 76' lang='grc' dir='ltr'>τὰ</span> <span class='ocrx_word' id='word_1_93' title='bbox 1340 243 1492 278; x_wconf 75' lang='grc' dir='ltr'>Εὐαγγέλια</span> <span class='ocrx_word' id='word_1_94' title='bbox 1507 242 1567 269; x_wconf 78' lang='grc' dir='ltr'>καθ’</span> <span class='ocrx_word' id='word_1_95' title='bbox 1585 242 1667 277; x_wconf 82' lang='grc' dir='ltr'>ὑμᾶς,</span> <span class='ocrx_word' id='word_1_96' title='bbox 1688 241 1820 276; x_wconf 71' lang='grc' dir='ltr'>λέγοντα’</span> 
     </span>
    </p>
   </div>
   <div class='ocr_carea' id='block_1_14' title="bbox 1040 287 1822 326">
    <p class='ocr_par' dir='ltr' id='par_1_14' title="bbox 1040 287 1822 326">
     <span class='ocr_line' id='line_1_14' title="bbox 1040 287 1822 326; baseline -0.005 -8"><span class='ocrx_word' id='word_1_97' title='bbox 1040 301 1050 318; x_wconf 83' lang='grc' dir='ltr'><strong>ι</strong></span> <span class='ocrx_word' id='word_1_98' title='bbox 1068 291 1098 319; x_wconf 88' lang='grc' dir='ltr'><strong>Ὀ</strong></span> <span class='ocrx_word' id='word_1_99' title='bbox 1109 291 1147 318; x_wconf 84' lang='grc' dir='ltr'>ὣν</span> <span class='ocrx_word' id='word_1_100' title='bbox 1164 291 1238 326; x_wconf 71' lang='grc' dir='ltr'>παρὰ</span> <span class='ocrx_word' id='word_1_101' title='bbox 1258 290 1304 318; x_wconf 84' lang='grc' dir='ltr'><strong>τοῦ</strong></span> <span class='ocrx_word' id='word_1_102' title='bbox 1322 290 1444 326; x_wconf 84' lang='grc' dir='ltr'>Πατρὸς,</span> <span class='ocrx_word' id='word_1_103' title='bbox 1467 288 1668 324; x_wconf 64' lang='grc' dir='ltr'>αὑτὸς-ἑώρακε</span> <span class='ocrx_word' id='word_1_104' title='bbox 1695 287 1740 314; x_wconf 81' lang='grc' dir='ltr'>τὸν</span> <span class='ocrx_word' id='word_1_105' title='bbox 1763 287 1822 314; x_wconf 84' lang='grc' dir='ltr'><strong>Πα-</strong></span> 
     </span>
    </p>
   </div>
   <div class='ocr_carea' id='block_1_15' title="bbox 1037 333 1819 374">
    <p class='ocr_par' dir='ltr' id='par_1_15' title="bbox 1037 333 1819 374">
     <span class='ocr_line' id='line_1_15' title="bbox 1037 333 1819 374; baseline -0.008 -9"><span class='ocrx_word' id='word_1_106' title='bbox 1037 338 1113 374; x_wconf 75' lang='grc' dir='ltr'>τέρα.</span> <span class='ocrx_word' id='word_1_107' title='bbox 1126 347 1135 364; x_wconf 77' lang='lat' dir='ltr'><strong>t</strong></span> <span class='ocrx_word' id='word_1_108' title='bbox 1146 339 1177 364; x_wconf 85' lang='grc' dir='ltr'>Εί</span> <span class='ocrx_word' id='word_1_109' title='bbox 1186 337 1214 364; x_wconf 78' lang='grc' dir='ltr'><strong>δὲ</strong></span> <span class='ocrx_word' id='word_1_110' title='bbox 1229 338 1243 364; x_wconf 86' lang='grc' dir='ltr'><strong>ὁ</strong></span> <span class='ocrx_word' id='word_1_111' title='bbox 1257 337 1295 363; x_wconf 83' lang='grc' dir='ltr'><strong>ὢν</strong></span> <span class='ocrx_word' id='word_1_112' title='bbox 1306 336 1380 372; x_wconf 84' lang='grc' dir='ltr'><strong>παρά</strong></span> <span class='ocrx_word' id='word_1_113' title='bbox 1397 335 1443 362; x_wconf 86' lang='grc' dir='ltr'>τοῦ</span> <span class='ocrx_word' id='word_1_114' title='bbox 1454 336 1560 371; x_wconf 77' lang='grc' dir='ltr'>[ἰατρὸς</span> <span class='ocrx_word' id='word_1_115' title='bbox 1573 335 1624 370; x_wconf 77' lang='grc' dir='ltr'><strong>ὁρᾷ.</strong></span> <span class='ocrx_word' id='word_1_116' title='bbox 1637 333 1683 360; x_wconf 77' lang='grc' dir='ltr'>τὸν</span> <span class='ocrx_word' id='word_1_117' title='bbox 1698 333 1819 368; x_wconf 78' lang='grc' dir='ltr'>Πατέρα,</span> 
     </span>
    </p>
   </div>
   <div class='ocr_carea' id='block_1_16' title="bbox 1037 378 1818 419">
    <p class='ocr_par' dir='ltr' id='par_1_16' title="bbox 1037 378 1818 419">
     <span class='ocr_line' id='line_1_16' title="bbox 1037 378 1818 419; baseline -0.008 -8"><span class='ocrx_word' id='word_1_118' title='bbox 1037 385 1085 411; x_wconf 82' lang='grc' dir='ltr'>καὶ</span> <span class='ocrx_word' id='word_1_119' title='bbox 1096 386 1110 411; x_wconf 71' lang='grc' dir='ltr'><strong>ο</strong></span> <span class='ocrx_word' id='word_1_120' title='bbox 1133 384 1228 419; x_wconf 79' lang='grc' dir='ltr'>Πατὴρ</span> <span class='ocrx_word' id='word_1_121' title='bbox 1245 383 1325 414; x_wconf 80' lang='grc' dir='ltr'>αὐτὸς</span> <span class='ocrx_word' id='word_1_122' title='bbox 1337 383 1431 409; x_wconf 78' lang='grc' dir='ltr'>ἑαυτὸν</span> <span class='ocrx_word' id='word_1_123' title='bbox 1445 382 1505 418; x_wconf 81' lang='grc' dir='ltr'>ὁρᾷ,</span> <span class='ocrx_word' id='word_1_124' title='bbox 1523 381 1537 408; x_wconf 82' lang='grc' dir='ltr'>ὁ</span> <span class='ocrx_word' id='word_1_125' title='bbox 1551 381 1620 411; x_wconf 72' lang='grc' dir='ltr'>ἐστι.</span> <span class='ocrx_word' id='word_1_126' title='bbox 1639 380 1685 406; x_wconf 81' lang='grc' dir='ltr'>καὶ</span> <span class='ocrx_word' id='word_1_127' title='bbox 1698 378 1818 413; x_wconf 81' lang='grc' dir='ltr'>λέγεται,</span> 
     </span>
    </p>
   </div>
   <div class='ocr_carea' id='block_1_17' title="bbox 1037 425 1822 464">
    <p class='ocr_par' dir='ltr' id='par_1_17' title="bbox 1037 425 1822 464">
     <span class='ocr_line' id='line_1_17' title="bbox 1037 425 1822 464; baseline -0.008 -7"><span class='ocrx_word' id='word_1_128' title='bbox 1037 431 1083 458; x_wconf 75' lang='grc' dir='ltr'>καὶ</span> <span class='ocrx_word' id='word_1_129' title='bbox 1098 430 1252 457; x_wconf 81' lang='grc' dir='ltr'><strong>πιστεύεται</strong></span> <span class='ocrx_word' id='word_1_130' title='bbox 1270 427 1470 464; x_wconf 77' lang='grc' dir='ltr'>εἷναιάόρατος.</span> <span class='ocrx_word' id='word_1_131' title='bbox 1482 429 1531 463; x_wconf 84' lang='grc' dir='ltr'><strong>οὺχ</strong></span> <span class='ocrx_word' id='word_1_132' title='bbox 1545 426 1644 462; x_wconf 81' lang='grc' dir='ltr'>ἑαυτῷ.</span> <span class='ocrx_word' id='word_1_133' title='bbox 1656 426 1717 453; x_wconf 78' lang='grc' dir='ltr'>οὑδὲ</span> <span class='ocrx_word' id='word_1_134' title='bbox 1735 425 1773 460; x_wconf 87' lang='grc' dir='ltr'>τῷ</span> <span class='ocrx_word' id='word_1_135' title='bbox 1790 425 1822 458; x_wconf 79' lang='grc' dir='ltr'>ἐξ</span> 
     </span>
    </p>
   </div>
   <div class='ocr_carea' id='block_1_18' title="bbox 1033 471 1850 512">
    <p class='ocr_par' dir='ltr' id='par_1_18' title="bbox 1033 471 1850 512">
     <span class='ocr_line' id='line_1_18' title="bbox 1033 471 1850 512; baseline -0.007 -8"><span class='ocrx_word' id='word_1_136' title='bbox 1033 476 1115 504; x_wconf 65' lang='grc' dir='ltr'>αὒτοῦ</span> <span class='ocrx_word' id='word_1_137' title='bbox 1130 476 1197 512; x_wconf 84' lang='grc' dir='ltr'>Υἰῷ,</span> <span class='ocrx_word' id='word_1_138' title='bbox 1206 476 1265 503; x_wconf 71' lang='grc' dir='ltr'><strong>οὐδὲ</strong></span> <span class='ocrx_word' id='word_1_139' title='bbox 1278 475 1317 511; x_wconf 80' lang='grc' dir='ltr'><strong>τῷ</strong></span> <span class='ocrx_word' id='word_1_140' title='bbox 1331 476 1395 511; x_wconf 81' lang='grc' dir='ltr'>παρ’</span> <span class='ocrx_word' id='word_1_141' title='bbox 1408 474 1490 501; x_wconf 79' lang='grc' dir='ltr'>αὑτοῦ</span> <span class='ocrx_word' id='word_1_142' title='bbox 1507 473 1577 509; x_wconf 78' lang='grc' dir='ltr'>ἁγίῳ</span> <span class='ocrx_word' id='word_1_143' title='bbox 1588 472 1738 508; x_wconf 77' lang='grc' dir='ltr'>Πνεῦματι,</span> <span class='ocrx_word' id='word_1_144' title='bbox 1751 471 1822 500; x_wconf 77' lang='grc' dir='ltr'>ἀλλὰ</span> <span class='ocrx_word' id='word_1_145' title='bbox 1847 503 1850 504; x_wconf 24' lang='grc' dir='ltr'><em>ν</em></span> 
     </span>
    </p>
   </div>
   <div class='ocr_carea' id='block_1_19' title="bbox 1035 523 1273 559">
    <p class='ocr_par' dir='ltr' id='par_1_19' title="bbox 1035 523 1273 559">
     <span class='ocr_line' id='line_1_19' title="bbox 1035 523 1273 559; baseline 0 -10"><span class='ocrx_word' id='word_1_146' title='bbox 1035 523 1110 559; x_wconf 83' lang='grc' dir='ltr'>πάσῃ</span> <span class='ocrx_word' id='word_1_147' title='bbox 1124 524 1158 559; x_wconf 81' lang='grc' dir='ltr'>τῇ</span> <span class='ocrx_word' id='word_1_148' title='bbox 1169 524 1273 550; x_wconf 77' lang='grc' dir='ltr'>κτίσει.</span> 
     </span>
    </p>
   </div>
   <div class='ocr_carea' id='block_1_20' title="bbox 200 566 1821 605">
    <p class='ocr_par' dir='ltr' id='par_1_20' title="bbox 200 566 1821 605">
     <span class='ocr_line' id='line_1_20' title="bbox 200 566 1821 605; baseline -0.001 -11"><span class='ocrx_word' id='word_1_149' title='bbox 200 575 255 595; x_wconf 93' lang='lat' dir='ltr'><strong>non</strong></span> <span class='ocrx_word' id='word_1_150' title='bbox 270 568 302 595; x_wconf 90' lang='lat' dir='ltr'><strong>ad</strong></span> <span class='ocrx_word' id='word_1_151' title='bbox 318 569 393 595; x_wconf 91' lang='lat' dir='ltr'><strong>illum</strong></span> <span class='ocrx_word' id='word_1_152' title='bbox 410 569 496 603; x_wconf 91' lang='lat' dir='ltr'><strong>ipsum</strong></span> <span class='ocrx_word' id='word_1_153' title='bbox 507 589 514 599; x_wconf 83' lang='lat'><strong>.</strong></span> <span class='ocrx_word' id='word_1_154' title='bbox 532 576 620 604; x_wconf 87' lang='lat' dir='ltr'><strong>neque</strong></span> <span class='ocrx_word' id='word_1_155' title='bbox 632 569 666 596; x_wconf 89' lang='lat' dir='ltr'><strong>ad</strong></span> <span class='ocrx_word' id='word_1_156' title='bbox 680 568 778 596; x_wconf 83' lang='lat' dir='ltr'><strong>Filium</strong></span> <span class='ocrx_word' id='word_1_157' title='bbox 789 589 797 601; x_wconf 90' lang='lat'><strong>,</strong></span> <span class='ocrx_word' id='word_1_158' title='bbox 813 570 859 604; x_wconf 86' lang='lat' dir='ltr'><strong>qui</strong></span> <span class='ocrx_word' id='word_1_159' title='bbox 887 576 922 597; x_wconf 77' lang='lat' dir='ltr'><strong>ex</strong></span> <span class='ocrx_word' id='word_1_160' title='bbox 945 570 1005 605; x_wconf 92' lang='lat' dir='ltr'><strong>ipso</strong></span> <span class='ocrx_word' id='word_1_161' title='bbox 1023 574 1065 598; x_wconf 85' lang='lat' dir='ltr'><strong>est</strong></span> <span class='ocrx_word' id='word_1_162' title='bbox 1076 591 1083 602; x_wconf 84' lang='lat'><strong>,</strong></span> <span class='ocrx_word' id='word_1_163' title='bbox 1101 578 1189 605; x_wconf 87' lang='lat' dir='ltr'><strong>neque</strong></span> <span class='ocrx_word' id='word_1_164' title='bbox 1203 569 1236 597; x_wconf 90' lang='lat' dir='ltr'><strong>ad</strong></span> <span class='ocrx_word' id='word_1_165' title='bbox 1252 569 1384 605; x_wconf 79' lang='lat' dir='ltr'><strong>Spiritum</strong></span> <span class='ocrx_word' id='word_1_166' title='bbox 1401 573 1525 597; x_wconf 83' lang='lat' dir='ltr'><strong>sanctum</strong></span> <span class='ocrx_word' id='word_1_167' title='bbox 1537 587 1545 600; x_wconf 93' lang='lat'><strong>,</strong></span> <span class='ocrx_word' id='word_1_168' title='bbox 1567 568 1614 602; x_wconf 85' lang='lat' dir='ltr'><strong>qui</strong></span> <span class='ocrx_word' id='word_1_169' title='bbox 1634 566 1669 594; x_wconf 88' lang='lat' dir='ltr'><strong>ab</strong></span> <span class='ocrx_word' id='word_1_170' title='bbox 1681 566 1741 601; x_wconf 89' lang='lat' dir='ltr'><strong>ipso</strong></span> <span class='ocrx_word' id='word_1_171' title='bbox 1755 569 1796 594; x_wconf 91' lang='lat' dir='ltr'><strong>est</strong></span> <span class='ocrx_word' id='word_1_172' title='bbox 1807 574 1821 598; x_wconf 67' lang='grc' dir='ltr'><strong>ε</strong></span> 
     </span>
    </p>
   </div>
   <div class='ocr_carea' id='block_1_21' title="bbox 200 615 576 644">
    <p class='ocr_par' dir='ltr' id='par_1_21' title="bbox 200 615 576 644">
     <span class='ocr_line' id='line_1_21' title="bbox 200 615 576 644; baseline 0.003 -1"><span class='ocrx_word' id='word_1_173' title='bbox 200 615 248 643; x_wconf 75' lang='lat' dir='ltr'><strong>scd</strong></span> <span class='ocrx_word' id='word_1_174' title='bbox 266 615 300 643; x_wconf 89' lang='lat' dir='ltr'><strong>ad</strong></span> <span class='ocrx_word' id='word_1_175' title='bbox 315 623 410 644; x_wconf 87' lang='lat' dir='ltr'><strong>omnes</strong></span> <span class='ocrx_word' id='word_1_176' title='bbox 424 620 576 644; x_wconf 88' lang='lat' dir='ltr'><strong>creaturas.</strong></span> 
     </span>
    </p>
   </div>
   <div class='ocr_carea' id='block_1_22' title="bbox 233 671 1009 709">
    <p class='ocr_par' dir='ltr' id='par_1_22' title="bbox 233 671 1009 709">
     <span class='ocr_line' id='line_1_22' title="bbox 233 671 1009 709; baseline 0.005 -11"><span class='ocrx_word' id='word_1_177' title='bbox 233 671 260 698; x_wconf 89' lang='lat'><strong>5.</strong></span> <span class='ocrx_word' id='word_1_178' title='bbox 281 671 375 699; x_wconf 83' lang='lat' dir='ltr'><strong>Anam.</strong></span> <span class='ocrx_word' id='word_1_179' title='bbox 391 671 467 699; x_wconf 77' lang='lat' dir='ltr'><strong>Nunc</strong></span> <span class='ocrx_word' id='word_1_180' title='bbox 480 672 574 705; x_wconf 84' lang='lat' dir='ltr'><strong>disco,</strong></span> <span class='ocrx_word' id='word_1_181' title='bbox 590 681 639 701; x_wconf 81' lang='lat' dir='ltr'><strong>vos</strong></span> <span class='ocrx_word' id='word_1_182' title='bbox 655 673 681 700; x_wconf 88' lang='lat' dir='ltr'><strong>id</strong></span> <span class='ocrx_word' id='word_1_183' title='bbox 695 681 749 701; x_wconf 91' lang='lat' dir='ltr'><strong>non</strong></span> <span class='ocrx_word' id='word_1_184' title='bbox 765 674 892 706; x_wconf 84' lang='lat' dir='ltr'><strong>credere,</strong></span> <span class='ocrx_word' id='word_1_185' title='bbox 907 674 980 709; x_wconf 89' lang='lat' dir='ltr'><strong>quod</strong></span> <span class='ocrx_word' id='word_1_186' title='bbox 1000 687 1009 697; x_wconf 85' lang='lat'><strong><em>-</em></strong></span> 
     </span>
    </p>
   </div>
   <div class='ocr_carea' id='block_1_23' title="bbox 198 717 978 753">
    <p class='ocr_par' dir='ltr' id='par_1_23' title="bbox 198 717 978 753">
     <span class='ocr_line' id='line_1_23' title="bbox 198 717 978 753; baseline 0.004 -9"><span class='ocrx_word' id='word_1_187' title='bbox 198 717 327 746; x_wconf 86' lang='lat' dir='ltr'><strong>omnibus</strong></span> <span class='ocrx_word' id='word_1_188' title='bbox 346 718 374 745; x_wconf 88' lang='lat' dir='ltr'><strong>in</strong></span> <span class='ocrx_word' id='word_1_189' title='bbox 388 718 516 746; x_wconf 83' lang='lat' dir='ltr'><strong>confesso</strong></span> <span class='ocrx_word' id='word_1_190' title='bbox 536 723 588 746; x_wconf 86' lang='lat' dir='ltr'><strong>est.</strong></span> <span class='ocrx_word' id='word_1_191' title='bbox 610 719 686 747; x_wconf 73' lang='lat' dir='ltr'><strong>Ortlz.</strong></span> <span class='ocrx_word' id='word_1_192' title='bbox 709 719 864 753; x_wconf 85' lang='lat' dir='ltr'><strong>Quidnam?</strong></span> <span class='ocrx_word' id='word_1_193' title='bbox 882 720 978 747; x_wconf 89' lang='lat' dir='ltr'><strong>Anam.</strong></span> 
     </span>
    </p>
   </div>
   <div class='ocr_carea' id='block_1_24' title="bbox 199 762 980 802">
    <p class='ocr_par' dir='ltr' id='par_1_24' title="bbox 199 762 980 802">
     <span class='ocr_line' id='line_1_24' title="bbox 199 762 980 802; baseline 0.004 -12"><span class='ocrx_word' id='word_1_194' title='bbox 199 762 283 790; x_wconf 88' lang='lat' dir='ltr'><strong>Deum</strong></span> <span class='ocrx_word' id='word_1_195' title='bbox 296 771 358 791; x_wconf 88' lang='lat' dir='ltr'><strong>esse</strong></span> <span class='ocrx_word' id='word_1_196' title='bbox 373 771 427 791; x_wconf 90' lang='lat' dir='ltr'><strong>non</strong></span> <span class='ocrx_word' id='word_1_197' title='bbox 442 763 543 791; x_wconf 73' lang='lat' dir='ltr'><strong>factum</strong></span> <span class='ocrx_word' id='word_1_198' title='bbox 564 772 658 793; x_wconf 80' lang='lat' dir='ltr'><strong>omnes</strong></span> <span class='ocrx_word' id='word_1_199' title='bbox 676 773 742 793; x_wconf 85' lang='lat' dir='ltr'><strong>sana</strong></span> <span class='ocrx_word' id='word_1_200' title='bbox 765 770 855 793; x_wconf 88' lang='lat' dir='ltr'><strong>mente</strong></span> <span class='ocrx_word' id='word_1_201' title='bbox 874 766 980 802; x_wconf 68' lang='lat' dir='ltr'><strong>praediti</strong></span> 
     </span>
    </p>
   </div>
   <div class='ocr_carea' id='block_1_25' title="bbox 198 809 980 842">
    <p class='ocr_par' dir='ltr' id='par_1_25' title="bbox 198 809 980 842">
     <span class='ocr_line' id='line_1_25' title="bbox 198 809 980 842; baseline 0.005 -6"><span class='ocrx_word' id='word_1_202' title='bbox 198 809 373 842; x_wconf 73' lang='lat' dir='ltr'><strong>confitentur,</strong></span> <span class='ocrx_word' id='word_1_203' title='bbox 398 818 446 838; x_wconf 84' lang='lat' dir='ltr'><strong>vos</strong></span> <span class='ocrx_word' id='word_1_204' title='bbox 468 815 558 838; x_wconf 80' lang='lat' dir='ltr'><strong>autent</strong></span> <span class='ocrx_word' id='word_1_205' title='bbox 579 819 632 838; x_wconf 91' lang='lat' dir='ltr'><strong>non</strong></span> <span class='ocrx_word' id='word_1_206' title='bbox 657 811 810 840; x_wconf 81' lang='lat' dir='ltr'><strong>admittitis.</strong></span> <span class='ocrx_word' id='word_1_207' title='bbox 827 811 904 839; x_wconf 79' lang='lat' dir='ltr'><strong>Orllt.</strong></span> <span class='ocrx_word' id='word_1_208' title='bbox 920 812 980 840; x_wconf 84' lang='lat' dir='ltr'><strong>Non</strong></span> 
     </span>
    </p>
   </div>
   <div class='ocr_carea' id='block_1_26' title="bbox 197 855 980 891">
    <p class='ocr_par' dir='ltr' id='par_1_26' title="bbox 197 855 980 891">
     <span class='ocr_line' id='line_1_26' title="bbox 197 855 980 891; baseline 0.004 -9"><span class='ocrx_word' id='word_1_209' title='bbox 197 855 260 882; x_wconf 85' lang='lat' dir='ltr'><strong>dico</strong></span> <span class='ocrx_word' id='word_1_210' title='bbox 273 863 326 882; x_wconf 83' lang='lat' dir='ltr'><strong>non</strong></span> <span class='ocrx_word' id='word_1_211' title='bbox 342 863 421 891; x_wconf 87' lang='lat' dir='ltr'><strong>posse</strong></span> <span class='ocrx_word' id='word_1_212' title='bbox 437 863 452 882; x_wconf 86' lang='lat' dir='ltr'><strong>a</strong></span> <span class='ocrx_word' id='word_1_213' title='bbox 468 856 547 884; x_wconf 89' lang='lat' dir='ltr'><strong>nobis</strong></span> <span class='ocrx_word' id='word_1_214' title='bbox 562 856 684 890; x_wconf 87' lang='lat' dir='ltr'><strong>admitti,</strong></span> <span class='ocrx_word' id='word_1_215' title='bbox 704 863 734 884; x_wconf 88' lang='grc' dir='ltr'><strong>ιιι</strong></span> <span class='ocrx_word' id='word_1_216' title='bbox 748 857 830 885; x_wconf 86' lang='lat' dir='ltr'><strong>Deum</strong></span> <span class='ocrx_word' id='word_1_217' title='bbox 847 858 980 886; x_wconf 80' lang='lat' dir='ltr'><strong>fateamur</strong></span> 
     </span>
    </p>
   </div>
   <div class='ocr_carea' id='block_1_27' title="bbox 197 901 980 938">
    <p class='ocr_par' dir='ltr' id='par_1_27' title="bbox 197 901 980 938">
     <span class='ocr_line' id='line_1_27' title="bbox 197 901 980 938; baseline 0.006 -10"><span class='ocrx_word' id='word_1_218' title='bbox 197 910 253 929; x_wconf 84' lang='lat' dir='ltr'><strong>non</strong></span> <span class='ocrx_word' id='word_1_219' title='bbox 267 901 369 929; x_wconf 85' lang='lat' dir='ltr'><strong>factum</strong></span> <span class='ocrx_word' id='word_1_220' title='bbox 385 912 391 929; x_wconf 78' lang='grc' dir='ltr'>ε</span> <span class='ocrx_word' id='word_1_221' title='bbox 411 902 458 930; x_wconf 89' lang='lat' dir='ltr'><strong>sed</strong></span> <span class='ocrx_word' id='word_1_222' title='bbox 473 904 599 938; x_wconf 79' lang='lat' dir='ltr'><strong>quamvis</strong></span> <span class='ocrx_word' id='word_1_223' title='bbox 614 904 641 931; x_wconf 89' lang='lat' dir='ltr'><strong>id</strong></span> <span class='ocrx_word' id='word_1_224' title='bbox 657 904 737 932; x_wconf 82' lang='lat' dir='ltr'><strong>cadat</strong></span> <span class='ocrx_word' id='word_1_225' title='bbox 752 905 779 932; x_wconf 93' lang='lat' dir='ltr'><strong>in</strong></span> <span class='ocrx_word' id='word_1_226' title='bbox 798 909 918 932; x_wconf 89' lang='lat' dir='ltr'><strong>nostram</strong></span> <span class='ocrx_word' id='word_1_227' title='bbox 933 913 980 934; x_wconf 85' lang='lat' dir='ltr'><strong>co-</strong></span> 
     </span>
    </p>
   </div>
   <div class='ocr_carea' id='block_1_28' title="bbox 196 948 981 984">
    <p class='ocr_par' dir='ltr' id='par_1_28' title="bbox 196 948 981 984">
     <span class='ocr_line' id='line_1_28' title="bbox 196 948 981 984; baseline 0.009 -10"><span class='ocrx_word' id='word_1_228' title='bbox 196 948 354 984; x_wconf 82' lang='lat' dir='ltr'><strong>gitationem</strong></span> <span class='ocrx_word' id='word_1_229' title='bbox 375 951 674 984; x_wconf 30' lang='lat' dir='ltr'><strong>tamen~necessarium</strong></span> <span class='ocrx_word' id='word_1_230' title='bbox 694 959 748 978; x_wconf 87' lang='lat' dir='ltr'><strong>nott</strong></span> <span class='ocrx_word' id='word_1_231' title='bbox 768 959 845 984; x_wconf 86' lang='lat' dir='ltr'><strong>esse,</strong></span> <span class='ocrx_word' id='word_1_232' title='bbox 863 957 892 979; x_wconf 85' lang='lat' dir='ltr'><strong>ut</strong></span> <span class='ocrx_word' id='word_1_233' title='bbox 914 961 981 982; x_wconf 89' lang='lat' dir='ltr'><strong>voce</strong></span> 
     </span>
    </p>
   </div>
   <div class='ocr_carea' id='block_1_29' title="bbox 196 995 979 1033">
    <p class='ocr_par' dir='ltr' id='par_1_29' title="bbox 196 995 979 1033">
     <span class='ocr_line' id='line_1_29' title="bbox 196 995 979 1033; baseline 0.009 -13"><span class='ocrx_word' id='word_1_234' title='bbox 196 999 316 1026; x_wconf 85' lang='lat' dir='ltr'><strong>utamur,</strong></span> <span class='ocrx_word' id='word_1_235' title='bbox 332 1002 392 1031; x_wconf 77' lang='lat' dir='ltr'><strong>qua:</strong></span> <span class='ocrx_word' id='word_1_236' title='bbox 407 995 434 1022; x_wconf 94' lang='lat' dir='ltr'><strong>in</strong></span> <span class='ocrx_word' id='word_1_237' title='bbox 448 996 535 1024; x_wconf 76' lang='lat' dir='ltr'><strong>sacris</strong></span> <span class='ocrx_word' id='word_1_238' title='bbox 550 995 661 1024; x_wconf 86' lang='lat' dir='ltr'><strong>Litteris</strong></span> <span class='ocrx_word' id='word_1_239' title='bbox 682 1005 816 1033; x_wconf 85' lang='lat' dir='ltr'><strong>nusquam</strong></span> <span class='ocrx_word' id='word_1_240' title='bbox 830 999 979 1027; x_wconf 84' lang='lat' dir='ltr'><strong>invenitur.</strong></span> 
     </span>
    </p>
   </div>
   <div class='ocr_carea' id='block_1_30' title="bbox 195 1039 980 1075">
    <p class='ocr_par' dir='ltr' id='par_1_30' title="bbox 195 1039 980 1075">
     <span class='ocr_line' id='line_1_30' title="bbox 195 1039 980 1075; baseline 0.006 -7"><span class='ocrx_word' id='word_1_241' title='bbox 195 1039 263 1068; x_wconf 78' lang='lat' dir='ltr'><strong>Nam</strong></span> <span class='ocrx_word' id='word_1_242' title='bbox 279 1041 302 1069; x_wconf 88' lang='lat' dir='ltr'><strong>si</strong></span> <span class='ocrx_word' id='word_1_243' title='bbox 317 1042 368 1069; x_wconf 89' lang='lat' dir='ltr'><strong>hoc</strong></span> <span class='ocrx_word' id='word_1_244' title='bbox 382 1041 452 1070; x_wconf 81' lang='lat' dir='ltr'><strong>foret</strong></span> <span class='ocrx_word' id='word_1_245' title='bbox 465 1042 651 1070; x_wconf 86' lang='lat' dir='ltr'><strong>necessarium</strong></span> <span class='ocrx_word' id='word_1_246' title='bbox 663 1064 671 1075; x_wconf 91' lang='lat'><strong>,</strong></span> <span class='ocrx_word' id='word_1_247' title='bbox 692 1052 748 1071; x_wconf 90' lang='lat' dir='ltr'><strong>non</strong></span> <span class='ocrx_word' id='word_1_248' title='bbox 765 1045 920 1073; x_wconf 84' lang='lat' dir='ltr'><strong>reticuisset</strong></span> <span class='ocrx_word' id='word_1_249' title='bbox 935 1053 980 1073; x_wconf 88' lang='lat' dir='ltr'><strong>sa-</strong></span> 
     </span>
    </p>
   </div>
   <div class='ocr_carea' id='block_1_31' title="bbox 195 1086 981 1125">
    <p class='ocr_par' dir='ltr' id='par_1_31' title="bbox 195 1086 981 1125">
     <span class='ocr_line' id='line_1_31' title="bbox 195 1086 981 1125; baseline 0.008 -12"><span class='ocrx_word' id='word_1_250' title='bbox 195 1093 243 1114; x_wconf 84' lang='lat' dir='ltr'><strong>cra</strong></span> <span class='ocrx_word' id='word_1_251' title='bbox 263 1086 415 1122; x_wconf 87' lang='lat' dir='ltr'><strong>Scriptura.</strong></span> <span class='ocrx_word' id='word_1_252' title='bbox 437 1088 533 1116; x_wconf 87' lang='lat' dir='ltr'><strong>Anam.</strong></span> <span class='ocrx_word' id='word_1_253' title='bbox 559 1090 646 1125; x_wconf 80' lang='lat' dir='ltr'><strong>Igitur</strong></span> <span class='ocrx_word' id='word_1_254' title='bbox 671 1089 772 1117; x_wconf 81' lang='lat' dir='ltr'><strong>factum</strong></span> <span class='ocrx_word' id='word_1_255' title='bbox 789 1089 883 1125; x_wconf 84' lang='lat' dir='ltr'><strong>ipsum</strong></span> <span class='ocrx_word' id='word_1_256' title='bbox 905 1091 981 1119; x_wconf 82' lang='lat' dir='ltr'><strong>dica-</strong></span> 
     </span>
    </p>
   </div>
   <div class='ocr_carea' id='block_1_32' title="bbox 195 1133 979 1171">
    <p class='ocr_par' dir='ltr' id='par_1_32' title="bbox 195 1133 979 1171">
     <span class='ocr_line' id='line_1_32' title="bbox 195 1133 979 1171; baseline 0.006 -12"><span class='ocrx_word' id='word_1_257' title='bbox 195 1133 278 1160; x_wconf 88' lang='lat' dir='ltr'><strong>mus?</strong></span> <span class='ocrx_word' id='word_1_258' title='bbox 293 1133 369 1162; x_wconf 82' lang='lat' dir='ltr'><strong>Ortlt.</strong></span> <span class='ocrx_word' id='word_1_259' title='bbox 384 1133 435 1168; x_wconf 89' lang='lat' dir='ltr'><strong>Qui</strong></span> <span class='ocrx_word' id='word_1_260' title='bbox 449 1134 549 1162; x_wconf 82' lang='lat' dir='ltr'><strong>factum</strong></span> <span class='ocrx_word' id='word_1_261' title='bbox 562 1143 623 1162; x_wconf 89' lang='lat' dir='ltr'><strong>eutn</strong></span> <span class='ocrx_word' id='word_1_262' title='bbox 637 1135 713 1166; x_wconf 80' lang='lat' dir='ltr'><strong>dicit.</strong></span> <span class='ocrx_word' id='word_1_263' title='bbox 731 1137 812 1171; x_wconf 87' lang='lat' dir='ltr'><strong>impie</strong></span> <span class='ocrx_word' id='word_1_264' title='bbox 824 1136 897 1165; x_wconf 82' lang='lat' dir='ltr'><strong>facit.</strong></span> <span class='ocrx_word' id='word_1_265' title='bbox 911 1136 979 1164; x_wconf 88' lang='lat' dir='ltr'><strong>Tra-</strong></span> 
     </span>
    </p>
   </div>
   <div class='ocr_carea' id='block_1_33' title="bbox 195 1178 980 1216">
    <p class='ocr_par' dir='ltr' id='par_1_33' title="bbox 195 1178 980 1216">
     <span class='ocr_line' id='line_1_33' title="bbox 195 1178 980 1216; baseline 0.006 -12"><span class='ocrx_word' id='word_1_266' title='bbox 195 1178 264 1205; x_wconf 86' lang='lat' dir='ltr'><strong>didit</strong></span> <span class='ocrx_word' id='word_1_267' title='bbox 278 1179 351 1206; x_wconf 89' lang='lat' dir='ltr'><strong>enim</strong></span> <span class='ocrx_word' id='word_1_268' title='bbox 365 1179 446 1207; x_wconf 90' lang='lat' dir='ltr'><strong>nobis</strong></span> <span class='ocrx_word' id='word_1_269' title='bbox 459 1180 618 1215; x_wconf 80' lang='lat' dir='ltr'><strong>Scriptura.</strong></span> <span class='ocrx_word' id='word_1_270' title='bbox 633 1188 757 1216; x_wconf 80' lang='lat' dir='ltr'><strong>quamam</strong></span> <span class='ocrx_word' id='word_1_271' title='bbox 770 1185 834 1208; x_wconf 90' lang='lat' dir='ltr'><strong>sunt</strong></span> <span class='ocrx_word' id='word_1_272' title='bbox 849 1181 919 1209; x_wconf 79' lang='lat' dir='ltr'><strong>facta</strong></span> <span class='ocrx_word' id='word_1_273' title='bbox 930 1202 937 1216; x_wconf 89' lang='lat'><strong>,</strong></span> <span class='ocrx_word' id='word_1_274' title='bbox 952 1186 980 1209; x_wconf 86' lang='lat' dir='ltr'><strong>et</strong></span> 
     </span>
    </p>
   </div>
   <div class='ocr_carea' id='block_1_34' title="bbox 195 1223 979 1260">
    <p class='ocr_par' dir='ltr' id='par_1_34' title="bbox 195 1223 979 1260">
     <span class='ocr_line' id='line_1_34' title="bbox 195 1223 979 1260; baseline 0.005 -10"><span class='ocrx_word' id='word_1_275' title='bbox 195 1223 258 1257; x_wconf 87' lang='lat' dir='ltr'><strong>quis</strong></span> <span class='ocrx_word' id='word_1_276' title='bbox 279 1223 315 1251; x_wconf 89' lang='lat' dir='ltr'><strong>sit</strong></span> <span class='ocrx_word' id='word_1_277' title='bbox 331 1231 426 1251; x_wconf 90' lang='lat' dir='ltr'><strong>eorum</strong></span> <span class='ocrx_word' id='word_1_278' title='bbox 442 1225 543 1260; x_wconf 74' lang='lat' dir='ltr'><strong>opil‘cx.</strong></span> <span class='ocrx_word' id='word_1_279' title='bbox 560 1225 612 1258; x_wconf 89' lang='lat' dir='ltr'><strong>Qui</strong></span> <span class='ocrx_word' id='word_1_280' title='bbox 626 1233 690 1253; x_wconf 77' lang='lat' dir='ltr'><strong>vero</strong></span> <span class='ocrx_word' id='word_1_281' title='bbox 703 1225 771 1253; x_wconf 87' lang='lat' dir='ltr'><strong>dicit</strong></span> <span class='ocrx_word' id='word_1_282' title='bbox 786 1234 847 1254; x_wconf 93' lang='lat' dir='ltr'><strong>eum</strong></span> <span class='ocrx_word' id='word_1_283' title='bbox 863 1235 918 1254; x_wconf 91' lang='lat' dir='ltr'><strong>non</strong></span> <span class='ocrx_word' id='word_1_284' title='bbox 936 1227 979 1254; x_wconf 86' lang='lat' dir='ltr'><strong>l&#39;a-</strong></span> 
     </span>
    </p>
   </div>
   <div class='ocr_carea' id='block_1_35' title="bbox 195 1269 978 1308">
    <p class='ocr_par' dir='ltr' id='par_1_35' title="bbox 195 1269 978 1308">
     <span class='ocr_line' id='line_1_35' title="bbox 195 1269 978 1308; baseline 0.006 -12"><span class='ocrx_word' id='word_1_285' title='bbox 195 1273 268 1296; x_wconf 88' lang='lat' dir='ltr'><strong>ctum</strong></span> <span class='ocrx_word' id='word_1_286' title='bbox 284 1269 294 1305; x_wconf 96' lang='lat'>(</span> <span class='ocrx_word' id='word_1_287' title='bbox 307 1270 380 1305; x_wconf 86' lang='lat' dir='ltr'><strong>quod</strong></span> <span class='ocrx_word' id='word_1_288' title='bbox 388 1269 538 1306; x_wconf 84' lang='lat' dir='ltr'><strong>Scriptura</strong></span> <span class='ocrx_word' id='word_1_289' title='bbox 552 1279 608 1299; x_wconf 92' lang='lat' dir='ltr'><strong>non</strong></span> <span class='ocrx_word' id='word_1_290' title='bbox 628 1272 711 1299; x_wconf 92' lang='lat' dir='ltr'><strong>tradit</strong></span> <span class='ocrx_word' id='word_1_291' title='bbox 721 1272 978 1308; x_wconf 73' lang='lat' dir='ltr'><strong>)‘supervacaneum</strong></span> 
     </span>
    </p>
   </div>
   <div class='ocr_carea' id='block_1_36' title="bbox 194 1315 980 1353">
    <p class='ocr_par' dir='ltr' id='par_1_36' title="bbox 194 1315 980 1353">
     <span class='ocr_line' id='line_1_36' title="bbox 194 1315 980 1353; baseline 0.008 -11"><span class='ocrx_word' id='word_1_292' title='bbox 194 1315 324 1351; x_wconf 87' lang='lat' dir='ltr'><strong>quiddam</strong></span> <span class='ocrx_word' id='word_1_293' title='bbox 347 1317 477 1353; x_wconf 87' lang='lat' dir='ltr'><strong>loquitur.</strong></span> <span class='ocrx_word' id='word_1_294' title='bbox 497 1318 594 1346; x_wconf 80' lang='lat' dir='ltr'><strong>Anam.</strong></span> <span class='ocrx_word' id='word_1_295' title='bbox 619 1319 648 1346; x_wconf 88' lang='lat' dir='ltr'><strong>Si</strong></span> <span class='ocrx_word' id='word_1_296' title='bbox 671 1327 725 1347; x_wconf 93' lang='lat' dir='ltr'><strong>non</strong></span> <span class='ocrx_word' id='word_1_297' title='bbox 745 1323 788 1347; x_wconf 79' lang='lat' dir='ltr'><strong>est</strong></span> <span class='ocrx_word' id='word_1_298' title='bbox 810 1320 916 1353; x_wconf 80' lang='lat' dir='ltr'><strong>factus,</strong></span> <span class='ocrx_word' id='word_1_299' title='bbox 937 1325 980 1348; x_wconf 83' lang='lat' dir='ltr'><strong>est</strong></span> 
     </span>
    </p>
   </div>
   <div class='ocr_carea' id='block_1_37' title="bbox 193 1363 979 1401">
    <p class='ocr_par' dir='ltr' id='par_1_37' title="bbox 193 1363 979 1401">
     <span class='ocr_line' id='line_1_37' title="bbox 193 1363 979 1401; baseline 0.008 -12"><span class='ocrx_word' id='word_1_300' title='bbox 193 1370 250 1390; x_wconf 89' lang='lat' dir='ltr'><strong>non</strong></span> <span class='ocrx_word' id='word_1_301' title='bbox 265 1363 362 1391; x_wconf 79' lang='lat' dir='ltr'><strong>iactus.</strong></span> <span class='ocrx_word' id='word_1_302' title='bbox 381 1364 456 1392; x_wconf 86' lang='lat' dir='ltr'><strong>Orllt.</strong></span> <span class='ocrx_word' id='word_1_303' title='bbox 471 1364 560 1392; x_wconf 85' lang='lat' dir='ltr'><strong>Etiam</strong></span> <span class='ocrx_word' id='word_1_304' title='bbox 577 1365 599 1394; x_wconf 92' lang='lat' dir='ltr'><strong>si</strong></span> <span class='ocrx_word' id='word_1_305' title='bbox 614 1366 730 1393; x_wconf 89' lang='lat' dir='ltr'><strong>humana</strong></span> <span class='ocrx_word' id='word_1_306' title='bbox 751 1366 880 1401; x_wconf 77' lang='lat' dir='ltr'><strong>cogitatio</strong></span> <span class='ocrx_word' id='word_1_307' title='bbox 903 1367 979 1395; x_wconf 91' lang='lat' dir='ltr'><strong>nobis</strong></span> 
     </span>
    </p>
   </div>
   <div class='ocr_carea' id='block_1_38' title="bbox 193 1409 980 1447">
    <p class='ocr_par' dir='ltr' id='par_1_38' title="bbox 193 1409 980 1447">
     <span class='ocr_line' id='line_1_38' title="bbox 193 1409 980 1447; baseline 0.005 -11"><span class='ocrx_word' id='word_1_308' title='bbox 193 1409 246 1437; x_wconf 88' lang='lat' dir='ltr'><strong>hoc</strong></span> <span class='ocrx_word' id='word_1_309' title='bbox 268 1412 406 1446; x_wconf 78' lang='lat' dir='ltr'><strong>suggerit,</strong></span> <span class='ocrx_word' id='word_1_310' title='bbox 422 1419 476 1439; x_wconf 90' lang='lat' dir='ltr'><strong>non</strong></span> <span class='ocrx_word' id='word_1_311' title='bbox 491 1412 528 1439; x_wconf 88' lang='lat' dir='ltr'><strong>ita</strong></span> <span class='ocrx_word' id='word_1_312' title='bbox 543 1419 593 1440; x_wconf 81' lang='lat' dir='ltr'><strong>nas</strong></span> <span class='ocrx_word' id='word_1_313' title='bbox 609 1417 700 1440; x_wconf 85' lang='lat' dir='ltr'><strong>tamen</strong></span> <span class='ocrx_word' id='word_1_314' title='bbox 720 1416 814 1440; x_wconf 84' lang='lat' dir='ltr'><strong>sancta</strong></span> <span class='ocrx_word' id='word_1_315' title='bbox 839 1413 980 1447; x_wconf 69' lang='lat' dir='ltr'><strong>Scriptura</strong></span> 
     </span>
    </p>
   </div>
   <div class='ocr_carea' id='block_1_39' title="bbox 193 1455 981 1493">
    <p class='ocr_par' dir='ltr' id='par_1_39' title="bbox 193 1455 981 1493">
     <span class='ocr_line' id='line_1_39' title="bbox 193 1455 981 1493; baseline 0.005 -10"><span class='ocrx_word' id='word_1_316' title='bbox 193 1455 302 1490; x_wconf 88' lang='lat' dir='ltr'><strong>docuit;</strong></span> <span class='ocrx_word' id='word_1_317' title='bbox 320 1457 367 1485; x_wconf 87' lang='lat' dir='ltr'><strong>sed</strong></span> <span class='ocrx_word' id='word_1_318' title='bbox 381 1457 555 1493; x_wconf 85' lang='lat' dir='ltr'><strong>audisipsam</strong></span> <span class='ocrx_word' id='word_1_319' title='bbox 567 1458 702 1486; x_wconf 88' lang='lat' dir='ltr'><strong>dicentem</strong></span> <span class='ocrx_word' id='word_1_320' title='bbox 716 1469 723 1486; x_wconf 87' lang='lat'>:</span> <span class='ocrx_word' id='word_1_321' title='bbox 736 1468 745 1484; x_wconf 78' lang='grc' dir='ltr'><strong>ι</strong></span> <span class='ocrx_word' id='word_1_322' title='bbox 755 1458 891 1492; x_wconf 87' lang='lat' dir='ltr'><strong>Quantum</strong></span> <span class='ocrx_word' id='word_1_323' title='bbox 904 1460 981 1487; x_wconf 79' lang='lat' dir='ltr'><strong>abest</strong></span> 
     </span>
    </p>
   </div>
   <div class='ocr_carea' id='block_1_40' title="bbox 193 1503 980 1541">
    <p class='ocr_par' dir='ltr' id='par_1_40' title="bbox 193 1503 980 1541">
     <span class='ocr_line' id='line_1_40' title="bbox 193 1503 980 1541; baseline 0.005 -11"><span class='ocrx_word' id='word_1_324' title='bbox 193 1503 285 1531; x_wconf 88' lang='lat' dir='ltr'><strong>oriens</strong></span> <span class='ocrx_word' id='word_1_325' title='bbox 311 1503 345 1531; x_wconf 87' lang='lat' dir='ltr'><strong>ab</strong></span> <span class='ocrx_word' id='word_1_326' title='bbox 364 1504 523 1535; x_wconf 84' lang='lat' dir='ltr'><strong>occidente.</strong></span> <span class='ocrx_word' id='word_1_327' title='bbox 547 1509 652 1532; x_wconf 84' lang='lat' dir='ltr'><strong>tantum</strong></span> <span class='ocrx_word' id='word_1_328' title='bbox 678 1505 779 1533; x_wconf 86' lang='lat' dir='ltr'><strong>absunt</strong></span> <span class='ocrx_word' id='word_1_329' title='bbox 801 1506 980 1541; x_wconf 80' lang='lat' dir='ltr'><strong>cogitationes</strong></span> 
     </span>
    </p>
   </div>
   <div class='ocr_carea' id='block_1_41' title="bbox 1065 669 1819 707">
    <p class='ocr_par' dir='ltr' id='par_1_41' title="bbox 1065 669 1819 707">
     <span class='ocr_line' id='line_1_41' title="bbox 1065 669 1819 707; baseline -0.004 -7"><span class='ocrx_word' id='word_1_330' title='bbox 1065 673 1092 700; x_wconf 84' lang='lat'><strong>5.</strong></span> <span class='ocrx_word' id='word_1_331' title='bbox 1115 672 1209 707; x_wconf 84' lang='grc' dir='ltr'>Ἆνόμ.</span> <span class='ocrx_word' id='word_1_332' title='bbox 1224 670 1282 698; x_wconf 81' lang='grc' dir='ltr'>Νῦν</span> <span class='ocrx_word' id='word_1_333' title='bbox 1307 670 1444 706; x_wconf 85' lang='grc' dir='ltr'>μανθάνω,</span> <span class='ocrx_word' id='word_1_334' title='bbox 1467 670 1507 697; x_wconf 82' lang='grc' dir='ltr'>ὅτι</span> <span class='ocrx_word' id='word_1_335' title='bbox 1528 670 1544 697; x_wconf 74' lang='grc' dir='ltr'><strong>ὃ</strong></span> <span class='ocrx_word' id='word_1_336' title='bbox 1565 670 1646 697; x_wconf 75' lang='grc' dir='ltr'>πᾶσιν</span> <span class='ocrx_word' id='word_1_337' title='bbox 1665 669 1819 706; x_wconf 81' lang='grc' dir='ltr'>ἀνθρώποις</span> 
     </span>
    </p>
   </div>
   <div class='ocr_carea' id='block_1_42' title="bbox 1032 717 1817 754">
    <p class='ocr_par' dir='ltr' id='par_1_42' title="bbox 1032 717 1817 754">
     <span class='ocr_line' id='line_1_42' title="bbox 1032 717 1817 754; baseline 0 -8"><span class='ocrx_word' id='word_1_338' title='bbox 1032 720 1104 746; x_wconf 69' lang='grc' dir='ltr'>ἐστὶν</span> <span class='ocrx_word' id='word_1_339' title='bbox 1115 718 1334 754; x_wconf 80' lang='grc' dir='ltr'><strong>ὡμολογημένον,</strong></span> <span class='ocrx_word' id='word_1_340' title='bbox 1344 717 1422 744; x_wconf 81' lang='grc' dir='ltr'>τοῦτο</span> <span class='ocrx_word' id='word_1_341' title='bbox 1433 718 1512 753; x_wconf 81' lang='grc' dir='ltr'>ὑμεῖς</span> <span class='ocrx_word' id='word_1_342' title='bbox 1526 717 1557 744; x_wconf 73' lang='grc' dir='ltr'>οὗ</span> <span class='ocrx_word' id='word_1_343' title='bbox 1573 717 1724 744; x_wconf 77' lang='grc' dir='ltr'>πιστεύετε.</span> <span class='ocrx_word' id='word_1_344' title='bbox 1738 717 1817 752; x_wconf 81' lang='grc' dir='ltr'>ὀρθ.</span> 
     </span>
    </p>
   </div>
   <div class='ocr_carea' id='block_1_43' title="bbox 1030 763 1818 799">
    <p class='ocr_par' dir='ltr' id='par_1_43' title="bbox 1030 763 1818 799">
     <span class='ocr_line' id='line_1_43' title="bbox 1030 763 1818 799; baseline -0.001 -7"><span class='ocrx_word' id='word_1_345' title='bbox 1030 766 1124 798; x_wconf 84' lang='grc' dir='ltr'>Ποῖον;</span> <span class='ocrx_word' id='word_1_346' title='bbox 1144 765 1242 799; x_wconf 76' lang='grc' dir='ltr'><strong>Ἀνῦμ.</strong></span> <span class='ocrx_word' id='word_1_347' title='bbox 1267 764 1328 790; x_wconf 84' lang='grc' dir='ltr'>’Ὁτι</span> <span class='ocrx_word' id='word_1_348' title='bbox 1351 764 1482 798; x_wconf 80' lang='grc' dir='ltr'>ἀγένητός</span> <span class='ocrx_word' id='word_1_349' title='bbox 1501 764 1574 790; x_wconf 76' lang='grc' dir='ltr'>ἐστιν</span> <span class='ocrx_word' id='word_1_350' title='bbox 1594 763 1609 790; x_wconf 83' lang='grc' dir='ltr'>ὁ</span> <span class='ocrx_word' id='word_1_351' title='bbox 1630 763 1704 796; x_wconf 71' lang='grc' dir='ltr'>Θεὸς,</span> <span class='ocrx_word' id='word_1_352' title='bbox 1717 763 1818 796; x_wconf 79' lang='grc' dir='ltr'>πάντες</span> 
     </span>
    </p>
   </div>
   <div class='ocr_carea' id='block_1_44' title="bbox 1030 809 1817 847">
    <p class='ocr_par' dir='ltr' id='par_1_44' title="bbox 1030 809 1817 847">
     <span class='ocr_line' id='line_1_44' title="bbox 1030 809 1817 847; baseline -0.004 -8"><span class='ocrx_word' id='word_1_353' title='bbox 1030 811 1179 847; x_wconf 84' lang='grc' dir='ltr'>ἄνθρωποι,</span> <span class='ocrx_word' id='word_1_354' title='bbox 1195 812 1218 838; x_wconf 85' lang='grc' dir='ltr'>οἱ</span> <span class='ocrx_word' id='word_1_355' title='bbox 1235 810 1297 837; x_wconf 76' lang='grc' dir='ltr'>νοῦν</span> <span class='ocrx_word' id='word_1_356' title='bbox 1311 810 1391 846; x_wconf 75' lang='grc' dir='ltr'>ὀρθὸν</span> <span class='ocrx_word' id='word_1_357' title='bbox 1407 810 1523 846; x_wconf 81' lang='grc' dir='ltr'>ἔχοντες,</span> <span class='ocrx_word' id='word_1_358' title='bbox 1536 809 1722 845; x_wconf 75' lang='grc' dir='ltr'><strong>ὁμολογοῦσιν,</strong></span> <span class='ocrx_word' id='word_1_359' title='bbox 1737 810 1817 846; x_wconf 80' lang='grc' dir='ltr'>ὑμεῖς</span> 
     </span>
    </p>
   </div>
   <div class='ocr_carea' id='block_1_45' title="bbox 1030 855 1817 891">
    <p class='ocr_par' dir='ltr' id='par_1_45' title="bbox 1030 855 1817 891">
     <span class='ocr_line' id='line_1_45' title="bbox 1030 855 1817 891; baseline 0.001 -9"><span class='ocrx_word' id='word_1_360' title='bbox 1030 856 1059 883; x_wconf 79' lang='grc' dir='ltr'><strong>δὲ</strong></span> <span class='ocrx_word' id='word_1_361' title='bbox 1073 857 1104 882; x_wconf 84' lang='grc' dir='ltr'>οὐ</span> <span class='ocrx_word' id='word_1_362' title='bbox 1119 855 1238 891; x_wconf 83' lang='grc' dir='ltr'>δέχεσθε.</span> <span class='ocrx_word' id='word_1_363' title='bbox 1254 856 1326 889; x_wconf 79' lang='grc' dir='ltr'>Ὀρθ.</span> <span class='ocrx_word' id='word_1_364' title='bbox 1336 856 1374 882; x_wconf 82' lang='grc' dir='ltr'>οὐ</span> <span class='ocrx_word' id='word_1_365' title='bbox 1385 855 1466 889; x_wconf 83' lang='grc' dir='ltr'>λέγω,</span> <span class='ocrx_word' id='word_1_366' title='bbox 1490 856 1530 882; x_wconf 84' lang='grc' dir='ltr'>ὃτι</span> <span class='ocrx_word' id='word_1_367' title='bbox 1543 855 1573 881; x_wconf 70' lang='grc' dir='ltr'>τὸ</span> <span class='ocrx_word' id='word_1_368' title='bbox 1587 856 1716 891; x_wconf 83' lang='grc' dir='ltr'>ἀγένητον</span> <span class='ocrx_word' id='word_1_369' title='bbox 1734 855 1817 883; x_wconf 72' lang='grc' dir='ltr'>αὑτὸν</span> 
     </span>
    </p>
   </div>
   <div class='ocr_carea' id='block_1_46' title="bbox 994 884 1815 938">
    <p class='ocr_par' dir='ltr' id='par_1_46' title="bbox 994 884 1815 938">
     <span class='ocr_line' id='line_1_46' title="bbox 994 884 1815 938; baseline 0.001 -10"><span class='ocrx_word' id='word_1_370' title='bbox 994 884 1016 914; x_wconf 71' lang='grc' dir='ltr'><strong>Β</strong></span> <span class='ocrx_word' id='word_1_371' title='bbox 1030 884 1169 937; x_wconf 69' lang='grc' dir='ltr'>ὁμολογεῇ</span> <span class='ocrx_word' id='word_1_372' title='bbox 1185 884 1550 938; x_wconf 59' lang='grc' dir='ltr'>ἀπαράοεκτόνὲστινὴμῖν·</span> <span class='ocrx_word' id='word_1_373' title='bbox 1567 884 1624 928; x_wconf 77' lang='grc' dir='ltr'>ἀλλ’</span> <span class='ocrx_word' id='word_1_374' title='bbox 1637 884 1677 928; x_wconf 63' lang='grc' dir='ltr'>ὅτι</span> <span class='ocrx_word' id='word_1_375' title='bbox 1688 901 1739 928; x_wconf 73' lang='grc' dir='ltr'>κᾶν</span> <span class='ocrx_word' id='word_1_376' title='bbox 1749 901 1815 938; x_wconf 76' lang='grc' dir='ltr'>δοκῇ</span> 
     </span>
    </p>
   </div>
   <div class='ocr_carea' id='block_1_47' title="bbox 1030 948 1814 984">
    <p class='ocr_par' dir='ltr' id='par_1_47' title="bbox 1030 948 1814 984">
     <span class='ocr_line' id='line_1_47' title="bbox 1030 948 1814 984; baseline 0 -9"><span class='ocrx_word' id='word_1_377' title='bbox 1030 950 1089 980; x_wconf 83' lang='grc' dir='ltr'>ταῖς</span> <span class='ocrx_word' id='word_1_378' title='bbox 1098 949 1212 980; x_wconf 54' lang='grc' dir='ltr'>ἐννοίαις</span> <span class='ocrx_word' id='word_1_379' title='bbox 1221 948 1300 983; x_wconf 84' lang='grc' dir='ltr'>ἡμῶν</span> <span class='ocrx_word' id='word_1_380' title='bbox 1313 948 1486 981; x_wconf 83' lang='grc' dir='ltr'><strong>ὑποπίπτειν,</strong></span> <span class='ocrx_word' id='word_1_381' title='bbox 1496 948 1552 975; x_wconf 79' lang='grc' dir='ltr'>ἀλλ’</span> <span class='ocrx_word' id='word_1_382' title='bbox 1565 949 1640 984; x_wconf 78' lang='grc' dir='ltr'>ὅμως</span> <span class='ocrx_word' id='word_1_383' title='bbox 1648 948 1686 980; x_wconf 84' lang='grc' dir='ltr'>ὠς</span> <span class='ocrx_word' id='word_1_384' title='bbox 1696 948 1814 984; x_wconf 79' lang='grc' dir='ltr'>οὐδαμοῦ</span> 
     </span>
    </p>
   </div>
   <div class='ocr_carea' id='block_1_48' title="bbox 1029 993 1815 1030">
    <p class='ocr_par' dir='ltr' id='par_1_48' title="bbox 1029 993 1815 1030">
     <span class='ocr_line' id='line_1_48' title="bbox 1029 993 1815 1030; baseline 0.001 -10"><span class='ocrx_word' id='word_1_385' title='bbox 1029 995 1079 1030; x_wconf 84' lang='grc' dir='ltr'>τῆς</span> <span class='ocrx_word' id='word_1_386' title='bbox 1093 993 1166 1026; x_wconf 84' lang='grc' dir='ltr'>θείας</span> <span class='ocrx_word' id='word_1_387' title='bbox 1175 994 1286 1029; x_wconf 81' lang='grc' dir='ltr'>Γραφῆς</span> <span class='ocrx_word' id='word_1_388' title='bbox 1299 993 1428 1030; x_wconf 75' lang='grc' dir='ltr'><strong>κειμένην</strong></span> <span class='ocrx_word' id='word_1_389' title='bbox 1439 994 1487 1029; x_wconf 81' lang='grc' dir='ltr'>τὴν</span> <span class='ocrx_word' id='word_1_390' title='bbox 1501 994 1591 1030; x_wconf 84' lang='grc' dir='ltr'>φωνὴν</span> <span class='ocrx_word' id='word_1_391' title='bbox 1605 994 1654 1021; x_wconf 70' lang='grc' dir='ltr'>οὐκ</span> <span class='ocrx_word' id='word_1_392' title='bbox 1666 995 1815 1029; x_wconf 71' lang='grc' dir='ltr'>ἀναγκαῖον</span> 
     </span>
    </p>
   </div>
   <div class='ocr_carea' id='block_1_49' title="bbox 1029 1038 1815 1076">
    <p class='ocr_par' dir='ltr' id='par_1_49' title="bbox 1029 1038 1815 1076">
     <span class='ocr_line' id='line_1_49' title="bbox 1029 1038 1815 1076; baseline 0.003 -10"><span class='ocrx_word' id='word_1_393' title='bbox 1029 1039 1128 1074; x_wconf 83' lang='grc' dir='ltr'>λέγειν.</span> <span class='ocrx_word' id='word_1_394' title='bbox 1146 1040 1176 1067; x_wconf 82' lang='grc' dir='ltr'><strong>Εἰ</strong></span> <span class='ocrx_word' id='word_1_395' title='bbox 1197 1041 1251 1076; x_wconf 83' lang='grc' dir='ltr'>γὰρ</span> <span class='ocrx_word' id='word_1_396' title='bbox 1265 1038 1300 1076; x_wconf 80' lang='grc' dir='ltr'>ἦν</span> <span class='ocrx_word' id='word_1_397' title='bbox 1316 1040 1474 1074; x_wconf 78' lang='grc' dir='ltr'>ἀναγκαῖον,</span> <span class='ocrx_word' id='word_1_398' title='bbox 1490 1039 1566 1067; x_wconf 70' lang='grc' dir='ltr'>εἶπεν</span> <span class='ocrx_word' id='word_1_399' title='bbox 1588 1040 1620 1067; x_wconf 85' lang='grc' dir='ltr'>ἂν</span> <span class='ocrx_word' id='word_1_400' title='bbox 1635 1041 1701 1068; x_wconf 81' lang='grc' dir='ltr'>αὐτὸ</span> <span class='ocrx_word' id='word_1_401' title='bbox 1716 1042 1733 1075; x_wconf 87' lang='grc' dir='ltr'>ἡ</span> <span class='ocrx_word' id='word_1_402' title='bbox 1754 1040 1815 1068; x_wconf 78' lang='grc' dir='ltr'>θεία</span> 
     </span>
    </p>
   </div>
   <div class='ocr_carea' id='block_1_50' title="bbox 1030 1085 1814 1123">
    <p class='ocr_par' dir='ltr' id='par_1_50' title="bbox 1030 1085 1814 1123">
     <span class='ocr_line' id='line_1_50' title="bbox 1030 1085 1814 1123; baseline 0.003 -10"><span class='ocrx_word' id='word_1_403' title='bbox 1030 1086 1136 1122; x_wconf 85' lang='grc' dir='ltr'>Γραφή.</span> <span class='ocrx_word' id='word_1_404' title='bbox 1157 1087 1256 1122; x_wconf 81' lang='grc' dir='ltr'><strong>Ἀνόμ.</strong></span> <span class='ocrx_word' id='word_1_405' title='bbox 1278 1087 1394 1123; x_wconf 83' lang='grc' dir='ltr'>Γενητὺν</span> <span class='ocrx_word' id='word_1_406' title='bbox 1412 1085 1458 1114; x_wconf 81' lang='grc' dir='ltr'><strong>οὖν</strong></span> <span class='ocrx_word' id='word_1_407' title='bbox 1480 1087 1600 1123; x_wconf 82' lang='grc' dir='ltr'>εἴπωμεν</span> <span class='ocrx_word' id='word_1_408' title='bbox 1619 1088 1718 1118; x_wconf 77' lang='grc' dir='ltr'>αὺτόνς</span> <span class='ocrx_word' id='word_1_409' title='bbox 1736 1088 1814 1122; x_wconf 84' lang='grc' dir='ltr'>Ὀρθ.</span> 
     </span>
    </p>
   </div>
   <div class='ocr_carea' id='block_1_51' title="bbox 1035 1131 1815 1170">
    <p class='ocr_par' dir='ltr' id='par_1_51' title="bbox 1035 1131 1815 1170">
     <span class='ocr_line' id='line_1_51' title="bbox 1035 1131 1815 1170; baseline 0 -10"><span class='ocrx_word' id='word_1_410' title='bbox 1035 1132 1065 1160; x_wconf 84' lang='lat'><strong>&#39;0</strong></span> <span class='ocrx_word' id='word_1_411' title='bbox 1077 1133 1164 1168; x_wconf 79' lang='grc' dir='ltr'>λέγων</span> <span class='ocrx_word' id='word_1_412' title='bbox 1180 1134 1262 1160; x_wconf 84' lang='grc' dir='ltr'>αὑτὸν</span> <span class='ocrx_word' id='word_1_413' title='bbox 1278 1134 1391 1170; x_wconf 82' lang='grc' dir='ltr'>γενητὸν</span> <span class='ocrx_word' id='word_1_414' title='bbox 1405 1134 1442 1170; x_wconf 81' lang='grc'><strong>(8)</strong></span> <span class='ocrx_word' id='word_1_415' title='bbox 1457 1134 1559 1161; x_wconf 71' lang='grc' dir='ltr'>ἀσεϐεῖ.</span> <span class='ocrx_word' id='word_1_416' title='bbox 1583 1131 1650 1160; x_wconf 81' lang='grc' dir='ltr'>Εἷπε</span> <span class='ocrx_word' id='word_1_417' title='bbox 1670 1134 1725 1170; x_wconf 76' lang='grc' dir='ltr'>γὰρ</span> <span class='ocrx_word' id='word_1_418' title='bbox 1749 1134 1815 1169; x_wconf 78' lang='grc' dir='ltr'>ἡμῖν</span> 
     </span>
    </p>
   </div>
   <div class='ocr_carea' id='block_1_52' title="bbox 1029 1179 1816 1216">
    <p class='ocr_par' dir='ltr' id='par_1_52' title="bbox 1029 1179 1816 1216">
     <span class='ocr_line' id='line_1_52' title="bbox 1029 1179 1816 1216; baseline 0.003 -11"><span class='ocrx_word' id='word_1_419' title='bbox 1029 1180 1046 1215; x_wconf 80' lang='grc' dir='ltr'><strong>ή</strong></span> <span class='ocrx_word' id='word_1_420' title='bbox 1066 1179 1176 1215; x_wconf 84' lang='grc' dir='ltr'>Γραφὴ,</span> <span class='ocrx_word' id='word_1_421' title='bbox 1191 1180 1251 1206; x_wconf 82' lang='grc' dir='ltr'>τίνα</span> <span class='ocrx_word' id='word_1_422' title='bbox 1267 1179 1325 1206; x_wconf 76' lang='grc' dir='ltr'>ἐστὶ</span> <span class='ocrx_word' id='word_1_423' title='bbox 1344 1179 1380 1206; x_wconf 78' lang='grc' dir='ltr'>τὰ</span> <span class='ocrx_word' id='word_1_424' title='bbox 1396 1180 1515 1216; x_wconf 78' lang='grc' dir='ltr'><strong>γενητὰ,</strong></span> <span class='ocrx_word' id='word_1_425' title='bbox 1539 1180 1585 1207; x_wconf 78' lang='grc' dir='ltr'>καὶ</span> <span class='ocrx_word' id='word_1_426' title='bbox 1610 1180 1651 1212; x_wconf 86' lang='grc' dir='ltr'><strong>τίς</strong></span> <span class='ocrx_word' id='word_1_427' title='bbox 1674 1180 1688 1206; x_wconf 85' lang='grc' dir='ltr'>ὁ</span> <span class='ocrx_word' id='word_1_428' title='bbox 1711 1179 1816 1207; x_wconf 82' lang='grc' dir='ltr'>τούτων</span> 
     </span>
    </p>
   </div>
   <div class='ocr_carea' id='block_1_53' title="bbox 1029 1225 1816 1262">
    <p class='ocr_par' dir='ltr' id='par_1_53' title="bbox 1029 1225 1816 1262">
     <span class='ocr_line' id='line_1_53' title="bbox 1029 1225 1816 1262; baseline 0.003 -10"><span class='ocrx_word' id='word_1_429' title='bbox 1029 1225 1227 1261; x_wconf 84' lang='grc' dir='ltr'>γενεσιουργός.</span> <span class='ocrx_word' id='word_1_430' title='bbox 1259 1226 1287 1252; x_wconf 89' lang='lat'><strong>&#39;0</strong></span> <span class='ocrx_word' id='word_1_431' title='bbox 1310 1225 1338 1252; x_wconf 84' lang='grc' dir='ltr'><strong>δὲ</strong></span> <span class='ocrx_word' id='word_1_432' title='bbox 1361 1225 1447 1260; x_wconf 81' lang='grc' dir='ltr'>λέγων</span> <span class='ocrx_word' id='word_1_433' title='bbox 1470 1226 1550 1253; x_wconf 75' lang='grc' dir='ltr'>αὐτὸν</span> <span class='ocrx_word' id='word_1_434' title='bbox 1573 1227 1713 1262; x_wconf 77' lang='grc' dir='ltr'>ἀγένητον,</span> <span class='ocrx_word' id='word_1_435' title='bbox 1729 1227 1744 1254; x_wconf 77' lang='grc' dir='ltr'><strong>ὃ</strong></span> <span class='ocrx_word' id='word_1_436' title='bbox 1764 1227 1816 1254; x_wconf 83' lang='grc' dir='ltr'>οὒκ</span> 
     </span>
    </p>
   </div>
   <div class='ocr_carea' id='block_1_54' title="bbox 1030 1269 1816 1308">
    <p class='ocr_par' dir='ltr' id='par_1_54' title="bbox 1030 1269 1816 1308">
     <span class='ocr_line' id='line_1_54' title="bbox 1030 1269 1816 1308; baseline 0 -8"><span class='ocrx_word' id='word_1_437' title='bbox 1030 1269 1105 1300; x_wconf 81' lang='grc' dir='ltr'>εἶπεν</span> <span class='ocrx_word' id='word_1_438' title='bbox 1125 1273 1141 1308; x_wconf 85' lang='grc' dir='ltr'>ὴ</span> <span class='ocrx_word' id='word_1_439' title='bbox 1162 1272 1271 1307; x_wconf 78' lang='grc' dir='ltr'>Γραφὴ,</span> <span class='ocrx_word' id='word_1_440' title='bbox 1298 1271 1490 1308; x_wconf 79' lang='grc' dir='ltr'>περιττολογεῖ.</span> <span class='ocrx_word' id='word_1_441' title='bbox 1517 1272 1609 1307; x_wconf 73' lang='grc' dir='ltr'>Ὰνόμ.</span> <span class='ocrx_word' id='word_1_442' title='bbox 1630 1272 1662 1299; x_wconf 77' lang='lat' dir='ltr'><strong>Ei</strong></span> <span class='ocrx_word' id='word_1_443' title='bbox 1680 1272 1730 1299; x_wconf 72' lang='grc' dir='ltr'>οὐκ</span> <span class='ocrx_word' id='word_1_444' title='bbox 1756 1272 1816 1300; x_wconf 68' lang='grc' dir='ltr'>ἐστι</span> 
     </span>
    </p>
   </div>
   <div class='ocr_carea' id='block_1_55' title="bbox 1030 1318 1816 1355">
    <p class='ocr_par' dir='ltr' id='par_1_55' title="bbox 1030 1318 1816 1355">
     <span class='ocr_line' id='line_1_55' title="bbox 1030 1318 1816 1355; baseline 0.001 -9"><span class='ocrx_word' id='word_1_445' title='bbox 1030 1319 1152 1355; x_wconf 79' lang='grc' dir='ltr'><strong>γενητὸς,</strong></span> <span class='ocrx_word' id='word_1_446' title='bbox 1167 1318 1297 1354; x_wconf 82' lang='grc' dir='ltr'>ἀγένητός</span> <span class='ocrx_word' id='word_1_447' title='bbox 1313 1319 1397 1346; x_wconf 78' lang='grc' dir='ltr'>ἐστιν.</span> <span class='ocrx_word' id='word_1_448' title='bbox 1418 1319 1495 1351; x_wconf 82' lang='grc' dir='ltr'>Ὀρθ.</span> <span class='ocrx_word' id='word_1_449' title='bbox 1509 1318 1568 1345; x_wconf 81' lang='grc' dir='ltr'>Κᾶν</span> <span class='ocrx_word' id='word_1_450' title='bbox 1588 1319 1746 1354; x_wconf 79' lang='grc' dir='ltr'><strong>ἀνθρωπίνη</strong></span> <span class='ocrx_word' id='word_1_451' title='bbox 1758 1318 1816 1347; x_wconf 74' lang='grc' dir='ltr'><strong>διά-</strong></span> 
     </span>
    </p>
   </div>
   <div class='ocr_carea' id='block_1_56' title="bbox 1030 1364 1816 1402">
    <p class='ocr_par' dir='ltr' id='par_1_56' title="bbox 1030 1364 1816 1402">
     <span class='ocr_line' id='line_1_56' title="bbox 1030 1364 1816 1402; baseline -0.003 -9"><span class='ocrx_word' id='word_1_452' title='bbox 1030 1374 1089 1393; x_wconf 87' lang='grc' dir='ltr'>νοια</span> <span class='ocrx_word' id='word_1_453' title='bbox 1103 1365 1182 1392; x_wconf 82' lang='grc' dir='ltr'>τοῦτο</span> <span class='ocrx_word' id='word_1_454' title='bbox 1195 1366 1264 1392; x_wconf 83' lang='grc' dir='ltr'>νοεῖν</span> <span class='ocrx_word' id='word_1_455' title='bbox 1280 1365 1355 1400; x_wconf 80' lang='grc' dir='ltr'>ποιῇ,</span> <span class='ocrx_word' id='word_1_456' title='bbox 1371 1364 1428 1391; x_wconf 74' lang='grc' dir='ltr'>ἀλλ’</span> <span class='ocrx_word' id='word_1_457' title='bbox 1442 1365 1490 1400; x_wconf 77' lang='grc' dir='ltr'>οὐχ</span> <span class='ocrx_word' id='word_1_458' title='bbox 1507 1364 1593 1396; x_wconf 76' lang='grc' dir='ltr'>οὕτως</span> <span class='ocrx_word' id='word_1_459' title='bbox 1609 1366 1626 1401; x_wconf 84' lang='grc' dir='ltr'>ἡ</span> <span class='ocrx_word' id='word_1_460' title='bbox 1644 1364 1703 1392; x_wconf 85' lang='grc' dir='ltr'>θεία</span> <span class='ocrx_word' id='word_1_461' title='bbox 1719 1365 1816 1402; x_wconf 75' lang='grc' dir='ltr'>Γραφὴ</span> 
     </span>
    </p>
   </div>
   <div class='ocr_carea' id='block_1_57' title="bbox 1030 1410 1815 1446">
    <p class='ocr_par' dir='ltr' id='par_1_57' title="bbox 1030 1410 1815 1446">
     <span class='ocr_line' id='line_1_57' title="bbox 1030 1410 1815 1446; baseline 0 -9"><span class='ocrx_word' id='word_1_462' title='bbox 1030 1411 1163 1444; x_wconf 58' lang='grc' dir='ltr'><strong>ἐδίδαξεν</strong></span> <span class='ocrx_word' id='word_1_463' title='bbox 1182 1411 1238 1437; x_wconf 76' lang='grc' dir='ltr'>ἀλλ’</span> <span class='ocrx_word' id='word_1_464' title='bbox 1255 1410 1363 1442; x_wconf 80' lang='grc' dir='ltr'>ἀκούεις</span> <span class='ocrx_word' id='word_1_465' title='bbox 1382 1410 1466 1446; x_wconf 72' lang='grc' dir='ltr'>αὐτῆς</span> <span class='ocrx_word' id='word_1_466' title='bbox 1484 1410 1631 1446; x_wconf 76' lang='grc' dir='ltr'>λεγούσης·</span> <span class='ocrx_word' id='word_1_467' title='bbox 1653 1411 1700 1437; x_wconf 75' lang='grc' dir='ltr'><strong>καὶ</strong></span> <span class='ocrx_word' id='word_1_468' title='bbox 1713 1420 1722 1436; x_wconf 81' lang='grc' dir='ltr'><strong>ι</strong></span> <span class='ocrx_word' id='word_1_469' title='bbox 1738 1410 1815 1438; x_wconf 87' lang='grc' dir='ltr'>Καθ-</span> 
     </span>
    </p>
   </div>
   <div class='ocr_carea' id='block_1_58' title="bbox 1030 1456 1816 1492">
    <p class='ocr_par' dir='ltr' id='par_1_58' title="bbox 1030 1456 1816 1492">
     <span class='ocr_line' id='line_1_58' title="bbox 1030 1456 1816 1492; baseline 0.001 -9"><span class='ocrx_word' id='word_1_470' title='bbox 1030 1457 1091 1483; x_wconf 84' lang='grc' dir='ltr'>όσον</span> <span class='ocrx_word' id='word_1_471' title='bbox 1124 1457 1270 1492; x_wconf 72' lang='grc' dir='ltr'>ἀπέχουσιν</span> <span class='ocrx_word' id='word_1_472' title='bbox 1302 1456 1429 1483; x_wconf 77' lang='grc' dir='ltr'>ἀνατολαὶ</span> <span class='ocrx_word' id='word_1_473' title='bbox 1456 1457 1509 1483; x_wconf 80' lang='grc' dir='ltr'>ἀπὸ</span> <span class='ocrx_word' id='word_1_474' title='bbox 1542 1456 1667 1492; x_wconf 75' lang='grc' dir='ltr'>δυσμῶν,</span> <span class='ocrx_word' id='word_1_475' title='bbox 1689 1456 1816 1484; x_wconf 62' lang='grc' dir='ltr'>τοσοῦτον</span> 
     </span>
    </p>
   </div>
   <div class='ocr_carea' id='block_1_59' title="bbox 1031 1503 1816 1540">
    <p class='ocr_par' dir='ltr' id='par_1_59' title="bbox 1031 1503 1816 1540">
     <span class='ocr_line' id='line_1_59' title="bbox 1031 1503 1816 1540; baseline 0 -10"><span class='ocrx_word' id='word_1_476' title='bbox 1031 1503 1161 1539; x_wconf 82' lang='grc' dir='ltr'>ἀπέχουσι</span> <span class='ocrx_word' id='word_1_477' title='bbox 1173 1504 1206 1531; x_wconf 84' lang='grc' dir='ltr'>τὰ</span> <span class='ocrx_word' id='word_1_478' title='bbox 1222 1505 1387 1540; x_wconf 84' lang='grc' dir='ltr'>διανοήματα</span> <span class='ocrx_word' id='word_1_479' title='bbox 1404 1503 1479 1540; x_wconf 84' lang='grc' dir='ltr'>ὑμῶν</span> <span class='ocrx_word' id='word_1_480' title='bbox 1494 1504 1547 1531; x_wconf 83' lang='grc' dir='ltr'>ἀπὸ</span> <span class='ocrx_word' id='word_1_481' title='bbox 1557 1503 1611 1530; x_wconf 81' lang='grc' dir='ltr'>τῶν</span> <span class='ocrx_word' id='word_1_482' title='bbox 1627 1503 1816 1539; x_wconf 81' lang='grc' dir='ltr'>διανοημάτων</span> 
     </span>
    </p>
   </div>
   <div class='ocr_carea' id='block_1_60' title="bbox 192 1550 979 1588">
    <p class='ocr_par' dir='ltr' id='par_1_60' title="bbox 192 1550 979 1586">
     <span class='ocr_line' id='line_1_60' title="bbox 192 1550 979 1586; baseline 0.003 -10"><span class='ocrx_word' id='word_1_483' title='bbox 192 1554 291 1577; x_wconf 78' lang='lat' dir='ltr'><strong>vestra:</strong></span> <span class='ocrx_word' id='word_1_484' title='bbox 303 1557 318 1576; x_wconf 91' lang='lat' dir='ltr'><strong>a</strong></span> <span class='ocrx_word' id='word_1_485' title='bbox 331 1551 542 1586; x_wconf 80' lang='lat' dir='ltr'><strong>cogitationibus</strong></span> <span class='ocrx_word' id='word_1_486' title='bbox 554 1551 622 1578; x_wconf 88' lang='lat' dir='ltr'><strong>meis</strong></span> <span class='ocrx_word' id='word_1_487' title='bbox 635 1551 669 1577; x_wconf 73' lang='lat'><strong>&quot;.</strong></span> <span class='ocrx_word' id='word_1_488' title='bbox 693 1560 702 1577; x_wconf 74' lang='grc' dir='ltr'><strong>ι</strong></span> <span class='ocrx_word' id='word_1_489' title='bbox 716 1550 793 1584; x_wconf 89' lang='lat' dir='ltr'><strong>Quod</strong></span> <span class='ocrx_word' id='word_1_490' title='bbox 807 1551 829 1579; x_wconf 92' lang='lat' dir='ltr'><strong>si</strong></span> <span class='ocrx_word' id='word_1_491' title='bbox 843 1551 979 1579; x_wconf 73' lang='lat' dir='ltr'><strong>existimat</strong></span> 
     </span>
    </p>
   </div>
   <div class='ocr_carea' id='block_1_61' title="bbox 1032 1550 1816 1588">
    <p class='ocr_par' dir='ltr' id='par_1_61' title="bbox 1032 1550 1816 1586">
     <span class='ocr_line' id='line_1_61' title="bbox 1032 1550 1816 1586; baseline 0.001 -10"><span class='ocrx_word' id='word_1_492' title='bbox 1032 1559 1092 1585; x_wconf 87' lang='grc' dir='ltr'>μου.</span> <span class='ocrx_word' id='word_1_493' title='bbox 1107 1559 1116 1576; x_wconf 83' lang='grc'><strong>›</strong></span> <span class='ocrx_word' id='word_1_494' title='bbox 1129 1551 1160 1576; x_wconf 78' lang='lat' dir='ltr'><strong>El</strong></span> <span class='ocrx_word' id='word_1_495' title='bbox 1177 1550 1205 1577; x_wconf 82' lang='grc' dir='ltr'><strong>δὲ</strong></span> <span class='ocrx_word' id='word_1_496' title='bbox 1220 1550 1325 1586; x_wconf 72' lang='grc' dir='ltr'>νομίζει</span> <span class='ocrx_word' id='word_1_497' title='bbox 1339 1550 1471 1586; x_wconf 77' lang='grc' dir='ltr'>Εὑνόμιος</span> <span class='ocrx_word' id='word_1_498' title='bbox 1485 1550 1641 1586; x_wconf 78' lang='grc' dir='ltr'>εὑρηκέναι,</span> <span class='ocrx_word' id='word_1_499' title='bbox 1659 1551 1688 1577; x_wconf 78' lang='grc' dir='ltr'>τὸ</span> <span class='ocrx_word' id='word_1_500' title='bbox 1700 1551 1725 1577; x_wconf 88' lang='grc' dir='ltr'><strong>τί</strong></span> <span class='ocrx_word' id='word_1_501' title='bbox 1740 1552 1816 1577; x_wconf 82' lang='grc' dir='ltr'>ἐστιν</span> 
     </span>
    </p>
   </div>
   <div class='ocr_carea' id='block_1_62' title="bbox 193 1595 978 1633">
    <p class='ocr_par' dir='ltr' id='par_1_62' title="bbox 193 1595 978 1633">
     <span class='ocr_line' id='line_1_62' title="bbox 193 1595 978 1633; baseline 0.005 -11"><span class='ocrx_word' id='word_1_502' title='bbox 193 1595 344 1624; x_wconf 81' lang='lat' dir='ltr'><strong>Eunomius</strong></span> <span class='ocrx_word' id='word_1_503' title='bbox 359 1605 389 1624; x_wconf 89' lang='lat' dir='ltr'><strong>se</strong></span> <span class='ocrx_word' id='word_1_504' title='bbox 401 1597 578 1632; x_wconf 84' lang='lat' dir='ltr'><strong>comperisse.</strong></span> <span class='ocrx_word' id='word_1_505' title='bbox 592 1596 657 1632; x_wconf 88' lang='lat' dir='ltr'><strong>quid</strong></span> <span class='ocrx_word' id='word_1_506' title='bbox 671 1597 707 1624; x_wconf 90' lang='lat' dir='ltr'><strong>sit</strong></span> <span class='ocrx_word' id='word_1_507' title='bbox 721 1596 802 1629; x_wconf 90' lang='lat' dir='ltr'><strong>Deus,</strong></span> <span class='ocrx_word' id='word_1_508' title='bbox 815 1605 848 1625; x_wconf 80' lang='lat' dir='ltr'><strong>ex</strong></span> <span class='ocrx_word' id='word_1_509' title='bbox 858 1605 891 1625; x_wconf 91' lang='lat' dir='ltr'><strong>co</strong></span> <span class='ocrx_word' id='word_1_510' title='bbox 905 1598 978 1633; x_wconf 90' lang='lat' dir='ltr'><strong>quod</strong></span> 
     </span>
    </p>
   </div>
   <div class='ocr_carea' id='block_1_63' title="bbox 191 1643 980 1680">
    <p class='ocr_par' dir='ltr' id='par_1_63' title="bbox 191 1643 980 1680">
     <span class='ocr_line' id='line_1_63' title="bbox 191 1643 980 1680; baseline 0.003 -10"><span class='ocrx_word' id='word_1_511' title='bbox 191 1650 246 1670; x_wconf 90' lang='lat' dir='ltr'><strong>non</strong></span> <span class='ocrx_word' id='word_1_512' title='bbox 264 1643 299 1670; x_wconf 87' lang='lat' dir='ltr'><strong>sit</strong></span> <span class='ocrx_word' id='word_1_513' title='bbox 315 1643 402 1671; x_wconf 80' lang='lat' dir='ltr'><strong>factus</strong></span> <span class='ocrx_word' id='word_1_514' title='bbox 412 1663 419 1675; x_wconf 83' lang='lat'><strong>.</strong></span> <span class='ocrx_word' id='word_1_515' title='bbox 436 1651 488 1671; x_wconf 89' lang='lat' dir='ltr'><strong>nec</strong></span> <span class='ocrx_word' id='word_1_516' title='bbox 502 1644 599 1671; x_wconf 87' lang='lat' dir='ltr'><strong>habeat</strong></span> <span class='ocrx_word' id='word_1_517' title='bbox 615 1651 694 1671; x_wconf 91' lang='lat' dir='ltr'><strong>suum</strong></span> <span class='ocrx_word' id='word_1_518' title='bbox 709 1651 771 1672; x_wconf 86' lang='lat' dir='ltr'><strong>esse</strong></span> <span class='ocrx_word' id='word_1_519' title='bbox 785 1652 817 1671; x_wconf 84' lang='lat' dir='ltr'><strong>ex</strong></span> <span class='ocrx_word' id='word_1_520' title='bbox 832 1644 924 1680; x_wconf 89' lang='lat' dir='ltr'><strong>aliquo</strong></span> <span class='ocrx_word' id='word_1_521' title='bbox 939 1645 980 1672; x_wconf 82' lang='lat' dir='ltr'><strong>la-</strong></span> 
     </span>
    </p>
   </div>
   <div class='ocr_carea' id='block_1_64' title="bbox 191 1689 975 1726">
    <p class='ocr_par' dir='ltr' id='par_1_64' title="bbox 191 1689 975 1726">
     <span class='ocr_line' id='line_1_64' title="bbox 191 1689 975 1726; baseline 0.001 -10"><span class='ocrx_word' id='word_1_522' title='bbox 191 1693 277 1722; x_wconf 82' lang='lat' dir='ltr'><strong>ctore,</strong></span> <span class='ocrx_word' id='word_1_523' title='bbox 293 1689 366 1717; x_wconf 86' lang='lat' dir='ltr'><strong>dicat</strong></span> <span class='ocrx_word' id='word_1_524' title='bbox 380 1698 441 1717; x_wconf 88' lang='lat' dir='ltr'><strong>eum</strong></span> <span class='ocrx_word' id='word_1_525' title='bbox 455 1690 537 1717; x_wconf 87' lang='lat' dir='ltr'><strong>etiam</strong></span> <span class='ocrx_word' id='word_1_526' title='bbox 548 1690 636 1722; x_wconf 82' lang='grc' dir='ltr'>ἄθεον,</span> <span class='ocrx_word' id='word_1_527' title='bbox 649 1690 675 1718; x_wconf 87' lang='lat' dir='ltr'><strong>id</strong></span> <span class='ocrx_word' id='word_1_528' title='bbox 686 1695 738 1723; x_wconf 87' lang='lat' dir='ltr'><strong>est,</strong></span> <span class='ocrx_word' id='word_1_529' title='bbox 752 1699 761 1715; x_wconf 82' lang='grc' dir='ltr'><strong>ι</strong></span> <span class='ocrx_word' id='word_1_530' title='bbox 774 1690 876 1726; x_wconf 88' lang='lat' dir='ltr'><strong>absque</strong></span> <span class='ocrx_word' id='word_1_531' title='bbox 888 1690 951 1723; x_wconf 87' lang='lat' dir='ltr'><strong>Deo.</strong></span> <span class='ocrx_word' id='word_1_532' title='bbox 965 1700 975 1717; x_wconf 74' lang='grc' dir='ltr'><strong>ι</strong></span> 
     </span>
    </p>
   </div>
   <div class='ocr_carea' id='block_1_65' title="bbox 191 1734 980 1770">
    <p class='ocr_par' dir='ltr' id='par_1_65' title="bbox 191 1734 980 1770">
     <span class='ocr_line' id='line_1_65' title="bbox 191 1734 980 1770; baseline 0.003 -8"><span class='ocrx_word' id='word_1_533' title='bbox 191 1738 222 1762; x_wconf 81' lang='lat' dir='ltr'><strong>ut</strong></span> <span class='ocrx_word' id='word_1_534' title='bbox 236 1735 283 1770; x_wconf 93' lang='lat' dir='ltr'><strong>qui</strong></span> <span class='ocrx_word' id='word_1_535' title='bbox 299 1734 384 1763; x_wconf 83' lang='lat' dir='ltr'><strong>Deum</strong></span> <span class='ocrx_word' id='word_1_536' title='bbox 399 1743 452 1762; x_wconf 88' lang='lat' dir='ltr'><strong>non</strong></span> <span class='ocrx_word' id='word_1_537' title='bbox 470 1736 579 1765; x_wconf 87' lang='lat' dir='ltr'><strong>habeat.</strong></span> <span class='ocrx_word' id='word_1_538' title='bbox 595 1736 674 1769; x_wconf 85' lang='lat' dir='ltr'><strong>Quod</strong></span> <span class='ocrx_word' id='word_1_539' title='bbox 693 1736 714 1764; x_wconf 91' lang='lat' dir='ltr'><strong>si</strong></span> <span class='ocrx_word' id='word_1_540' title='bbox 732 1744 785 1764; x_wconf 93' lang='lat' dir='ltr'><strong>non</strong></span> <span class='ocrx_word' id='word_1_541' title='bbox 802 1737 865 1764; x_wconf 87' lang='lat' dir='ltr'><strong>licet</strong></span> <span class='ocrx_word' id='word_1_542' title='bbox 880 1737 918 1764; x_wconf 90' lang='lat' dir='ltr'><strong>ita</strong></span> <span class='ocrx_word' id='word_1_543' title='bbox 939 1737 980 1764; x_wconf 91' lang='lat' dir='ltr'><strong>lo-</strong></span> 
     </span>
    </p>
   </div>
   <div class='ocr_carea' id='block_1_66' title="bbox 168 1781 979 1817">
    <p class='ocr_par' dir='ltr' id='par_1_66' title="bbox 168 1781 979 1817">
     <span class='ocr_line' id='line_1_66' title="bbox 168 1781 979 1817; baseline 0.005 -9"><span class='ocrx_word' id='word_1_544' title='bbox 168 1786 171 1789; x_wconf 94' lang='lat'>&#39;</span> <span class='ocrx_word' id='word_1_545' title='bbox 191 1781 256 1816; x_wconf 91' lang='lat' dir='ltr'><strong>qui,</strong></span> <span class='ocrx_word' id='word_1_546' title='bbox 272 1782 397 1816; x_wconf 89' lang='lat' dir='ltr'><strong>quamvis</strong></span> <span class='ocrx_word' id='word_1_547' title='bbox 412 1782 605 1817; x_wconf 79' lang='lat' dir='ltr'><strong>cogitationem</strong></span> <span class='ocrx_word' id='word_1_548' title='bbox 619 1786 743 1810; x_wconf 87' lang='lat' dir='ltr'><strong>nostram</strong></span> <span class='ocrx_word' id='word_1_549' title='bbox 758 1784 874 1816; x_wconf 84' lang='lat' dir='ltr'><strong>subeat,</strong></span> <span class='ocrx_word' id='word_1_550' title='bbox 888 1792 922 1812; x_wconf 89' lang='lat' dir='ltr'><strong>ne</strong></span> <span class='ocrx_word' id='word_1_551' title='bbox 937 1784 979 1811; x_wconf 91' lang='lat' dir='ltr'><strong>di-</strong></span> 
     </span>
    </p>
   </div>
   <div class='ocr_carea' id='block_1_67' title="bbox 190 1828 978 1864">
    <p class='ocr_par' dir='ltr' id='par_1_67' title="bbox 190 1828 978 1864">
     <span class='ocr_line' id='line_1_67' title="bbox 190 1828 978 1864; baseline 0.005 -10"><span class='ocrx_word' id='word_1_552' title='bbox 190 1832 269 1854; x_wconf 82' lang='lat' dir='ltr'><strong>catur</strong></span> <span class='ocrx_word' id='word_1_553' title='bbox 279 1828 359 1854; x_wconf 86' lang='lat' dir='ltr'><strong>etiam</strong></span> <span class='ocrx_word' id='word_1_554' title='bbox 371 1835 425 1854; x_wconf 83' lang='lat' dir='ltr'><strong>non</strong></span> <span class='ocrx_word' id='word_1_555' title='bbox 443 1828 542 1860; x_wconf 75' lang='lat' dir='ltr'><strong>factus,</strong></span> <span class='ocrx_word' id='word_1_556' title='bbox 552 1829 676 1863; x_wconf 83' lang='lat' dir='ltr'><strong>quamvis</strong></span> <span class='ocrx_word' id='word_1_557' title='bbox 685 1829 737 1857; x_wconf 85' lang='lat' dir='ltr'><strong>hoc</strong></span> <span class='ocrx_word' id='word_1_558' title='bbox 749 1829 776 1856; x_wconf 92' lang='lat' dir='ltr'><strong>in</strong></span> <span class='ocrx_word' id='word_1_559' title='bbox 785 1830 978 1864; x_wconf 85' lang='lat' dir='ltr'><strong>cogitationem</strong></span> 
     </span>
    </p>
   </div>
   <div class='ocr_carea' id='block_1_68' title="bbox 191 1873 976 1912">
    <p class='ocr_par' dir='ltr' id='par_1_68' title="bbox 191 1873 976 1912">
     <span class='ocr_line' id='line_1_68' title="bbox 191 1873 976 1912; baseline 0.005 -11"><span class='ocrx_word' id='word_1_560' title='bbox 191 1878 314 1901; x_wconf 83' lang='lat' dir='ltr'><strong>nostram</strong></span> <span class='ocrx_word' id='word_1_561' title='bbox 328 1873 419 1902; x_wconf 79' lang='lat' dir='ltr'><strong>cadat.</strong></span> <span class='ocrx_word' id='word_1_562' title='bbox 436 1875 533 1902; x_wconf 84' lang='lat' dir='ltr'><strong>Anam.</strong></span> <span class='ocrx_word' id='word_1_563' title='bbox 544 1875 643 1903; x_wconf 80' lang='lat' dir='ltr'><strong>Factus</strong></span> <span class='ocrx_word' id='word_1_564' title='bbox 653 1880 693 1903; x_wconf 90' lang='lat' dir='ltr'><strong>est</strong></span> <span class='ocrx_word' id='word_1_565' title='bbox 703 1876 785 1912; x_wconf 89' lang='lat' dir='ltr'><strong>igitur</strong></span> <span class='ocrx_word' id='word_1_566' title='bbox 797 1876 867 1905; x_wconf 88' lang='lat' dir='ltr'><strong>Deus</strong></span> <span class='ocrx_word' id='word_1_567' title='bbox 876 1877 976 1905; x_wconf 55' lang='grc' dir='ltr'>ἳμοτιίι.</span> 
     </span>
    </p>
   </div>
   <div class='ocr_carea' id='block_1_69' title="bbox 190 1919 976 1957">
    <p class='ocr_par' dir='ltr' id='par_1_69' title="bbox 190 1919 976 1957">
     <span class='ocr_line' id='line_1_69' title="bbox 190 1919 976 1957; baseline 0.005 -11"><span class='ocrx_word' id='word_1_568' title='bbox 190 1919 250 1946; x_wconf 83' lang='lat' dir='ltr'><strong>Non</strong></span> <span class='ocrx_word' id='word_1_569' title='bbox 268 1919 356 1947; x_wconf 82' lang='lat' dir='ltr'><strong>lactus</strong></span> <span class='ocrx_word' id='word_1_570' title='bbox 370 1924 422 1948; x_wconf 88' lang='lat' dir='ltr'><strong>est.</strong></span> <span class='ocrx_word' id='word_1_571' title='bbox 440 1920 536 1949; x_wconf 86' lang='lat' dir='ltr'><strong>Anam.</strong></span> <span class='ocrx_word' id='word_1_572' title='bbox 560 1921 629 1957; x_wconf 77' lang='lat' dir='ltr'><strong>Ergo</strong></span> <span class='ocrx_word' id='word_1_573' title='bbox 644 1926 686 1950; x_wconf 88' lang='lat' dir='ltr'><strong>est</strong></span> <span class='ocrx_word' id='word_1_574' title='bbox 700 1930 754 1949; x_wconf 90' lang='lat' dir='ltr'><strong>non</strong></span> <span class='ocrx_word' id='word_1_575' title='bbox 770 1922 880 1951; x_wconf 82' lang='lat' dir='ltr'><strong>factus?</strong></span> <span class='ocrx_word' id='word_1_576' title='bbox 898 1923 976 1951; x_wconf 86' lang='lat' dir='ltr'><strong>Orth.</strong></span> 
     </span>
    </p>
   </div>
   <div class='ocr_carea' id='block_1_70' title="bbox 191 1965 976 2004">
    <p class='ocr_par' dir='ltr' id='par_1_70' title="bbox 191 1965 976 2004">
     <span class='ocr_line' id='line_1_70' title="bbox 191 1965 976 2004; baseline 0.008 -12"><span class='ocrx_word' id='word_1_577' title='bbox 191 1965 312 1994; x_wconf 84' lang='lat' dir='ltr'><strong>Habetne</strong></span> <span class='ocrx_word' id='word_1_578' title='bbox 335 1966 406 1995; x_wconf 86' lang='lat' dir='ltr'><strong>Deus</strong></span> <span class='ocrx_word' id='word_1_579' title='bbox 430 1967 538 1994; x_wconf 80' lang='lat' dir='ltr'><strong>Deum?</strong></span> <span class='ocrx_word' id='word_1_580' title='bbox 560 1968 654 1996; x_wconf 83' lang='lat' dir='ltr'><strong>Anam.</strong></span> <span class='ocrx_word' id='word_1_581' title='bbox 679 1968 787 1996; x_wconf 86' lang='lat' dir='ltr'><strong>Minime</strong></span> <span class='ocrx_word' id='word_1_582' title='bbox 805 1970 914 2004; x_wconf 86' lang='lat' dir='ltr'><strong>quidem</strong></span> <span class='ocrx_word' id='word_1_583' title='bbox 935 1971 976 2002; x_wconf 89' lang='lat' dir='ltr'><strong>is,</strong></span> 
     </span>
    </p>
   </div>
   <div class='ocr_carea' id='block_1_71' title="bbox 190 2013 976 2050">
    <p class='ocr_par' dir='ltr' id='par_1_71' title="bbox 190 2013 976 2050">
     <span class='ocr_line' id='line_1_71' title="bbox 190 2013 976 2050; baseline 0.005 -11"><span class='ocrx_word' id='word_1_584' title='bbox 190 2013 237 2048; x_wconf 92' lang='lat' dir='ltr'><strong>qui</strong></span> <span class='ocrx_word' id='word_1_585' title='bbox 262 2017 304 2040; x_wconf 80' lang='lat' dir='ltr'><strong>est</strong></span> <span class='ocrx_word' id='word_1_586' title='bbox 326 2021 382 2040; x_wconf 86' lang='lat' dir='ltr'><strong>non</strong></span> <span class='ocrx_word' id='word_1_587' title='bbox 413 2013 514 2041; x_wconf 78' lang='lat' dir='ltr'><strong>factus.</strong></span> <span class='ocrx_word' id='word_1_588' title='bbox 544 2013 620 2042; x_wconf 82' lang='lat' dir='ltr'><strong>Ortlt.</strong></span> <span class='ocrx_word' id='word_1_589' title='bbox 648 2014 696 2043; x_wconf 83' lang='lat' dir='ltr'><strong>Est</strong></span> <span class='ocrx_word' id='word_1_590' title='bbox 720 2015 803 2050; x_wconf 82' lang='lat' dir='ltr'><strong>igitur</strong></span> <span class='ocrx_word' id='word_1_591' title='bbox 827 2016 923 2048; x_wconf 78' lang='grc' dir='ltr'>ἄθεος,</span> <span class='ocrx_word' id='word_1_592' title='bbox 949 2016 976 2044; x_wconf 93' lang='lat' dir='ltr'><strong>id</strong></span> 
     </span>
    </p>
   </div>
   <div class='ocr_carea' id='block_1_72' title="bbox 190 2059 977 2097">
    <p class='ocr_par' dir='ltr' id='par_1_72' title="bbox 190 2059 977 2097">
     <span class='ocr_line' id='line_1_72' title="bbox 190 2059 977 2097; baseline 0.004 -11"><span class='ocrx_word' id='word_1_593' title='bbox 190 2062 242 2091; x_wconf 82' lang='lat' dir='ltr'><strong>est,</strong></span> <span class='ocrx_word' id='word_1_594' title='bbox 262 2068 271 2084; x_wconf 83' lang='grc' dir='ltr'><strong>ι</strong></span> <span class='ocrx_word' id='word_1_595' title='bbox 287 2060 391 2094; x_wconf 88' lang='lat' dir='ltr'><strong>absque</strong></span> <span class='ocrx_word' id='word_1_596' title='bbox 402 2059 467 2088; x_wconf 90' lang='lat' dir='ltr'><strong>Deo.</strong></span> <span class='ocrx_word' id='word_1_597' title='bbox 485 2070 494 2086; x_wconf 76' lang='grc' dir='ltr'><strong>ι</strong></span> <span class='ocrx_word' id='word_1_598' title='bbox 513 2060 609 2088; x_wconf 79' lang='lat' dir='ltr'><strong>Viden‘</strong></span> <span class='ocrx_word' id='word_1_599' title='bbox 620 2069 699 2096; x_wconf 84' lang='lat' dir='ltr'><strong>ergo,</strong></span> <span class='ocrx_word' id='word_1_600' title='bbox 721 2069 802 2096; x_wconf 86' lang='lat' dir='ltr'><strong>quam</strong></span> <span class='ocrx_word' id='word_1_601' title='bbox 823 2063 937 2097; x_wconf 86' lang='lat' dir='ltr'><strong>puerilia</strong></span> <span class='ocrx_word' id='word_1_602' title='bbox 949 2066 977 2090; x_wconf 90' lang='lat' dir='ltr'><strong>et</strong></span> 
     </span>
    </p>
   </div>
   <div class='ocr_carea' id='block_1_73' title="bbox 189 2105 976 2142">
    <p class='ocr_par' dir='ltr' id='par_1_73' title="bbox 189 2105 976 2142">
     <span class='ocr_line' id='line_1_73' title="bbox 189 2105 976 2142; baseline 0.004 -9"><span class='ocrx_word' id='word_1_603' title='bbox 189 2105 335 2134; x_wconf 90' lang='lat' dir='ltr'><strong>illiberalia</strong></span> <span class='ocrx_word' id='word_1_604' title='bbox 360 2107 416 2134; x_wconf 89' lang='lat' dir='ltr'><strong>sint</strong></span> <span class='ocrx_word' id='word_1_605' title='bbox 429 2111 519 2134; x_wconf 86' lang='lat' dir='ltr'><strong>vestra</strong></span> <span class='ocrx_word' id='word_1_606' title='bbox 533 2107 651 2142; x_wconf 87' lang='lat' dir='ltr'><strong>cogitata</strong></span> <span class='ocrx_word' id='word_1_607' title='bbox 664 2107 675 2134; x_wconf 67' lang='grc' dir='ltr'><strong>*ἒ</strong></span> <span class='ocrx_word' id='word_1_608' title='bbox 689 2107 871 2141; x_wconf 86' lang='lat' dir='ltr'><strong>Quamobrem</strong></span> <span class='ocrx_word' id='word_1_609' title='bbox 892 2109 976 2136; x_wconf 82' lang='lat' dir='ltr'><strong>vesti-</strong></span> 
     </span>
    </p>
   </div>
   <div class='ocr_carea' id='block_1_74' title="bbox 190 2152 976 2190">
    <p class='ocr_par' dir='ltr' id='par_1_74' title="bbox 190 2152 976 2190">
     <span class='ocr_line' id='line_1_74' title="bbox 190 2152 976 2190; baseline 0.004 -10"><span class='ocrx_word' id='word_1_610' title='bbox 190 2152 242 2187; x_wconf 74' lang='lat' dir='ltr'><strong>giis</strong></span> <span class='ocrx_word' id='word_1_611' title='bbox 262 2158 364 2180; x_wconf 76' lang='lat' dir='ltr'><strong>sancta:</strong></span> <span class='ocrx_word' id='word_1_612' title='bbox 389 2153 537 2189; x_wconf 62' lang='lat' dir='ltr'><strong>Scriptura;</strong></span> <span class='ocrx_word' id='word_1_613' title='bbox 556 2154 714 2182; x_wconf 83' lang='lat' dir='ltr'><strong>insistentes</strong></span> <span class='ocrx_word' id='word_1_614' title='bbox 725 2174 732 2186; x_wconf 84' lang='grc'><strong>,</strong></span> <span class='ocrx_word' id='word_1_615' title='bbox 748 2153 872 2182; x_wconf 86' lang='lat' dir='ltr'><strong>dicamus</strong></span> <span class='ocrx_word' id='word_1_616' title='bbox 887 2155 976 2190; x_wconf 89' lang='lat' dir='ltr'><strong>potius</strong></span> 
     </span>
    </p>
   </div>
   <div class='ocr_carea' id='block_1_75' title="bbox 189 2197 973 2234">
    <p class='ocr_par' dir='ltr' id='par_1_75' title="bbox 189 2197 973 2234">
     <span class='ocr_line' id='line_1_75' title="bbox 189 2197 973 2234; baseline 0.003 -9"><span class='ocrx_word' id='word_1_617' title='bbox 189 2197 295 2226; x_wconf 85' lang='lat' dir='ltr'><strong>Patrem</strong></span> <span class='ocrx_word' id='word_1_618' title='bbox 306 2218 314 2230; x_wconf 83' lang='lat'><strong>,</strong></span> <span class='ocrx_word' id='word_1_619' title='bbox 329 2203 356 2225; x_wconf 83' lang='lat' dir='ltr'><strong>et</strong></span> <span class='ocrx_word' id='word_1_620' title='bbox 371 2198 470 2226; x_wconf 92' lang='lat' dir='ltr'><strong>Filium</strong></span> <span class='ocrx_word' id='word_1_621' title='bbox 481 2218 488 2230; x_wconf 87' lang='lat'><strong>,</strong></span> <span class='ocrx_word' id='word_1_622' title='bbox 505 2203 533 2226; x_wconf 91' lang='lat' dir='ltr'><strong>et</strong></span> <span class='ocrx_word' id='word_1_623' title='bbox 554 2198 685 2234; x_wconf 87' lang='lat' dir='ltr'><strong>Spiritum</strong></span> <span class='ocrx_word' id='word_1_624' title='bbox 708 2203 834 2227; x_wconf 88' lang='lat' dir='ltr'><strong>sanctum</strong></span> <span class='ocrx_word' id='word_1_625' title='bbox 844 2220 852 2233; x_wconf 90' lang='lat'><strong>,</strong></span> <span class='ocrx_word' id='word_1_626' title='bbox 869 2199 953 2228; x_wconf 89' lang='lat' dir='ltr'><strong>Deum</strong></span> <span class='ocrx_word' id='word_1_627' title='bbox 966 2209 973 2227; x_wconf 92' lang='lat'>:</span> 
     </span>
    </p>
   </div>
   <div class='ocr_carea' id='block_1_76' title="bbox 1030 1594 1816 1632">
    <p class='ocr_par' dir='ltr' id='par_1_76' title="bbox 1030 1594 1816 1632">
     <span class='ocr_line' id='line_1_76' title="bbox 1030 1594 1816 1632; baseline 0.001 -10"><span class='ocrx_word' id='word_1_628' title='bbox 1030 1596 1044 1622; x_wconf 84' lang='grc' dir='ltr'>ὁ</span> <span class='ocrx_word' id='word_1_629' title='bbox 1058 1596 1134 1628; x_wconf 75' lang='grc' dir='ltr'>Θεὸς,</span> <span class='ocrx_word' id='word_1_630' title='bbox 1153 1597 1184 1623; x_wconf 82' lang='grc' dir='ltr'>ὲκ</span> <span class='ocrx_word' id='word_1_631' title='bbox 1195 1596 1241 1622; x_wconf 76' lang='grc' dir='ltr'><strong>τοῦ</strong></span> <span class='ocrx_word' id='word_1_632' title='bbox 1266 1597 1303 1632; x_wconf 85' lang='grc' dir='ltr'>μὴ</span> <span class='ocrx_word' id='word_1_633' title='bbox 1320 1594 1390 1623; x_wconf 78' lang='grc' dir='ltr'>εἶναι</span> <span class='ocrx_word' id='word_1_634' title='bbox 1406 1596 1486 1622; x_wconf 74' lang='grc' dir='ltr'>αὑτὸν</span> <span class='ocrx_word' id='word_1_635' title='bbox 1505 1597 1616 1631; x_wconf 80' lang='grc' dir='ltr'>γενητὸν</span> <span class='ocrx_word' id='word_1_636' title='bbox 1627 1616 1634 1628; x_wconf 90' lang='grc'><strong>,</strong></span> <span class='ocrx_word' id='word_1_637' title='bbox 1656 1596 1723 1632; x_wconf 78' lang='grc' dir='ltr'>μηδὲ</span> <span class='ocrx_word' id='word_1_638' title='bbox 1743 1597 1816 1632; x_wconf 77' lang='grc' dir='ltr'>ἔχειν</span> 
     </span>
    </p>
   </div>
   <div class='ocr_carea' id='block_1_77' title="bbox 1029 1642 1816 1681">
    <p class='ocr_par' dir='ltr' id='par_1_77' title="bbox 1029 1642 1816 1681">
     <span class='ocr_line' id='line_1_77' title="bbox 1029 1642 1816 1681; baseline 0.003 -13"><span class='ocrx_word' id='word_1_639' title='bbox 1029 1643 1228 1681; x_wconf 71' lang='grc' dir='ltr'>γενεσιουργὺν,</span> <span class='ocrx_word' id='word_1_640' title='bbox 1250 1642 1352 1676; x_wconf 77' lang='grc' dir='ltr'>λεγέτω</span> <span class='ocrx_word' id='word_1_641' title='bbox 1373 1642 1453 1668; x_wconf 75' lang='grc' dir='ltr'>αὑτὸν</span> <span class='ocrx_word' id='word_1_642' title='bbox 1476 1643 1522 1669; x_wconf 72' lang='grc' dir='ltr'>καὶ</span> <span class='ocrx_word' id='word_1_643' title='bbox 1539 1642 1628 1674; x_wconf 75' lang='grc' dir='ltr'>ἄθεον,</span> <span class='ocrx_word' id='word_1_644' title='bbox 1642 1643 1734 1678; x_wconf 79' lang='grc' dir='ltr'>ἐπειδὴ</span> <span class='ocrx_word' id='word_1_645' title='bbox 1749 1643 1816 1670; x_wconf 73' lang='grc' dir='ltr'>Θεὸν</span> 
     </span>
    </p>
   </div>
   <div class='ocr_carea' id='block_1_78' title="bbox 1029 1688 1816 1724">
    <p class='ocr_par' dir='ltr' id='par_1_78' title="bbox 1029 1688 1816 1724">
     <span class='ocr_line' id='line_1_78' title="bbox 1029 1688 1816 1724; baseline 0.003 -10"><span class='ocrx_word' id='word_1_646' title='bbox 1029 1689 1079 1715; x_wconf 88' lang='grc' dir='ltr'><strong>οὐκ</strong></span> <span class='ocrx_word' id='word_1_647' title='bbox 1090 1688 1157 1724; x_wconf 79' lang='grc' dir='ltr'>ἔχει.</span> <span class='ocrx_word' id='word_1_648' title='bbox 1171 1688 1239 1714; x_wconf 81' lang='grc' dir='ltr'>Ἀλλ’</span> <span class='ocrx_word' id='word_1_649' title='bbox 1254 1689 1278 1715; x_wconf 83' lang='grc' dir='ltr'>εἰ</span> <span class='ocrx_word' id='word_1_650' title='bbox 1290 1688 1327 1723; x_wconf 88' lang='grc'><strong>(9)</strong></span> <span class='ocrx_word' id='word_1_651' title='bbox 1341 1688 1370 1714; x_wconf 88' lang='grc' dir='ltr'><strong>οὑ</strong></span> <span class='ocrx_word' id='word_1_652' title='bbox 1387 1688 1426 1715; x_wconf 85' lang='grc' dir='ltr'><strong>δεῖ</strong></span> <span class='ocrx_word' id='word_1_653' title='bbox 1438 1688 1525 1722; x_wconf 81' lang='grc' dir='ltr'>λέγειν</span> <span class='ocrx_word' id='word_1_654' title='bbox 1540 1688 1628 1720; x_wconf 72' lang='grc' dir='ltr'>τοῦτο,</span> <span class='ocrx_word' id='word_1_655' title='bbox 1646 1689 1696 1715; x_wconf 87' lang='grc' dir='ltr'>κᾶν</span> <span class='ocrx_word' id='word_1_656' title='bbox 1714 1689 1816 1716; x_wconf 84' lang='grc' dir='ltr'>ὑποπί-</span> 
     </span>
    </p>
   </div>
   <div class='ocr_carea' id='block_1_79' title="bbox 1029 1734 1814 1770">
    <p class='ocr_par' dir='ltr' id='par_1_79' title="bbox 1029 1734 1814 1770">
     <span class='ocr_line' id='line_1_79' title="bbox 1029 1734 1814 1770; baseline 0.001 -9"><span class='ocrx_word' id='word_1_657' title='bbox 1029 1743 1082 1770; x_wconf 84' lang='grc' dir='ltr'>πτῃ</span> <span class='ocrx_word' id='word_1_658' title='bbox 1096 1736 1155 1766; x_wconf 88' lang='grc' dir='ltr'>ταῖς</span> <span class='ocrx_word' id='word_1_659' title='bbox 1175 1735 1288 1766; x_wconf 77' lang='grc' dir='ltr'>ἐννοίαις</span> <span class='ocrx_word' id='word_1_660' title='bbox 1305 1734 1382 1770; x_wconf 82' lang='grc' dir='ltr'>ἡμῶν</span> <span class='ocrx_word' id='word_1_661' title='bbox 1392 1743 1398 1750; x_wconf 86' lang='grc'><strong>·</strong></span> <span class='ocrx_word' id='word_1_662' title='bbox 1418 1735 1484 1770; x_wconf 81' lang='grc' dir='ltr'>μηδὲ</span> <span class='ocrx_word' id='word_1_663' title='bbox 1495 1735 1525 1761; x_wconf 77' lang='grc' dir='ltr'>τὸ</span> <span class='ocrx_word' id='word_1_664' title='bbox 1537 1735 1666 1770; x_wconf 83' lang='grc' dir='ltr'>ἀγένητον</span> <span class='ocrx_word' id='word_1_665' title='bbox 1682 1735 1814 1769; x_wconf 78' lang='grc' dir='ltr'>λεγέσθω,</span> 
     </span>
    </p>
   </div>
   <div class='ocr_carea' id='block_1_80' title="bbox 1029 1779 1816 1816">
    <p class='ocr_par' dir='ltr' id='par_1_80' title="bbox 1029 1779 1816 1816">
     <span class='ocr_line' id='line_1_80' title="bbox 1029 1779 1816 1816; baseline 0 -8"><span class='ocrx_word' id='word_1_666' title='bbox 1029 1781 1081 1808; x_wconf 77' lang='grc' dir='ltr'>κᾶν</span> <span class='ocrx_word' id='word_1_667' title='bbox 1090 1781 1229 1816; x_wconf 78' lang='grc' dir='ltr'>ὑποπίπτῃ</span> <span class='ocrx_word' id='word_1_668' title='bbox 1242 1782 1300 1812; x_wconf 77' lang='grc' dir='ltr'>ταῖς</span> <span class='ocrx_word' id='word_1_669' title='bbox 1308 1781 1421 1812; x_wconf 75' lang='grc' dir='ltr'>ἐννοίαις</span> <span class='ocrx_word' id='word_1_670' title='bbox 1431 1781 1518 1816; x_wconf 83' lang='grc' dir='ltr'>ἡμῶν.</span> <span class='ocrx_word' id='word_1_671' title='bbox 1528 1781 1626 1815; x_wconf 80' lang='grc' dir='ltr'>Ἀνόμ.</span> <span class='ocrx_word' id='word_1_672' title='bbox 1636 1781 1758 1815; x_wconf 86' lang='grc' dir='ltr'>Ἐγένετο</span> <span class='ocrx_word' id='word_1_673' title='bbox 1767 1779 1816 1808; x_wconf 82' lang='grc' dir='ltr'>οὗν</span> 
     </span>
    </p>
   </div>
   <div class='ocr_carea' id='block_1_81' title="bbox 1028 1825 1816 1863">
    <p class='ocr_par' dir='ltr' id='par_1_81' title="bbox 1028 1825 1816 1863">
     <span class='ocr_line' id='line_1_81' title="bbox 1028 1825 1816 1863; baseline 0.001 -10"><span class='ocrx_word' id='word_1_674' title='bbox 1028 1828 1043 1854; x_wconf 80' lang='grc' dir='ltr'>ὁ</span> <span class='ocrx_word' id='word_1_675' title='bbox 1058 1827 1140 1859; x_wconf 83' lang='grc' dir='ltr'><strong>Θεός;</strong></span> <span class='ocrx_word' id='word_1_676' title='bbox 1160 1827 1236 1861; x_wconf 86' lang='grc' dir='ltr'>Ὀρθ.</span> <span class='ocrx_word' id='word_1_677' title='bbox 1259 1827 1316 1854; x_wconf 79' lang='grc' dir='ltr'><strong>Οὐκ</strong></span> <span class='ocrx_word' id='word_1_678' title='bbox 1341 1827 1456 1861; x_wconf 81' lang='grc' dir='ltr'>ἐγένετο.</span> <span class='ocrx_word' id='word_1_679' title='bbox 1483 1827 1577 1861; x_wconf 77' lang='grc' dir='ltr'>Ἆνόμ.</span> <span class='ocrx_word' id='word_1_680' title='bbox 1605 1828 1747 1863; x_wconf 83' lang='grc' dir='ltr'>’Δγένητος</span> <span class='ocrx_word' id='word_1_681' title='bbox 1767 1825 1816 1854; x_wconf 81' lang='grc' dir='ltr'>οὖν</span> 
     </span>
    </p>
   </div>
   <div class='ocr_carea' id='block_1_82' title="bbox 1029 1873 1814 1909">
    <p class='ocr_par' dir='ltr' id='par_1_82' title="bbox 1029 1873 1814 1909">
     <span class='ocr_line' id='line_1_82' title="bbox 1029 1873 1814 1909; baseline -0.001 -9"><span class='ocrx_word' id='word_1_682' title='bbox 1029 1874 1119 1907; x_wconf 75' lang='grc' dir='ltr'>ὲστινς</span> <span class='ocrx_word' id='word_1_683' title='bbox 1138 1874 1215 1908; x_wconf 83' lang='grc' dir='ltr'>Ὀρθ.</span> <span class='ocrx_word' id='word_1_684' title='bbox 1233 1873 1309 1908; x_wconf 83' lang='grc' dir='ltr'>Ἔχει</span> <span class='ocrx_word' id='word_1_685' title='bbox 1330 1873 1395 1900; x_wconf 80' lang='grc' dir='ltr'>Θεὸν</span> <span class='ocrx_word' id='word_1_686' title='bbox 1409 1874 1423 1899; x_wconf 82' lang='grc' dir='ltr'><strong>ό</strong></span> <span class='ocrx_word' id='word_1_687' title='bbox 1440 1873 1521 1905; x_wconf 81' lang='grc' dir='ltr'>Θεός;</span> <span class='ocrx_word' id='word_1_688' title='bbox 1546 1874 1646 1908; x_wconf 81' lang='grc' dir='ltr'>Ἀνόμ.</span> <span class='ocrx_word' id='word_1_689' title='bbox 1666 1873 1694 1900; x_wconf 89' lang='grc' dir='ltr'>Ὀ</span> <span class='ocrx_word' id='word_1_690' title='bbox 1712 1873 1814 1909; x_wconf 83' lang='grc' dir='ltr'>ἀγένη-</span> 
     </span>
    </p>
   </div>
   <div class='ocr_carea' id='block_1_83' title="bbox 1028 1917 1814 1955">
    <p class='ocr_par' dir='ltr' id='par_1_83' title="bbox 1028 1917 1814 1955">
     <span class='ocr_line' id='line_1_83' title="bbox 1028 1917 1814 1955; baseline -0.001 -9"><span class='ocrx_word' id='word_1_691' title='bbox 1028 1928 1074 1952; x_wconf 87' lang='grc' dir='ltr'><strong>τος</strong></span> <span class='ocrx_word' id='word_1_692' title='bbox 1087 1918 1127 1946; x_wconf 76' lang='grc' dir='ltr'><strong>οὗ.</strong></span> <span class='ocrx_word' id='word_1_693' title='bbox 1152 1920 1229 1953; x_wconf 87' lang='grc' dir='ltr'>Ὀρθ.</span> <span class='ocrx_word' id='word_1_694' title='bbox 1248 1918 1343 1951; x_wconf 77' lang='grc' dir='ltr'>’Δθεος</span> <span class='ocrx_word' id='word_1_695' title='bbox 1359 1917 1405 1945; x_wconf 78' lang='grc' dir='ltr'>οὖν</span> <span class='ocrx_word' id='word_1_696' title='bbox 1423 1919 1491 1946; x_wconf 76' lang='grc' dir='ltr'>ἐστι.</span> <span class='ocrx_word' id='word_1_697' title='bbox 1506 1919 1561 1945; x_wconf 72' lang='grc' dir='ltr'><strong>Καὶ</strong></span> <span class='ocrx_word' id='word_1_698' title='bbox 1579 1920 1645 1954; x_wconf 72' lang='grc' dir='ltr'>ἐρᾷς</span> <span class='ocrx_word' id='word_1_699' title='bbox 1663 1919 1718 1955; x_wconf 82' lang='lat' dir='ltr'><strong>(l0)</strong></span> <span class='ocrx_word' id='word_1_700' title='bbox 1730 1939 1737 1951; x_wconf 83' lang='grc'><strong>,</strong></span> <span class='ocrx_word' id='word_1_701' title='bbox 1755 1919 1814 1951; x_wconf 85' lang='grc' dir='ltr'><strong>πῶς</strong></span> 
     </span>
    </p>
   </div>
   <div class='ocr_carea' id='block_1_84' title="bbox 1030 1966 1816 2004">
    <p class='ocr_par' dir='ltr' id='par_1_84' title="bbox 1030 1966 1816 2004">
     <span class='ocr_line' id='line_1_84' title="bbox 1030 1966 1816 2004; baseline -0.001 -10"><span class='ocrx_word' id='word_1_702' title='bbox 1030 1967 1197 2004; x_wconf 81' lang='grc' dir='ltr'>μειρακιώδη</span> <span class='ocrx_word' id='word_1_703' title='bbox 1217 1967 1262 1994; x_wconf 74' lang='grc' dir='ltr'>καὶ</span> <span class='ocrx_word' id='word_1_704' title='bbox 1278 1966 1466 2001; x_wconf 73' lang='grc' dir='ltr'>ἀνδραποδώδη</span> <span class='ocrx_word' id='word_1_705' title='bbox 1483 1967 1551 1994; x_wconf 78' lang='grc' dir='ltr'>είσὶν</span> <span class='ocrx_word' id='word_1_706' title='bbox 1571 1967 1647 2002; x_wconf 83' lang='grc' dir='ltr'>ὑμῶν</span> <span class='ocrx_word' id='word_1_707' title='bbox 1660 1966 1694 1993; x_wconf 76' lang='grc' dir='ltr'>τὰ</span> <span class='ocrx_word' id='word_1_708' title='bbox 1707 1966 1816 2002; x_wconf 80' lang='grc' dir='ltr'>διανοή-</span> 
     </span>
    </p>
   </div>
   <div class='ocr_carea' id='block_1_85' title="bbox 1030 2013 1813 2050">
    <p class='ocr_par' dir='ltr' id='par_1_85' title="bbox 1030 2013 1813 2050">
     <span class='ocr_line' id='line_1_85' title="bbox 1030 2013 1813 2050; baseline 0 -10"><span class='ocrx_word' id='word_1_709' title='bbox 1030 2022 1118 2049; x_wconf 83' lang='grc' dir='ltr'>ματα;</span> <span class='ocrx_word' id='word_1_710' title='bbox 1143 2014 1188 2040; x_wconf 78' lang='grc' dir='ltr'><strong>Διὸ</strong></span> <span class='ocrx_word' id='word_1_711' title='bbox 1214 2014 1313 2049; x_wconf 85' lang='grc' dir='ltr'>μᾶλλον</span> <span class='ocrx_word' id='word_1_712' title='bbox 1334 2013 1542 2046; x_wconf 74' lang='grc' dir='ltr'>ἀκολουθοῦντες</span> <span class='ocrx_word' id='word_1_713' title='bbox 1564 2014 1597 2048; x_wconf 82' lang='grc' dir='ltr'>τῆ</span> <span class='ocrx_word' id='word_1_714' title='bbox 1618 2013 1678 2049; x_wconf 84' lang='grc' dir='ltr'>Θείᾳ</span> <span class='ocrx_word' id='word_1_715' title='bbox 1699 2014 1813 2050; x_wconf 73' lang='grc' dir='ltr'>Γραφῇ,</span> 
     </span>
    </p>
   </div>
   <div class='ocr_carea' id='block_1_86' title="bbox 1028 2060 1811 2096">
    <p class='ocr_par' dir='ltr' id='par_1_86' title="bbox 1028 2060 1811 2096">
     <span class='ocr_line' id='line_1_86' title="bbox 1028 2060 1811 2096; baseline 0.001 -10"><span class='ocrx_word' id='word_1_716' title='bbox 1028 2060 1149 2096; x_wconf 78' lang='grc' dir='ltr'>εἴπωμεν</span> <span class='ocrx_word' id='word_1_717' title='bbox 1165 2061 1285 2096; x_wconf 83' lang='grc' dir='ltr'>Πατέρα,</span> <span class='ocrx_word' id='word_1_718' title='bbox 1294 2061 1341 2087; x_wconf 79' lang='grc' dir='ltr'>καὶ</span> <span class='ocrx_word' id='word_1_719' title='bbox 1356 2061 1429 2090; x_wconf 82' lang='grc' dir='ltr'>Υἱὺν,</span> <span class='ocrx_word' id='word_1_720' title='bbox 1443 2061 1490 2087; x_wconf 75' lang='grc' dir='ltr'><strong>καὶ</strong></span> <span class='ocrx_word' id='word_1_721' title='bbox 1503 2061 1580 2095; x_wconf 76' lang='grc' dir='ltr'>ἅγιον</span> <span class='ocrx_word' id='word_1_722' title='bbox 1597 2060 1717 2096; x_wconf 73' lang='grc' dir='ltr'>Πνεῦμα,</span> <span class='ocrx_word' id='word_1_723' title='bbox 1729 2061 1811 2087; x_wconf 67' lang='grc' dir='ltr'><strong>Θειςν⁸</strong></span> 
     </span>
    </p>
   </div>
   <div class='ocr_carea' id='block_1_87' title="bbox 1028 2106 1814 2143">
    <p class='ocr_par' dir='ltr' id='par_1_87' title="bbox 1028 2106 1814 2143">
     <span class='ocr_line' id='line_1_87' title="bbox 1028 2106 1814 2143; baseline 0.001 -11"><span class='ocrx_word' id='word_1_724' title='bbox 1028 2106 1075 2132; x_wconf 78' lang='grc' dir='ltr'>καὶ</span> <span class='ocrx_word' id='word_1_725' title='bbox 1088 2106 1118 2133; x_wconf 85' lang='grc' dir='ltr'><strong>οὑ</strong></span> <span class='ocrx_word' id='word_1_726' title='bbox 1130 2106 1284 2142; x_wconf 76' lang='grc' dir='ltr'>φοϐούμεθα</span> <span class='ocrx_word' id='word_1_727' title='bbox 1301 2107 1364 2142; x_wconf 83' lang='grc' dir='ltr'>περὶ</span> <span class='ocrx_word' id='word_1_728' title='bbox 1377 2107 1425 2142; x_wconf 86' lang='grc' dir='ltr'>τὴν</span> <span class='ocrx_word' id='word_1_729' title='bbox 1434 2107 1525 2133; x_wconf 75' lang='grc' dir='ltr'>πίστιν</span> <span class='ocrx_word' id='word_1_730' title='bbox 1536 2107 1698 2142; x_wconf 80' lang='grc' dir='ltr'>ναυαγῆσαι.</span> <span class='ocrx_word' id='word_1_731' title='bbox 1708 2107 1745 2133; x_wconf 83' lang='grc' dir='ltr'><strong>Τὸ</strong></span> <span class='ocrx_word' id='word_1_732' title='bbox 1758 2107 1814 2143; x_wconf 83' lang='grc' dir='ltr'>γὰρ</span> 
     </span>
    </p>
   </div>
   <div class='ocr_carea' id='block_1_88' title="bbox 1027 2151 1812 2188">
    <p class='ocr_par' dir='ltr' id='par_1_88' title="bbox 1027 2151 1812 2188">
     <span class='ocr_line' id='line_1_88' title="bbox 1027 2151 1812 2188; baseline 0.001 -10"><span class='ocrx_word' id='word_1_733' title='bbox 1027 2151 1158 2187; x_wconf 83' lang='grc' dir='ltr'>ἀγένητον</span> <span class='ocrx_word' id='word_1_734' title='bbox 1173 2151 1280 2188; x_wconf 78' lang='grc' dir='ltr'>εὖρεσίς</span> <span class='ocrx_word' id='word_1_735' title='bbox 1299 2153 1373 2179; x_wconf 75' lang='grc' dir='ltr'>ἐστιν</span> <span class='ocrx_word' id='word_1_736' title='bbox 1391 2152 1471 2179; x_wconf 86' lang='grc' dir='ltr'>ἀετοῦ</span> <span class='ocrx_word' id='word_1_737' title='bbox 1489 2153 1647 2188; x_wconf 78' lang='grc' dir='ltr'>πετομένου,</span> <span class='ocrx_word' id='word_1_738' title='bbox 1669 2152 1812 2188; x_wconf 80' lang='grc' dir='ltr'>ζητοῦντος</span> 
     </span>
    </p>
   </div>
   <div class='ocr_carea' id='block_1_89' title="bbox 1029 2195 1812 2234">
    <p class='ocr_par' dir='ltr' id='par_1_89' title="bbox 1029 2195 1812 2234">
     <span class='ocr_line' id='line_1_89' title="bbox 1029 2195 1812 2234; baseline 0 -9"><span class='ocrx_word' id='word_1_739' title='bbox 1029 2198 1110 2234; x_wconf 82' lang='grc' dir='ltr'>βορὰν</span> <span class='ocrx_word' id='word_1_740' title='bbox 1129 2198 1194 2234; x_wconf 80' lang='grc' dir='ltr'>(Η),</span> <span class='ocrx_word' id='word_1_741' title='bbox 1210 2195 1240 2225; x_wconf 78' lang='grc' dir='ltr'>οὗ</span> <span class='ocrx_word' id='word_1_742' title='bbox 1263 2199 1334 2234; x_wconf 79' lang='grc' dir='ltr'>ἴχνος</span> <span class='ocrx_word' id='word_1_743' title='bbox 1358 2199 1552 2234; x_wconf 75' lang='grc' dir='ltr'>ἐρηρεισμένον</span> <span class='ocrx_word' id='word_1_744' title='bbox 1571 2199 1620 2234; x_wconf 85' lang='grc' dir='ltr'><strong>οὐχ</strong></span> <span class='ocrx_word' id='word_1_745' title='bbox 1641 2199 1812 2234; x_wconf 77' lang='grc' dir='ltr'>εὑρίσκεται·</span> 
     </span>
    </p>
   </div>
   <div class='ocr_carea' id='block_1_90' title="bbox 189 2242 979 2282">
    <p class='ocr_par' dir='ltr' id='par_1_90' title="bbox 189 2244 974 2280">
     <span class='ocr_line' id='line_1_90' title="bbox 189 2244 974 2280; baseline 0.001 -9"><span class='ocrx_word' id='word_1_746' title='bbox 189 2251 278 2279; x_wconf 91' lang='lat' dir='ltr'><strong>neque</strong></span> <span class='ocrx_word' id='word_1_747' title='bbox 289 2244 462 2277; x_wconf 83' lang='lat' dir='ltr'><strong>timebimus.</strong></span> <span class='ocrx_word' id='word_1_748' title='bbox 477 2252 510 2272; x_wconf 86' lang='lat' dir='ltr'><strong>ne</strong></span> <span class='ocrx_word' id='word_1_749' title='bbox 523 2244 597 2271; x_wconf 90' lang='lat' dir='ltr'><strong>circa</strong></span> <span class='ocrx_word' id='word_1_750' title='bbox 608 2244 686 2272; x_wconf 82' lang='lat' dir='ltr'><strong>ﬁdem</strong></span> <span class='ocrx_word' id='word_1_751' title='bbox 703 2245 876 2280; x_wconf 76' lang='lat' dir='ltr'><strong>naufragium</strong></span> <span class='ocrx_word' id='word_1_752' title='bbox 891 2245 974 2272; x_wconf 82' lang='lat' dir='ltr'><strong>l&#39;acia-</strong></span> 
     </span>
    </p>
   </div>
   <div class='ocr_carea' id='block_1_91' title="bbox 1032 2242 1810 2282">
    <p class='ocr_par' dir='ltr' id='par_1_91' title="bbox 1032 2242 1810 2282">
     <span class='ocr_line' id='line_1_91' title="bbox 1032 2242 1810 2282; baseline 0.001 -11"><span class='ocrx_word' id='word_1_753' title='bbox 1032 2245 1063 2271; x_wconf 72' lang='lat' dir='ltr'><strong>)t&#39;r</strong></span> <span class='ocrx_word' id='word_1_754' title='bbox 1073 2245 1127 2281; x_wconf 80' lang='grc' dir='ltr'><strong>γὰρ</strong></span> <span class='ocrx_word' id='word_1_755' title='bbox 1151 2245 1206 2280; x_wconf 76' lang='grc' dir='ltr'>ἔχει</span> <span class='ocrx_word' id='word_1_756' title='bbox 1231 2246 1260 2271; x_wconf 81' lang='grc' dir='ltr'>ὲν</span> <span class='ocrx_word' id='word_1_757' title='bbox 1286 2247 1318 2280; x_wconf 88' lang='grc' dir='ltr'>τῇ</span> <span class='ocrx_word' id='word_1_758' title='bbox 1337 2245 1442 2281; x_wconf 63' lang='grc' dir='ltr'>Γραφῇ,</span> <span class='ocrx_word' id='word_1_759' title='bbox 1465 2242 1494 2272; x_wconf 76' lang='grc' dir='ltr'>οὗ</span> <span class='ocrx_word' id='word_1_760' title='bbox 1519 2246 1612 2282; x_wconf 75' lang='grc' dir='ltr'>στήσει</span> <span class='ocrx_word' id='word_1_761' title='bbox 1633 2246 1696 2277; x_wconf 71' lang='grc' dir='ltr'>τοὺς</span> <span class='ocrx_word' id='word_1_762' title='bbox 1718 2244 1810 2277; x_wconf 67' lang='grc' dir='ltr'>πόδας.</span> 
     </span>
    </p>
   </div>
   <div class='ocr_carea' id='block_1_92' title="bbox 188 2289 976 2326">
    <p class='ocr_par' dir='ltr' id='par_1_92' title="bbox 188 2289 976 2326">
     <span class='ocr_line' id='line_1_92' title="bbox 188 2289 976 2326; baseline 0.001 -9"><span class='ocrx_word' id='word_1_763' title='bbox 188 2298 260 2317; x_wconf 89' lang='lat' dir='ltr'><strong>mus.</strong></span> <span class='ocrx_word' id='word_1_764' title='bbox 277 2289 344 2317; x_wconf 86' lang='lat' dir='ltr'><strong>Nam</strong></span> <span class='ocrx_word' id='word_1_765' title='bbox 360 2290 426 2317; x_wconf 94' lang='lat' dir='ltr'><strong>illud</strong></span> <span class='ocrx_word' id='word_1_766' title='bbox 449 2297 503 2316; x_wconf 90' lang='lat' dir='ltr'><strong>non</strong></span> <span class='ocrx_word' id='word_1_767' title='bbox 520 2289 638 2322; x_wconf 82' lang='lat' dir='ltr'><strong>factum,</strong></span> <span class='ocrx_word' id='word_1_768' title='bbox 653 2294 696 2318; x_wconf 88' lang='lat' dir='ltr'><strong>est</strong></span> <span class='ocrx_word' id='word_1_769' title='bbox 715 2291 852 2318; x_wconf 87' lang='lat' dir='ltr'><strong>inventum</strong></span> <span class='ocrx_word' id='word_1_770' title='bbox 878 2291 976 2326; x_wconf 68' lang='lat' dir='ltr'><strong>aquila:</strong></span> 
     </span>
    </p>
   </div>
   <div class='ocr_carea' id='block_1_93' title="bbox 187 2336 974 2372">
    <p class='ocr_par' dir='ltr' id='par_1_93' title="bbox 187 2336 974 2372">
     <span class='ocr_line' id='line_1_93' title="bbox 187 2336 974 2372; baseline 0.001 -9"><span class='ocrx_word' id='word_1_771' title='bbox 187 2337 307 2364; x_wconf 81' lang='lat' dir='ltr'><strong>volantis</strong></span> <span class='ocrx_word' id='word_1_772' title='bbox 316 2358 323 2370; x_wconf 91' lang='lat'><strong>,</strong></span> <span class='ocrx_word' id='word_1_773' title='bbox 335 2337 483 2372; x_wconf 65' lang='lat' dir='ltr'><strong>quaerentis</strong></span> <span class='ocrx_word' id='word_1_774' title='bbox 496 2344 587 2364; x_wconf 88' lang='lat' dir='ltr'><strong>escam</strong></span> <span class='ocrx_word' id='word_1_775' title='bbox 598 2357 605 2368; x_wconf 82' lang='grc'><strong>,</strong></span> <span class='ocrx_word' id='word_1_776' title='bbox 617 2336 697 2371; x_wconf 83' lang='lat' dir='ltr'><strong>cujus</strong></span> <span class='ocrx_word' id='word_1_777' title='bbox 712 2336 818 2363; x_wconf 85' lang='lat' dir='ltr'><strong>ﬁrmum</strong></span> <span class='ocrx_word' id='word_1_778' title='bbox 830 2337 974 2372; x_wconf 78' lang='lat' dir='ltr'><strong>vestigium</strong></span> 
     </span>
    </p>
   </div>
   <div class='ocr_carea' id='block_1_94' title="bbox 187 2381 975 2416">
    <p class='ocr_par' dir='ltr' id='par_1_94' title="bbox 187 2381 975 2416">
     <span class='ocr_line' id='line_1_94' title="bbox 187 2381 975 2416; baseline 0.001 -8"><span class='ocrx_word' id='word_1_779' title='bbox 187 2381 302 2409; x_wconf 72' lang='lat' dir='ltr'><strong>inveniri</strong></span> <span class='ocrx_word' id='word_1_780' title='bbox 319 2382 414 2416; x_wconf 88' lang='lat' dir='ltr'><strong>nequit</strong></span> <span class='ocrx_word' id='word_1_781' title='bbox 428 2391 435 2409; x_wconf 85' lang='lat'><strong>:</strong></span> <span class='ocrx_word' id='word_1_782' title='bbox 460 2388 511 2409; x_wconf 87' lang='lat' dir='ltr'><strong>nec</strong></span> <span class='ocrx_word' id='word_1_783' title='bbox 527 2382 599 2408; x_wconf 88' lang='lat' dir='ltr'><strong>enim</strong></span> <span class='ocrx_word' id='word_1_784' title='bbox 614 2382 695 2408; x_wconf 85' lang='lat' dir='ltr'><strong>habet</strong></span> <span class='ocrx_word' id='word_1_785' title='bbox 710 2381 738 2408; x_wconf 92' lang='lat' dir='ltr'><strong>in</strong></span> <span class='ocrx_word' id='word_1_786' title='bbox 754 2381 912 2416; x_wconf 85' lang='lat' dir='ltr'><strong>Scriptura.</strong></span> <span class='ocrx_word' id='word_1_787' title='bbox 928 2382 975 2409; x_wconf 89' lang='lat' dir='ltr'><strong>ubi</strong></span> 
     </span>
    </p>
   </div>
   <div class='ocr_carea' id='block_1_95' title="bbox 187 2426 973 2462">
    <p class='ocr_par' dir='ltr' id='par_1_95' title="bbox 187 2426 973 2462">
     <span class='ocr_line' id='line_1_95' title="bbox 187 2426 973 2462; baseline 0 -8"><span class='ocrx_word' id='word_1_788' title='bbox 187 2426 269 2462; x_wconf 84' lang='lat' dir='ltr'><strong>pedes</strong></span> <span class='ocrx_word' id='word_1_789' title='bbox 283 2432 374 2462; x_wconf 86' lang='lat' dir='ltr'><strong>ponat.</strong></span> <span class='ocrx_word' id='word_1_790' title='bbox 390 2427 483 2455; x_wconf 86' lang='lat' dir='ltr'><strong>Anam.</strong></span> <span class='ocrx_word' id='word_1_791' title='bbox 497 2428 641 2462; x_wconf 84' lang='lat' dir='ltr'><strong>Acceptam</strong></span> <span class='ocrx_word' id='word_1_792' title='bbox 655 2427 797 2462; x_wconf 91' lang='lat' dir='ltr'><strong>epistolam</strong></span> <span class='ocrx_word' id='word_1_793' title='bbox 810 2427 880 2454; x_wconf 83' lang='lat' dir='ltr'><strong>Aetii</strong></span> <span class='ocrx_word' id='word_1_794' title='bbox 896 2427 955 2462; x_wconf 72' lang='lat' dir='ltr'><strong>lege</strong></span> <span class='ocrx_word' id='word_1_795' title='bbox 965 2447 973 2459; x_wconf 89' lang='lat'><strong>,</strong></span> 
     </span>
    </p>
   </div>
   <div class='ocr_carea' id='block_1_96' title="bbox 1035 2291 1812 2328">
    <p class='ocr_par' dir='ltr' id='par_1_96' title="bbox 1035 2291 1812 2328">
     <span class='ocr_line' id='line_1_96' title="bbox 1035 2291 1812 2328; baseline 0.001 -11"><span class='ocrx_word' id='word_1_796' title='bbox 1035 2291 1133 2326; x_wconf 81' lang='grc' dir='ltr'><strong>Ἀνόμ.</strong></span> <span class='ocrx_word' id='word_1_797' title='bbox 1149 2292 1232 2323; x_wconf 71' lang='grc' dir='ltr'>Λάϐε,</span> <span class='ocrx_word' id='word_1_798' title='bbox 1252 2291 1388 2325; x_wconf 83' lang='grc' dir='ltr'>ἀνάγνωθι</span> <span class='ocrx_word' id='word_1_799' title='bbox 1404 2292 1453 2327; x_wconf 84' lang='grc' dir='ltr'>τὴν</span> <span class='ocrx_word' id='word_1_800' title='bbox 1472 2292 1615 2328; x_wconf 78' lang='grc' dir='ltr'>ἐπιστολὴν</span> <span class='ocrx_word' id='word_1_801' title='bbox 1640 2292 1754 2324; x_wconf 83' lang='grc' dir='ltr'>Ἀετίου,</span> <span class='ocrx_word' id='word_1_802' title='bbox 1766 2292 1812 2318; x_wconf 77' lang='grc' dir='ltr'>καὶ</span> 
     </span>
    </p>
   </div>
   <div class='ocr_carea' id='block_1_97' title="bbox 1027 2336 1812 2373">
    <p class='ocr_par' dir='ltr' id='par_1_97' title="bbox 1027 2336 1812 2373">
     <span class='ocr_line' id='line_1_97' title="bbox 1027 2336 1812 2373; baseline -0.001 -10"><span class='ocrx_word' id='word_1_803' title='bbox 1027 2336 1088 2363; x_wconf 78' lang='grc' dir='ltr'>εἰπὲ</span> <span class='ocrx_word' id='word_1_804' title='bbox 1100 2337 1167 2372; x_wconf 74' lang='grc' dir='ltr'>πρὸς</span> <span class='ocrx_word' id='word_1_805' title='bbox 1180 2338 1273 2373; x_wconf 73' lang='grc' dir='ltr'>αὐτήν.</span> <span class='ocrx_word' id='word_1_806' title='bbox 1296 2337 1372 2372; x_wconf 83' lang='grc' dir='ltr'><strong>Ὀρο.</strong></span> <span class='ocrx_word' id='word_1_807' title='bbox 1387 2337 1473 2370; x_wconf 78' lang='grc' dir='ltr'>Λὺτδς</span> <span class='ocrx_word' id='word_1_808' title='bbox 1484 2337 1630 2372; x_wconf 83' lang='grc' dir='ltr'>ἀνάγνωθι.</span> <span class='ocrx_word' id='word_1_809' title='bbox 1640 2338 1738 2372; x_wconf 82' lang='grc' dir='ltr'><strong>Ἀνόμ.</strong></span> <span class='ocrx_word' id='word_1_810' title='bbox 1752 2337 1812 2363; x_wconf 79' lang='grc' dir='ltr'>Εἰσὶ</span> 
     </span>
    </p>
   </div>
   <div class='ocr_carea' id='block_1_98' title="bbox 1029 2381 1812 2418">
    <p class='ocr_par' dir='ltr' id='par_1_98' title="bbox 1029 2381 1812 2418">
     <span class='ocr_line' id='line_1_98' title="bbox 1029 2381 1812 2418; baseline 0.001 -10"><span class='ocrx_word' id='word_1_811' title='bbox 1029 2382 1087 2417; x_wconf 82' lang='grc' dir='ltr'>μετ’</span> <span class='ocrx_word' id='word_1_812' title='bbox 1110 2382 1196 2417; x_wconf 73' lang='grc' dir='ltr'>αὐτῆς</span> <span class='ocrx_word' id='word_1_813' title='bbox 1216 2383 1263 2409; x_wconf 80' lang='grc' dir='ltr'>καὶ</span> <span class='ocrx_word' id='word_1_814' title='bbox 1287 2382 1379 2418; x_wconf 83' lang='grc' dir='ltr'>σχόλια</span> <span class='ocrx_word' id='word_1_815' title='bbox 1401 2382 1543 2418; x_wconf 84' lang='grc' dir='ltr'>Εὑνομίου.</span> <span class='ocrx_word' id='word_1_816' title='bbox 1570 2383 1646 2416; x_wconf 86' lang='grc' dir='ltr'>Ὀρθ.</span> <span class='ocrx_word' id='word_1_817' title='bbox 1669 2382 1724 2409; x_wconf 79' lang='grc' dir='ltr'><strong>Καὶ</strong></span> <span class='ocrx_word' id='word_1_818' title='bbox 1742 2381 1812 2408; x_wconf 75' lang='grc' dir='ltr'><strong>αὑτά</strong></span> 
     </span>
    </p>
   </div>
   <div class='ocr_carea' id='block_1_99' title="bbox 1027 2427 1175 2462">
    <p class='ocr_par' dir='ltr' id='par_1_99' title="bbox 1027 2427 1175 2462">
     <span class='ocr_line' id='line_1_99' title="bbox 1027 2427 1175 2462; baseline 0.007 -8"><span class='ocrx_word' id='word_1_819' title='bbox 1027 2427 1175 2462; x_wconf 77' lang='grc' dir='ltr'>ἀνάγνωθι.</span> 
     </span>
    </p>
   </div>
   <div class='ocr_carea' id='block_1_100' title="bbox 186 2474 1811 2513">
    <p class='ocr_par' dir='ltr' id='par_1_100' title="bbox 186 2474 1811 2513">
     <span class='ocr_line' id='line_1_100' title="bbox 186 2474 1811 2513; baseline 0.002 -12"><span class='ocrx_word' id='word_1_820' title='bbox 186 2479 213 2502; x_wconf 87' lang='lat' dir='ltr'><strong>et</strong></span> <span class='ocrx_word' id='word_1_821' title='bbox 225 2474 335 2510; x_wconf 85' lang='lat' dir='ltr'><strong>loquere</strong></span> <span class='ocrx_word' id='word_1_822' title='bbox 347 2474 478 2502; x_wconf 80' lang='lat' dir='ltr'><strong>adversus</strong></span> <span class='ocrx_word' id='word_1_823' title='bbox 489 2475 573 2502; x_wconf 87' lang='lat' dir='ltr'><strong>illam.</strong></span> <span class='ocrx_word' id='word_1_824' title='bbox 583 2474 658 2502; x_wconf 81' lang='lat' dir='ltr'><strong>Orth.</strong></span> <span class='ocrx_word' id='word_1_825' title='bbox 671 2474 712 2502; x_wconf 89' lang='lat' dir='ltr'><strong>Tu</strong></span> <span class='ocrx_word' id='word_1_826' title='bbox 726 2475 783 2509; x_wconf 86' lang='lat' dir='ltr'><strong>ipse</strong></span> <span class='ocrx_word' id='word_1_827' title='bbox 795 2474 863 2510; x_wconf 81' lang='lat' dir='ltr'><strong>lege.</strong></span> <span class='ocrx_word' id='word_1_828' title='bbox 874 2475 971 2502; x_wconf 82' lang='lat' dir='ltr'><strong>Anam.</strong></span> <span class='ocrx_word' id='word_1_829' title='bbox 1006 2474 1077 2503; x_wconf 87' lang='lat' dir='ltr'><strong>Sunt</strong></span> <span class='ocrx_word' id='word_1_830' title='bbox 1099 2484 1153 2504; x_wconf 91' lang='lat' dir='ltr'><strong>una</strong></span> <span class='ocrx_word' id='word_1_831' title='bbox 1173 2484 1236 2504; x_wconf 88' lang='lat' dir='ltr'><strong>cum</strong></span> <span class='ocrx_word' id='word_1_832' title='bbox 1258 2483 1291 2505; x_wconf 82' lang='lat' dir='ltr'><strong>ea</strong></span> <span class='ocrx_word' id='word_1_833' title='bbox 1312 2475 1440 2505; x_wconf 85' lang='lat' dir='ltr'><strong>Eunomii</strong></span> <span class='ocrx_word' id='word_1_834' title='bbox 1461 2485 1570 2513; x_wconf 89' lang='lat' dir='ltr'><strong>quoque</strong></span> <span class='ocrx_word' id='word_1_835' title='bbox 1602 2476 1716 2505; x_wconf 87' lang='lat' dir='ltr'><strong>scholia.</strong></span> <span class='ocrx_word' id='word_1_836' title='bbox 1733 2475 1811 2504; x_wconf 81' lang='lat' dir='ltr'><strong>Ortlt.</strong></span> 
     </span>
    </p>
   </div>
   <div class='ocr_carea' id='block_1_101' title="bbox 187 2521 472 2558">
    <p class='ocr_par' dir='ltr' id='par_1_101' title="bbox 187 2521 472 2558">
     <span class='ocr_line' id='line_1_101' title="bbox 187 2521 472 2558; baseline 0.004 -9"><span class='ocrx_word' id='word_1_837' title='bbox 187 2521 259 2558; x_wconf 83' lang='lat' dir='ltr'><strong>Ergo</strong></span> <span class='ocrx_word' id='word_1_838' title='bbox 272 2526 300 2550; x_wconf 85' lang='lat' dir='ltr'><strong>et</strong></span> <span class='ocrx_word' id='word_1_839' title='bbox 316 2523 362 2550; x_wconf 86' lang='lat' dir='ltr'><strong>illa</strong></span> <span class='ocrx_word' id='word_1_840' title='bbox 377 2523 472 2551; x_wconf 82' lang='lat' dir='ltr'><strong>recita.</strong></span> 
     </span>
    </p>
   </div>
   <div class='ocr_carea' id='block_1_102' title="bbox 222 2621 729 2657">
    <p class='ocr_par' dir='ltr' id='par_1_102' title="bbox 222 2621 729 2657">
     <span class='ocr_line' id='line_1_102' title="bbox 222 2621 729 2657; baseline 0.002 -7"><span class='ocrx_word' id='word_1_841' title='bbox 222 2621 246 2638; x_wconf 75' lang='grc'><strong><em>⁸⁵</em></strong></span> <span class='ocrx_word' id='word_1_842' title='bbox 263 2621 344 2651; x_wconf 85' lang='lat' dir='ltr'><strong>Joan.</strong></span> <span class='ocrx_word' id='word_1_843' title='bbox 360 2630 406 2655; x_wconf 78' lang='lat' dir='ltr'><strong>vt.</strong></span> <span class='ocrx_word' id='word_1_844' title='bbox 423 2622 470 2651; x_wconf 68' lang='lat'><strong>46.</strong></span> <span class='ocrx_word' id='word_1_845' title='bbox 508 2623 531 2639; x_wconf 87' lang='lat'><strong>&quot;</strong></span> <span class='ocrx_word' id='word_1_846' title='bbox 551 2623 607 2652; x_wconf 88' lang='lat' dir='ltr'><strong>lsa.</strong></span> <span class='ocrx_word' id='word_1_847' title='bbox 624 2631 660 2651; x_wconf 75' lang='grc' dir='ltr'><strong>ιν</strong></span> <span class='ocrx_word' id='word_1_848' title='bbox 676 2643 684 2657; x_wconf 85' lang='grc'><strong>,</strong></span> <span class='ocrx_word' id='word_1_849' title='bbox 702 2623 729 2651; x_wconf 90' lang='grc'><strong>8.</strong></span> 
     </span>
    </p>
   </div>
   <div class='ocr_carea' id='block_1_103' title="bbox 223 2712 828 2750">
    <p class='ocr_par' dir='ltr' id='par_1_103' title="bbox 223 2712 828 2750">
     <span class='ocr_line' id='line_1_103' title="bbox 223 2712 828 2750; baseline 0.003 -11"><span class='ocrx_word' id='word_1_850' title='bbox 223 2712 261 2747; x_wconf 89' lang='lat'><strong>(7)</strong></span> <span class='ocrx_word' id='word_1_851' title='bbox 278 2712 348 2750; x_wconf 55' lang='lat' dir='ltr'><strong>ﬁdit.</strong></span> <span class='ocrx_word' id='word_1_852' title='bbox 365 2713 459 2747; x_wconf 85' lang='lat' dir='ltr'><strong>Steph.</strong></span> <span class='ocrx_word' id='word_1_853' title='bbox 475 2713 521 2741; x_wconf 77' lang='grc' dir='ltr'><strong>καὶ</strong></span> <span class='ocrx_word' id='word_1_854' title='bbox 536 2713 650 2750; x_wconf 77' lang='grc' dir='ltr'>ἀόρατον</span> <span class='ocrx_word' id='word_1_855' title='bbox 668 2713 757 2750; x_wconf 79' lang='grc' dir='ltr'>ἑαυτῷ</span> <span class='ocrx_word' id='word_1_856' title='bbox 769 2714 828 2750; x_wconf 89' lang='grc' dir='ltr'>ἀορ.</span> 
     </span>
    </p>
   </div>
   <div class='ocr_carea' id='block_1_104' title="bbox 223 2748 877 2816">
    <p class='ocr_par' dir='ltr' id='par_1_104' title="bbox 223 2748 877 2816">
     <span class='ocr_line' id='line_1_104' title="bbox 223 2748 877 2816; baseline 0.011 -43"><span class='ocrx_word' id='word_1_857' title='bbox 223 2749 261 2816; x_wconf 47' lang='grc' dir='ltr'>γε)</span> <span class='ocrx_word' id='word_1_858' title='bbox 280 2748 350 2776; x_wconf 72' lang='grc' dir='ltr'><strong>Εᾱίι.</strong></span> <span class='ocrx_word' id='word_1_859' title='bbox 364 2750 458 2785; x_wconf 76' lang='lat' dir='ltr'><strong>Steph.</strong></span> <span class='ocrx_word' id='word_1_860' title='bbox 474 2750 555 2781; x_wconf 81' lang='lat' dir='ltr'><strong>male.</strong></span> <span class='ocrx_word' id='word_1_861' title='bbox 570 2748 712 2786; x_wconf 82' lang='grc' dir='ltr'>ἀγένητον.</span> <span class='ocrx_word' id='word_1_862' title='bbox 743 2748 748 2750; x_wconf 75' lang='grc'><em>’</em></span> <span class='ocrx_word' id='word_1_863' title='bbox 803 2748 809 2750; x_wconf 50' lang='grc'>⁷</span> <span class='ocrx_word' id='word_1_864' title='bbox 872 2776 877 2780; x_wconf 80' lang='grc'>.</span> 
     </span>
     <span class='ocr_line' id='line_1_105' title="bbox 235 2784 877 2816; baseline 0.006 -8"><span class='ocrx_word' id='word_1_865' title='bbox 235 2784 261 2816; x_wconf 78' lang='grc'><strong>9)</strong></span> <span class='ocrx_word' id='word_1_866' title='bbox 280 2784 311 2810; x_wconf 78' lang='lat' dir='ltr'><strong>Et</strong></span> <span class='ocrx_word' id='word_1_867' title='bbox 327 2785 405 2814; x_wconf 84' lang='lat' dir='ltr'><strong>abest</strong></span> <span class='ocrx_word' id='word_1_868' title='bbox 420 2793 435 2812; x_wconf 87' lang='lat' dir='ltr'><strong>a</strong></span> <span class='ocrx_word' id='word_1_869' title='bbox 450 2792 517 2813; x_wconf 85' lang='lat' dir='ltr'><strong>mss.</strong></span> <span class='ocrx_word' id='word_1_870' title='bbox 534 2784 595 2814; x_wconf 74' lang='lat' dir='ltr'><strong>Mox</strong></span> <span class='ocrx_word' id='word_1_871' title='bbox 607 2786 694 2813; x_wconf 79' lang='lat' dir='ltr'><strong>Palat.</strong></span> <span class='ocrx_word' id='word_1_872' title='bbox 711 2786 754 2814; x_wconf 85' lang='lat' dir='ltr'><strong>bis</strong></span> <span class='ocrx_word' id='word_1_873' title='bbox 768 2785 877 2813; x_wconf 82' lang='grc' dir='ltr'>διανοίαι</span> 
     </span>
    </p>
   </div>
   <div class='ocr_carea' id='block_1_105' title="bbox 189 2785 970 2850">
    <p class='ocr_par' dir='ltr' id='par_1_105' title="bbox 189 2785 970 2850">
     <span class='ocr_line' id='line_1_106' title="bbox 189 2785 970 2850; baseline 0 -38"><span class='ocrx_word' id='word_1_874' title='bbox 189 2785 311 2850; x_wconf 41' lang='lat' dir='ltr'><strong>“ﬁliai!</strong></span> <span class='ocrx_word' id='word_1_875' title='bbox 327 2785 405 2814; x_wconf 84' lang='lat' dir='ltr'><strong>abest</strong></span> <span class='ocrx_word' id='word_1_876' title='bbox 420 2793 435 2812; x_wconf 87' lang='lat' dir='ltr'><strong>a</strong></span> <span class='ocrx_word' id='word_1_877' title='bbox 450 2792 517 2813; x_wconf 85' lang='lat' dir='ltr'><strong>mss.</strong></span> <span class='ocrx_word' id='word_1_878' title='bbox 534 2785 595 2814; x_wconf 74' lang='lat' dir='ltr'><strong>Mox</strong></span> <span class='ocrx_word' id='word_1_879' title='bbox 607 2786 694 2813; x_wconf 79' lang='lat' dir='ltr'><strong>Palat.</strong></span> <span class='ocrx_word' id='word_1_880' title='bbox 711 2786 754 2814; x_wconf 85' lang='lat' dir='ltr'><strong>bis</strong></span> <span class='ocrx_word' id='word_1_881' title='bbox 768 2785 908 2819; x_wconf 84' lang='grc' dir='ltr'>διανοίαις,</span> <span class='ocrx_word' id='word_1_882' title='bbox 919 2792 970 2820; x_wconf 90' lang='lat' dir='ltr'><strong>pro</strong></span> 
     </span>
    </p>
   </div>
   <div class='ocr_carea' id='block_1_106' title="bbox 1075 2712 1784 2752">
    <p class='ocr_par' dir='ltr' id='par_1_106' title="bbox 1075 2712 1784 2752">
     <span class='ocr_line' id='line_1_107' title="bbox 1075 2712 1784 2752; baseline -0.003 -11"><span class='ocrx_word' id='word_1_883' title='bbox 1075 2714 1116 2752; x_wconf 76' lang='lat' dir='ltr'><strong>l0)</strong></span> <span class='ocrx_word' id='word_1_884' title='bbox 1133 2713 1205 2752; x_wconf 52' lang='lat' dir='ltr'><strong>ﬁdit.</strong></span> <span class='ocrx_word' id='word_1_885' title='bbox 1226 2713 1321 2749; x_wconf 89' lang='lat' dir='ltr'><strong>Steph.</strong></span> <span class='ocrx_word' id='word_1_886' title='bbox 1341 2714 1390 2752; x_wconf 56' lang='lat' dir='ltr'><strong>gat</strong></span> <span class='ocrx_word' id='word_1_887' title='bbox 1400 2712 1481 2750; x_wconf 82' lang='grc' dir='ltr'>ὁρῶν.</span> <span class='ocrx_word' id='word_1_888' title='bbox 1627 2745 1635 2752; x_wconf 31' lang='grc' dir='ltr'><strong>γ</strong></span> <span class='ocrx_word' id='word_1_889' title='bbox 1771 2745 1784 2752; x_wconf 86' lang='lat'><em>_</em></span> 
     </span>
    </p>
   </div>
   <div class='ocr_carea' id='block_1_107' title="bbox 1074 2745 1810 2783">
    <p class='ocr_par' dir='ltr' id='par_1_107' title="bbox 1074 2745 1810 2783">
     <span class='ocr_line' id='line_1_108' title="bbox 1074 2745 1810 2783; baseline -0.003 -7"><span class='ocrx_word' id='word_1_890' title='bbox 1074 2745 1117 2783; x_wconf 77' lang='lat' dir='ltr'><strong>ll)</strong></span> <span class='ocrx_word' id='word_1_891' title='bbox 1133 2751 1178 2777; x_wconf 85' lang='lat' dir='ltr'><strong>Sic</strong></span> <span class='ocrx_word' id='word_1_892' title='bbox 1193 2753 1237 2778; x_wconf 87' lang='lat' dir='ltr'><strong>ed.</strong></span> <span class='ocrx_word' id='word_1_893' title='bbox 1249 2745 1332 2778; x_wconf 76' lang='lat' dir='ltr'><strong>recte.</strong></span> <span class='ocrx_word' id='word_1_894' title='bbox 1343 2745 1430 2777; x_wconf 73' lang='lat' dir='ltr'><strong>Palat.</strong></span> <span class='ocrx_word' id='word_1_895' title='bbox 1446 2755 1520 2782; x_wconf 86' lang='lat' dir='ltr'><strong>vero,</strong></span> <span class='ocrx_word' id='word_1_896' title='bbox 1532 2745 1810 2782; x_wconf 60' lang='grc' dir='ltr'>πεσομένονηητοῠνι</span> 
     </span>
    </p>
   </div>
   <div class='ocr_carea' id='block_1_108' title="bbox 1022 2785 1199 2822">
    <p class='ocr_par' dir='ltr' id='par_1_108' title="bbox 1022 2785 1199 2822">
     <span class='ocr_line' id='line_1_109' title="bbox 1022 2785 1199 2822; baseline -0.006 -9"><span class='ocrx_word' id='word_1_897' title='bbox 1022 2785 1069 2818; x_wconf 75' lang='grc' dir='ltr'><strong>τος</strong></span> <span class='ocrx_word' id='word_1_898' title='bbox 1087 2785 1199 2822; x_wconf 67' lang='grc' dir='ltr'>βορρᾶν.</span> 
     </span>
    </p>
   </div>
  </div>
