1926 3067
167 145 235 174 "63

650 143 693 170 DE
713 139 846 170 SANCTA
863 140 1048 169 TRINITATE
1067 138 1238 169 DIALOGUS
1255 138 1288 165 ll.

1697 139 1767 169 “60

200 202 227 230 6.
244 203 355 237 27de
371 202 530 237 Εὺνσμίου,
543 200 602 237 (καὶ
621 201 695 236 πρὸς
715 200 790 228 αὐτὰ
815 201 907 234 Ὀρθο-

994 197 1074 234 426
1090 197 1117 226 6.
1139 196 1248 224 Scholia
1265 195 1391 237 Eunomii
1396 214 1412 237 ⁷,
1424 199 1448 221 et
1469 195 1601 230 responsio
1622 194 1768 223 Orthodoxi

499 236 599 267 δύξου.

204 294 263 321 ὀτι
277 294 294 330 ή
311 292 420 329 θέλήσιι
433 293 479 321 καὶ
491 295 507 329 ἡ
523 293 646 328 βούλησις
661 292 691 319 οὒ
705 293 803 320 ταυτὸν
816 293 849 327 τῇ
863 291 942 327 οὐσίᾳ

168 340 213 368 τοῦ
227 340 294 366 Θεοῦ
304 348 310 354 ·
325 341 341 375 ἡ
360 340 408 374 μὲν
424 340 478 375 γὰρ
490 339 595 375 θέλησις
611 339 657 366 καὶ
671 339 782 375 ἄρχεται
798 338 844 364 καὶ
857 338 942 365 παύε-

168 395 227 414 ταιι
242 388 258 421 ἡ
271 386 299 412 δὲ
317 386 396 413 οὐσία
412 385 472 412 οὔτε
490 385 619 421 ἄρχεται,
637 384 697 411 οὔτε
715 384 828 411 παύεται
839 393 845 398 ·
868 384 898 410 τὺ
913 383 942 410 δὲ

165 432 314 468 ἀρχόμενον
335 432 381 458 καὶ
398 432 546 466 παυόμενον
561 430 600 465 τῷ
625 431 690 466 μήτε
707 430 848 465 ἀρχομένῳ
875 430 942 464 μήτε

164 478 311 513 παυομένῳ
327 478 357 503 ’τὸ
377 477 441 503 αὐτὸ
462 475 530 503 εἶναι
546 477 575 503 οὐ
591 476 713 503 δύναται.
732 476 786 502 Καὶ
808 475 904 507 ἄλλως,
918 476 942 502 ει

163 525 261 550 ταυτὸν
274 521 307 559 ἦν
317 525 348 559 τῇ
366 524 443 559 οὐσίᾳ
457 523 503 550 τοῦ
514 522 581 549 Θεοῦ
598 524 614 558 ἡ
630 522 764 557 βούλησις,
781 522 863 558 ἐχρῆν
878 523 941 557 μιᾶς

162 571 254 603 οὐσίας
271 570 333 604 μίαν
351 568 419 596 εἶναι
443 569 489 596 καὶ
511 569 560 604 τὴν
579 569 704 603 θέλησιν
721 568 891 604 εὑρίσκονται
912 568 941 594 δὲ

163 617 233 642 κατὰ
254 617 303 651 τὴν
325 615 495 642 διδασκαλίαν
518 615 571 641 τῶν
597 615 676 641 θείων
694 615 714 640 Γ
716 614 823 649 ραφῶν,
844 614 874 640 οὐ
893 614 942 649 μία

163 662 282 697 θέλησις,
296 661 362 688 ἀλλὰ
377 661 471 688 πολλαὶ
491 660 630 696 θελήσεις’
650 660 700 695 τῆς
718 660 829 695 Γραφῆς
849 659 943 694 λεγού-

164 716 229 743 σης·
252 718 260 733 ι
278 709 378 738 Πάντα.
402 708 452 734 ὅσα
466 707 605 742 ἠθέλησεν,
630 706 752 742 ἐποίησε·
766 716 776 733 ι
791 706 874 733 πολλὰ
897 703 942 732 οὖν

163 754 279 789 ἠθέλησε
294 754 341 780 καὶ
353 753 402 789 οὐχ
415 753 454 779 ἓν.
479 752 687 788 Ἐναργὲστερον
702 752 756 788 (12)
773 752 801 779 δὲ
817 752 879 778 ἰδεῖν
896 752 942 778 ἐπὶ

160 799 212 835 τῆς
227 800 412 835 κοσμοποιίας.
428 798 555 833 Ἠθέλησε
568 798 622 834 γὰρ
638 796 705 825 εἶναι
715 798 761 825 τὸν
773 798 883 833 κόσμον,
897 798 943 824 καὶ

163 845 267 880 ὑπέστη
285 844 356 871 κατὰ
379 844 426 880 τὴν
443 843 525 871 αὐτοῦ
546 843 671 878 θέλησιν,
698 844 744 870 καὶ
767 843 887 879 διαμένει
912 843 943 869 τὸ

160 892 314 927 γενόμενον.
334 890 414 917 Ἄλλο
427 890 456 917 δέ
476 891 548 917 ὲστιν
562 892 578 926 ἡ
601 889 713 925 διαμονή
726 890 781 924 (15)
804 888 879 924 παρὰ
893 888 942 924 τὴν

162 937 270 972 θέλησιν
285 937 334 972 τῆς
347 936 525 972 δημιουργίας
535 945 541 952 ·
559 935 740 971 ἐπηγγείλατο
753 935 781 961 δὲ
800 935 845 961 καὶ
861 943 944 970 μετα-

163 981 328 1016 σχηματίσαι
347 980 391 1006 τὸν
415 981 524 1014 κόσμον.
547 980 668 1016 Θελήσεις
690 981 742 1015 ἄρα
769 988 944 1015 μετασχημα-

162 1027 241 1058 τίζει.
258 1027 295 1053 Οὐ
315 1027 392 1061 μόνον
408 1026 436 1052 δὲ
453 1026 560 1058 πολλαὶ,
575 1026 641 1052 ἀλλὰ
658 1026 704 1052 καὶ
715 1026 836 1061 διάφοροι
852 1026 880 1052 αἱ
898 1025 942 1051 θε-

162 1072 264 1107 λήσεις.
273 1072 402 1108 ἨΟέλησε
413 1072 468 1107 γὰρ
480 1072 526 1098 καὶ
539 1071 662 1108 οὐρανὸν,
676 1071 789 1106 ἠθέλησε
800 1071 846 1097 καὶ
858 1071 942 1106 ἥλιον,

162 1117 276 1153 ἠθέλησε
288 1117 335 1144 καὶ
352 1118 414 1153 γῆν.
422 1117 480 1143 Τῶν
489 1117 517 1143 δὲ
536 1117 694 1152 θελημάτων
705 1116 839 1152 διαφόρων
849 1116 942 1146 ὄντων,

163 1163 270 1198 ἀνάγκη
284 1163 421 1198 διαφέρειν
437 1163 484 1189 καὶ
498 1162 546 1194 τὰς
562 1163 626 1197 περὶ
640 1161 727 1188 αὐτῶν
743 1161 865 1197 θελήσεις
875 1169 881 1176 ·
897 1161 943 1187 καὶ

163 1208 210 1234 ἐπὶ
220 1208 273 1234 τῶν
283 1207 384 1243 νοητῶν
397 1207 426 1234 δὲ
439 1206 578 1237 ὡσαύτως,
594 1207 667 1240 Ὸρθ.
678 1206 708 1232 Εἰ
719 1205 806 1232 τοίνυν
816 1206 861 1232 καὶ
874 1203 944 1231 κατὰ

163 1253 194 1279 σὲ
214 1253 245 1279 οὐ
268 1252 364 1279 ταυτόν
379 1253 436 1278 ἐστι
452 1252 484 1286 τῇ
508 1251 587 1286 οὐσίᾳ
607 1252 623 1286 ἠ
640 1250 774 1285 βούλησις,
791 1250 873 1285 ἤγουν
887 1249 942 1285 (Η)

163 1299 180 1333 ἡ
193 1297 312 1332 θέλησις,
320 1297 407 1324 πάντα
420 1297 448 1323 δὲ
456 1296 489 1322 τὰ
501 1295 631 1330 γεγονότα
642 1294 759 1330 τοῦηθελὴ
764 1303 847 1330 ματος
861 1293 942 1321 αὐτοῦ

163 1345 231 1371 εἰσιν
255 1343 332 1379 ἔργα.
347 1343 470 1378 ὁμολόγει
487 1342 531 1368 τὸν
547 1342 611 1369 Υὶὸν
633 1343 665 1368 ὲκ
688 1342 737 1377 τῆς
755 1341 860 1372 οὐσίας·
873 1339 943 1367 οὕτω

163 1390 218 1426 γὰρ
231 1390 312 1416 αὑτὸν
327 1390 373 1416 καὶ
389 1389 519 1424 μονογενῆ
533 1388 707 1424 ὁμολογήσεις
717 1387 746 1413 τὸ
760 1387 838 1422 μόνον
848 1387 880 1413 ἐκ
893 1386 943 1422 τῆς

163 1435 218 1470 (15)
228 1435 321 1466 οὐσίας
333 1434 504 1469 γεγενῆσθαι.
519 1434 550 1460 Et
565 1434 619 1469 γὰρ
634 1433 680 1460 καὶ
696 1433 776 1464 αὐτὸς
791 1432 943 1467 βουλήσεως

162 1481 209 1507 καὶ
224 1479 357 1516 θελήσεώς
369 1481 441 1506 ἐστιν
456 1479 528 1512 Υἱὸς,
541 1480 590 1506 οὐκ
604 1479 661 1505 ἐστι
673 1478 826 1514 μονογενὴς.
839 1477 942 1504 πολλῶν

161 1525 245 1551 ὄντων
262 1525 315 1550 τῶν
330 1524 401 1551 κατὰ
417 1523 541 1559 βούλησιν
553 1523 771 1558 ἀποκυηθέντων.
787 1523 941 1558 Γέγραπται

1329 229 1363 256 ad
1382 229 1439 256 illa.

1028 290 1158 328 Voluntas
1170 297 1224 328 non
1236 289 1306 317 idern
1318 294 1357 316 est
1369 293 1451 326 atque
1462 290 1614 317 Substantia
1625 289 1671 318 Dei
1684 300 1691 318 :
1706 298 1769 318 nam

992 336 1117 363 voluntas
1131 336 1226 370 incipit
1239 339 1266 362 et
1279 335 1378 363 desinit
1391 345 1398 369 ;
1413 335 1566 364 substantia
1581 344 1645 363 vero
1662 343 1711 364 nec
1726 336 1769 363 in-

993 382 1075 416 cipit,
1090 389 1141 409 nec
1155 381 1266 408 desinit.
1284 380 1312 408 Id
1328 385 1417 408 autem
1429 401 1436 413 ,
1453 381 1525 416 quod
1543 382 1639 416 incipit
1656 386 1682 409 et
1696 382 1770 411 desi-

992 428 1047 459 nit,
1065 434 1117 454 non
1135 432 1225 461 potest
1245 427 1314 454 idem
1335 435 1396 455 csse
1418 431 1498 462 atque
1513 427 1538 454 id
1550 448 1557 460 ,
1574 428 1645 462 quod
1662 436 1711 455 nec
1728 428 1771 454 in-

992 473 1058 508 cipit
1071 479 1120 499 nec
1133 472 1242 499 desinit.
1261 472 1392 500 Prmterea
1404 493 1412 505 ,
1428 473 1450 500 si
1475 475 1599 501 voluntas
1615 474 1684 501 idem
1699 479 1772 501 esset

993 524 1073 554 atque
1090 519 1241 546 substantia
1257 518 1321 550 Dei.
1339 523 1485 554 oporteret,
1503 527 1564 546 cum
1579 528 1632 546 una
1653 521 1688 548 Sil
1707 520 1772 547 sub-

993 565 1092 591 stantia
1103 584 1110 596 ,
1124 571 1203 590 unam
1217 571 1277 590 esse
1293 564 1456 592 voluntatem
1472 573 1478 591 :
1495 572 1526 591 ac
1538 565 1615 599 juxta
1630 572 1771 592 sacrarum

993 610 1153 637 Litterarum
1170 609 1321 636 doctrinam
1333 629 1340 640 ,
1359 617 1413 636 non
1429 610 1525 642 unica,
1550 610 1596 637 sed
1617 611 1707 638 multae
1725 618 1772 638 vo’

992 656 1112 684 luntates
1134 656 1329 683 inveniuntur:
1347 663 1409 682 cum
1430 655 1540 687 dicant,
1556 666 1565 681 ι
1580 655 1676 683 Omnia
1698 664 1773 692 qua:-

993 709 1101 736 cunque
1114 701 1216 733 voluit,
1235 699 1300 727 fecit
1311 699 1351 726 “2
1368 710 1377 725 ι
1391 701 1475 727 multa
1490 701 1572 736 igitur
1587 702 1672 728 voluit
1685 721 1693 732 .
1717 709 1773 730 non

993 752 1081 775 autem
1096 755 1178 774 unum
1191 746 1330 781 quiddam.
1347 745 1424 779 Quod
1437 747 1516 773 etiam
1531 747 1616 782 magis
1630 748 1772 782 perspicue

993 793 1085 820 videre
1105 793 1168 820 licet
1189 794 1216 820 in
1238 793 1331 820 mundi
1354 792 1500 820 creatione.
1517 791 1609 819 Voluit
1623 793 1695 820 enim
1713 801 1774 821 esse

994 838 1139 870 mundum,
1155 842 1181 865 et
1195 838 1219 865 is
1240 838 1345 866 exstitit
1369 842 1448 872 prout
1466 838 1567 869 voluit,
1589 841 1669 873 atque
1684 837 1773 866 factus

957 902 978 929 Β
992 887 1142 918 permanet.
1156 883 1235 910 Aliud
1248 887 1289 911 est
1301 887 1391 910 autem
1405 883 1449 909 illa
1461 884 1660 918 perseverantia
1673 903 1679 914 ,
1691 891 1773 918 quam

993 930 1118 956 voluntas
1146 929 1281 956 condendi
1308 929 1404 956 illius:
1430 929 1601 956 denuntiavit
1626 937 1690 956 vero
1715 928 1774 957 fore

991 976 1072 1003 etiam
1085 995 1091 1005 .
1110 980 1139 1002 ut
1156 975 1286 1002 mundum
1302 974 1487 1002 transiermet.
1510 974 1581 1010 Ergo
1601 975 1674 1010 quia'
1686 975 1774 1002 voluit

991 1020 1178 1049 transformat.
1200 1021 1295 1056 Neque
1315 1029 1379 1048 vero
1397 1021 1489 1048 multa:
1508 1020 1656 1053 duntaxat,
1678 1028 1773 1048 verum

991 1067 1072 1094 etiam
1086 1067 1200 1094 diversa:
1213 1072 1277 1094 sunt
1291 1067 1456 1094 voluntates.
1471 1065 1644 1093 Voluitenim
1655 1066 1772 1098 cwlum,

990 1112 1076 1138 voluit
1089 1115 1116 1139 et
1133 1112 1217 1139 solem
1228 1131 1235 1143 ,
1251 1111 1337 1138 voluit
1350 1115 1377 1138 et
1390 1114 1499 1138 terram.
1514 1111 1581 1138 Cum
1597 1115 1685 1137 autem
1702 1111 1773 1142 ista.

991 1164 1052 1193 qum
1066 1158 1142 1189 vult,
1159 1157 1266 1185 diversa
1279 1157 1334 1184 sint
1346 1176 1353 1188 ,
1366 1164 1478 1185 necesse
1491 1161 1533 1184 est
1544 1156 1652 1184 diﬂerre
1667 1164 1774 1191 quoque

992 1203 1148 1231 voluntates
1166 1203 1275 1231 illorum
1292 1203 1472 1230 creandorum
1486 1212 1492 1230 :
1509 1201 1581 1237 quod
1597 1202 1678 1229 etiam
1693 1209 1774 1238 opor-

991 1253 1030 1276 tet
1050 1250 1084 1277 de
1104 1250 1186 1277 rebus
1202 1269 1210 1281 ,
1233 1256 1294 1284 qua:
1315 1252 1406 1276 mente
1425 1248 1617 1283 concipiuntur
1639 1248 1773 1283 accipere.

994 1295 1069 1323 Ortlt.
1087 1296 1158 1331 Ergo
1170 1316 1178 1328 ,
1193 1297 1216 1324 si
1227 1315 1234 1327 .
1253 1299 1283 1322 ut
1297 1300 1326 1322 tu
1340 1303 1448 1331 quoque
1463 1295 1563 1326 sentis,
1579 1294 1704 1321 voluntas
1719 1301 1774 1321 non

992 1342 1064 1369 idem
1091 1346 1133 1370 est
1157 1342 1230 1377 quod
1254 1341 1425 1374 substantia,
1453 1345 1480 1369 et
1505 1347 1674 1376 quaecunque
1702 1339 1774 1367 facta

992 1392 1070 1420 sunt,
1094 1395 1175 1423 opera
1199 1392 1263 1416 sunt
1286 1387 1434 1415 voluntatis
1462 1387 1541 1421 ejus,
1567 1387 1652 1414 fatere
1676 1386 1774 1414 Filium

991 1441 1052 1461 esse
1066 1441 1098 1461 ex
1113 1434 1174 1468 ejus
1190 1433 1344 1460 substantia
1358 1442 1365 1466 ;
1381 1433 1421 1460 sic
1434 1433 1506 1460 enim
1527 1440 1590 1460 eum
1610 1433 1691 1460 etiam
1712 1433 1774 1458 uni-

991 1479 1112 1514 genitum
1129 1487 1189 1507 esse
1205 1478 1325 1511 fateare,
1341 1479 1413 1514 quod
1430 1479 1504 1506 solus
1517 1486 1550 1506 ex
1563 1479 1715 1506 substantia
1729 1486 1775 1514 κθ·
1795 1492 1804 1503 ι

992 1524 1066 1551 nitus
1084 1524 1204 1551 sit.Nam
1220 1524 1244 1551 si
1261 1528 1289 1551 et
1308 1525 1366 1558 ipse
1381 1524 1528 1551 voluntatis
1544 1524 1628 1551 Filius
1643 1528 1701 1556 est.
1719 1532 1774 1551 non

161 1571 232 1606 γάρ·
247 1580 256 1596 ι
266 1570 410 1606 Βουληθεὶς
428 1569 582 1605 ἀπεκύησεν
601 1570 675 1605 ἡμᾶς
690 1569 760 1604 λόγῳ
776 1568 912 1604 ἀληθείας.
930 1577 939 1593 ›

994 1573 1034 1598 est
1056 1570 1229 1606 unigenitus,
1253 1577 1315 1597 cum
1337 1570 1416 1597 multi
1443 1570 1497 1598 sint
1517 1570 1601 1605 geniti
1624 1570 1773 1597 voluntate.

143 1616 261 1643 ’Ἡολλαὶ
273 1616 300 1643 δὲ
317 1616 438 1652 θελήσεις
454 1616 503 1642 οὐκ
521 1615 599 1648 εἰσὶν,
614 1615 651 1646 ὡς
665 1614 806 1650 ὲνόμισας²
825 1614 855 1641 οὺ
872 1614 937 1650 γὰρ,

160 1663 253 1699 ἐπειδὴ
269 1663 382 1698 διάφορα
395 1662 429 1689 τὰ
446 1661 680 1697 δημιουργήματα,
695 1660 801 1692 πάντως
816 1660 939 1695 διάφοροι

160 1710 208 1737 καὶ
220 1709 248 1736 αἱ
263 1709 385 1744 θελήσεις
395 1717 401 1723 ·
420 1708 476 1735 ἀλλ’
490 1707 584 1743 ὥσπερ
607 1707 648 1733 ἐνὶ
666 1706 797 1742 θελήματι
823 1707 939 1742 ποιήσας

159 1755 206 1781 τὸν
226 1754 366 1790 ἄνθρωπον
389 1755 421 1780 ὲκ
440 1753 572 1789 διαφόρων
598 1752 684 1787 μελῶν
715 1752 762 1778 καὶ
779 1751 869 1787 μερῶν
891 1759 940 1777 πε-

160 1800 284 1835 ποίηκεν,
297 1799 460 1834 ὀφθαλμοὺς,
471 1796 537 1830 ὦτα,
555 1800 639 1834 ῥῖνας.
653 1797 758 1833 τρίχας,
771 1797 876 1833 ἔντερα,
891 1797 938 1823 καὶ

160 1846 293 1880 διαφόρως
305 1845 355 1880 τὴν
367 1844 420 1870 τῶν
432 1843 547 1879 ἐντέρων
566 1843 700 1874 σύνθεσιν,
717 1842 832 1877 σπλῆνα,
849 1841 937 1878 ἧπαρ.

160 1892 285 1926 νεφροὺς,
304 1890 349 1917 καὶ
367 1890 416 1916 ὅσα
430 1891 459 1916 ὲν
476 1890 540 1925 ἡμῖν
553 1898 559 1904 -
574 1888 644 1916 οὕτω
661 1889 707 1916 καὶ
725 1890 813 1916 πάντα
828 1888 872 1915 τὸν
891 1888 937 1914 κό-

161 1945 229 1972 σμον
243 1936 282 1963 ἐνὶ
293 1935 423 1970 θελήματι
434 1934 605 1970 δημιουργεῖ.

197 2067 222 2094 7.
244 2067 337 2101 Ἀνόμ.
359 2067 390 2093 Εἰ
408 2066 506 2102 μείζων
525 2068 540 2092 ὁ
563 2066 658 2103 Πατὴρ
675 2067 721 2094 τοῦ
740 2067 822 2100 Υἱοῦ;
845 2067 892 2094 καὶ
916 2068 940 2094 εἰ

163 2111 273 2149 μείζων,
290 2112 361 2139 κατὰ
379 2112 406 2139 τι
426 2112 534 2148 μείζων,
550 2113 662 2148 πότερον
679 2112 778 2148 μείζων
791 2111 846 2148 (16)
866 2112 939 2148 ὄγκῳ

161 2158 296 2194 σώματος,
309 2158 325 2194 ἦ
337 2158 407 2185 κατὰ
415 2159 467 2194 τὴν
480 2158 559 2193 φύσιν
570 2159 618 2194 τῆς
630 2158 808 2194 ἀγεννησία;;
824 2159 870 2185 καὶ
890 2159 939 2184 πό-

160 2213 238 2240 τερον
251 2205 281 2231 τὸ
291 2204 435 2240 ἀγέννητον
450 2204 505 2240 (l7)
523 2204 600 2231 οὐσία
617 2205 706 2237 ἐστὶν,
720 2205 736 2240 ἢ
754 2205 829 2231 οὐδὲν
848 2206 938 2237 sum;

166 2251 244 2284 Ὀρθ,
257 2251 365 2282 Μείζων
379 2252 394 2277 ὀ
408 2251 501 2286 Πατὴρ
518 2249 565 2276 τοῦ
578 2250 642 2276 Υέοὖ
662 2250 826 2286 γέγραπται,
838 2250 899 2277 οὔτε
913 2251 942 2278 δὲ

160 2297 244 2333 ὕγκῳ,
260 2297 322 2324 οὔτε
341 2297 438 2333 χρόνῳ.
453 2296 515 2323 οὕτε
532 2296 620 2331 φύσει,
636 2297 692 2323 ἁλλ’
705 2297 743 2328 ὡς
758 2297 853 2333 Πατὴρ
875 2297 939 2324 Υἱοῦ

160 2344 426 2380 ὲνανθρωπήσαντος.
439 2343 487 2370 Διὰ
501 2343 530 2369 δὲ
543 2343 592 2380 τὴν
605 2343 808 2379 ἐνανθρώπησιν
823 2343 870 2370 καὶ
885 2342 938 2370 τῶν

159 2390 282 2424 ἀγγέλων
291 2389 461 2425 ὴλαττῶσθαι
473 2389 552 2416 αὑτὸν
563 2388 637 2423 λέγει
654 2389 668 2414 ὁ
690 2389 857 2421 Ἀπόστολος,
873 2391 940 2425 γρά-

160 2444 232 2470 φων·
249 2446 258 2462 ι
271 2435 322 2463 Τὸν
337 2436 366 2462 δὲ
383 2435 468 2470 βραχύ
484 2444 510 2461 τι
527 2434 591 2471 παρ’
605 2431 737 2468 ἀγγέλους
749 2436 937 2470 ἠλαττωμένον

161 2481 296 2517 βλέπομεν
310 2481 413 2516 Ἰησοῦν
431 2481 474 2508 διὰ
489 2481 520 2507 τὸ
535 2480 650 2516 πάθημα
659 2480 706 2507 τοῦ
726 2481 851 2508 Θανάτου.
867 2491 875 2505 ι
888 2481 937 2508 Διὰ

159 2527 188 2555 δὲ
204 2527 306 2563 ταύτην
324 2527 372 2562 τὴν
391 2526 594 2562 ενανθμῦπησιν
611 2526 658 2553 καὶ
678 2527 710 2561 τῇ
726 2527 819 2563 Μαρίᾳ
832 2528 879 2553 καὶ
901 2527 940 2562 τῷ

166 2570 263 2609 Ἰωσὴφ
272 2573 447 2600 ὑπετάσσετο.
458 2582 468 2597 ε
474 2571 527 2599 Ἦν
539 2573 592 2607 γὰρ
598 2573 814 2607 ὑποτασσόμενος
821 2574 920 2606 αὐτοῖς,
927 2584 936 2600 ›

193 2651 217 2666 ⁸⁸
235 2650 307 2678 Psai.
324 2658 407 2681 cxtu.
424 2651 452 2678 3.
488 2650 511 2666 ⁸⁷
529 2649 587 2678 Jac.
604 2658 624 2682 ι,
642 2650 685 2677 18.
717 2650 739 2666 ⁸⁸
758 2649 841 2678 Hebr.
856 2657 886 2683 Il,
905 2651 932 2678 9.

196 2728 251 2764 (1‘2)
270 2729 486 2764 Ἑνεργέστερον.
506 2728 569 2757 Mss.
584 2733 610 2757 et
624 2727 715 2756 Felck.
731 2729 839 2757 emend.
861 2729 940 2765 ἔναρ-

160 2763 297 2799 γέστερον.
334 2763 338 2764 ⁷
433 2763 438 2764 ⁷

266 2798 396 2860 ξὲιρξνδὲ
411 2800 467 2860 cui)
480 2799 554 2833 διαμ.
568 2798 654 2826 Palat.
666 2799 694 2825 δέ
704 2807 744 2825 σοι
754 2799 771 2834 ή
785 2799 809 2826 δ.

242 2838 252 2868 )
307 2842 337 2861 το
383 2841 440 2861 mss

207 2833 252 2869 η)
268 2834 369 2861 Ἧτουν
383 2841 450 2861 mss.

994 1614 1131 1650 Scriptum
1148 1620 1191 1643 est
1206 1615 1277 1643 enim
1293 1626 1299 1642 :
1318 1626 1327 1641 ‹
1343 1615 1446 1643 Veiens
1459 1615 1552 1651 genuit
1567 1623 1618 1643 nos
1634 1616 1716 1643 verbo
1729 1623 1775 1643 vev

992 1661 1082 1688 ritatis
1093 1661 1127 1689 ".
1143 1672 1152 1687 ›
1169 1661 1230 1689 Non
1245 1665 1310 1688 sunt
1326 1666 1416 1688 autem
1432 1662 1522 1688 multae
1539 1661 1586 1688 Dei
1602 1661 1773 1693 voluntates.

993 1710 1023 1733 ut
1039 1711 1067 1733 tu
1081 1707 1229 1735 existimas.
1242 1706 1301 1734 Non
1317 1708 1390 1735 enim
1413 1707 1478 1743 quia
1498 1707 1606 1735 diversa
1631 1711 1695 1735 sunt
1714 1708 1774 1742 opi-

992 1751 1069 1784 ﬁcia,
1086 1753 1201 1781 diversae
1222 1761 1331 1788 quoque
1351 1757 1415 1780 sunt
1439 1753 1610 1781 voluntates:
1630 1754 1678 1781 sed
1702 1753 1775 1781 sicut

993 1796 1063 1825 Deus
1076 1797 1212 1825 hominem
1226 1799 1307 1825 unica
1320 1799 1458 1826 voluntate
1472 1806 1504 1826 ex
1519 1798 1634 1826 diversis
1645 1798 1774 1826 membris

992 1847 1020 1870 et
1034 1843 1159 1878 partibus
1180 1844 1321 1877 condens,
1342 1844 1407 1872 fecit
1429 1845 1542 1878 oculos,
1560 1852 1656 1876 aures,
1674 1852 1773 1877 nares,

992 1895 1118 1922 comam,
1144 1889 1291 1923 intestina,
1316 1894 1344 1917 et
1364 1890 1439 1918 varie
1463 1890 1593 1917 intestina
1619 1889 1773 1925 disposuit.

992 1933 1132 1968 splenem,
1156 1934 1250 1969 hepar,
1277 1942 1373 1967 renes,
1395 1939 1423 1962 et
1448 1942 1618 1970 quaecunque
1642 1935 1670 1962 in
1693 1935 1774 1962 nobis

992 1983 1056 2006 sunt
1069 1989 1080 2006 ελ
1094 1980 1135 2007 sic
1148 1980 1232 2007 etiam
1249 1980 1405 2007 universum
1419 1981 1551 2008 mundum
1574 1980 1655 2008 unica
1676 1980 1774 2012 volun-

992 2028 1047 2052 tate
1062 2029 1147 2052 creat.

1027 2071 1053 2097 7.
1068 2070 1165 2098 Anam.
1178 2070 1248 2098 Num
1262 2071 1350 2105 major
1362 2074 1403 2099 est
1412 2071 1492 2099 Pater
1502 2070 1591 2098 Filio?
1600 2074 1628 2098 et
1638 2071 1662 2098 si
1674 2071 1775 2105 major.

992 2117 1020 2144 in
1036 2124 1090 2152 quo
1104 2117 1192 2151 major
1203 2120 1263 2150 est;
1279 2121 1370 2144 utrum
1387 2117 1458 2144 mole
1472 2116 1595 2151 corporis
1612 2116 1710 2149 major,
1727 2121 1774 2142 aut

993 2168 1089 2190 natura
1101 2162 1263 2198 ἀγεννησίας
1273 2184 1280 2195 ,
1296 2163 1354 2190 sive
1366 2162 1438 2197 quod
1451 2163 1486 2190 sit
1497 2161 1649 2189 nativitatis
1660 2162 1775 2196 expers?

993 2213 1020 2236 et
1033 2213 1124 2235 utrum
1137 2215 1191 2235 non
1207 2209 1327 2244 genitum
1343 2215 1404 2236 esse
1417 2212 1459 2236 est
1474 2207 1625 2236 substantia
1635 2227 1642 2238 ,
1659 2215 1693 2234 an
1709 2216 1773 2235 vero

958 2253 980 2280 Ι)
994 2254 1062 2282 nihil
1078 2255 1141 2282 est?
1157 2253 1233 2282 Orth.
1252 2254 1387 2282 Scribitur
1399 2253 1480 2282 Pater
1493 2255 1582 2289 major
1601 2261 1662 2281 esse
1683 2252 1771 2281 Filio:

994 2304 1021 2327 at
1035 2307 1121 2334 neque
1135 2301 1221 2332 mole,
1237 2308 1325 2335 neque
1337 2305 1459 2336 tempore
1469 2321 1476 2333 ,
1491 2308 1579 2335 neque
1593 2304 1708 2332 natura,
1724 2300 1772 2327 sed

993 2349 1127 2381 quatenus
1142 2345 1222 2373 Pater
1235 2350 1277 2374 est
1289 2346 1366 2377 Filii.
1384 2347 1431 2381 qui
1452 2346 1648 2375 humanitatem
1664 2353 1773 2373 assum-

993 2392 1058 2426 psit.
1070 2390 1182 2426 Propter
1194 2391 1264 2419 hanc
1276 2396 1365 2419 autem
1377 2392 1496 2420 hominis
1508 2391 1720 2427 assumptionem
1733 2391 1775 2418 di-

993 2438 1030 2465 cit
1045 2437 1192 2473 Apostolus
1210 2445 1273 2465 eum
1290 2438 1449 2466 inferiorem
1468 2438 1570 2466 factum
1588 2438 1674 2465 fuisse
1692 2438 1775 2465 etiam

993 2483 1113 2517 angelis,
1131 2483 1173 2511 sic
1187 2484 1331 2512 scribens:
1348 2493 1357 2510 ι
1371 2484 1439 2512 Eum
1456 2488 1545 2512 autem
1561 2485 1608 2520 qui
1624 2483 1705 2519 paulo
1722 2483 1774 2509 mi-

993 2537 1043 2556 nor
1058 2529 1147 2557 faetus
1162 2530 1265 2566 angelis
1278 2534 1338 2560 est.
1352 2531 1492 2558 cernimus
1505 2530 1597 2559 Jcsum
1614 2538 1662 2565 per
1677 2529 1773 2556 mortis

993 2575 1148 2610 passionem
1162 2575 1196 2603 “.
1211 2585 1221 2602 ι
1235 2575 1349 2610 Propter
1367 2576 1438 2604 hanc
1459 2584 1567 2611 quoque
1586 2576 1704 2604 hominis
1727 2583 1776 2602 as-

1028 2729 1084 2764 (15)
1099 2729 1163 2766 Pal.
1174 2730 1213 2766 τῷ
1232 2731 1310 2766 μόνον
1327 2731 1359 2758 ἐκ
1374 2740 1398 2758 τ.
1416 2730 1482 2766 Reg.
1499 2730 1530 2757 τδ
1544 2730 1581 2766 μὴ
1597 2730 1686 2766 μόνον.

1030 2765 1086 2800 (l6)
1101 2765 1208 2797 Μειζων
1224 2765 1299 2793 deest
1314 2766 1340 2793 in
1358 2775 1423 2794 mss.

1031 2801 1088 2837 (17)
1101 2800 1216 2828 Dubium
1227 2808 1263 2828 an
1273 2802 1308 2828 sit
1319 2801 1458 2836 legendum
1470 2802 1582 2838 γενητόν
1595 2807 1620 2829 et
1630 2803 1774 2837 ἀγένητον.
