1926 3067
183 151 247 178 “57

673 175 681 182 ,
699 155 703 162 ν
731 147 760 175 s.
780 147 1008 175 nummus.
1025 161 1061 168 -
1077 133 1231 176 seum.‘

180 207 360 242 sumptionem
374 205 512 239 subjectus
524 205 574 233 fuit
583 205 674 233 Muciae
686 213 713 234 et
723 205 857 241 Josepbo:
873 215 883 232 ι
896 207 948 234 Era

1009 207 1046 239 ὡς
1056 208 1084 234 ὲν
1095 206 1252 242 Εὺηγέλίῳ
1262 206 1425 241 γέγραπται.
1441 205 1539 240 Ἀνόμ.
1549 204 1628 232 am
1640 204 1719 240 φύσει
1730 205 1787 241 (18)

179 253 250 279 enim
267 251 393 280 subditus
410 252 464 280 illis
480 252 514 283 “.
532 262 541 278 ι
558 255 587 278 ut
610 253 637 279 in
660 251 805 288 Evangelio
827 252 959 287 scriptum

178 301 229 325 est.
253 298 348 324 Anam.
376 296 429 324 Sed
454 301 551 324 natura
577 297 675 332 major,
700 297 804 325 idcirco
829 297 900 332 quod
925 298 960 325 sit

178 344 342 378 ἀγέννητος,
367 343 424 370 sive
449 351 502 370 non
521 343 646 378 genitus,
673 348 750 370 estne
779 343 898 378 aliquid.
925 351 959 370 an

178 397 244 416 vero
260 389 327 416 nihil
342 393 399 422 est,
416 389 487 417 sicut
502 389 578 423 prius
591 388 774 416 dicebamus?
789 388 866 416 Orth.
888 387 959 415 Nihil

179 440 220 463 est
247 440 368 462 natura:
392 442 442 462 nec
467 435 539 462 enim
565 434 718 462 substantia
740 438 791 462 est.
821 435 913 469 Itaque
935 434 958 461 si

179 481 265 515 major
279 486 319 508 est
334 480 425 512 Pater,
440 487 473 508 eo
493 479 566 515 quod
594 480 629 508 sit
643 488 697 507 non
716 480 833 515 genitus.
853 484 881 507 et
903 487 957 506 non

177 527 297 562 genitum
321 534 382 554 esse
406 527 473 554 nihil
495 529 555 557 est,
584 526 772 560 consequitur,
798 525 882 552 nihilo
897 532 958 552 esse

178 572 319 606 majorem.
340 571 390 605 Qui
415 579 480 599 vero
500 571 586 598 nihilo
610 571 697 605 major
711 575 768 602 cst,
787 570 813 597 in
829 570 957 597 omnibus

176 622 218 646 est
231 618 353 653 aequalis.
369 617 423 645 Nec
438 617 509 644 enim
525 624 590 644 sane
606 615 684 643 Pater
696 619 736 643 est
750 615 818 642 Filio
833 614 955 642 inferior.

177 665 273 692 Anam.
295 663 410 698 Equale
430 663 512 698 igitur
531 670 592 690 esse
606 662 676 690 dicis
699 669 753 688 non
770 661 910 696 genitum,
931 661 954 688 ei

176 708 250 743 quod
267 709 386 743 genitum
401 712 443 735 est
457 717 464 734 :
485 711 512 734 et
531 707 668 742 quomodo
691 714 772 733 verax
794 706 892 738 fuerit,
909 707 956 741 qui

176 754 242 781 dicit
255 774 262 783 .
277 763 286 779 ι
303 752 392 785 Pater,
416 753 462 788 qui
485 752 559 780 misit
578 760 637 784 me,
661 752 748 787 major
767 759 808 780 me
829 756 871 779 est
883 752 906 767 '°
918 751 930 778 ’ἓ
942 761 952 777 ι

177 798 253 826 orm.
268 798 326 826 Non
341 798 460 834 genitum
476 805 536 825 esse
546 817 553 830 ,
570 805 622 824 non
636 802 678 824 est
689 798 841 825 substantia
858 798 886 824 in
902 796 955 824 Deo

175 849 202 870 et
227 843 323 876 Patre,
349 843 397 872 sed
421 843 526 870 nullum
549 850 608 870 esse
629 842 675 869 Dei
695 842 802 870 Patrem
824 841 952 870 ostendit.

174 888 271 916 Nullus
287 893 378 916 autem
402 887 462 915 ideo
485 887 572 922 major
592 892 634 914 est
649 887 774 922 quopiam
788 907 795 919 ,
813 887 885 922 quod
901 886 952 913 Pa-
968 879 989 907 Β

175 937 242 961 trem
257 942 312 961 non
322 934 427 961 habeat.
441 933 508 960 Nam
520 940 607 968 neque
620 932 704 959 Adam
718 937 820 968 patrem
840 932 950 964 habuit,

173 986 260 1014 neque
277 978 348 1012 Eva,
363 983 390 1006 et
406 984 495 1006 tamen
512 982 576 1006 sunt
594 978 673 1006 nobis
688 978 949 1006 consubstantiales.

174 1022 227 1050 Sed
244 1023 381 1059 quomodo
396 1024 469 1051 inter
481 1023 726 1058 philosophandum
741 1023 774 1050 de
788 1031 842 1050 non
859 1024 951 1058 genito

173 1072 200 1096 et
213 1069 306 1104 genito
317 1088 325 1100 ,
339 1069 422 1096 veluti
435 1069 473 1095 tui
489 1069 575 1102 ipsius
587 1068 687 1096 oblitus
698 1068 836 1103 subjecisli
850 1077 856 1095 ε
869 1068 949 1104 427

175 1124 184 1140 ι
200 1113 290 1147 Pater,
318 1115 364 1149 qui
384 1114 460 1141 misit
482 1121 542 1146 me,
568 1114 655 1149 major
674 1122 718 1141 me
738 1115 822 1142 em?»
835 1113 948 1149 Oporte-

171 1160 218 1186 bat
241 1160 313 1187 enim
333 1165 359 1187 te
378 1159 486 1194 potius,
507 1164 538 1186 ut
562 1163 652 1187 tecum
680 1159 738 1194 ipse
762 1161 948 1192 consentires,

171 1204 275 1237 dicere,
288 1203 347 1231 Non
365 1204 489 1239 genitus,
511 1204 557 1240 qui
573 1205 648 1232 misit
662 1213 704 1232 me
714 1225 722 1239 ,
737 1205 825 1240 major
840 1213 883 1233 me
897 1209 949 1233 est.

1010 252 1112 288 μείζων
1128 251 1200 281 κιτά
1222 251 1253 278 τὸ
1268 251 1427 286 ἀγέννητον,
1446 251 1504 277 ἐστι
1526 260 1570 283 τι,
1586 251 1603 286 ἦ
1620 250 1694 277 οὐδέν
1713 252 1786 283 ἐστι,

1009 296 1100 328 καθιὶκ
1115 297 1297 332 προείπομενς
1317 297 1392 330 Ὀρθ.
1407 296 1490 323 Οὐδέν
1504 297 1561 323 ἐστι
1577 295 1671 331 φύσει·
1687 296 1717 323 οὐ
1733 296 1788 332 γὰρ

1009 342 1085 369 οὐσία
1095 341 1177 368 ἐστίν.
1187 342 1219 368 Et
1229 341 1315 368 τοίνυν
1325 342 1395 369 κατὰ
1406 341 1436 368 τὸ
1448 341 1593 377 ἀγέννητόν
1604 342 1662 368 ἐστι
1675 342 1786 377 μείζων,

1008 387 1038 413 τὺ
1055 387 1082 413 δὲ
1098 387 1244 421 ἀγέννητον
1260 387 1335 414 οὐδέν
1347 387 1415 418 ἐστι,
1431 388 1488 413 κατ’
1505 387 1581 413 οὐδέν
1597 387 1654 412 ἐστι
1674 386 1785 421 μείζων.

1014 432 1043 458 '0
1059 432 1086 458 δὲ
1099 432 1128 458 έν
1143 431 1236 467 μηδενὶ
1248 431 1348 467 μείζων
1361 431 1430 458 κατά
1445 432 1533 458 πάντα
1552 431 1617 463 ἴσος.
1630 432 1666 458 Οὐ
1686 431 1740 466 γὰρ
1753 431 1785 466 δὴ

1007 478 1022 503 ὁ
1034 477 1127 513 Πατὴρ
1137 477 1254 504 ἐλάττων
1265 477 1312 504 τοῦ
1325 477 1400 505 Υίοῦ.
1409 478 1502 513 Ἀνόμ.
1511 478 1615 505 Οὐκοῦν
1627 479 1684 505 ἴσον
1697 477 1786 511 λέγεις

1007 523 1037 549 τὸ
1050 523 1194 558 ἀγέννητον
1208 523 1262 558 (i9)
1277 522 1315 558 τῷ
1331 524 1496 558 γεννήματιθ
1517 524 1563 550 καὶ
1578 524 1637 555 πῶς
1659 523 1785 558 ἀληθεύει

1006 569 1020 594 6
1036 568 1136 603 λέγων’
1167 578 1176 594 ι
1200 568 1230 596 '0
1252 569 1346 605 Πατὴρ
1370 570 1384 596 6
1405 569 1516 604 πέμψας
1544 578 1577 605 με
1608 569 1707 605 μείζων
1733 568 1784 604 μού

1006 614 1097 647 ten-tv;
1111 623 1121 639 ι
1149 615 1224 648 Ὀρθ.
1242 615 1279 640 Τὸ
1297 615 1441 650 ἀγέννητον
1464 615 1510 642 ἰπὶ
1531 614 1598 641 Θεοῦ
1615 615 1664 641 καὶ
1680 615 1785 650 Πατρὸς

1006 659 1083 685 οὐσία
1106 660 1155 686 οὐκ
1177 659 1266 691 ἔστιν,
1290 659 1357 686 ἀλλὰ
1377 659 1424 686 τοῦ
1453 661 1490 696 μὴ
1513 661 1622 696 Πατέρα
1646 660 1717 696 ἔχειν
1739 661 1784 687 τὸν

1005 704 1072 731 Θεὸν
1084 704 1241 740 δηλωτικόν.
1259 706 1353 738 Οὐδεὶς
1372 705 1400 732 δὲ
1422 705 1466 732 διὰ
1486 705 1564 732 τοῦτο
1581 705 1680 741 μείζων
1702 706 1783 738 τινος.

1004 750 1050 777 διὰ
1064 751 1094 777 τὸ
1108 751 1217 787 Πατέρα
1233 751 1269 786 μὴ
1290 751 1373 787 ἔχειν.
1391 751 1457 778 Οὐδὲ
1469 751 1523 787 γὰρ
1537 752 1551 778 6
1569 751 1653 786 Ἀδὰμ
1674 751 1780 787 πατέρα

1005 796 1093 832 ἔσχεν,
1110 796 1172 823 οὔτε
1185 797 1201 832 ή
1218 796 1291 824 Εὕα·
1306 797 1364 823 ἀλλ’
1378 797 1454 832 ὅμως
1471 797 1540 823 εἰσὶν
1557 797 1621 832 ἡμῖν
1636 797 1783 832 ὁμοοὺσιοι.

1005 842 1067 874 Πῶς
1081 842 1109 868 δὲ
1119 842 1177 875 καὶ,
1188 843 1252 877 περὶ
1261 843 1408 877 ἀγεννήτου
1424 842 1470 869 καὶ
1480 841 1608 877 γεννητοῦ
1622 841 1782 876 φιλοσοφῶν,

1002 889 1095 924 ὥσπερ
1109 888 1349 924 ἐπιλανθανόμενος
1367 888 1465 915 σαυτοῦ
1481 889 1618 924 ἐπήγαγες
1626 889 1665 915 τοι
1680 889 1709 915 '0
1725 889 1783 915 Πα-

1002 929 1077 969 τῖὴρό
1093 933 1203 969 πέμψας
1219 943 1252 969 με
1271 933 1372 969 μείζων
1386 933 1436 969 μού
1448 935 1540 966 tactv;
1556 943 1565 960 ι
1584 934 1657 960 Ἔδει
1676 934 1728 970 γάρ
1752 942 1783 960 σι

1004 979 1102 1014 μᾶλλον
1125 979 1212 1014 ἐαυτῷ
1234 979 1430 1006 ἀκολουθοῦντα
1445 981 1542 1006 εἰπεῖν·
1564 979 1594 1006 Ὀ
1611 979 1755 1015 ἀγέννητος
1768 979 1784 1004 6

1001 1024 1112 1061 πέμψας
1129 1034 1163 1060 με
1181 1024 1280 1061 μείζων
1304 1024 1355 1060 μού
1369 1026 1452 1052 ἐστιν.
1472 1025 1542 1052 Ἀλλ’
1561 1025 1591 1052 οὺ
1611 1025 1781 1060 γέγραπται·

1001 1070 1045 1096 διὰ
1060 1070 1139 1097 τοῦτο
1153 1071 1183 1097 οὺ
1200 1070 1288 1104 λέγεις
1303 1070 1402 1102 καλῶς.
1421 1080 1430 1097 ι
1443 1070 1488 1105 Μὴ
1503 1070 1612 1106 σοφίζου
1631 1070 1725 1102 πολλὰ,
1738 1069 1782 1096 ἵνα

1002 1115 1039 1150 μὴ
1061 1115 1206 1151 ὲκπλαγῇς.
1227 1125 1237 1141 ι
1261 1116 1299 1142 Οὐ
1318 1116 1371 1152 γὰρ
1387 1114 1413 1142 εἴ
1433 1116 1582 1151 σοφώτερος
1602 1115 1649 1142 τοῦ
1666 1114 1780 1150 Δανιὴλ,

1003 1163 1081 1196 μήτοι
1093 1169 1124 1196 γε
1138 1161 1184 1188 τοῦ
1199 1161 1365 1197 Πνεύματος,
1378 1161 1424 1189 τοῦ
1439 1161 1547 1197 Πατέρα
1559 1161 1608 1196 μὲν
1617 1160 1781 1192 διδάξαντος,

1002 1206 1149 1242 ἀγέννητον
1165 1207 1193 1234 δὲ
1210 1208 1257 1243 μή.

172 1252 224 1279 Sed
237 1252 289 1278 hoc
301 1251 432 1286 scriptum
447 1259 500 1278 non
513 1257 554 1279 εει
564 1271 572 1283 ,
586 1251 702 1287 ideoque
715 1255 788 1280 recte
801 1260 856 1280 non
869 1252 940 1281 dicis
955 1262 961 1280 :
984 1262 993 1279 ι
1005 1253 1065 1281 Noli
1078 1255 1192 1282 multum
1208 1260 1346 1293 argutare,
1359 1255 1502 1291 nequando
1513 1255 1697 1283 consternaris
1718 1255 1740 1270 "
1768 1263 1779 1280 ι

171 1296 263 1332 Neque
276 1297 348 1324 enim
361 1304 390 1324 es
403 1297 552 1332 sapientior
564 1296 692 1331 Daniele,
706 1299 804 1326 nedum
818 1300 877 1335 ipso
889 1299 1007 1336 Spiritu,
1023 1302 1070 1337 qui
1097 1302 1204 1331 Patrem
1236 1303 1346 1338 quidem
1374 1311 1425 1331 nos
1456 1303 1568 1335 docuit,
1586 1310 1640 1330 non
1658 1301 1781 1338 genitum

170 1350 235 1371 Vero
249 1351 429 1378 nequaquam.

205 1390 231 1417 8.
250 1390 343 1416 Anam.
374 1390 409 1416 At
431 1389 455 1417 si
481 1390 551 1418 mole
576 1389 657 1419 Pater
678 1395 721 1419 est
746 1392 844 1427 major,
871 1401 947 1421 com-

170 1436 276 1472 positus
291 1435 372 1463 fuerit
387 1437 444 1471 ipse
459 1444 513 1464 non
530 1437 656 1472 genitus,
682 1440 807 1474 quamvis
834 1440 948 1475 simplex

169 1483 208 1511 sit
220 1489 251 1510 ac
269 1482 359 1518 ligurze
372 1490 468 1517 expers
486 1492 493 1510 :
509 1483 643 1518 siquidem
665 1484 750 1512 moles
777 1489 818 1513 est
842 1493 949 1520 compo-

170 1529 251 1556 situm
269 1533 295 1556 et
310 1528 450 1556 dividuum
466 1528 594 1564 quiddam
612 1537 619 1555 :
637 1530 767 1564 quoniam
787 1530 876 1558 omnis
891 1538 949 1558 mo-

168 1575 209 1604 l‘es
223 1584 254 1603 ex
270 1576 394 1612 partibus
410 1579 527 1609 constat,
543 1579 570 1603 et
586 1576 702 1611 partium
726 1577 949 1612 compositionem
963 1568 984 1597 (ἶ

169 1621 270 1650 habet:
287 1621 358 1656 quod
385 1621 418 1648 de
434 1620 488 1649 Deo
515 1621 604 1648 dicere
623 1621 771 1648 absurdum
793 1626 844 1650 est.
872 1623 948 1650 Orth.

169 1665 225 1693 Deo
239 1665 463 1701 compositionem
489 1669 515 1692 et
534 1665 632 1692 molem
654 1666 774 1694 tribuere
800 1667 949 1695 absurdum

169 1715 221 1741 est,
254 1718 328 1742 vere,
357 1710 480 1744 inquam,
511 1709 668 1736 absurdum.
695 1709 742 1736 Est
761 1714 849 1737 autem
866 1709 950 1738 Filius

172 1763 292 1792 quoque,
307 1755 348 1782 vel
364 1759 391 1782 te
416 1755 515 1787 invito,
534 1754 605 1782 Deus
628 1762 682 1782 non
698 1756 875 1790 compositus,
902 1755 950 1783 sed

169 1803 283 1837 simplex
313 1806 340 1829 et
361 1808 457 1836 expers
472 1800 564 1836 ﬁgura:
579 1810 585 1827 :
603 1806 633 1827 ut
650 1801 798 1828 absurdum
823 1802 858 1828 sit
873 1809 949 1829 com-

169 1848 330 1883 positionem
348 1851 395 1873 aut
411 1846 508 1874 molem
523 1846 575 1880 ipsi
592 1847 751 1874 attribuere.
776 1846 854 1880 Quod
872 1847 894 1874 si
913 1847 949 1874 ita

166 1897 219 1924 est,
239 1892 326 1927 majus
341 1899 405 1919 sane
418 1892 445 1918 in
462 1891 504 1919 his
518 1899 571 1918 non
587 1892 776 1927 comperietur.
795 1892 854 1927 Ipse
873 1901 947 1925 vero,

167 1945 247 1973 quem
266 1937 293 1964 in
310 1936 436 1964 confesso
454 1940 496 1964 est
522 1937 697 1971 simplicitate
716 1941 742 1965 et
758 1945 789 1965 eo
811 1939 882 1973 quod
901 1946 948 1966 ne-

165 1992 219 2019 que
238 1983 405 2018 compositus
422 1986 474 2014 est,
499 1990 586 2017 neque
610 1983 722 2018 ﬁguram
739 1984 830 2015 habet,
847 1983 950 2012 deitate

166 2031 282 2066 denique
303 2029 376 2056 Patri
401 2029 530 2064 aequalem
560 2037 637 2062 esse;
669 2029 798 2064 majorem
817 2030 882 2057 dicit
897 2029 948 2056 Pa-

165 2081 245 2108 trem,
262 2083 294 2104 eo
309 2075 379 2111 quod
395 2076 465 2103 servi
477 2075 590 2102 formam
606 2075 825 2110 assumpserit,et
840 2075 947 2102 Patrem

166 2123 292 2150 honorat.
307 2121 402 2156 itaque
417 2122 495 2148 audis
515 2124 575 2148 cum
592 2121 724 2148 dicentem
740 2130 746 2148 :
765 2131 774 2147 ι
793 2121 947 2150 Ιίοιιοι-ἱίίεο

164 2168 283 2199 Patrem,
302 2172 329 2195 et
343 2175 391 2195 vos
414 2167 597 2195 inhonorastis
611 2174 654 2193 me
665 2166 689 2182 "
705 2177 711 2194 :
732 2176 741 2193 ι
760 2171 787 2194 ct
803 2167 882 2194 Pater
902 2168 947 2195 ho-

164 2219 244 2241 norat
257 2213 365 2246 Filium,
388 2221 468 2248 quem
493 2212 526 2238 ad
541 2212 679 2239 dexteram
695 2219 772 2239 suam
790 2213 944 2245 collocavit,

1034 1391 1061 1420 8.
1087 1393 1184 1427 Ἀνόμ.
1205 1392 1236 1418 Εί
1262 1391 1291 1418 δὲ
1322 1391 1382 1418 κατ’
1413 1392 1493 1426 ὄγκον
1509 1393 1523 1418 6
1549 1391 1643 1428 Πατὴρ
1669 1393 1780 1428 μείζων.

1001 1438 1126 1470 σύνθετος
1145 1438 1219 1464 ἔσται
1234 1438 1248 1464 6
1266 1437 1422 1474 ἁγέννηῖος,
1441 1437 1542 1473 καίπερ
1563 1438 1662 1470 ἁπλοῦς
1675 1438 1712 1465 ὣν
1734 1439 1782 1466 καὶ

1001 1483 1202 1519 ἀσχημάτιστος
1213 1491 1219 1497 ’
1236 1481 1294 1516 εἴγε
1309 1483 1322 1508 6
1337 1482 1416 1516 ὕγκος
1432 1481 1556 1508 σύνθετον
1571 1482 1618 1508 καὶ
1637 1484 1762 1518 μεριστόν
1772 1492 1780 1499 ο

1002 1530 1056 1561 πᾶς
1073 1528 1127 1564 γὰρ
1146 1528 1226 1562 δγκος
1249 1528 1282 1554 ὲκ
1310 1527 1399 1563 μερῶν
1423 1527 1572 1561 σύγκειται,
1588 1528 1632 1554 καὶ
1658 1527 1782 1555 σύνθεσιν

1002 1574 1091 1610 μερῶν
1106 1573 1161 1608 ἔχει
1171 1582 1177 1588 ·
1192 1573 1260 1608 ὅπερ
1276 1573 1321 1598 ἐπὶ
1331 1572 1398 1599 Ε)εοῦ
1414 1572 1486 1606 λέγει
1500 1572 1608 1599 ἄτοπον.
1627 1572 1702 1606 Ὀρθ.
1720 1573 1782 1599 Ἐπὶ

1000 1619 1067 1646 Θεοῦ
1082 1619 1136 1654 (20)
1156 1618 1244 1653 λέγειν
1259 1617 1381 1644 σύνθεσιν
1399 1619 1444 1645 καὶ
1461 1618 1540 1652 δγκον
1554 1618 1661 1650 ἄτοπον,
1675 1618 1781 1652 ἀληθῶς

998 1665 1031 1700 δὴ
1043 1664 1152 1691 ἄτοπον.
1174 1664 1239 1695 Θεὸς
1252 1663 1291 1694 δὲ,
1304 1663 1356 1690 κᾶν
1370 1663 1406 1698 μὴ
1418 1663 1508 1698 Θέλῃς,
1523 1664 1537 1689 6
1551 1663 1624 1694 Υἱὸς,
1637 1662 1781 1695 ἀσύνθετος

999 1711 1045 1737 καὶ
1057 1710 1158 1742 ἁπλοῦς
1173 1710 1219 1736 καὶ
1231 1709 1433 1744 ἀσχημάτιστος
1446 1710 1492 1735 καὶ
1509 1709 1590 1740 αὐτός
1601 1717 1607 1723 -
1622 1709 1668 1735 καὶ
1684 1708 1780 1734 σύνθε-

999 1765 1041 1783 σιν
1055 1756 1142 1790 λέγειν
1161 1757 1207 1782 καὶ
1221 1756 1301 1790 δγκον
1322 1756 1365 1782 ἐπ’
1378 1755 1458 1782 αὐτοῦ
1475 1755 1583 1782 ἄτοπον,
1603 1755 1634 1781 Εἰ
1650 1754 1678 1781 δὲ
1691 1753 1779 1785 τοῦτο.

998 1802 1029 1828 τὺ
1045 1802 1135 1838 μεῖζον
1149 1801 1202 1837 ἀρα
1214 1803 1243 1828 ὲν
1257 1801 1359 1833 τούτοις
1375 1801 1422 1836 οὐχ
1436 1801 1620 1836 εὑρεθήσεται.
1643 1799 1687 1830 Ἐν
1701 1800 1730 1826 δὲ
1742 1800 1781 1835 τῷ

999 1848 1076 1884 ἁπλῷ
1087 1848 1134 1875 καὶ
1146 1847 1282 1883 ἀσυνθέτῳ
1297 1848 1343 1874 καὶ
1363 1846 1556 1882 ἀσχηματίστῳ
1573 1847 1621 1873 καὶ
1644 1845 1707 1881 θείῳ
1723 1846 1780 1877 ἴσος

998 1893 1184 1930 ὁμολογηθεὶς,
1197 1893 1305 1928 μείζονα
1318 1892 1363 1919 τὸν
1376 1891 1483 1927 Πατέρα
1494 1892 1577 1925 λέγει,
1597 1890 1702 1926 μορφὴν
1719 1890 1781 1917 δού-

997 1938 1044 1964 λου
1055 1938 1153 1970 λαὸὼν,
1174 1939 1221 1965 καὶ
1235 1938 1319 1974 τιμῶν
1339 1937 1385 1964 τὸν
1404 1937 1500 1964 ἑαυτοῦ
1522 1937 1640 1972 Πατέρα.
1658 1936 1779 1968 Ἀκούεις

997 1984 1061 2018 γοῦν
1077 1984 1158 2010 αὑτοῦ
1170 1984 1292 2018 λὲγοντος
1302 1991 1308 1998 ⁸
1325 1993 1334 2009 ι
1358 1983 1427 2009 Ἀλλ’
1441 1982 1496 2017 ὲγὼ
1507 1982 1562 2018 (9.1)
1583 1981 1654 2017 τιμῶ
1666 1982 1711 2008 τὸν
1723 1981 1778 2008 Ha.-
1823 2019 1826 2023 '

997 2030 1073 2066 τέρα,
1087 2030 1163 2065 ὑμεῖς
1174 2030 1202 2056 δὲ
1211 2029 1355 2065 ἀτιμάζετὲ
1374 2037 1422 2065 με·
1444 2038 1453 2054 ι
1478 2030 1534 2059 καὶ,
1554 2029 1582 2055 '0
1599 2028 1692 2062 Πατὴρ
1711 2028 1779 2062 τιμᾷ

997 2076 1042 2103 τὸν
1053 2077 1125 2107 Υίδν,
1137 2076 1250 2108 καθίσας
1263 2076 1342 2103 αὐτὸν
1353 2076 1385 2102 ὲκ
1399 2066 1502 2108 δεξιῶν,
1515 2074 1561 2102 καὶ
1578 2074 1680 2104 πάντας
1690 2072 1777 2099 ἒλκων

997 2123 1066 2159 πρὸς
1081 2123 1177 2151 αὐτόν..
1189 2123 1267 2157 Λέγει
1277 2122 1329 2159 γὰρ
1345 2123 1424 2155 αὐτὸς
1438 2123 1452 2149 6
1464 2123 1544 2153 Υἱόςο
1565 2131 1573 2147 ι
1590 2120 1683 2150 Οὐδεὶς
1700 2119 1777 2155 ἔρχε-

997 2177 1042 2195 ται
1056 2169 1122 2204 πρὸς
1141 2169 1185 2203 μὲ,
1199 2168 1245 2195 ἐὰν
1265 2169 1326 2204 μὴὸ
1339 2168 1433 2204 Πατὴρ
1445 2169 1459 2194 6
1471 2167 1593 2203 οὐράνιος
1608 2165 1708 2202 ἑλκύσῃ
1727 2165 1777 2192 αὐ-

997 2215 1044 2241 τὸν
1059 2215 1127 2250 πρὸς
1143 2215 1189 2250 μέ.
1211 2224 1220 2240 ι

165 2267 191 2289 et
208 2261 240 2287 ad
253 2268 332 2296 quem
348 2267 441 2288 omnes
452 2260 545 2286 trahit.
570 2259 639 2287 Dicit
652 2260 724 2287 enim
739 2259 824 2288 Filius
843 2269 849 2287 :
872 2269 881 2285 ι
897 2260 981 2289 Nemo
999 2263 1073 2290 venit
1088 2262 1122 2290 ad
1155 2270 1208 2296 me,
1230 2262 1283 2290 nisi
1311 2261 1391 2290 Pater
1415 2270 1493 2291 meus
1523 2262 1637 2290 traxerit
1653 2268 1716 2290 eum
1741 2259 1776 2286 ad

165 2307 249 2335 me”.
267 2316 276 2333 ι

197 2355 224 2384 9.
242 2355 336 2382 Anam.
354 2353 496 2386 Prmterca,
519 2354 542 2381 si
556 2360 609 2381 non
626 2354 744 2389 genitum
770 2358 812 2382 est
828 2353 941 2391 aliquid,

1028 2353 1055 2380 9.
1082 2352 1180 2387 Ἀνόμ.
1199 2351 1303 2383 una);
1321 2351 1360 2382 δὲ,
1379 2351 1404 2377 εί
1420 2351 1476 2378 ἔστι
1492 2359 1519 2377 τι
1539 2350 1569 2377 τὺ
1586 2351 1741 2386 ἀγέννητον,
1756 2351 1774 2386 ἢ

165 2401 216 2429 hoc
231 2401 271 2428 vel
288 2404 329 2427 est
345 2404 428 2427 totum
445 2399 486 2427 vel
500 2406 563 2434 pars
580 2408 586 2425 :
603 2399 626 2426 si
641 2406 704 2433 pars
727 2403 778 2431 est,
797 2398 867 2427 Deus
891 2399 943 2426 crit

163 2447 215 2475 sibi
229 2447 281 2482 ipsi
309 2446 466 2479 dissimilis;
492 2445 625 2480 siquidem
653 2453 707 2472 una
732 2445 791 2480 ejus
817 2453 880 2481 pars
902 2440 967 2474 est'

163 2501 217 2520 non
231 2492 334 2527 genita,
348 2492 433 2518 altera
446 2499 511 2518 vero
522 2491 623 2526 genita.
645 2491 680 2518 At
695 2491 716 2518 si
730 2495 786 2518 tota
803 2491 863 2525 ejus
893 2499 943 2518 na-

162 2542 223 2566 tura
237 2542 278 2566 est
293 2545 346 2565 non
362 2537 464 2573 genita,
482 2541 510 2564 et
537 2536 616 2564 Pater
641 2537 752 2564 omnino
772 2537 868 2572 major,
884 2541 940 2564 sta-

161 2585 256 2611 timeo
283 2583 378 2611 recidit
391 2591 446 2614 res,
466 2587 495 2609 ut
508 2583 619 2610 alterius
641 2590 673 2610 ac
687 2583 803 2610 diversa:
823 2583 858 2610 sit
878 2583 942 2610 sub-

162 2630 277 2657 stantiae.
297 2628 375 2661 Nam,
394 2629 416 2656 si
432 2631 488 2656 tota
504 2628 594 2656 Patris
603 2628 756 2656 substantia
768 2631 811 2655 est
826 2635 881 2656 non
895 2635 941 2663 ge-

995 2398 1054 2426 ὅλον
1071 2398 1128 2424 ἐστὶ
1142 2396 1220 2423 τοῦτο
1241 2396 1258 2431 ἢ
1281 2396 1377 2432 μέρος⁸
1400 2395 1456 2422 ἀλλ’
1476 2395 1501 2422 εί
1518 2395 1566 2430 μὲν
1583 2396 1676 2431 μέρος,
1694 2396 1774 2423 πάλιν

994 2443 1091 2472 ἑαυτοῦ
1115 2445 1187 2470 ἐστιν
1213 2443 1353 2478 ἀνόμοιος·
1384 2443 1440 2476 εἴγε
1463 2442 1493 2468 τὸ
1517 2442 1564 2477 μὲν
1580 2442 1660 2477 μέρος
1692 2441 1773 2469 αὑτοῦ

994 2490 1148 2526 ἀγέννητον,
1165 2489 1196 2516 τδ
1210 2489 1239 2515 δὲ
1256 2488 1319 2515 ἄλλο
1333 2489 1381 2524 μή.
1397 2488 1428 2514 El
1443 2488 1471 2515 δὲ
1493 2487 1540 2523 ὅλη
1564 2489 1580 2523 ή
1601 2488 1681 2522 φύσις
1696 2487 1774 2522 ἀγέν-

993 2545 1082 2571 νητος,
1100 2535 1212 2562 καθόλου
1228 2534 1256 2561 δὲ
1280 2534 1378 2569 μείζων
1394 2535 1408 2561 6
1433 2533 1536 2569 Πατὴρ,
1561 2533 1642 2565 εὐθὺς
1664 2534 1710 2560 ἐπὶ
1725 2533 1775 2569 τὴν

993 2582 1171 2618 παραλλαγὴν
1183 2581 1232 2617 τῆς
1245 2580 1338 2612 οὐσίας
1348 2580 1417 2612 ὅλως
1429 2580 1566 2607 ἐκπίπτει.
1581 2579 1612 2606 Et
1627 2579 1680 2615 γὰρ
1697 2580 1714 2614 ἡ
1730 2579 1775 2606 οὺ-

994 2627 1039 2654 σία
1056 2627 1103 2662 ὃλη
1119 2627 1274 2662 ἀγέννητος,
1288 2626 1335 2653 καὶ
1351 2625 1427 2653 οὐδὲν
1441 2626 1483 2652 ἐπ’
1498 2625 1565 2661 αὐτῇ
1583 2625 1667 2661 μέρος
1677 2633 1774 2660 γεννη-

195 2707 219 2723 ⁸⁹
238 2707 304 2735 Luc.
321 2716 358 2741 ιι,
376 2707 420 2734 51.
457 2707 480 2723 ¹⁰
498 2705 576 2734 Joan.
592 2714 648 2738 xw,
665 2705 709 2733 28.
746 2705 769 2722 “
789 2705 878 2733 Eecle.
896 2713 949 2738 vn,

1002 2724 1011 2731 .
1047 2704 1069 2721 "
1089 2703 1167 2732 Joan.
1186 2711 1250 2737 vlli,
1267 2703 1312 2731 λθ.
1351 2702 1374 2719 ⁵⁸
1392 2701 1471 2730 Joan.
1488 2710 1526 2735 Vl,
1553 2701 1598 2729 44.

189 2785 253 2827 ,(18)
272 2785 328 2830 Pal.
358 2784 428 2812 Ἀλλ’
444 2785 468 2812 εἰ
494 2784 584 2818 φύσει.
612 2783 679 2820 Reg.
704 2787 734 2812 et
751 2782 840 2813 Felck.
862 2782 941 2810 Ἀλλά

162 2829 253 2856 φυσιν.

199 2856 253 2892 (l9)
268 2854 332 2883 Mss.
345 2854 389 2882 τὸν
404 2853 542 2890 γεννητόν.

1012 2817 1019 2823 _
1029 2781 1084 2823 (ευ)
1100 2780 1158 2823 ΡΞιι.
1172 2781 1204 2807 Et
1220 2779 1266 2806 ἐπὶ
1279 2779 1355 2806 Θεοῦ.
1377 2778 1438 2806 Mox
1451 2777 1542 2806 Felck.
1555 2781 1582 2806 et
1595 2776 1661 2806 edit.
1676 2775 1771 2811 Steph.

994 2816 1185 2887 ἀλξλέὶίῖςρδξιᾉι.
1205 2849 1344 2885 λέγοντος·
1369 2847 1430 2876 Ἐὰν
1445 2847 1498 2883 ὲγώ
